4234 6316
370 285 3776 348 Ἦ

998 517 1626 608 EDI'I‘ORUM
1687 514 2455 606 PATROLOGIZE
2512 511 3136 603 PR/EFATIO.

443 984 498 1042 A
545 977 812 1060 pueritia
861 975 925 1034 in
972 972 1195 1034 litteris
1243 969 1437 1032 sacris
1487 973 1549 1029 et
1605 966 1886 1047 profanis
1941 966 2261 1028 institutus
2321 967 2768 1028 Constantinus
2822 967 3484 1046 Porphyrogennetus,
3549 967 3775 1027 Leonis

365 1078 680 1158 Sapientis
737 1075 904 1135 filius
959 1078 1022 1133 et
1075 1072 1410 1141 alumnus,
1445 1067 1630 1146 plura
1685 1084 1874 1145 quam
1930 1072 2111 1146 pater
2169 1065 2366 1126 edidit
2420 1066 2759 1137 volumina,
2823 1064 3052 1144 quibus
3107 1084 3356 1126 summa
3421 1065 3559 1143 ejus
3628 1084 3769 1126 eru-

360 1178 515 1238 ditio
575 1182 637 1238 et
694 1175 918 1253 ingens
971 1171 1326 1231 litterarum
1405 1185 1585 1228 amor
1662 1165 1923 1226 miriﬁce
1998 1166 2381 1226 elucescunt.
2441 1163 2642 1243 Major
2705 1170 2919 1225 tamen
2995 1165 3371 1244 scriptorum
3430 1163 3568 1242 ejus
3627 1183 3772 1244 pars

364 1278 534 1338 circa
603 1276 975 1354 argumenta
1043 1269 1312 1349 profana
1387 1273 1711 1339 versatur;
1791 1265 1995 1325 minor
2079 1283 2225 1344 pars
2309 1270 2684 1343 argumenta
2766 1263 3002 1324 ordinis
3087 1265 3345 1325 moralis
3428 1264 3528 1325 vel
3610 1264 3771 1325 sacri

370 1380 617 1436 tractat.

447 1471 680 1532 Odaria
734 1466 1115 1535 catannctia,
1177 1484 1317 1543 quae
1372 1463 1438 1523 in
1494 1481 1678 1522 usum
1727 1460 2019 1523 Ecclesiae
2073 1463 2443 1540 composuit,
2496 1461 2632 1541 jam
2684 1461 2993 1523 edidimus
3051 1480 3194 1522 cum
3269 1461 3518 1541 scriptis
3593 1460 3768 1522 litur-

363 1568 517 1646 gicis
550 1566 747 1647 patris
777 1564 936 1644 ejus,
969 1560 1340 1639 Patrologiae
1366 1565 1540 1619 tomo
1570 1560 1750 1629 CVII,
1785 1577 1930 1636 pag.
1965 1557 2102 1619 299.

448 1665 790 1726 Homiliam
849 1663 925 1723 de
983 1658 1393 1721 translatione
1451 1657 1861 1734 reliquiarum
1922 1657 2122 1716 sancti
2173 1657 2434 1717 Joannis
2489 1657 2939 1736 Chrysostomi,
2999 1675 3189 1736 quam
3249 1662 3494 1718 exstare
3551 1656 3772 1717 asserit

363 1764 652 1836 Allatius,
689 1762 778 1823 De
807 1760 1166 1841 Symeonum
1195 1754 1463 1834 scriptis,
1497 1774 1560 1833 p.
1596 1757 1733 1832 111,
1767 1773 1898 1830 pra:
1935 1753 2225 1814 manibus
2255 1773 2380 1814 non
2413 1754 2742 1815 habemus.

448 1863 765 1923 Habemus
822 1864 1032 1919 autem
1091 1854 1418 1916 homiliam
1480 1852 1616 1931 ejus
1683 1852 1771 1913 De
1845 1849 2228 1912 translatione
2283 1854 2570 1930 imaginis
2625 1851 2962 1930 Edessena,
3020 1872 3058 1913 a
3113 1853 3484 1914 Combeﬁsio
3539 1853 3771 1914 editam

364 1960 431 2021 in
490 1959 730 2038 Manip.
791 1975 990 2017 rerum
1050 1952 1504 2031 Constantinop.
1567 1952 1745 2010 Hanc
1803 1967 1841 2009 a
1895 1948 2302 2010 Constantino
2358 1948 2960 2027 Porphyrogenneto
3019 1949 3314 2028 scriptam
3361 1949 3548 2010 fuisse
3596 1949 3774 2010 dubi-

374 2062 588 2119 tarunt
643 2052 954 2123 nonnulli,
1014 2049 1124 2129 qui
1181 2067 1318 2109 eam
1378 2049 1485 2107 uni
1536 2066 1614 2108 ex
1683 2045 2146 2107 successoribus
2201 2046 2593 2108 Constantini
2659 2047 3056 2108 tribuendam
3119 2067 3252 2109 esse
3309 2048 3767 2108 existimarunt.

363 2159 440 2215 At
498 2168 854 2233 perperam.
915 2151 1005 2208 Ex
1063 2145 1330 2206 historia
1394 2144 1559 2205 enim
1637 2142 2333 2222 Constantinopolitana
2408 2148 2651 2204 constat
2727 2144 3067 2220 imaginem
3146 2145 3524 2206 Edessenam
3603 2164 3768 2206 anno

367 2250 621 2311 Domini
676 2250 795 2307 944
848 2241 1454 2321 Constantinopolim
1531 2241 1722 2301 fuisse
1795 2240 2194 2309 translatam,
2255 2246 2318 2296 et
2366 2239 2693 2297 homiliam
2753 2241 2873 2297 hac
2939 2241 3260 2300 occasione
3316 2243 3640 2301 recitatam
3689 2243 3768 2302 ab

357 2351 744 2428 imperatore
819 2346 933 2405 CP.
1019 2343 1209 2402 fuisse
1293 2339 1729 2419 compositam.
1815 2341 2015 2398 Porro
2097 2353 2264 2397 anno
2349 2339 2465 2396 944
2545 2337 2756 2397 nullus
2839 2338 3181 2416 imperator
3258 2340 3374 2400 CP.
3463 2340 3769 2417 regnabat

362 2453 597 2530 praeter
625 2441 1098 2506 Constantinum
1128 2457 1142 2512 ;
1175 2439 1306 2518 ipse
1335 2437 1548 2515 igitur,
1581 2441 1642 2496 et
1671 2453 1795 2496 non
1825 2433 2008 2508 alius,
2043 2433 2233 2512 hujus
2262 2433 2540 2495 homiliae
2571 2440 2792 2496 auctor
2823 2435 3150 2498 habendus
3180 2444 3292 2498 est.

445 2540 706 2603 Novella
765 2536 1226 2602 Constitutiones
1283 2532 1694 2604 Constantini,
1746 2531 1873 2591 fere
1940 2547 2180 2600 omnes,
2255 2530 2610 2608 argumenti
2685 2531 2847 2591 sacri
2920 2550 3028 2591 seu
3104 2533 3504 2594 ecclesiastici
3578 2540 3766 2607 sunt;

368 2659 444 2701 ac
501 2637 762 2719 proinde
818 2636 919 2696 hic
976 2631 1332 2712 repetendae
1389 2632 1665 2692 fuerunt.
1724 2629 1938 2689 Prima
1997 2633 2256 2688 vocatur
2311 2647 2349 2688 a
2404 2628 2635 2688 Graecis
2716 2627 2932 2688 Tomzis
3003 2629 3274 2708 Uniom's,
3354 2632 3500 2709 quia
3577 2633 3761 2690 ﬁnem

361 2735 663 2816 imposuit
743 2732 1069 2794 schismati
1141 2729 1207 2788 in
1281 2729 1449 2788 clero
1524 2726 1814 2788 orientali
1885 2731 2104 2786 exorto
2181 2724 2263 2785 ob
2337 2731 2595 2803 quartas
2677 2727 2928 2804 nuptias
2997 2727 3222 2787 Leonis
3301 2728 3636 2806 Sapientis.
3698 2731 3766 2787 ln

357 2853 547 2915 opere
604 2833 692 2893 De
745 2830 1082 2892 cerimoniis
1137 2826 1288 2887 aulae
1341 2825 1712 2905 Byzantines,
1771 2823 1882 2884 lib.
1935 2841 1980 2896 ι,
2042 2823 2246 2900 capite
2301 2824 2399 2894 36,
2463 2823 2756 2900 leguntur
2831 2823 3211 2884 Obseruantia
3281 2824 3342 2883 in
3397 2824 3768 2903 processione

351 2933 590 2993 unionis
647 2929 951 3001 Ecclesiae,
1007 2946 1107 2986 seu
1161 2923 1406 3004 quando
1489 2925 1699 2982 Tomus
1752 2921 1991 2980 unionis
2048 2918 2337 2980 Ecclesia
2387 2921 2777 3000 praelegitur;
2837 2939 2913 2981 ex
2979 2922 3207 3001 quibus
3264 2923 3558 3001 colligere
3623 2923 3767 2984 licet

357 3031 583 3092 fest'um
617 3025 1113 3089 anniversarium
1142 3021 1312 3081 illius
1343 3019 1590 3080 unionis
1620 3019 1769 3079 olim
1803 3021 1921 3080 CP.
1955 3017 2144 3078 fuisse
2175 3017 2582 3079 celebratum.

436 3132 609 3209 Opus
674 3127 795 3186 hoc
852 3127 943 3184 De
999 3120 1340 3184 cerimoniis
1389 3117 1543 3179 aulae
1599 3116 1726 3180 ΟΡ.
1787 3117 1986 3176 multo
2046 3135 2119 3176 ex
2177 3117 2380 3195 capite
2437 3117 2518 3176 ad
2585 3115 3025 3178 elucidandam
3092 3117 3418 3178 historiam
3472 3118 3765 3180 ecclesia-

354 3227 575 3288 sticam
638 3222 1008 3286 orientalem
1065 3226 1126 3280 et
1185 3223 1414 3279 statum
1472 3215 1768 3277 Ecclesiae
1825 3214 2072 3275 civilem
2130 3214 2194 3274 in
2255 3215 2506 3275 Oriente
2565 3215 2847 3276 inservit.
2912 3218 3172 3277 Constat
3245 3217 3411 3276 enim
3485 3217 3763 3294 antiquis

356 3333 416 3386 et
472 3323 648 3385 novis
705 3318 1120 3391 documentis,
1199 3316 1530 3393 diligenter
1605 3312 1906 3382 collectis,
1983 3312 2210 3390 quibus
2278 3313 2722 3373 descrinuntur
2794 3314 3118 3392 utriusque
3191 3315 3521 3393 potestatis
3588 3316 3760 3394 jura,

353 3424 558 3484 ofﬁcia
610 3428 672 3482 et
723 3438 1005 3480 munera.
1067 3419 1158 3477 Ex
1211 3434 1285 3477 eo
1343 3419 1608 3494 apparet
1678 3411 2099 3491 patriarcham
2151 3414 2266 3474 CP.
2329 3413 2607 3492 primum
2675 3419 2816 3492 post
2867 3413 3314 3493 imperatorem
3396 3415 3606 3476 locum
3687 3415 3752 3475 in

359 3528 489 3583 toto
548 3520 810 3598 imperio
867 3532 1246 3594 occupasse;
1307 3533 1379 3575 ac
1438 3531 1603 3593 saepe
1661 3511 1890 3590 saepius
1965 3529 2064 3571 res
2129 3510 2341 3572 civiles
2391 3512 2887 3590 administrasse,
2949 3531 3074 3572 non
3131 3530 3308 3572 secus
3364 3531 3435 3572 ac
3488 3513 3760 3590 impera-

359 3627 457 3681 tor
504 3638 602 3679 res
668 3615 1120 3677 ecclesiasticas
1184 3612 1498 3672 moderari
1569 3610 1864 3670 audebat.
1940 3609 2008 3669 In
2069 3609 2283 3670 multis
2357 3609 2700 3688 imperator
2756 3629 2843 3687 se,
2904 3615 2973 3669 ut
3043 3610 3207 3670 ﬁlius
3280 3610 3572 3671 Ecclesiae
3643 3611 3757 3670 ob-

363 3715 898 3797 sequentissimus,
961 3711 1319 3772 auctoritati
1376 3707 1750 3787 patriarcha
1807 3705 2228 3782 subjiciebat;
2293 3706 2402 3764 sed
2463 3707 2697 3782 pariter
2754 3707 3113 3778 patriarcha
3168 3707 3287 3760 ΟΡ.
3352 3713 3418 3761 ut
3475 3706 3761 3764 subditus

366 3813 763 3896 imperatoris
817 3809 1255 3870 devotissimus
1331 3823 1464 3863 sese
1527 3819 1744 3878 gerere
1815 3801 2078 3858 solebat.
2141 3799 2209 3856 In
2263 3797 2529 3874 publicis
2585 3803 2793 3858 tamen
2851 3799 3011 3858 aulae
3067 3799 3420 3861 cerimoniis
3475 3801 3756 3880 ejusdem

370 3894 493 3974 fere
525 3905 919 3971 auctoritatis
949 3909 1010 3964 et
1031 3899 1352 3979 dignitatis
1383 3915 1515 3958 esse
1548 3894 1942 3957 videbantur.

449 4017 746 4072 Attamen
799 4008 1114 4066 Romanus
1157 3999 1466 4069 Pontifex,
1518 3996 1629 4056 illa
1683 3993 1890 4054 adhuc
1941 3997 2147 4066 aetate,
2200 4011 2426 4073 nempe
2476 4000 2618 4072 post
2669 3995 2944 4056 schisma
2990 3995 3395 4069 Photianum,
3433 4003 3500 4057 ut
3530 3997 3771 4076 primus

371 4107 731 4190 patriarcha
788 4110 850 4164 et
907 4107 1097 4180 caput
1157 4098 1346 4160 totius
1402 4093 1696 4157 Ecclesia:
1745 4091 2158 4152 tractabatur.
2193 4092 2332 4171 Ipse
2385 4093 2555 4153 solus
2611 4092 2690 4154 ab
2747 4093 3129 4174 imperatore
3190 4094 3377 4154 Pater
3430 4098 3770 4176 spiritualis

369 4208 564 4288 ipsius
645 4201 1102 4282 appellabatur,
1167 4216 1292 4275 quo
1375 4193 1626 4254 nomine
1709 4191 1919 4250 nullus
1991 4190 2354 4268 patriarcha
2427 4195 2658 4269 praeter
2712 4191 2920 4270 ipsum
2997 4192 3344 4268 colebatur,
3421 4199 3490 4253 ut
3560 4195 3771 4256 videre

370 4287 464 4366 eisi.
515 4304 581 4364 in
646 4298 935 4362 formulis
1005 4293 1315 4356 scribendi
1387 4291 1466 4350 ad
1543 4287 1958 4368 patriarchas,
2035 4288 2264 4366 quibus
2343 4289 2680 4349 utebantur
2752 4289 3166 4369 imperatores
3240 4292 3771 4372 Constantinopo-

369 4401 569 4470 litani,
603 4405 665 4459 et
694 4415 852 4476 quas
899 4391 1344 4456 Constantinus
1397 4386 2038 4466 Porphyrogennetus
2096 4385 2351 4464 collegit
2404 4385 2470 4445 in
2526 4404 2715 4465 opere
2769 4387 2860 4448 De
2917 4389 3261 4448 ceremoniis
3315 4389 3470 4450 aula
3523 4390 3774 4471 Byzan-

370 4501 528 4572 tina,
561 4496 670 4556 lib.
704 4513 771 4567 ιι,
811 4511 950 4572 cap.
985 4493 1086 4551 48.

451 4596 690 4658 Ibidem
750 4590 1192 4652 describuntur
1246 4603 1372 4645 non
1449 4587 1694 4643 tantum
1771 4580 2128 4641 cerimonias
2206 4581 2270 4641 in
2347 4586 2672 4661 posterum
2759 4582 3160 4657 adhibendae,
3235 4585 3343 4644 sed
3423 4585 3611 4646 etiam
3686 4605 3775 4646 ea,

371 4713 511 4774 quas
569 4690 910 4771 aliquando
969 4685 1267 4746 adhibitae
1341 4683 1618 4756 fuerunt,
1675 4679 1924 4757 quando
1983 4679 2296 4758 principes
2348 4678 2629 4740 extranei
2675 4679 2989 4741 civitatem
3047 4683 3164 4742 CP.
3225 4681 3582 4745 visitarunt.
3646 4685 3764 4762 Ita,

370 4791 643 4870 exempli
673 4788 899 4868 gratia,
934 4785 1206 4863 legimus
1251 4779 1482 4842 ibidem
1545 4777 1774 4856 quibus
1829 4776 2050 4836 ritibus
2107 4783 2359 4855 recepta
2415 4785 2508 4838 est
2566 4777 2646 4838 ab
2701 4777 3082 4858 imperatore
3139 4779 3547 4841 celeberrima
3609 4783 3769 4841 Rus-

370 4891 480 4951 siaa
537 4886 908 4968 principissa
965 4883 1144 4961 Olga,
1201 4897 1342 4958 quae
1397 4876 1575 4936 initio
1635 4873 2554 4954 saeculixConstantinopolim
2611 4877 2800 4954 venit,
2861 4882 2923 4938 et
2978 4875 3170 4956 paulo
3229 4883 3373 4954 post
3427 4881 3766 4939 Russorum

371 4985 844 5048 conversionem
869 4981 950 5042 ad
980 4980 1168 5040 ﬁdem
1199 4975 1618 5038 Christianam
1652 4973 2053 5051 praeparavit.

453 5082 844 5145 Constant'ni
916 5073 1491 5159 porphyrogenneti
1556 5072 1732 5150 jussu
1810 5071 2227 5150 compositum
2304 5076 2398 5131 est
2481 5071 2668 5131 etiam
2767 5068 3228 5151 Compendium
3333 5071 3548 5150 legum
3630 5066 3786 5130 civi-

371 5183 527 5243 lium
613 5187 676 5242 et
740 5177 1327 5246 ecclesiasticarum,
1397 5189 1475 5232 ex
1558 5188 1683 5248 quo
1762 5167 1908 5246 jura
1991 5167 2288 5230 Ecclesiae
2374 5171 2436 5226 et
2517 5169 2647 5226 fata
2754 5166 2890 5244 ejus
2972 5167 3042 5226 in
3122 5163 3403 5235 Imperio
3490 5159 3804 5222 Orientali

371 5282 863 5356 cognoscuntur.

454 5337 688 5436 Easter
755 5374 964 5435 Vitam
1035 5371 1229 5452 patris
1298 5367 1394 5429 sui
1472 5364 1698 5426 Leonis
1781 5367 1842 5422 et
1923 5364 2023 5424 avi
2106 5362 2203 5422 sui
2287 5359 2499 5419 Basilii
2562 5357 2947 5434 Macedonis,
3023 5346 3496 5452 Constantinus
3575 5337 3836 5452 εξῖῖιδειὶι

372 5473 715 5534 Historiam
761 5425 1070 5532 vetem“:
1100 5483 1464 5547 regnorum,
1531 5460 1630 5521 vel
1683 5458 1889 5536 potius
1962 5459 2221 5535 collegit
2293 5457 2608 5526 Excerpta
2680 5448 2984 5509 historica
3056 5432 3461 5547 scriptorum
3540 5434 3843 5547 an‘wt‘uo‘:

381 5507 715 5534 [ιιθιυιιαω
770 5507 1041 5532 νῠιῠιυιιι
1102 5507 1464 5547 ιῠὸιιυιυιιιν
1544 5507 1630 5521 vv-
1685 5507 1889 5536 rv'AuU
1964 5507 2047 5520 vv.

375 5590 514 5634 rum
570 5589 839 5650 quorum
896 5569 1214 5650 specimen
1271 5562 1529 5626 exhibet
1583 5562 1658 5618 D.
1719 5557 1900 5615 Card.
1963 5565 2036 5616 A.

2211 5554 2232 5610 i
2290 5550 2354 5608 in
2415 5549 2796 5622 Scriptorum
2854 5540 3140 5602 veteram
3195 5531 3329 5569 "°”°
3397 5528 3653 5600 σοιίεθί·
3695 5507 3741 5556 ὶ⁶
3785 5529 3880 5610 η)

2377 5642 2389 5650 .
2450 5647 2458 5650 .
2732 5632 2784 5650 ,1,
2942 5620 3219 5650 n-AAI‘IH“
3279 5621 3502 5650 nnnn-
3601 5595 3879 5650 αὶὶβῧὲἀὶ

375 5595 514 5634 Tum
570 5595 839 5650 quorum
896 5595 1214 5650 specuum:
1271 5595 1529 5626 cautum.
1586 5595 1658 5618 υ.
1721 5595 1900 5615 υαιυ.
1963 5595 2036 5616 η.

375 5685 528 5750 pag.
577 5685 619 5742 ι,
679 5673 741 5730 et
813 5669 876 5728 in
932 5668 1137 5748 praet,
1199 5675 1469 5743 quasque
1526 5652 1800 5735 plurima
1855 5653 2047 5727 fragm

2276 5595 2654 5716 scriptoriim
2721 5620 3219 5704 deperditot‘um
3279 5621 3530 5698 nung
3601 5595 3901 5665 succedi,

3479 5721 3511 5750 ι

698 5721 972 5836 Parnm:
1021 5721 1137 5836 GR:
1179 5721 1334 5832 6X11
1354 5721 1386 5828 ,ι
1530 5721 1549 5735 ⁸

1958 5721 1987 5727 ⁷
3479 5721 3525 5773 1

1559 6059 1577 6079 ι
1611 6032 1921 6098 }<’L.7!‘1":".’.
1955 6029 1987 6074 ‘9-
2027 6021 2106 6115 4

1576 6111 1584 6115 Α
1657 6082 1998 6115 θῗη.ἒο.λυι

1765 6082 2015 6133 ίᾶκλλλ
