4234 6316
434 316 508 376 15
1716 289 1931 352 JOAN.
1982 287 2153 348 ALB.
2203 283 2547 345 FABRICII
3766 270 3842 330 16

505 446 558 501 4.
608 439 843 499 Novella:
886 430 1319 492 Constitutiones
1365 426 1509 492 XIII,
1550 438 1683 480 cum
1737 422 2000 478 versione
2048 423 2105 475 et
2151 414 2635 488 castigationibus
2677 416 2765 469 Jo.
2811 409 3144 468 Leunclavii
3177 424 3244 466 ex
3300 409 3427 479 ejus
3462 408 3593 464 Iure
3628 403 3846 501 Graea-

433 491 867 596 ηοῖιὶαὲιὲξὶὸὲὲι.
904 525 946 592 Ι,
978 521 1081 577 lib.
1114 536 1175 585 ιι,
1210 532 1343 590 pag.
1377 514 1480 570 103
1498 491 1623 584 isq.,
1656 515 1714 567 et
1740 515 1861 567 tom
1894 510 1965 577 ΙΙ,
1996 508 2058 563 in
2077 506 2226 563 libro
2257 503 2647 570 Novellarum,
2697 518 2828 573 pag.
2872 500 2976 557 139
3025 514 3147 570 seq.
3194 497 3455 596 Francpf.
3498 496 3659 561 1596,
3693 491 3836 557 fol,:

435 584 502 681 1..
513 584 945 679 Be’alienatione'
957 584 1466 684 fundorum,cujus
1488 599 1944 666 constitutionis,
1963 597 2219 653 Cedreno
2241 595 2416 651 etiam
2440 595 2788 658 memoratas,
2813 592 2928 646 duo
2948 588 3236 659 exempla,
3262 585 3564 659 paululum
3585 584 3835 645 diversa,

434 674 715 771 nuncium
755 674 995 779 synopsi
1038 700 1188 770 ejus,
1221 713 1254 751 a
1302 674 1476 750 Mich.
1526 689 1806 747 Attaliata
1853 686 2200 758 composita,
2251 683 2609 739 afferuntur:
2640 684 2695 737 2.
2754 684 2833 735 De
2879 678 3214 749 potentibus,
3264 678 3325 730 in
3366 674 3582 748 praedia
3621 685 3838 768 pauper

432 757 560 863 inim
583 757 1142 873 Ebﬂuc‘cedentibu's;
1264 787 1333 841 De
1364 783 1670 850 militibus;
1704 781 1756 834 4.
1784 779 2241 873 I)e_restitutione
2266 776 2448 873 pretii
2471 774 2820 873 militari-uni
2836 770 3217 869 praediorum;
3249 768 3304 822 5.
3335 768 3412 868 Pe
3448 774 3581 869 (uga
3627 757 3843 873 manci-

432 846 674 967 piorum,
704 885 997 956 hujusque
1029 876 1262 935 novellae
1294 876 1707 945 argumentum
1736 870 1830 937 -,6.
1862 869 1938 924 De
1968 882 2076 923 non
2106 846 2400 921 deserendo
2427 861 2634 931 iudicio
2664 860 2735 916 ab
2773 861 2847 916 iis
2877 858 2974 931 qui
3019 857 3292 914 actionem
3323 857 3648 921 instituunt,
3688 854 3748 905 et
3777 846 3845 903 de

1215 964 1229 967 _
1536 960 1551 967 -
1685 963 1694 967 _
1746 957 1782 967 ρ,
1841 960 1876 967 _
2152 952 2163 967 ι
2193 952 2203 964 ι
2268 952 2308 967 ιο
2458 952 2470 965 ο
2515 951 2599 967 -ιη
2637 947 2779 967 4,3131
2818 949 3050 967 _A-:,.-___
3076 946 3297 967 J-L-_...
3321 964 3331 967 ,
3365 946 3397 967 ο
3459 946 3526 967 n-
3560 941 3823 967 -,-,μι-.1.⁸-

434 941 747 1050 ad
777 941 883 1029 tres
902 941 1118 1025 menses
1145 964 1231 1021 vel
1257 941 1471 1017 annum
1494 960 1715 1014 absunt.
1746 957 1802 1011 7.
1833 960 1912 1011 De
1943 970 2002 1011 eo
2024 952 2165 1025 quod
2174 952 2396 1023 judice:
2418 951 2605 1006 civiles
2635 947 2779 1003 nihil
2809 949 3050 1018 accipere
3067 946 3334 1014 debeant;
3363 946 3420 1000 8.
3455 946 3526 1002 De
3553 941 3847 1014 sportulis,

597 1061 1010 1135 ὶκταγιατικῶν.
1041 1055 1097 1108 9.
1130 1054 1204 1109 De
1230 1046 1736 1106 consuetudinibus.
1771 1044 1856 1100 10.
1888 1045 1963 1099 De
1991 1048 2109 1098 testi

2173 1041 2331 1096 tentis
2359 1038 2667 1112 aperiendis
2693 1058 2708 1103 ς
2745 1038 2829 1091 11.
2860 1042 2937 1093 De
2963 1034 3449 1091 consuetudinibus
3478 1036 3679 1090 scriba:
3704 1051 3720 1103 ;
3758 1032 3845 1087 12.

438 1124 517 1214 De
543 1156 626 1210 his
656 1124 755 1224 qui
782 1148 952 1205 credes
980 1141 1326 1201 committunt
1352 1137 1555 1209 gladio,
1585 1134 1675 1192 vel
1701 1134 1921 1203 magnis
1949 1131 2216 1201 fustibus,
2240 1130 2326 1186 vel
2356 1129 2657 1200 lapidibus,
2688 1127 2849 1198 idque
2886 1126 3156 1190 consulto,
3190 1124 3278 1179 13.
3313 1128 3396 1180 De
3423 1125 3675 1199 secundis
3698 1142 3713 1193 ;
3742 1125 3856 1176 ter-

440 1212 537 1301 tiis
565 1250 616 1299 et
645 1212 861 1313 quartis
889 1234 1127 1306 nuptiis.
1158 1227 1572 1285 Duodecimam
1604 1223 2081 1281 constitutionem
2110 1219 2369 1276 ediderat
2397 1217 2593 1287 etiam,
2628 1218 2729 1272 sed
2762 1216 2951 1287 capite
2983 1213 3269 1270 mutilam.
3318 1214 3689 1269 Enimundus
3734 1212 3850 1266 Bo—

443 1300 695 1390 neﬁdius
727 1328 784 1382 in
814 1300 1281 1382 luris-orientalis
1307 1315 1478 1371 libro.
1512 1332 1551 1370 ι.
1584 1328 1718 1385 pag.
1743 1312 1810 1367 19
1859 1310 2059 1383 (Paris.
2095 1308 2253 1378 1573,
2284 1308 2362 1380 8),
2406 1322 2578 1379 quem
2626 1306 2754 1361 vide
2797 1304 2971 1359 etiam
3016 1320 3071 1375 p.
3126 1302 3212 1368 15,
3268 1303 3368 1358 ubi
3417 1302 3488 1358 de
3536 1300 3651 1357 alia
3701 1301 3852 1356 Con-

444 1388 687 1480 stantini
736 1415 912 1485 hujus
962 1406 1379 1468 constitutione
1408 1400 1533 1476 περὶ
1590 1404 1688 1455 τοῦ
1747 1394 2116 1471 ἀναθεματίζε‹

2189 1417 2227 1450 ιι
2281 1394 2409 1456 τοὺς
2456 1392 2762 1455 ἀποστάτας
2810 1392 2899 1446 καὶ
2945 1389 3338 1464 μουλταρίους.
3381 1390 3729 1447 Constitutio
3764 1388 3861 1454 15,

446 1509 579 1584 Hegi
617 1479 978 1579 πολυγᾶμων,
1011 1499 1290 1556 adversus
1334 1496 1574 1566 quartas
1622 1489 1879 1563 nuptias,
1912 1487 2116 1545 eodem

2188 1502 2291 1543 oco
2340 1484 2556 1556 legitur
2603 1499 2736 1555 pag.
2770 1483 2838 1537 16
2884 1498 2971 1552 sq.
3034 1482 3207 1537 FABR.
3258 1509 3324 1522 —
3375 1481 3439 1535 In
3488 1479 3859 1552 quibusdam

446 1568 616 1659 codd.
650 1568 792 1653 bibl:
826 1568 1001 1649 Laur.
1034 1588 1183 1644 Med.
1219 1586 1474 1641 Florent.
1508 1585 1648 1638 sunt
1671 1583 1973 1637 Constant.
2007 1576 2287 1649 Porphyr.
2321 1574 2588 1641 Novellaa,
2621 1574 2777 1645 leges
2826 1578 2995 1641 atque
3043 1570 3513 1639 constitutiones,
3547 1587 3699 1642 quas
3732 1568 3859 1623 sin-

445 1689 636 1762 gulas,
669 1687 726 1740 in
760 1684 877 1739 illis
906 1681 1124 1744 obvias,
1156 1676 1459 1732 enumerat
1488 1686 1554 1726 ac
1604 1672 1865 1726 recenset
1891 1667 2140 1722 Bandin.
2173 1664 2234 1719 in
2264 1665 2389 1720 Cat.
2423 1660 2593 1719 Codd.
2636 1660 2751 1762 Gr...
2766 1659 2969 1716 Medic.
3000 1662 3145 1714 tom.
3179 1660 3222 1726 Ι,
3255 1676 3312 1730 p.
3345 1659 3472 1727 530,
3506 1659 3630 1714 cod.
3668 1661 3761 1726 12,
3797 1673 3862 1710 n.

442 1745 480 1832 Ξ
508 1781 564 1832 et
592 1745 646 1844 4’,
680 1773 781 1829 ubi
811 1772 951 1825 sunt
981 1766 1140 1821 illius
1176 1761 1416 1818 novellas
1450 1760 1511 1814 11
1545 1759 1604 1813 in
1654 1755 2095 1844 compendium_
2121 1752 2387 1808 redactas.
2420 1781 2487 1791 —
2517 1754 2654 1806 Tom
2678 1748 2774 1817 III,
2816 1764 2949 1820 pag.
3001 1764 3059 1819 p.
3092 1747 3212 1803 182.
3247 1748 3350 1803 cod
3380 1748 3435 1813 6,
3471 1764 3528 1804 n.
3565 1747 3651 1801 16.
3706 1745 3863 1819 plut.

444 1868 534 1923 80.
559 1833 789 1933 —'Pag.
825 1859 951 1923 186,
980 1873 1038 1911 n.
1070 1870 1112 1923 ι,
1145 1856 1203 1909 et
1232 1851 1334 1906 188
1363 1866 1449 1919 sq.
1485 1864 1545 1903 n.
1600 1846 1758 1933 4-10,
1792 1841 2311 1933 cod._7,_p_lut.‘80,
2342 1856 2472 1933 pag.
2506 1839 2609 1893 194
2652 1854 2779 1909 sqq.
2814 1836 3009 1909 plures
3059 1835 3298 1892 novellas
3343 1836 3407 1892 in
3456 1837 3581 1893 cod.
3635 1837 3707 1891 10
3752 1833 3861 1906 qui

447 1951 705 2010 continet
740 1923 967 2002 librum
998 1943 1215 2014 legum.
1247 1968 1318 1978 -—-
1344 1934 1606 1991 Venetiis
1646 1933 1705 1988 in
1738 1932 1881 1988 bibl.
1927 1930 1994 1986 D.
2029 1928 2206 1985 Marci
2256 1929 2382 1991 cod,
2433 1927 2558 1993 173,
2589 1927 2786 1981 Const.
2839 1924 3114 2014 Porphyr.
3169 1923 3414 1981 Novella:
3464 1925 3553 1993 12,
3609 1937 3864 1996 quarum

449 2037 736 2114 principia
771 2032 965 2107 posuit
992 2010 1195 2086 auctor
1215 2024 1397 2082 Catal.
1430 2023 1599 2080 codd.
1632 2021 1729 2078 Gr.
1761 2020 1906 2076 Ven.
1940 2034 2074 2091 pag.
2108 2019 2231 2073 101.
2265 2016 2413 2072 Ibid.
2447 2032 2577 2087 pag.
2608 2015 2706 2070 104
2736 2014 2808 2069 de
2851 2013 3018 2070 codd.
3055 2014 3157 2069 180
3205 2017 3261 2068 et
3313 2014 3436 2082 181,
3469 2030 3536 2069 ac
3584 2029 3720 2085 pag.
3756 2010 3867 2067 305

449 2103 521 2188 de
556 2103 682 2186 cod.
731 2103 857 2195 579,
902 2121 1002 2194 qui
1049 2120 1350 2176 continent
1396 2114 1656 2187 eclogam
1704 2115 1899 2184 legum
1948 2108 2164 2171 Basilii,
2216 2107 2426 2195 Leonis
2471 2110 2527 2195 et
2572 2104 2966 2174 Constantini,
3014 2104 3238 2176 impp.;
3290 2104 3480 2176 primo
3528 2104 3658 2173 cod,
3708 2103 3868 2158 inest

450 2222 648 2277 Const.
681 2191 893 2285 Porph.
918 2191 1155 2265 novella
1185 2207 1257 2261 de
1304 2204 1664 2277 praelatione.
1699 2231 1767 2242 —
1796 2198 2153 2254 Vindobonse
2183 2196 2243 2252 in
2292 2194 2433 2253 bibl.
2484 2194 2741 2285 Caesarea
2789 2194 2914 2250 cod.
2956 2192 3047 2261 53,
3093 2210 3151 2248 n.
3200 2192 3286 2264 15,
3333 2194 3527 2248 Const.
3576 2191 3862 2262 Porphyr.

454 2278 864 2375 argumentum
895 2296 1040 2353 tomi
1071 2294 1354 2349 unitionis
1402 2290 1668 2346 Ecclesia
1702 2290 1764 2343 in
1813 2304 1991 2342 causa
2035 2293 2374 2357 quartarum
2420 2284 2784 2355 nuptiarum,
2836 2286 2944 2339 etc.
2996 2282 3064 2336 V.
3115 2280 3380 2337 Lambec.
3431 2280 3656 2337 Comm.
3704 2278 3859 2345 VIII,

455 2365 704 2466 p.v1009.
736 2388 881 2444 Add.
918 2402 974 2456 p.
1008 2384 1114 2437 938
1143 2397 1231 2450 sq.
1264 2378 1491 2466 —-Cod.
1522 2378 1585 2466 6.
1610 2374 1838 2429 novella
1868 2374 1938 2428 de
1981 2372 2328 2428 alienatione
2359 2372 2688 2441 feudorum,
2739 2375 2850 2426 etc.
2881 2370 2950 2423 V.
3001 2369 3219 2425 Kollar.
3267 2374 3389 2424 not.
3447 2370 3519 2423 ad
3569 2365 3864 2424 Lambecii

457 2454 679 2540 Comm.
711 2476 806 2541 VI,
836 2454 983 2546 part.
1012 2487 1054 2538 ι,
1086 2486 1142 2541 p.
1173 2468 1264 2522 53.
1295 2495 1365 2507 —-
1392 2463 1528 2519 Alias
1573 2463 1715 2517 ibid.
1749 2478 1805 2533 p.
1840 2462 1907 2516 1O
1937 2477 2025 2531 sq.
2058 2460 2119 2514 in
2148 2460 2276 2515 cod.
2307 2461 2366 2529 2,
2398 2475 2457 2514 n.
2497 2462 2535 2512 2
2563 2463 2620 2514 et
2648 2459 2701 2515 4.
2743 2488 2813 2498 ——
2842 2459 2981 2529 Pag.
3013 2458 3103 2511 36.
3156 2456 3216 2511 in
3262 2457 3387 2512 cod.
3428 2456 3482 2526 3,
3533 2474 3593 2513 n.
3645 2457 3732 2522 11,
3796 2454 3865 2509 19

457 2578 514 2630 et
539 2570 631 2624 23.
664 2595 733 2606 ——
763 2542 982 2620 In‘cod.
1016 2559 1105 2627 45,
1138 2573 1196 2611 n.
1227 2557 1320 2621 25,
1353 2550 1580 2608 novella
1618 2554 1653 2605 2
1685 2549 1757 2604 de
1804 2549 1877 2604 iis
1925 2548 2024 2619 qui
2074 2546 2340 2604 consulto
2394 2548 2577 2602 caedes
2617 2551 2971 2618 perpetrant,
3018 2549 3129 2600 etc.
3178 2544 3227 2598 V
3271 2545 3483 2601 Kollar.
3534 2544 3741 2617 Suppl.
3788 2542 3866 2600 ad

457 2657 750 2720 Lambecii
788 2654 1038 2717 Comm.,
1063 2665 1120 2721 p.
1163 2647 1268 2701 237
1298 2661 1388 2716 sq.
1441 2673 1507 2684 -—
1556 2640 1741 2697 Paris.
1774 2640 1834 2694 in
1868 2638 2009 2695 bibl.
2039 2637 2203 2710 pubi.
2235 2638 2403 2693 codd.
2436 2637 2738 2707 tredecim,
2772 2637 2944 2692 modo
2995 2637 3055 2690 11
3110 2636 3346 2692 novellas
3395 2636 3695 2692 illarumve
3741 2636 3866 2708 epi-

458 2756 613 2806 tome
636 2744 807 2800 modo
839 2739 1087 2810 aliquot,
1122 2735 1292 2790 modo
1344 2731 1572 2797 Leonis,
1605 2727 1973 2784 Constantini
2021 2732 2079 2781 et
2110 2725 2310 2781 Basilii
2343 2726 2594 2798 epitome
2616 2724 2795 2795 juris,
2826 2723 2882 2778 in
2915 2724 2984 2778 40
3004 2723 3208 2779 titulos
3250 2723 3454 2780 divisa.
3484 2724 3592 2778 Vid
3625 2724 3746 2780 ind.
3789 2723 3864 2778 ad

456 2838 570 2895 vol.
604 2835 652 2890 II
683 2834 803 2888 Cat.
830 2828 1039 2895 Paris.,
1069 2841 1194 2880 voc.
1227 2823 1504 2877 Constant.
1556 2819 1898 2890 Porphyrog.
1930 2847 1998 2857 -—
2030 2817 2093 2871 In
2146 2816 2274 2871 cod.
2308 2812 2586 2871 Escorial.
2620 2813 2917 2869 Constant.
2964 2813 3244 2884 Porphyr.
3296 2820 3350 2868 et
3397 2811 3642 2869 aliorum
3688 2813 3864 2883 impp-

458 2922 716 2984 novellze.
750 2923 896 2976 teste
926 2916 1135 2971 Pluero
1167 2913 1224 2967 in
1259 2911 1454 2967 Itiner.
1487 2924 1585 2978 per
1611 2908 1868 2976 Hispan,
1903 2922 1960 2977 p.
2015 2904 2138 2959 163.
2171 2933 2241 2945 -
2290 2902 2526 2958 Novella
2572 2903 2631 2957 in
2675 2903 2804 2957 cod.
2852 2900 3213 2969 Uifenbach.,
3249 2917 3407 2956 nunc
3457 2900 3757 2971 Lipsiensi,
3793 2900 3868 2954 de

462 3032 578 3090 quo
607 3014 777 3086 plura
803 3010 962 3080 leges
991 3006 1049 3061 in
1083 3002 1219 3059 Maii
1251 3000 1395 3056 Bibl.
1430 2998 1635 3069 Uﬁenb.
1669 3001 1816 3052 msta
1845 3037 1860 3065 ,
1893 2998 2039 3065 part.
2072 3010 2136 3060 ιι,
2170 2993 2280 3050 col.
2311 2993 2437 3049 527.
2473 2993 2639 3047 ΗΑιιι..
3417 3043 3421 3046 ,

531 3078 701 3161 Hisce
731 3101 792 3155 in
820 3078 1148 3152 Meursiana
1176 3088 1544 3147 Constantini
1577 3084 1993 3157 cpusculorum
2017 3083 2271 3138 editione
2297 3082 2474 3153 Lugd.
2502 3082 2658 3149 1617,
2683 3082 2737 3150 8,
2772 3082 2923 3152 (post
2947 3097 3001 3152 p.
3034 3080 3161 3151 252)
3181 3078 3604 3136 constitutiones
3635 3080 3867 3135 novena

462 3197 716 3268 quatuor
744 3187 1154 3258 subjiciuntur,
1196 3196 1345 3251 quas
1372 3194 1403 3233 e
1433 3176 1729 3232 codicibus
1761 3172 1936 3244 regiis
1986 3172 2167 3227 edidit
2198 3170 2488 3226 auctiores
2522 3169 2902 3240 melioresque
2931 3168 3174 3224 Carolus
3226 3170 3491 3225 Labbeus
3540 3185 3668 3225 cum
3720 3186 3868 3226 nova

460 3256 723 3341 versione
751 3281 809 3334 et
837 3256 1320 3345 castigationibus
1352 3267 1503 3321 inter
1533 3280 1669 3320 suas
1718 3262 1898 3334 impp.
1932 3260 2194 3316 Novellas
2241 3260 2567 3316 constitutt.
2599 3260 2663 3314 X.
2714 3259 2897 3315 Paris.
2946 3258 3104 3325 1606,
3137 3259 3207 3314 8:
3260 3260 3311 3313 1.
3364 3256 3493 3331 Περὶ
3539 3278 3865 3332 στρατιωτι-

461 3377 592 3442 κῶν,
623 3370 689 3427 de
714 3366 1054 3423 militaribus
1080 3358 1291 3432 fundis,
1340 3372 1505 3429 quam
1534 3352 1762 3410 dictavit
1819 3350 2139 3415 Theodorus,
2199 3349 2480 3420 patricius
2532 3352 2587 3405 et
2646 3353 2904 3419 quaestor
2951 3346 3421 3417 decapolitanus:
3457 3348 3509 3404 2.
3542 3350 3617 3405 De
3671 3350 3867 3419 fundis

464 3437 772 3521 Armenicis
801 3458 1040 3513 aliorum
1067 3461 1117 3508 et
1141 3447 1585 3506 homicidarum;
1615 3444 1669 3498 3.
1702 3444 1776 3497 De
1803 3441 2085 3513 sportulis,
2118 3441 2182 3495 de
2209 3439 2523 3510 aperiendi:
2554 3438 2911 3507 testamentis,
2936 3446 2986 3493 et
3012 3437 3078 3493 de
3102 3454 3182 3508 eo,
3215 3439 3359 3509 quod
3386 3443 3570 3493 certus
3590 3455 3656 3493 ac
3674 3437 3869 3509 deﬁni-

460 3565 548 3610 tus
576 3545 1028 3608 consuetudinum
1054 3540 1243 3597 modus
1272 3552 1385 3593 esse
1408 3535 1600 3592 debeat
1631 3533 1808 3603 (hanc
1838 3531 2076 3587 dictavit
2101 3528 2479 3600 Theophilus,
2514 3529 2787 3600 patricius
2818 3532 2874 3582 et
2905 3543 2939 3597 q
2958 3533 3206 3596 uaestor;
3248 3529 3299 3582 4.
3334 3529 3407 3584 De
3443 3529 3726 3599 sportulis,
3760 3545 3869 3600 qua

462 3644 764 3712 abrogatur
788 3637 1044 3706 superior
1072 3629 1413 3693 constitutio,
1447 3623 1789 3697 permittens
1816 3620 2118 3694 judicibus
2148 3624 2204 3674 et
2234 3619 2437 3674 scribas
2468 3617 2758 3691 sportulas
2806 3619 3086 3689 accipere.
3121 3617 3279 3673 Hanc
3330 3617 3564 3672 dictavit
3606 3617 3870 3672 Theodo-

465 3706 792 3797 sius'(idem
825 3723 923 3794 qui
956 3723 1089 3776 ante
1110 3717 1453 3783 Theodorus),
1487 3712 1767 3783 patricius
1789 3718 1844 3766 et
1870 3712 2124 3781 quaestor
2153 3706 2622 3781 decapolitanus.

534 3821 590 3875 5.
620 3796 828 3871 Leonis
859 3806 1136 3877 sapientis
1179 3808 1236 3859 et
1291 3800 1650 3858 Constantini
1683 3800 1791 3854 filii
1848 3802 1994 3870 ejus,
2050 3798 2295 3870 Ἐκλογὴ
2348 3802 2458 3852 τῶν
2512 3797 2719 3869 νόμων,
2778 3798 3024 3853 Delectas
3067 3797 3253 3866 legum
3306 3796 3750 3869 compendiarias
3805 3811 3874 3851 ex

467 3923 576 3962 ms.
612 3901 869 3958 Palatino
900 3900 957 3952 et
985 3896 1069 3950 Jo.
1103 3889 1371 3946 Sambuci
1403 3888 1750 3956 descriptus,
1783 3890 1840 3941 et
1869 3902 1999 3939 cum
2033 3886 2240 3941 Latina
2270 3886 2593 3940 Leunclavii
2626 3886 2890 3941 versione
2936 3887 3126 3941 editus
3175 3887 3233 3939 in
3290 3887 3413 3954 jam
3465 3885 3701 3940 laudato
3752 3887 3877 3953 ejus

464 3998 597 4053 Jure
625 3988 1108 4049 Graeco-Romano,
1141 3983 1282 4035 tom.
1317 3978 1388 4040 ΙΙ,
1414 3991 1544 4046 pag.
1576 3974 1796 4028 79-134.
1830 3973 2123 4027 Numerus
2154 3972 2314 4036 anni,
2347 3988 2462 4042 quo
2494 3972 2824 4043 publicatus
2858 3973 2948 4027 hic
2978 3973 3238 4027 delectus
3269 3972 3393 4041 t‘uit,
3426 3978 3732 4041 corruptus
3765 3977 3874 4037 est,

468 4087 525 4138 et.
556 4096 656 4151 pro
687 4073 864 4151 5an
906 4069 1212 4144 legendum
1245 4066 1428 4138 βεμζ,
1453 4062 1555 4133 qui
1576 4061 1887 4151 respondet
1916 4059 2316 4151 annoLChristi
2345 4059 2473 4129 939,
2505 4075 2619 4130 quo
2650 4059 3066 4115 Constantinus
3090 4059 3383 4114 delectum
3411 4059 3630 4130 legum,
3655 4076 3687 4114 a
3713 4066 3878 4130 patre

471 4146 653 4225 Leone
680 4146 801 4219 fieri
833 4165 1111 4232 coeptum,
1143 4153 1504 4229 promulgare
1537 4150 1746 4222 potuit.
1775 4153 2005 4204 FABRIC.
2038 4146 2397 4203 Vindobonee
2428 4148 2486 4202 in
2517 4148 2646 4203 cod.
2672 4147 2728 4214 2,
2762 4165 2820 4204 n.
2852 4150 2884 4202 2
2912 4155 2967 4202 et
3004 4146 3090 4202 13.
3124 4176 3193 4187 —-
3222 4149 3350 4206 cod.
3396 4149 3449 4202 8.
3481 4147 3546 4202 V.
3585 4147 3876 4202 Lambecii

469 4257 794 4313 Comment.
836 4252 927 4315 VI,
959 4251 1109 4319 part.
1143 4263 1183 4313 1,
1233 4259 1367 4315 pag.
1396 4241 1488 4306 25,
1518 4240 1614 4305 32,
1652 4238 1722 4293 38
1768 4242 1824 4293 et
1868 4239 1940 4291 74
1989 4253 2075 4308 sq.
2111 4267 2179 4275 —
2230 4236 2291 4291 In
2341 4236 2468 4292 cod.
2519 4237 2818 4306 quondam
2860 4235 3216 4300 Uti'enbach.,
3250 4252 3407 4291 nunc
3438 4235 3748 4306 Lipsiensi,
3780 4235 3880 4306 qui

470 4344 762 4417 quondam
797 4335 1077 4412 pertinuit
1105 4335 1176 4389 ad
1209 4333 1524 4404 Cuperum,
1554 4336 1610 4384 et
1636 4342 1808 4398 quem
1841 4326 2071 4398 copiose
2102 4325 2395 4381 recensuit
2420 4326 2471 4380 J.
2496 4324 2563 4379 H.
2597 4324 2786 4380 Maius
2816 4327 2875 4380 in
2928 4324 3071 4379 Bibl.
3109 4325 3419 4394 U/fenbach.
3452 4341 3600 4391 mss.,
3634 4330 3780 4397 part.
3814 4342 3878 4394 ιι,

470 4415 529 4508 p.
559 4436 666 4490 522
698 4448 826 4502 sqq.
870 4427 970 4499 qui
1016 4422 1321 4480 titulorum
1372 4421 1439 4475 40
1487 4418 1743 4508 indicem
1791 4420 1984 4472 Graece
2025 4431 2156 4470 cum
2207 4432 2316 4471 sua
2360 4430 2508 4471 vers.
2552 4415 2673 4470 Lat.
2721 4415 3059 4487 publicavit.
3111 4416 3541 4485 Praefationem,
3592 4434 3624 4471 a
3672 4419 3878 4474 Goltt‘r.

470 4503 758 4579 Mascovio
815 4516 1007 4571 Latine
1051 4527 1305 4578 versam,
1364 4507 1573 4579 adjecit
1624 4506 1939 4561 Puttmann
1984 4503 2272 4561 Memoriae
2340 4503 2548 4559 Gotttr.
2606 4503 2898 4571 Mascovii,
2942 4504 3096 4575 Lips.
3148 4504 3304 4574 1771,
3367 4507 3423 4573 8,
3481 4522 3538 4578 p.
3591 4506 3688 4560 121
3750 4522 3877 4576 sqq.

473 4614 539 4667 V.
571 4624 798 4682 quoque
827 4623 956 4678 pag.
988 4605 1057 4658 87
1085 4620 1197 4675 sq.,
1221 4605 1277 4656 et
1297 4600 1494 4655 confer
1523 4599 1587 4653 D.
1613 4596 1785 4667 Casp.
1819 4594 2047 4651 Achatii
2069 4594 2217 4651 Beck
2248 4594 2320 4682 De
2338 4594 2570 4682 novellis
2600 4593 2817 4651 Leonis:
2843 4598 2975 4662 etc.,
3002 4596 3093 4650 ed.
3118 4592 3185 4651 D.
3218 4595 3347 4650 Car.
3370 4595 3524 4653 Frid.
3546 4596 3880 4667 Zepernick,

474 4681 628 4755 Baias
661 4697 818 4763 1779,
849 4694 904 4761 8,
938 4708 1068 4763 pag.
1100 4691 1191 4756 20,
1220 4692 1278 4743 et
1308 4704 1366 4758 p.
1399 4687 1487 4740 25.
1521 4687 1761 4756 Zepern.
1794 4683 1854 4738 in
1902 4686 2024 4738 not.
2058 4689 2231 4752 atque
2278 4681 2436 4737 hunc
2480 4681 2772 4751 imprimis
2803 4684 2858 4738 in
2906 4683 3339 4754 praetermissis,
3373 4700 3429 4755 p.
3479 4686 3585 4737 228
3629 4700 3754 4756 sqq.
3803 4684 3883 4740 De

475 4785 813 4859 cognomine
842 4775 1393 4853 Porphyrogenneti,
1426 4791 1577 4831 anno
1626 4789 1740 4846 quo
1784 4776 1960 4828 natus
1990 4776 2098 4837 est,
2130 4770 2253 4828 scil.
2288 4787 2341 4826 a.
2391 4771 2524 4827 Chr.
2568 4772 2692 4838 905,
2744 4772 2979 4845 vitaque
3030 4778 3087 4828 et
3133 4790 3188 4844 p.
3234 4774 3339 4829 373
3386 4789 3546 4846 sqq.,
3596 4775 3884 4846 praecipue

474 4896 528 4950 p.
562 4878 665 4932 376
699 4891 855 4945 sqq.,
889 4873 962 4928 De
987 4872 1171 4941 ecloga
1200 4869 1381 4937 legum
1427 4866 1625 4923 Leonis
1670 4871 1721 4919 et
1769 4862 2138 4932 Constantini,
2181 4859 2251 4916 de
2300 4862 2470 4917 codd.
2522 4878 2684 4934 mss.,
2738 4863 2809 4918 de
2842 4863 3063 4933 ordine,
3104 4864 3435 4935 partitione,
3481 4864 3695 4934 indice,
3744 4869 3880 4933 etc.,

476 4971 638 5023 docte
668 4964 881 5034 agitur.
915 4962 1091 5017 Hann.

545 5057 625 5113 De
657 5052 938 5119 Basilicis,
970 5050 1162 5106 Basilii
1192 5045 1524 5104 Macedonis
1554 5051 1607 5100 et
1647 5044 1857 5100 Leonis
1900 5042 2195 5114 Sapientis
2237 5041 2501 5114 auspicio
2550 5042 2813 5112 digestis,
2843 5047 2900 5100 et
2938 5061 2972 5100 a
3017 5045 3395 5101 Constantino
3445 5045 3879 5117 Porphyrogen-

474 5152 608 5204 neto
639 5141 973 5215 recognitis,
1007 5138 1277 5211 praeclare
1304 5139 1428 5193 Jos.
1456 5135 1640 5190 Maria
1659 5133 1987 5201 Suaresius,
2021 5133 2332 5204 episcopus
2362 5133 2739 5191 Vasionensis
2768 5134 2827 5189 in
2850 5136 3063 5191 Notitia
3085 5134 3470 5192 Basilicarum
3488 5136 3558 5191 ad
3584 5135 3879 5191 Urbanum

474 5236 625 5300 VIII,
693 5232 1024 5307 pontificem
1094 5227 1455 5283 maximum:
1505 5245 1533 5273 «
1586 5222 1739 5278 Libri
1807 5218 2116 5277 Βασιλικῶν
2176 5222 2235 5277 in
2302 5239 2405 5279 sex
2466 5221 2640 5300 τεύχη
2710 5240 2811 5280 seu
2872 5223 3169 5280 volumina
3233 5225 3489 5281 distincti
3556 5230 3717 5290 sunt,
3786 5226 3880 5279 in-

476 5326 656 5394 deque
705 5324 843 5381 dicti
892 5312 1201 5390 ἒξάϐιϐλος,
1234 5320 1290 5372 et
1337 5316 1395 5371 in
1443 5314 1624 5371 libros
1658 5312 1961 5385 sexaginta
2007 5313 2148 5368 subd

2209 5312 2307 5382 isi,
2354 5314 2601 5385 indeque
2653 5307 3112 5383 ἐξηκοντάϐιϐλος
3163 5315 3504 5386 nuncupali.
3556 5318 3881 5386 Imperator

477 5413 722 5469 Basilius
752 5413 985 5468 Macedo
1016 5410 1098 5479 (Ιι)
1129 5408 1351 5479 primus
1381 5404 1500 5461 illis
1530 5420 1772 5461 manum
1805 5403 2076 5473 admovit,
2097 5407 2163 5459 ut
2192 5403 2485 5460 Cedrenus
2505 5406 2750 5462 asserit:
2782 5404 3026 5478 ideoque
3045 5409 3157 5461 Leo
3180 5405 3411 5477 Saphus
3448 5406 3635 5461 eidem
3668 5405 3878 5460 Basilio

2072 5500 2283 5558 NOT/E

536 5599 637 5679 ,(g)_
668 5598 934 5679 Meminit
988 5599 1241 5654 Codinus
1290 5595 1438 5665 Orig.
1475 5592 1657 5659 CPol.,
1708 5609 1767 5647 n.
1820 5592 1945 5662 157,
1977 5592 2116 5647 edit.
2229 5592 2422 5679 donis,
2448 5610 2502 5663 p.
2523 5595 2612 5679 66.
2639 5595 2790 5679 inter
2810 5594 3125 5679 scriptores
3149 5599 3281 5679 post
3301 5594 3713 5679 Theophanem
3740 5609 3752 5647 :
3780 5591 3880 5647 Εὐ-

536 5610 626 5671 ⁵(9)
672 5610 934 5679 Meminit
988 5610 1241 5654 Uomnus
1290 5610 1438 5665 Urtg.
1475 5610 1657 5659 CF01”,
1708 5610 1767 5647 n.
1820 5610 1945 5662 101,
1977 5610 2116 5647 ealt.
2229 5610 2422 5657 aonls,
2448 5610 3125 5666 p.oo.1nterscr1ptores
3187 5610 3710 5660 ost't'neopnanem
3740 5610 3752 5647 :
3782 5610 3874 5647 nu-

480 5669 787 5755 La’tp‘be‘cll.
814 5743 824 5755 Ι
920 5739 956 5755 μ
1095 5738 1134 5755 ἢ
1248 5738 1260 5755 Ι
1369 5751 1427 5755 μμ
1467 5733 1518 5755 L
1552 5733 1672 5755 ml-
1711 5733 1906 5755 nuzm
1932 5738 2081 5755 "Au
2228 5662 2339 5754 pt‘o‘v
2373 5659 2450 5753 δὲ,
2477 5663 2567 5717 καὶ
2598 5665 2726 5728 τοὺς
2754 5664 3075 5755 aclutacng
3103 5610 3308 5755 νῖμουξ
3354 5661 3874 5755 ﬂn0}1ﬁ!'&0&£981a\:

549 5740 626 5813 (h)
660 5739 1075 5797 Constantinus
1095 5738 1447 5810 Porphyrog.
1467 5733 1527 5791 in
1552 5733 1682 5792 Vita
1711 5733 1909 5792 Basilii
1932 5738 2115 5791 Mace-

2227 5731 2319 5788 ἰιαὶ
2393 5734 2657 5811 σύγχυσιν
2712 5756 2938 5813 εχοντας
2983 5733 3073 5791 διὰ
3123 5731 3223 5804 τὴν
3281 5734 3491 5807 ἀγαθῶν
3551 5731 3744 5808 ὥσπερ
3783 5732 3873 5787 καὶ
