4234 6316
446 451 523 512 19
1731 445 1963 506 JOAN.
2011 439 2183 502 ALB.
2229 436 2565 498 FABRICII
3767 420 3846 478 20

525 603 553 632 ‹‹
587 582 805 637 Laudat
833 580 988 636 idem
1034 579 1397 651 Augustinus
1429 577 1486 632 in
1539 578 1692 632 notis
1727 575 1800 631 ad
1847 575 2118 632 Novellus
2158 593 2196 626 π

2177 570 2453 646 πρόχειρον
2495 561 2805 621 Βασιλικῶν
2837 561 2973 616 κατὰ
3003 563 3302 632 στοιχεῖον,
3333 554 3577 624 Josephii
3611 551 3849 619 Tenedii,

453 674 510 726 et
557 670 808 725 indicem
859 665 1164 721 Βασιλικῶν
1215 668 1349 720 κατά
1398 669 1694 738 στοιχεῖον,
1727 669 1896 736 cujus
1945 683 2013 721 ea
2057 680 2125 720 es:

2177 642 2529 732 :vsuispicere
2577 653 2951 726 exemplaria,
2985 668 3110 723 quae
3161 652 3464 704 servantur
3497 645 3557 699 in
3586 642 3849 738 Vatican.

455 759 756 814 codicibus
831 759 938 811 752
989 760 1045 812 et
1118 757 1334 820 851:,et
1411 729 1847 810 Palatinncod.
1921 755 2127 823 222,1;

2177 729 2390 821 teciptie
2463 746 2523 800 in
2582 743 2779 800 codice
2857 740 3134 811 inscripto
3207 735 3562 792 Τιπούκειτος
3624 729 3849 827 γενόμε-

459 867 567 910 νος.
602 849 669 903 Ει
722 847 1008 917 Ulpianus
1063 844 1297 916 quidem
1346 845 1557 916 Tyrius
1605 844 1753 899 alius
1781 861 1815 898 a
1856 841 2293 914 jurisconsulto,
2327 840 2373 894 si
2412 831 3100 893 Casauboniscntentiam
3143 845 3267 897 cap.
3302 823 3761 917 2Animadvers.
3795 823 3854 872 in

455 911 815 992 Athenaeum
833 911 1180 1005 sequamur;
1215 933 1301 988 vel
1334 911 1578 1004 ipsemet
1604 911 2091 1000 Jurisconsultus,
2117 929 2167 984 si
2189 928 2422 998 Cujacio
2455 926 2628 980 fidem
2649 918 3281 1013 adbibeamusgc_ap.39,
3305 915 3553 1013 libariuv
3585 911 3856 1013 O'b'serva-

455 1028 670 1082 tionum
717 1027 836 1096 jur.
899 1001 969 1078 ab
1018 1023 1295 1077 Athenaeo
1352 1001 1410 1077 in
1467 1023 1631 1078 libris
1692 1022 2241 1094 Dipnosophistarum
2288 1034 2405 1073 non
2463 1020 2689 1070 tantum
2746 1006 3361 1100 ’OvOpa-cotiwﬁpnc,“sed
3407 1001 3855 1100 etiam‘KE‘fOO'

467 1134 667 1180 κειτος,
699 1089 937 1168 vocatus
997 1113 1126 1177 fuit,
1162 1113 1315 1182 quod
1365 1112 1427 1167 in
1460 1111 1652 1182 epulis
1701 1089 1848 1166 nihil
1899 1089 2139 1179 gustare

2206 1105 2341 1172 cibi,
2374 1105 2511 1176 quin
2568 1100 2733 1174 prius
2764 1101 3029 1170 rogasset
3066 1095 3109 1148 εἷ
3168 1096 3364 1157 κεῖται,
3399 1109 3501 1148 seu
3535 1089 3596 1142 οὐ
3646 1090 3842 1186 κεῖται,

460 1205 581 1260 sive
631 1197 767 1255 ὅπου
816 1205 986 1254 κεῖται
1042 1202 1167 1270 ejus
1225 1200 1555 1271 appellatio.
1617 1201 1783 1256 Hunc
1836 1201 2088 1256 indicem
2149 1196 2322 1266 vulgo
2363 1193 2478 1249 dici
2524 1193 2624 1263 jus
2668 1188 3100 1261 alphabeticum
3160 1189 3322 1239 notat
3378 1182 3504 1252 ipse
3566 1182 3857 1271 Antonius

462 1291 824 1363 Augustinus
875 1291 932 1344 in
980 1267 1087 1344 sua
1135 1267 1498 1346 Bibliotheca
1545 1290 1793 1346 codicib.
1847 1290 1968 1356 181,
2014 1289 2134 1356 182,

2192 1286 2294 1339 .87.
2329 1282 2557 1338 Carolus
2608 1279 2873 1334 Labbeus
2913 1276 3151 1346 νόμιμον
3198 1272 3337 1325 κατὰ
3388 1270 3629 1343 στοιχεῖν
3677 1267 3864 1328 vocat,

2537 1368 2546 1372 -
2664 1365 2673 1372 .
2761 1367 2770 1372 -
2926 1368 2950 1372 ,Α
3041 1365 3075 1372 -ι
3179 1359 3197 1372 κ
3279 1364 3306 1372 ι...
3397 1359 3431 1372 ιι
3497 1359 3534 1372 vx
3568 1350 3597 1372 β
3618 1368 3623 1372 .
3652 1353 3662 1372 ν
3787 1349 3849 1372 __‘,,

463 1386 517 1436 et
546 1350 768 1449 glossas
796 1383 930 1449 post
978 1377 1123 1432 illud
1152 1378 1418 1432 inventas
1462 1377 1799 1448 publicavit.
1831 1350 2132 1448 Cujacius'

2198 1372 2415 1448 ιλογήν,
2467 1368 2553 1423 καὶ
2606 1365 2837 1437 Σύνοψιν
2886 1368 2991 1417 τῶν
3041 1359 3348 1417 Βασιλικῶν
3497 1350 3744 1411 Βιϐλίων
3778 1350 3870 1402 σὺν

464 1469 855 1540 παραπομπαῖς
885 1467 1020 1519 κατά
1049 1470 1321 1539 στοιχεῖον
1351 1467 1463 1520 sibi
1493 1467 1643 1521 dono
1679 1467 1878 1520 datum
1910 1482 1941 1519 a
1971 1464 2136 1520 Jacot

2218 1461 2561 1530 Cambrayo,
2593 1456 2694 1530 qui
2725 1453 3000 1510 retulerat
3030 1451 3186 1506 illam
3217 1467 3246 1505 e
3276 1450 3560 1520 legatione
3592 1451 3872 1506 Constan-

469 1557 875 1627 tinopolitana,
910 1560 1152 1611 testatur
1183 1557 1241 1610 in
1275 1555 1614 1627 prwfatione
1639 1556 1708 1610 ad
1741 1553 1973 1610 titulum
2003 1554 2076 1621 π’,
2120 1555 2191 1608 De
2219 1551 2571 1606 excusatione
2603 1550 2864 1600 tutorum.

546 1665 571 1696 α
603 1643 865 1699 Antiochi
900 1645 1260 1699 Balsamonis
1293 1645 1372 1716 (p)
1404 1645 1735 1714 prochirum
1767 1642 1957 1699 simile
1987 1643 2252 1714 prochiro
2285 1636 2584 1694 Michaelis
2613 1633 2918 1700 Attaliotae,
2950 1635 3006 1687 et
3045 1629 3129 1685 1111
3161 1629 3314 1700 quod
3340 1628 3572 1697 Basilio,
3603 1629 3784 1687 Leoni
3817 1639 3878 1690 et

471 1732 846 1786 Constantino
879 1733 1176 1800 tribuitur,
1211 1737 1471 1788 recenset
1501 1733 1557 1786 in
1591 1750 1696 1788 sua
1726 1731 2089 1788 Bibliotheca
2109 1730 2263 1784 idem
2286 1725 2574 1780 Antonius
2596 1721 2962 1793 Augustinus
2983 1719 3175 1774 codice
3208 1719 3329 1786 188,
3355 1717 3703 1790 videturque
3735 1738 3872 1779 cum

472 1819 642 1875 Pselli
675 1836 845 1890 opere
875 1820 1224 1875 confundere
1257 1821 1315 1875 in
1347 1838 1484 1876 voce
1518 1817 1850 1888 Πανδέκτης,
1892 1821 1962 1874 de
1995 1819 2242 1889 propriis
2268 1813 2606 1870 nominibus
2635 1811 3082 1865 Pandectarum.

542 1929 571 1956 ‹‹
649 1908 760 1962 Leo
836 1907 1221 1978 Philosophus
1298 1908 1512 1963 Basilio
1587 1909 1735 1979 patri
1812 1909 2127 1963 succedens
2198 1907 2214 1960 i

2203 1906 2532 1960 inchoatum
2608 1903 2680 1958 ab
2750 1901 2954 1957 eodem
3016 1898 3227 1954 Basilio
3285 1895 3580 1966 Διατάξεων
3649 1899 3875 1953 Βασιλι-

469 1997 579 2047 κῶν
621 1996 890 2050 volumen
925 1995 1247 2066 (Basilicam
1275 2002 1482 2051 vocant
1529 1997 1730 2068 Graeci)
1763 1997 2021 2068 perfecit,
2055 1995 2139 2050 uti
2189 1995 2484 2049 Credenus
2535 1991 2765 2059 asserit,
2794 2004 3082 2059 operaque
3125 1985 3384 2042 Sabbatii
3417 1989 3880 2059 protospatharii
3954 2036 3964 2050 .

470 2085 576 2156 (uti
628 2083 933 2139 Mattho'sus
985 2083 1272 2140 Blastares
1321 2084 1516 2152 tradit,
1551 2103 1618 2141 ex
1667 2103 1847 2157 eoque
1889 2084 2177 2140 Antonius
2233 2084 2597 2154 Augustinus
2638 2080 2697 2134 in
2731 2077 3105 2146 Bibliotheca,
3139 2076 3286 2131 libro
3317 2076 3387 2129 de
3418 2091 3610 2146 propr.
3647 2080 3874 2133 nomin.

471 2172 549 2240 π’,
583 2176 638 2227 et
693 2173 752 2227 in
804 2170 1266 2247 προλεγομεύνοις
1311 2175 1391 2234 ,ad
1439 2174 1734 2246 Novellus)
1794 2174 2143 2246 promulgari

2215 2199 2230 2242 ;
2285 2173 2394 2228 bac
2449 2171 2653 2226 Leonis
2698 2165 2949 2242 καθάρσει
3001 2165 3241 2222 Photius
3294 2165 3354 2220 in
3404 2181 3733 2235 procanone
3787 2167 3880 2220 vi—

475 2263 644 2316 detur
699 2278 840 2316 usus
898 2263 1264 2329 Gothofredo,
1297 2280 1448 2318 anno
1508 2282 1541 2320 a
1598 2264 1847 2335 Virginis
1906 2270 2073 2334 partu
2131 2264 2361 2319 circiter
2411 2264 2536 2317 886.
2572 2265 2616 2316 A
2667 2263 2853 2316 Leone
2903 2259 3285 2315 concinnatos
3335 2255 3511 2311 fuisse
3571 2254 3877 2310 Βασιλικῶν

477 2347 661 2403 libros
691 2347 938 2403 Michael
979 2351 1223 2418 Psellus,
1254 2350 1498 2404 Michael
1547 2351 1838 2418 Attaliota,
1873 2347 2364 2420 Ilarmenopulus,
2399 2349 2727 2417 Balsamon,
2751 2349 3040 2403 Blastares
3067 2349 3123 2402 et
3166 2344 3436 2415 Cujacius
3470 2360 3704 2400 summo
3737 2361 3878 2400 con-

485 2453 664 2493 sensu
695 2440 999 2493 testantur.

555 2548 582 2574 ‹‹
627 2524 818 2579 Edidit
878 2525 1012 2580 item
1073 2525 1182 2581 Leo
1230 2525 1388 2580 Juris
1448 2524 1750 2594 Epitomas
1803 2525 1953 2594 (q-r),
1994 2539 2141 2594 opus
2192 2522 2368 2578 meris
2418 2522 2859 2579 definitionibus
2908 2526 2965 2577 et
3012 2520 3228 2593 regulis
3273 2523 3564 2588 constans,
3616 2525 3672 2576 et
3733 2523 3881 2577 satis

485 2611 739 2683 elegans,
772 2613 926 2684 quod
973 2618 1096 2669 erat
1129 2612 1188 2667 in
1232 2611 1491 2668 Palatina
1538 2611 1916 2682 bibliotheca,
1949 2618 2015 2667 ut
2053 2613 2157 2668 Fre

2211 2629 2338 2668 erus
2381 2615 2662 2681 testatur;
2711 2615 2918 2683 praeter
2947 2603 3428 2678 ἒξηκοντάϐιϐλον,
3462 2627 3560 2665 seu
3612 2610 3883 2665 Βασιλικὰ

486 2700 694 2772 νόμιμα
735 2701 1050 2756 confecisse
1101 2703 1342 2756 Leonem
1393 2700 1744 2771 prochirum,
1781 2707 1842 2755 ut
1881 2701 2068 2756 instar
2119 2701 2555 2756 Institutionum
2605 2703 2766 2764 foret,
2801 2699 3089 2755 Antonius
3126 2701 3481 2767 Augustinus
3529 2700 3587 2753 in
3622 2701 3778 2754 notis
3810 2703 3884 2756 ad

485 2789 754 2845 Novellus
779 2789 986 2860 prodit,
1014 2788 1324 2860 aliquando
1357 2806 1424 2844 ex
1449 2789 1540 2845 his
1573 2807 1700 2861 quae
1739 2789 1848 2861 ipsi
1878 2793 1934 2845 et
1965 2789 2176 2845 Basilio
2227 2792 2372 2860 patri
2406 2789 2604 2857 simul,
2630 2789 2714 2844 vel
2763 2788 3145 2844 Constantino
3187 2787 3304 2841 {ilio
3339 2787 3671 2856 promiscue
3704 2790 3888 2842 ascri-

489 2879 731 2947 buntur,
767 2878 906 2934 illud
951 2880 1071 2934 fore
1119 2875 1432 2933 verisimile
1480 2883 1581 2948 est,
1614 2878 1758 2933 forte
1806 2876 2036 2937 Λέοντος
2086 2874 2322 2950 ἐκλογὴν
2365 2894 2489 2948 (ιοω
2531 2877 2818 2949 reperitur
2858 2877 2915 2930 in
2947 2875 3300 2931 bibliotheca
3330 2875 3509 2946 Regia
3549 2875 3886 2944 Parisiensi,

489 2983 770 3038 quamque
799 2967 997 3022 laudat
1030 2967 1311 3034 Labbeus,
1347 2967 1446 3039 qui
1478 2983 1544 3022 ex
1576 2967 1778 3022 eadem
1810 2971 2002 3022 erutas
2033 2965 2257 3038 glossas
2288 2967 2482 3023 emisit
2515 2967 2573 3021 in
2607 2968 2819 3022 lucem.
2853 2967 3044 3021 Codici
3077 2965 3354 3022 Vaticano
3393 2967 3518 3036 852,
3545 2967 3603 3020 in
3636 2983 3749 3037 quo
3780 2985 3883 3020 κα-

486 3055 552 3107 τὰ
584 3059 856 3126 στοιχεῖον
891 3056 1125 3126 praeﬁxa
1154 3054 1362 3125 legitur
1409 3053 1771 3126 imperatoris
1799 3054 2006 3110 Leonis
2054 3056 2158 3126 epit

2215 3055 2298 3111 ala
2346 3055 2653 3128 incipiens,
2686 3051 3070 3124 Ἰουστίνιανῷ,
3097 3054 3324 3110 diversa
3355 3073 3387 3109 a
3427 3053 3651 3110 novella
3693 3054 3887 3125 prima

491 3144 695 3199 Leonis
725 3144 796 3197 ad
829 3144 1178 3214 Stylianum.

560 3252 582 3282 ι
615 3232 973 3288 Subsecutus
1006 3232 1251 3287 Leonem
1283 3232 1718 3299 Constantinus,
1751 3233 1878 3303 ejus
1912 3232 2091 3301 ﬁlius,
2126 3237 2512 3304 cognomento
2547 3232 3148 3304 Porphyrogeunetus,
3186 3233 3470 3288 revocavit
3507 3232 3613 3287 has
3649 3229 3878 3285 Βασιλι-

483 3317 580 3381 κᾶς
610 3321 718 3374 sub
749 3319 1040 3389 incudem,
1073 3323 1130 3374 et
1160 3337 1362 3375 novam
1405 3319 1782 3392 ἀνακάθαρσιν,
1815 3337 1915 3376 seu
1964 3323 2266 3392 repetitam
2303 3320 2723 3392 praelectionem
2772 3322 2968 3376 emisit
2999 3322 3055 3375 in
3096 3321 3303 3388 lucem,
3339 3325 3403 3375 ut
3433 3337 3560 3376 cum
3595 3321 3655 3375 in
3689 3337 3877 3376 unum

486 3424 696 3479 corpus
721 3406 1141 3478 quinquaginta
1171 3409 1347 3463 trium
1382 3408 1642 3464 locorum
1675 3411 2073 3464 communium
2120 3412 2259 3481 (ις-1),
2295 3411 2596 3466 historicos
2638 3426 2839 3465 omnes
2882 3410 3072 3480 colligi
3100 3411 3397 3481 jussisset,
3431 3426 3545 3465 non
3581 3410 3774 3464 minus
3807 3411 3882 3465 de

483 3497 966 3568 jurisprudentia,
1014 3512 1190 3566 quam
1218 3497 1288 3551 de
1317 3497 1581 3566 historia,
1616 3515 1743 3569 quae
1793 3499 2208 3570 conjungendaa
2262 3503 2400 3555 sunt
2439 3499 2526 3570 (ut
2565 3503 2685 3554 toto
2733 3498 2925 3554 libello
2957 3499 3124 3553 docet
3159 3498 3500 3552 Franciscus
3533 3496 3880 3550 Balduinus‘

488 3585 637 3639 bene
668 3589 1002 3652 mereretur,
1036 3588 1101 3639 ut
1125 3583 1450 3640 observavit
1478 3586 1861 3641 Casuubonus
1882 3586 1941 3640 in
1975 3586 2130 3656 praef.
2163 3587 2235 3640 ad
2276 3585 2607 3658 Polybium.
2641 3585 2804 3641 Unde
2851 3582 3158 3640 Βασιλικῶν
3189 3589 3386 3639 auctor
3415 3588 3674 3638 assertus
3708 3584 3818 3637 fuit
3851 3602 3884 3640 a

495 3672 868 3742 Luitprando,
891 3677 1065 3743 atque
1096 3689 1129 3728 θ.
1158 3671 1439 3729 Gentiano
1471 3673 1712 3730 Herveto
1746 3692 1758 3730 :
1795 3673 1946 3729 hanc
1975 3673 2330 3748 ἀνακάθαρσιν
2366 3676 2447 3747 (τι)
2480 3676 2698 3746 passim
2732 3676 2935 3730 laudat
2959 3675 3295 3730 Theodorus
3327 3673 3655 3728 Balsamon.

564 3783 592 3811 ‹‹
634 3761 736 3815 Isti
767 3761 1001 3816 demum
1031 3761 1149 3816 veri
1190 3768 1328 3817 sunt
1377 3759 1683 3816 Βασιλικῶν
1716 3763 1870 3831 libri,
1922 3765 2020 3834 qui
2061 3782 2094 3819 a
2141 3765 2521 3821 Constantino
2573 3765 3118 3837 Porphyrogenneto
3145 3762 3354 3819 ultima
3402 3779 3578 3818 manu
3612 3761 3891 3832 imposita

506 3850 741 3904 fuerunt
769 3851 929 3905 editi.

566 3958 593 3985 ‹‹
625 3937 709 3990 Ad
740 3952 836 3991 eos
863 3937 986 4005 ipse
1015 3936 1446 4006 Constantinus,
1475 3937 1809 4007 prochirum
1842 3939 1912 4009 (v)
1955 3939 2074 3994 sive
2121 3941 2609 3996 introductionem
2641 3941 2910 4010 componi
2952 3941 3193 4003 curavit,
3227 3947 3322 3994 aut
3360 3940 3550 4008 potius
3599 3938 3873 4008 prochira

494 4042 620 4096 quas
653 4025 903 4080 Basilius
925 4029 981 4080 et
1012 4026 1121 4081 Leo
1153 4029 1619 4095 composuerant,
1653 4027 1938 4080 recenseri
1967 4042 1979 4080 :
2016 4028 2168 4081 unde
2198 4028 2360 4082 illius
2391 4044 2622 4097 quoque
2654 4045 2862 4082 nomen
2908 4032 2992 4081 tot
3031 4028 3426 4095 prochirorum
3457 4026 3895 4096 exemplaribus

496 4114 844 4184 inscriptum
897 4119 1003 4182 est,
1063 4129 1185 4185 quas
1231 4131 1262 4169 a
1320 4113 1600 4168 studiosis
1657 4119 1714 4168 et
1769 4114 2080 4169 causidicis
2140 4115 2532 4170 Orientalibus
2602 4117 2752 4170 varie
2809 4116 3176 4184 interpolata,
3235 4115 3470 4168 concisa
3538 4130 3639 4184 pro
3694 4113 3887 4185 libito,

497 4208 553 4258 et
582 4203 652 4257 ad
685 4203 947 4274 ipsorum
970 4220 1168 4270 usum,
1193 4207 1658 4274 praapostereque
1689 4203 1975 4273 descripta
2012 4207 2132 4258 tam
2167 4203 2497 4268 dissimilia,
2530 4208 2764 4274 tamque
2797 4205 3127 4273 perturbato
3161 4203 3365 4258 ordine
3397 4219 3551 4257 nunc
3583 4201 3889 4273 reperiun—

496 4295 611 4346 tur.

572 4401 600 4428 ‹‹
632 4377 942 4433 Βασιλικῶν
977 4377 1236 4452 ἐκλογὴν,
1265 4379 1384 4434 sive
1415 4379 1692 4452 syuopsin
1722 4380 1804 4450 (ω)
1840 4380 2006 4437 Joan.
2050 4381 2244 4436 Sambi

2230 4396 2368 4436 ueus
2418 4382 2503 4436 vir
2549 4382 2879 4438 Pannonius
2909 4383 3139 4437 Tarenti
3173 4383 3322 4453 apud
3356 4381 3628 4438 Calabros
3658 4382 3895 4453 reperit,

505 4470 561 4522 et
589 4483 715 4521 cum
749 4467 1014 4523 versione
1042 4467 1247 4524 Latina
1276 4466 1658 4522 Leunclavius
1688 4467 1873 4539 ipsam
1906 4467 2084 4523 edidit
2114 4469 2348 4524 Baslleae
2381 4469 2530 4524 1575.
2564 4469 2643 4524 De
2674 4466 2776 4524 illa
2809 4471 2936 4526 fuse
2968 4470 3238 4540 Cujacius
3279 4470 3379 4524 lib.
3413 4487 3548 4538 xvn,
3583 4485 3709 4539 cap.
3744 4470 3809 4522 37
3843 4476 3904 4526 et

513 4558 600 4612 38.
639 4556 911 4611 Observat.
944 4558 1119 4627 Juris,
1161 4557 1260 4612 ubi
1291 4557 1492 4612 laudat
1521 4556 1691 4612 etiam
1729 4555 1919 4629 μικρὸν
1950 4557 2085 4610 κατά
2115 4577 2185 4610 στ‹

2237 4560 2388 4633 χεῖον
2423 4558 2625 4614 incerti
2659 4559 2932 4630 auctoris,
2954 4560 3024 4614 de
3047 4576 3159 4630 quo
3192 4576 3324 4615 cum
3357 4576 3472 4616 non
3503 4559 3744 4631 liqueat,
3777 4577 3902 4616 am-

508 4645 807 4715 pliandum
838 4661 1059 4700 censeo.
1094 4667 1123 4695 »

581 4734 633 4787 6.
696 4733 979 4805 Διήγησις,
1045 4731 1168 4804 περὶ
1224 4738 1323 4800 τῆς
1389 4731 1526 4805 πρὸς
1591 4729 1840 4806 Λῦγαρον
1909 4731 2307 4801 ἀποσταλείσης
2371 4733 2798 4807 ἀχειροποιήτου
2853 4736 2994 4796 θείας
3047 4735 3248 4795 εἰκόνος
3308 4740 3544 4809 Χριστοῦ
3605 4741 3700 4789 τοῦ
3763 4741 3900 4790 Θεοῦ

511 4822 692 4892 ἡμῶν,
727 4823 991 4877 Narratio
1020 4822 1086 4877 de
1133 4822 1376 4892 imagine
1425 4822 1633 4878 Christi
1668 4823 1735 4877 ab
1777 4823 1893 4894 ipso
1949 4821 2018 4876 ad
2049 4825 2357 4895 Augarum,
2393 4825 2606 4878 Edessa:
2636 4841 2837 4894 regem,
2866 4826 3032 4881 missa
3078 4835 3126 4881 et
3157 4825 3352 4881 Edessa
3390 4827 3587 4880 CPolin
3624 4826 3904 4881 translata

513 4928 567 4964 a.
629 4910 684 4967 C.
743 4911 868 4965 944.
931 4911 1124 4966 Latine
1181 4910 1393 4981 legitur
1441 4912 1594 4981 apud
1645 4913 1944 4981 Aloysium
1991 4911 2440 4982 Lipomaunum,
2489 4918 2658 4983 atque
2707 4913 2842 4970 inde
2893 4916 3046 4987 apud
3100 4916 3336 4970 Surium
3391 4922 3524 4969 tom.
3577 4915 3667 4978 IV,
3713 4914 3783 4967 ad
3833 4915 3903 4967 16

512 4999 794 5069 Augusti;
849 4999 1036 5055 Graece
1083 5015 1152 5055 ex
1199 5000 1373 5070 Regio
1418 5000 1612 5055 codice
1652 5017 1769 5055 una
1825 5016 1954 5055 cum
2003 5017 2148 5056 nova
2204 5002 2464 5056 versione
2515 5020 2621 5057 sua
2671 5005 2936 5072 notisque
2987 5005 3212 5075 primus
3259 5004 3511 5073 vulgavit
3550 5003 3896 5058 Franciscus

512 5088 895 5143 Combeﬁsius
925 5088 984 5142 in
1033 5088 1329 5144 Fasciculo
1359 5087 1645 5159 originum
1703 5096 1756 5144 et
1805 5088 2219 5160 antiquitatum
2252 5089 2441 5160 CPol.,
2478 5109 2528 5159 p.
2561 5091 2788 5158 75-101,
2825 5092 3002 5147 Paris.
3049 5093 3205 5160 1664,
3235 5093 3287 5147 4.
3339 5092 3746 5162 Conjecturam
3799 5091 3887 5144 Li-

2083 5205 2312 5261 NOT/E.

586 5313 661 5382 (p)
691 5311 908 5385 Vereor
959 5326 1031 5365 ne
1068 5309 1493 5385 Antiochenum
1533 5310 2156 5385 patriarcham‘Balsa-
2265 5312 2456 5367 Basilii
2506 5311 2834 5370 Macedonis
2885 5316 3035 5371 inter
3065 5315 3370 5385 scriptores
3417 5320 3548 5385 post
3591 5313 3902 5383 Theopha-

518 5380 747 5455 monem
800 5382 988 5455 dicere
1038 5380 1293 5455 voluerit
1327 5380 1709 5455 Augustinus,
1754 5385 1824 5437 de
1853 5382 2022 5449 cujus
2059 5401 2151 5455 sy-
2263 5400 2416 5439 nem.

519 5453 685 5522 nepsi
713 5454 1057 5526 eicodice‘et
1087 5452 1327 5526 novellis
1359 5454 1573 5509 dictum
1606 5471 1782 5526 supra
1811 5471 1867 5524 p.
1900 5455 2024 5508 403.
2095 5452 2108 5455 ’
2331 5457 2448 5520 (s-t)
2485 5454 2623 5508 Vide
2653 5455 2869 5512 velum.
2901 5459 2967 5513 VI
2995 5457 3170 5526 hujus
3205 5457 3371 5524 Bibl.,
3396 5473 3451 5525 p.
3488 5455 3588 5506 1.90
3619 5468 3740 5520 seq.

590 5524 728 5598 (ιι-τ)
747 5525 951 5579 Leonis
977 5523 1266 5598 Sapientia
1287 5523 1704 5598 compendium
1724 5523 1940 5598 Legum
1964 5525 2150 5581 citans
2263 5597 2271 5598 ί
2307 5526 2410 5598 (τι)
2435 5597 2440 5598 γ
2470 5527 2626 5579 Idem
2678 5527 2943 5598 Balsamo
3014 5523 3252 5598 prooem.
3306 5529 3366 5581 in
3398 5523 3894 5598 'Nomocanonem

522 5592 648 5650 Nic.
667 5592 800 5649 Com
813 5612 994 5650 neuus
1026 5595 1373 5666 Papadopoli
1390 5592 1831 5652 Pi'wnolz'onibus
1843 5600 2148 5666 mystagog.

2259 5592 2445 5650 ΡΙ]Ὀίἰὶ
2485 5604 2649 5666 vocat
2677 5598 2774 5665 τὴν
2820 5592 3133 5652 τελευταίαν
3170 5598 3533 5666 ἀνακάθαρσιν
3562 5597 3670 5666 frti»:
3713 5592 3892 5666 νόμῳν

522 5683 578 5734 p.
621 5666 748 5741 361_,
787 5667 910 5741 402,
952 5660 1318 5741 etc.,_laudat
1356 5667 1486 5741 ejus
1513 5667 1851 5741 interpretes
1874 5660 2149 5741 Modesti-

2255 5667 2352 5733 τήν
2403 5665 2698 5741 γενομένην
2733 5660 2892 5741 ⁷παιρᾶι
2947 5673 3042 5722 τοῦ
3073 5664 3325 5741 ἀοιδίμου
3392 5660 3662 5741 βασιλέως
3701 5660 3891 5738 κυρίου

522 5753 683 5814 num,
717 5738 1048 5814 Domipum,
1082 5738 1419 5814 Gregorium
1454 5738 1642 5801 Patzo,
1668 5735 2145 5814 ’Theophilitzem,

1714 5737 2145 5814 'heophilitzem,
2259 5735 2803 5814 Ktovo’ravit'vou_'ro'3
2827 5735 3386 5814 ’Πορφυρογέννητοω

521 5809 867 5880 Eudoxium,
888 5803 1584 5880 Ρ1100οωοίΤο0οάοΡο10
1603 5803 2144 5880 Hermonopolitem.
2324 5811 2396 5880 (v)
2416 5813 2478 5864 A.
2513 5809 2573 5864 C.
2604 5809 2727 5880 939.
2940 5803 2948 5814 ’
2985 5803 2989 5812 ’

523 5879 684 5934 Alius
729 5881 800 5935 ab
839 5879 947 5933 hoc
993 5879 1415 5950 Theophilitzes
1460 5884 1628 5951 cujus
1681 5879 1984 5937 mentio’in
2015 5881 2148 5937 Vita
2326 5879 2408 5954 (π)
2441 5881 2557 5935 Fol.
2592 5879 2662 5934 de
2693 5882 2798 5937 hac
2827 5897 2998 5952 supra
3019 5899 3073 5952 p.
3107 5883 3230 5936 426.
