4234 6316
473 374 546 435 21
1176 372 1498 434 NOTITIA
1545 370 2045 438 SCRIPTORUM
2089 368 2618 437 CONSTANTINI
2662 373 3171 435 PROPHYROG.
3803 379 3882 439 22

474 504 712 577 pomani
741 505 799 560 et
826 502 1057 560 Baronii
1106 502 1201 574 (ad
1233 521 1284 559 a.
1317 504 1445 575 994,
1477 508 1653 577 n.13,
1699 524 1756 579 p.
1802 508 1930 576 717,
1973 508 2066 563 ed.
2116 510 2417 579 Antwerp.
2466 505 2761 577 Piantin.),
2812 505 2912 577 qui
2964 506 3358 564 narrationem
3407 506 3555 565 hanc
3593 510 3875 567 Constan-

473 593 621 661 tino,
667 592 906 648 Romani
956 590 1097 661 filio,
1144 591 1436 660 tribuunt,
1479 594 1692 650 refellit
1744 600 1951 666 praeter
1998 594 2417 651 Combeiisium
2460 595 2539 667 (et
2596 595 2857 651 Lambec.
2906 594 2946 650 1.
2989 609 3067 664 c.,
3116 611 3173 666 p.
3215 595 3341 663 413,
3383 600 3540 668 sqq.)
3581 597 3878 654 Hanckius

478 686 552 741 De
578 683 937 756 scriptoribus
969 682 1095 738 hist.
1137 687 1300 754 Bys,
1333 699 1467 756 pag.
1510 683 1614 740 475
1643 702 1791 758 seq.,
1821 689 1876 743 et
1899 685 2186 741 Antonius
2235 682 2369 756 Pagi
2410 682 2470 740 in
2517 684 2731 742 Critica
2776 685 3099 742 Baronlana
3136 685 3209 740 ad
3243 702 3293 741 a.
3327 686 3387 741 C.
3418 686 3546 757 944,
3597 705 3653 744 n.
3686 689 3720 742 3
3751 698 3874 761 seq.

477 778 673 833 Exstat
701 776 874 832 etiam
907 774 1029 831 haec
1059 774 1313 830 narratio
1346 792 1455 832 ms.
1488 775 1549 833 in
1580 776 1725 832 bibl.
1757 772 2196 832 Vindobonensi
2223 792 2237 843 ;
2269 775 2400 831 vide
2429 772 2803 831 Lambecium
2850 774 3004 845 VIII,
3029 792 3163 848 pag.
3211 778 3314 832 195
3343 793 3462 848 seq.
3497 778 3574 848 [p.
3613 778 3717 834 410
3747 795 3875 849 sqq.

475 867 565 923 ed.
596 865 838 936 Kollar.,
870 866 993 921 cod.
1030 864 1118 933 14,
1150 882 1208 921 n.
1249 866 1339 938 39]
1373 868 1429 921 et
1476 883 1533 939 p.
1567 866 1669 921 198
1701 869 1781 939 [p.
1818 867 1920 921 417
1942 882 2098 938 sqq.,
2132 880 2189 923 n.
2239 866 2328 921 40.
2361 865 2561 938 ibique
2601 864 2818 922 Kollar.
2874 870 2994 922 not.
3029 868 3120 942 8.]
3152 869 3251 925 ubi
3309 869 3555 925 refertur
3602 871 3877 942 anonymi

471 955 937 1012 additamentum
970 954 1039 1010 de
1068 952 1170 1009 illa
1199 954 1475 1028 imagine,
1508 955 1664 1013 culta
1692 956 1948 1023 Edessae,
1981 959 2292 1028 antequam
2322 955 2531 1013 CPolin
2572 954 3010 1013 transferretur.
3044 960 3287 1029 Incipit:
3338 957 3467 1031 Περὶ
3506 963 3607 1025 τῆς
3635 957 3791 1032 ἁγίας
3821 956 3874 1012 ἐν

471 1040 689 1117 Ἐδέσσῃ
723 1038 1153 1117 ἀχειροποιήτου
1202 1042 1290 1096 καί
1339 1041 1486 1106 θείας
1538 1049 1776 1123 μορφῆς.
1828 1042 2097 1101 Faenio.-

2207 1044 2306 1101 Est
2353 1056 2578 1117 quoque
2607 1044 2709 1101 illa
2766 1046 3023 1102 narratio
3078 1043 3329 1103 Florenl.
3381 1047 3440 1103 in
3497 1047 3642 1104 bibl.
3691 1048 3865 1104 Laur.

472 1132 618 1188 Med.
655 1133 779 1188 cod.
813 1131 903 1186 30.
957 1131 1054 1202 qui
1085 1131 1342 1187 continet
1387 1130 1537 1189 vitas
1568 1137 1625 1189 et
1655 1149 1955 1190 sermones
2003 1134 2367 1190 diversorum
2414 1134 2655 1190 Patrum
2686 1134 2746 1189 in
2787 1130 3022 1190 laudem
3069 1134 3172 1191 SS.
3223 1152 3258 1191 a
3284 1135 3377 1191 die
3426 1136 3492 1192 18
3519 1139 3655 1194 Jun.
3689 1152 3878 1207 usque

470 1225 539 1279 ad
571 1224 634 1279 31
670 1224 816 1295 Aug.
852 1239 910 1276 n.
944 1222 1033 1287 39,
1067 1222 1122 1277 d.
1166 1220 1233 1275 16
1261 1222 1526 1295 Augusti.
1569 1226 1637 1281 V.
1671 1222 1908 1280 Bandin.
1963 1222 2088 1280 Cat.
2123 1223 2288 1281 codd.
2322 1224 2419 1281 Gr.
2465 1225 2639 1281 Laur.
2677 1223 2719 1281 Ι.
2762 1241 2819 1296 p.
2854 1226 2979 1294 456,
3029 1226 3131 1297 qui
3175 1234 3450 1298 praeterea
3497 1228 3635 1283 citat
3664 1227 3878 1284 Menma

474 1313 721 1368 Graecor.
754 1312 955 1367 eodem
987 1310 1101 1379 die,
1128 1314 1185 1366 et
1210 1311 1386 1368 Leon.
1419 1311 1612 1369 Allatii
1639 1312 1824 1369 Diatr.
1859 1314 1929 1369 de
1969 1313 2312 1370 Simeonum
2345 1313 2600 1385 scriptis,
2630 1331 2686 1386 p.
2724 1313 2823 1369 103
2848 1331 2937 1386 sq.
2978 1345 3047 1355 —
3078 1315 3292 1371 Eadem
3337 1314 3579 1371 historia
3610 1315 3879 1385 imaginis

476 1400 688 1457 Christi
721 1400 1025 1456 Edessena)
1054 1402 1317 1455 servatur
1353 1401 1414 1455 in
1443 1400 1586 1459 bibl.
1620 1401 1780 1474 pubi.
1827 1404 2015 1461 Paris.
2049 1402 2214 1459 codd.
2266 1400 2426 1472 1176,
2478 1418 2538 1459 n.
2571 1398 2660 1472 40,
2694 1398 2854 1470 1475,
2884 1419 2945 1459 n.
2992 1402 3046 1472 9,
3082 1400 3243 1471 1527,
3288 1421 3344 1459 n.
3391 1404 3477 1472 11,
3514 1405 3651 1459 1528
3681 1419 3746 1460 n.
3789 1402 3875 1471 13,

478 1491 634 1559 1548,
667 1508 723 1545 n.
762 1491 820 1545 11
865 1493 921 1545 et
951 1489 1109 1558 1611,
1141 1506 1201 1545 n.
1232 1490 1318 1544 17.
1351 1521 1421 1532 —-
1452 1491 1530 1546 De
1578 1491 1830 1563 imagine
1873 1492 2158 1549 Edessena
2195 1491 2434 1564 Christi,
2481 1491 2687 1549 CPolin
2738 1492 2933 1561 allata,
2965 1494 3184 1550 mentio
3216 1494 3279 1549 fit
3311 1495 3462 1565 apud
3509 1494 3876 1550 continuato—

474 1597 590 1636 rem
619 1576 1007 1650 TbeOphanis,
1034 1577 1095 1633 in
1125 1581 1385 1634 Romano
1414 1576 1569 1651 imp.,
1602 1597 1659 1653 p.
1691 1581 1817 1635 268.
1852 1580 2030 1637 Hann.

542 1671 596 1725 7.
629 1666 949 1727 Orationem
979 1682 1080 1721 ms.
1131 1666 1204 1722 de
1257 1667 1624 1725 translatione
1670 1669 2039 1742 reliquiarum
2080 1671 2138 1727 S.
2187 1670 2565 1743 Chrysostomi
2600 1670 2801 1727 laudat
2836 1670 3085 1728 Allatius
3117 1673 3190 1727 De
3233 1671 3578 1743 purgatorio,
3618 1684 3752 1743 pag.
3781 1669 3874 1736 71,

474 1759 546 1814 ad
576 1756 886 1827 Georgium
916 1754 1305 1828 Acropolitam
1334 1774 1466 1829 pag.
1498 1758 1624 1813 201.
1656 1758 1732 1815 De
1770 1772 2034 1816 consensu
2062 1776 2190 1831 pag.
2222 1760 2350 1829 281,
2403 1763 2462 1816 et
2490 1760 2566 1817 De
2604 1761 2953 1817 Simeonibus
3002 1777 3132 1833 pag.
3177 1761 3297 1816 111.
3349 1760 3597 1832 Incipit:
3645 1757 3711 1815 Τί
3758 1777 3877 1832 τερ-

471 1848 732 1923 πνότερον
788 1849 885 1900 τοῦ
934 1849 1022 1900 νῦν
1074 1845 1358 1919 ὁρωμένου
1415 1847 1683 1920 θεάματος
1732 1848 1767 1918 ἢ
1825 1847 1877 1903 τί
1937 1847 2321 1924 λαμπρότερον
2388 1855 2489 1919 τῆς
2554 1849 2837 1924 παρούσης
2886 1849 3095 1925 ἡμέρας
3140 1869 3155 1920 ;
3204 1850 3435 1907 Titulus
3491 1855 3576 1906 est
3620 1867 3634 1906 :
3694 1850 3872 1922 Λόγος

471 1935 633 2006 ἡνίκα
685 1936 749 1990 τὸ
803 1938 900 1990 τοῦ
955 1929 1347 2009 Χρυσοστόμου
1404 1936 1548 2012 ἱερὸν
1602 1944 1797 2008 σκῆνος
1852 1932 1911 1991 ἐκ
1958 1941 2058 2003 τῆς
2114 1936 2401 2014 ὑπερορίας
2446 1937 2499 1993 ἐν
2547 1942 2615 2008 τῆ
2661 1936 2905 2014 βασιλίδι
2950 1943 3057 1994 τῶν
3112 1936 3331 1994 πόλεων
3379 1938 3634 2007 ἀπετὲθη.
3693 1940 3869 1995 FABR.

470 2060 538 2070 —
570 2029 722 2084 Inter
767 2027 1111 2084 vetustiores
1140 2028 1451 2101 scriptores
1500 2030 1602 2102 qui
1646 2026 1841 2086 Vitam
1873 2030 2267 2100 Chrysostomi
2313 2030 2449 2087 sunt
2493 2030 2803 2101 persecuti,
2837 2030 3114 2087 laudatur
3148 2031 3344 2087 Const.
3378 2030 3652 2102 Porphyr.
3701 2027 3872 2104 ἐγκώ-

471 2137 595 2191 μιον
623 2110 683 2172 in
714 2119 842 2172 cod.
874 2115 1121 2175 Vindob.
1153 2117 1363 2174 Caesar.
1394 2118 1485 2175 27.
1514 2114 1584 2175 V.
1620 2120 1874 2175 Lambec.
1908 2118 2225 2176 Comment.
2251 2116 2399 2187 VIII,
2431 2136 2564 2193 pag.
2591 2118 2696 2176 637
2727 2136 2884 2192 sqq.,
2915 2122 2991 2190 et,
3044 2132 3218 2195 quem
3265 2117 3363 2175 ille
3406 2135 3463 2190 p.
3504 2119 3630 2187 639,
3664 2122 3783 2174 not.
3814 2119 3870 2186 4,

471 2207 703 2264 excitat.
730 2204 1014 2262 Savllium
1036 2200 1097 2262 in
1125 2206 1218 2263 ed.
1251 2206 1669 2281 Cbrysostomi,
1699 2212 1843 2264 tom.
1871 2208 2024 2276 VIII,
2055 2206 2166 2262 col.
2195 2208 2325 2261 943.
2356 2209 2459 2261 Est
2501 2225 2637 2262 vero
2688 2208 3125 2273 illa,Constant.
3158 2207 3433 2280 Porphyr.
3468 2210 3613 2264 orat.
3658 2206 3720 2262 in
3745 2206 3875 2264 cod.

477 2299 738 2354 Caesareo
768 2296 858 2366 19,
900 2300 1052 2353 teste
1079 2295 1332 2353 Koliario
1378 2295 1440 2350 in
1489 2295 1779 2366 supplem.
1812 2294 1881 2351 ad
1925 2290 2213 2351 Lambecii
2258 2298 2504 2363 Comm.,
2533 2310 2588 2368 p.
2621 2296 2728 2351 259
2758 2312 2851 2369 sq.
2885 2329 2952 2339 ——
2987 2299 3046 2355 In
3097 2296 3236 2354 bibl.
3286 2299 3591 2362 Bfortiana,
3642 2303 3880 2354 notante

480 2384 797 2443 Montfauc.
829 2383 889 2438 in
933 2388 998 2437 B.
1033 2384 1231 2439 bbloth.
1257 2400 1411 2450 mss.,
1446 2388 1586 2439 tom.
1622 2384 1666 2452 1,
1690 2400 1818 2455 pag.
1853 2384 1980 2450 702,
2007 2386 2076 2440 A.
2108 2413 2178 2425 —
2199 2384 2379 2441 Paris.
2403 2384 2462 2440 in
2500 2383 2642 2441 bibl.
2675 2385 2839 2458 pubi.
2866 2387 3029 2443 codd.
3063 2387 3187 2454 157,
3220 2402 3276 2442 n.
3311 2387 3398 2441 19.
3438 2390 3491 2441 et
3520 2385 3679 2441 3100.
3734 2402 3792 2441 n.
3825 2386 3877 2441 4.

544 2472 992 2543 Constantinus,
1042 2472 1250 2530 Leonis
1294 2466 1471 2541 fiiius,
1516 2479 1718 2530 auctor
1744 2489 1871 2530 esse
1918 2470 2136 2530 dicitur
2161 2476 2508 2531 canticorum
2556 2470 3080 2548 (ἔξαποστειλαρίον)
3118 2476 3188 2531 ad
3246 2474 3436 2531 divina
3485 2474 3745 2544 beneﬁcia
3776 2489 3880 2545 pa-

479 2563 700 2633 scendo,
748 2560 806 2617 in
840 2563 963 2619 cod.
1020 2562 1257 2619 Taurin.
1318 2563 1442 2634 175,
1473 2561 1542 2619 V.
1575 2560 1754 2620 Calai.
1787 2562 1958 2620 codd.
2018 2578 2174 2635 regg.
2226 2562 2485 2635 Taurin.,
2532 2581 2666 2639 pag.
2716 2566 2822 2621 260
2872 2582 2954 2637 sq.
3003 2598 3072 2606 —
3119 2564 3271 2621 Inter
3310 2564 3478 2621 codd.
3525 2563 3773 2619 Vossian
3812 2563 3873 2619 in

481 2655 662 2713 Catal.
694 2654 861 2711 codd.
892 2652 1132 2726 Angliaa,
1172 2656 1314 2709 tom.
1357 2652 1428 2723 ΙΙ,
1468 2670 1526 2726 p.
1557 2654 1652 2723 60,
1682 2669 1739 2708 n.
1770 2655 1933 2725 2210,
1962 2652 2052 2711 est
2095 2653 2368 2725 anonymi
2399 2654 2767 2727 compellatio
2814 2656 2884 2711 ad
2930 2653 3374 2712 Constantinum
3431 2652 3861 2725 Porphyrogen.

463 2748 639 2802 Hann.

533 2837 588 2891 8.
622 2834 956 2907 Theophanis
1001 2834 1310 2901 historiam,
1344 2832 1711 2891 Constantini
1743 2834 1916 2905 jussu
1962 2834 2377 2903 continuatam,
2430 2836 2749 2893 memoravi
2796 2850 2973 2908 supra
3016 2833 3101 2906 [in
3148 2833 3261 2891 vol.
3310 2828 3435 2901 VII,
3479 2832 3580 2888 lib.
3631 2849 3693 2900 ii,
3727 2848 3776 2887 ο.
3807 2833 3863 2888 5.

456 2928 485 2994 §
513 2925 635 2993 VII,
669 2942 728 2980 n.
763 2925 815 2980 4.
848 2939 981 2997 pag.
1014 2922 1165 2994 681.]
1196 2953 1265 2963 —
1297 2922 1426 2979 Vide
1466 2923 1694 2994 hujusce
1731 2923 2062 2996 Palrologiae
2109 2929 2315 2981 nostra?
2344 2934 2476 2982 tom.
2524 2926 2670 2993 CIX,
2712 2927 2773 2981 in
2820 2924 3134 2982 recensione
3163 2925 3495 2995 scriptorum
3529 2929 3650 2992 post
3700 2920 3864 2977 Theo-

452 3016 712 3086 phanem.
744 3014 901 3070 EDIT.

526 3107 581 3160 9.
612 3105 883 3174 Superest
913 3102 1269 3175 praecipuum
1301 3118 1470 3173 Opus,
1503 3103 1653 3173 quod
1689 3119 1805 3159 non
1844 3103 1968 3175 ipso
1996 3100 2380 3161 Constantino
2412 3102 2650 3176 quidem
2690 3103 3076 3168 elaboratum,
3110 3106 3168 3158 at
3192 3100 3423 3173 egregio
3453 3094 3698 3155 oonsilio
3730 3099 3854 3169 ejus

464 3198 638 3266 atque
668 3192 947 3266 auspiciis
986 3208 1091 3265 per
1118 3193 1308 3249 varios
1343 3191 1497 3248 viros
1547 3192 1766 3263 peritos
1797 3192 2081 3263 digestum

2203 3197 2244 3263 t,
2302 3188 2696 3268 κεφαλαιωδῶν
2747 3191 3073 3260 ὑποθέσεων,
3123 3189 3242 3246 sive
3288 3188 3745 3246 collectaneorum
3802 3194 3861 3245 et

454 3290 839 3354 excerptorum
866 3280 1555 3351 historico-politicorum
1586 3284 1644 3335 et
1663 3279 1973 3337 moralium
1995 3281 2103 3337 sub
2133 3281 2421 3353 capitibus
2450 3281 2569 3337 sive
2598 3280 2788 3336 titulis
2805 3281 2877 3335 53
2906 3280 2988 3352 (y)
3018 3280 3458 3351 dispositorum,
3498 3276 3852 3351 conquisito-

447 3388 703 3445 rumque
725 3388 793 3428 ex
816 3371 1246 3443 probatissimis
1268 3370 1602 3442 quibusque
1623 3369 1918 3426 historicis
1947 3370 2140 3427 omnis
2170 3369 2356 3427 aetatis
2378 3369 2800 3426 monumentis.
2831 3369 2913 3424 Ex
2940 3369 3132 3424 tribus
3162 3367 3321 3424 hisce
3351 3372 3407 3425 et
3436 3366 3857 3440 quinquaginta

451 3462 650 3517 titulis
682 3460 919 3517 nonnisi
950 3463 1087 3529 duo,
1122 3476 1313 3532 neque
1342 3460 1428 3516 illi
1475 3460 1710 3532 integri,
1762 3458 1936 3532 plane
1964 3460 2038 3516 ad
2085 3475 2192 3517 nos
2248 3466 2654 3530 pervenerunt,
2700 3456 3014 3514 vicesimus
3063 3458 3347 3527 septimus
3372 3456 3501 3527 Περὶ
3533 3449 3852 3528 πρεσϐειῶν,

454 3551 531 3606 De
560 3550 954 3623 legationibus,
987 3554 1045 3606 et
1075 3549 1598 3622 quinquagesimus
1638 3546 1768 3623 Περὶ
1796 3545 1993 3622 ἀρετῆς
2021 3568 2090 3602 κα

2203 3546 2353 3615 mlas,
2388 3549 2461 3603 De
2504 3549 2710 3603 virtute
2755 3549 2805 3602 et
2844 3547 3001 3601 vitio.
3034 3544 3214 3600 Tituli
3260 3545 3330 3600 de
3359 3544 3748 3616 legationibus
3780 3544 3859 3598 al-

456 3643 639 3694 teram
676 3644 923 3711 partem,
956 3640 1227 3694 aJoanne
1255 3639 1510 3709 quodam
1542 3637 1847 3692 CPolitano
1878 3637 2192 3707 digestam,
2226 3652 2294 3691 ex
2328 3636 2470 3691 bibl.
2504 3632 2737 3689 Antonii
2763 3632 3097 3703 Augustini,
3140 3632 3554 3703 archiepiscopi
3581 3632 3853 3686 Tarraco-

461 3729 673 3799 nensis,
713 3729 971 3801 vulgavit
1023 3726 1261 3783 Fulvius
1301 3726 1543 3782 Ursinus
1576 3726 1768 3781 Graece
1798 3727 2103 3794 Antwerp.
2154 3724 2315 3787 1582,
2367 3725 2420 3790 4,
2462 3738 2595 3775 cum
2645 3721 2820 3775 notis.
2871 3721 2935 3775 In
2985 3720 3091 3775 hac
3122 3721 3281 3790 parte
3327 3722 3557 3774 exstant
3610 3711 3856 3789 παραϐο-

456 3816 547 3871 λαὶ
590 3824 860 3889 excerpta
906 3835 936 3872 ο
984 3816 1218 3886 Polybio
1258 3831 1391 3885 pag.
1435 3811 1626 3875 1-228,
1672 3826 1703 3866 e
1731 3810 2002 3881 Dionysio
2052 3808 2510 3877 Halicarnasseo,
2545 3828 2602 3883 p.
2634 3809 2901 3880 295-312,
2951 3825 2981 3866 θ
3012 3809 3254 3866 Diodoro
3284 3809 3476 3865 Siculo
3521 3826 3576 3880 p.
3621 3809 3856 3865 313-333

458 3923 524 3963 ex
550 3908 817 3980 Appiano
849 3922 981 3978 pag.
1016 3904 1281 3970 334-372,
1313 3907 1370 3959 et
1398 3918 1430 3958 e
1458 3900 1639 3957 Dione
1668 3899 1869 3956 Cassio
1899 3915 1958 3972 p.
1990 3899 2253 3955 373-447.
2302 3899 2558 3956 Alteram
2611 3908 2831 3972 partem
2862 3900 3123 3970 ejusdem
3154 3898 3309 3955 tituli
3338 3900 3409 3955 de
3440 3898 3849 3971 legationibus,

457 4014 522 4054 ex
551 3996 973 4056 recentioribus
1005 3994 1179 4068 paulo
1208 3992 1501 4049 historicis
1531 3997 1797 4062 excerpta
1827 3989 2206 4062 complexam,
2239 3989 2418 4047 David
2467 3990 2829 4047 Hmsehelius
2866 4006 2935 4046 ex
2964 3990 3160 4047 codice
3189 3990 3460 4044 Bavarico
3488 3989 3592 4042 204
3625 3989 3848 4060 pridem
3886 4007 3889 4010 ‘

452 4087 726 4159 vulgavit.
778 4092 853 4143 Ex
897 4086 1176 4158 prooemio
1223 4083 1514 4140 ascribam
1566 4080 1897 4153 catalogum
1945 4080 2316 4153 scriptorum,
2347 4097 2379 4137 e
2417 4080 2631 4153 quibus
2681 4079 2783 4136 illa
2825 4079 3306 4136 collectaneorum
3341 4094 3472 4148 pars
3503 4079 3847 4135 concinnata

453 4176 600 4233 fuit:
633 4175 754 4232 Εῗσὶ
817 4172 875 4229 δὲ
938 4174 998 4228 ἐκ
1068 4177 1176 4229 τῶν
1251 4171 1693 4246 ὑποτεταγμένων
1763 4170 2039 4243 Χρονικῶν
2070 4188 2082 4202 ·
2144 4169 2208 4240 α’,
2264 4167 2467 4244 Πέτρου
2531 4169 2818 4244 πατρικίου
2900 4169 2987 4223 καὶ
3068 4166 3391 4244 μαγίστρου.
3454 4167 3520 4242 β’,
3567 4163 3839 4240 Γεωργίου

452 4266 703 4339 μοναγοὺ
763 4270 1046 4340 χρονικῆς.
1106 4264 1173 4338 γ’,
1233 4262 1486 4318 Ἰωάννου
1541 4259 1891 4334 Ἀντιοχέως.
1953 4252 2021 4328 δ’,
2077 4258 2357 4314 Διονυσίου
2408 4256 2843 4333 Ἀλικαρνασέως
2890 4258 3249 4332 Ῥωμαλιακῆς
3312 4255 3729 4333 ἀρχαιολογίας.
3791 4259 3850 4329 ε’,

451 4354 517 4420 ς’,
576 4349 854 4408 Πολυϐίου
941 4349 1401 4427 Μεγαλοπολίτου
1484 4350 1575 4403 καὶ
1635 4351 1954 4406 ’Λππιανοῦ.
2009 4349 2093 4419 ἶς’,
2150 4347 2400 4421 Ζωσίμου
2485 4346 2915 4404 Ἀσκαλωνίτου.
2996 4348 3090 4417 η’.,
3181 4348 3456 4417 Ἰωσήπου
3541 4342 3847 4415 Ἰουδαϊκῆς

454 4441 874 4520 ἀρχαιολογίας.
933 4443 996 4510 θ’,
1052 4437 1328 4515 Διοδώρου
1377 4436 1737 4497 Σικελιώτου.
1802 4438 1852 4507 ι’,
1913 4437 2112 4499 Δίωνος
2165 4440 2489 4495 Κοκκιανοῢ.
2561 4439 2648 4509 ια’,
2695 4434 3006 4511 Προκοπίου
3066 4437 3398 4513 Καισαρέως.
3461 4438 3549 4511 ιβ’,
3603 4435 3841 4510 Πρίσκου

2038 4548 2270 4604 ΝΟΤιΕ.

534 4653 617 4724 (y)
672 4654 891 4724 Auctor
950 4648 1322 4724 pretationis,
1383 4646 2091 4724 singulis‘excerptqrum

458 4712 650 4780 tituvl’is
682 4712 995 4794 premissin
1018 4718 1163 4794 :A'_0_
1185 4721 1283 4782 τῆς
1308 4712 1595 4794 ’πορφιῗρας
1637 4712 2093 4794 ἀπόγονόςιΚων-

460 4785 758 4861 παντῖνός,
803 4792 831 4847 ὁ
908 4787 1325 4862 ὀρθοδοξότατος
1389 4785 1522 4862 ’κάξ
1572 4785 2092 4862 χριστιανικώτατος

458 4870 570 4920 τῶν
618 4856 840 4938 πώπότξ
930 4856 1422 4938 βεϐασινλιυκότων,
1481 4856 1879 4938 ὀξὶυῶπέστερογ
1907 4924 1932 4938 ⁸
1960 4858 2093 4938 πρὸ-ς

458 4939 565 5005 τὴν
593 4939 700 5005 τῶν
755 4924 940 4989 καλῶν
999 4933 1341 5005 κατανόησιν
1368 4924 1728 5005 ξιακείμενος,
1775 4924 1864 4983 καὶ
1899 4924 2096 5005 δασεῖς-

463 4998 596 5084 ριον-
615 5004 889 5084 ⁵ἐσχηκὼς
928 5009 1073 5084 vei-iv,
1100 4998 1277 5084 ἔκρινε
1321 4998 1624 5084 βέλτιστον,
1651 4998 1785 5054 εἶναι
1825 4998 1915 5084 καὶ
1944 4998 2093 5084 κοιννι

460 5070 795 5159 ἱρφελέςίςῖτῷ
844 5097 925 5159 τε..
958 5070 1069 5159 βίῳ¹
1119 5070 1469 5159 ὀτησίφορον,
1501 5070 1781 5159 ’,πρότερον
1818 5071 1949 5159 μὲν,
1984 5076 2093 5155 etc.

461 5144 857 5207 Co'nstautinus
886 5144 1463 5222 Po'rphyroqennetus,
1488 5144 1810 5222 imperator,
1849 5144 2096 5222 omnium

458 5225 560 5294 qui
603 5238 849 5294 unquam
920 5215 1189 5294 Ῑιιὲῖνιὶηε,⁷
1216 5223 1374 5294 rectae
1611 5215 1994 5294 tenacissimus
2047 5219 2098 5294 et

461 5285 987 5359 Christianissimus,
1037 5292 1259 5362 ingenio
1303 5285 1566 5360 praeditus
1620 5287 1698 5341 ad
1723 5301 1928 5362 ferum
1967 5285 2097 5355 pul-

461 5367 727 5422 chrarum
771 5355 1164 5434 perceptionem
1213 5355 1660 5434 acutissimth
1704 5355 1934 5434 denique
1960 5372 2099 5434 prae-

459 5445 622 5493 stans
671 5426 1062 5502 intelligentia,
1127 5442 1187 5487 ut
1237 5431 1404 5503 facile
1450 5426 1665 5503 quidvis
1723 5427 1793 5482 ad
1846 5426 2098 5503 ’eﬂectum

461 5506 802 5580 perduceret,
854 5499 1004 5580 illud
1055 5499 1245 5580 primo
1293 5499 1741 5580 forem’optimum.
1805 5502 1883 5554 est
1948 5501 2101 5553 ratus

464 5569 518 5634 et
570 5577 729 5647 vulgo
774 5569 1036 5647 omnibus
1055 5569 1227 5647 'utile,
1275 5569 1550 5647 utgtibros
1592 5569 1848 5647 “undique
1888 5585 1959 5625 ea:
1984 5584 2099 5624 om-

465 5648 630 5704 nibus
664 5638 1134 5717 torbisgpartibus,
1182 5638 1638 5717 d'octrinavaria
1680 5638 1927 5717 refertos,
1976 5654 2101 5693 con-

509 5716 734 5787 uireret,
763 5711 959 5773 deinde
986 5711 1192 5772 vastam
1220 5715 1377 5769 illam
1396 5713 1687 5787 librorum,
1726 5711 1945 5787 molem,
1962 5723 2103 5787 quae

530 5795 697 5861 stores
721 5782 1010 5861 enecabat,
1027 5802 1187 5861 quam
1215 5784 1536 5858 praesertim.
1558 5784 1789 5861 .molesta
1830 5782 2103 5861 plerisque

474 5860 733 5917 omnibus
780 5867 830 5914 et
859 5849 1011 5913 laedit
1032 5849 1228 5929 ‘plena'
1255 5870 1319 5911 ea
1355 5868 1441 5910 res
1480 5849 1773 5916 videretur,
1818 5852 1879 5905 in
1919 5857 2102 5919 partes

2199 4645 2445 4701 minutas
2482 4648 2696 4716 putavit
2734 4643 3188 4710 distribuendam,
3222 4651 3274 4701 et
3305 4644 3640 4716 luculentam
3688 4644 3843 4699 utili-

2199 4723 2390 4785 tatem,
2440 4715 2564 4790 quae
2623 4725 2834 4790 poterat
2885 4716 3010 4790 inde
3054 4719 3307 4790 percipi,_
3339 4715 3512 4790 oculis
3559 4717 3846 4790 hominum

2201 4732 2390 4785 tatem,
2440 4732 2564 4787 quae
2623 4732 2834 4790 peteret
2885 4732 3010 4771 inae
3031 4732 3280 4840 ιρεγσιρι,
3339 4732 3512 4770 oculis
3559 4732 3841 4771 hominum

2201 4787 2602 4858 exponendam.
2647 4788 2797 4858 Adeo
2817 4790 2877 4841 ut
2905 4787 3003 4841 hoc
3068 4786 3241 4858 electu
3288 4784 3473 4841 habito
3511 4787 3716 4858 majori
3730 4792 3841 4858 rat-

2203 4857 2446 4915 tentione
2490 4867 2541 4913 et
2578 4857 2915 4913 assiduitate
2961 4857 3187 4912 lectioni
3256 4858 3566 4914 incumbere
3602 4857 3847 4913 'studiosi

2202 4938 2439 5002 queant,
2469 4934 2519 4985 et
2554 4928 2829 5002 sermonis
2884 4927 3206 5002 facundiam
3253 4929 3426 4985 altius
3476 4945 3540 4986 ac
3590 4930 3843 5002 penitius

2201 4998 2390 5072 animo
2418 5001 2755 5072 imprimere.
2787 5001 2894 5055 Hoc
2940 4998 3179 5071 amplius
3212 5003 3509 5072 imperator
3544 4998 3762 5072 magno,
3793 5007 3844 5072 et

2200 5070 2357 5136 felici
2410 5065 2602 5128 con-atii
2660 5087 2795 5146 opus
2849 5065 3167 5127 universum
3210 5065 3603 5146 in'bnoeiqetq
3637 5065 3845 5146 ’διαφό-

2205 5160 2349 5217 ρους,
2374 5148 2652 5223 tractatus
2669 5144 2929 5198 diversos
2950 5156 3178 5197 numero
3205 5144 3324 5197 tres
3344 5148 3401 5196 et
3418 5142 3845 5262 quinquaginta

2205 5219 2413 5262 censuit
2464 5214 2922 5262 distribuendum.
2973 5215 3035 5262 in.
3098 5214 3297 5262 auibus
3352 5211 3529 5262 ἅπασα
3616 5213 3838 5262 axoni-nia

2204 5211 2413 5284 censuit
2464 5214 2924 5284 distribuendum,
2973 5215 3035 5268 in
3098 5214 3297 5284 quibus
3352 5211 3529 5284 ἅπασα
3586 5211 3838 5284 inopi-ei;

2207 5281 2597 5361 μεγαλουργία,
2653 5282 2926 5361 quidquid
2979 5281 3542 5361 magniﬁcumhabet
3586 5281 3839 5361 historia,

2202 5349 2483 5412 inclusum
2501 5349 2841 5425 continetur,
2880 5369 3053 5425 neque
3076 5349 3245 5425 'inest
3273 5349 3571 5425 quidquam
3602 5353 3845 5412 historiae

2202 5427 2491 5498 insertum,
2536 5424 2679 5498 quod
2716 5420 3255 5498 partition_em_han_c
3279 5420 3362 5473 'in
3391 5420 3548 5478 hosce
3583 5429 3846 5483 tractatus

2205 5491 2487 5569 effugerit;
2537 5491 2885 5569 Hequebvero
2911 5494 3001 5569 __ab
3069 5491 3393 5569 divisionem
3448 5499 3848 5569 sententiarum

2205 5560 2374 5625 sciri}:
2410 5565 2598 5638 Operis
2624 5560 2810 5623 'totius
2862 5563 2977 5638 ulto
3013 5560 3182 5633 modo.
3214 5564 3609 5638 σοτζιζμῖηρὶιιιν,
3658 5582 3851 5624 verum

2205 5622 2383 5697 servat
2412 5622 2526 5692 ἕως
2552 5640 2821 5704 εῃηρρδὶπ,
2848 5631 3048 5704 velunt
3066 5623 3250 5704 verius
3276 5622 3483 5704 ρἰᾳήπ.
3505 5622 3634 5704 haec
3661 5622 3854 5692 rerum

2206 5694 2602 5780 ὲὸριιιιίαναῐηῖ
2626 5694 2893 5780 “iam?!”
2908 5694 3432 5780 323308395313?
3450 5702 3700 5780 ἔξησιιιῆε
3722 5719 3852 5780 ραν-

2206 5754 3117 5833 ῖῖἕιὶῖὶῦὢηόιαηάιᾷᾟνὶίοαὶριιο
3156 5754 3416 5815 ιναοιαιιιί
3446 5754 3858 5826 cassusne...

2202 5849 2499 5903 rationem.
