4152 6310
320 412 396 473 23
1611 406 1831 469 JOAN.
1880 407 2052 467 ALB.
2102 404 2443 467 FABBIGII
3661 408 3740 468 24

318 547 574 619 ῥήτορος.
630 543 720 616 ιγ’,
780 541 1016 615 Μάλχου
1071 543 1353 617 σοφιστοῦ.
1408 537 1489 609 ιδ’,
1545 537 1854 614 Μενάνδρου
1912 540 2299 614 προτέκτορος.
2363 558 2428 608 ιε,
2486 532 2869 613 ΘεοφυΛάκτ-ου
2927 536 3032 589 ἀπὸ
3088 535 3344 611 ἐπάρχων
3416 540 3507 594 καὶ
3590 540 3736 599 ἀντι-

317 632 567 709 γραφέως
594 635 690 685 τοῦ
722 631 1090 703 Σιμοκάττου.
3384 708 3389 717 ³

388 723 565 780 Tituli
600 725 671 778 de
707 724 1023 795 virtutibus
1054 728 1111 777 et
1140 722 1317 789 vitiis,
1351 721 1450 792 qui
1482 721 1541 777 in
1571 726 1686 776 toto
1733 736 1906 792 opere
1939 721 2049 776 fuit
2080 718 2628 792 quinquagesimus,
2680 718 2933 788 priorem
2964 722 3186 789 partem
3218 737 3283 776 ex
3319 721 3517 777 insula
3547 726 3734 795 Cypro

320 819 527 870 nactus
556 813 678 867 Nic.
730 812 1029 868 Fabricius
1078 812 1400 867 Peirescius
1431 810 1885 866 communicavit
1933 827 2067 866 cum
2099 810 2345 866 Henrico
2377 807 2631 873 Valesio,
2664 806 2763 878 qui
2808 824 2876 862 ex
2928 823 2995 862 ea
3025 824 3151 878 quas
3184 810 3361 882 digna
3418 812 3548 868 luce
3579 813 3734 868 vide-

317 905 552 969 bantur,
587 902 789 973 selegit
820 906 877 956 et
905 918 1039 956 cum
1072 902 1334 958 versione
1364 916 1468 955 sua
1493 902 1766 971 notisque
1796 900 2157 956 doctissimis
2178 906 2235 955 et
2264 899 2587 969 fragmentis
2618 895 2862 969 Polybii,
2894 897 3018 953 Nic.
3051 898 3393 957 Damasceni
3425 910 3479 956 et
3515 903 3731 971 Dionis,

319 992 602 1065 singulari
636 992 833 1047 studio
864 1010 897 1047 a
928 1007 989 1047 se
1016 991 1290 1058 collectis,
1323 990 1583 1063 vulgavit
1610 992 1793 1046 Paris.
1820 990 1980 1055 1634,
2012 990 2066 1047 4.
2102 991 2163 1045 In
2186 990 2280 1045 his
2306 987 2608 1059 excerplis,
2633 1003 2761 1059 quas
2783 987 2955 1059 vulgo
2977 988 3347 1060 appellantur
3374 992 3735 1048 Peiresciana

317 1082 589 1152 leguntur
619 1083 833 1137 selecta
862 1080 986 1137 loca
1015 1096 1081 1136 ex
1114 1078 1351 1150 Polybio
1381 1095 1514 1150 pag.
1536 1079 1708 1133 6-197
1733 1092 1748 1145 ;
1780 1094 1810 1133 e
1839 1079 2089 1135 Diodoro
2118 1078 2311 1135 Siculo
2344 1094 2472 1150 pag.
2504 1080 2604 1131 221
2621 1077 2754 1132 -413
2780 1119 2795 1145 ,
2829 1092 2898 1132 ex
2935 1077 3174 1135 Nicolao
3202 1079 3581 1150 Damasceno,
3613 1079 3743 1154 περὶ

314 1167 577 1226 τοῦίδίου
612 1170 731 1246 βίου
772 1172 861 1225 καὶ
889 1175 989 1237 τῆς
1039 1167 1229 1223 ἑαυτοῦ
1278 1165 1556 1243 διαγωγῆς
1605 1185 1731 1240 pag.
1766 1169 1954 1223 414-4i

2102 1185 2173 1223 ex
2215 1167 2491 1237 Dionysio
2520 1166 2964 1224 Halicarnasseo
3017 1185 3149 1242 pag.
3181 1171 3460 1241 529-545;
3510 1188 3579 1228 ex
3636 1177 3739 1240 Ap-

319 1263 492 1334 piano
524 1279 656 1334 pag.
698 1262 976 1328 465-567;
1028 1276 1097 1316 ex
1138 1260 1317 1315 Dione
1366 1260 1560 1315 Cassio
1602 1275 1734 1331 pag.
1792 1259 2075 1326 569-769;
2107 1275 2177 1314 ex
2222 1259 2448 1314 Joanne
2492 1258 2876 1323 Antiocheno,
2929 1261 3236 1329 monacho,
3287 1279 3419 1334 pag.
3463 1263 3732 1317 778-853.

320 1357 598 1425 Excerpta
644 1351 952 1423 ceteroqui
998 1354 1123 1406 erat
1166 1350 1284 1406 hinc
1330 1349 1817 1406 collectaneorum
1847 1366 1977 1419 pars
2005 1365 2075 1404 ex
2121 1349 2506 1420 scriptoribus
2543 1349 3009 1419 quatuordecim,
3053 1351 3149 1420 qui
3181 1368 3311 1424 pag.
3360 1354 3395 1407 5
3439 1369 3564 1424 seq.
3623 1352 3734 1407 hoc

322 1443 524 1498 ordine
580 1446 955 1498 recensentur
989 1456 1002 1495 :
1034 1438 1155 1495 Εἰσὶ
1205 1436 1262 1492 δὲ
1318 1437 1379 1492 ἐκ
1424 1442 1531 1493 τῶν
1581 1438 1962 1514 ὑποτεταγμένι

2091 1441 2359 1514 φονικῶν,
2398 1437 2466 1505 α’,
2534 1436 2806 1507 Ἰωσήπου
2836 1435 3290 1514 ’Δρχαιολογίας,
3344 1441 3411 1515 β’,
3458 1443 3731 1516 Γεωργίου

324 1534 565 1605 μοναχοῦ
640 1532 706 1605 γ’,
761 1530 1013 1587 Ἰωάννου
1096 1532 1193 1583 τοῦ
1272 1527 1501 1599 ἐπίκλην
1574 1527 1808 1585 Μαλέλα
1885 1535 2169 1603 χρονικῆς,
2248 1525 2319 1596 δ’,
2370 1527 2626 1582 Ἰωάννου
2714 1528 3041 1602 Ἀντιοχέως
3108 1537 3375 1603 χρονικῆς
3452 1530 3735 1604 Ἱστορίας,

319 1621 376 1687 ε’,
409 1617 686 1694 Διοδώρου
739 1616 1076 1673 Σικελιώτου
1134 1617 1448 1686 Καθολικῆς
1506 1617 1766 1691 ἱστορίαις.
1826 1623 1889 1686 ς’,
1962 1615 2241 1673 Νικολάου
2287 1617 2644 1689 Δαμασκηνοῦ
2720 1616 3034 1686 Καθολικῆς
3118 1619 3358 1691 ἱστορίας
3437 1621 3503 1690 ζ’,
3555 1621 3725 1694 ’Προ-

324 1706 485 1764 δότου
542 1707 1001 1784 Ἀλικαρνησὲως,
1082 1709 1152 1779 η’.
1240 1704 1596 1765 Θουκυδίδου.
1647 1708 1715 1776 θ’,
1772 1711 2132 1785 Ξενοφῶντος
2211 1706 2392 1779 Κύρου
2472 1703 2721 1767 παιδείας
2796 1705 2888 1761 καὶ
2944 1704 3286 1770 Ἀναϐάσεως
3370 1707 3551 1782 Κύρου
3633 1713 3731 1764 τοῦ

325 1795 714 1870 Ηαρυσάτιδος.
770 1805 819 1867 ι’,
896 1797 1180 1871 Ἀρριανοῦ
1251 1797 1739 1867 Ἀλεξ.......
1815 1804 1899 1854 ια’.
1986 1796 2271 1851 Διονυσίου
2338 1794 2810 1869 Ἀλικαρνησσέως
2892 1797 3212 1869 Ῥωμαϊκῆς
3296 1798 3558 1872 ἱστορίας.
3648 1800 3729 1874 ιβ,

324 1883 601 1941 Πολυϐίου
684 1892 779 1941 τοῦ
864 1886 1319 1960 Μεγαλοπολίτου
1394 1890 1710 1959 Ῥωμαϊκῆς
1796 1888 2060 1961 ἱστορίας.
2140 1887 2222 1960 ιγ’,
2306 1886 2609 1942 Ἀππιοινοῦ
2690 1886 3012 1957 Ῥωμαϊκῆς
3077 1894 3179 1955 τῆς
3261 1885 3493 1957 ἐπίκλην
3578 1889 3731 1962 βασι-

326 1975 511 2045 λικῆς,
564 1973 649 2044 ιδ’,
725 1976 931 2038 Δίωνος
1006 1980 1307 2032 Κοκκιανοῦ
1365 1976 1678 2048 Ῥωμαϊκῆς
1757 1978 2022 2043 ἱστορίας.
2096 1977 2347 2033 Additur
2405 1994 2419 2031 :
2474 1976 2564 2029 καὶ
2616 1976 2668 2029 οἱ
2725 1973 2915 2051 ἐφεξῆς
2972 1975 3024 2030 ἐν
3079 1982 3159 2049 τῷ
3234 1975 3465 2052 δευτέρῳ
3537 1978 3724 2056 τεύχει

326 2064 732 2141 ἐπιγράξονται.
789 2071 1083 2139 Sequenles
1138 2076 1385 2124 auctores
1437 2069 1503 2123 in
1546 2068 1720 2124 altero
1766 2069 1969 2140 (hujus
2021 2083 2232 2139 nempe
2291 2066 2468 2138 tituli)
2514 2065 2797 2123 volumine
2850 2068 3307 2123 recensebantur.
3369 2068 3532 2124 Unde
3580 2076 3733 2140 patet

328 2172 445 2212 non
488 2157 780 2228 integrum
825 2157 1061 2213 titulum
1107 2159 1178 2214 de
1225 2158 1540 2214 virtutibus
1587 2162 1645 2214 et
1686 2158 1864 2228 vitiis,
1909 2159 2011 2214 sed
2058 2158 2313 2230 priorem
2370 2161 2625 2223 tantum,
2674 2164 2737 2213 ut
2793 2156 2936 2224 dixi,
2968 2158 3093 2229 ejus
3134 2163 3359 2230 partem
3415 2159 3475 2215 in
3525 2176 3736 2215 manus

327 2245 542 2301 Valesii
572 2246 868 2311 incidisse,
897 2247 996 2318 qui
1028 2263 1095 2302 ea
1123 2246 1389 2303 libertate
1418 2248 1503 2303 uti
1533 2264 1649 2303 non
1681 2248 1987 2314 dubitavit,
2022 2253 2087 2302 ut
2129 2248 2189 2302 in
2234 2247 2326 2302 his
2353 2246 2569 2318 eclogis
2616 2251 2675 2303 et
2722 2248 2925 2304 ordine
2963 2249 3268 2319 scriptores
3310 2250 3422 2306 alio
3467 2244 3729 2322 poneret,

331 2340 389 2390 et
416 2350 503 2403 ea,
536 2352 662 2407 quae
692 2337 780 2391 vel
804 2338 926 2407 jam
959 2337 1113 2392 edita
1142 2339 1455 2405 exstarent,
1497 2335 1587 2393 vel
1616 2336 1858 2408 indigna
1901 2339 2097 2392 essent
2143 2335 2417 2406 editione,
2451 2337 2742 2392 omitteret
2783 2356 2850 2394 ac
2888 2340 3261 2396 rescinderet.
3301 2340 3482 2412 [Conii
3536 2342 3739 2414 Zeper-

332 2424 487 2479 nick.
522 2425 559 2481 Ι.
595 2442 669 2492 c.,
702 2442 834 2497 pag.
865 2426 1019 2497 231.]

402 2513 482 2568 Ex
514 2513 827 2583 deperditis
857 2515 1033 2585 hujus
1059 2515 1251 2585 operis
1298 2513 1491 2570 titulis
1520 2514 1749 2586 primus
1781 2514 1910 2582 fuit,
1944 2518 2009 2570 ut
2060 2515 2122 2570 in
2167 2515 2504 2586 praefatione
2545 2515 2760 2571 diserte
2807 2517 3078 2584 traditur,
3110 2516 3240 2591 Περὶ
3291 2516 3563 2587 βασιλέων
3609 2519 3735 2572 ἀνα-

333 2600 657 2676 γορεύσεως.
688 2604 762 2658 De
793 2606 1190 2674 imperatorum
1227 2619 1523 2674 regumque
1569 2604 1998 2660 renuntiatione.
2031 2604 2402 2671 Caeterorum,
2456 2605 2610 2661 ultra
2656 2606 2861 2678 viginti
2910 2607 2981 2663 ab
3035 2607 3358 2665 Hoeschelio
3406 2614 3465 2665 et
3508 2609 3737 2667 Valesio

331 2691 785 2760 observatorum,
818 2693 938 2748 haec
969 2701 1054 2748 est
1084 2692 1309 2761 notitia,
1341 2693 1669 2749 litterarum
1703 2694 1903 2750 ordine
1930 2712 1964 2750 a
1994 2710 2087 2749 me
2117 2695 2447 2767 descripta:

402 2778 533 2852 Περὶ
564 2777 912 2849 ἀνακλήσεως
943 2779 1137 2850 ἥττης.
1203 2784 1276 2837 De
1315 2784 1656 2839 restitutione
1682 2783 1961 2839 exercitus
1989 2785 2141 2839 victi.

404 2868 535 2940 Περὶ
566 2866 875 2944 ἀνδραγαθη
886 2870 1087 2943 μάτων.
1115 2873 1187 2927 De
1205 2874 1423 2943 fortiter
1440 2874 1624 2943 factis,
1655 2890 1709 2946 p.
1753 2873 1858 2928 442
1896 2873 2032 2929 edit.

897 2870 1087 2926 utrm.
1115 2873 1187 2927 De
1205 2874 1423 2943 fortiter
1440 2874 1624 2943 factis,
1655 2890 1709 2946 p.
1753 2873 1858 2928 442
1896 2873 2032 2929 edit.
2066 2872 2294 2939 Valesii,
2327 2877 2384 2931 et
2413 2876 2537 2930 473.

403 2960 529 3032 Πιρὶ
564 2959 780 3034 γάμων.
805 2962 880 3017 De
910 2962 1139 3034 nuptiis.

404 3048 535 3122 Περὶ
565 3052 826 3125 γνωμῶν.
862 3052 934 3107 De
954 3051 1260 3120 sententiis,
1294 3069 1419 3124 pag.
1452 3053 1559 3107 258
1588 3052 1727 3109 edit.
1762 3052 1969 3108 Valesii
1990 3057 2047 3108 et
2071 3053 2197 3108 225.

406 3136 538 3211 Περὶ
568 3134 955 3214 δημηγοριῶν.
987 3142 1061 3197 De
1087 3140 1443 3198 concionibus
1472 3142 1585 3198 sive
1614 3141 1982 3200 orationibus.
2016 3143 2039 3198 Ι

683 3142 955 3214 νηγοριῶν.
987 3142 1061 3197 De
1087 3140 1443 3198 concionibus
1472 3142 1585 3198 sive
1614 3141 1982 3200 orationibus.
2016 3143 2103 3200 Id.
2143 3160 2199 3215 p.
2232 3144 2323 3203 87.

412 3224 544 3299 Περί
572 3224 761 3281 ἐθνῶν.
792 3228 867 3283 De
893 3227 1176 3297 gentibus.

411 3315 540 3387 Περί
571 3314 726 3378 ἐθῶν.
758 3316 831 3371 De
860 3319 1124 3372 moribus.

411 3402 540 3474 Περὶ
571 3400 1055 3472 ἐκκλησιαστικῶν.
1082 3406 1154 3459 De
1175 3406 1563 3462 ecclesiasticis
1592 3408 1752 3464 rebus
1771 3410 2145 3481 personisque.

411 3489 541 3563 Περὶ
571 3490 897 3567 ἐκφράσεως.
922 3495 995 3548 De
1024 3493 1503 3564 descriptionibus.
1534 3496 1697 3552 Suid.
1728 3495 1788 3551 in
1817 3491 2124 3568 Σάμϐυκες.

388 3581 539 3653 ΔΠερί
567 3579 903 3651 Ἑλληνικῆς
933 3580 1189 3655 ἱστορίας.
1227 3588 1304 3639 De
1332 3585 1563 3640 historia
1595 3585 1781 3641 Graeca
1807 3588 2069 3658 (gentili)

412 3670 541 3743 Περὶ
572 3665 828 3726 ἐπιϐοῶν.
859 3674 934 3727 De
962 3673 1345 3744 imploratione
1366 3676 1735 3733 auxiliorum.

410 3760 544 3835 Ηερὶ
574 3756 893 3831 ἐπιϐουλῆς.
929 3765 1000 3819 De
1031 3763 1274 3820 insidiis.

411 3851 543 3923 Ηερὶ
574 3848 899 3905 ἐπιστολῶν.
933 3858 1011 3907 De
1039 3854 1302 3924 epistolis.

412 3940 541 4012 Περὶ
573 3938 914 4013 κυνηγεσίας.
950 3941 1020 3995 De
1051 3943 1359 3998 venatione.

413 4025 543 4099 Περὶ
574 4027 749 4093 νίκης.
782 4029 855 4082 De
882 4030 1126 4084 victoria.

414 4115 542 4189 Περῖ
575 4116 863 4188 οἰκισμῶν.
897 4118 969 4172 De
995 4118 1343 4174 coloniarum
1372 4119 1712 4176 deductione.

415 4203 904 4280 Περὶπαραδόξων.
936 4208 1011 4261 De
1039 4206 1200 4262 miris
1231 4216 1285 4263 et
1312 4208 1633 4280 inopinatis.
1667 4227 1796 4281 pag.
1833 4211 1928 4265 121
1965 4210 2055 4266 edi

730 4206 904 4276 ῑόξων.
936 4208 1011 4261 De
1039 4206 1200 4262 miris
1231 4216 1285 4263 et
1312 4208 1633 4280 inopinatis.
1667 4227 1796 4281 pag.
1833 4211 1928 4265 121
1965 4210 2105 4268 edit.
2139 4210 2370 4269 Valesii.

414 4294 543 4365 Περὶ
572 4294 874 4349 πολιτικῶν
906 4291 1249 4363 διοικήσεως.
1283 4298 1356 4353 De
1384 4315 1570 4354 rerum
1598 4300 1850 4356 civilium
1885 4300 2054 4356 admit

748 4299 874 4349 ικῶν
906 4291 1249 4363 διοικήσεως.
1283 4298 1356 4353 De
1384 4315 1570 4354 rerum
1598 4300 1850 4356 civilium
1885 4300 2388 4358 administratione.

416 4381 544 4454 Περὶ
572 4386 883 4453 στρατειῶν.
914 4385 988 4438 De
1006 4386 1439 4455 expeditionibus
1468 4389 1826 4444 militaribus.

416 4469 544 4542 Ηερὶ
577 4469 1064 4545 στρατηγημάτων.
1100 4474 1173 4527 De
1199 4476 1697 4545 strategematibus,
1730 4493 1863 4548 pag.
1894 4478 1963 4532 34
1992 4482 2049 4534 et

1136 4479 1173 4526 te
1199 4476 1697 4545 strategematibus,
1730 4493 1863 4548 pag.
1894 4478 1963 4532 34
1992 4482 2049 4534 et
2077 4479 2149 4534 42
2172 4480 2310 4538 edit.
2342 4481 2531 4538 Vales.
2565 4488 2620 4539 et
2650 4484 2776 4539 437.

416 4558 544 4633 Περὶ
582 4564 844 4632 στρατῶν.
879 4563 952 4616 De
979 4564 1331 4619 exercitibus.

417 4648 546 4722 Περὶ
580 4642 888 4720 συμϐολῆς.
924 4651 996 4704 De
1024 4652 1255 4721 proeliis.

415 4740 501 4794 10.
536 4740 900 4837 Constantini
931 4757 1161 4837 quoque
1192 4741 1371 4812 hujus
1395 4743 1566 4813 jussu
1597 4743 1980 4815 Theophanes
2010 4747 2249 4818 quidam
2280 4752 2539 4821 synopsin
2581 4752 2758 4808 totius
2800 4757 2939 4811 artis
2970 4756 3214 4828 medicae,
3260 4776 3329 4817 ex
3353 4760 3599 4821 Oribasii
3632 4783 3742 4837 po-

343 4828 638 4884 tissimum
672 4828 902 4899 scriptis
940 4828 1259 4927 collectam,
1293 4839 1516 4903 septem
1540 4832 1739 4927 libris,
1761 4835 1881 4890 sive
1910 4836 2199 4907 capitibus
2228 4841 2353 4908 296,
2397 4841 2654 4910 digessit,
2696 4848 2752 4897 et
2781 4845 2967 4901 eidem
3008 4848 3389 4907 Constantino
3421 4828 3737 4927 inscripsit.

344 4919 557 4989 Incipit
607 4919 1001 4990 prooemium:
1049 4919 1160 4980 Τὰς
1215 4920 1651 4995 προσταχθείσας
1700 4922 1964 4995 ἐπιτομὰς
1994 4927 2141 4997 παρὰ
2187 4933 2289 4995 τῆς
2338 4935 2438 4997 σῆς
2492 4929 2799 4999 θείοτητος,
2870 4932 2930 4987 ἐκ
2985 4935 3119 4991 Θεοῦ
3179 4939 3553 5016 αὐτοκράτωρ,
3600 4919 3735 5019 ’περὶ

344 5013 445 5076 τῆς
495 5009 605 5061 τῶν
660 5005 916 5080 ἰατρικῶν
973 5008 1342 5081 θεωρημάτων
1391 5017 1715 5085 συναγωγῆς
1770 5009 1984 5066 ἔσπευσα

2098 5015 2197 5069 ατὰ
2241 5036 2302 5070 το
2357 5014 2598 5090 δυνατὸν,
2659 5026 2767 5077 etc.
2823 5024 3018 5081 Exstat
3076 5028 3180 5084 hoc
3237 5046 3382 5102 opus
3428 5005 3738 5107 ali'quotibs

342 5097 536 5153 Graece
568 5112 675 5152 ms.
708 5097 768 5151 in
800 5095 939 5152 bibl.
975 5096 1234 5155 Caesarea
1264 5099 1720 5156 Vindobonensi.
1750 5101 1892 5157 Vide
1920 5104 2289 5161 Lambecium
2331 5108 2433 5164 lib.
2466 5126 2541 5177 v1,
2566 5127 2696 5182 pag.
2734 5113 2854 5182 114,
2887 5115 3011 5184 116,
3046 5118 3168 5172 157.
3201 5095 3376 5177 Faba.
3408 5153 3477 5162 —
3510 5095 3570 5180 In
3603 5127 3731 5181 cod.

339 5187 431 5253 21,
467 5202 523 5240 n.
554 5185 609 5250 9,
644 5185 702 5240 in
734 5186 861 5239 cod.
918 5184 1007 5254 24,
1044 5201 1101 5241 n.
1154 5187 1220 5255 1;
1271 5187 1333 5243 in
1363 5188 1493 5244 cod.
1521 5189 1612 5256 25,
1645 5206 1700 5244 n.
1735 5191 1761 5244 1
1796 5195 1853 5245 et
1880 5191 1968 5259 40,

2114 5193 2168 5248 8.
2221 5194 2287 5250 V.
2341 5196 2609 5255 Lambcc.
2661 5204 2882 5259 Comm.
2928 5203 3023 5260 Vl.
3072 5211 3223 5277 part.
3266 5223 3325 5275 II,
3362 5212 3576 5279 p.262,
3604 5216 3734 5280 264,

342 5278 399 5328 et
426 5274 553 5340 356,
584 5274 676 5329 ed.
712 5272 919 5371 Kollar.
947 5290 963 5343 ;
1013 5276 1113 5371 sed
1145 5275 1312 5345 plura
1350 5293 1405 5333 ν.
1438 5278 1587 5333 infra
1616 5280 1686 5334 ad
1730 5279 1841 5335 vol.
1872 5281 2005 5345 Xll,
2052 5298 2181 5354 pag.
2211 5285 2317 5339 685
2356 5302 2471 5357 sq.,
2505 5293 2561 5342 et
2599 5288 2650 5344 J.
2685 5289 2749 5346 Ο.
2782 5292 2983 5364 Steph.
3015 5272 3285 5355 Bernard.
3309 5272 3378 5354 in
3411 5272 3625 5371 praefat.
3660 5272 3733 5362 ad

343 5378 512 5460 suam
544 5363 682 5418 edit.
707 5367 840 5432 post
858 5363 982 5432 ejus
1006 5362 1243 5460 demum
1275 5371 1519 5422 mortem
1552 5367 1621 5421 ad
1647 5368 1983 5425 umbilicum
2009 5372 2367 5441 perductam,
2398 5375 2860 5453 inscriptamque
2884 5362 2901 5437 ξ
2926 5384 3260 5455 Theophanis
3288 5362 3470 5444 Nonni
3498 5394 3736 5460 epitome

341 5450 406 5505 de
441 5452 725 5506 curatione
770 5453 1101 5521 morborum,
1152 5452 1331 5509 Graece
1378 5463 1430 5511 et
1457 5456 1669 5512 Latine.
1702 5456 1809 5528 Ope
1830 5458 2077 5514 codicum
2108 5478 2238 5516 mss.
2291 5469 2560 5522 recensuit
2604 5450 2873 5540 notasque
2902 5450 3102 5543 adjecit
3150 5477 3198 5533 ,1.
3250 5476 3308 5534 0.
3357 5480 3437 5535 St.
3467 5450 3735 5544 Bernard.

341 5545 484 5595 tom.
522 5541 564 5605 Ι,
595 5556 729 5595 cum
763 5539 880 5596 tab.
914 5556 1091 5596 aenea.
1128 5543 1324 5599 Gotha:
1352 5548 1410 5599 et
1428 5545 1671 5603 Amstel.
1713 5548 1870 5602 1794.
1901 5578 1973 5591 --
1998 5550 2159 5606 Tom.
2195 5552 2263 5619 ΙΙ,
2297 5554 2454 5622 1795,
2487 5573 2567 5612 m.
2599 5559 2653 5615 8.
2686 5539 2862 5618 Hann.

411 5627 774 5731 Aliu‘dbpus
821 5630 1768 5731 Cpnstantini.Porphyrogenneti
1808 5638 1983 5707 jussu
2033 5638 2347 5710 digestum,
2398 5647 2551 5715 quod
2601 5664 2713 5704 ms.
2761 5650 2820 5705 in
2865 5650 3007 5708 bibl.
3062 5654 3239 5727 Regia
3287 5657 3464 5713 Paris.
3526 5667 3735 5731 exstat,

343 5723 487 5775 teste
527 5720 762 5775 Boivino
813 5721 882 5815 ad
914 5720 1064 5815 Julii
1094 5720 1348 5779 Africani
1377 5724 1576 5791 Cestos,
1607 5742 1735 5798 pag.
1768 5726 1893 5783 360.
1926 5728 1989 5782 In
2031 5728 2131 5784 illo
2162 5737 2427 5803 excerpta
2456 5751 2524 5790 ex
2552 5738 2820 5795 Africano
2864 5748 2918 5796 et
2958 5740 3087 5797 aliis
3127 5720 3527 5815 svcriptoribus.
3560 5720 3730 5812 Fanni

340 5837 410 5851 --
438 5811 502 5865 In
553 5810 681 5865 cod.
728 5809 916 5873 Paris,
970 5810 1126 5881 1630,
1171 5829 1227 5867 n.
1277 5813 1331 5870 6.
1384 5822 1465 5870 est
1497 5815 1837 5888 Theophanes
1875 5816 1948 5873 de
1993 5816 2159 5873 diaeta
2210 5821 2283 5878 ad
2325 5822 2623 5881 Constant.
2655 5826 3050 5901 Porphyrog.;
3100 5832 3204 5888 sed
3244 5809 3479 5892 initium
3535 5809 3727 5899 solum

341 5904 622 5970 superest.
2802 5940 2809 5945 '
