4234 6316
363 316 437 375 25
1072 314 1390 375 NOTITIA
1436 313 1945 375 SCRIPTORUM
1990 313 2517 376 CONSTANTINI
2561 313 3063 374 PROPHYROG.
3683 313 3764 374 26

418 451 504 505 tt.
539 451 745 505 Eidem
789 447 1170 504 Constantino
1219 447 1501 503 debemus
1551 448 1948 504 Collectionem
1997 451 2463 521 Hippiatricorum
2511 448 2634 502 sive
2678 447 2745 502 de
2791 448 3032 502 veterino
3079 447 3355 502 medicina
3399 448 3569 503 libros
3597 450 3756 520 duos,

344 540 642 612 capitibus
683 539 789 594 129
818 538 1149 605 distinctos,
1183 553 1248 593 ex
1281 537 1665 608 scriptoribus
1717 538 1983 608 pluribus
2017 539 2188 606 hujus
2239 538 2469 608 generis
2520 537 2791 592 collectos
2824 536 2900 606 (π.)
2949 541 3006 591 et
3036 553 3065 591 e
3096 538 3288 593 Graeco
3323 537 3526 592 Latine
3561 554 3762 595 versos

339 629 642 699 editosque
677 629 855 683 Paris.
891 628 1051 695 1530,
1086 627 1184 682 fol.
1219 627 1533 698 interprete
1563 626 1788 682 Joanne
1820 627 2070 694 Ruellio,
2100 626 2533 693 Suessiouensi,
2567 627 2668 697 qui
2723 626 2805 681 rei
2848 626 3204 682 veterinariae
3255 626 3757 682 nomenclaturam

347 727 399 773 et
429 719 658 773 brevem
694 718 924 773 Diodori
955 717 1025 772 de
1050 717 1400 786 ponderibus
1430 722 1484 771 et
1509 718 1803 772 mensuris
1837 717 2233 772 tractationem
2286 716 2610 786 subjunxit.
2661 717 2853 772 Graece
2885 716 2943 771 hi
2996 717 3247 788 primum
3295 716 3509 788 vulgati
3555 721 3693 772 sunt
3722 735 3756 773 a

348 809 587 863 Simone
648 809 911 880 Grynaao,
973 824 1066 878 ap.
1101 808 1191 862 Jo.
1243 808 1576 862 Valderum.
1615 807 1786 863 Basil.
1844 808 2000 876 1537,
2034 808 2086 862 4.
2144 807 2334 862 Codex
2381 806 2628 876 plenior,
2662 811 2718 859 et
2770 806 2882 862 alio
2939 808 3140 862 ordine
3197 808 3478 877 digestus,
3526 807 3634 862 fuit
3692 809 3752 862 in

347 897 700 953 bibliotheca
724 897 1034 954 cardinalis
1067 896 1393 968 Seripaudi,
1427 903 1597 969 atque
1620 898 1754 952 inde
1784 897 1842 952 in
1874 898 2166 951 Wittiaua.
2203 896 2456 966 Insignis
2506 895 2678 950 etiam
2715 896 2893 951 codex
2949 913 3014 951 ac
3061 903 3328 953 vetustus
3383 898 3753 952 membrana-

347 1001 484 1042 ceus
517 993 699 1042 exstat
728 987 1108 1058 Cantabrigias
1141 988 1200 1042 in
1225 987 1365 1042 bibl.
1400 987 1623 1058 collegii
1653 986 2076 1054 Emmanuelis,
2110 1002 2224 1057 quo
2256 1002 2428 1040 usum
2462 1001 2520 1039 se
2548 989 2791 1039 testatur
2839 987 3040 1041 Petrus
3088 987 3457 1042 Needbamus
3487 987 3547 1042 in
3577 987 3748 1043 lucu-

347 1075 503 1131 lenta
532 1094 658 1144 sua,
688 1078 758 1132 de
791 1093 908 1148 qua
939 1094 1093 1143 mox,
1127 1077 1589 1148 Geoponicorum
1621 1077 1894 1133 editione.
1929 1076 2129 1133 Italice
2155 1076 2330 1132 etiam
2362 1074 2550 1131 lucem
2585 1075 2854 1132 viderunt
2884 1076 3087 1133 Venet.
3142 1078 3298 1146 1543,
3331 1077 3384 1141 8,
3434 1087 3487 1133 et
3535 1077 3751 1135 Gallice

349 1182 448 1236 per
475 1166 760 1222 Joannem
793 1169 1101 1234 Masseum,
1134 1171 1516 1238 Campanum,
1548 1167 1732 1222 Paris.
1769 1169 1928 1232 1563,
1962 1169 2013 1222 4.

415 1258 501 1310 12.
535 1259 794 1328 Denique
828 1263 1054 1312 certum
1091 1262 1178 1312 est
1211 1265 1263 1312 et
1308 1257 1452 1313 Noui
1490 1257 1696 1312 medici
1731 1258 2164 1328 compendium,
2215 1257 2286 1312 de
2335 1272 2448 1327 quo
2477 1256 2692 1311 volum.
2746 1257 2851 1312 XII
2901 1257 3079 1328 hujus
3125 1257 3300 1324 Bibl.,
3347 1275 3403 1328 p.
3446 1260 3556 1313 685
3587 1259 3664 1329 (α)
3695 1262 3753 1314 et

343 1348 623 1416 anonymi
649 1349 722 1403 De
759 1349 924 1404 dicata
965 1349 1062 1418 (ὁ),
1095 1348 1166 1403 de
1191 1364 1306 1418 quo
1333 1349 1584 1418 Cangius
1615 1366 1670 1420 p.
1705 1349 1808 1402 102
1846 1349 1916 1402 ad
1960 1347 2266 1416 Zonaram,
2299 1351 2354 1401 et
2412 1347 2710 1416 Geoponica
2767 1349 2939 1402 etiam
2966 1350 3139 1418 jussu
3189 1355 3242 1404 et
3291 1349 3570 1419 auspiciis
3600 1351 3752 1404 Con-

343 1439 586 1492 stantini
620 1438 800 1507 hujus
829 1438 1361 1510 Porphyrogenneti
1395 1438 1634 1493 collecta
1665 1437 1865 1505 fuisse,
1900 1441 1964 1493 ut
2002 1453 2099 1491 eos
2131 1437 2344 1508 fugerit
2375 1436 2544 1504 ratio,
2571 1437 2667 1506 qui
2700 1437 2771 1491 de
2823 1439 3203 1493 Constantino
3261 1439 3491 1510 Magno,
3521 1437 3633 1504 vel,
3688 1442 3752 1493 ut

345 1527 676 1595 Cornarius,
713 1531 781 1583 de
805 1529 1185 1584 Constantino
1217 1529 1510 1598 Pogonato
1557 1527 1909 1599 cogitarunt.
1944 1531 2104 1582 Certe
2149 1526 2530 1582 Constantino
2579 1532 2796 1594 nostro,
2841 1527 3046 1584 Leonis
3075 1529 3358 1599 Sapientis
3391 1529 3530 1598 filio,
3562 1528 3670 1584 soli
3696 1533 3752 1584 et

346 1633 412 1671 ex
443 1634 572 1673 asse
599 1620 876 1688 competit
906 1619 1182 1689 elogium,
1212 1619 1363 1689 quod
1395 1626 1595 1673 auctor
1625 1617 1804 1687 hujus
1835 1618 2157 1693 συναγωγῆς
2189 1618 2246 1671 in
2283 1617 2618 1688 praefatione
2649 1619 2718 1672 ad
2752 1617 3198 1674 Constantinum
3231 1621 3450 1691 scripta
3481 1619 3580 1684 ait,
3613 1635 3744 1674 eum

349 1724 522 1764 omne
547 1725 730 1781 genus
763 1711 1036 1765 doctrina:
1069 1714 1124 1765 et
1154 1726 1357 1765 omnes
1392 1709 1728 1780 disciplinas
1755 1725 1987 1763 summo
2018 1709 2212 1764 studio
2245 1708 2618 1772 instaurasse,
2647 1712 2928 1779 vocatque
2971 1724 3103 1764 eum
3149 1709 3375 1783 τερπνὸν
3405 1715 3503 1777 τῆς
3535 1707 3750 1782 πορφύ-

352 1814 444 1867 ρας
475 1796 809 1870 ἀπάνοισμα,
835 1800 1048 1870 quibus
1080 1800 1270 1854 verbis
1301 1800 1372 1854 ad
1397 1798 1923 1870 Porphyrogenneti
1947 1796 2392 1870 appellationem
2427 1802 2622 1866 aperte
2644 1797 2850 1852 alludit
2879 1799 2966 1869 (c).
2993 1799 3196 1870 Ecquis
3217 1817 3349 1855 vero
3381 1799 3746 1856 Constantini

349 1885 524 1955 hujus
549 1889 745 1958 jussu,
781 1905 954 1960 quem
984 1890 1158 1944 etiam
1189 1889 1279 1956 20,
1311 1891 1366 1956 6,
1399 1887 1608 1955 verbis,
1644 1886 1688 1940 ὦ
1717 1887 2037 1958 τιμιώτατε,
2072 1885 2391 1958 alloquitur
2417 1891 2636 1951 auctor,
2668 1886 3064 1943 collectionem
3105 1889 3286 1960 ipsam
3331 1889 3747 1961 composuerit,

349 1984 522 2045 atque
553 1994 700 2047 opus
731 1979 840 2034 hoc
867 1980 919 2032 in
953 1979 1023 2031 20
1061 1977 1238 2032 libros
1269 1977 1646 2032 distributum
1676 1978 1950 2048 (quorum
1982 1976 2264 2046 primores
2297 1973 2602 2030 duodecim
2633 1980 2769 2030 sunt
2800 1977 2868 2032 de
2899 1977 3269 2050 agricultura,
3321 1984 3448 2034 octo
3481 1978 3749 2049 postremi

344 2065 413 2119 de
443 2083 582 2123 cura
604 2069 682 2123 rei
717 2067 1022 2139 pecuarios)
1045 2084 1112 2123 ex
1139 2067 1314 2122 variis
1347 2067 1730 2137 scriptoribus
1759 2069 1843 2122 ita
1872 2065 2176 2136 digesserit
2206 2064 2307 2136 (d),
2335 2064 2526 2120 adhuc
2556 2069 2646 2120 est
2674 2064 2958 2120 incertum
2991 2067 3077 2137 (θ).

1929 2175 2161 2229 NOTAE.

417 2272 883 2343 (z)Hippiatrica
912 2276 1138 2329 suntin
1198 2275 1324 2330 cod.
1383 2274 1526 2329 bibl.
1592 2274 1751 2343 publ.
1812 2273 1992 2329 Paris.

347 2345 509 2414 2195,
566 2360 632 2398 ex
682 2345 938 2400 Sostrato
1006 2351 1063 2400 et
1107 2345 1452 2416 Hippocrate
1513 2345 1770 2410 collecta,
1826 2353 1879 2399 et
1935 2344 1995 2398 in

349 2418 476 2488 cod.
526 2416 686 2488 2091,
738 2432 794 2472 n.
841 2417 927 2484 11,
978 2417 1088 2471 sub
1126 2418 1332 2471 titulo:
1387 2417 1831 2488 HippasOphium,
1881 2417 1997 2470 sive

352 2487 492 2540 liber
538 2487 600 2542 de
648 2488 910 2543 curandis
952 2504 1218 2559 equorum
1266 2487 1501 2557 morbis,
1553 2487 1774 2543 ln’cod.
1832 2488 1995 2554 2245,

357 2574 492 2630 saec.
544 2574 634 2625 xv,
685 2575 856 2613 manu
909 2560 1150 2614 Antonii
1202 2560 1458 2614 Damilaa.
1513 2560 1915 2630 Hippiatricum
1950 2575 1996 2615 s.

355 2628 722 2684 Collectanea
751 2646 780 2685 e
809 2630 984 2685 variis
1013 2631 1417 2700 scriptoribus,
1441 2632 1511 2686 de
1540 2628 1812 2686 curandis
1829 2645 2002 2700 equo-

355 2649 722 2684 uouecmnea
751 2649 780 2685 e
809 2649 984 2685 variis
1013 2649 1124 2685 εει-ι
1175 2649 1417 2698 ιοτωυε,
1441 2649 1511 2686 ue
1540 2649 1812 2686 curandis
1829 2649 1997 2700 equo-

355 2716 486 2774 rum
518 2701 728 2774 morbis
752 2718 784 2774 :_
818 2702 879 2755 it.
932 2649 1212 2758 nonnulla
1243 2703 1311 2756 de
1352 2703 1713 2774 ponderibus
1737 2709 1789 2756 et
1837 2718 1997 2774 men-

352 2771 527 2838 suris,
560 2777 616 2826 et
657 2771 789 2826 libri
835 2773 903 2827 de
950 2775 1221 2828 curandis
1278 2771 1472 2828 avium
1533 2773 1751 2828 morbis
1809 2773 2000 2842 capita

353 2843 732 2897 nonnulla.—
761 2843 1060 2899 Florentiae
1092 2844 1151 2898 in
1187 2845 1326 2898 bibl.
1359 2845 1529 2900 Laur.
1565 2845 1715 2899 Med.
1749 2845 1875 2899 cod.
1902 2843 1996 2911 VI,

349 2931 406 2968 n.
455 2914 512 2981 7,
563 2914 703 2984 plut.
756 2915 825 2968 65
866 2915 932 2970 V.
989 2915 1234 2980 Bandin,
1287 2919 1406 2971 Cat.
1461 2917 1630 2971 codd.
1683 2917 1777 2970 Gr.
1827 2915 1995 2969 Laur.

2178 2271 2249 2346 (b)
2282 2271 2387 2346 Est
2430 2286 2661 2342 quoque
2706 2273 2770 2346 _iu
2810 2275 2936 2328 cod.
2990 2275 3168 2330 Paris.
3223 2275 3360 2330 bibl.
3398 2276 3554 2346 publ.
3607 2277 3742 2330 2091

2107 2360 2164 2397 n.
2197 2343 2252 2397 9.
2285 2341 2414 2395 Vid.
2448 2357 2625 2412 supra
2655 2343 2723 2396 ad
2751 2349 2893 2398 seet.
2931 2346 2996 2398 10
3024 2347 3231 2402 addita.
3268 2341 3444 2401 HARL.

2177 2415 2249 2488 (_c)
2277 2413 2424 2488 Ad_d.
2458 2413 2702 2488 Bandin.
2752 2416 3090 2488 Catqicodd.
3142 2417 3238 2472 Gr.
3298 2419 3468 2472 Laur.
3508 2418 3573 2488 II,
3607 2435 3738 2488 pag.

2105 2485 2232 2548 554,
2265 2490 2322 2539 et
2353 2485 2617 2555 Lambec.
2661 2490 2834 2555 atque
2881 2486 3091 2543 Kollar.
3144 2489 3361 2543 Comm.
3418 2485 3565 2544 bibl.
3597 2485 3742 2545 Caes.

2109 2556 2231 2620 vu,
2275 2573 2329 2624 p.
2360 2556 2484 2609 388.
2519 2554 2596 2611 lu.

2181 2627 2839 2701 (leariassententias
2866 2631 3142 2701 recensui
3177 2631 3396 2701 pridem
3428 2631 3487 2686 in
3535 2631 3744 2686 Decede

2106 2697 2385 2763 decadum,
2418 2698 2804 2770 editaiLipsiaa
2855 2700 3013 2768 1689,
3061 2703 3115 2768 4,
3163 2697 3344 2770 capite
3393 2702 3600 2757 ultimo
3630 2704 3750 2758 sive

2111 2768 2632 2845 c_eutesi_mo___[add_.
2685 2770 2962 2845 Fabriciii
2999 2768 3411 2845 opusculorum
3461 2774 3742 2845 syllogen.

2111 2840 2392 2915 Ilamb.]._
2413 2840 2670 2915 Videnda
2719 2842 2892 2896 etiam
2944 2840 3089 2898 Petri
3145 2845 3437 2900 Needham
3492 2840 3748 2915 prolégo-

2113 2927 2308 2983 mena,
2351 2910 2696 2980 Geoponicis
2757 2915 3078 2983 praemissa,
3124 2921 3179 2970 et
3228 2910 3752 2971 PlacciiTheatritm

355 2984 457 3051 IlI,
484 3003 545 3058 7p.
582 2985 706 3058 149,
729 2988 828 3058 qui
859 3008 886 3036 «
917 2987 1215 3054 Praecedit,
1241 2988 1340 3052 ait,
1366 2986 1564 3042 tabula
1594 2987 1848 3058 capitum
1875 2987 2000 3058 134,

352 3072 435 3128 ac
467 3055 697 3126 duplex
733 3057 802 3111 de
859 3058 1192 3128 ponderibus
1261 3067 1310 3112 et
1355 3059 1628 3113 mensuris
1666 3055 1998 3128 expositio,

353 3127 546 3198 prima
576 3128 870 3199 anonymi,
903 3129 1084 3184 altera
1119 3129 1484 3195 Diodori
1538 3130 1715 3200 hujus
1759 3127 1999 3196 codicis,

357 3203 560 3272 utpote
589 3201 897 3272 vetustatis
917 3218 1031 3256 non
1055 3201 1417 3271 spernendis,
1441 3199 1696 3267 collatio,
1723 3217 1837 3272 qua
1855 3216 2001 3255 nova

358 3270 535 3324 editio
566 3271 824 3342 paranda
854 3271 950 3338 sit,
985 3270 1218 3327 nonnisi
1265 3287 1477 3342 magno
1526 3272 1660 3327 usui
1709 3270 1832 3327 esse
1865 3288 1998 3342 pos-

356 3346 466 3396 set.
503 3362 533 3390 »
563 3371 630 3381 —-
661 3340 841 3397 Oxon.
875 3342 934 3396 in
985 3343 1124 3397 bibl.
1173 3340 1391 3398 Bodlei?
1442 3345 1779 3411 (secundum
1830 3340 1998 3398 catal.

356 3412 523 3468 codd.
562 3412 797 3485 Anglia,
849 3414 977 3485 etc.)
1029 3415 1084 3468 in
1131 3415 1256 3469 cod.
1312 3415 1432 3469 164.
1488 3415 1722 3470 Baroec.
1779 3414 2003 3484 Apsyrti

354 3485 723 3558 veterinaria,
740 3484 802 3558 in
842 3484 1128 3558 principio
1160 3485 1420 3558 mutilata
1451 3487 1672 3558 aliquot
1702 3485 1906 3558 lineis:
1943 3487 2001 3539 in

362 3571 475 3625 yne
518 3571 654 3628 vero
681 3556 771 3628 25
815 3557 1256 3622 medicamenta,
1308 3557 1460 3611 ultra
1492 3556 1566 3612 ea
1605 3573 1734 3628 quas
1779 3557 1838 3610 iu
1891 3558 2000 3611 im-

357 3626 568 3696 pressis
600 3625 906 3691 babentur,
934 3634 1284 3697 occurrunt;
1316 3633 1458 3684 tunc
1506 3630 1576 3682 de
1623 3625 1918 3697 mensuris
1949 3633 2005 3681 et

359 3694 716 3766 ponderibus
745 3694 1346 3753 veterinariis158ﬂb.
1397 3700 1432 3766 ἡ
1468 3697 1656 3770 οὐγκία
1709 3696 1827 3770 ἔχει
1876 3694 2003 3770 δρᾷ-

359 3784 504 3840 χμας
534 3774 601 3836 η’.
637 3769 772 3822 Post
788 3770 913 3840 tria
958 3771 1374 3840 medicamenta
1426 3766 1692 3840 sequitur
1723 3766 2007 3840 Ὀρνεοὰό-

363 3837 625 3912 ἐριονηόθ
677 3837 1288 3912 ουνὶεᾉωειιὶωᾱῇῃυω
1340 3855 1466 3908 quas
1515 3837 1730 3894 cadunt
1777 3837 1843 3912 in,
1872 3854 2006 3912 aves

366 3910 669 3982 venalicas,
704 3925 771 3982 ac
828 3910 899 3966 de
945 3910 1258 3982 generibus
1289 3925 1502 3982 serum
1558 3926 1722 3982 capp.
1783 3911 1872 3979 26,
1933 3910 2002 3965 ad

359 3981 690 4039 Michaelcm
722 3981 864 4050 imp.
895 4011 964 4022 —
994 3981 1056 4036 In
1100 3983 1225 4037 cod.
1271 3980 1424 4036 Guil.
1473 3980 1827 4051 Laudi‘589,
1860 3999 1918 4047 n,
1948 3982 2003 4046 2,

363 4052 433 4107 de
481 4068 632 4122 equo
679 4058 734 4106 et
781 4052 1145 4123 hippiatrica.
1198 4053 1356 4108 Hebr.
1400 4085 1464 4093 —
1515 4071 1574 4108 n.
1623 4054 1784 4122 5722,
1831 4055 1900 4108 de
1947 4069 2005 4108 re

360 4123 937 4196 veterinaria,_.1rab.
987 4123 1082 4178 fol.
1126 4139 1284 4180 cum.
1337 4125 1472 4196 tigg.
1527 4155 1594 4166 —
1642 4126 1791 4180 inter
1835 4125 2002 4180 codd.

362 4197 573 4249 Anton.
610 4211 644 4248 a
672 4193 879 4250 Wood.
922 4196 1090 4261 8558,
1125 4213 1180 4249 n.
1224 4196 1315 4261 27,
1351 4193 1445 4250 de'
1469 4196 1772 4251 medicinis
1822 4211 2002 4265 equo-

365 4282 518 4332 rum,
550 4265 882 4335 Anglicar-
911 4266 1243 4335 Cantabrig.
1277 4266 1335 4319 in
1369 4265 1498 4321 coll.
1533 4269 1590 4322 S.
1628 4267 2001 4334 Emanuelis;

366 4330 512 4392 codﬁ
543 4330 688 4406 ΧΙΙἸ,
713 4330 954 4410 ΑΒιϐλίγον
979 4330 1409 4410 Αἱπποϊαῗεριχὸν,
1456 4340 1633 4393 codex
1679 4330 2004 4410 vetustisqu

363 4423 518 4479 mus,
551 4407 826 4473 membr.,
875 4409 928 4476 4,
975 4408 1032 4463 in
1067 4425 1202 4479 quo,
1232 4407 1328 4479 'uti
1363 4409 1444 4462 ait
1487 4411 1778 4465 confector
1809 4407 2000 4475 catal.,

362 4477 610 4550 plurima
638 4483 998 4549 comparent,
1033 4477 1155 4550 quae
1207 4479 1266 4534 in
1316 4478 1463 4535 libro
1512 4497 1723 4535 excuso
1774 4482 2004 4548 desunt,

364 4549 799 4620 capiteitamen
851 4549 1061 4604 ultimo
1109 4551 1430 4605 mutilatur.
1485 4582 1555 4591 —
1604 4553 1666 4605 In
1721 4553 1842 4606 cod.
1879 4553 2001 4606 Cat.

363 4619 504 4675 tom.
537 4619 611 4682 II,
663 4621 815 4675 inter
864 4622 1030 4675 codd.
1081 4621 1394 4677 Vossianos
1437 4639 1495 4676 n.
1544 4625 1706 4688 2217,
1754 4624 2007 4678 citantur

363 4690 721 4762 Hippiatrica
751 4708 882 4746 cum
928 4693 1059 4762 ﬁgg.
1112 4697 1169 4747 et
1214 4692 1462 4746 multum
1509 4694 1892 4762 discrepantia
1933 4694 2004 4746 ab

364 4764 554 4817 edit;s.
592 4765 681 4831 (in
715 4763 850 4818 bibl.
884 4763 1200 4829 Leidensis,
1231 4765 1323 4818 cui
1375 4773 1749 4820 accesserunt
1778 4765 2007 4819 codices

363 4833 654 4905 Vossiani,
698 4834 956 4905 catalogo
1003 4852 1056 4905 p.
1110 4835 1232 4899 398,
1287 4852 1343 4888 n.
1389 4836 1479 4899 50,
1530 4836 1608 4890 ita
1659 4836 2009 4890 describitur

366 4907 492 4960 cod.
526 4903 697 4960 Voss.
735 4926 758 4955 ι
793 4903 1149 4975 Hippia—trioa
1179 4922 1314 4961 cum
1349 4907 1482 4976 ﬁgg.
1519 4915 1574 4961 et
1601 4907 1848 4961 multum
1881 4908 2003 4961 dis-

367 4976 661 5044 crepantia
702 4979 772 5029 ab
818 4977 1015 5032 editis.
1064 4977 1298 5049 Titulus
1348 4977 1711 5049 concipitur:
1763 4978 2006 5049 Ἱπτζοιᾰ-

363 5049 708 5124 τρᾳσοφηνοᾷ
740 5051 833 5124 -ςοῦ
876 5049 1044 5124 σίοφοῦ
1095 5047 1351 5118 ῥήτορος,
1382 5047 1685 5118 Ἱερακλὲου
1734 5048 1822 5102 καὶ
1873 5047 2004 5102 ὑπο-

363 5117 596 5193 κράτὸιξς
639 5118 770 5193 (sic)_
826 5117 912 5170 καὶ
956 5117 1060 5193 ’τοῦ
1097 5117 1311 5193 ,σοφοῦ
1370 5117 1635 5193 Γαλήνου.
1677 5123 1755 5193 -ῐη
1817 5122 2003 5193 ﬁne‘:

365 5187 654 5270 ῌληρώθῄ
722 5188 812 5270 τὸ,
863 5189 1033 5270 napo?
1106 5187 1593 5270 ἱππὸιατροσώφην
1635 5187 1760 5270 ’διὰ
1818 5189 2006 5270 χεερῆς

365 5258 887 5334 ἐμοῇ..ὶημητρίου⁸
933 5258 1030 5334 λεογῦ
1079 5258 1383 5334 Αρωᾳινοῦ.
1430 5258 1569 5334 Item
1631 5258 2004 5334 stipatnjiﬁst-

364 5330 478 5394 σὸις
509 5330 814 5405 ὡφὲλξιμὰε.
846 5330 921 5391 εἷς
951 5333 1044 5405 τᾷς
1079 5330 1286 5405 ἷάτρίας
1315 5336 1422 5386 τῶν
1477 5332 1662 5386 ’ίππων
1696 5330 1756 5387 sic
1782 5332 2008 5388 πολλῶν

364 5389 615 5477 ᾡςίὸρᾶς
649 5389 1178 5477 hamato-Mamili
1215 5389 1358 5460 et'iu
1407 5405 1520 5462 ﬁne
1569 5407 1768 5462 eadem
1810 5406 2007 5477 appel-

361 5474 528 5531 latio.
553 5495 584 5527 »
620 5476 790 5530 HARL.

431 5547 683 5620 (α)
718 5545 938 5620 Fabric.
967 5551 1027 5620 Β.
1063 5547 1158 5601 Gr.
1183 5547 1293 5620 vol.
1328 5545 1478 5620 XIII,
1501 5565 1553 5617 p.
1581 5548 1683 5620 126
1714 5548 1836 5618 (ubi
1868 5565 2007 5620 quo-

364 5633 473 5686 que
503 5619 573 5672 de
600 5617 798 5672 libello
831 5621 902 5672 de
942 5619 1105 5672 dicata
1150 5618 1387 5689 agitur),
1442 5620 1505 5672 it.
1555 5617 1726 5687 paulo
1772 5617 1903 5675 ante
1934 5622 2000 5674 ad

366 5696 500 5742 secl.
524 5689 594 5743 10
642 5692 838 5743 notata
867 5703 896 5742 e
938 5691 1148 5758 praafat.
1195 5689 1470 5744 Bernardi
1513 5691 1584 5743 ad
1616 5691 1754 5745 edit.
1788 5691 2004 5746 ibidem

365 5759 593 5832 citatam
642 5759 834 5832 Noui,
863 5759 1224 5832 sive‘potius
1272 5759 1461 5814 Nonni
1508 5760 1904 5832 Theophanis,
1952 5765 2008 5815 et

367 5830 678 5886 Montfauc.
711 5829 854 5884 Bibl.
888 5830 1139 5896 Coislin.,
1191 5847 1324 5902 pag.
1359 5832 1482 5886 448.
1506 5829 1682 5886 Haut;

2108 2982 2634 3057 Pseudonymorum,
2669 2982 2948 3057 Δῐιξ-Ἡὸς
3007 2985 3260 3057 Cangius
3321 2989 3391 3042 ad
3448 2989 3750 3054 Zonaram,

2110 3070 2166 3123 p.
2200 3055 2323 3130 101.
2352 3054 2627 3130 -ῼΡΑΒΡὙ
2656 3053 2822 3130 Conf.
2857 3065 2990 3110 sunt
3022 3053 3332 3127 imprimis,
3367 3075 3492 3130 quae
3529 3053 3749 3115 Nielas.

2111 3129 2167 3197 et
2198 3125 2512 3197 inipraal'at.
2546 3126 2616 3197 ad
2644 3126 2979 3194 praeclaram
3011 3125 3180 3184 suam
3223 3125 3559 3197 editionem,
3593 3137 3649 3186 et
3679 3131 3750 3186 ad

2110 3194 2430 3272 Ne‘edb’ami
2493 3194 3114 3272 prolegomenahscite
3180 3202 3462 3272 docteque
3530 3194 3750 3256 monuit

2114 3267 2486 3350 collegitque.
2523 3267 2858 3350 idem-pag.
2907 3270 2980 3350 39_
3016 3267 3491 3350 _sqq.__castigavi_t
3542 3275 3752 3350 inuitos

2111 3354 2332 3394 errores
2359 3338 2576 3393 Alberti
2610 3338 2842 3407 Halleri,
2885 3342 2982 3410 qui
3015 3338 3083 3396 in'
3107 3338 3273 3399 'Bibl.
3308 3338 3415 3399 sila
3463 3344 3753 3411 botanica,

2114 3415 2260 3486 part.
2310 3427 2349 3478 ι,
2401 3411 2832 3486 pag:_127-145,
2879 3413 2950 3468 de
2999 3414 3344 3484 Geoponicis
3391 3433 3570 3486 quam
3627 3414 3756 3486 plu-

2114 3484 2264 3607 il‘ima
2321 3481 2599 3552 scripsit:
2652 3499 2779 3553 quae
2845 3486 3037 3540 omnia
3094 3481 3351 3558 repetere
3401 3481 3514 3543 non
3571 3481 3752 3542 vacat.

2147 3569 2201 3606 ι).

2147 3569 2201 3606 D.

2184 3625 2255 3693 (θ)
2291 3624 2520 3698 Diversa
2551 3623 2841 3698 variorum
2872 3625 2990 3680 VV.
3018 3629 3124 3681 DD.
3151 3628 3378 3697 judicia
3425 3633 3599 3698 atque
3628 3629 3755 3698 opi-

2115 3694 2315 3748 niones
2346 3693 2705 3762 collegerunt
2735 3701 2790 3747 et
2821 3697 3108 3751 interdum
3145 3693 3550 3752 examinarunt
3579 3693 3757 3752 Neéd-

2118 3765 2247 3837 bant
2276 3763 2335 3816 in
2368 3762 2624 3834 prolegg.
2659 3780 2790 3837 pag.
2820 3767 2891 3818 29
2919 3783 3072 3837 sqq.,
3096 3773 3153 3823 et
3181 3769 3393 3824 Nicias.
3429 3770 3484 3824 in
3511 3769 3662 3824 notis
3683 3770 3757 3824 ad

2116 3832 2255 3889 illa:
2292 3832 2438 3910 quos
2469 3832 3096 3910 con—sulatveliquui
3131 3839 3299 3910 plura
3349 3841 3419 3896 de
3463 3840 3562 3897 illa
3609 3858 3756 3896 con-

2116 3908 2389 3983 troversia
2434 3907 2584 3983 scire
2636 3913 2818 3983 aveat.
2855 3907 3075 3983 _Qual'is
3123 3907 3255 3968 vero
3297 3913 3758 3983 Geoponicorum

2116 3978 2286 4032 fuerit
2315 3978 2605 4056 genitura,
2638 3978 2710 4033 cl.
2745 3979 2958 4037 Niclas.
3002 3984 3073 4056 ad
3129 3978 3448 4040 Needham'i
3497 3986 3754 4056 prolegg.

2114 4050 2376 4122 pag._43
2432 4065 2521 4120 sq.
2582 4056 2748 4104 acute
2819 4055 3092 4109 ostendit.
3165 4050 3596 4122 Constantinus,
3654 4050 3753 4113 ait.

2113 4120 2698 4198 Porphyrogennetus
2742 4123 2807 4176 ad
2856 4141 3024 4198 usum
3075 4127 3267 4196 populi
3306 4127 3412 4198 sui
3462 4120 3756 4198 publicare

2112 4191 2233 4268 vult
2254 4191 3101 4268 Chrestomathiamrusticam:
3118 4191 3419 4268 Negotium
3445 4191 3756 4255 mandatur

2113 4262 2406 4317 Cassiano.
2441 4262 2543 4342 Hic
2572 4279 2638 4320 ex
2672 4264 2852 4342 libris,
2889 4269 2985 4342 qui
3029 4269 3100 4324 de
3145 4262 3230 4326 Ριῖ
3256 4269 3322 4323 R.
3358 4271 3558 4342 scripti
3592 4275 3756 4339 sunt,

2114 4349 2365 4416 quorum
2399 4334 2568 4416 copia.
2590 4340 2760 4416 esset,
2784 4334 3056 4416 omnibus
3091 4346 3385 4416 praaeeptar
3407 4334 3755 4416 rusticorum

2115 4406 2653 4486 omniaconquirit
2697 4423 2764 4462 ac
2811 4409 3040 4486 digerit,
3073 4406 3138 4486 eo
3183 4406 3448 4486 consilio,
3497 4429 3568 4469 ne
3615 4414 3755 4486 quid

2115 4478 2434 4544 omittatur,
2486 4493 2524 4554 Ι,
2575 4478 2789 4554 14,___x1,
2841 4481 2927 4546 14,
2979 4499 3034 4550 ν,
3081 4485 3134 4536 6.
3186 4485 3345 4549 Quod
3397 4478 3650 4554 q'uidem'
3676 4485 3758 4539 ita

2114 4555 2415 4602 exsecutus
2437 4552 2543 4612 est,
2568 4555 2628 4602 ut
2659 4548 2839 4624 libros
2858 4548 3099 4624 quorum
3127 4548 3436 4624 particulas
3469 4555 3563 4610 hic
3585 4556 3760 4610 babe-

2116 4634 2267 4695 mus,
2301 4627 2572 4695 tauquam
2609 4621 2937 4695 su_n_erﬂ_u03
2976 4621 3212 4680 interire
3264 4642 3432 4694 passa
3462 4628 3539 4682 sit
3572 4631 3761 4695 poste-

2116 4689 2277 4768 ritas.
2311 4690 2453 4744 Cum
2485 4705 2639 4768 vero,
2665 4691 2865 4768 Ph_otio
2893 4697 3060 4768 teste,
3096 4697 3222 4751 cod.
3265 4689 3379 4762 163,
3433 4699 3528 4768 qui
3572 4689 3648 4752 de
3689 4698 3757 4754 It.

2118 4760 2181 4838 ξι.
2216 4767 2626 4838 exposuerunt,
2649 4763 2850 4818 eadem
2885 4765 3000 4821 fere
3023 4769 3093 4823 de
3126 4769 3330 4822 iisdem
3358 4760 3758 4838 prodiderint:

2115 4832 2428 4904 Cassianus
2458 4848 2661 4888 omnes
2694 4851 2775 4904 sic
2805 4837 3039 4904 excutit,
3073 4845 3138 4892 ut
3189 4832 3411 4894 nullum
3463 4847 3759 4896 auctorem

2117 4902 2304 4980 solum
2330 4909 2627 4980 sequatur,
2670 4902 2770 4960 sed
2802 4902 3033 4978 ubique
3061 4911 3224 4964 illum
3262 4911 3444 4980 primo
3489 4915 3609 4968 loco
3641 4913 3762 4967 col-

2118 4973 2288 5056 locet,
2346 4973 2449 5056 qni
2520 4976 2570 5030 ei
2633 4973 3056 5056 argumentum
3103 4973 3495 5053 quodcunque
3544 4984 3762 5056 optime

2119 5046 2575 5117 plenissimeque
2626 5046 2902 5106 tractasse
2967 5046 3299 5107 videretur:
3365 5046 3496 5110 huic
3551 5046 3763 5110 deinde

2119 5117 2459 5195 subjungat,
2494 5134 2620 5189 qua)
2669 5123 2822 5195 apud
2872 5122 3014 5177 alios
3063 5126 3378 5179 invenisset
3429 5125 3758 5195 peculiaria.

2117 5189 2438 5269 Hocinodo
2469 5206 2536 5244 ex
2567 5189 2782 5269 multis
2815 5195 3206 5269 complurium
3255 5189 3554 5269 auctorum
3597 5196 3766 5269 volu—

2118 5259 2379 5336 minibus
2411 5261 2579 5336 breve
2606 5261 2783 5336 veluti
2818 5259 3026 5320 ﬂorum
3068 5267 3475 5336 corpusculum
3509 5266 3665 5332 fecit,
3702 5273 3765 5323 ut

2115 5331 2384 5409 Justinus
2410 5335 2470 5388 in
2492 5333 2828 5409 praefatione
2857 5336 2927 5390 de
2959 5339 3134 5393 simili
3169 5331 3446 5392 instituto
3478 5331 3760 5409 loquitur.

2119 5405 2306 5480 Igitur
2335 5403 2651 5480 Cassianus
2673 5406 2882 5461 excitat
2929 5409 3180 5480 reliquos
3230 5413 3512 5478 auctores,
3554 5403 3681 5465 'non
3714 5412 3764 5466 is

2118 5474 2221 5547 qui
2251 5487 2417 5552 ot‘sus
2448 5475 2660 5552 est._iﬂt
2689 5490 2826 5552 sane
2850 5474 3073 5552 poterai
3113 5482 3217 5552 hoc
3241 5480 3364 5552 jam
3418 5474 3589 5547 ex'tv,
3620 5483 3676 5550 8,
3707 5484 3763 5545 9,

2118 5544 2391 5617 perspici,
2415 5547 2516 5601 ubi
2551 5544 2923 5617 Fiorentinus
2953 5550 3024 5602 ab
3053 5550 3212 5603 initio
3244 5544 3300 5602 et
3331 5551 3390 5605 in
3442 5553 3554 5606 ﬁne
3578 5544 3766 5607 'co'mé

2119 5614 2568 5670 memoratum...
2602 5614 2800 5679 Porro,
2825 5624 2890 5671 ut
2918 5620 3100 5670 nostri
3124 5618 3292 5673 hodie
3314 5621 3559 5677 aliorum
3585 5623 3768 5678 libros

2119 5684 2210 5739 vel
2255 5687 2592 5762 Iverteutes,
2651 5678 3060 5762 Visiiiedentes,
3101 5686 3199 5762 vel
3242 5696 3630 5762 excerpentes,
3679 5687 3768 5745 vel

2120 5753 2444 5829 tractantes
2482 5759 2840 5829 quocuflgue
2864 5753 3053 5822 modo,
3092 5758 3387 5829 rarissime
3407 5753 3459 5814 ἀ
3489 5771 3551 5829 se
3584 5753 3770 5829 impe—

2121 5823 2306 5881 trant,
2330 5814 2811 5891 quin'quasdam
2840 5814 3137 5893 aspergunt
3177 5827 3428 5896 notulas,
3467 5825 3551 5879 sic
3597 5814 3777 5884 etiam
