4234 6316
480 362 557 464 27
1773 403 1989 464 JOAN.
2038 401 2206 463 ALB.
2257 400 2592 462 FABRICII
3807 391 3884 454 23

556 539 639 592 13.
692 538 1055 594 Constantini
1101 538 1623 612 Porphyrogcnneli
1663 539 1834 609 jussu
1884 538 2057 594 etiam
2109 542 2282 609 atque
2324 535 2598 607 auspiciis
2651 531 2925 603 martyris
2969 535 3023 586 et
3069 532 3224 586 Vitas
3259 532 3571 586 sanctorum
3623 530 3710 601 (Il,
3762 545 3882 586 non

483 627 867 684 Orientalium
930 637 1172 698 tantum,
1225 636 1289 686 ut
1351 631 1541 687 visum
1607 630 1813 686 Joanni
1883 630 2134 698 Molano,
2187 629 2291 684 sed
2353 625 2716 699 quarumvis,
2765 639 2912 694 quas
2973 620 3231 677 nancisci
3272 621 3482 692 potuit,
3535 620 3880 692 conscripsit

481 718 738 785 Simeon,
769 720 1050 790 magister
1080 725 1136 776 et
1164 721 1471 791 logotbeta,
1522 724 1906 791 cognomento
1953 718 2337 790 Metaphrastes
2381 718 2494 788 (g);
2538 717 2621 770 ita
2667 715 2817 770 enim
2868 711 3198 784 appellatus
3241 714 3329 766 est
3373 712 3526 782 quod
3575 711 3883 782 plerasque

479 806 641 862 Vitas
673 823 788 863 non
811 817 1014 880 suopte
1045 810 1170 880 ipse
1199 810 1434 881 ingenio
1467 810 1794 880 composuit
1823 809 2215 880 condiditque,
2243 809 2344 863 sed
2394 808 2464 862 ab
2492 803 2920 875 antiquioribus
2970 801 3216 871 scriptas
3258 797 3553 874 μετέφρασε
3611 807 3663 855 et
3709 800 3882 869 paulo

477 897 591 951 alio
623 896 825 952 habitu
878 898 1068 954 induit
1113 899 1218 971 (ἡ),
1267 900 1588 954 omittendo
1637 899 1749 954 alia
1796 899 1854 954 in
1901 899 2038 964 illis,
2090 899 2206 952 alia
2249 898 2512 953 addendo
2556 895 2645 951 vel
2694 893 2976 949 mutando
3027 893 3206 962 atque
3245 889 3679 961 interpolando.
3722 889 3887 945 Vitas

483 987 786 1058 plerasque
825 994 1128 1045 recensent
1163 990 1412 1044 Allatius
1435 989 1580 1044 libro
1611 989 1676 1043 de
1707 991 2037 1060 Symeonum
2065 990 2308 1059 scriptis,
2340 1003 2472 1059 pag.
2508 986 2609 1041 124
2641 1001 2788 1054 seq.;
2821 980 3114 1036 Hanckius
3145 984 3310 1052 parte
3341 997 3360 1034 ι
3414 985 3491 1035 De
3517 979 3887 1045 scriptoribus

482 1076 638 1144 33/24.,
690 1093 816 1146 cap.
867 1078 955 1131 24.
1007 1095 1061 1147 p.
1116 1078 1222 1131 436
1271 1094 1411 1148 seq.,
1462 1085 1517 1134 et
1564 1079 1779 1134 Caveus
1831 1079 1899 1133 ad
1958 1095 2008 1132 a.
2059 1079 2116 1133 C.
2168 1077 2294 1142 901,
2355 1077 2456 1131 sed
2526 1075 2604 1129 ita
2667 1082 2727 1128 ut
2790 1070 3137 1126 difﬁcillime
3185 1070 3415 1141 possint
3469 1069 3674 1126 evolvi.
3732 1068 3879 1123 Nam

482 1164 735 1221 Allatius
773 1166 941 1221 initia
981 1168 1247 1222 Vitarum
1298 1167 1499 1222 ordine
1543 1167 1909 1239 alphabetico
1950 1168 2228 1239 digessit;
2279 1163 2577 1221 Hanckius
2612 1163 2772 1217 Vitas
2804 1159 3098 1216 recensuit
3126 1160 3236 1214 sub
3266 1159 3454 1214 titulis
3509 1158 3883 1230 populorum,

483 1253 578 1323 qui
613 1259 847 1310 sanctos
878 1270 1166 1326 quosque,
1199 1272 1449 1326 quorum
1483 1261 1622 1311 sunt
1649 1255 1816 1321 Vitae,
1839 1256 1953 1312 sibi
1983 1256 2313 1310 vindicant:
2348 1257 2570 1310 Caveus
2602 1252 2866 1307 ordinem
2899 1252 3138 1305 secutus
3169 1255 3257 1303 est
3285 1247 3502 1315 Allatii,
3539 1263 3882 1319 quanquam

483 1342 650 1398 initia
683 1345 810 1413 ipsa
837 1345 1104 1400 Vitarum
1135 1346 1424 1402 ascribere
1455 1347 1804 1416 supersedit.
1841 1347 2063 1418 Digessi
2093 1347 2273 1417 igitur
2318 1345 2478 1402 Vitas
2509 1360 2654 1415 quas
2709 1340 3000 1398 Simeonis
3057 1356 3127 1396 ex
3159 1338 3291 1412 styli
3339 1340 3558 1396 ratione
3614 1339 3701 1394 vel
3757 1339 3888 1394 aliis

483 1434 841 1501 argumentis
874 1436 1158 1505 genuinas
1189 1435 1437 1492 Allatius
1495 1440 1714 1505 censet,
1757 1437 2078 1506 descriptas
2108 1436 2431 1491 secundum
2478 1432 2715 1489 nomina
2766 1435 3121 1497 sanctorum,
3151 1429 3353 1484 ordine
3380 1428 3662 1484 recensita
3683 1427 3886 1499 alpha-

480 1522 691 1578 betico.
722 1525 933 1580 Addidi
964 1527 1140 1582 etiam
1173 1527 1339 1596 alias,
1363 1544 1510 1598 quas
1536 1529 1709 1584 certis
1741 1528 2070 1584 auctoribus
2091 1527 2340 1583 Allatius
2373 1525 2595 1590 tribuit,
2647 1523 2904 1594 itemque
2953 1521 3082 1576 illas
3131 1537 3275 1590 quas
3306 1537 3440 1575 cum
3472 1524 3628 1576 certo
3662 1520 3883 1574 auctori

482 1628 600 1667 non
631 1614 840 1670 audeat
861 1617 1181 1685 assignare,
1216 1617 1506 1673 Simeonis
1551 1617 1957 1688 Metaphrastee
1983 1623 2178 1674 tamen
2230 1635 2344 1673 non
2395 1632 2542 1682 esse,
2597 1617 2784 1684 putat,
2823 1626 2953 1666 esse
3004 1610 3389 1680 exploratum,
3422 1611 3674 1680 denique
3713 1609 3883 1677 longe

479 1699 696 1770 plures,
743 1721 887 1774 quas
933 1705 1054 1776 ipse
1099 1706 1158 1761 in
1216 1706 1374 1762 Actis
1419 1710 1750 1762 sanctorum
1796 1707 1885 1762 vel
1925 1705 2083 1762 alibi.
2132 1707 2343 1762 Allatio
2394 1703 2711 1776 prasteritas
2742 1699 3056 1756 observavi.
3110 1697 3278 1754 Illum
3322 1699 3649 1768 catalogum
3697 1697 3877 1752 habes

483 1790 780 1848 volumine
813 1795 879 1849 IX
911 1795 1087 1864 hujus
1116 1796 1488 1852 Bibliotheca;
1525 1813 1581 1868 p.
1614 1797 1683 1851 48
1713 1813 1894 1868 usque
1952 1798 2024 1852 ad
2058 1799 2180 1864 152,
2206 1801 2262 1852 et
2320 1795 2497 1851 multo
2557 1793 2877 1866 pleniorem
2927 1793 3160 1863 quidem
3192 1806 3370 1860 quam
3404 1789 3661 1860 primum
3707 1787 3884 1843 editio

476 1879 791 1937 voluminis
835 1885 1136 1954 praesentis
1196 1885 1304 1941 hoc
1355 1886 1628 1941 eumdem
1661 1885 1787 1942 loco
1834 1885 2143 1940 exhibebat
2173 1885 2274 1955 (1).
2326 1886 2469 1954 Ejus
2516 1885 2715 1954 itaque
2773 1882 2832 1936 in
2872 1883 3056 1937 vicem
3096 1896 3227 1937 ecce
3269 1881 3395 1951 jam
3429 1879 3533 1934 tibi
3589 1876 3883 1932 Michaelis

480 1968 651 2023 Pselli
688 1969 746 2025 in
798 1972 1139 2043 Symeonem
1181 1974 1642 2044 Metaphrastem.
1677 1974 2026 2029 Encomium
2084 1989 2220 2029 cum
2251 1974 2512 2029 versione
2553 1973 2761 2030 Leonis
2792 1971 3010 2035 Allatii,
3044 1970 3102 2025 in
3137 1970 3308 2039 cujus
3333 1968 3520 2040 capite
3561 1968 3629 2021 13
3658 1964 3881 2037 Operis,

482 2060 553 2113 de
583 2059 730 2115 Vitis
761 2067 1098 2118 sanctorum
1131 2065 1202 2118 ab
1233 2080 1298 2119 eo
1330 2063 1656 2135 compositi,
1691 2076 1822 2119 cum
1855 2064 2027 2119 laude
2057 2063 2344 2132 meminit,
2380 2067 2444 2118 ut
2473 2064 2611 2118 facit
2639 2061 2816 2118 etiam
2847 2061 3184 2117 Theodorus
3218 2059 3507 2128 Balsama,
3557 2059 3630 2114 ad
3661 2074 3790 2112 can.
3813 2057 3884 2110 63

481 2149 768 2206 Trullan.:
821 2153 994 2224 Χάρις
1064 2158 1141 2225 τῷ
1219 2153 1486 2226 μακαρίτῃ
1544 2160 1905 2231 Μεταφραστῆ
1961 2157 2040 2225 τῷ
2107 2153 2173 2207 τὰ
2244 2151 2548 2227 μαρτυρικὰ
2616 2151 2749 2226 ὑπὲρ
2806 2155 2904 2216 τῆς
2963 2150 3225 2220 ἀληθείας
3300 2149 3594 2222 σκάμματα
3649 2145 3886 2208 πολλοῖς

481 2241 670 2301 πόνοις
732 2240 820 2294 καὶ
882 2241 1069 2316 ἱδρῶσι
1127 2242 1596 2299 κατακαλλύναντι
1649 2244 1703 2308 ἐς
1732 2244 1897 2317 ὕμνον
1941 2249 2078 2299 Θεοῦ
2131 2243 2222 2300 καὶ
2283 2241 2436 2313 δόξαν
2496 2244 2852 2312 αἰωνίζουσαν
2902 2246 3008 2298 τῶν
3067 2241 3233 2318 ἁγίων
3295 2239 3603 2314 μαρτύρων.
3660 2237 3886 2294 Similia

484 2331 796 2387 Matthasus
825 2334 1132 2403 Blastares,
1165 2336 1225 2391 in
1255 2337 1496 2406 Synepsi
1527 2353 1818 2393 canonum
1850 2355 1905 2408 p.
1938 2339 2008 2392 57
2039 2353 2157 2407 seq.
2183 2337 2358 2392 FABR.
2392 2368 2461 2378 --
2505 2337 2606 2392 Hic
2648 2353 2881 2408 quoque
2913 2336 3201 2406 adjecerat
3249 2332 3442 2399 Pselli,
3486 2330 3884 2401 Metaphrastas

481 2422 756 2491 ofﬁcium,
791 2424 886 2479 Gr.
921 2429 977 2480 et
1020 2427 1137 2481 Lat.
1172 2427 1322 2495 Μηνὶ
1371 2420 1668 2498 Νοεμϐρίῳ
1721 2433 1825 2496 κη’.
1858 2457 2000 2468 ——-
2048 2429 2240 2483 Iliensis
2271 2429 2586 2482 Novembris
2634 2427 2724 2481 die
2751 2429 2843 2490 28,
2897 2426 3349 2482 commemoratio
3409 2424 3464 2477 S.
3494 2423 3676 2476 Patris
3708 2422 3886 2476 nostri

477 2512 763 2583 Symeonis
825 2512 1099 2583 logothetce
1135 2517 1567 2585 Metaphrastce:
1629 2516 1892 2587 Ofﬁcium
1923 2533 1956 2571 a
1998 2518 2174 2572 Pselto
2223 2518 2603 2587 compositum.
2646 2517 2945 2584 Interprete
2975 2515 3145 2569 Leone
3173 2511 3408 2567 Allatio.
3445 2511 3708 2580 Troparia
3739 2510 3800 2580 (i.
3831 2525 3883 2564 e.

475 2600 545 2655 ad
579 2602 867 2672 vesperas)
890 2603 946 2656 in
973 2603 1274 2674 psalmum.
1313 2629 1339 2656 ‹‹
1372 2609 1621 2676 Domine,
1655 2607 1917 2662 clamavi.
1957 2628 1977 2654 ι»
2014 2604 2188 2660 Echus
2220 2606 2484 2676 obliquus
2513 2605 2800 2660 secundus.
2848 2603 2986 2659 Mihi
3027 2618 3159 2657 vero
3202 2617 3306 2656 nec
3353 2599 3731 2655 commodum
3774 2614 3880 2653 nec

478 2691 875 2747 necessarium
908 2709 1036 2750 esse
1066 2695 1312 2762 videtur,
1349 2705 1408 2751 ut
1455 2697 1556 2752 illa
1595 2695 1877 2769 opuscula
1933 2696 2085 2768 typis
2118 2701 2454 2768 repetantur
2509 2697 2568 2751 in
2613 2695 2722 2751 hac
2780 2696 2843 2751 B.
2877 2695 2973 2751 Gr.
3017 2692 3289 2749 editione.
3350 2694 3559 2746 Contra
3597 2687 3876 2761 quoniam

479 2781 783 2852 hucusque
810 2781 880 2837 de
923 2783 1307 2840 Constantino
1364 2786 1908 2859 Porphyrogenneto
1953 2785 2323 2858 scriptisque,
2372 2786 2500 2856 ejus
2533 2787 2705 2856 jussu
2755 2783 3149 2856 auspiciisque
3196 2781 3491 2847 confectis,
3541 2783 3735 2834 actum
3769 2782 3879 2844 est,

483 2868 731 2939 adjicere
761 2869 948 2940 placet
978 2873 1245 2929 notitiam
1282 2874 1688 2930 Cceremonialis
1737 2879 2037 2931 Constant.
2071 2874 2373 2947 Porphyr.,
2414 2874 2662 2930 Fabricii
2720 2879 2887 2930 aetate
2945 2873 3208 2927 nondum
3258 2868 3422 2934 editi,
3454 2867 3709 2922 brevem.
3770 2866 3884 2920 Sed

480 2959 754 3030 quoniam
782 2976 927 3030 opus
959 2966 1158 3033 postea
1188 2963 1377 3020 lucem
1412 2963 1552 3019 vidit
1581 2969 1639 3020 et
1671 2961 1808 3020 satis
1842 2969 2042 3020 notum
2073 2968 2180 3031 est,
2214 2965 2530 3020 maximam
2560 2967 2588 3033 §
2618 2963 2739 3020 XIV
2771 2967 2993 3035 partem
3026 2959 3232 3017 delevi.
3253 2959 3430 3014 HARL.

548 3049 855 3104 Zacharias
887 3051 1109 3106 Conrad
1143 3053 1214 3106 ab
1269 3053 1578 3109 Utfenbacb
1615 3055 1953 3125 possederat
1991 3054 2117 3110 eod.
2151 3053 2208 3108 in
2234 3055 2369 3110 orbe
2419 3054 2614 3110 forsan
2673 3054 2935 3123 unicum,
2994 3051 3194 3124 paucis
3224 3053 3394 3106 antea
3451 3047 3540 3103 vel
3589 3047 3882 3119 cognitum

478 3137 564 3192 vel
601 3143 1011 3208 memoratum,
1046 3141 1145 3212 qui
1177 3157 1229 3196 a.
1262 3142 1398 3195 1732
1421 3143 1683 3214 pervenit
1712 3141 1770 3196 in
1803 3142 2213 3197 bibliothecam
2274 3150 2508 3198 senatus
2566 3141 2907 3213 Lipsiensis.
2961 3141 3014 3195 Is
3043 3156 3176 3195 vero
3225 3137 3483 3194 continet
3537 3135 3889 3191 Canstantint

473 3227 985 3298 Porphyrogenneti
1015 3229 1181 3284 libros
1210 3231 1315 3286 duo
1346 3231 1412 3285 de
1441 3231 1767 3286 cerimoniis
1814 3232 1956 3286 aulae
1984 3231 2329 3302 Byzantine;
2365 3248 2471 3288 nec
2527 3247 2661 3288 vero
2692 3247 2846 3287 unus
2894 3229 3257 3287 Constantin.
3291 3226 3646 3300 Porphyrog.
3681 3229 3885 3281 auctor

478 3315 698 3386 operis,
726 3316 882 3386 quod
910 3317 1148 3388 quidem
1174 3319 1244 3373 ad
1277 3323 1538 3374 nostram
1573 3321 1834 3391 pervenit
1882 3325 2130 3388 aetatem,
2173 3320 2301 3388 fuit,
2353 3319 2476 3388 sed,
2528 3321 2679 3391 quod
2724 3319 2962 3391 quidem
2999 3317 3292 3390 probabile
3315 3315 3620 3372 videbatur
3651 3314 3884 3370 Reiskio

478 3405 538 3458 in
567 3405 728 3476 praef.
754 3406 824 3460 ad
856 3406 968 3461 vol.
1004 3408 1048 3478 Ι,
1083 3411 1270 3479 pag.7
1302 3425 1452 3480 sqq.,
1513 3413 1686 3480 atque
1716 3409 1775 3463 in
1828 3409 1982 3478 praaf.
2018 3409 2133 3464 ﬁne
2188 3410 2258 3464 ad
2289 3408 2403 3465 vol.
2444 3411 2518 3478 Il,
2551 3414 2607 3466 et
2661 3411 2712 3465 J.
2745 3411 2815 3466 M.
2876 3410 3127 3464 Gesnero
3166 3409 3225 3462 in
3280 3405 3703 3472 Relationibus,
3747 3409 3883 3474 etc.,

481 3500 688 3564 postea
717 3494 1046 3562 laudandis,
1083 3496 1193 3552 vol.
1220 3497 1264 3562 Ι,
1298 3513 1355 3567 p.
1389 3498 1514 3565 392,
1540 3498 1766 3566 adjecta
1796 3502 1935 3552 sunt
1966 3499 2226 3567 quadam
2259 3498 2329 3552 ab
2361 3498 2520 3553 illius
2550 3503 2759 3570 nepote
2807 3496 3150 3570 cognomine
3198 3494 3461 3565 aliisque.
3494 3493 3661 3548 Sistit
3689 3496 3887 3547 autem

478 3598 625 3652 opus
682 3582 1033 3638 cerimonias
1094 3584 1154 3640 in
1218 3584 1352 3640 aula
1408 3589 1464 3640 et
1513 3585 1769 3640 Ecclesia
1807 3585 2452 3656 Constantinopolitana
2529 3587 2942 3652 observandas,
2993 3601 3217 3641 necnon
3291 3583 3352 3638 in
3417 3580 3884 3653 expeditionibus

476 3670 701 3726 bellicis
735 3677 790 3727 et
814 3673 967 3729 ludis
1001 3674 1248 3744 publicis
1306 3690 1372 3731 ac
1429 3675 1810 3731 solemnibus.
1849 3674 2019 3730 Illum
2078 3676 2337 3731 codicem
2394 3676 2628 3732 uberius
2683 3677 2989 3748 descripsit
3015 3675 3070 3732 J.
3107 3676 3170 3730 Η.
3202 3672 3388 3730 Maius
3419 3673 3481 3728 in
3504 3671 3678 3728 catal.
3739 3687 3882 3728 mss.

477 3761 743 3817 codicum
780 3762 838 3817 in
873 3763 1010 3818 bibl.
1050 3764 1382 3820 Ufl‘enbach.
1417 3769 1566 3836 part.
1601 3783 1664 3835 11,
1697 3783 1756 3820 n.
1792 3767 2024 3836 17,pag.
2055 3765 2320 3834 537-567,
2354 3782 2423 3821 ex
2452 3783 2636 3838 eoque
2667 3767 2950 3838 excerpsit
2975 3766 3250 3836 primum.
3275 3762 3727 3831 ‘I‘adeaew,etc.,
3750 3761 3890 3816 desi-

476 3853 806 3920 gnationem
844 3853 1254 3922 expeditionum
1287 3855 1638 3924 imperatoris
1669 3856 1994 3910 bellicarum
2026 3858 2076 3910 et
2105 3856 2424 3911 memoriate
2450 3872 2548 3928 pro
2577 3859 2793 3926 castris,
2828 3861 2950 3911 tum
2981 3856 3223 3911 indicem
3270 3855 3514 3926 capitum
3553 3851 3692 3907 tib.1
3739 3855 3790 3907 et
3820 3867 3884 3918 ιι,

480 3939 673 3993 Graece
705 3956 834 3993 cum
859 3957 963 3994 sua
984 3941 1243 3995 versione
1269 3944 1493 3998 Latina.
1526 3944 1593 3997 Et
1625 3943 2080 4013 designationem
2114 3950 2169 3998 et
2209 3936 2460 4000 indicem
2492 3962 2560 4000 ex
2611 3947 2709 3999 illo
2767 3945 3046 4016 catalogo,
3107 3945 3372 4013 salivam,
3433 3943 3625 4007 credo,
3669 3947 3734 3996 ut
3764 3958 3886 3997 mo-

480 4034 636 4082 veret
663 4028 802 4082 viris
835 4028 1039 4094 doctis,
1072 4030 1226 4101 typis
1257 4031 1432 4101 repeti
1469 4031 1680 4086 fecerat
1734 4032 2036 4086 Fabricius
2068 4033 2126 4086 in
2161 4033 2302 4087 edit.
2359 4036 2393 4086 2
2427 4035 2485 4089 Β.
2540 4034 2636 4088 Gr.
2675 4036 2767 4098 At,
2800 4049 2971 4104 opere
3029 4051 3183 4088 nunc
3241 4033 3417 4100 edito,
3451 4047 3518 4086 ea
3570 4031 3768 4085 omnia
3825 4046 3892 4084 ex

483 4117 591 4172 hac
621 4134 768 4173 nova
798 4118 1048 4174 editione
1086 4121 1354 4176 exsulare
1403 4120 1715 4190 jussimus.
1754 4124 1950 4190 Neque
1979 4125 2172 4175 tamen
2229 4123 2695 4188 incommodum,
2751 4137 2940 4192 neque
2998 4120 3129 4176 aliis
3185 4121 3482 4191 ingratum
3532 4119 3724 4174 visum
3783 4128 3890 4182 est,

483 4206 796 4278 epistolam
857 4208 1194 4266 Uti‘enbacb.
1250 4210 1321 4264 ad
1377 4209 1708 4264 Fabricium
1769 4209 2031 4276 missam,
2065 4225 2165 4265 seu
2227 4219 2549 4266 accuratam
2610 4210 2827 4265 codicis
2885 4209 3192 4281 operisque
3251 4208 3724 4279 descriptionem,
3775 4212 3893 4263 eta

491 4297 752 4353 Fabricio
784 4300 863 4370 (p.
915 4301 1038 4367 621,
1072 4302 1187 4358 vol.
1244 4299 1319 4354 VI
1350 4304 1462 4355 vet.
1514 4300 1677 4372 edit.)
1732 4299 2114 4372 publicatam,
2166 4307 2338 4373 atque
2366 4318 2399 4356 a
2447 4301 2678 4358 Reiskio
2706 4301 2817 4357 vol.
2852 4304 2872 4357 Ι
2904 4300 3096 4373 aperis
3129 4317 3258 4374 pag.
3291 4316 3430 4355 χχιιι
3460 4299 3748 4369 iteratam,
3783 4299 3890 4356 hoc

494 4385 620 4440 loco
651 4386 914 4442 retinere.
949 4389 1031 4443 En
1063 4389 1243 4460 igitur
1272 4387 1540 4444 notitiam
1571 4386 1932 4444 Uﬁ‘enbachii
1956 4406 2090 4444 cum
2120 4389 2366 4444 Fabricii
2399 4389 2574 4444 notis.

2085 4499 2295 4555 NOTIE

489 4595 801 4670 Cassianus
827 4613 943 4670 non
975 4601 1200 4653 mutum
1235 4613 1411 4670 pecus
1445 4598 1726 4668 est,quod
1759 4597 1979 4670 alienos
2013 4614 2136 4654 sac-
2246 4595 2678 4670 Metaprhrastas,
2704 4666 2715 4670 _
2741 4612 2874 4667 pag.
2915 4596 3058 4670 233;
3100 4594 3462 4670 _C_aveus_ad
3514 4611 3564 4670 ar.
3626 4595 3685 4650 C.
3745 4597 3842 4649 901
3874 4615 3888 4664 ;

490 4684 588 4723 cos
620 4668 678 4721 in
713 4668 1109 4723 unumlocum
1144 4665 1313 4724 tacite
1358 4665 1672 4740 congerat;
1724 4669 1822 4724 sed
1858 4669 1940 4723 vir
1972 4669 2134 4738 inge-
2249 4665 2532 4722 Antonius
2585 4665 2902 4740 Pagi'toin.
2955 4667 3031 4722 Ill
3083 4667 3300 4722 Criticze
3350 4665 3681 4722 Baroniana
3733 4672 3802 4722 ad
3836 4685 3888 4723 a.

492 4755 662 4811 nuus,
697 4739 1350 4805 institutusliberaliter,
1377 4739 1724 4810 pracdiorum
1753 4740 2136 4811 villarumque

490 4809 751 4882 plurium
789 4811 1060 4866 dominus
1091 4816 1147 4867 et
1177 4813 1299 4882 ipse
1347 4809 1885 4882 eiperientissimus
1917 4809 2132 4879 arator,

490 4881 589 4953 qui
607 4881 786 4936 sumit
803 4883 1103 4937 audaciam
1128 4881 1434 4954 quaesitam
1455 4886 1700 4953 meritis,
1716 4889 1770 4938 et
1794 4883 2133 4940 sententiam

489 4970 654 5008 suam
688 4955 812 5024 ipse
843 4959 972 5023 post
1003 4954 1148 5008 alios
1179 4955 1340 5022 dicit,
1369 4955 1472 5010 hoc
1495 4961 1601 5024 est,
1635 4959 1959 5024 opportune
1979 4961 2134 5010 notas

489 5041 621 5081 suas
655 5042 766 5080 non
801 5028 1043 5095 aspergit
1075 5027 1144 5080 ad
1178 5027 1518 5094 marginem,
1553 5026 1704 5096 quod
1740 5042 1895 5079 nunc
1928 5026 2009 5093 ﬁt,
2035 5027 2131 5082 sed

488 5096 860 5166 interspergit,
893 5101 949 5151 et
979 5114 1040 5152 se
1071 5097 1273 5152 miscet
1306 5097 1529 5167 reliquo
1553 5097 1907 5151 rusticorum
1935 5098 2127 5152 choro.

488 5170 605 5224 Hoc
638 5171 827 5237 itaque
858 5172 1158 5223 tenemus:
1208 5169 1355 5223 Sunt
1402 5169 1746 5238 Gcoponica.
1792 5169 2132 5224 Chrestoma-

487 5242 605 5295 thia
654 5241 856 5294 rustica
906 5255 1031 5293 cum
1076 5242 1220 5294 notis
1268 5239 1521 5295 Cassiani
1575 5240 1750 5306 Bassi,
1798 5239 2131 5307 scholastici,

488 5310 641 5366 edita
687 5310 1203 5380 Constantinopoli,
1255 5312 1517 5379 impensis
1563 5317 1616 5367 et
1678 5310 1932 5381 auspiciis
1994 5310 2136 5365 Con-

487 5382 727 5436 stantini
789 5382 1313 5453 Porphyrogenneti.
1360 5382 1478 5438 Hoc
1549 5384 1873 5448 observato,
1918 5382 2137 5448 reliqua

489 5453 686 5507 omnia
714 5460 850 5510 sunt
897 5454 1166 5525 expedita
1212 5457 1268 5508 et
1310 5455 1598 5525 explicita.
1633 5475 1664 5505 υ
1707 5453 1992 5525 Hactenus
2038 5453 2134 5508 Ni-

488 5525 628 5596 clas,
663 5526 868 5596 quiea
900 5524 1022 5596 quae
1063 5526 1207 5581 bene
1239 5529 1297 5579 et
1354 5524 1529 5590 recte,
1569 5527 1795 5594 opinor,
1838 5524 2132 5595 explicuit,

487 5595 680 5650 adhuc
741 5595 957 5666 aliquot
1024 5596 1305 5668 exemplis
1375 5599 1640 5668 probavit
1692 5596 2131 5666 illustravitque.

488 5672 668 5722 Hann.

558 5740 628 5810 (Γ)
663 5737 1001 5794 Cnnferatur
1043 5739 1460 5807 Metaphrastes
1510 5739 1566 5795 in
1620 5741 1740 5794 Vita
1791 5740 2134 5795 Theoctistae

493 5812 645 5882 apud
678 5809 908 5866 Surium
945 5811 1016 5864 ad
1053 5813 1118 5866 10
1164 5813 1327 5880 Nov.;
1362 5811 1535 5869 Mic'n.
1581 5812 1823 5881 Psellus,
1860 5814 2134 5870 Encomio

2242 4742 2368 4806 902,
2401 4746 2457 4794 et
2481 4737 2764 4810 praecipue
2790 4739 2918 4810 913.

2315 4813 2389 4880 (ρ)
2443 4808 2548 4864 Adi
2599 4809 2680 4864 sis
2711 4827 2841 4880 quae
2898 4808 3120 4865 Psellus
3171 4824 3302 4880 pag.
3330 4809 3435 4862 227
3466 4825 3612 4880 seq.,
3644 4810 3887 4868 Allatius

2245 4881 2344 4937 lib.
2379 4883 2452 4936 De
2479 4881 2798 4936 Simeonum
2849 4882 3091 4950 scriptis,
3139 4896 3270 4953 pag.
3318 4882 3390 4934 73
3438 4899 3586 4953 seq.,
3639 4899 3885 4938 necnon

2245 4953 2393 5008 libro
2425 4955 2496 5006 De
2527 4955 2684 5018 Nilis,
2719 4969 2850 5024 pag.
2899 4953 2969 5024 29
3016 4968 3131 5024 seq.
3165 4952 3302 5024 edit.
3358 4970 3390 5024 a
3423 4952 3534 5024 me
3569 4960 3801 5023 curata},
3831 4961 3888 5008 et

2243 5027 2320 5078 De
2349 5024 2598 5096 gPsellis§
2631 5022 2871 5096 16_’seq.;
2907 5023 3189 5078 Martinus
3221 5022 3515 5096 Hanckius
3566 5030 3726 5096 parte
3755 5022 3888 5079 I’De

2243 5094 2602 5166 scriptoribus
2659 5094 2786 5150 hist.
2856 5097 3011 5166 Byz.,
3075 5110 3200 5164 cap.
3254 5095 3374 5166 724;
3438 5096 3522 5150 Jo.
3575 5095 3889 5151 Bollandus

2246 5165 2406 5238 praef.
2431 5167 2501 5221 ad
2531 5168 2672 5222 Acta
2704 5165 2952 5222 sanctor.
2995 5172 3136 5222 tom.
3171 5165 3508 5238 IuJanuarq
3543 5183 3598 5236 p.
3651 5169 3718 5220 16
3764 5183 3886 5237 seq.

2245 5235 2422 5295 Fama.
2451 5270 2520 5279 —-
2543 5238 2622 5293 De
2655 5238 2762 5293 hoc
2791 5238 3055 5293 Simeone
3095 5242 3153 5292 et
3200 5235 3349 5292 Vitis
3397 5235 3730 5293 sanctorum
3779 5235 3888 5292 alio

2245 5315 2506 5381 tempore
2536 5310 2594 5365 in
2627 5310 2735 5365 hac
2765 5309 2827 5366 Β.
2861 5309 2928 5365 G.
2961 5309 3251 5381 copiosius
3285 5310 3729 5381 agam.AQuare,
3761 5326 3887 5381 quas

2246 5379 2415 5437 Fabr.
2450 5383 2507 5436 in
2538 5387 2653 5438 vet.
2686 5381 2821 5437 edit.
2853 5381 2946 5434 hic
2995 5379 3064 5434 de
3113 5380 3403 5447 Simeone,
3455 5379 3697 5450 ejusque
3745 5380 3886 5434 scri-

2246 5454 2382 5523 ptis,
2437 5454 2568 5508 item
2631 5456 2700 5508 de
2761 5453 2992 5523 Dioptra
3057 5461 3427 5517 annexuerat,
3491 5452 3552 5506 in
3615 5452 3885 5524 praesenti

2247 5524 2437 5579 omisi.
2482 5525 2658 5580 HARL.

2316 5597 2395 5664 (ἡ)
2439 5595 2583 5651 Vide
2631 5593 2896 5650 Cotelerii
2945 5598 3307 5651 Monumenta
3363 5597 3629 5650 Ecclesia
3682 5596 3886 5662 Gracw,

2247 5670 2387 5723 tom.
2424 5667 2526 5731 Ill,
2578 5684 2706 5738 pag.
2749 5668 2876 5736 574,
2927 5671 2984 5722 et
3031 5666 3359 5722 Bernardini
3395 5669 3464 5720 de
3519 5666 3888 5723 Montfuucon

2243 5738 2738 5810 Palaeographiam
2770 5742 3047 5807 Gracam,
3083 5757 3134 5809 p.
3164 5740 3286 5805 260,
3320 5739 3446 5805 273,
3478 5738 3599 5792 275.

549 5943 622 6003 (1)
660 5941 789 5991 Vide
824 5942 876 5990 in
909 5941 1172 6006 Symeone
1203 5943 1574 6008 Metaphraste,
1606 5943 1759 6001 intra,
1793 5945 1858 5994 ad
1893 5959 1981 6026 an.
2010 5949 2117 5996 965.
2151 5947 2288 5995 Eorr.
2326 5947 2472 5995 Pars.
