4234 6316
371 352 449 413 29
1081 349 1413 412 NOTITIA
1458 349 1959 413 SCRIPTORUM
2006 351 2537 412 CONSTANTINI
2579 348 3089 409 PROPHYROG.
3706 342 3784 404 30

446 482 628 540 Codex
646 485 829 554 forma
859 491 938 538 est
967 483 1188 554 majori,
1221 500 1382 555 quam
1405 486 1469 539 in
1497 482 1632 555 folio
1661 498 1850 539 vocare
1877 484 2073 552 solent,
2107 486 2165 539 in
2195 486 2544 539 membranas
2571 496 2950 556 pergamenas,
2980 494 3178 550 easque
3205 478 3496 550 ﬁrmiores,
3529 479 3782 535 lmviores

377 580 546 646 atque
587 572 898 642 nitidiores,
928 589 1093 644 quam
1141 572 1337 644 quibus
1382 572 1688 643 postremis,
1721 580 1849 628 ante
1898 572 2282 645 typographite
2328 572 2719 642 inventionem,
2762 568 3093 640 temporibus
3132 566 3451 633 utebantur,
3484 571 3779 623 exoratus.

387 664 710 735 Quanquam
749 664 815 716 de
854 662 971 733 ejus
1019 670 1173 718 aetate
1208 670 1356 718 certo
1394 658 1625 731 deﬁnire
1664 678 1776 718 non
1813 662 2016 728 ausim,
2060 661 2227 717 illum
2265 667 2450 718 tamen
2495 664 2649 733 longe
2683 666 2812 717 ante
2852 660 3004 714 urbis
3048 660 3516 729 expugnationem
3562 656 3623 711 in
3656 658 3777 725 ipsa

380 753 584 811 ercia
628 756 895 825 scriptum
935 770 1069 823 esse,
1111 752 1382 809 existimo.
1431 754 1667 809 Summa
1702 755 1848 810 enim
1893 770 2026 810 cura
2076 758 2242 826 atque
2286 754 2619 810 dexteritate
2660 753 2955 825 confectus,
2980 758 3043 806 ut
3081 749 3417 822 sphalmata,
3466 748 3664 821 quibus
3694 764 3775 804 re-

381 844 645 902 centiores
664 861 735 901 ex
761 842 1077 900 scribarum
1100 844 1419 915 ignorantia
1447 849 1611 918 atque
1639 846 1927 901 oscitantia
1956 850 2181 914 scatent,
2214 847 2300 901 vel
2328 846 2490 901 nulla
2525 844 2614 900 vel
2652 845 2856 914 exigua
2885 842 3173 898 rarissime
3207 848 3518 897 occurrant.
3554 842 3618 895 Et
3661 841 3785 896 licet

381 934 660 1007 elegantia
699 935 985 1007 scripturae
1008 942 1162 989 tanta
1190 942 1468 1006 appareat,
1494 951 1559 989 ac
1577 932 1628 990 si
1649 936 1924 1006 integrum
1948 935 2200 992 volumen
2231 952 2340 992 non
2368 936 2546 991 solum
2576 935 2762 991 eadem
2782 950 2973 1001 manu,
2996 933 3085 988 sed
3114 932 3302 989 eodem
3321 932 3533 987 calamo
3565 930 3780 986 eadem-

373 1041 477 1101 que
500 1025 593 1081 die
611 1024 948 1095 descriptum
980 1023 1252 1095 videatur,
1284 1024 1600 1081 litterarum
1629 1032 1811 1081 tamen
1840 1024 2128 1082 character
2155 1028 2441 1098 antiquior
2469 1034 2550 1082 est
2578 1034 2629 1081 et
2671 1042 2708 1079 a
2738 1031 2922 1079 nostro
2950 1023 3188 1078 multum
3228 1023 3432 1095 differt,
3464 1023 3627 1093 atque
3660 1020 3780 1076 ideo

375 1116 667 1171 lectionem
696 1114 868 1169 initio
898 1112 1281 1185 difﬁciliorem
1310 1108 1508 1181 reddit,
1542 1130 1662 1186 quae
1691 1114 1992 1186 difﬁcultas
2022 1120 2265 1188 augetur
2285 1133 2384 1188 per
2404 1112 2578 1186 siglas
2592 1116 2680 1171 vel
2703 1115 3019 1169 litterarum
3040 1111 3380 1183 compendia,
3404 1110 3610 1182 etquod
3630 1126 3784 1167 voces

375 1204 561 1261 minus
590 1204 872 1261 distinctae
903 1204 1059 1261 nullo
1087 1205 1410 1276 plerumque
1441 1203 1743 1260 interstitio
1764 1205 1874 1260 sibi
1903 1206 2231 1262 cohaereant.
2256 1207 2406 1274 Quod
2437 1206 2693 1279 equidem
2716 1208 2903 1261 notam
2932 1220 3047 1258 non
3075 1203 3527 1258 contemnendam
3547 1200 3787 1273 antiquir

376 1294 507 1352 tatis
538 1296 605 1351 cl.
638 1294 948 1352 Salmasius
979 1293 1042 1366 (i)
1072 1298 1284 1351 asserit.
1317 1296 1580 1351 Accentus
1623 1293 1828 1366 adjecti
1866 1296 2023 1352 illam
2063 1313 2160 1352 nec
2190 1298 2398 1354 tollunt
2444 1314 2543 1354 nec
2570 1296 2852 1365 minuunt,
2884 1311 3010 1350 cum
3038 1294 3106 1349 ab
3136 1292 3511 1361 Aristophane
3540 1293 3784 1362 iamdum

378 1386 590 1442 inventi
619 1388 677 1457 (7')
727 1389 779 1441 et
819 1388 875 1441 in
921 1387 1302 1441 vetustissimis
1327 1391 1492 1459 atque
1519 1389 2003 1457 praestantissimis
2053 1388 2331 1444 codicibus
2371 1404 2515 1460 sa’pe
2545 1388 2921 1455 reperiantur.
2952 1387 3204 1440 Externa
3242 1383 3377 1439 libri
3404 1385 3591 1454 facies,
3624 1385 3786 1441 invo-

378 1477 590 1531 lucrum
628 1478 901 1532 nimirum
930 1492 1001 1533 ex
1028 1478 1173 1532 corio
1201 1476 1398 1532 bubulo
1434 1478 1657 1533 Turcico
1686 1481 1939 1534 constans
1969 1494 2218 1549 auroque
2245 1479 2561 1546 obductum,
2591 1487 2757 1550 atque
2787 1493 2979 1548 regum
3022 1474 3328 1545 Hungariae
3356 1472 3623 1545 insignia,
3654 1490 3783 1545 quae

377 1565 435 1620 in
465 1568 705 1636 utraque
728 1569 885 1637 parte
930 1570 1220 1638 apparent,
1250 1569 1388 1623 satis
1434 1566 1830 1637 demonstrant,
1868 1584 1980 1624 non
2008 1569 2265 1625 ultimum
2306 1571 2453 1626 inter
2476 1570 2847 1626 celeberrimae
2887 1570 3050 1640 atque
3087 1567 3527 1623 instructissima;
3558 1565 3785 1621 Buden-

375 1657 473 1723 sis,
505 1656 611 1712 heu
638 1659 967 1729 quondam!
998 1656 1332 1714 bibliothecx
1376 1655 1645 1730 κειμήλια
1677 1658 1853 1715 locum
1903 1658 2227 1716 obtinuisse.
2264 1665 2342 1717 De
2387 1675 2491 1733 quo
2521 1662 2674 1730 infra
2699 1658 2975 1731 pluribus.
3007 1657 3111 1714 Sed
3136 1665 3195 1713 ut
3231 1656 3302 1713 ad
3334 1657 3599 1713 interiora
3631 1672 3784 1713 acce-

375 1744 520 1814 dam,
553 1746 776 1814 primus
833 1753 1106 1802 tractatus
1153 1763 1370 1803 omnem
1423 1751 1754 1818 apparatum
1804 1747 2058 1803 bellicum
2109 1748 2403 1821 omniaque
2446 1748 2517 1804 ad
2554 1748 2717 1803 illum
2768 1749 3075 1804 necessaria
3111 1747 3455 1802 exactissime
3500 1744 3788 1810 describit;

381 1834 603 1907 reliqui,
636 1834 783 1891 ritus
809 1835 1231 1904 ecclesiasticos,
1263 1837 1617 1905 cerimonias,
1649 1837 1711 1892 in
1739 1853 2067 1910 unoquoque
2093 1840 2231 1908 festo
2261 1838 2350 1894 die
2387 1837 2670 1894 observari
2714 1838 2927 1903 solitas,
2955 1836 3238 1909 prolixius
3271 1838 3618 1891 enumerant.
3650 1836 3789 1891 Hinc

378 1939 490 1981 non
537 1925 717 1980 solum
765 1941 886 1997 quos
928 1925 998 1981 ad
1044 1934 1247 1983 statum
1289 1928 1538 1983 aulicam
1583 1930 1637 1983 et
1685 1927 2114 1984 ecclesiasticum
2155 1929 2457 1999 pertinent,
2500 1927 2593 1984 sed
2629 1927 2811 1983 multa
2853 1928 3020 1983 etiam
3075 1943 3193 1998 qux
3238 1926 3309 1981 ad
3362 1927 3791 1996 topographium

376 2015 552 2086 urbis,
585 2015 895 2088 ofﬁciorum
925 2020 1088 2088 atque
1121 2017 1457 2088 dignitatum
1490 2019 1748 2074 notitiam
1784 2023 2095 2090 utramque,
2126 2020 2555 2077 ecclesiasticam
2593 2019 2866 2090 imprimis
2896 2019 3093 2075 horum
3131 2026 3438 2089 temporum
3471 2016 3786 2084 historiam,

376 2107 615 2174 faciunt,
656 2108 1034 2178 reperiuntur,
1067 2124 1186 2179 qux
1218 2109 1358 2164 alibi
1390 2110 1599 2179 frustra
1636 2109 1973 2179 quaesiveris.
2009 2108 2159 2175 Quod
2198 2108 2474 2164 luculento
2517 2112 2599 2165 est
2629 2109 2854 2177 indicio,
2885 2109 2983 2165 hoc
3025 2125 3160 2180 opus
3187 2124 3474 2178 nunquam
3500 2107 3785 2178 prodiisse.

379 2194 548 2251 Multa
577 2197 726 2252 enim
758 2202 875 2252 tam
901 2197 1100 2270 palatii
1129 2213 1294 2270 quam
1320 2198 1578 2254 Ecclesix
1606 2200 1820 2270 ofﬁcia,
1850 2213 1885 2253 a
1932 2197 2136 2255 Codino
2173 2206 2335 2271 atque
2374 2199 2607 2254 Meursio
2632 2199 2855 2268 omissa,
2880 2215 2952 2256 ex
2998 2199 3097 2254 illo
3130 2198 3381 2269 produci,
3412 2198 3591 2253 multa
3618 2198 3788 2253 etiam

381 2284 665 2340 illustrari
683 2294 927 2358 possunt.
960 2292 1268 2345 Innumeras
1304 2303 1518 2361 quoque
1556 2303 1708 2345 voces
1753 2294 2047 2344 occurrunt
2085 2304 2220 2359 quas
2259 2303 2434 2359 neque
2465 2288 2761 2356 Glossaria,
2789 2305 2828 2344 a
2867 2288 3120 2355 Labbxo,
3151 2288 3416 2356 Meursio,
3450 2288 3529 2341 Du
3580 2286 3789 2356 Cangio

383 2379 703 2447 composita,
733 2392 905 2448 neque
929 2378 1254 2449 Hesychius,
1285 2394 1456 2450 neque
1486 2376 1686 2435 Suidas
1705 2378 1908 2435 habent
1936 2378 2035 2451 (Is).
2070 2379 2251 2447 Quare
2274 2377 2344 2435 ad
2374 2379 2575 2449 linguae
2602 2380 2774 2436 etiam
2806 2380 3068 2449 peritiam
3097 2378 3247 2434 haud
3284 2394 3488 2449 parum
3514 2377 3790 2433 conducit.

387 2468 582 2539 Stylus
611 2475 864 2523 caeterum
892 2470 1023 2524 satis
1055 2476 1297 2541 comptus
1325 2474 1489 2542 atque
1520 2486 1624 2543 pro
1670 2471 1833 2526 istius
1875 2470 2066 2525 saeculi
2112 2469 2364 2526 barbarie
2392 2477 2477 2526 sat
2521 2470 2777 2539 elegans.
2807 2469 3098 2541 Nunquam
3125 2484 3259 2525 vero
3285 2467 3518 2535 editum,
3550 2467 3664 2523 imo
3698 2467 3794 2521 vix

387 2559 673 2627 coqnitum
699 2556 951 2614 hactenus
981 2558 1247 2630 Optimum
1275 2561 1453 2631 fuisse
1480 2559 1736 2631 codicem,
1762 2575 2004 2632 prorsus
2029 2558 2224 2617 miror.
2246 2559 2430 2631 Neque
2450 2560 2603 2615 enim
2622 2560 2770 2615 inter
2797 2574 2960 2632 opera
2979 2558 3328 2616 Constantini
3345 2573 3379 2614 a
3405 2556 3689 2622 Vulcanio,
3707 2556 3792 2612 vel

388 2647 458 2704 ab
485 2648 619 2704 aliis
645 2649 859 2728 publici
870 2650 1033 2720 juris
1061 2652 1242 2721 facta,
1264 2658 1519 2723 apparet,
1550 2667 1727 2723 neque
1767 2652 1833 2706 ab
1876 2652 2139 2719 Hanckio,
2168 2666 2268 2707 nec
2305 2650 2441 2714 alio,
2471 2650 2617 2720 q‘uod
2654 2652 2847 2717 sciam,
2873 2651 2992 2706 ulla
3017 2650 3137 2722 ejus
3167 2650 3228 2721 ﬁt
3259 2647 3458 2704 mentio
3480 2648 3561 2719 (ι).
3601 2649 3790 2704 Verum

383 2739 467 2793 Du
485 2739 710 2794 Fresnei
756 2739 969 2797 domini
1010 2741 1095 2796 Du
1125 2741 1307 2811 Canae
1351 2741 1689 2798 industriam
1735 2742 2006 2814 eﬂugisse,
2034 2742 2201 2812 plane
2246 2739 2509 2806 demiror,
2538 2740 2736 2813 quippe
2782 2742 2881 2813 qui
2918 2740 2988 2796 ad
3043 2739 3440 2796 illustrandum
3487 2736 3790 2794 Orientalis

382 2829 614 2899 Imperii
667 2829 979 2900 historiam,
1024 2835 1077 2887 et
1126 2830 1463 2889 Glossarium
1515 2848 1680 2888 suum
1735 2831 2117 2889 adornandum
2176 2830 2603 2902 incomparabili
2655 2846 2884 2902 prorsus
2933 2831 3112 2888 studio
3166 2832 3358 2886 omnia
3411 2830 3647 2885 rimatus
3708 2831 3789 2883 est

383 2916 542 2974 Solus
574 2918 838 2974 Gesnerus
866 2919 985 2991 (τη),
1019 2922 1080 2976 in
1109 2920 1341 2977 historia
1372 2921 1649 2978 litterario
1682 2920 2112 2991 versatissimus,
2142 2922 2260 2991 ejus
2294 2921 2444 2977 hisce
2473 2923 2747 2991 meminit,
2777 2926 2907 2977 dum
2934 2921 3081 2978 inter
3108 2921 3232 2977 alia
3264 2920 3601 2977 Constantini
3629 2932 3794 2989 opera

382 3011 621 3062 recenset
652 3023 667 3062 :
697 3006 984 3065 Volumen
1015 3009 1281 3068 Grecam
1327 3026 1608 3083 magnum
1640 3027 1711 3067 ex
1741 3009 2094 3067 bibliotheca
2126 3009 2459 3081 Hungarlca
2492 3010 2564 3065 de
2592 3009 2928 3067 cerimoniis
2976 3009 3180 3065 aulicis
3209 3010 3388 3065 sacris
3428 3012 3484 3064 et
3514 3006 3789 3080 profanis.

380 3097 731 3165 Videndum,
754 3101 932 3169 pergit
953 3100 1235 3168 Gesnerus,
1259 3105 1392 3158 ante
1414 3101 1560 3158 forte
1581 3102 1659 3158 ait
1678 3101 1831 3157 idem
1846 3099 1994 3157 liber
2014 3099 2115 3172 qui
2134 3099 2568 3172 Harmenopulo
2590 3100 2872 3156 tribuitur
2892 3100 2951 3156 in
2973 3099 3233 3172 catalogo
3260 3097 3619 3154 bibliotheca
3638 3095 3792 3168 regis

382 3184 702 3242 Gallorum.
763 3209 791 3238 «
852 3188 1007 3244 Ordo
1058 3190 1204 3262 regii
1255 3189 1475 3261 palatii.
1513 3214 1535 3243 ι
1581 3190 1808 3247 Nullum
1852 3205 1978 3247 vero
2024 3189 2166 3246 mihi
2213 3188 2444 3245 dubium
2488 3197 2588 3258 est,
2619 3194 2716 3245 aut
2763 3189 2916 3263 falso
2976 3190 3336 3246 Constantino
3385 3188 3793 3257 Harmenopulo

380 3272 621 3331 inscribi
645 3278 742 3330 aut
767 3275 942 3345 plane
969 3278 1253 3334 diversum
1281 3294 1391 3335 esse
1418 3279 1630 3336 debere.
1664 3279 1800 3335 Cum
1822 3279 2255 3351 expressissimis
2275 3279 2454 3334 verbis
2484 3279 2783 3350 imperator
2810 3278 2873 3334 in
2902 3281 3149 3335 omnium
3182 3282 3516 3333 tractatuum
3536 3274 3715 3331 titulis
3743 3276 3795 3330 et

381 3363 702 3435 prxloquiis
746 3365 871 3422 illos
908 3367 1018 3422 sibi
1064 3366 1173 3438 ipsi
1226 3367 1488 3438 vindicet,
1518 3373 1571 3425 et
1612 3384 1773 3441 quem
1822 3366 2172 3424 Constantino
2219 3367 2620 3438 Harmenopulo
2648 3368 2849 3423 tribuit
2896 3367 3082 3435 codex,
3122 3366 3189 3422 de
3224 3367 3445 3432 aulicis,
3477 3380 3631 3420 meus
3672 3376 3794 3419 vero

383 3450 448 3506 de
488 3453 870 3511 ecclesiasticis
915 3455 1266 3526 potissimum
1293 3461 1440 3529 agat.
1480 3462 1570 3514 Du
1628 3456 1889 3526 Congius,
1920 3457 2021 3528 qui
2065 3456 2256 3512 omnia
2301 3454 2467 3525 regiae
2501 3456 2630 3514 bibl.
2657 3472 2760 3513 ms.
2791 3455 2977 3512 sedulo
3030 3457 3288 3522 excussit,
3322 3451 3794 3524 HarmenOpulum

384 3555 494 3596 non
534 3543 690 3611 vidit,
722 3544 868 3599 alias
916 3545 1254 3617 neglexisset
1298 3546 1568 3616 minime;
1620 3563 1790 3619 quare
1833 3546 2006 3603 illum
2053 3545 2243 3602 adesse
2280 3544 2378 3601 vix
2419 3544 2577 3602 credo
2608 3545 2710 3617 (η).
2753 3545 2819 3602 Si
2854 3546 3053 3603 Labbet
3081 3545 3426 3602 Bibliotheca
3454 3559 3586 3599 mss.
3619 3543 3694 3613 (ο)
3723 3540 3794 3596 ad

386 3646 583 3687 manus
611 3637 770 3701 esset,
804 3635 996 3689 lubens
1023 3634 1470 3703 consuluissem;
1511 3638 1558 3692 is
1585 3638 1739 3693 enim
1784 3637 1957 3707 regiae
1983 3635 2320 3691 bibliothecx
2365 3648 2497 3690 mss.
2529 3637 2677 3690 inter
2712 3639 2913 3691 extera
2955 3643 3262 3698 enumerat,
3294 3633 3475 3703 qualis
3513 3636 3701 3687 autem
3724 3629 3795 3685 sit

378 3722 678 3791 catalogus,
701 3723 767 3779 de
806 3739 914 3794 quo
962 3724 1254 3793 Gesnerus,
1304 3727 1520 3795 ignoro.
1555 3726 1647 3781 Ms.
1678 3725 1851 3794 fuisse
1898 3727 2124 3794 oportet.
2171 3723 2530 3792 Singularem
2586 3721 2738 3777 enim
2790 3722 3070 3791 regiorum
3114 3737 3246 3777 mss.
3274 3720 3507 3777 indicem
3548 3734 3795 3791 unquam

1975 3828 2205 3887 NOTIE.

457 3928 520 4001 (i)
541 3926 790 4002 Epistol.
825 3927 999 4002 adol.
1030 3928 1370 3986 Barravium
1402 3945 1528 4002 quae
1560 3929 1663 3986 183
1693 3933 1780 3986 est
1808 3928 1867 3985 in
1898 3920 2036 3985 edit.

695 3926 790 4010 to].
825 3927 999 4011 adﬁgi.
1030 3928 1370 3986 Barravium
1402 3945 1528 4002 quae
1560 3929 1663 3986 183
1693 3933 1780 3986 est
1808 3928 1867 3985 in
1898 3926 2036 3985 edlt.
2329 3929 2668 4011 Secundum
2710 3926 3159 4011 ca_talo_g._co_dd.
3191 3928 3331 3984 bibl.
3363 3926 3545 4011 Paris.
3588 3928 3782 4011 Regia:

385 3999 733 4072 Burmanni,
760 3999 961 4072 p._186
993 4016 1115 4072 aeq.
1418 3999 1437 4002 ”
2142 4004 2233 4055 eet
2262 3999 2412 4056 inter
2458 4000 2574 4055 alia
2615 3999 2983 4056 Constantini
3032 3999 3447 4071 Harmenopuli
3492 3999 3699 4072 opera,
3724 4002 3738 4053 i

2142 4004 2233 4055 eet
2262 3999 2412 4056 inter
2458 4000 2574 4055 alia
2615 3999 2983 4056 Constantini
3032 3999 3447 4071 Harmenopuli
3492 3999 3699 4072 opera,
3724 4002 3786 4055 in

455 4072 525 4140 (j)
556 4070 715 4126 Idem
748 4070 1142 4130 Salmasius—1.
1175 4089 1226 4128 ο.

461 4142 542 4266 (1f)
590 4143 882 4225 Gesnerus
927 4159 1161 4227 quoque
1208 4144 1268 4199 in
1337 4159 1581 4229 censura
1620 4143 1660 4201 l.
1706 4161 1790 4229 ο...
1816 4161 1868 4214 p.
1909 4143 2032 4198 392.

514 4212 728 4266 allllur.
761 4221 865 4266 ait.
898 4229 946 4266 ει
997 4230 1128 4266 auls
1174 4219 1340 4266 nutat
1390 4230 1498 4266 nos
1548 4228 1607 4266 1n
1658 4215 1873 4266 Codmo
1924 4215 2032 4266 ha-

389 4234 418 4288 ς‹
470 4212 728 4280 Fallitur,
761 4214 865 4284 ait,
898 4212 961 4288 si
997 4212 1128 4288 quis
1174 4219 1343 4288 putat
1390 4214 1608 4288 nos‘iu
1658 4212 1873 4288 Codino
1924 4215 2036 4271 ha-

387 4286 523 4358 bere
571 4300 803 4358 omnem
859 4285 1707 4358 aulae’Conétantinopolitanin
1752 4287 2037 4342 rationem

384 4356 472 4429 ita
518 4356 885 4429 explicatam,
920 4357 1068 4413 nihil
1108 4365 1170 4413 ut
1199 4356 1520 4415 desiderari
1562 4362 1738 4429 queat
1770 4375 1784 4413 :
1817 4375 1953 4414 cum
1984 4358 2036 4413 ia

385 4427 608 4501 aliquot
630 4427 861 4501 seculis
901 4435 1098 4501 nostro
1119 4430 1344 4501 junior,
1375 4427 1698 4501 immutatis
1742 4430 1909 4485 valde
1943 4446 2034 4485 re-

388 4500 498 4554 bus
539 4499 837 4571 omngibus,
868 4499 1152 4571 prodierit
1185 4517 1198 4556 :
1250 4499 1805 4571 Constantinianum
1840 4508 2033 4557 autem

385 4585 536 4640 opus
567 4585 634 4625 ea
656 4569 1028 4643 doceal,'quaa
1048 4570 1297 4643 aliunde
1328 4573 1446 4643 peti
1478 4577 1579 4627 aut
1611 4572 1888 4628 illustrari
1919 4588 2036 4627 non

387 4649 670 4713 possunt,
698 4642 837 4695 adeo
882 4648 968 4710 ut,
1011 4642 1059 4697 si
1109 4641 1281 4697 hodie
1330 4641 1608 4699 scriberet
1649 4643 2034 4699 Constantino-

384 4712 559 4786 polim
610 4712 987 4786 Christianam
1020 4713 1300 4786 Congius,
1342 4714 1409 4786 si;
1438 4714 1628 4786 hodie,
1670 4714 2034 4786 Glossarium

389 4782 890 4857 illudqconderet;
929 4785 977 4840 ai
1021 4782 1338 4857 lmpérium
1379 4784 1668 4857 Orientale
1715 4784 2038 4841 illustraret

392 4854 745 4926 Bandurius,
771 4852 958 4911 multa
988 4852 1157 4911 aliter
1187 4857 1497 4926 traderent,
1530 4852 1711 4911 multa
1743 4861 1896 4912 certe
1928 4864 2037 4911 tra-

398 4924 537 4981 ditis
566 4924 902 4995 adjicerent.
933 4949 963 4977 »
993 4927 1168 4983 Hann.

463 4996 679 5071 (l)_Imo
716 4998 1070 5071 mentionem
1107 4999 1285 5069 hujus
1332 4996 1701 5071 operieqiecit
1742 4997 2033 5071 Pancirol-

395 5063 515 5141 lus,
543 5066 604 5121 in
648 5068 812 5141 praei.
841 5069 912 5124 ad
957 5063 1232 5125 Notitiam
1268 5063 1494 5141 imperii
1522 5068 1621 5126 fol.
1669 5073 1724 5138 2,
1770 5069 1863 5126 his
1908 5086 2034 5125 ver—

394 5138 487 5211 bis
519 5153 534 5195 :
572 5159 603 5189 ‹‹
651 5138 852 5211 Simile
899 5156 1047 5211 opus
1100 5138 1518 5197 Constantinus
1586 5142 1922 5211 imperator,
1970 5157 2037 5196 ex

396 5209 588 5283 Leone
619 5209 978 5283 Philosophe
1019 5211 1270 5283 genitus,
1308 5212 1571 5269 Romano
1615 5209 1755 5276 lilio,
1802 5226 2038 5268 succes-

393 5280 511 5354 sori
550 5280 901 5354 reliquit,qin
940 5280 1055 5354 quo
1096 5299 1392 5339 summam
1435 5284 1611 5339 totius
1655 5282 1905 5354 imperii,
1939 5299 2033 5338 ao-

393 5350 618 5407 ciorum
654 5350 1221 5423 omnium—foedera,
1253 5354 1515 5410 hostium
1566 5350 1757 5420 vires;
1782 5354 2037 5410 rationes

2141 4072 2289 4144 cod.
2323 4072 2482 4138 1360,
2523 4088 2581 4128 n.
2609 4073 2879 4144 Δ5,ίὶιιὶιιε
2918 4072 3165 4143 catalogi
3211 4073 3359 4127 aulae
3397 4072 3787 4144 imperatoria

2140 4151 2194 4215 et
2238 4142 2459 4215 Magum
2507 4142 2761 4199 ecclesiae
2804 4142 3497 4215 Constantinopolitanae,
3525 4144 3786 4200 ineditua

2142 4213 2361 4269 dicitur
2386 4229 2398 4269 :
2425 4216 2483 4268 in
2514 4214 2641 4270 cod.
2676 4215 2808 4269 1361
2841 4231 2901 4270 n.
2931 4215 2987 4280 7,
3008 4213 3206 4284 omne
3230 4215 3376 4271 aulx
3400 4215 3785 4271 Constantino-

2136 4285 2420 4356 politanae,
2453 4285 2512 4340 in
2537 4286 2662 4341 cod.
2688 4286 2848 4354 1362,
2872 4302 2929 4341 n.
2953 4286 3075 4340 4-8.
3099 4286 3302 4342 Ofﬁcia
3324 4287 3584 4356 ejusdem
3605 4286 3785 4356 aulae;

2140 4356 2282 4412 ordo
2314 4357 2539 4412 sodium
2572 4358 3178 4428 metropolitanarum,
3211 4376 3243 4413 a
3275 4359 3462 4413 Leone
3492 4358 3782 4428 Sapiente,

2141 4428 2728 4501 imprconetitutus;
2790 4429 2984 4484 ofﬁcia
3041 4429 3263 4501 Magnas
3320 4429 3575 4501 ecclesiis.
3633 4430 3784 4501 Con-

2141 4500 2705 4571 stantinopolitanae;
2764 4502 2907 4572 ordo
2964 4500 3213 4570 aedium,
3249 4500 3587 4572 patriarcha
3633 4500 3784 4572 Con-

2143 4570 2411 4628 stantino
2443 4572 2820 4627 obnoxiarum
2863 4570 2935 4627 ab
2986 4570 3341 4642 Andronico,
3373 4573 3642 4642 imperat.
3676 4571 3784 4627 Pa-

2140 4641 2380 4715 laaologo
2413 4642 2460 4697 Il
2492 4643 2886 4715 constitutus;
2919 4646 2976 4696 et
3005 4645 3054 4711 8,
3086 4640 3223 4699 ordo
3256 4640 3505 4715 litui-gite
3536 4642 3782 4714 patriar-

2142 4713 2345 4785 chalie,
2378 4730 2490 4784 quo
2523 4718 2690 4784 pacto
2738 4713 2850 4768 illae
2892 4718 3268 4785 peraguntur,
3302 4713 3548 4770 auclore
3589 4719 3787 4769 Deme-

2140 4784 2255 4839 trio
2286 4783 2564 4841 Gemisto.
2605 4785 2705 4840 [lio
2744 4783 2909 4855 quod
2930 4783 3062 4841 esse
3096 4786 3324 4843 videtur
3353 4801 3524 4856 quem
3558 4785 3780 4842 Fabric.

2142 4856 2202 4940 in
2234 4870 2357 4924 aeq.
2391 4864 2525 4911 nota
2546 4872 2615 4911 ex
2657 4856 2883 4911 Lebbeo
2914 4857 3129 4911 citavit.
3164 4858 3381 4940 Eadem
3411 4872 3609 4926 opusc.
3645 4864 3787 4912 sunt

2139 4940 2199 4981 1n
2234 4926 2361 4982 cod.
2396 4928 2554 4983 1363.
2582 4928 2722 4983 Add.
2755 4928 2920 4982 codd.
2953 4928 3094 4983 1386
3116 4934 3172 4985 et
3202 4930 3357 4985 Infra
3384 4927 3498 4983 vol.
3530 4929 3604 4985 Χ.
3650 4945 3782 4985 uae.

2348 4969 2361 4982 .
2396 4944 2554 4983 1606.
2582 4944 2722 4983 Ααα.
2755 4944 2920 4982 οοαα.
2953 4944 3094 4983 Ἰὄὸῠ
3116 4944 3172 4985 Bt
3202 4944 3357 4985 Intra
3384 4944 3498 4983 V01.
3533 4944 3604 4995 Ᾰ,
3648 4945 3782 4999 pag.

2138 4998 2265 5052 278.
2295 4997 2475 5055 Hann.

2212 5066 2285 5150 (ο)
2338 5069 2403 5124 In
2452 5068 2579 5150 hac.
2617 5086 2749 5142 pag.
2794 5069 3298 5150 270__rr:emoratur
3328 5085 3411 5150 ἐκ
3456 5068 3783 5150 mea'bibl.

2141 5136 2353 5215 Elegiae,
2378 5146 2505 5211 post
2534 5136 2952 5215 Hal-nienopuli
2979 5140 3470 5215 Promptum-ium,
3502 5136 3788 5215 librisym
3820 5195 3826 5200 .

2141 5210 2507 5281 distinctum,
2558 5217 2615 5266 et
2679 5210 2958 5282 pleraque
3004 5210 3257 5281 aliafad
3316 5211 3790 5282 girumqlaewjus

2142 5282 2471 5339 Graecorum
2493 5274 3194 5353 'epectantiaq'opuscula,
3237 5277 3433 5353 Ofﬁcia
3484 5274 3703 5353 Ραζαιὶῖ
3722 5292 3794 5353 ,ει

2140 5354 2377 5409 ecclesiae
2406 5371 2471 5410 ac
2501 5342 2667 5407 sedes
2706 5342 3058 5423 patriarchae
3103 5342 3613 5423 Const'aptinppol‘:
3644 5350 3797 5423 sub-

389 5429 445 5478 et
491 5422 745 5497 consilia
776 5425 1076 5495 explicuit.
1127 5410 1393 5497 Id’apud
1445 5442 1507 5481 se
1563 5427 1622 5480 in
1681 5410 2037 5481 bibliotheca
2132 5424 2304 5497 jectae
2338 5423 2665 5497 sublseone
2695 5410 3056 5491 Philosophe
3103 5410 3161 5480 et
3206 5410 3812 5497 Angfgnjf_9__13fll§§o—

393 5499 494 5573 tan
503 5509 677 5566 quam
693 5479 1052 5573 thesaurum
1079 5479 1574 5573 servatumﬁfuiaee
1588 5479 1882 5568 Egnatius?
1896 5479 2035 5551 acri:

2141 5479 2297 5573 logo,
2329 5499 2385 5549 et
2409 5492 2558 5560 τάξις
2587 5493 2693 5542 τῶν
2734 5479 3098 5570 χειιροτδνιέον
3143 5503 3244 5559 per
3282 5479 3820 5573 Ῑὲἓξξὶαῖξῐὲυῐξιὴιὶε-

393 5542 712 5640 δὶῐλῳᾳοά
772 5569 880 5640 etei
932 5565 1244 5640 diligenter
1290 5542 1698 5640 perquisilum,
1731 5583 2034 5639 nunquam
2145 5542 2404 5640 mijstum,
2454 5542 2946 5640 ρ’ςοξρηοιέτίίιφν,
2995 5542 3837 5640 Μᾳϐδδῗηιξῗξέξῗξῖδηηάξιδθῗΐ

2150 5609 2781 5698 ἶιίῖίὶῖῖηξᾶιῖᾗὶἶᾶῐίέῖ
2797 5609 3163 5698 ρεζῑῖίαξξῇῗὲ
3199 5609 3865 5698 Οορξξξὲξιξξξὶὲξξὶὲιὲῥ

2152 5674 3161 5769 SESEJJIE'éiéiiié‘péuiaréﬁgg
3181 5675 3661 5744 archiepiscopus.
3685 5674 3880 5742 Sea

2152 5768 2298 5823 nihil
2327 5771 2448 5823 haec
2480 5768 2553 5821 ad
2586 5772 2842 5832 praesens
2872 5770 3074 5822 opus.

398 5635 591 5706 potuit
618 5636 889 5693 inveniri.
923 5659 950 5688 »
987 5635 1178 5693 HEUM.

471 5704 571 5775 (νη)
601 5706 731 5780 Sive
757 5708 1006 5763 Jacobus
1040 5709 1258 5780 Frisios
1290 5710 1484 5779 potius
1514 5710 1574 5765 in
1605 5710 1870 5780 Epitome
1893 5707 2034 5764 bibl.

402 5774 766 5902 gilienggante
807 5784 865 5835 et
910 5774 1345 5837 continuatione
1390 5798 1482 5852 ap.
1530 5774 1836 5837 Froécbov.
1875 5780 2036 5844 1583,
