4234 6316
368 386 442 445 31
863 384 1093 445 JOAN.
1141 383 1315 444 ALB.
1367 385 1710 446 GABRICII
1754 385 2080 447 ΝΟΤΙΤΙΑ
2125 386 2423 445 SCRIPT.
2473 383 2755 446 CONST.
2800 379 3299 442 PROPHYBOG.
3705 379 3782 436 32

371 517 515 587 typis
545 515 836 585 vulgatum
857 530 987 581 esse,
1021 531 1106 570 me
1129 517 1275 571 latet.
1310 515 1478 570 Illum
1517 535 1644 572 vero
1684 521 1862 588 ipsum
1900 535 2012 573 esse
2050 519 2312 584 codicem,
2345 519 2440 588 qui
2478 517 2742 572 Budensis
2790 515 3046 571 libraria?
3088 513 3440 584 supellectilis
3487 510 3785 566 uberrima?

371 609 536 674 atque
581 604 1070 673 praestantissime
1117 604 1394 675 quondam
1436 607 1566 674 fuit,
1595 607 1865 679 Ungariae
1909 623 2101 677 regum
2150 623 2329 674 arma,
2359 617 2424 660 ut
2456 622 2627 676 supra
2676 605 2820 672 dixi,
2860 603 3166 674 gentilitia,
3202 604 3399 674 quibus
3444 617 3512 655 ex
3561 609 3786 668 utroque

372 693 544 747 latere
591 691 896 761 splendent,
929 695 1301 763 comprobant.
1337 696 1398 748 In
1437 694 1639 749 ultima
1687 697 1840 750 urbis
1889 697 2055 751 Buda’
2103 695 2507 767 expugnatione
2549 695 2746 766 aliqua
2793 694 3128 748 bibliothecae
3179 692 3384 746 rudera
3435 696 3785 759 recuperata,

373 796 498 852 quae
542 781 724 836 Julius
762 799 794 834 a
841 781 1035 850 P/lugk
1080 782 1160 852 (p)
1189 783 1492 853 descripsit,
1527 785 1619 838 sed
1661 801 1814 839 meus
1855 787 2022 840 codex
2064 801 2174 840 non
2234 788 2594 848 memoratur,
2644 799 2814 854 quare
2859 784 3017 852 longe
3079 786 3203 836 ante
3251 784 3498 835 evasisse
3551 784 3783 847 Oportet.

377 871 581 938 Quibus
627 880 806 926 autem
843 873 976 940 fatis
1023 873 1079 924 in
1111 887 1257 926 meas
1291 873 1511 927 tandem
1560 891 1756 929 manus
1803 874 2096 940 devenerit,
2145 877 2396 946 equidem
2458 876 2669 942 ignoro.
2705 874 2916 942 Exiguo
2963 886 3077 928 mre
3106 888 3139 925 a
3183 886 3268 924 me
3308 869 3615 940 redemptus
3651 866 3785 937 fuit,

372 958 433 1014 in
485 976 682 1030 magno
739 970 922 1014 autem
975 962 1155 1029 pretio
1211 962 1350 1015 mihi
1407 963 1658 1028 habetur,
1693 964 1897 1033 dignus
1940 966 2102 1018 etiam
2153 965 2249 1034 qui
2288 963 2462 1018 lucem
2492 961 2778 1033 publicam
2825 960 3026 1016 videat.
3061 961 3214 1027 Quod
3257 976 3328 1013 an
3379 973 3506 1013 mea
3540 972 3788 1027 unquam

372 1065 534 1118 οΡϐνα
581 1054 691 1118 ﬁet,
721 1050 1201 1119 ηϐεείονϐιτὶθυαηῑ
1253 1052 1402 1105 enim
1454 1053 1513 1105 in
1567 1051 1766 1107 Graecis
1807 1054 2067 1107 notitiam
2116 1069 2290 1107 meam
2342 1052 2575 1122 ingenue
2621 1067 2877 1118 agnosco,
2920 1067 3095 1120 neque
3143 1050 3238 1120 qui
3294 1048 3449 1102 hodie
3505 1053 3790 1117 grassatur

373 1139 649 1193 scribendi
672 1137 924 1209 pruritus
952 1155 1039 1193 me
1071 1146 1234 1208 tenet,
1257 1149 1318 1194 ut
1344 1141 1625 1210 scriptoris
1653 1144 1735 1197 vel
1779 1141 2005 1198 editoris
2055 1158 2252 1198 nomen
2283 1142 2437 1196 nullo
2493 1142 2727 1211 reipubl.
2763 1139 3052 1196 litterariae
3096 1138 3370 1194 commodo
3417 1143 3612 1191 temere
3650 1134 3792 1188 mihi

377 1244 640 1296 arrogare
667 1227 858 1283 velim.
893 1231 1123 1284 Interim
1153 1237 1341 1298 gratus
1369 1232 1509 1286 mihi
1541 1232 1692 1286 labor
1719 1235 1816 1296 est,
1850 1248 2008 1303 quem
2039 1249 2162 1287 cum
2191 1233 2293 1286 Dn.
2320 1232 2656 1288 Schneidero
2687 1231 2827 1286 dicto
2859 1229 3126 1295 Schmidt,
3151 1230 3266 1283 viro
3307 1231 3649 1291 Graecarum,
3680 1224 3790 1278 imo

381 1316 629 1372 omnium
674 1317 991 1371 litterarum
1037 1318 1394 1387 peritissimo,
1435 1319 1610 1373 codici
1637 1320 1912 1390 impendo.
1943 1321 2130 1389 Huius
2168 1321 2460 1376 industria
2491 1323 2643 1390 (nam
2682 1335 2800 1374 mea
2845 1335 3009 1389 quam
3040 1317 3258 1386 confero
3308 1314 3557 1384 symbola
3589 1315 3792 1383 ercigua

376 1407 460 1460 vel
491 1406 693 1476 nulla),
725 1407 927 1476 prioris
969 1410 1132 1476 atque
1179 1407 1437 1463 dimidiae
1466 1410 1632 1463 etiam
1675 1411 1854 1480 partis
1881 1410 2101 1464 secundi
2146 1415 2410 1464 tractatus
2454 1412 2626 1464 versio
2657 1410 2783 1479 jam
2811 1408 3104 1462 delineata.
3132 1404 3297 1460 Rudis
3326 1421 3389 1459 ea
3428 1404 3669 1475 quidem,
3700 1402 3794 1457 sed

375 1495 632 1550 secundis
661 1498 829 1562 curis,
862 1503 912 1549 et
937 1495 986 1549 si
1013 1497 1202 1565 plura,
1237 1513 1399 1567 quam
1427 1514 1597 1567 supra
1625 1515 1658 1552 a
1685 1515 1773 1553 me
1800 1502 2108 1566 nominata,
2135 1501 2408 1571 glossaria
2429 1502 2587 1554 nacti
2613 1500 2820 1554 erimus
2851 1498 3184 1568 expolietur.

451 1589 742 1638 Hactenus
787 1581 1124 1639 Uffenbacb.
1178 1617 1246 1624 —
1288 1585 1436 1640 Illud
1486 1602 1633 1656 opus
1683 1603 1914 1659 quoque
1961 1588 2226 1643 editurus
2277 1593 2401 1643 erat
2452 1588 2637 1643 Maius
2688 1602 2823 1641 cum
2869 1587 3134 1640 versione
3182 1601 3289 1638 sua
3331 1584 3532 1638 Latina
3560 1581 3795 1650 suisque

381 1672 1006 1727 animadversionibus.
1039 1673 1146 1726 Sed
1192 1689 1295 1729 nec
1337 1674 1385 1728 is
1419 1676 1489 1729 ad
1532 1676 1750 1730 exitum
1797 1676 2069 1748 perduxit
2110 1677 2389 1732 laborem.
2426 1681 2517 1741 At,
2563 1675 2746 1730 Musis
2796 1673 3150 1742 faventibus,
3197 1674 3375 1727 codex
3425 1671 3522 1726 ille
3571 1669 3797 1724 delatus

381 1769 467 1815 est
499 1761 558 1815 in
586 1761 725 1815 bibl.
767 1769 1001 1816 senatus
1047 1761 1379 1831 Lipsiensis,
1415 1764 1515 1834 qui
1572 1765 1781 1819 edendi
1835 1766 2026 1836 operis
2059 1782 2258 1820 curam
2290 1765 2529 1820 tandem
2563 1780 2662 1835 per
2704 1763 3060 1818 Mascovium
3101 1760 3479 1816 demandavit
3520 1760 3610 1814 Jo.
3644 1758 3797 1813 Hen-

384 1849 546 1904 richo
606 1849 875 1905 Leichio:
936 1850 1035 1920 qui
1089 1851 1212 1920 jam
1271 1851 1468 1906 libello
1528 1854 1601 1908 De
1652 1853 1927 1923 diptychis
1974 1859 2100 1908 vett.
2148 1855 2302 1925 Lips.
2353 1853 2511 1919 1743,
2544 1869 2676 1923 pag.
2711 1853 2778 1907 10
2827 1868 2975 1922 sqq.,
3003 1851 3250 1921 primam
3308 1849 3580 1905 editionis
3633 1861 3794 1917 spem

385 1938 599 1993 fecerat
646 1943 702 1992 et
747 1943 938 1993 totum
989 1944 1172 2016 caput
1208 1941 1724 2010 quadragesimum
1772 1943 2014 1997 secundi
2064 1943 2199 1996 libri
2249 1947 2495 2012 utroque
2523 1942 2791 2012 vulgarat
2826 1957 3131 2007 sermone;
3177 1940 3411 1996 biennio
3443 1943 3636 1994 autem
3671 1943 3798 2006 post

383 2027 571 2096 ipsam
625 2027 962 2081 ordiebatur
1003 2027 1340 2083 editionem.
1378 2028 1474 2084 Ille
1523 2045 1656 2084 vero
1703 2046 1856 2098 cum,
1892 2033 2151 2086 nondum
2203 2033 2474 2087 absoluta
2520 2031 2765 2086 dimidia
2812 2032 3002 2102 operis
3046 2035 3229 2100 parte,
3269 2029 3415 2086 vivis
3460 2028 3794 2098 eriperetur,

381 2115 591 2170 Reiske
639 2115 931 2182 suffectus,
981 2114 1205 2186 reliqua
1245 2133 1275 2170 a
1319 2133 1449 2187 pag.
1491 2117 1594 2172 217
1643 2119 1836 2174 tomil
1883 2120 2082 2176 Latine
2133 2121 2433 2189 convertit,
2465 2125 2522 2176 et
2551 2120 2991 2177 commentarios
3022 2119 3330 2175 historicos
3364 2123 3539 2188 atque
3563 2115 3793 2170 criticos

383 2209 506 2258 tam
532 2203 736 2259 doctos
759 2219 930 2274 quam
965 2204 1230 2275 copiosos
1269 2209 1426 2260 tomo
1468 2206 1517 2262 1Ι
1557 2207 1783 2276 adjecit.
1821 2210 1968 2265 Nam
2020 2209 2260 2280 Leichii,
2292 2211 2464 2280 cujus
2505 2226 2680 2281 opera
2737 2209 3103 2280 potissimum
3154 2207 3498 2264 versabatur
3544 2204 3605 2257 in
3658 2219 3796 2258 con-

384 2293 677 2348 stituenda
720 2293 968 2349 lectione
1017 2302 1070 2348 et
1122 2295 1321 2350 Latina
1369 2296 1870 2367 interpretatione,
1923 2300 2460 2357 animadversiones
2511 2301 2741 2356 intexta:
2792 2304 2931 2356 sunt
2977 2300 3292 2355 admodum
3338 2312 3553 2368 paucze.
3610 2292 3798 2347 Editio

394 2389 589 2437 autem
618 2381 737 2448 illa,
773 2383 944 2437 etiam
978 2383 1287 2454 hucusque
1331 2387 1523 2455 unica,
1557 2392 1645 2442 est
1688 2389 1968 2458 inscripta
2001 2406 2016 2445 :
2067 2391 2415 2446 Constantini
2455 2393 2988 2462 Porphyrogenneti,
3021 2393 3153 2461 imp.
3189 2384 3802 2457 Constantinopolitani,

391 2471 526 2525 libri
563 2471 666 2525 duo
713 2473 777 2525 de
827 2471 1159 2527 Cerimoniis
1207 2475 1356 2529 aulae
1405 2476 1746 2546 Byzantina.
1797 2479 2074 2533 Prodeunt
2112 2496 2262 2534 nunc
2302 2480 2548 2549 primum
2595 2480 2780 2537 Graece
2823 2496 2951 2534 cum
2997 2481 3198 2534 Latina
3256 2477 3708 2546 interpretatione
3756 2477 3808 2528 et

387 2561 818 2615 commentariis.
854 2559 1138 2615 Curarunt
1175 2564 1254 2617 Jo.
1306 2564 1470 2618 Henr.
1523 2565 1772 2621 Leichius
1820 2574 1870 2622 et
1915 2568 2002 2623 Jo.
2049 2569 2166 2622 Jac.
2201 2569 2470 2624 Reiskius.
2506 2571 2699 2624 Tomus
2729 2569 2946 2638 primus
2985 2567 3267 2624 continens
3309 2566 3511 2621 librum
3539 2566 3804 2636 primum.

389 2649 597 2719 Lipsiae
629 2665 699 2703 ex
727 2648 878 2704 ofﬁc.
906 2648 1006 2704 lib.
1038 2667 1055 2704 1
1107 2650 1194 2706 Fr.
1243 2651 1602 2709 Gleditschii.
1637 2656 1868 2710 Prostat
1916 2655 2096 2724 Paris,
2123 2657 2280 2727 apud
2324 2659 2619 2724 Briasson,
2653 2657 2704 2712 le
2751 2659 2983 2727 Breton,
3024 2656 3255 2712 Durand
3301 2661 3358 2710 et
3397 2654 3573 2709 David
3607 2652 3796 2706 l’ainé.

383 2739 452 2792 A.
490 2737 650 2806 1751,
685 2738 822 2808 maj.
859 2737 955 2794 fol.
991 2769 1058 2780 —
1090 2740 1279 2794 Tomus
1320 2741 1585 2797 secundus
1631 2745 1923 2799 continens
1972 2745 2179 2800 librum
2223 2746 2548 2802 secundum.
2583 2746 2732 2801 Ibid.
2769 2747 2924 2802 1754.
2963 2747 3214 2817 Longam
3244 2743 3386 2799 tomi
3423 2743 3443 2796 Ι
3476 2756 3803 2804 censuram,

383 2826 584 2881 multis
634 2841 702 2880 ex
752 2843 924 2897 opere
977 2829 1229 2884 redactis
1278 2833 1562 2903 excerptis
1593 2837 1650 2888 et
1697 2835 2068 2906 interspersis
2099 2835 2235 2890 hinc
2283 2837 2418 2891 inde
2467 2835 3081 2900 animadversionibus,
3115 2833 3247 2890 fecit
3289 2834 3342 2888 J.
3378 2834 3449 2886 M.
3494 2831 3803 2897 Gesnerus,

396 2916 454 2969 in
506 2913 903 2971 Relationibus
948 2917 1019 2971 de
1068 2917 1233 2973 libris
1283 2919 1468 2988 novis,
1501 2937 1553 2976 a.
1609 2923 1766 2994 1752,
1798 2923 2058 2996 Gotting.
2091 2925 2204 2980 vol.
2255 2927 2302 2992 Ι,
2350 2926 2489 2982 fasc.
2524 2943 2601 2997 ιν,
2634 2943 2690 2998 p.
2722 2926 2988 2993 390-416,
3030 2929 3086 2981 et
3129 2923 3273 2979 torni
3309 2923 3357 2978 II
3405 2935 3711 2977 censuram
3745 2918 3802 2972 in

396 3002 508 3058 vol.
542 3004 614 3071 ΙΙ,
646 3003 790 3061 fasc.
824 3021 902 3072 ιι,
936 3021 989 3060 a.
1024 3004 1186 3077 1754,
1219 3023 1349 3079 pag.
1381 3010 1508 3077 249,
1540 3010 1664 3066 288.

464 3092 672 3147 Reiske
701 3093 758 3146 'rn
801 3094 1019 3164 praefat.
1053 3095 1122 3150 ad
1153 3095 1264 3150 vol.
1301 3098 1323 3152 Ι
1353 3099 1586 3167 cOpiose
1616 3099 1873 3168 disserit,
1908 3102 1959 3158 1.
1993 3103 2062 3157 de
2094 3103 2230 3159 fatis
2260 3103 2440 3174 hujus
2471 3104 2703 3175 operis;
2744 3106 2798 3158 2.
2832 3105 2901 3160 de
2950 3107 3287 3174 arguments
3316 3100 3471 3156 libri.
3507 3100 3662 3153 Inter
3689 3095 3803 3151 alia

396 3181 517 3252 agit
546 3181 616 3236 de
641 3181 806 3236 Petro
843 3184 1139 3254 magistro,
1173 3201 1240 3240 ex
1287 3187 1459 3257 cujus
1503 3205 1690 3261 opere,
1729 3191 1951 3246 dudum
2009 3209 2068 3264 pr

2161 3193 2463 3264 deperdito
2517 3194 2738 3260 habito,
2771 3193 2899 3265 Περὶ
2944 3190 3240 3261 πολιτικῆς
3290 3188 3688 3255 καταστάσεως,
3738 3188 3809 3242 De

395 3271 792 3325 constitutione
819 3273 1005 3327 civilis
1048 3275 1488 3341 gubernationis.
1521 3278 1608 3349 (V.
1643 3296 1823 3352 supra
1866 3281 1927 3336 in
1975 3281 2086 3337 vol.
2119 3284 2242 3348 VII,
2275 3299 2406 3354 pag.
2438 3284 2545 3340 538
2593 3286 2706 3357 sq.)
2737 3289 2914 3339 Putat
2954 3284 3161 3339 Reiske
3202 3299 3269 3337 ea
3319 3281 3538 3347 omnia,
3573 3293 3700 3348 quae
3749 3277 3808 3329 in

393 3357 503 3412 hoc
535 3360 898 3414 Constantini
949 3361 1320 3418 Cerimoniali
1372 3383 1404 3420 a
1435 3383 1568 3438 pag.
1602 3369 1725 3435 225,
1763 3368 1872 3424 vol.
1911 3370 1948 3440 Ι,
1982 3387 2104 3440 cap.
2142 3372 2232 3438 84,
2269 3387 2455 3443 usque
2499 3373 2566 3427 ad
2601 3389 2730 3444 pag.
2763 3373 2890 3436 251,
2924 3389 3049 3443 cap.
3078 3373 3148 3425 96
3194 3371 3482 3439 leguntur,
3510 3368 3647 3421 item
3681 3381 3805 3434 cap.

395 3446 526 3501 libri
569 3445 860 3516 ultimum,
910 3454 965 3504 et
1014 3452 1158 3507 forte
1210 3468 1436 3524 quoque
1482 3454 1598 3510 alia
1627 3457 1796 3527 plura
1842 3475 1970 3514 esse
2001 3459 2286 3531 decerpta.
2345 3460 2503 3516 Idem
2547 3462 2715 3532 plura
2763 3461 2896 3529 alia,
2931 3464 3128 3516 notatu
3177 3458 3542 3528 dignissima,
3577 3471 3702 3524 quae
3749 3451 3808 3506 in

398 3535 501 3590 hoc
532 3550 705 3607 opere
736 3543 1098 3609 enarrantur,
1133 3543 1387 3612 exponit.
1421 3544 1474 3599 3.
1508 3545 1588 3601 De
1619 3546 2003 3619 inscriptione
2032 3547 2214 3618 hujus
2245 3548 2404 3604 libri.
2435 3552 2487 3604 4.
2507 3550 2587 3607 De
2615 3555 2847 3606 auctore
2878 3548 3034 3604 libri.
3067 3549 3362 3604 Constant.
3389 3545 3667 3614 Porphyr.
3693 3557 3808 3595 non

400 3639 586 3678 unum
619 3641 743 3680 esse
774 3625 970 3696 hujus,
1003 3629 1157 3698 quod
1190 3646 1342 3684 nunc
1375 3632 1617 3688 terimus
1649 3650 1849 3701 manu,
1881 3634 2096 3706 operis,
2127 3652 2176 3691 ε.
2203 3637 2567 3708 συστήματος,
2600 3643 2918 3704 auctorem,
2948 3635 3178 3702 Reiske,
3214 3639 3275 3689 ut
3308 3649 3487 3702 supra
3513 3632 3628 3699 jam
3661 3626 3809 3681 indi-

396 3715 673 3785 cavimus,
710 3715 852 3772 bene
883 3718 1166 3790 doctaque
1215 3721 1654 3780 demonstravit.
1687 3725 1741 3781 5.
1786 3725 1863 3781 De
1910 3725 2180 3782 exhibitis
2232 3727 2293 3783 in
2324 3727 2433 3784 hoc
2465 3727 2758 3783 volumine
2788 3732 2844 3783 et
2875 3727 2934 3782 in
2985 3730 3260 3782 secuturo
3291 3724 3395 3794 (Il)
3445 3717 3806 3776 exhibendis.

400 3804 757 3861 Promiserat
797 3805 1007 3861 Reiske
1038 3823 1170 3880 pag.
1203 3826 1240 3863 χ
1269 3809 1383 3868 vol.
1417 3811 1458 3877 Ι,
1511 3813 2048 3870 animadversiones
2103 3814 2408 3871 historicas
2438 3817 2497 3870 in
2550 3823 2728 3872 totum
2762 3832 2906 3888 opus
2937 3831 3072 3874 cum
3107 3813 3430 3869 Leichianis
3460 3815 3516 3865 et
3562 3806 3812 3862 indicem

399 3893 759 3962 Graecitatis;
802 3895 896 3947 sed
933 3896 991 3948 in
1022 3895 1135 3949 vol.
1171 3899 1220 3951 II
1252 3898 1323 3952 ad
1380 3899 1556 3954 ﬁnem
1587 3899 1718 3956 libri
1769 3903 1942 3972 primi
1992 3906 2544 3960 commentariorum
2595 3905 3089 3975 (doctissimorum
3122 3902 3361 3959 omnino
3394 3904 3449 3955 et
3479 3892 3814 3968 copiosissi-

403 3982 658 4050 morum)
691 3979 863 4035 telam
905 3981 1158 4053 abrupit.
1192 3986 1257 4038 In
1287 3987 1619 4054 praefatione
1650 3989 1890 4058 quidem
1931 3991 2002 4044 ad
2033 3991 2146 4046 vol.
2179 3993 2229 4045 II
2259 4008 2422 4062 spem
2475 3993 2687 4046 fecerat
2743 3993 3053 4048 voluminis
3102 3992 3199 4057 IlI,
3223 3990 3376 4060 quod
3410 3985 3719 4054 implerent
3749 3999 3816 4036 ea

404 4085 528 4140 qum
559 4069 632 4122 ad
663 4069 986 4124 secundum
1022 4070 1237 4127 librum
1269 4077 1326 4128 et
1355 4072 1528 4144 primi
1562 4077 1964 4146 appendicem,
1989 4094 2037 4132 s.
2063 4084 2351 4149 praecepta
2375 4079 2671 4147 militaria,
2698 4096 2820 4149 quae
2842 4081 2900 4133 in
2933 4080 3060 4135 cod.
3084 4079 3286 4132 eodem
3313 4075 3548 4129 initium
3573 4071 3816 4136 faciunt,

408 4157 652 4213 dicendo
701 4164 1090 4229 superessent,
1124 4176 1257 4216 cum
1307 4162 1618 4233 indicibus,
1653 4165 1798 4219 forte
1847 4181 2074 4235 quoque
2121 4167 2407 4238 excerptis
2457 4167 2728 4222 Chronici
2760 4167 2940 4222 (ἢνωοὶ
2984 4166 3192 4220 inediti
3230 4161 3459 4231 Georgii
3504 4157 3821 4214 Hamartoli

411 4248 487 4318 (v.
539 4263 738 4318 supra,
773 4249 880 4304 vol.
914 4251 1037 4318 VII,
1071 4265 1201 4321 pag.
1235 4251 1340 4305 463
1388 4251 1521 4323 sq.),
1555 4253 1710 4323 quod
1757 4253 1817 4308 in
1865 4253 2005 4309 bibl.
2042 4255 2264 4325 Lipsica
2312 4256 2560 4311 Senatus
2604 4255 2754 4311 inter
2784 4255 2951 4312 codd.
2986 4253 3084 4310 Gr.
3118 4256 3332 4309 msstos
3375 4249 3679 4320 reperitur.
3711 4245 3819 4299 Sed

407 4351 510 4391 cur
542 4337 776 4392 tertium
807 4337 954 4393 illud
987 4341 1204 4404 volum,
1237 4341 1544 4410 (quantum
1595 4342 1870 4414 equidem
1920 4343 2060 4415 scio)
2096 4343 2286 4398 lucem
2318 4362 2434 4400 non
2486 4350 2796 4416 aspexerit,
2831 4344 3056 4412 nescio;
3090 4348 3147 4398 et
3188 4347 3382 4397 tamen
3414 4339 3587 4394 index
3618 4335 3819 4408 impri-

409 4423 524 4478 mis
557 4423 714 4479 utilis
745 4429 801 4480 et
829 4441 963 4481 vero
995 4428 1363 4484 necessarius
1395 4430 1558 4485 foret.
1591 4430 1853 4502 Denique
1884 4433 1953 4486 de
1982 4432 2201 4487 tabulis
2238 4433 2431 4500 aeneis,
2466 4434 2662 4504 prima:
2691 4434 2843 4505 parti
2885 4433 3061 4503 hujus
3091 4431 3281 4504 operis
3313 4429 3568 4498 insertis,
3599 4425 3824 4481 addidit

408 4512 885 4569 admonitionem.
921 4515 1247 4572 Prazl‘ationi
1279 4518 1524 4589 subjecit
1552 4524 1610 4574 et
1651 4521 1851 4574 recudi
1903 4521 2036 4576 fecit
2083 4521 2314 4576 doctam
2357 4522 2572 4578 Leichii
2618 4523 3020 4593 dissert.,jam
3053 4539 3105 4577 a.
3160 4522 3296 4576 1746
3326 4519 3566 4583 editam,
3600 4519 3672 4571 De
3711 4519 3823 4570 vita

409 4607 460 4657 et
490 4603 650 4657 rebus
678 4606 845 4674 gestis
894 4604 1239 4662 Constantini
1283 4609 1824 4681 Porphyrogenneti,
1856 4611 2206 4682 imperatoris
2255 4612 2571 4684 Byzantini.
2623 4614 2732 4668 Sed
2783 4613 3064 4670 hactenus
3112 4614 3180 4668 de
3237 4611 3335 4666 illo
3399 4624 3570 4680 opere
3626 4610 3819 4660 Const.

415 4692 964 4765 Porphyrogenneti.
986 4697 1165 4753 Hann.

486 4781 548 4835 In
581 4781 720 4837 bibl.
755 4783 972 4840 Veneta
1001 4787 1171 4840 Marc.
1223 4788 1349 4842 cod.
1401 4788 1527 4858 634,
1590 4789 1773 4844 cbart.
1808 4805 1939 4845 smc.
1975 4790 2110 4847 circ.
2159 4808 2275 4857 xw,
2313 4793 2570 4848 continet
2609 4793 2828 4862 (nescio
2860 4793 3050 4864 cujus)
3086 4791 3273 4863 ofﬁcia
3317 4789 3466 4846 aulm
3509 4786 3824 4844 CPotitanaz

413 4875 465 4925 et
495 4870 655 4926 Festa
682 4876 844 4943 atque
862 4875 1132 4930 solemnia
1160 4876 1396 4943 eiusdem
1428 4879 1591 4947 aulae,
1623 4883 1772 4936 teste
1801 4879 2106 4935 Villoison.
2141 4880 2199 4935 in
2232 4881 2432 4940 Anecd.
2469 4881 2584 4953 Gr.,
2617 4887 2752 4938 tom.
2785 4883 2853 4951 ll,
2887 4898 3016 4954 pag.
3049 4883 3172 4937 248.
3206 4881 3384 4936 HARL.

2002 4997 2229 5054 ΝΟΤίΕ.

419 5084 699 5229 ιὴὲιέἓς,1[ἐ.
731 5088 988 5232 gpgsgglqa
1020 5092 1092 5147 ad
1151 5091 1648 5161 Seckendorﬁum,
1701 5110 1828 5164 quae
1873 5100 2060 5151 exstat
2102 5101 2246 5152 tom.
2296 5099 2342 5152 II
2374 5096 2737 5154 collectionis
2788 5099 3438 5157 Madero-Scbmidianae
3494 5101 3573 5156 De
3629 5097 3828 5154 biblio-
