4234 6316
383 323 3797 358 W

535 587 1836 750 CONSTANTINI
2023 591 2207 748 P(

2023 591 3653 750 PORPHIROGENlTI

1682 965 2508 1061 IMPERATOBIS

1086 1263 1231 1347 DE
1291 1260 2001 1350 CEREMONIIS
2057 1263 2394 1351 AULZE
2458 1265 3107 1352 BYZANTINZE

1913 1522 2104 1580 LIBRI
2143 1524 2282 1580 DUO

641 1744 840 1783 GRECE
877 1745 945 1784 ET
995 1745 1192 1785 LATINE
1229 1746 1261 1783 E
1301 1745 1648 1786 RECENSIONE
1694 1746 1853 1786 JOAN.
1893 1749 2010 1787 JAC.
2053 1745 2290 1803 REISKII,
2323 1751 2443 1790 CUM
2484 1752 2741 1793 EJUSDEM
2798 1751 3225 1795 COMMENTARHS
3267 1755 3552 1794 INTEGRIS.

1601 2230 1664 2285 B.
1705 2230 1771 2286 G.
1816 2230 2188 2288 NIEBUHRII
2229 2232 2606 2291 PRZEFATIO

1813 2453 1934 2523 (Ed.
1973 2454 2156 2510 Bonn.
2205 2454 2390 2524 1829.)

467 2707 546 2763 De
575 2705 950 2762 Constantino
982 2704 1534 2777 Porpbyrogenneto
1565 2703 1940 2776 imperatore,
1974 2707 2042 2762 de
2073 2705 2235 2762 libris
2267 2705 2479 2778 quibus
2515 2707 2654 2762 ordo
2687 2705 2831 2763 aulae
2864 2707 3178 2778 Bysantinzn
3212 2707 3560 2778 declaratur,
3594 2711 3697 2780 qui
3729 2711 3802 2766 ad

389 2794 557 2850 illum
590 2801 882 2849 auctorem
915 2794 1263 2860 referuntur,
1297 2809 1623 2864 eorumque
1652 2793 1848 2849 codice
1879 2794 2192 2865 Lipsiensi,
2225 2795 2394 2866 plene
2423 2794 2864 2866 luculenterque
2885 2813 2917 2849 a
2948 2795 3180 2852 Leichio
3235 2795 3589 2868 Reiskioque
3635 2813 3810 2868 expo-

391 2887 568 2942 situm
600 2892 718 2940 est:
753 2900 859 2939 nos
888 2883 1138 2939 breviter
1169 2882 1614 2953 explicabimus,
1650 2883 1771 2938 haec
1793 2884 1967 2940 editio
1999 2886 2353 2956 quibusnam
2386 2885 2620 2941 dotibus
2648 2885 2735 2942 illi
2773 2889 3010 2957 praestet
3058 2902 3186 2956 quas
3237 2891 3294 2940 et
3345 2887 3616 2959 princeps
3669 2886 3803 2953 fuit,

390 2980 449 3030 et
478 2975 753 3030 hactenus
781 2973 975 3028 unica.
1007 2977 1170 3027 Hanc
1203 2988 1235 3026 a
1269 2971 1496 3027 Leichio
1528 2977 1798 3043 cceptam,
1833 2972 2264 3043 immaturoque
2298 2976 2426 3045 ejus
2458 2979 2643 3030 morte
2674 2975 2974 3044 abruptam
3008 2991 3041 3028 a
3075 2974 3311 3029 Reiskio
3342 2977 3413 3029 ad
3446 2974 3623 3030 finem
3657 2975 3806 3030 tomi

393 3063 634 3120 secundi
665 3062 1025 3132 perductam,
1057 3061 1296 3116 tertium
1330 3059 1622 3115 voluntate
1653 3059 1982 3132 bibliopolae
2017 3063 2118 3132 qui
2159 3063 2240 3118 rei
2289 3063 2598 3119 familiaris
2639 3064 2926 3134 jacturam
2981 3063 3182 3134 augeri
3245 3062 3479 3118 nolebat
3525 3064 3809 3120 omissum

395 3168 546 3218 esse,
579 3151 885 3207 notissima
915 3166 1007 3204 res
1037 3154 1144 3204 est.
1182 3148 1472 3215 Leichius,
1507 3166 1680 3221 pravo
1711 3149 1957 3206 consilio
1991 3166 2153 3219 usus,
2185 3151 2268 3206 ita
2296 3152 2553 3208 conﬁsus
2583 3156 2670 3208 est
2696 3153 3028 3225 apographo
3050 3168 3148 3222 per
3177 3151 3499 3207 Draudium
3524 3153 3808 3222 confecto,

397 3248 462 3298 ut
490 3242 583 3296 vix
614 3241 924 3310 inspiceret
952 3239 1208 3295 codicem
1240 3239 1407 3309 cujus
1439 3240 1737 3310 praesentis
1769 3242 1935 3311 copia
1971 3246 2115 3305 erat,
2147 3243 2460 3298 editionem
2494 3247 2648 3299 certe
2699 3243 2866 3298 unice
2913 3243 2984 3297 ad
3035 3241 3183 3296 illud
3236 3241 3387 3313 typis
3432 3241 3804 3297 exscriberet.

402 3332 516 3387 Sed
551 3329 835 3394 Reiskius,
868 3336 1134 3398 suscepta
1163 3329 1358 3400 operis
1389 3344 1550 3398 cura,
1584 3328 1731 3383 nihil
1761 3329 2063 3400 antiquius
2092 3346 2221 3386 esse
2270 3332 2437 3388 duxit
2483 3331 2794 3388 collatione
2842 3330 3081 3401 codicis,
3113 3331 3266 3387 unde
3316 3347 3490 3400 quam
3535 3329 3806 3401 plurimis

406 3420 551 3477 locis
580 3419 926 3475 lcedissimos
956 3434 1180 3475 errores
1211 3418 1494 3487 correxit;
1528 3418 1713 3474 incisa
1738 3419 1983 3491 integra,
2014 3425 2250 3493 propter
2279 3420 2668 3492 ὁμοιοτέλευτα
2699 3421 3041 3494 praesertim,
3077 3421 3314 3489 omissa,
3346 3421 3637 3488 restituit;
3673 3437 3798 3491 quae

389 3512 591 3568 omnia
624 3511 680 3565 in
713 3509 1134 3566 commentario
1167 3514 1436 3564 accurate
1468 3508 1768 3578 indicavit,
1801 3510 1859 3564 in
1892 3511 2082 3582 priore
2113 3516 2276 3583 parte
2305 3529 2432 3583 quae
2456 3514 2583 3584 jam
2607 3529 2638 3568 θ
2668 3513 2826 3584 prelo
2848 3513 3068 3569 exierat
3088 3513 3394 3568 emendare
3429 3527 3544 3565 non
3578 3509 3805 3564 licebat.

393 3601 507 3673 Ego
537 3618 569 3656 a
599 3599 874 3655 Classeno
907 3614 1034 3654 meo
1065 3598 1372 3670 impetravi
1403 3604 1467 3654 ut
1495 3597 1704 3654 vitiosa
1736 3602 2093 3669 emendaret,
2130 3618 2339 3657 manca
2370 3603 2688 3674 suppleret,
2721 3619 2847 3673 quae
2873 3619 2940 3658 ex
2972 3619 3143 3673 prave
3174 3601 3387 3656 Graecis
3442 3599 3595 3654 male
3648 3616 3815 3654 versa

388 3698 598 3756 essent,
632 3689 983 3761 corrigeret;
1018 3688 1216 3743 omnia
1239 3703 1306 3742 ex
1342 3691 1532 3743 mente
1567 3687 1783 3742 Reiskii
1811 3705 1823 3740 :
1857 3690 2023 3758 cujus
2057 3690 2139 3743 rei
2171 3696 2228 3745 et
2259 3691 2421 3746 labor
2453 3691 2559 3745 fuit
2592 3708 2708 3745 non
2731 3691 2996 3758 exiguus,
3030 3694 3087 3742 et
3115 3690 3339 3742 fructus
3381 3702 3522 3740 sane
3554 3687 3806 3756 amplus.

393 3783 457 3835 In
489 3780 869 3851 sequentibus
901 3795 1030 3849 quas
1063 3778 1340 3833 Reiskius
1368 3777 1494 3846 ipse
1527 3778 1842 3844 accuravit,
1861 3778 2013 3830 nihil
2034 3785 2260 3833 mutare
2282 3779 2521 3849 placuit,
2545 3795 2883 3850 quanquam
2906 3777 3025 3844 ille,
3049 3794 3178 3833 cum
3202 3782 3470 3849 portenta
3491 3775 3805 3843 scribendi,

396 3870 590 3943 qualia
633 3871 694 3924 in
728 3869 928 3923 codice
963 3871 1214 3934 exstant,
1247 3867 1703 3936 manifestosque
1751 3883 1995 3929 errores.
2047 3867 2423 3940 relinqueret,
2486 3871 2594 3926 sibi
2627 3870 3023 3942 ipsi,mea3que
3049 3869 3454 3925 consuetudini
3485 3868 3810 3924 contrarius

393 3961 581 4016 fuerit.
612 3961 721 4016 Sed
755 3960 1024 4014 nolebam
1059 3955 1394 4012 festinatius
1436 3972 1625 4028 agere,
1677 3959 1829 4028 quod
1881 3958 2070 4014 facere
2119 3959 2479 4029 debuissem,
2525 3962 2640 4019 otio
2689 3961 3046 4029 destitutus;
3100 3961 3294 4032 itaque
3340 3960 3804 4026 incommodum,

394 4054 551 4126 quod
581 4051 765 4108 levius
797 4050 931 4106 mihi
963 4049 1278 4114 videretur,
1310 4048 1480 4120 elegi.
1518 4048 1663 4105 Cum
1690 4065 1822 4106 vero
1851 4050 2226 4106 concedimus
2250 4069 2364 4107 non
2396 4069 2526 4109 esse
2555 4053 2719 4108 omni
2752 4069 2992 4109 numero
3025 4052 3354 4107 absolutam
3405 4051 3801 4107 recensionem

390 4141 634 4209 Reiskii,
664 4139 1071 4197 commentarii
1099 4138 1376 4194 laudibus
1407 4137 1553 4194 nihil
1586 4154 1729 4194 sane
1760 4139 2108 4211 detrahitur,
2141 4158 2258 4213 quo
2290 4142 2385 4198 ille
2407 4158 2496 4198 res
2519 4143 2967 4199 obscurissimas
2989 4147 3268 4214 extraque
3298 4157 3672 4198 communem
3705 4159 3802 4197 co-

388 4232 712 4304 gnitionem
743 4229 960 4300 positas
993 4229 1074 4284 ita
1103 4228 1408 4299 explicavit
1441 4231 1502 4282 ut
1530 4227 1890 4300 Lessingius,
1923 4229 2098 4285 etiam
2131 4232 2189 4285 in
2222 4231 2317 4287 bis
2346 4231 2550 4288 litteris
2579 4232 3053 4304 sapientissimus
3079 4231 3281 4300 judex,
3315 4253 3343 4280 ‹‹
3393 4230 3805 4285 admirandum

391 4336 517 4377 esse
549 4337 717 4390 opus,
749 4324 804 4374 et
834 4317 1317 4374 luculentissimis
1347 4316 1527 4386 hujus
1558 4318 1787 4386 generis
1820 4317 2324 4389 aaquiparandum,
2360 4342 2390 4370 »
2446 4321 2859 4390 pronuntiarit.
2892 4321 3079 4390 Hujus
3129 4319 3534 4376 commentarii
3584 4326 3806 4390 partem

385 4409 786 4481 posteriorem,
837 4422 962 4477 qua!
1019 4405 1416 4476 Appendicem
1464 4403 1602 4460 libri
1653 4406 1848 4475 primi,
1890 4407 2338 4479 secundumque
2385 4409 2678 4480 integrum
2728 4410 3121 4480 persequitur,
3174 4414 3306 4480 post
3353 4425 3573 4464 annum
3632 4409 3722 4475 75,
3777 4425 3806 4464 e

386 4499 618 4554 schedis
646 4496 890 4561 Reiskii,
921 4496 982 4551 in
1011 4495 1310 4552 volumine
1339 4494 1515 4566 hujus
1555 4495 1740 4565 partis
1789 4497 2050 4553 secundo
2091 4503 2349 4570 ereptam
2399 4498 2675 4556 oblivioni
2705 4501 2764 4555 in
2809 4500 3000 4556 lucem
3052 4500 3380 4569 proferam;
3433 4500 3609 4570 idque
3659 4499 3805 4554 mihi

391 4590 768 4664 potissimum
800 4587 1141 4658 contigisse,
1175 4590 1411 4658 propter
1442 4589 1740 4655 paternam
1789 4586 2109 4643 amicitiam
2159 4587 2545 4662 pietatemque
2594 4607 2710 4661 qua
2758 4590 2895 4645 inde
2941 4608 2974 4646 a
3025 4589 3276 4661 pueritia
3321 4591 3662 4645 memoriam
3703 4589 3812 4645 viri

384 4681 545 4737 unici
579 4684 778 4736 sancte
807 4681 996 4735 colere
1028 4681 1298 4733 assuetus
1339 4693 1495 4744 sum,
1529 4676 1898 4734 vehementer
1945 4677 2127 4734 laetor.
2179 4679 2383 4736 Fateor
2426 4696 2566 4737 sane
2616 4681 2814 4736 multis
2861 4681 3002 4737 locis
3041 4680 3273 4736 nonnisi
3330 4681 3606 4738 inchoata
3653 4697 3802 4736 esse.

386 4764 540 4827 limae
573 4776 818 4841 servata,
850 4786 1022 4842 quam
1055 4769 1303 4840 scriptor
1335 4767 1720 4838 adhibuisset,
1753 4768 1868 4823 nisi
1901 4768 2222 4842 bibliopola
2249 4788 2383 4827 eum
2415 4772 2815 4828 destituisset:
2849 4789 3051 4828 verum
3079 4773 3136 4827 id
3180 4773 3356 4829 nitori
3401 4774 3599 4844 potius
3632 4789 3809 4844 quam

388 4861 576 4930 pretio
607 4860 800 4931 operis
832 4860 1017 4914 obest.

461 4948 732 5004 Codicem
762 4947 976 5020 ipsum,
1011 4950 1078 5001 ut
1105 4944 1314 5017 inspici
1346 4952 1536 5014 posset
1562 4944 1664 5000 ubi
1693 4960 1840 5016 opus
1865 4945 2032 5012 foret,
2067 4946 2261 5019 Lipsia
2299 4950 2714 5005 transmissum
2748 4965 2893 5020 esse,
2946 4949 3266 5018 Blumneri,
3299 4965 3354 5004 v.
3411 4945 3509 5013 cl.,
3545 4946 3813 5001 humani-

383 5036 495 5092 tati
526 5037 972 5108 litterarumque
1003 5035 1208 5101 amori,
1241 5042 1315 5106 et,
1350 5033 1462 5088 nisi
1495 5049 1588 5089 me
1617 5034 1952 5103 conjectura
1984 5035 2218 5108 decipit,
2252 5037 2522 5094 amicitiae
2551 5040 2991 5110 patrocinioque
3022 5037 3340 5094 Hermanni
3369 5034 3576 5091 debeo.

454 5128 584 5182 Scio
606 5142 731 5197 ego,
763 5125 947 5181 libros
978 5124 1460 5180 Contantinianos
1483 5123 1552 5178 de
1583 5123 1937 5188 cerimoniis,
1972 5142 2112 5196 qaos
2142 5125 2452 5198 inscriptio
2481 5128 2603 5198 ipsa
2646 5129 2800 5184 circa
2849 5143 3034 5198 nugas
3083 5125 3297 5180 versari
3349 5120 3565 5195 prodit,
3599 5135 3632 5170 a
3680 5116 3819 5186 plu-

383 5215 552 5270 rimis
578 5217 868 5272 contemni
902 5213 1073 5286 plane
1102 5231 1167 5269 ac
1194 5211 1484 5269 derideri:
1520 5228 1708 5282 neque
1738 5212 1960 5282 negabo
1991 5215 2272 5284 majorem
2304 5217 2514 5286 prioris
2566 5217 2702 5273 libri
2751 5221 2975 5288 partem
3020 5217 3101 5269 ita
3139 5229 3266 5268 esse
3317 5209 3715 5274 comparatam
3752 5213 3820 5262 ut

381 5306 636 5376 ingenuo
667 5305 893 5361 homini
927 5321 1200 5361 nauseam
1233 5308 1477 5360 moveat.
1512 5303 1621 5359 Sed
1654 5301 1742 5358 vel
1775 5301 1834 5357 in
1867 5303 1958 5358 his
2001 5305 2337 5378 quisquiliis
2369 5307 2570 5363 insunt
2598 5307 2984 5364 nihilominus
3033 5321 3126 5358 res
3175 5302 3247 5354 ad
3299 5290 3554 5386 historiae
3607 5295 3823 5386 cogni-

381 5394 602 5450 tionem
638 5395 880 5451 minime
910 5394 1189 5452 inutiles:
1223 5399 1346 5450 tum
1376 5409 1508 5448 vero
1536 5393 1635 5448 illa
1665 5393 1984 5462 praesertim
2015 5394 2074 5450 in
2098 5376 2481 5467 sequentibus
2513 5415 2639 5468 quas
2694 5414 2762 5451 ex
2792 5396 2959 5449 Petro
3013 5388 3286 5452 Patricio,
3334 5376 3545 5453 parlim
3595 5376 3832 5468 omisso

386 5485 515 5554 ejus
543 5487 804 5555 nomine,
837 5485 1046 5541 hausta
1075 5493 1234 5554 sunt,
1268 5501 1382 5540 non
1415 5483 1606 5540 solum
1641 5460 1950 5540 utilitatem
1980 5460 2199 5542 habent
2244 5460 2546 5554 eximiam,
2575 5488 2678 5542 sed
2729 5483 3076 5552 elegantiam
3127 5484 3396 5542 qUOQUB;
3451 5473 3642 5555 ξιθίῐυξθ
3688 5460 3822 5555 “fare

387 5572 486 5628 alii
516 5574 695 5646 hujus
725 5575 988 5645 corporis
1019 5574 1168 5630 libro
1192 5574 1528 5645 praestantia
1559 5573 1795 5628 cedunt.
1829 5573 2128 5630 Delitescit
2155 5577 2214 5630 in
2249 5574 2344 5641 iis,
2378 5578 2439 5628 ut
2469 5591 2588 5628 rem
2622 5570 2885 5640 exemplo
2936 5561 3415 5646 commonstrem,
3451 5545 3856 5646 Ιέθξχιξῖεἱιξὶιῖἒ

389 5664 545 5734 gusti
575 5625 860 5728 eddictumr,
892 5668 1041 5734 quod
1078 5625 1390 5734 perrannos
1432 5662 1600 5733 paulo
1654 5663 1845 5716 minus
1893 5663 1964 5716 80
2010 5663 2061 5718 in

2192 5625 2971 5733 l’rotraheremn—eglexerunt
3015 5644 3112 5712 qui
3165 5637 3442 5705 aligandae
3495 5625 3864 5680 collectioni

393 5751 778 5824 reliquiarum
805 5753 961 5824 juris
991 5750 1527 5808 Ante-Justinianei
1559 5764 1797 5820 operam
1830 5749 2136 5807 dederunt.

465 5842 582 5899 Scr.
621 5845 837 5901 Bonnae
873 5859 924 5898 a.
960 5843 1016 5897 d.
1050 5859 1082 5896 v
1113 5843 1196 5898 Id.
1231 5842 1398 5898 Mart.
1432 5838 1874 5895 MDCCCXXIX.
