4152 6310
414 292 490 350 35
1727 289 1952 348 JOAN.
2002 289 2162 349 JAC.
2214 291 2498 351 REISKII
3741 293 3816 354 36

3687 465 3816 474 __

521 609 1027 752 JOAN.
1100 613 1461 750 JAC.
1545 613 2213 751 BEISKII
2332 618 3673 759 Pli/EFATIONES.

1519 1063 1662 1146 AD
1739 1061 2178 1152 TOMUM
2253 1061 2704 1151 PRIMUM

478 1403 603 1473 [Ed.
639 1403 701 1456 L.
735 1401 803 1472 I.]
835 1402 978 1456 Cum
1000 1416 1086 1467 ea,
1119 1400 1188 1455 de
1212 1399 1428 1471 quibus
1451 1399 1751 1454 admoneri
1789 1399 2046 1455 futurum
2078 1403 2133 1461 Α
2163 1399 2398 1455 biennio
2431 1403 2576 1471 post.
2613 1400 2698 1454 Ab
2740 1416 2805 1454 eo
2835 1399 2969 1454 inde
3016 1403 3274 1470 tempore
3306 1400 3430 1469 [Ed.
3467 1401 3526 1456 L.
3573 1402 3642 1470 II]
3679 1417 3806 1471 pro-

406 1488 584 1557 hujus
615 1488 748 1543 libri
778 1488 1056 1543 lectorem
1093 1487 1179 1542 fas
1229 1491 1333 1554 est,
1395 1490 1481 1540 tot
1530 1487 1649 1540 sint
1694 1503 1939 1542 numero
1996 1491 2053 1542 ct

404 1581 677 1631 enarratu
710 1581 826 1632 tam
862 1576 1074 1646 ampla,
1110 1585 1166 1630 ut
1199 1593 1335 1643 una,
1371 1575 1600 1631 modica
1639 1580 1791 1632 certe
1833 1577 2048 1644 futura,

405 1665 813 1720 dissertatione
843 1665 1255 1736 comprehendi
1299 1669 1608 1735 nequeant.
1645 1664 1879 1735 aliaeque
1912 1682 2051 1736 prae-

403 1761 555 1809 terea
584 1758 773 1808 vetent
804 1755 1054 1808 rationes
1087 1753 1286 1808 omnia
1317 1770 1440 1822 qum
1473 1753 1530 1807 in
1586 1759 1857 1824 promptu
1914 1756 2051 1809 sunt

402 1844 579 1897 simul
608 1843 938 1898 effundere:
972 1844 1159 1897 visum
1193 1848 1281 1898 est
1315 1860 1550 1914 cperam
1599 1843 1819 1913 partiri,
1854 1848 1909 1898 et
1939 1843 2046 1899 hoc

403 1932 635 2002 quidem
670 1933 792 1988 loco
818 1940 1044 1987 tantum
1070 1934 1140 1986 de
1172 1932 1308 1987 fatis
1333 1933 1530 2003 hujus,
1565 1933 1717 2004 quod
1744 1949 1899 1987 nunc
1924 1949 2050 2003 pro-

401 2021 502 2087 dit,
520 2021 709 2092 operis
723 2020 1208 2088 Constantiniani,
1227 2021 1367 2075 item
1389 2023 1458 2075 de
1482 2021 1644 2075 illius
1675 2027 2042 2092 argumento,

400 2108 570 2163 titulo
601 2115 656 2163 et
688 2113 919 2164 auctore
967 2109 1292 2176 disserere;
1343 2110 1505 2164 alteri
1538 2118 1727 2164 autem
1765 2108 2044 2163 volumini

401 2212 532 2252 mox
564 2201 830 2252 secuturo
878 2197 1106 2266 reliqua
1133 2191 1448 2262 reservare,
1481 2198 1552 2252 de
1600 2197 1819 2268 quibus
1868 2214 2046 2268 expo-

402 2285 675 2340 sitionem
712 2285 968 2355 praat‘atio
1006 2284 1206 2341 lectori
1239 2285 1426 2340 debet.

471 2377 498 2442 §
531 2376 581 2428 1.
616 2376 687 2429 De
715 2376 853 2444 fatis
884 2375 1048 2445 hujus
1077 2379 1275 2445 operis.
1301 2407 1369 2416 ——
1403 2375 1557 2445 Opus
1591 2380 1704 2431 tam
1740 2375 1955 2430 scitum
1989 2379 2044 2430 et

401 2462 558 2527 utile,
593 2470 764 2532 atque
792 2463 900 2517 hoc
930 2466 1036 2528 est,
1069 2463 1328 2532 potuisse
1360 2479 1456 2532 per
1511 2468 1593 2519 tot
1641 2463 1850 2518 saecula
1901 2462 2041 2518 scri-

401 2555 630 2620 ptorum
690 2551 1017 2606 Graecorum
1075 2550 1554 2621 Latinorumque,
1619 2556 1906 2622 quotquot
1969 2553 2040 2605 ab

397 2641 527 2708 ejus
553 2639 842 2695 natalibus
876 2641 1010 2694 inde
1059 2639 1413 2707 claruerunt,
1457 2640 1722 2695 omnium
1773 2640 2039 2696 notitiam

2161 1487 2331 1543 cessit
2382 1488 2690 1558 impressio
2738 1487 2914 1541 variis
2974 1486 3292 1556 intercepta
3346 1487 3802 1556 impedimentis,

2163 1578 2347 1632 donec
2379 1577 2614 1631 tandem
2648 1575 2968 1646 superioris
2990 1577 3127 1631 anni
3156 1575 3396 1630 ineunte
3445 1579 3642 1630 aestate
3692 1578 3796 1630 do-

2157 1664 2488 1720 ctissimum
2548 1664 2837 1731 editorem,
2889 1664 3003 1719 vita
3052 1663 3310 1735 longiore
3359 1664 3798 1735 dignissimum,

2159 1758 2215 1809 et
2247 1755 2483 1826 egregia
2515 1753 2971 1826 promittentem,
3004 1753 3158 1808 acuti
3189 1752 3373 1808 morbi
3407 1753 3491 1807 vis
3524 1752 3582 1807 in
3614 1754 3799 1808 aetatis

2158 1845 2299 1899 ﬂore
2326 1844 2573 1899 tolleret.
2600 1844 2989 1898 Pervenerant
3008 1846 3134 1897 tum
3161 1843 3440 1914 temporis
3462 1841 3801 1914 typographi

2157 1948 2335 2002 usque
2366 1934 2436 1986 ad
2472 1933 2744 2003 paginam
2799 1931 2980 2001 hujus
3027 1931 3300 1986 editionis
3347 1933 3471 1984 216.
3525 1930 3803 1985 Devoluta

2158 2022 2432 2091 deinceps
2464 2037 2531 2075 ex
2563 2037 2906 2085 magnorum
2935 2019 3191 2074 virorum
3215 2021 3284 2074 de
3335 2019 3482 2074 meis
3527 2019 3799 2090 proiecti-

2155 2109 2268 2163 bus
2303 2109 2549 2179 benigno
2574 2108 2797 2178 judicio
2831 2107 3102 2162 editionis
3136 2107 3499 2162 absolvenda
3540 2123 3681 2161 cura
3727 2109 3796 2161 ad

2156 2211 2248 2252 me
2272 2196 2396 2250 fuit.
2422 2197 2556 2262 Qua
2575 2195 2752 2265 igitur
2768 2211 2853 2258 ea,
2882 2211 3054 2265 quam
3079 2195 3219 2263 dixi,
3241 2195 3449 2266 pagina
3473 2195 3794 2265 posteriora

2154 2291 2308 2347 sunt,
2343 2299 2554 2338 excusa
2583 2283 2818 2337 fuerunt
2861 2284 2972 2337 sub
3024 2282 3164 2338 meis
3195 2282 3397 2352 oculis,
3431 2292 3483 2337 et
3513 2284 3795 2337 excuden-

2155 2379 2244 2426 tur
2277 2388 2471 2443 porro,
2505 2372 2727 2426 favente
2755 2377 2888 2437 Deo,
2933 2387 3060 2442 quae
3084 2376 3424 2441 supersunt.

2223 2463 2328 2528 ἐπὶ.
2365 2464 2436 2516 De
2467 2465 2788 2531 argumento
2819 2461 2981 2515 libri.
3017 2490 3084 2496 -ε
3115 2462 3174 2515 Si
3219 2461 3350 2531 quis
3404 2461 3513 2515 hoc
3563 2461 3794 2529 saeculo,

2151 2555 2205 2604 et
2238 2566 2380 2619 pene
2412 2549 2654 2604 dixerim
2689 2565 2968 2618 unquam,
3003 2549 3060 2603 in
3096 2549 3282 2604 lucem
3334 2550 3525 2603 editus
3558 2550 3666 2603 fuit
3694 2566 3792 2604 co-

2151 2639 2494 2708 gnoscendae
2509 2641 2771 2707 Auguste
2789 2637 3058 2692 Romanae
3081 2638 3522 2710 Byzantinmque
3538 2638 3791 2692 historiae

399 2729 674 2800 effugere,
699 2729 954 2801 profecto
979 2729 1194 2784 mirum
1219 2732 1325 2796 est,
1347 2729 1665 2800 praesertim
1690 2729 1748 2783 in
1769 2730 1882 2784 acri
1916 2728 2037 2795 illa,
2068 2767 2119 2824 B
2151 2727 2308 2782 utilis
2339 2726 2508 2796 liber,
2533 2730 2622 2782 est
2653 2742 2792 2781 sane
2825 2725 2939 2780 hic.
2972 2727 3169 2796 Neque
3218 2727 3509 2781 immerito
3559 2727 3616 2780 in
3667 2727 3790 2796 ejus

397 2833 510 2889 qua
535 2819 804 2888 superius
831 2818 1109 2872 saeculum
1152 2817 1428 2882 fervebat,
1463 2817 1835 2888 indagatione
1867 2817 2035 2871 char-

391 2912 580 2961 tarum
616 2907 686 2961 ad
711 2907 1085 2978 Byzantinam
1108 2905 1412 2962 historiam
1438 2907 1870 2976 pertinentium.
1909 2907 2036 2960 Pri-

391 3011 520 3049 mus
549 3001 744 3049 autem
775 2995 1083 3050 Zacharias
1112 2995 1411 3050 Conradus
1463 2995 1896 3065 Utl‘enbachius,
1932 2995 2031 3050 rei-

389 3087 631 3156 publicae
664 3086 1129 3140 Francofurtanae
1152 3086 1223 3140 ad
1252 3085 1498 3140 Mcenum
1521 3087 1812 3158 quondam
1839 3086 2032 3141 scabi-

389 3192 498 3230 nus
529 3180 583 3230 et
624 3175 966 3239 consularis,
999 3174 1214 3230 librum
1264 3175 1421 3231 hunc
1470 3175 1528 3229 in
1571 3175 1789 3230 famam
1846 3175 2029 3242 misit,

387 3265 514 3332 ejus
574 3264 837 3318 notitiam
890 3263 1134 3331 edendo,
1185 3279 1306 3334 quae
1355 3281 1423 3320 ex
1489 3263 1733 3320 celeber.
1779 3264 2030 3319 Fabricii

389 3352 717 3407 Bibliothec.
744 3351 919 3407 Graec.
955 3356 1111 3407 tomo
1141 3352 1239 3422 VI,
1263 3352 1504 3408 inferius
1537 3371 1568 3408 a
1602 3353 1815 3409 nostris
1838 3355 2027 3423 cperis

382 3445 694 3510 repetetur.
728 3441 809 3495 Ex
840 3441 1200 3497 Utl‘enbachii
1245 3443 1612 3513 possessione
1659 3443 1919 3515 pervenit
1969 3444 2024 3498 in

380 3529 789 3585 bibliothecam
821 3531 998 3602 ampl.
1035 3536 1272 3588 senatus
1297 3533 1458 3587 urbis
1482 3537 1714 3599 nostrae,
1740 3547 1868 3604 qua:
1889 3533 2028 3603 opti-

380 3619 492 3672 mis
551 3619 714 3674 libris
760 3621 1042 3676 instructa
1093 3621 1334 3676 eruditis
1408 3623 1764 3677 nostratibus
1816 3639 2024 3693 magno

379 3709 505 3763 usui
540 3712 650 3764 est.
686 3709 768 3763 Ita
813 3710 1052 3777 factum,
1105 3711 1168 3764 ut
1217 3709 1617 3780 amplissimus
1673 3711 2023 3778 Mascovius,

378 3798 504 3865 ejus
528 3798 851 3866 praefectus,
885 3797 972 3850 Jo.
1007 3797 1182 3851 Henr.
1217 3799 1532 3867 Leichium,
1568 3817 1752 3871 nuper
1783 3801 1840 3854 in
1885 3801 2024 3855 Aca-

381 3884 571 3938 demia
604 3893 800 3937 nostra
831 3883 1250 3952 elegantiorum
1279 3885 1605 3940 litterarum
1636 3889 2022 3956 professorem

378 3971 789 4036 clarissimum,
842 3971 937 4041 qui
989 3987 1116 4026 eam
1164 3989 1198 4026 a
1239 3973 1431 4041 prima
1475 3973 1861 4028 adolescentia
1911 3977 2022 4030 fre-

377 4065 654 4132 quentare
684 4063 1084 4129 consueverat,
1118 4061 1188 4114 ad
1223 4061 1510 4115 edendum
1562 4077 1706 4130 opus
1738 4061 2021 4116 hactenus

2148 2815 2494 2870 desiderium
2514 2819 2859 2870 exarserunt
2879 2815 3112 2880 eruditi,
3146 2832 3212 2869 ex
3244 2832 3357 2885 quo
3381 2818 3787 2886 argumentum

2145 2909 2202 2959 et
2233 2904 2479 2974 pretium
2515 2904 2870 2959 intellexere.
2905 2907 2972 2957 Et
3003 2920 3162 2969 sane,
3195 2903 3242 2958 si
3293 2903 3425 2974 quis
3477 2919 3672 2958 secum
3703 2920 3790 2957 rc-

2147 2998 2311 3065 putet
2340 2994 2498 3049 hunc
2528 2993 2744 3049 librum
2776 2995 2845 3048 de
2891 2993 3222 3049 cerimoniis
3268 2994 3412 3047 aulae
3464 2994 3786 3066 Byzantina)

2144 3099 2448 3154 exponere,
2477 3084 2810 3154 recolatque
2842 3083 3058 3147 animo,
3093 3086 3232 3152 quot
3262 3086 3316 3136 et
3348 3098 3521 3152 quam
3565 3081 3790 3136 diversa

2141 3173 2200 3228 in
2231 3172 2376 3228 aulis
2416 3189 2779 3228 summorum
2815 3172 3147 3244 principum
3181 3188 3289 3226 usu
3339 3173 3590 3241 veniant,
3623 3176 3679 3226 et
3727 3172 3783 3225 id

2142 3278 2374 3333 quoque
2407 3263 2642 3318 tandem
2667 3261 2975 3332 intelligat,
3002 3261 3194 3315 aulam
3220 3260 3616 3332 Byzantinam,
3641 3277 3786 3331 qua-

2141 3351 2211 3405 lis
2261 3356 2414 3406 certe
2463 3349 3093 3422 Porphyrogenitorum
3150 3358 3403 3420 tempore
3454 3353 3599 3416 erat,
3653 3366 3780 3404 um-

2140 3440 2305 3495 bram
2337 3441 2550 3496 veteris
2581 3442 2855 3512 Auguste
2890 3439 3161 3492 Romanis
3213 3437 3433 3506 fuisse;
3470 3438 3635 3494 facile
3684 3437 3781 3493 ille

2139 3530 2454 3585 afﬁrmanti
2490 3530 2708 3596 credat,
2742 3544 2929 3600 neque
2952 3545 3187 3583 sacrum
3211 3545 3353 3597 esse,
3387 3545 3571 3600 neque
3594 3530 3781 3600 profa~

2139 3639 2303 3692 num,
2340 3619 2590 3676 historiae
2622 3620 2831 3675 veteris
2863 3629 3296 3691 argumentum,
3321 3621 3473 3691 quod
3515 3621 3609 3674 hic
3639 3619 3785 3673 liber

2136 3729 2252 3767 non
2285 3711 2552 3782 attingat,
2588 3726 2702 3766 non
2736 3709 3008 3765 illustret.
3037 3709 3093 3763 Si
3128 3726 3299 3781 quem
3343 3710 3557 3764 rituum
3599 3709 3782 3763 eccle-

2138 3801 2512 3857 siasticorum
2544 3801 2798 3855 studium
2838 3801 3017 3870 capit,
3047 3803 3359 3872 cognoscat
3406 3799 3563 3865 hinc,
3597 3796 3787 3869 qualis

2136 3889 2310 3942 fuerit
2342 3888 2605 3942 Ecclesiae
2634 3890 2842 3942 Graeca
2876 3889 3052 3944 facies
3075 3890 3298 3944 decimo
3321 3895 3450 3960 post
3481 3888 3549 3944 N.
3584 3887 3642 3941 C.
3678 3904 3786 3942 saa-

2135 3977 2285 4044 culo,
2319 3993 2441 4045 quae
2476 3977 2848 4045 legendorum
2879 3978 3337 4046 patriarcharum
3381 3978 3547 4042 ratio,
3593 3977 3783 4046 qualis

2138 4078 2341 4116 eorum
2386 4077 2517 4115 cum
2559 4061 2683 4115 suis
2740 4061 3188 4130 imperatoribus
3238 4064 3619 4132 consuetudo,
3652 4080 3780 4134 quae

693 4113 739 4115 η
1125 4113 1148 4114 ρ
1234 4113 1241 4114 κ
2746 4113 2753 4114 κ
3241 4113 3619 4132 -τ--η-ν--η,
3656 4113 3775 4134 γη

374 4151 660 4204 ineditum
711 4150 1002 4206 excitaret.
1043 4149 1175 4205 Jam
1226 4154 1393 4205 antea
1444 4150 1500 4204 id
1567 4149 1723 4204 idem
1787 4149 2024 4205 molitus
2062 4113 2104 4172 Ο
2142 4150 2467 4205 Graecarum
2508 4148 2889 4203 ecclesiarum
2940 4157 3130 4220 partes
3175 4155 3231 4207 et
3287 4156 3598 4217 structura,
3653 4168 3780 4223 quae

380 4240 564 4293 fuerat
594 4239 682 4294 J0.
737 4239 968 4293 Henric.
1020 4238 1224 4305 Maius,
1276 4238 1334 4292 in
1385 4237 1703 4293 Academia
1746 4237 2024 4293 Giessana

379 4329 675 4398 quondam
706 4328 911 4383 Grecae
943 4332 997 4381 et
1026 4325 1394 4383 orientalium
1427 4327 1766 4398 linguarum
1802 4328 2020 4397 profes-

377 4435 494 4474 sor.
527 4419 793 4473 Testatur
821 4418 880 4472 in
915 4417 1192 4486 Catalogo,
1241 4434 1414 4488 quem
1456 4417 1724 4483 confecit,
1772 4417 2021 4474 codicum

376 4507 881 4577 manuscriptorum
915 4507 1255 4563 bibliothecz
1290 4506 1752 4577 Uﬂenbachianw,
1785 4524 1847 4562 se
1889 4505 2022 4562 libri

377 4595 551 4664 hujus
612 4596 873 4650 Latinam
924 4595 1451 4666 interpretationem
1509 4596 1851 4663 confecisse,
1897 4613 2022 4651 cer-

375 4688 614 4754 tamque
645 4684 919 4739 editionis
950 4700 1111 4753 spem
1139 4684 1295 4738 iacit.
1329 4687 1399 4738 At
1421 4699 1488 4739 ea
1519 4685 1754 4757 quidem
1773 4700 1901 4739 cum
1935 4684 2022 4756 ip-

377 4773 498 4829 sius
540 4773 696 4828 obitu
740 4771 1068 4841 decollavit,
1126 4789 1336 4843 neque,
1387 4789 1498 4844 quo
1553 4773 1848 4829 devenerit
1896 4776 2024 4844 ejus

376 4864 798 4933 interpretatio,
829 4869 1070 4919 constat.
1113 4865 1422 4919 Scebimen
1477 4867 1628 4935 ejus,
1675 4865 1833 4920 unde
1878 4865 2026 4920 aesti-

378 4953 522 5010 mari
557 4958 758 5024 queat,
790 4953 1034 5008 habetur
1068 4953 1125 5007 in
1160 4953 1331 5008 modo
1383 4952 1620 5008 laudato
1653 4954 1938 5026 catalogo,
1971 4962 2024 5009 et

379 5044 530 5114 apud
567 5041 919 5098 Fabricium.
955 5042 1162 5097 Omine
1210 5041 1392 5114 igitur
1433 5042 1731 5112 aliquanto
1764 5045 2022 5114 auspica-

379 5135 524 5187 tiore
598 5131 906 5186 editionem
976 5133 1167 5201 operis
1240 5131 1720 5186 desideratissimi
1772 5133 2024 5202 suscepit

381 5223 516 5277 clar.
552 5221 836 5289 Lcichius,
868 5222 956 5275 vir
977 5221 1171 5276 Graece
1199 5221 1518 5292 Latineque
1550 5222 1948 5291 doctissimus,
1966 5229 2022 5277 ct

381 5311 441 5365 in
473 5313 634 5366 omni
662 5316 852 5367 vetere
902 5325 1164 5381 novaque
1215 5311 1454 5366 historia
1497 5311 1945 5381 versatissimus,
1970 5319 2022 5366 et

382 5399 622 5469 primam
657 5402 891 5471 quidem
919 5400 1057 5470 'ejus
1104 5415 1267 5469 spem
1303 5399 1548 5457 faciebat
1593 5419 1745 5456 anno
1793 5402 1931 5455 1743
1962 5402 2020 5455 in

2134 4239 2399 4294 instituta
2428 4237 2762 4293 celebrandi
2795 4237 2977 4294 divini
3023 4239 3239 4310 cultus,
3275 4241 3373 4312 qui
3425 4243 3554 4312 ejus
3605 4243 3781 4298 mini-

2134 4327 2262 4392 stri,
2295 4329 2429 4399 quis
2460 4327 2601 4383 ordo
2634 4327 2915 4382 festorum
2966 4327 3210 4396 dierum,
3247 4347 3374 4401 quae
3417 4347 3594 4386 sacras
3646 4347 3785 4402 pro-

2133 4418 2448 4483 cessiones,
2475 4433 2620 4488 quas
2649 4415 2864 4488 quibus
2900 4417 3126 4485 diebus,
3161 4420 3233 4473 ad
3290 4419 3442 4475 aedes
3482 4424 3788 4475 monaste—

2134 4508 2288 4562 riave
2320 4505 2659 4562 celebriora.
2686 4503 2898 4560 Rerum
2924 4515 3114 4561 autem
3149 4507 3408 4563 civilium
3432 4511 3784 4581 contempla-

2133 4597 2212 4652 tio
2243 4596 2292 4652 si
2325 4611 2494 4666 quem
2521 4595 2705 4665 magis
2732 4593 3001 4664 delectat,
3021 4604 3217 4652 vastus
3244 4597 3326 4652 illi
3358 4615 3418 4654 se
3442 4614 3673 4668 campus
3691 4597 3782 4653 hic

2133 4685 2343 4757 pandit
2394 4688 2657 4756 spectatu
2705 4684 2918 4755 dignus
2967 4686 3178 4757 pariter
3239 4691 3416 4759 atque
3462 4687 3778 4757 iucundus.

2132 4777 2416 4831 Crcantur
2446 4774 2719 4845 Augusti,
2755 4773 3048 4830 celebrant
3079 4777 3336 4846 nuptias,
3363 4781 3779 4848 susceptosque

2133 4881 2333 4921 recens
2365 4863 2580 4918 liberos
2611 4870 2812 4918 curant
2845 4879 3010 4920 sacro
3041 4863 3268 4921 lavacro
3299 4865 3359 4921 in
3390 4866 3636 4922 ecclesia
3676 4880 3782 4920 ex—

2133 4955 2316 5027 piari;
2341 4953 2644 5009 conferunt
2666 4953 3000 5024 dignitates,
3018 4955 3085 5010 ad
3107 4956 3442 5010 suburbana
3462 4955 3676 5026 palatia
3697 4971 3785 5009 ru-

2132 5043 2434 5109 sticatum,
2457 5041 2902 5111 vindemiatum,
2927 5043 3063 5098 item
3085 5044 3150 5099 ad
3180 5045 3383 5100 horrea
3407 5043 3661 5116 publica,
3685 5060 3785 5099 an-

2132 5150 2344 5190 nonam
2377 5131 2674 5187 conditam
2699 5136 3046 5202 spectatum,
3071 5135 3431 5204 procedunt;
3461 5135 3778 5205 excipiunt,

2130 5223 2297 5280 aliter
2310 5221 2682 5294 quotidianae
2695 5236 2996 5290 procerum
3015 5221 3586 5290 salutationes,aliter
3597 5225 3782 5276 statas

2131 5311 2549 5378 solemniores;
2587 5314 2856 5378 perorant
2881 5311 2938 5363 in
2964 5309 3240 5376 silentiis,
3265 5315 3531 5381 spectant
3553 5311 3778 5366 circen-

2132 5418 2255 5458 sem
2291 5399 2603 5466 insaniam,
2629 5396 2875 5452 audiunt
2899 5398 3216 5453 factionum
3249 5401 3695 5455 acclamationes
3727 5405 3782 5454 et

379 5486 572 5543 libello
598 5494 677 5543 De
699 5491 981 5561 Diplychis
1001 5492 1417 5560 veterum,,pag.
1440 5491 1508 5545 10
1536 5508 1689 5562 sqq.,
1716 5492 1814 5547 ubi
1838 5495 2024 5547 totum
2055 5480 2105 5537 D
2142 5488 2554 5563 ﬂagitationes,
2576 5484 3197 5558 premiadantaurigis
3217 5489 3557 5555 victoribus,
3586 5488 3784 5543 missi-

380 5579 551 5644 caput
579 5580 1090 5651 quadragesimum
1144 5580 1382 5634 secundi
1432 5579 1562 5635 libri
1611 5585 1854 5652 utroque
1905 5598 2024 5637 ser-

380 5680 552 5720 mone
574 5664 873 5736 vulgavit;
909 5670 1095 5740 ipsam
1141 5685 1272 5725 vero
1321 5669 1633 5725 editionem
1694 5671 2026 5727 ordiebatur

2135 5581 2213 5636 lla
2236 5581 2540 5651 spargunt,
2566 5573 2907 5644 pyrrhicbas
2931 5579 2984 5628 et
3007 5574 3178 5630 ludos
3201 5576 3474 5632 Gothicos
3494 5581 3784 5647 spectant,

2137 5673 2285 5734 vota,
2311 5659 2624 5727 brumalia,
2642 5659 2862 5716 natales
2877 5667 3035 5716 ortus
3053 5661 3404 5734 imperiique
3426 5670 3480 5718 et
3501 5662 3784 5719 connubii
