4234 6316
357 325 434 386 37
1786 311 2359 374 PRIEFATIONES
3702 324 3780 382 38

361 457 453 515 sui
485 455 812 526 celebrant,
836 451 1061 508 divinas
1090 449 1296 521 epulas
1325 447 1771 512 exhibent,cunt
1803 446 1862 499 in
1900 443 2016 498 hel-
2052 447 2102 505 Α
2136 444 2217 499 lit.
2273 445 2374 500 Est
2428 461 2517 513 ea,
2576 462 2754 518 quam
2811 447 2952 514 dixi,
3017 442 3149 518 pars
3210 450 3481 522 insignis,
3536 469 3785 525 eamque

361 548 706 617 lum,agunt
735 544 796 600 in
825 540 1308 609 castris,redeunt
1329 539 1389 593 in
1419 537 1625 592 urbem
1651 534 2024 605 triumphan-

362 631 1016 704 tes,victasquecalcant
1048 645 1249 700 regum
1271 627 1528 684 cervices
1556 624 1885 694 ;stipendia
1920 621 2026 676 mi—

364 721 566 776 litibus
597 717 1194 790 erogant,_instruunt
1225 719 1281 769 et
1311 713 1627 785 expediunt
1660 711 1897 776 classes,
1922 709 2027 763 atl—

368 811 615 866 mittunt
663 809 879 878 legatos
927 811 1262 862 exterorum
1313 803 1668 876 principum,
1723 815 1861 855 suos
1913 796 2026 867 ipsi

369 899 663 970 ablegant,
695 912 973 968 pompam
1019 902 1073 950 et
1121 893 1322 949 luxum
1354 907 1589 947 omnem
1637 904 1805 945 suum
1841 885 2025 958 expli-

370 989 787 1057 cant,egestate
817 985 1037 1056 passim
1070 981 1492 1039 transmicante
1522 979 1755 1034 tandem
1789 976 2026 1043 abeunt,

367 1078 437 1132 ad
464 1075 743 1148 plures,et
772 1073 831 1128 in
865 1075 1250 1130 monumenta
1280 1087 1387 1126 sua
1416 1069 1764 1124 inferuntur.
1789 1066 2027 1121 Peram-

373 1165 535 1222 bules
585 1164 694 1220 hoc
735 1163 860 1235 ipso
903 1163 1054 1217 libro
1095 1162 1243 1216 duce
1291 1159 1392 1214 illa
1430 1174 1628 1213 eorum
1677 1153 2028 1226 sepulcralia

373 1257 774 1323 monumenta,
825 1255 881 1307 et
924 1253 1140 1307 lustres
1183 1250 1584 1320 cujuscunque
1631 1259 1839 1300 urnam
1892 1258 2025 1298 cum

378 1339 677 1410 inscriptis
708 1336 1068 1404 nominibus,
1100 1335 1160 1394 in
1207 1334 1421 1404 quibus
1465 1332 1661 1403 aliqua
1692 1333 1852 1397 sunt,
1901 1344 2026 1399 qua:

374 1428 597 1484 frustra
616 1428 676 1483 in
698 1429 784 1483 Du
808 1427 1009 1498 Cangii
1031 1425 1288 1484 Familiis
1311 1424 1639 1494 Byzantinis
1669 1419 2027 1493 quaerasPe-

380 1523 577 1576 netres
609 1535 838 1590 quoque
864 1518 972 1575 hoc
998 1519 1203 1574 eodem
1236 1517 1380 1572 duce
1403 1515 1460 1570 in
1491 1514 1617 1584 ipsa
1642 1511 2026 1584 pretiosorum

385 1611 443 1662 et
463 1607 786 1679 insignium
811 1605 1122 1663 Orientalis
1140 1604 1377 1678 Imperii
1399 1602 2030 1668 conditoria,arcasquc

383 1696 685 1752 vestiarias
715 1702 772 1751 et
802 1695 982 1752 aliam
1015 1693 1478 1767 suppellectilem
1513 1691 1789 1745 excutias.
1826 1687 2028 1742 Melius

2136 535 2358 588 edendo
2393 535 2589 590 videor
2623 535 2764 591 mihi
2795 536 3143 608 particulam
3192 539 3384 610 operis
3416 541 3789 600 desideratis-

2138 624 2292 692 simi,
2345 627 2439 680 sed
2494 627 2712 681 dudum
2767 644 2867 698 pro
2917 628 3214 698 deperdito
3263 629 3468 696 habiti,
3510 633 3787 689 edidisse.

2141 713 2592 770 Constantinum
2626 720 2891 772 nostrum
2938 716 3285 790 colligendis
3316 724 3371 774 et
3403 721 3460 775 in
3497 726 3684 778 certos
3716 723 3788 778 ti-

2139 802 2290 856 tulos
2321 803 2654 874 digerendis
2682 805 2844 860 scitis
2899 810 3072 878 atque
3105 809 3584 866 memorabilibus
3627 817 3786 868 vete-

2137 907 2263 946 rum
2315 890 2458 947 locis
2507 893 2848 964 diligentem
2909 912 3143 967 operam
3194 897 3572 970 impendisse,
3618 917 3786 958 nemo

2140 979 2344 1034 nescit.
2379 981 2557 1036 Erant
2588 981 2726 1038 olim
2764 983 2848 1038 illi
2881 985 3038 1041 tituli
3083 1003 3328 1042 numero
3361 989 3790 1063 quinquaginta

2139 1076 2273 1124 trcs.
2306 1070 2391 1124 Ad
2427 1087 2532 1125 nos
2566 1075 2759 1127 autem
2793 1088 2907 1128 non
2942 1090 3272 1146 pervenere,
3307 1077 3417 1131 nisi
3468 1079 3675 1136 titulus
3703 1081 3789 1136 vi-

2139 1156 2393 1211 cesimus
2441 1157 2726 1229 septimus
2775 1161 2845 1214 de
2893 1160 3282 1232 legationibus
3335 1165 3577 1236 integer,
3617 1183 3791 1238 opera

2137 1244 2320 1301 Fulvii
2352 1245 2547 1302 Ursini
2578 1251 2634 1303 et
2681 1249 2917 1304 Davidis
2949 1249 3300 1320 Haaschelii;
3333 1256 3389 1308 et
3429 1255 3582 1310 tituli
3615 1257 3786 1326 quin-

2138 1335 2488 1406 quagesimi,
2524 1337 2691 1407 cujus
2722 1337 3022 1409 inscriptio
3057 1347 3140 1394 est
3168 1341 3239 1395 de
3262 1341 3473 1398 indolis
3506 1346 3787 1414 probitate

2138 1428 2314 1495 atque
2356 1425 2652 1496 pravitate,
2688 1443 2788 1482 seu
2824 1428 2894 1484 de
2932 1429 3242 1486 virtutibus
3291 1435 3350 1488 et
3377 1432 3554 1500 vitiis,
3606 1435 3787 1504 parti-

2139 1512 2292 1582 cula,
2326 1513 2604 1570 beneficio
2636 1515 2910 1572 Peirescii
2945 1525 2997 1573 et
3028 1518 3260 1576 Henrici
3289 1520 3522 1576 Valesii.
3557 1522 3787 1594 Reliqui

2140 1605 2222 1656 tot
2254 1619 2496 1659 numero
2529 1604 2684 1660 tituli
2715 1606 2975 1676 grandis,
3009 1609 3105 1663 sed
3149 1613 3204 1664 et
3243 1610 3567 1680 utilissimi,
3600 1612 3792 1684 operis

2140 1691 2708 1762 credunturjactura
2740 1695 3102 1767 irreparabili
3137 1699 3551 1768 periisse.Quid
3586 1701 3635 1756 si
3656 1717 3789 1756 vero

379 1784 680 1858 bie,quam
705 1801 957 1857 usquam
975 1784 1454 1854 alibi,procerum
1480 1787 1594 1836 tam
1615 1778 2026 1852 palatinorum,
2062 1813 2114 1872 B
2144 1782 2495 1836 contendam
2532 1799 2621 1838 me
2653 1797 2787 1839 cum
2819 1783 2947 1855 hoc,
2983 1787 3136 1855 quod
3171 1803 3330 1843 nunc
3359 1788 3790 1856 edo,volumine

381 1890 558 1946 quam
603 1873 974 1941 militarium,
1005 1873 1144 1929 item
1193 1871 1644 1942 magistratuum
1678 1868 2031 1922 urbanorum

391 1962 760 2034 aliorumque
806 1961 1100 2018 minorum
1133 1960 1365 2017 ordines
1393 1959 1609 2022 videas,
1639 1957 1940 2027 longisque
1972 1955 2032 2010 in

387 2051 706 2122 porticibus
756 2052 881 2121 [Ed.
917 2051 974 2108 L.
1018 2051 1122 2121 III]
1155 2049 1506 2106 excubantes
1555 2062 1902 2102 numerosos
1932 2062 2037 2102 va-

391 2139 625 2211 riosque
655 2155 862 2211 greges
907 2141 1056 2196 sacri
1096 2140 1354 2209 corporis
1397 2136 1671 2194 custodiae
1703 2137 2031 2207 deputatas.

384 2227 550 2284 Mitto
580 2233 809 2296 caetera,
843 2244 976 2284 cum
1026 2245 1057 2284 e
1087 2229 1355 2300 superius
1405 2227 1578 2282 dictis
1612 2225 1846 2282 abunde
1892 2239 2036 2278 con-

385 2321 521 2383 stet,
571 2333 700 2372 eam
751 2333 881 2372 esse
926 2332 1119 2373 rerum
1161 2318 1266 2373 hoc
1307 2318 1365 2371 in
1414 2331 1586 2388 opere
1636 2313 2029 2386 expositarum

387 2405 746 2474 varietatem,
781 2405 1028 2477 leporem
1059 2411 1231 2477 atque
1262 2406 1695 2478 dignitatem,ut
1725 2403 2031 2459 hominum

388 2495 690 2552 doctorum
725 2494 921 2550 studia
953 2495 1011 2550 in
1045 2512 1106 2550 se
1135 2511 1484 2552 conversura
1513 2511 1580 2549 ea
1609 2497 1666 2549 et
1711 2492 2033 2553 exercitum

389 2585 526 2639 sint.
560 2583 674 2640 Uni
718 2583 984 2654 placebit,
1031 2585 1088 2639 ni
1135 2584 1322 2655 fallor,
1371 2582 1702 2642 vestiarium
1753 2598 1897 2646 rem,
1933 2580 2029 2635 alii

393 2672 804 2738 nummariam,
839 2673 935 2728 alii
967 2675 1178 2730 domus
1209 2677 1473 2744 augustae
1505 2671 1696 2728 officia
1727 2671 1864 2725 hinc
1891 2670 2026 2726 illu-

381 2763 876 2826 strare.Quamvis
907 2763 1060 2818 enim
1089 2779 1312 2834 ea,quze
1345 2760 1551 2817 Leonis
1582 2765 1638 2817 et
1669 2757 2028 2815 Constantini

386 2852 575 2906 nostri
607 2857 868 2923 tempore
896 2853 956 2909 in
990 2869 1096 2908 usu
1126 2857 1309 2916 erant,
1342 2869 1377 2906 a
1415 2849 1809 2921 superioribus
1839 2848 2028 2903 Theo-

383 2939 537 2995 dosii
582 2945 637 2995 et
683 2941 994 3000 Justiniani
1044 2941 1405 3013 temporibus
1449 2944 1675 2995 tantum
1727 2937 2026 3003 abludant,

376 3033 669 3099 quantum
730 3033 930 3086 secuta
983 3031 1407 3088 Comnenorum
1466 3035 1522 3085 et
1575 3027 2028 3098 Palzeologorum

372 3122 755 3190 extremaque
805 3118 1089 3175 Bizantini
1120 3118 1280 3190 regni
1325 3122 1467 3173 aetas
1499 3117 1570 3172 ab
1610 3121 1775 3172 aetate
1806 3124 2028 3171 nostro-

368 3221 513 3262 rum
567 3206 1250 3280 Porphyrogennetorum
1299 3208 1542 3274 abludit,
1593 3208 1744 3278 quod
1801 3211 2028 3263 constat

369 3295 675 3351 Codinum
715 3313 846 3351 cum
879 3297 988 3354 hoc
1033 3313 1206 3369 opere
1255 3297 1572 3360 conferenti
1607 3313 1621 3363 ;
1655 3299 1900 3366 possunt
1937 3300 2026 3351 ta-

369 3401 520 3440 men
557 3384 658 3440 illa
685 3390 914 3442 vetusta
933 3387 1188 3444 ﬂorentis
1221 3387 1467 3442 Romani
1509 3385 1737 3457 imperii
1770 3390 2029 3458 tempora

365 3477 429 3529 et
462 3474 798 3546 Byzantina
837 3475 1157 3547 primordia
1197 3492 1266 3531 ex
1291 3475 1400 3532 hoc
1421 3490 1594 3547 opere
1614 3474 1794 3530 multo
1819 3474 2027 3546 magis,

361 3580 560 3634 quam
598 3565 704 3620 hoc
736 3581 879 3635 opus
909 3582 977 3621 ex
1014 3567 1251 3637 Codino,
1283 3566 1584 3623 illustrari.
1617 3570 1805 3624 Erunt
1836 3583 2026 3637 porro,

356 3655 466 3724 qui
502 3670 586 3709 ex
614 3653 891 3710 indiculis
921 3671 1323 3727 rogarum,seu
1354 3671 1681 3712 annuorum
1715 3655 2027 3726 stipendio-

354 3757 497 3798 rum
535 3742 759 3799 ofﬁciis
788 3743 1066 3815 palatinis
1112 3745 1443 3815 ceterisque
1485 3744 1813 3800 debitorum
1843 3761 1856 3809 ;
1891 3745 2027 3798 item

351 3848 425 3887 ex
479 3831 782 3890 indiculis
830 3831 1229 3902 impensarum
1267 3833 1329 3887 in
1373 3831 1766 3901 expeditiones
1810 3829 2029 3900 aliquot

347 3921 712 3977 maritimas
767 3922 970 3975 contra
1001 3920 1316 3976 Saracenos
1357 3917 1657 3975 Cretenses
1706 3922 2026 3990 susceptas,

345 4010 766 4067 aestimabunt
794 4023 930 4066 cum
961 4007 1244 4064 militares
1269 4007 1498 4080 imperii
1528 4007 2029 4080 Byzantini,quale

346 4102 502 4156 tunc
537 4102 700 4166 erat,
732 4101 1036 4155 terrestres
1067 4098 1505 4170 maritimasque
1536 4097 1751 4169 copias,
1779 4102 1903 4152 tum
1936 4114 2030 4169 pe-

341 4189 683 4246 cuniarias
713 4203 968 4260 quoque,
1001 4188 1383 4260 institutaque
1413 4187 1848 4258 comparatione
1874 4187 2026 4242 Gras-

339 4295 571 4336 corum
630 4278 1108 4334 centenariorum
1153 4281 1211 4333 et
1249 4277 1534 4333 librarum
1584 4276 1711 4331 auri
1763 4293 1896 4331 cum
1929 4293 2028 4332 no-

317 4372 542 4425 «strato
578 4365 1318 4439 peounia,invenient,qua
1347 4365 1792 4438 Byzantinorum
1825 4381 2026 4436 regum

334 4465 395 4513 et
448 4455 837 4514 nostratium
880 4455 1181 4527 opulentia
1228 4456 1476 4512 dill’erat.
1530 4455 1716 4510 Erunt
1765 4453 1885 4523 alii,
1928 4453 2030 4524 qui

2146 1870 2399 1942 primum
2426 1869 2648 1926 laudati
2699 1873 2891 1944 operis
2923 1874 3184 1942 titulum,
3219 1877 3268 1930 si
3303 1893 3418 1932 non
3468 1878 3786 1950 integrum,

2145 1963 2203 2014 at
2232 1959 2434 2014 saltem
2459 1975 2725 2030 magnam
2760 1962 2887 2032 ejus
2919 1967 3140 2032 partem
3163 1963 3219 2018 in
3249 1981 3454 2020 manus
3485 1967 3786 2022 doctorum

2145 2046 2448 2102 hominum
2495 2049 2725 2104 tradere
2763 2049 2790 2102 ‘l
2839 2051 2965 2120 Egit
3013 2050 3110 2106 ille
3153 2051 3292 2108 olim
3343 2053 3464 2126 περὶ
3519 2054 3788 2128 βασιλέων

2143 2133 2569 2210 ἀναγορεὺσεως,
2602 2139 2668 2193 de
2716 2140 3113 2207 imperatorum
3152 2157 3453 2213 regumque
3495 2146 3789 2201 renuntia-

2143 2225 2315 2293 tione,
2351 2228 2415 2280 ut
2443 2241 2473 2279 e
2503 2225 2753 2280 Fabricii
2783 2226 2929 2281 Bibl.
2983 2227 3158 2284 Graec.
3193 2233 3334 2284 tom.
3365 2231 3458 2295 VI,
3511 2249 3639 2304 pag.
3674 2235 3778 2288 492

2144 2317 2391 2371 constat.
2424 2313 2600 2384 Atqui
2631 2314 2946 2370 voluminis
2980 2316 3153 2386 hujus
3184 2319 3372 2389 capita
3402 2320 3518 2375 XCI
3541 2330 3591 2375 et
3623 2326 3679 2376 et
3701 2339 3786 2378 se-

2144 2404 2399 2477 quentia,
2443 2422 2476 2458 a
2516 2405 2767 2475 pag.238
2800 2421 2983 2475 usque
3015 2408 3085 2461 ad
3117 2424 3245 2478 pag.
3271 2410 3368 2464 251
3404 2425 3520 2464 non
3553 2415 3783 2468 tantum

2139 2494 2198 2549 in
2232 2495 2573 2550 universum
2605 2494 2956 2550 cerimonias
2987 2497 3262 2552 distincte
3293 2501 3786 2572 tradunt,quibus

2141 2585 2327 2656 prima
2357 2584 2549 2653 [Ed.L.
2584 2583 2680 2654 IV]
2725 2582 3008 2656 CPpoleos
3059 2590 3227 2642 estate
3275 2587 3657 2659 imperatores
3704 2592 3787 2647 ibi

2140 2672 2403 2729 solebant
2433 2672 2892 2744 nuncupari,sed
2921 2682 2972 2728 et
3004 2673 3064 2730 in
3097 2677 3288 2746 specie
3329 2679 3535 2734 Leonis
3567 2682 3784 2752 magni,

2138 2761 2343 2818 Leonis
2394 2762 2659 2831 minoris,
2692 2763 2984 2818 Anastasii
3035 2765 3245 2833 Dicori,
3278 2767 3490 2824 Justini
3536 2771 3780 2828 senioris

2139 2855 2194 2906 et
2222 2851 2533 2908 Justiniani
2578 2851 2773 2923 Magni
2814 2854 3265 2910 renuntiationes
3307 2863 3420 2912 tam
3455 2858 3780 2918 luculenter

2137 2945 2557 3010 exsequuntur,
2593 2945 2653 2995 ut
2701 2939 2847 2996 nihil
2879 2942 3197 2998 desiderari
3245 2951 3435 3015 queat,
3467 2947 3777 3021 lucemque

2135 3028 2476 3101 przeolaram
2524 3027 2611 3084 illi
2661 3029 3036 3086 historiarum
3079 3033 3228 3102 parti
3272 3037 3612 3092 accendant.
3658 3040 3772 3110 Ego

2137 3117 2373 3189 quidem
2420 3133 2536 3174 non
2588 3118 2782 3186 credo,
2843 3136 3090 3190 usquam
3136 3123 3510 3192 antiquorum
3561 3143 3772 3183 monu-

2138 3212 2469 3264 mentorum
2487 3207 2680 3262 locum
2704 3208 3052 3279 exstare,qui
3075 3210 3222 3268 ritus
3247 3216 3771 3286 nuncupandorum

2135 3300 2549 3369 Augustorum,
2585 3300 2806 3353 veteres
2840 3313 3046 3368 nempe
3079 3298 3208 3355 illos
3259 3318 3528 3374 mareque
3559 3304 3775 3362 Roma-

2137 3402 2436 3457 nos,zsque
2467 3384 2770 3457 splendide
2800 3392 3250 3459 exponat,atque
3281 3393 3563 3460 particula
3594 3396 3779 3451 nostri

2139 3473 2351 3546 operis,
2385 3474 2455 3528 de
2488 3489 2598 3544 qua
2633 3472 2776 3528 mihi
2807 3491 2997 3531 sermo
3030 3492 3185 3530 nunc
3215 3483 3320 3532 est.
3359 3481 3776 3551 Antiquitatem

2138 3563 2265 3633 ejus
2293 3563 2520 3634 spirant
2549 3562 2765 3632 omnia,
2797 3563 3088 3618 orationes
3118 3566 3189 3620 ad
3221 3566 3567 3623 fortissimos
3614 3587 3778 3626 exer-

2139 3650 2308 3715 citus,
2342 3648 2720 3719 Augustatica
2749 3651 3056 3720 promissa,
3091 3651 3344 3708 militum
3379 3660 3553 3723 atque
3595 3673 3777 3725 popu-

2140 3738 2328 3792 lorum
2376 3735 2847 3790 acclamationes.
2898 3737 3029 3800 Qua:
3075 3737 3342 3808 quicum
3395 3741 3780 3812 scriptoribus

2141 3822 2414 3879 Historiae
2459 3826 2733 3894 Augusta
2764 3823 2934 3894 vulgo
2964 3827 3046 3882 sic
3095 3826 3266 3884 dictis
3305 3841 3620 3903 comparet,
3661 3851 3777 3891 non

2139 3912 2348 3984 poterit
2372 3911 2422 3967 is
2443 3912 2666 3984 absque
2686 3913 2978 3985 voluptate
3006 3916 3318 3987 imaginem
3351 3920 3551 3976 veteris
3583 3922 3780 3980 Romae

2139 4004 2200 4059 in
2228 4019 2377 4058 nova
2426 4002 2822 4074 contemplari.
2855 4004 3148 4076 Quidquid
3202 4010 3434 4064 tandem
3485 4012 3658 4068 fuerit
3705 4014 3778 4070 de

2137 4093 2468 4164 conjectura
2497 4109 2648 4162 mea,
2688 4093 2807 4150 sive
2855 4095 3135 4164 particula
3183 4113 3250 4152 ea
3293 4099 3361 4152 de
3393 4116 3508 4169 qua
3547 4100 3776 4172 loquor,

2138 4181 2274 4238 olim
2309 4183 2379 4236 ad
2403 4182 2642 4238 titulum
2662 4183 2918 4254 primum
2939 4186 3194 4256 ingentis
3216 4187 3372 4243 illius
3394 4198 3446 4242 et
3476 4190 3775 4248 celebratae

2137 4270 2525 4336 bibliotheca,
2556 4273 2618 4326 ut
2667 4271 2748 4326 ita
2777 4272 2986 4341 dicam,
3021 4273 3535 4347 Constantiniana,
3571 4288 3686 4351 aut,
3729 4281 3780 4338 si

2139 4360 2334 4429 malis,
2365 4359 2936 4429 Pentecontateuchi,
2979 4365 3344 4435 pertinuerit,
3391 4368 3511 4424 sive
3542 4371 3776 4428 minus:

2139 4464 2243 4521 ego
2275 4448 2512 4520 quidem
2553 4465 2669 4505 non
2700 4451 2924 4519 dubito,
2959 4468 3085 4509 eam
3117 4454 3448 4526 decerptam
3499 4459 3678 4516 fuisse
3709 4477 3779 4516 ex

336 4546 708 4620 singularia
738 4526 1002 4614 quaedam
1032 4545 1492 4617 disputationum
1525 4543 1716 4614 capita
1753 4543 1889 4599 hinc
1919 4543 2027 4598 de-
2057 4526 2105 4590 Π
2138 4538 2250 4593 alio
2282 4538 2530 4610 quodam
2560 4543 2788 4594 vetusto
2821 4540 3036 4611 insigni
3067 4542 3236 4608 libro,
3279 4546 3447 4615 cujus
3485 4548 3778 4617 jacturam

333 4640 651 4710 carpent;
712 4647 762 4688 e.
797 4649 871 4702 0.,
911 4633 1104 4705 qualis
1144 4635 1316 4692 luerit
1358 4633 1630 4688 ludorum
1680 4631 2028 4688 circensium

329 4728 503 4799 apud
563 4724 935 4797 Byzantinos
975 4723 1338 4792 constitutio,
1388 4739 1479 4778 res
1530 4721 1846 4780 admodum
1897 4721 2028 4778 obs-

332 4833 530 4886 cura;
560 4825 795 4885 et,ques
828 4831 939 4870 non
973 4814 1172 4870 minus
1203 4821 1308 4882 est,
1342 4812 1529 4884 qUalis
1562 4811 1735 4867 fuerit
1768 4828 1920 4882 pars,
1944 4810 2029 4868 vel

333 4906 720 4967 comitatus,
771 4903 1164 4974 Augustarum
1198 4901 1497 4975 Byzantii;
1544 4900 1782 4958 unctine
1821 4900 2030 4958 fuerint

330 4996 422 5052 illi
461 4994 885 5066 imperatores
917 4992 991 5047 ad
1028 4992 1361 5050 Latinorum
1412 4991 1780 5062 exemplum;
1817 5006 2028 5061 quous-

333 5103 461 5158 que
496 5097 722 5140 sermo
777 5080 1018 5138 Latinus
1051 5082 1108 5137 in
1159 5081 1290 5138 aula
1337 5084 1563 5138 CPtana
1610 5080 1942 5147 obtinuerit,
1978 5087 2031 5134 et

327 5174 451 5232 illae
486 5172 820 5230 orationes
853 5187 886 5226 a
910 5186 1111 5228 recens
1136 5173 1488 5241 nuncupatis
1522 5169 1970 5240 imperatoribus
2001 5183 2031 5223 e

329 5261 637 5323 tribunali
675 5259 911 5316 oireove
944 5261 1013 5320 ad
1052 5261 1263 5316 milites
1293 5261 1484 5327 dictae,
1510 5276 1636 5330 quas
1672 5263 1884 5314 nostris
1922 5256 2033 5312 edi-

326 5353 523 5409 tionis
558 5368 594 5405 a
631 5362 787 5420 pag.
829 5347 933 5404 239
979 5348 1113 5405 inde
1161 5350 1458 5422 leguntur,
1492 5347 1780 5403 fuerintne
1821 5345 2033 5401 Graecis

332 5443 562 5502 iisdem
598 5433 818 5495 verbis
849 5438 1121 5507 recitatae,
1173 5456 1244 5493 an
1280 5438 1476 5510 potius
1510 5436 1716 5499 Latine
1761 5432 2034 5504 primitus

329 5533 606 5598 dictatas,
647 5523 877 5582 deinde
905 5542 1038 5582 vero
1069 5545 1099 5581 a
1144 5527 1309 5582 Petro
1354 5526 1634 5596 Magistro
1665 5522 1726 5578 in
1772 5522 2033 5578 Graecum

331 5632 704 5679 sermonem
744 5627 1074 5684 conversas;
1107 5617 1260 5686 quod
1296 5615 1434 5670 mihi
1470 5613 1705 5685 quidem
1738 5610 2037 5681 probabile

2138 4625 2392 4681 studiosi
2421 4625 2796 4696 antiquarum
2829 4643 3025 4684 rerum
3077 4631 3379 4701 aegerrime
3410 4636 3639 4703 lerunt;
3673 4636 3779 4692 sci-

2137 4713 2273 4770 licet
2302 4730 2368 4769 ex
2401 4713 2550 4768 Petri
2583 4715 2865 4785 Magistri,
2897 4717 3004 4771 viri
3035 4717 3445 4790 illustrissimi,
3477 4740 3777 4782 sacrorum

2140 4801 2460 4857 ofﬁciorum
2489 4801 2641 4871 apud
2672 4801 3068 4860 Justinianum
3100 4807 3374 4878 Magnum
3408 4810 3697 4880 magistri,
3722 4815 3783 4868 et

2141 4893 2208 4946 ad
2245 4888 2562 4944 Gothorum
2595 4889 2654 4944 in
2687 4890 2851 4947 Italia
2882 4909 3065 4964 reges,
3091 4901 3148 4950 et
3177 4897 3248 4950 ad
3279 4898 3548 4952 Cosroem
3579 4899 3783 4954 Persa-

2140 4995 2269 5034 rum
2304 4994 2536 5051 quoque
2581 4978 2854 5052 deinceps
2901 4980 3090 5052 legati,
3134 4984 3321 5051 libris,
3373 5001 3518 5056 quos
3569 4985 3786 5044 Suidas

2141 5067 2337 5124 laudat
2396 5065 2527 5140 Περὶ
2584 5065 2878 5140 πολιτικῆς
2936 5072 3334 5138 καταστάσεως,
3404 5076 3478 5127 De
3523 5074 3789 5128 constitu-

2140 5160 2290 5216 tione
2344 5155 2530 5213 civilis
2585 5157 3014 5227 gubernationis.
3074 5161 3295 5230 Saepius
3351 5159 3457 5214 viri
3516 5156 3792 5217 meminit

2141 5245 2477 5315 Procopius,
2529 5246 2796 5302 meminit
2857 5264 3087 5320 quoque
3144 5249 3528 5302 Cassiodorus.
3585 5239 3795 5310 Neque

2142 5337 2404 5408 ignotum
2439 5335 2567 5405 ejus
2604 5351 2813 5390 nomen
2853 5342 2942 5391 est
2975 5337 3031 5390 in
3065 5334 3311 5388 historia
3353 5325 3685 5397 Byzantina,
3721 5346 3798 5389 ex

2145 5423 2308 5482 titulo
2341 5424 2755 5494 Excerptorum
2801 5422 3410 5480 Constantinianorum
3446 5413 3514 5464 de
3544 5411 3799 5478 legatio-

2145 5515 2342 5578 nibus,
2375 5512 2541 5582 cujus
2591 5513 2863 5581 superius
2895 5511 3251 5568 mentionem
3287 5497 3801 5582 injiciebam.__Ex-

2145 5607 2301 5663 stant
2331 5600 2390 5655 in
2423 5578 2488 5654 eo
2529 5578 2692 5654 titulo
2723 5602 2992 5668 quaedam
3023 5595 3152 5660 ejus
3182 5588 3522 5653 fragmenta,
3555 5578 3800 5640 nullum
