4152 6310
463 381 538 441 39

1791 372 2010 433 JOAN.
2056 371 2214 432 JAC.
2265 373 2552 436 REISKII

3797 385 3871 444 40

463 523 655 570 tamen
705 508 925 567 Juliani
971 510 1137 562 aetate
1187 505 1501 577 posterius.
1551 507 1623 560 At
1651 505 1711 560 in
1761 511 1959 562 nostro
2010 522 2106 560 eo-
2137 507 2189 565 A
2219 507 2393 562 ﬁdem
2427 526 2542 565 non
2595 511 2835 567 accedit.
2885 513 3070 580 Patet,
3115 513 3460 580 scriptorem
3507 515 3700 582 rebus,
3733 532 3869 572 cum

461 603 586 658 dice
661 615 788 670 cap.
867 597 958 665 87,
1025 595 1129 651 lib.
1192 612 1230 665 ι,
1301 610 1436 666 pag.
1507 595 1636 660 229,
1711 611 1823 650 non
1881 598 2111 650 tantum

456 690 731 755 Theudae,
765 685 995 742 Gothici
1026 685 1086 740 in
1119 685 1398 756 Hispania
1431 684 1675 755 regis,ad
1707 683 2110 738 Justinianum

459 779 671 851 legatio
719 775 876 832 velut
922 774 981 829 in
1025 773 1274 829 transitu
1329 777 1708 834 memoratur,
1740 772 1841 826 sed
1892 771 2108 826 ibidem

460 883 685 940 quoque
717 883 784 922 ex
813 865 1068 937 professo
1103 861 1502 919 memorabilis
1540 859 1832 915 Anthemii
1865 861 1933 915 ad
1968 861 2108 915 Leo-

460 973 595 1014 nem
645 957 922 1027 Magnum
975 953 1182 1024 legatio
1233 951 1563 1022 exponitur,
1619 965 1736 1020 qua
1795 949 2110 1018 imperator

459 1047 787 1104 Occidentis
839 1045 1126 1100 laureatas
1171 1059 1306 1098 suas
1346 1039 1633 1110 imagines
1662 1045 1834 1109 atque
1886 1037 2106 1093 litteras

459 1135 740 1193 Orientali
764 1135 1050 1190 mittebat.
1086 1134 1148 1186 In
1182 1131 1522 1185 universum
1554 1144 1622 1184 ea
1652 1128 1868 1194 omnia,
1902 1143 2031 1197 qua
2075 1143 2108 1181 a

460 1241 592 1296 pag.
667 1225 794 1290 225,
856 1238 981 1292 cap.
1039 1221 1127 1288 84,
1200 1234 1386 1288 usque
1458 1217 1528 1272 ad
1586 1232 1719 1288 pag.
1787 1216 1914 1283 251,
1975 1231 2102 1287 cap.

457 1315 549 1383 96,
589 1313 882 1383 leguntur,
918 1310 1054 1364 item
1096 1315 1266 1378 caput
1299 1306 1431 1362 libri
1466 1324 1480 1360 ι
1530 1305 1828 1373 ultimum,
1861 1309 1918 1359 et
1963 1305 2106 1360 forte

458 1417 691 1472 quoque
735 1399 851 1454 alia
899 1397 1083 1470 plura,
1137 1402 1278 1467 puto
1327 1395 1481 1450 Petri
1531 1393 1793 1463 Magistri
1837 1407 1986 1461 esse,
2037 1408 2106 1448 ex

455 1506 542 1558 eo,
603 1505 776 1558 quem
849 1486 989 1555 dixi,
1039 1484 1340 1556 deperdito
1414 1483 1564 1538 libro
1629 1480 1759 1555 Περῖ
1835 1481 2104 1535 καταστά-

456 1597 590 1639 σεως
620 1579 910 1648 decerpta.
943 1574 1234 1633 Promittit
1261 1591 1370 1629 vox
1400 1569 2101 1640 κατάστασις,σοηδιίιιιιὶο,

455 1683 571 1726 non
631 1670 856 1721 tantum
916 1671 1204 1736 praecepta
1262 1662 1548 1732 sapienter
1617 1661 2100 1715 administrandae

457 1755 809 1826 reipublicae,
835 1754 935 1809 sed
969 1752 1146 1809 etiam
1178 1752 1423 1817 rituum,
1455 1750 1670 1821 quibus
1702 1749 1893 1804 civilia
1925 1765 2099 1820 nego-

455 1845 539 1900 tia
568 1846 952 1916 peraguntur,
976 1840 1396 1911 expositionem
1423 1855 1436 1893 :
1463 1839 1723 1909 adeoque
1749 1839 2001 1909 pertinet
2028 1836 2100 1892 ad
2129 1864 2182 1923 Β

453 1939 678 1989 veteres
710 1932 889 1987 libros
917 1932 1181 1996 tacticos,
1207 1945 1306 1985 seu
1341 1928 1762 1993 cerimoniales,
1787 1929 1859 1982 de
1891 1927 2103 1997 quibus

456 2024 514 2078 in
566 2019 997 2079 commentariis
1032 2035 1297 2091 agemus.
1352 2017 1641 2074 Promittit
1686 2017 1836 2072 idem
1870 2031 2102 2088 quoque

454 2111 732 2182 dignitas,
764 2126 939 2181 quam
994 2113 1198 2164 Petrus
1247 2109 1444 2179 gessit,
1487 2106 1752 2178 magistri
1803 2122 2098 2180 sacrorum

455 2201 805 2261 ofﬁciorum,
839 2199 909 2253 ad
945 2199 1114 2268 cujus
1145 2197 1406 2252 ofﬁcium
1450 2201 1623 2266 atque
1657 2195 2099 2266 dispositionem

456 2289 632 2344 etiam
683 2286 1124 2342 cerimoniarius
1171 2283 1516 2355 pertinebat.
1563 2283 1750 2338 Enitet
1797 2284 1993 2353 itaque
2040 2286 2098 2338 in

458 2377 564 2432 hoc
594 2375 780 2447 primo
812 2374 986 2444 hujus
1016 2372 1207 2443 operis
1235 2371 1529 2426 volumine
1558 2372 1777 2443 grande
1810 2371 1915 2426 hoc
1945 2371 2098 2426 Petri

455 2464 718 2536 Magistri
769 2462 1186 2532 fragmentum,
1237 2461 1391 2514 velut
1437 2459 1753 2530 gemmula.
1797 2461 1867 2514 At
1904 2459 1962 2514 in
2007 2475 2100 2514 se-

457 2556 670 2621 cundo,
724 2553 878 2625 quod
937 2551 1163 2606 favente
1211 2551 1326 2606 Deo
1378 2551 1723 2620 quantocius
1773 2551 2096 2622 expediam,

456 2644 611 2699 inter
643 2643 756 2698 alia
788 2640 1062 2713 praeclara
1092 2639 1334 2694 enitebit
1378 2638 1633 2710 prolixus
1665 2645 1721 2693 et
1753 2638 2000 2708 insignis
2028 2637 2098 2692 li-

454 2733 558 2789 ber
588 2731 839 2802 alicujus
887 2727 1196 2794 Philothei,
1231 2727 1681 2798 protospatharii
1714 2732 1771 2783 et
1802 2727 2096 2782 artoelinaa

456 2821 614 2890 regii,
653 2837 768 2891 quo
814 2835 928 2874 non
962 2823 1184 2873 tantum
1220 2816 1549 2871 divinarum
1594 2817 1898 2887 epularum
1941 2816 2100 2870 ordi-

449 2927 582 2966 nem
617 2909 787 2981 plene
819 2908 1231 2976 distincteque,
1267 2910 1327 2960 ut
1357 2905 1438 2960 nil
1475 2921 1670 2975 supra,
1705 2906 2096 2977 persequitur,

446 3001 549 3056 sed
584 2998 783 3064 etiam,
811 2996 961 3065 quod
991 3001 1335 3066 argumento
1358 2993 1442 3047 illi
1475 2993 2096 3063 cohazret,dignitatum

445 3092 562 3144 tam
597 3085 1003 3158 palatinarum,
1038 3099 1215 3154 quam
1248 3082 1613 3148 miiitarium,
1647 3088 1714 3136 et
1745 3083 1867 3152 [Ed.
1911 3083 1972 3136 L.
2008 3082 2096 3152 V.]

445 3177 804 3232 urbanarum
839 3189 1092 3244 quoque,
1123 3191 1154 3227 a
1186 3171 1436 3227 summis
1469 3172 1540 3227 ad
1566 3173 1737 3241 imas,
1770 3173 2010 3228 nomina
2038 3176 2094 3225 et

2121 3221 2165 3284 C

2222 603 2582 667 gererentur,
2615 599 2970 657 interfuisse.
3019 602 3128 666 Qui
3179 603 3520 658 orientalem
3569 604 3872 661 historiam

2220 695 2439 753 amant,
2475 690 2763 759 reperient
2788 690 2846 745 in
2872 691 3128 746 secundo
3151 693 3448 748 volumine
3481 699 3872 750 memoratum

2220 775 2471 846 aliquem
2507 778 2875 852 Dilemicum,
2908 781 3159 835 emirum
3203 781 3449 845 Amidae,
3482 781 3781 837 hominem
3813 790 3866 838 et

2219 869 2506 919 oratorem
2539 867 2661 920 Abu
2681 867 3005 924 Chamdani
3030 869 3102 924 ad
3128 868 3570 926 Constantinum
3596 878 3859 927 nostrum

2219 955 2487 1007 missum.
2525 956 2628 1020 Qui
2674 956 2797 1012 Abu
2850 956 3153 1012 Chamdan
3203 957 3311 1026 (sic
3343 959 3498 1014 enim
3550 977 3652 1030 pro
3705 977 3862 1016 more

2217 1040 2449 1097 illorum
2500 1051 2847 1114 temporum,
2881 1045 3150 1115 quamvis
3202 1063 3315 1101 non
3367 1048 3509 1101 satis
3555 1051 3725 1116 recte,
3769 1065 3869 1119 pro

2217 1129 2321 1186 Ibn
2351 1131 2648 1187 Chamdan
2699 1133 3048 1204 appellatur)
3082 1133 3332 1190 fueritne
3361 1135 3864 1202 Naseroddaulah,

2215 1235 2288 1274 an
2337 1219 2466 1289 ejus
2515 1220 2695 1275 frater
2740 1221 3183 1293 Saifoddaulah,
3233 1223 3404 1279 ambo
3455 1227 3722 1294 potentes
3765 1241 3867 1295 per

2213 1307 2441 1379 Syriam
2477 1313 2649 1379 atque
2669 1311 3150 1381 Mesopotamiam
3185 1311 3564 1383 principes,et
3592 1313 3653 1368 in
3687 1312 3866 1368 histo-

2213 1396 2300 1452 ria
2330 1397 2598 1453 orientali
2647 1400 2927 1469 celebres,
2963 1400 3021 1455 in
3054 1400 3493 1457 commentariis
3547 1401 3863 1472 inquiram.

2215 1484 2297 1542 Ne
2342 1485 2554 1542 leviora
2601 1486 2702 1543 illa
2751 1504 3222 1554 commemorem,
3271 1488 3332 1544 in
3381 1491 3640 1545 secundo
3692 1489 3861 1556 libro,

2214 1573 2356 1630 alias
2386 1575 2537 1631 inter
2566 1576 2976 1648 inscriptiones
2997 1577 3327 1632 litterarum
3361 1594 3395 1632 a
3423 1578 3761 1650 Byzantinis
3791 1579 3860 1633 ad

2213 1663 2355 1719 alios
2386 1680 2549 1735 reges
2581 1670 2986 1736 terrarumque
3017 1666 3284 1722 dominos
3315 1667 3862 1732 missarum,haberi

2213 1767 2445 1821 quoque
2502 1753 2913 1822 inscriptiones
2970 1751 3321 1820 litterarum,
3379 1753 3468 1809 vel
3551 1770 3858 1809 aurearum

2213 1838 2526 1908 bullarum,
2561 1845 2627 1895 ut
2654 1841 3047 1912 appellabant,
3072 1843 3143 1896 ad
3177 1842 3684 1913 Protosymbulum
3716 1844 3860 1914 Aga-

2211 1946 2505 1996 renorum,
2558 1931 2657 2000 qui
2711 1934 2800 1986 est
2847 1931 3212 2001 Bagdadicus
3259 1931 3541 1996 Chalifah,
3592 1931 3729 1985 item
3782 1931 3853 1985 ad

2211 2018 2387 2072 India
2463 2019 2768 2074 dominum
2829 2022 2975 2090 (quae
3045 2020 3348 2091 inscriptio
3416 2020 3561 2074 mihi
3617 2020 3851 2089 quidem

2209 2121 2490 2176 perquam
2544 2109 2690 2162 mira
2722 2109 2930 2163 accidit
2965 2125 2977 2162 ε
3013 2125 3127 2163 non
3179 2110 3335 2163 enim
3385 2109 3550 2163 video
3599 2108 3737 2179 quid
3772 2107 3855 2162 rei

2209 2194 2540 2265 Byzantinis
2563 2197 3029 2266 imperatoribus,
3057 2206 3252 2252 nostro
3275 2201 3427 2252 certe
3446 2197 3852 2262 Constantino,

2209 2298 2340 2336 cum
2377 2283 2552 2338 Indiae
2584 2301 2738 2354 rege,
2767 2284 2821 2338 id
2844 2290 2935 2340 est
2964 2286 3187 2339 Arabia:
3212 2285 3440 2353 Felicis,
3475 2290 3538 2340 ut
3569 2302 3670 2354 ego
3702 2285 3857 2356 equi-

2209 2373 2339 2428 dem
2374 2374 2663 2442 existimo,
2687 2391 2996 2431 commune
3029 2377 3265 2446 fuerit):
3299 2381 3623 2446 comparent
3653 2376 3855 2432 ibidem

2208 2459 2318 2515 loci
2352 2459 2680 2516 litterarum
2731 2463 3142 2534 inscriptiones
3173 2464 3244 2519 ad
3298 2463 3527 2534 regulos
3581 2463 3852 2518 obscuros

2208 2549 2426 2614 Iberiaa,
2459 2550 2740 2621 Albaniae,
2773 2555 2828 2606 et
2857 2552 3161 2622 Abasgize;
3197 2552 3351 2607 unde
3393 2553 3462 2606 ad
3508 2552 3853 2626 geographi-

2206 2657 2334 2696 cam
2369 2641 2634 2695 notitiam
2683 2646 2908 2697 tractus
2941 2657 3141 2696 versus
3190 2641 3485 2711 Scythiam
3532 2643 3847 2697 Asiaticam

2207 2729 2492 2800 vergentis
2523 2730 2776 2785 accessio
2809 2730 2926 2785 ﬁat.
2948 2730 3346 2785 Memorantur
3376 2746 3607 2801 quoque
3639 2730 3850 2801 princi-

2208 2832 2307 2886 pes
2339 2815 2561 2886 aliquot
2593 2816 2907 2888 Bulgariei,
2957 2833 3104 2887 quos
3134 2815 3192 2872 in
3223 2833 3398 2872 omne
3441 2817 3681 2871 historia
3710 2818 3852 2872 hac—

2207 2910 2375 2958 tenus
2407 2905 2621 2958 frustra
2671 2905 2971 2976 requisivi.
3007 2906 3202 2968 Quaero
3250 2906 3468 2976 pariter
3496 2905 3851 2975 adhucdum,

2206 2993 2450 3062 quinam
2484 2992 2785 3059 fuerint,et
2816 3011 2847 3048 a
2878 3009 2991 3065 quo
3015 2995 3083 3048 ad
3109 2999 3370 3050 nostrum
3403 2994 3847 3050 Constantinum

2206 3081 2377 3153 legati
2419 3082 2503 3136 illi
2537 3083 2795 3152 Hispani,
2829 3099 3079 3153 quorum
3112 3084 3290 3140 altero
3334 3084 3481 3140 libro
3514 3085 3730 3139 mentio
3761 3085 3845 3139 ﬁt.

2204 3171 2284 3226 Ea
2315 3187 2547 3242 quoque
2596 3171 2876 3242 particula
2925 3174 3069 3228 scita
3099 3179 3207 3242 est,
3243 3191 3368 3244 quae
3418 3190 3530 3244 quo
3571 3173 3844 3229 comitatu

445 3264 790 3338 praesidendi
817 3265 974 3334 jura,
1019 3263 1157 3318 item
1191 3279 1318 3332 quae
1352 3261 1469 3317 sint
1518 3262 1831 3331 axiomata,
1865 3277 1964 3317 seu
1997 3261 2087 3315 di—
2121 3260 2165 3284 ν
2197 3260 2443 3316 celebris
2491 3260 2592 3316 illa
2651 3263 2970 3317 Russorum
3021 3262 3384 3318 archontissa
3443 3279 3542 3318 seu
3590 3262 3841 3331 dueissa,

444 3355 708 3425 gnitates,
737 3369 865 3424 qum
895 3351 1108 3419 ofﬁcia,
1155 3351 1370 3422 quibus
1409 3365 1541 3406 cum
1593 3351 1842 3419 brabeis,
1878 3352 1962 3405 vel
1997 3351 2084 3406 in-

441 3443 727 3514 signibus,
757 3442 1155 3508 conterantur,
1191 3457 1416 3495 necnon
1450 3456 1560 3511 quo
1608 3456 1852 3512 quasque
1884 3441 2086 3496 ordine

439 3539 492 3586 et
541 3533 755 3602 quibus
802 3531 1008 3585 diebus
1055 3530 1124 3584 ad
1169 3543 1392 3585 sacram
1444 3546 1705 3585 mensam
1755 3530 2080 3597 advocetur,

439 3623 699 3679 assideat
729 3627 784 3677 et
816 3621 975 3676 illine
1006 3637 1207 3677 rursus
1237 3621 1558 3689 emittatur,
1590 3624 1866 3675 recenset.
1900 3619 2086 3674 Habet

436 3717 715 3784 praeterea
766 3719 1079 3782 utrumque
1126 3712 1398 3766 volumen
1440 3709 1552 3766 alia
1607 3717 2009 3774 monumenta,
2052 3725 2082 3765 θ

437 3800 654 3870 quibus
689 3800 770 3853 Du
803 3799 1003 3868 Cangii
1034 3800 1292 3854 Familiae
1321 3798 1646 3869 Byzantines
1677 3798 1900 3871 augeri,
1936 3798 2081 3853 Con-

433 3887 822 3957 stantinopolis
855 3886 1172 3939 Christiana
1203 3887 1435 3955 corrigi,
1459 3885 1905 3956 Byzantinorum
1931 3903 2079 3956 quo-

435 3977 703 4030 rumdam
735 3972 1140 4027 historicorum
1175 3972 1366 4025 hiatus
1402 3971 1638 4040 eXpleri,
1683 3978 1738 4026 et
1767 3973 2077 4028 chronolo-

437 4063 568 4134 gica
618 4063 884 4132 quaedam
935 4064 1234 4115 momenta
1283 4065 1432 4114 recte
1481 4059 1752 4112 constitui
1808 4065 2072 4128 possunt.

434 4152 558 4215 Quo
604 4150 898 4223 pertinent
942 4147 1300 4204 narrationes
1333 4147 1401 4202 de
1429 4145 1733 4215 Theophili
1775 4153 1832 4201 et
1879 4145 2074 4200 Basilii

433 4238 768 4295 Macedonis
817 4236 1146 4308 triumphis,
1207 4235 1264 4288 in
1315 4233 1636 4306 appendice
1679 4234 1809 4290 libri
1857 4233 2069 4305 primi;

432 4327 570 4383 item
621 4327 690 4381 de
740 4325 1102 4396 expeditione
1149 4323 1388 4378 Himerii
1447 4323 1726 4379 adversus
1774 4328 2075 4381 Cretenses

429 4418 749 4472 Saracenos
799 4414 904 4468 sub
957 4413 1143 4468 Leone
1191 4413 1462 4484 Sapiente
1509 4412 1661 4468 dicte
1711 4433 1725 4481 ;
1779 4429 1946 4483 porro
2004 4415 2074 4468 de

2195 3349 2358 3420 Elga,
2409 3350 2494 3405 vel
2543 3349 2707 3422 Olga,
2761 3356 2823 3406 ut
2874 3351 2972 3406 alii
3017 3351 3340 3422 appellant,
3389 3351 3556 3406 CPlin
3603 3351 3842 3417 venerit,

2193 3443 2450 3506 enarrat,
2485 3445 2541 3493 et
2569 3439 2786 3511 quibus
2817 3440 2944 3511 [Ed.
2979 3439 3042 3494 L.
3075 3440 3173 3506 VI]
3207 3440 3528 3496 honoribus
3560 3441 3845 3511 donisque

2194 3542 2320 3582 eam
2353 3532 2410 3582 et
2440 3528 2783 3583 comitatum
2807 3528 3043 3599 Augusti
3076 3529 3258 3583 nostri
3290 3529 3606 3593 affecerint,
3640 3544 3752 3599 quo
3785 3528 3841 3581 in

2191 3617 2448 3672 conclavi
2480 3619 2900 3674 Constantinus
2931 3623 2987 3674 et
3034 3619 3331 3674 Romanus
3364 3618 3538 3688 filius,
3573 3637 3688 3689 quo
3715 3635 3840 3675 rur-

2191 3723 2293 3761 sus
2327 3707 2540 3764 Helena
2571 3712 2833 3781 Augusta
2873 3712 2929 3763 et
2958 3709 3086 3779 ejus
3119 3725 3303 3763 nurus
3329 3724 3454 3764 eam
3483 3709 3836 3779 exceperint,

2189 3803 2240 3851 et
2271 3797 2343 3852 ad
2384 3796 2763 3869 colloquium,
2797 3802 2899 3853 aut
2930 3801 2988 3854 et
3030 3798 3101 3853 ad
3135 3798 3357 3869 epulas,
3389 3801 3446 3853 et
3471 3797 3687 3868 quibus
3717 3797 3834 3851 die-

2189 3887 2320 3954 bus,
2373 3890 2736 3954 admiserint,
2787 3891 3019 3960 quando
3081 3905 3277 3945 coram
3324 3889 3605 3960 Augustis
3653 3891 3828 3956 stare,

2189 3976 2422 4043 quando
2455 3976 2755 4030 considere
2776 3978 3086 4045 jusserint.
3121 3977 3267 4041 Quid
3320 3978 3566 4047 denique
3594 3977 3826 4033 afferam

2185 4060 2348 4114 urbis
2383 4062 3045 4131 Constantinopolitanae
3076 4063 3251 4117 situm
3285 4068 3342 4118 et
3373 4064 3602 4127 faciem,
3634 4064 3742 4129 vel,
3767 4069 3829 4118 ut

2183 4145 2502 4217 appellant,
2545 4147 3018 4218 topographiam,
3051 4148 3241 4219 qualis
3284 4164 3353 4203 ea
3383 4155 3550 4204 aetate
3581 4155 3730 4218 erat,
3761 4149 3819 4205 in

2181 4233 2383 4290 multis
2431 4236 2644 4290 rectius
2695 4251 2763 4290 ex
2804 4236 2909 4291 hoc
2958 4236 3108 4291 libro
3155 4237 3393 4309 percipi,
3444 4254 3617 4308 quam
3666 4254 3696 4293 e
3739 4244 3825 4294 Du

2179 4322 2380 4395 Cangii
2415 4324 2544 4380 (ΣΡιί
2577 4323 2914 4392 Christiana,
2949 4325 3219 4395 praeclaro
3246 4325 3387 4382 alias
3420 4331 3475 4382 et
3506 4325 3822 4382 utilissimo

2177 4413 2348 4481 libro,
2381 4413 2489 4469 viri
2521 4414 2849 4470 doctissimi
2880 4419 2936 4470 et
2965 4415 3024 4470 in
3057 4415 3300 4471 historia
3343 4416 3521 4471 medii
3551 4416 3677 4485 aevi,
3709 4415 3820 4487 By-

431 4503 719 4575 legatione
752 4501 994 4557 Romani
1025 4502 1305 4572 Lecapeni
1335 4502 1405 4557 ad
1437 4501 1741 4573 Hugonem
1775 4501 1952 4557 Italiae
1986 4519 2074 4558 re-
2174 4504 2410 4558 zantina
2467 4504 2770 4575 praecipue,
2825 4504 3335 4572 exercitatissimi;
3388 4508 3446 4558 at
3493 4504 3578 4558 illi
3625 4509 3820 4560 tamen

432 4611 588 4667 gem,
639 4595 1104 4666 muneribusque
1152 4593 1235 4648 illi
1275 4609 1406 4648 cum
1447 4591 1914 4664 protospathario
1965 4587 2149 4649 Pa-D
2179 4591 2327 4647 libro
2372 4592 2671 4661 nonnulla,
2726 4609 2857 4664 quas
2918 4593 3120 4649 abesse
3178 4593 3373 4662 malis,
3433 4593 3822 4660 adhaeserunt,

432 4683 654 4740 scbalio
694 4683 751 4737 in
794 4700 924 4738 eum
965 4683 1141 4738 ﬁnem
1183 4682 1401 4747 missis,
1449 4686 1513 4737 ut
1557 4681 1800 4737 rebelles
1846 4681 2068 4753 Longo-

431 4773 645 4828 bardos
679 4771 1047 4840 Landulfum,
1079 4771 1532 4840 Athenulphum,
1569 4771 1796 4840 fratres,
1828 4774 1884 4826 et
1912 4770 2068 4825 aliud

422 4862 667 4917 fratrum
704 4878 827 4930 par,
861 4859 1207 4916 Gaimarium
1237 4864 1293 4914 et
1333 4859 1667 4925 Gaiferium,
1700 4857 1830 4914 illos
1861 4859 2068 4929 Capuae:

429 4955 486 5005 et
515 4949 844 5014 Beneventi,
879 4951 982 5004 bos
1013 4947 1231 5004 Salerni
1286 4948 1538 5019 regulos,
1573 4949 1630 5002 in
1670 4948 1938 5003 ordinem
1970 4963 2066 5003 eo-

429 5042 606 5111 geret.
641 5038 794 5092 Nitet
837 5053 1072 5108 quoque
1119 5037 1176 5090 in
1224 5037 1410 5106 primo
1454 5037 1562 5091 hoc
1609 5035 1903 5091 volumine
1942 5053 2066 5107 cap.

423 5128 514 5192 96,
563 5143 694 5198 pag.
746 5127 874 5194 253,
925 5125 1084 5181 edita
1131 5123 1379 5179 sollicita
1433 5123 1530 5179 illa
1578 5129 1635 5179 et
1678 5124 1836 5179 velut
1883 5124 2068 5180 diaria

422 5216 679 5271 narratio
711 5214 1033 5283 seditionis,
1069 5229 1168 5284 per
1199 5227 1372 5283 quam
1399 5215 1515 5268 a.C.
1547 5213 1652 5267 963
1682 5216 1814 5283 post
1842 5213 2065 5268 obitum

423 5304 670 5360 Romani
695 5302 948 5374 junioris
988 5302 1045 5356 in
1080 5301 1222 5356 urbe
1253 5301 1413 5371 regia
1461 5302 1743 5371 obortam,
1777 5300 2064 5371 Nicepho-

425 5406 522 5445 rus
554 5391 770 5446 Phocas
815 5388 1058 5460 imperio
1092 5388 1312 5459 potitus
1343 5396 1448 5443 est.
1483 5388 1664 5451 Quam
1713 5404 1860 5456 rem,
1896 5395 1955 5442 ut
2007 5393 2066 5442 ut

419 5478 718 5534 Cedrenus
751 5495 979 5550 quoque
1009 5477 1166 5531 haud
1208 5476 1592 5546 perfunctorie
1623 5475 1960 5545 narraverit,
1993 5477 2066 5530 ad

422 5563 675 5620 hominis
704 5570 921 5637 tamen,
969 5583 1002 5620 a
1053 5580 1168 5636 quo
1199 5568 1374 5633 caput
1421 5563 1561 5619 illud
1613 5564 2064 5636 nonagesimum

426 5657 654 5711 sextum
687 5655 1006 5724 profectum
1040 5657 1146 5723 est,
1170 5651 1556 5723 diligentiam,
1592 5654 1859 5725 peritiam
1893 5657 2065 5723 atque

2181 4697 2430 4752 quorum
2463 4683 2534 4737 de
2565 4688 2770 4738 caatero
2801 4683 3027 4737 veniam
3060 4699 3264 4754 aequus
3314 4682 3566 4753 quisque
3595 4682 3718 4736 viro
3750 4683 3821 4736 de

2181 4770 2272 4824 his
2304 4769 2511 4826 litteris
2563 4771 2938 4827 meritissimo
2986 4770 3154 4826 facile
3198 4772 3388 4827 faciat.
3422 4771 3502 4825 Eo
3552 4769 3818 4840 pertinet,

2180 4864 2240 4913 ut
2271 4859 2325 4913 id
2376 4859 2562 4916 obiter
2593 4859 2899 4931 attingam,
2933 4862 3085 4931 quod
3137 4861 3419 4932 palatium
3471 4860 3817 4929 Magnaurae,

2177 4945 2237 5001 in
2272 4963 2385 5017 quo
2414 4946 2588 5018 legati
2620 4948 2804 5018 excipi
2837 4951 2894 5003 et
2923 4948 3112 5004 audiri
3153 4948 3439 5019 solebant,
3473 4949 3531 5003 in
3564 4952 3818 5002 extrema

2177 5035 2338 5090 urbis
2370 5041 2533 5106 parte
2579 5037 2934 5092 occidentale
2983 5038 3256 5108 posuerit,
3298 5054 3432 5093 cum
3484 5037 3680 5108 magni
3715 5053 3818 5107 pa-

2175 5123 2300 5179 latii
2328 5125 2401 5180 ad
2431 5125 2673 5181 Stenum
2706 5125 2822 5196 siti,
2856 5127 2915 5180 in
2960 5142 3075 5198 quo
3106 5129 3396 5183 ordinario
3436 5128 3817 5198 imperatores

2174 5211 2535 5283 habitabant,
2581 5231 2714 5285 pars
2766 5220 2934 5272 esset.
2971 5216 3034 5271 In
3057 5233 3121 5272 eo
3155 5233 3387 5288 quoque
3417 5216 3560 5270 ratio
3593 5215 3822 5270 Bandu-

2175 5301 2329 5356 rium
2362 5301 2688 5373 fugit,quod
2713 5303 2998 5360 celebrem
3024 5305 3177 5360 illam
3205 5308 3455 5360 Auream
3490 5305 3574 5359 sic
3605 5303 3817 5358 dictam

2175 5393 2403 5460 portam
2436 5390 2494 5444 in
2529 5391 2735 5446 mediis
2766 5392 3050 5448 moenibus
3083 5393 3212 5448 urbi
3243 5410 3311 5448 ex
3356 5397 3519 5464 parte
3551 5389 3816 5445 terrestri

2173 5477 2262 5532 vel
2295 5477 2636 5535 occidentali
2660 5481 2947 5551 praetentis
2972 5481 3319 5537 collocal.Ea
3345 5497 3478 5536 vero
3509 5481 3581 5535 ad
3614 5478 3812 5534 sinum

2174 5565 2546 5638 Pr0pontidis
2600 5571 2682 5624 sie
2729 5573 2852 5625 erat
2908 5571 3118 5641 posita,
3170 5575 3234 5624 ut
3282 5571 3526 5626 navibus
3571 5569 3641 5622 ad
3685 5584 3814 5623 eam

2173 5656 2384 5728 appelli
2417 5663 2628 5728 posset.
2662 5657 2788 5714 Alia
2818 5664 3112 5730 praetereo,
3141 5675 3266 5731 quae
3293 5659 3532 5732 gratiam
3565 5661 3623 5713 et
3652 5657 3816 5713 favo-
