4234 6316
210 346 211 359 ς
275 296 345 354 ll
1706 284 1976 343 PRzEFA

2078 284 2298 349 oues.
3620 304 3699 362 η

282 444 403 485 rem
439 426 577 484 huic
610 421 769 495 Operi
816 419 1126 477 conciliare
1174 420 1409 489 queant,
1451 431 1632 488 quum
1692 415 1833 471 satis
1882 420 1937 472 et
1966 418 2023 485 Α
2054 424 2397 482 exercitatio.
2432 426 2566 483 Vid.
2598 428 2853 486 Bandur.
2894 429 3063 487 initio
3094 436 3367 489 notarum
3400 434 3471 489 ad
3516 435 3698 491 istum

288 518 524 574 abunde
558 515 706 571 mihi
739 515 811 569 de
842 512 951 567 hoc
986 512 1330 581 argumento
1365 506 1582 562 dixisse
1647 507 1869 574 videar,
1889 509 1947 561 et

291 625 415 681 quae
450 610 732 679 praeterea
764 602 903 657 huic
928 599 1089 671 operi
1148 598 1355 652 insunt
1404 597 1551 652 scitu
1598 595 1796 667 digna,
1857 611 1947 650 ne-

295 701 538 769 queant,
574 695 673 750 ubi
696 695 991 763 integrum
1026 687 1323 760 prodierit,
1355 685 1721 742 eruditorum
1753 682 1947 739 oculos

296 787 521 842 fallere.

368 876 397 949 Ξ
434 876 488 929 3.
527 877 607 928 De
644 869 1004 941 inscriptione
1044 865 1208 935 hujus
1250 863 1400 919 libri.
1436 895 1506 905 ——
1545 863 1831 930 Titulum,
1876 865 1947 919 de

296 963 616 1020 cerimoniis
646 960 796 1016 aulze
825 955 1173 1029 Byzantina,
1198 952 1440 1025 praeﬁxit
1471 952 1606 1008 huic
1630 952 1788 1023 operi
1807 951 1947 1007 clar.

212 1060 215 1063 ’
298 1052 590 1120 Leichius,
650 1051 722 1105 ad
782 1044 1117 1118 exemplum
1166 1043 1302 1099 Maii
1351 1047 1407 1097 et
1463 1042 1733 1097 Fabricii.
1782 1040 1945 1096 Alius

300 1140 662 1213 conspicitur
691 1138 991 1193 involucro
1024 1133 1285 1189 coriaceo
1343 1132 1818 1187 membranarum
1852 1147 1953 1185 no-

301 1237 555 1289 strarum
584 1228 939 1299 impressus;
960 1238 1168 1293 nempe
1193 1222 1261 1275 de
1281 1220 1553 1289 regalibus
1579 1218 1953 1274 institutioni-

305 1321 423 1375 bus.
458 1322 672 1372 Auctor
701 1316 827 1385 ejus
860 1313 957 1368 ille
1016 1316 1124 1380 est,
1178 1308 1455 1381 quisquis
1495 1307 1546 1363 is
1606 1308 1796 1375 fuerit,
1856 1307 1957 1377 qui

305 1407 685 1465 membranas
714 1420 780 1459 ea
809 1406 969 1458 veste
1010 1398 1235 1455 amiciri
1281 1396 1481 1468 jussit,
1530 1396 1588 1451 in
1621 1413 1739 1467 qua
1767 1395 1957 1451 adhuc

202 1550 203 1553 η
306 1499 546 1554 cubant.
582 1493 903 1564 Conjicitur
928 1489 979 1545 is
1012 1488 1197 1543 fuisse
1228 1486 1503 1541 Matthiae
1559 1484 1861 1542 Corvinus.
1894 1482 1959 1537 il-

306 1583 700 1642 lustrissimus
729 1596 828 1635 rex
848 1576 1175 1648 Hungariaa,
1202 1575 1300 1647 qui
1332 1573 1707 1630 membranas
1730 1575 1961 1628 nostras

310 1674 449 1731 olim
484 1673 543 1728 in
576 1669 800 1727 celebre
840 1668 940 1723 illa
967 1684 1074 1722 sua
1127 1666 1393 1720 Budense
1423 1661 1776 1718 bibliotheca
1832 1662 1960 1716 ideo

2051 512 2289 579 librum,
2323 519 2466 571 tom.
2491 516 2539 571 II
2570 518 2755 589 Antiq.
2788 520 2921 590 Imp.
2965 522 3182 579 Orient.

2121 605 2230 671 §4.
2264 605 2339 659 De
2396 610 2587 662 auctor
2618 607 2768 664 libri.
2825 638 2894 649 -—-
2954 608 3088 665 Fuit
3148 609 3257 666 hoc
3300 627 3448 682 opus
3505 612 3700 667 hacte-

2053 708 2186 756 nus,
2230 708 2297 746 ex
2326 692 2439 747 {ide
2489 696 2965 752 membranarum
3021 703 3381 766 nostrarum,
3434 699 3519 754 illi
3549 701 3703 755 Con-
3776 708 3777 711 ‘

2056 782 2317 837 stantino
2350 783 2921 855 Porphyrogenneto,
2963 788 3168 845 Leonis
3220 789 3510 859 Sapientis
3561 789 3699 856 ﬁlio,

2053 870 2251 926 Basilii
2282 872 2614 927 Macedonis
2647 875 2864 945 nepoti,
2890 876 3201 946 tributum,
3226 879 3396 949 cujus
3426 878 3579 933 inter
3608 880 3705 932 do-

2054 968 2175 1016 ctos
2199 968 2546 1032 purpuratos
2595 979 2809 1034 magna
2838 964 2968 1020 laus
3000 970 3055 1020 et
3088 967 3313 1023 celebre
3351 984 3565 1024 nomen
3590 975 3699 1034 est,

2055 1054 2111 1105 et
2132 1049 2224 1105 cui
2246 1048 2358 1103 alia
2379 1066 2611 1121 quoque
2646 1052 2864 1123 ingenii
2894 1054 3255 1110 industrieve
3289 1060 3699 1120 monumenta,

2057 1144 2141 1204 ut,
2184 1145 2389 1209 praeter
2445 1140 2618 1195 modo
2674 1140 2970 1197 laudatum
3021 1142 3321 1213 geminum
3351 1161 3520 1215 opus,
3558 1144 3705 1201 liber

2060 1229 2131 1284 de
2160 1229 2542 1295 thematibus,
2574 1229 2721 1285 alius
2750 1232 2821 1287 de
2850 1230 2970 1286 vita
3000 1231 3219 1301 Basilii,
3268 1232 3407 1287 item
3463 1234 3535 1287 de
3564 1234 3706 1287 ima-

2061 1320 2196 1392 gine
2218 1321 2507 1377 Edessena
2538 1320 2795 1387 libellus,
2817 1322 3202 1392 imputantur.
3238 1323 3354 1394 Ego
3384 1338 3540 1392 vero,
3572 1339 3704 1378 cum

2062 1408 2122 1463 in
2154 1407 2263 1463 hoc
2294 1412 2515 1475 nostro,
2548 1412 2611 1463 ut
2653 1408 3014 1477 inscribitur,
3053 1411 3427 1482 Syntagmate
3481 1409 3706 1465 inveni-

2064 1511 2185 1551 rem
2217 1497 2373 1552 haud
2408 1513 2614 1567 pauca,
2640 1497 2789 1568 ejus,
2830 1514 3002 1568 quem
3044 1499 3184 1567 dixi,
3216 1497 3582 1554 Constantini
3614 1514 3708 1554 ex-

2064 1601 2232 1640 cessu
2290 1585 2632 1655 posteriora,
2711 1603 2826 1641 non
2886 1586 3139 1658 margini
3197 1594 3417 1655 assuta,
3470 1588 3571 1643 sed
3638 1586 3709 1641 ab

2066 1675 2267 1730 eadem
2310 1690 2509 1741 manu,
2569 1692 2694 1746 quae
2761 1680 2969 1732 caetera
3016 1676 3213 1732 omnia
3262 1677 3537 1743 exaravit,
3594 1692 3710 1731 uno

312 1766 497 1820 fertur
529 1756 1015 1849 habuisseLQUOd
1057 1755 1396 1849 ξη-υίτιξίίιξθ
1445 1752 1728 1849 ίῐξνρῖυονί
1762 1750 1965 1849 ξδξωῙα
1994 1784 2041 1849 Β
2071 1762 2347 1819 continuo
2395 1763 2494 1819 ﬁlo
2553 1764 2814 1820 intexta:
2877 1765 3021 1836 ccepi
3071 1767 3141 1820 de
3188 1770 3421 1822 auctore
3484 1765 3714 1836 fideque

312 1852 569 1924 insignia
600 1848 764 1920 regni
813 1844 1129 1917 Hungarici
1161 1849 1216 1899 et
1263 1841 1561 1897 Bohemici
1591 1838 1965 1912 conspiciun-

314 1946 429 1998 tur.
464 1940 668 1995 Adhuc
700 1937 850 1992 alius
890 1936 1143 2005 denique
1176 1932 1378 1989 titulus
1408 1931 1609 1987 ordine
1638 1937 1962 2000 temporum

317 2032 563 2104 primus,
591 2032 681 2084 est
703 2026 799 2082 hic
820 2026 1077 2095 Graecus,
1111 2023 1184 2078 ab
1233 2021 1361 2093 ipso
1404 2020 1811 2088 Constantino,
1843 2022 1965 2083 aut,

319 2122 370 2176 si
402 2118 533 2191 quis
555 2116 739 2183 malit,
770 2133 802 2170 a
834 2112 1072 2169 librario
1131 2110 1445 2182 profectus,
1484 2106 1774 2180 Σύνταγμὰ
1801 2126 1853 2160 τι
1874 2105 1962 2158 καὶ

323 2206 608 2282 βασιλείου
641 2201 882 2268 σπουδῆς
916 2198 1085 2263 ὅντως
1138 2199 1279 2272 ἄξιον
1338 2199 1578 2270 ποίημα,
1611 2198 1966 2268 compilatum

324 2304 431 2355 aut
486 2299 795 2367 congestum
861 2308 1015 2364 Opus,
1063 2306 1185 2346 vere
1274 2289 1499 2359 dignum
1577 2286 1745 2358 regiis
1799 2287 1969 2341 curis.

2072 1852 2494 1921 inscriptionis,
2527 1856 2582 1907 et
2604 1854 2862 1924 vulgaris
2896 1856 3063 1909 famae
3093 1855 3409 1926 ambigere.
3438 1855 3588 1909 Sunt
3616 1870 3716 1908 au-

2072 1945 2189 1997 tem
2220 1942 2334 1997 illae
2366 1942 2846 1999 characteristicas
2872 1934 3200 2015 temporum
3252 1948 3401 2000 notas
3451 1945 3535 1999 hae
3566 1959 3714 2014 prae-

2076 2030 2280 2102 cipuae.
2307 2033 2371 2086 In
2393 2030 2494 2086 illo
2525 2032 2734 2103 capite,
2768 2034 2922 2103 quod
2954 2042 3332 2089 monumenta
3370 2031 3716 2103 sepulcralia

2076 2119 2495 2191 imperatorum
2514 2119 2872 2176 CPtanorum
2904 2125 3205 2191 percenset
3232 2121 3349 2191 (est
3376 2121 3435 2174 id
3467 2120 3599 2174 libri
3631 2134 3717 2173 se-

2081 2209 2255 2264 cundi
2286 2209 2803 2279 quadragesimum
2846 2211 3211 2278 secundum),
3256 2208 3511 2264 occurrit
3558 2207 3717 2263 illius

2083 2296 2272 2366 ipsius
2320 2296 2709 2363 Constantini,
2760 2312 2936 2366 quem
2983 2295 3157 2352 liceat
3202 2295 3477 2351 doctrinas
3534 2295 3721 2366 gratia

326 2394 663 2456 Utrumque
695 2383 934 2455 (ἶυίάθω
967 2395 1099 2435 vero
1129 2383 1301 2449 atque
1336 2385 1503 2433 τθοιθ·
1539 2376 1970 2444 comportatum
2081 2384 2416 2455 Sapientem
2448 2384 2520 2438 ad
2552 2384 2734 2455 patris
2767 2384 2971 2440 Leonis
3007 2384 3340 2453 exemplum
3400 2382 3719 2454 appellare,

332 2478 489 2533 enim
524 2479 613 2531 est
638 2490 668 2528 e
688 2471 863 2527 variis
886 2469 1240 2537 auctoribus,
1269 2471 1326 2523 et
1354 2466 1648 2537 digestum
1682 2481 1746 2521 eo
1778 2464 1972 2531 modo,

339 2582 449 2636 quo
469 2563 698 2633 lapides
744 2561 804 2615 in
834 2575 1052 2615 acervo.
1102 2557 1232 2612 Fuit
1262 2572 1494 2628 quoque
1539 2553 1973 2626 Byzantinorum

342 2670 543 2726 regum
576 2669 683 2707 non
714 2649 952 2705 minima
981 2664 1136 2712 cura,
1188 2662 1459 2718 pompam
1516 2652 1569 2699 et
1626 2643 1977 2698 cerimonias

2084 2490 2232 2529 urna
2262 2488 2397 2527 cum
2430 2472 2536 2528 hoc
2591 2472 2778 2543 elogio
2825 2488 2839 2527 :
2879 2470 3113 2545 Λάρναξ,
3147 2470 3199 2525 ἐν
3224 2471 3270 2541 ᾧ
3300 2470 3583 2524 ἀπόκειται
3616 2470 3722 2523 Λέ-

2086 2582 2205 2617 ων..
2265 2560 2356 2613 σὺν
2405 2563 2484 2631 τῷ
2541 2560 2644 2629 υἱῷ
2712 2558 3112 2631 Κωνσταντίνῳ,
3189 2558 3407 2633 ὕστερον
3467 2556 3727 2627 τελευτή·-

2086 2670 2257 2719 σαντι,
2313 2670 2394 2720 τῳ
2451 2650 2971 2723 Πορφυρογεννήτῳ,
3065 2651 3236 2717 Urna,
3279 2651 3337 2704 in
3395 2663 3503 2720 qua
3588 2650 3728 2717 iacet

336 2744 488 2799 aulze
544 2757 664 2796 suae
694 2740 763 2794 ad
819 2739 1063 2793 formam
1113 2735 1223 2791 hoc
1253 2734 1403 2789 libro
1450 2733 1719 2788 traditam
1751 2732 1976 2787 confor-

2089 2745 2260 2796 Leo...
2318 2754 2447 2795 cum
2494 2740 2611 2809 ﬁlio
2665 2739 3021 2795 Constantino
3078 2740 3574 2810 Porphrogrnneto,
3632 2738 3730 2808 qui

337 2848 535 2898 mare;
568 2829 722 2900 quod
752 2844 820 2883 ex
854 2824 1196 2897 Luitprandi
1230 2822 1475 2878 historia
1503 2826 1687 2893 patet.
1721 2824 1776 2876 Is
1800 2821 1978 2884 enim,
2090 2829 2340 2899 deinceps
2369 2837 2623 2884 mortuus
2650 2827 2731 2898 (id
2764 2832 2853 2883 est
2881 2828 3055 2899 longo
3106 2833 3369 2899 tempore
3400 2834 3525 2898 post
3575 2827 3728 2898 ροεί-

336 2918 550 2994 Ρτεεευὶ
586 2918 843 2984 Latinus:
878 2932 996 2970 0οη
1050 2914 1392 2984 θΧῙΒυοΓιΠΠ
1444 2911 1786 2982 spirituum,
1846 2924 1981 2963 cum
2092 2922 2217 2974 tum
2240 2918 2388 2989 patri
2421 2926 2866 2972 monumentum
2897 2917 3015 2971 vita
3044 2917 3353 2972 defunctus
3402 2920 3459 2971 et
3516 2916 3576 2970 in
3624 2932 3731 2986 pa—

336 3009 578 3077 videret,
602 3006 842 3062 clericos
877 3003 1033 3076 apud
1086 3003 1313 3057 Graecos
1342 2998 1511 3054 laicis
1542 3015 1657 3053 non
1710 2996 1983 3069 praeferri.
2094 3010 2327 3062 ternum
2354 3004 2645 3059 tumulum
2695 2999 2911 3073 illatus)
2949 3005 3079 3071 fuit,
3129 3003 3364 3075 Aliquot
3411 3002 3734 3073 interiectis

338 3096 779 3168 sibiquelocum
834 3093 896 3149 in
936 3090 1123 3162 epulis
1174 3087 1574 3160 imperialibus
1607 3103 1722 3142 non
1754 3090 1976 3141 tantum

2097 3094 2364 3151 versibus
2413 3098 2775 3149 memoratur
2840 3092 3061 3159 Basilii,
3109 3093 3277 3162 vulgo
3324 3090 3732 3163 Bulgaroctoni

340 3139 779 3168 ωυηιυυωνω..
836 3139 896 3149 ...
938 3139 1122 3162 -,_--_
1608 3139 1721 3142 __-_
1869 3139 1874 3141 ,

340 3188 497 3242 intra
529 3184 844 3250 Graeculos,
884 3186 948 3236 ut
978 3179 1252 3253 appellat,
1301 3176 1598 3249 patricios,
1660 3176 1761 3231 sed
1809 3176 1976 3231 etiam

2110 3139 2363 3151 ...-.......-
2413 3139 2765 3149 ...ν-.--ην
2840 3139 3061 3159 -τ---.-,
3121 3139 3274 3162 .-.ιη
3326 3139 3731 3163 __.o_-----__

2096 3184 2259 3252 dicti,
2292 3187 2765 3249 monumentum,
2816 3181 2914 3253 qui
2947 3181 3104 3237 ﬁlius
3166 3181 3411 3238 Romani
3453 3179 3731 3251 junioris,

343 3276 497 3332 infra
519 3275 680 3345 ipsos
710 3273 986 3342 Bulgaros
1010 3267 1294 3340 assignari
1322 3288 1335 3336 ;
1371 3266 1449 3336 (id
1482 3271 1677 3321 autem
1709 3281 1777 3320 ex
1808 3264 1976 3334 hujus

2100 3288 2280 3344 nepos
2311 3288 2487 3342 supra
2508 3271 2645 3326 dicti
2681 3270 3047 3326 Constantini
3078 3269 3387 3341 Sapientis,
3420 3285 3573 3325 anno
3605 3272 3738 3339 post

344 3364 485 3421 libri
536 3362 744 3427 θάίοῑον
779 3376 965 3431 neque
1000 3357 1187 3427 aliter:
1218 3356 1339 3411 ﬁeri
1396 3355 1643 3410 debele
1668 3354 1709 3425 ἰ)
1766 3357 1991 3408 tantam
2102 3363 2193 3418 avi
2223 3361 2444 3418 obitum
2470 3360 2825 3433 sexagesimo
2862 3360 3067 3432 quinto
3105 3360 3250 3416 vivis
3283 3360 3553 3416 excessit.
3593 3359 3739 3413 Tan-

345 3451 667 3507 exardebat
688 3448 917 3505 inirem
951 3452 1128 3517 atque
1158 3442 1643 3516 indignationem,
1681 3446 1743 3497 ut
1766 3458 1878 3498 non
1911 3458 1999 3497 so-
2107 3452 2238 3508 dem
2271 3466 2500 3522 quoque
2547 3450 2736 3521 capite
2760 3453 2923 3505 εοχιο
2973 3453 3030 3504 ει
3088 3448 3461 3515 nonagesimo
3483 3446 3655 3517 primi
3680 3445 3745 3499 1i-

346 3542 475 3597 lum
512 3541 582 3595 d9
634 3554 802 3594 εθοοτδὶ
844 3552 1050 3591 Πιθοεᾶ
1079 3550 1320 3605 surgens
1354 3532 1563 3599 abiret,
1595 3531 1696 3587 89d
1729 3531 1905 3587 Etiam
1937 3530 1997 3585 in
2109 3539 2220 3610 bri,
2242 3555 2344 3593 seu
2378 3538 2581 3610 quinto
2607 3543 2659 3592 et
2716 3536 3053 3602 centesimo,
3084 3534 3406 3591 secundum
3458 3533 3750 3588 membra-

350 3628 575 3696 libello,
610 3643 723 3699 quo
769 3627 837 3681 ad
874 3627 1098 3691 herum,
1160 3623 1431 3678 Ottonem
1490 3621 1533 3686 Ι,
1594 3621 2000 3691 imperatorem
2111 3642 2321 3683 narum
2373 3629 2730 3696 computum,
2794 3629 3088 3687 narratur,
3139 3623 3278 3692 quid
3339 3628 3407 3676 Α,
3456 3624 3521 3675 C.
3569 3622 3676 3673 965
3721 3637 3754 3673 θ,

353 3717 726 3783 Saxonicum,
790 3730 912 3769 sum
948 3711 1260 3785 legationis
1315 3726 1586 3765 sucessus
1646 3706 1976 3779 perscripsit

2117 3730 2317 3770 mense
2332 3714 2538 3766 Martio
2570 3727 2753 3780 usque
2776 3713 2847 3763 ad
2878 3706 3395 3780 Augustuminillo
3426 3706 3759 3777 interregno

358 3806 754 3878 Nicephorum
790 3802 914 3874 [Ed-
950 3802 1009 3855 L-
1045 3800 1160 3869 VII]
1222 3798 1479 3851 Phocum
1527 3800 1832 3863 totamque
1862 3794 2013 3847 Gm‘
2120 3798 2449 3871 contigerit,
2483 3798 2633 3869 quod
2661 3797 2907 3853 Romani
2930 3796 3188 3869 junioris
3217 3811 3544 3864 excessum,
3577 3802 3630 3850 et
3660 3794 3763 3849 Ni-

364 3896 518 3952 ciam
546 3887 1134 3949 coloribusinvidiam
1164 3883 1453 3941 cientibus
1468 3882 1819 3953 denigraret.
1838 3881 2013 3936 Recte
2123 3888 2357 3961 θορικοτῇ
2390 3888 2589 3944 pham
2623 3888 2990 3960 tyrannidem
3030 3886 3359 3956 intercedit,
3408 3890 3467 3941 ει
3522 3902 3640 3958 qua
3671 3884 3766 3939 hic

364 3984 548 4056 igitur
580 3987 819 4037 eatenus
858 3975 1090 4048 quidem
1123 3972 1390 4045 congruit
1418 3972 1648 4029 Graecus
1677 3969 1775 4026 ille
1807 3968 1976 4025 titulu

2124 3996 2251 4036 eam
2281 3979 2504 4033 ratione
2560 3976 2850 4033 invaserit.
2918 3978 3048 4032 Haec
3104 3992 3256 4031 anno
3313 3978 3447 4047 post
3474 3973 3764 4045 Sapientis

364 4072 507 4127 huic
565 4069 746 4141 operi.
780 4070 851 4122 Al
903 4082 968 4121 ϐο
1020 4063 1224 4120 merilO
1256 4061 1580 4133 ἀίδριὶοεειῐ,
1640 4061 1790 4131 (10οά
1849 4075 2017 4131 argu-
2123 4066 2488 4126 Constantini
2511 4067 2978 4133 excessumlEd.
3014 4065 3076 4121 L.
3112 4064 3262 4135 VIII]
3310 4067 3518 4135 quarto
3576 4063 3765 4118 conti-

368 4164 642 4217 mentum
684 4157 818 4212 libri
845 4155 955 4225 sui,
990 4153 1162 4226 quale
1195 4153 1289 4222 sit,
1323 4167 1439 4206 non
1478 4151 1630 4205 edat.
1664 4149 1788 4204 Non
1821 4153 2016 4204 tamen
2127 4160 2354 4227 gerunt.
2399 4154 2594 4210 Palam
2654 4155 2836 4227 igitur
2891 4157 3001 4221 est,
3043 4153 3165 4207 haec
3195 4152 3393 4208 abillo
3426 4151 3601 4206 scribi
3624 4156 3681 4206 et
3712 4152 3771 4206 in

370 4249 604 4306 abludit
632 4247 704 4302 ab
734 4245 974 4317 ingenio
1002 4244 1248 4298 istorum
1276 4244 1629 4310 temporum,
1663 4244 1720 4294 et
1773 4238 2022 4293 maxime
2128 4248 2444 4318 Syntagma
2475 4259 2644 4299 suum
2693 4243 2891 4298 inferri
2951 4259 3067 4298 non
3117 4242 3398 4313 potuisse.
3458 4239 3605 4303 Quid
3636 4256 3772 4311 ergo

372 4338 563 4395 nOSlI‘i
588 4332 975 4400 Constantini:
1009 4331 1108 4402 qni
1135 4345 1356 4385 morem
1387 4328 1618 4384 Videtur
1666 4344 1914 4395 amasse,
1946 4326 2021 4380 Ῑί·
2132 4333 2509 4391 statuendum
2533 4332 2763 4387 ?Unum
2786 4341 3052 4403 superest
3071 4336 3171 4386 aut
3200 4328 3447 4386 alterum
3474 4332 3726 4383 statuere
3758 4345 3770 4382 :

373 4427 505 4483 bris
532 4424 657 4480 suis
688 4420 1043 4495 ignorabilia
1071 4428 1129 4474 et
1178 4419 1501 4488 incongrua
1546 4415 1786 4471 nomina
1840 4418 2027 4486 impo-
2134 4426 2254 4481 sive
2285 4421 2583 4493 juniorem
2630 4420 3080 4476 Constantinum
3130 4419 3770 4489 porphymgennetum,

378 4514 583 4571 nendi.
613 4509 917 4567 Prwstanti
945 4508 1049 4575 illi,
1086 4523 1262 4579 quam
1322 4522 1498 4577 supra
1555 4504 1808 4574 laudaVi,
1851 4502 2105 4565 colle-D
2138 4510 2384 4568 Romani
2444 4510 2653 4575 tilium,
2712 4508 3005 4580 Sapientis
3063 4508 3428 4563 Constantini
3488 4512 3777 4575 nepotem,

380 4603 587 4667 ctioni,
659 4607 757 4655 aut
813 4597 1200 4662 bibliothecae,
1280 4593 1369 4649 vel
1449 4593 1976 4649 Pentecontateuch‘

2144 4600 2334 4671 cperis
2358 4600 2539 4654 nostri
2570 4603 2865 4653 auctorem
2901 4612 3049 4665 esse,
3111 4597 3205 4653 cui
3235 4597 3571 4666 ademptum
3602 4594 3782 4650 libra-

390 4692 691 4763 quodnam
724 4702 921 4759 (1118380
953 4690 1178 4757 Ροιθταῐ
1208 4682 1449 4738 inscribi
1486 4699 1697 4738 nomen
1756 4682 2033 4753 ineptiuS,
2146 4690 2265 4745 rius
2298 4703 2400 4760 per
2456 4702 2710 4743 errorem
2770 4701 2875 4741 avo
2932 4685 3236 4741 tribuerit:
3270 4689 3371 4740 aut
3398 4699 3524 4740 esse
3551 4683 3783 4754 quidem

394 4797 575 4853 quam
609 4778 764 4849 quod
788 4778 858 4832 ab
882 4782 1116 4831 auctore
1174 4772 1523 4843 inscriptum
1574 4771 1701 4837 fuit,
1732 4769 1976 4847 κεφαλαιι

2145 4780 2272 4849 ejus
2302 4775 2695 4845 Constantini,
2727 4776 2897 4846 cujus
2922 4776 2979 4830 in
3011 4775 3183 4831 titulo
3218 4775 3575 4847 perhibetur,
3602 4777 3661 4829 at
3692 4790 3793 4829 ex-

386 4868 499 4932 ὃεις
563 4868 860 4929 ὑποθέσεις.
913 4866 1074 4931 Quod
1126 4863 1245 4919 sive
1296 4863 1480 4917 brevia
1524 4867 1870 4933 argumenta,
1920 4862 1976 4917 si

2144 4874 2368 4940 pertum
2416 4866 2891 4937 interpolatorem
2924 4882 2938 4932 ;
2972 4864 3092 4920 sive
3124 4880 3307 4935 nepos
3346 4864 3477 4933 ejus
3507 4861 3790 4917 Constan-

383 4962 723 5030 argumenta
778 4959 838 5011 in
868 4964 1047 5011 certos
1087 4953 1277 5009 titulos
1331 4951 1565 5022 digesta,
1614 4952 1976 5023 interpretari

2147 4961 2310 5015 tinus
2357 4956 2455 5013 ille
2511 4957 2708 5026 fuerit,
2769 4955 2890 5012 sive
2954 4954 3105 5011 alius
3155 4956 3541 5026 quiscunque.
3594 4951 3796 5021 Specie

388 5067 510 5107 non
556 5046 745 5119 magis
803 5061 873 5102 ex
916 5060 982 5100 eo
1042 5042 1356 5113 intelligas,
1410 5040 1521 5096 nisi
1568 5039 1801 5096 aliunde
1858 5042 2039 5110 noris,

391 5137 573 5213 quale
603 5136 774 5192 fuerit
802 5133 1166 5190 collectionis
1182 5132 1590 5202 argumentum
1614 5133 1670 5185 et
1691 5129 1844 5197 ﬁnis,
1869 5145 2043 5201 quam

394 5229 550 5285 alius
583 5224 740 5291 libri,
772 5222 867 5280 cui
912 5226 1111 5278 auctor
1148 5219 1388 5276 titulum
1434 5219 1912 5275 Adversariorum
1948 5223 2047 5274 aut

394 5316 901 5375 Collectaneorum
934 5307 1750 5383 praeﬁgerevolueritSimilis
1776 5311 1865 5362 est
1897 5308 2049 5363 alter

395 5406 497 5464 ille
526 5402 763 5475 titulus,
792 5416 964 5473 quem
984 5399 1401 5456 Constantinus
1433 5395 1596 5467 operi
1657 5412 1785 5461 suo,
1832 5398 1981 5468 quod
2018 5414 2051 5453 a

2152 5052 2362 5105 neutra
2381 5048 2538 5102 caret
2565 5045 2859 5101 sententia
2886 5062 2900 5113 ;
2935 5044 3079 5099 mihi
3129 5048 3326 5097 tamen
3358 5037 3574 5096 rectius
3602 5038 3802 5089 videor

2152 5138 2361 5205 facere,
2395 5135 2444 5191 si
2463 5136 2774 5208 posteriori
2805 5134 3100 5191 calculum
3133 5146 3333 5187 meum
3367 5127 3601 5188 addam,
3627 5138 3804 5191 quam

2156 5227 2205 5282 si
2232 5224 2435 5299 priori.

2228 5291 2327 5369 isti
2352 5311 2591 5383 quidem
2626 5310 2950 5374 sententiae,
2994 5322 3125 5378 quas
3149 5303 3444 5373 juniorem
3475 5291 3814 5383 Fons-lanti-

2160 5419 2314 5461 num.
2348 5371 2548 5457 Sasilii
2579 5396 2991 5472 Bulgaroctoni
3034 5396 3286 5450 fratrem,
3332 5375 3493 5472 operi
3540 5371 3828 5472 huic-in-

401 5496 573 5555 nobis
630 5496 707 5551 De
744 5464 1212 5548 ἀᾶηιίηἰειναηάο
1256 5464 1491 5560 imperio
1550 5485 1715 5542 citari
1758 5464 1925 5554 solet,
1979 5489 2051 5543 ad
2162 5489 2389 5553 scribit,
2412 5492 2470 5543 et
2509 5464 2834 5543 secundum
2867 5497 3046 5555 quam
3079 5472 3318 5560 deberet
3368 5464 3840 5560 lilloﬂcsaratum

402 5544 727 5644 Romanum
1285 5544 1614 5650 piseposuit,
1672 5544 2051 5652 φιλοπόνλςμα,
2163 5544 2657 5641 ξιλίέέθὶιιίθηηὶο,
2715 5588 2829 5643 quo
2861 5544 3151 5625 sblusille
3208 5544 3631 5606 Constantinus
3684 5559 3857 5609 post.

727 5716 1006 5775 PATBOL.
1055 5711 1166 5771 Gn.
1213 5709 1394 5771 CXII.
3419 5669 3455 5725 2
