4152 6310
427 400 507 457 43
1747 381 1972 444 JOAN.
2020 374 2093 439 JA

2231 377 2520 439 REISKII
3762 369 3840 426 44

432 526 627 584 fratris
686 525 803 580 fata
860 520 1138 591 regnavit,
1170 521 1226 576 id
1255 522 1347 575 est
1373 515 1445 573 ab
1494 517 1562 571 A.
1600 519 1658 570 ϐ.
1705 506 1843 569 1025
1895 516 2077 582 usque
2108 512 2158 577 Α
2189 525 2410 565 rarenos
2466 502 2727 579 olfecisse.
2778 498 2839 561 In
2891 503 3184 559 neminem
3252 503 3309 557 id
3369 496 3577 591 cadere
3636 504 3832 571 potest

436 618 508 673 ad
544 614 703 684 1028,
737 614 892 668 favet
922 612 1031 667 hoc
1060 609 1335 671 maxime,
1368 606 1520 677 quod
1568 603 1769 674 junior
1797 601 2085 657 Constan-

433 705 596 760 tinus
627 712 763 757 cum
821 716 928 756 avo
985 714 1100 754 non
1132 698 1202 751 de
1234 696 1416 750 solius
1476 691 1654 761 hujus
1711 690 1926 759 operis,
1985 688 2083 742 sed

434 792 682 848 aliorum
705 803 933 859 quoque
964 784 1333 857 possessione
1357 781 1692 835 contendat.
1724 777 1849 833 Non
1873 779 2089 832 desunt

438 879 778 936 eorumdem
837 878 1118 931 librorum
1166 869 1451 940 exempla,
1512 878 1657 941 quos
1717 867 1815 923 alii
1860 865 2087 933 librarii

439 985 566 1036 avo,
599 967 699 1023 alii
732 966 924 1037 nepoti
958 963 1247 1021 tribuunt.
1276 960 1507 1015 etiamsi
1537 968 1717 1030 nepos
1749 958 1820 1013 ab
1854 956 2090 1028 ignavia

440 1064 497 1115 et
527 1056 814 1114 dissoluta
835 1054 951 1109 vita
982 1052 1038 1106 in
1057 1052 1301 1106 historia
1332 1049 1648 1121 Byzantina
1680 1049 1833 1103 male
1865 1046 2086 1101 audiat.

441 1144 777 1202 Italibellus
809 1140 1145 1212 deimagiue
1161 1140 1477 1205 Edessena,
1498 1148 1673 1207 quem
1707 1133 2090 1191 Combetisiu's

441 1235 500 1290 in
532 1232 814 1301 Manipulo
844 1232 1238 1300 antiquitatum
1294 1228 1644 1283 CPtanorum
1675 1239 1808 1295 pag.
1860 1224 1929 1276 75
1958 1228 2087 1293 sqq.

445 1325 554 1381 sub
588 1322 827 1379 nomine
867 1320 1150 1384 Senioris,
1184 1320 1287 1372 aut
1340 1316 1665 1387 Sapientis,
1724 1311 2095 1369 Constantini

445 1414 649 1478 edidit,
677 1428 792 1466 non
826 1413 1057 1465 tantum
1103 1405 1455 1477 Lipomanni
1513 1405 1850 1474 conjectura
1874 1401 2093 1473 juniori

447 1503 672 1570 tribuit,
706 1501 808 1555 sed
841 1499 1016 1555 etiam
1050 1498 1227 1553 codex
1266 1494 1479 1566 aliquis
1514 1493 1871 1549 bibliothecas
1904 1491 2093 1563 Regiis

448 1589 853 1655 Taurinensis,
931 1590 991 1640 ut
1033 1602 1064 1641 e
1112 1600 1302 1655 nuper
1339 1584 1495 1639 edito
1543 1583 1798 1653 Catalogo
1847 1581 2094 1636 codicum

447 1679 951 1748 manuscriptomm
993 1674 1262 1743 ejusdem
1314 1672 1679 1728 bibliothecis
1736 1681 1868 1743 pag.
1928 1671 2097 1724 305a

448 1768 647 1825 didici.
663 1765 947 1822 Similiter
968 1763 1360 1830 Tacticorum,
1376 1778 1410 1817 a
1430 1762 1677 1818 Meursio
1695 1761 1754 1815 in
1775 1760 2097 1816 Collectione

2192 599 2305 655 nisi
2351 599 2409 653 in
2467 597 2633 667 illum
2690 596 2902 667 ipsum,
2946 596 3113 665 cujus
3168 593 3227 648 in
3260 590 3658 663 superioribus
3706 598 3832 645 tue-

2196 687 2493 751 miuimus,
2526 684 2911 757 Nicephorum
2940 684 3210 749 Phocam,
3246 682 3344 752 qui
3377 680 3514 735 olim
3558 680 3694 747 dux,
3730 686 3833 734 seu

2193 777 2546 833 domesticus
2604 773 2960 841 scholarum,
3010 770 3375 827 Constantini
3434 769 3744 839 Sapientis,
3779 771 3835 823 et

2196 866 2323 933 ﬁlii,
2359 865 2626 934 Romani,
2660 865 2868 919 deinde
2884 862 3519 934 posthujusexcessum
3552 857 3837 913 orientale

2196 954 2391 1025 rapuit
2438 953 2769 1025 imperium.
2829 950 3005 1022 Atqui
3047 947 3409 1021 Nicephorus
3441 946 3537 1003 ille
3568 947 3832 1002 nondum

2197 1044 2255 1098 in
2288 1043 2431 1099 vivis
2465 1048 2584 1097 tum
2616 1047 2759 1109 erat,
2792 1050 2922 1096 cum
2948 1030 3390 1104 Constantinus,
3414 1028 3613 1092 Basilii
3638 1030 3831 1091 Mace-

2199 1132 2367 1188 donis
2391 1132 2571 1197 tilius,
2604 1148 2633 1187 e
2654 1131 2798 1187 vivis
2839 1120 3157 1186 eitcedet'et.

2267 1222 2527 1278 Arduum
2556 1230 2829 1293 agnosco,
2854 1220 2951 1275 sed
2984 1224 3215 1291 aequum
3235 1226 3382 1287 esSe,
3410 1214 3563 1289 quod
3597 1210 3837 1286 opponi-

2199 1318 2313 1368 tur.
2354 1314 2617 1376 Quaaram
2668 1318 2863 1367 tamen
2897 1318 2967 1365 ex
2998 1308 3095 1364 illo
3128 1309 3248 1379 ipso
3308 1311 3653 1379 argumento
3704 1310 3836 1376 spe-

2201 1402 2349 1458 ciem
2380 1407 2437 1458 et
2467 1401 2755 1458 roburilli
2806 1401 3106 1457 sententias
3162 1394 3491 1469 posteriori,
3544 1394 3617 1450 ad
3665 1398 3839 1466 quam

2202 1504 2381 1563 supra
2407 1492 2524 1546 dixi
2583 1506 2677 1545 me
2735 1489 2923 1561 magis
2979 1491 3174 1544 animo
3215 1485 3595 1559 propendere,
3630 1486 3687 1538 et
3713 1492 3841 1554 quae

2204 1580 2429 1645 statuit,
2461 1580 2909 1636 Constantinum
2952 1577 3184 1649 quidem
3217 1575 3573 1647 Sapientem,
3640 1573 3839 1627 Leonis

2203 1668 2413 1739 ﬁlium,
2464 1666 2709 1725 Romani
2762 1673 3008 1740 patrem,
3042 1666 3244 1737 hujus,
3302 1664 3457 1738 quod
3518 1678 3673 1718 nunc
3713 1662 3839 1731 edo,

2204 1758 2615 1814 caerimonialis
2658 1755 2791 1812 libri
2823 1761 3121 1813 auctorem
3174 1752 3587 1823 esse;venisse
3644 1755 3841 1806 autem

448 1857 838 1929 opusculorum
883 1852 1494 1917 Constantinianorum,
1552 1851 1664 1904 sub
1709 1849 1801 1905 avi
1860 1849 2097 1904 nomine
2131 1868 2176 1941 Β
2206 1863 2479 1918 processu
2520 1846 2802 1918 temporis
2851 1845 3127 1917 aliquem,
3179 1843 3278 1915 qui
3306 1843 3466 1915 operi
3506 1841 3590 1895 illi
3633 1840 3702 1894 de
3741 1854 3846 1894 suo

451 1947 840 2019 proditorum,
875 1942 1165 1997 vindicias
1218 1942 1546 2008 disceptant
1598 1954 1740 1993 avus
1786 1943 1843 1992 et
1900 1953 2095 2007 nepos.

451 2035 642 2090 Codex
695 2028 1190 2096 Vindobonensis,
1222 2033 1280 2085 et
1306 2044 1375 2083 ex
1417 2043 1483 2083 eo
1512 2026 1846 2097 descriptus
1889 2027 2099 2081 Palati-

452 2140 588 2190 nus,
620 2137 796 2192 quem
826 2118 980 2191 typis
1008 2132 1288 2173 excusum
1344 2115 1596 2171 reddidit
1654 2114 1965 2182 Meursius,
1998 2115 2098 2170 tri-

455 2213 651 2266 buunt
695 2225 801 2265 avo
829 2228 844 2277 ;
876 2207 1232 2263 Veronensis
1260 2210 1457 2260 autem
1488 2208 1545 2259 et
1582 2205 1956 2275 Augustanus
1997 2219 2097 2259 ne-

454 2301 597 2371 poti.
623 2297 822 2353 Neutri
856 2300 1031 2351 recte.
1055 2294 1257 2364 Neque
1288 2293 1441 2348 enim
1472 2292 1670 2363 hujus,
1704 2301 1893 2364 neque
1940 2291 2099 2347 illius

453 2392 563 2452 est,
594 2386 697 2440 sed
727 2385 854 2454 ejus
884 2389 970 2438 est
999 2381 1367 2437 Constantini
1409 2381 1968 2452 Porphyrogenneti,
2002 2382 2100 2450 qui

456 2476 568 2531 fuit
590 2474 745 2529 filius
775 2470 973 2527 Basilii
1004 2469 1543 2534 Macedonis,frater
1571 2469 1779 2524 Leonis
1810 2468 2099 2539 Sapientis

456 2572 593 2620 natu
627 2564 837 2632 major,
862 2561 1123 2629 adeoque
1154 2556 1400 2628 patruus
1433 2559 1560 2627 ejus
1584 2558 1974 2625 Constantini,
2006 2558 2098 2612 cui

457 2653 687 2708 Tactida
716 2649 817 2704 illa
837 2646 1303 2720 postMeursium
1331 2646 1507 2717 vulgo
1533 2646 1920 2715 imputantur.
1940 2646 2100 2701 Clare

456 2740 515 2794 id
553 2740 756 2809 liquet,
789 2736 867 2791 sit
897 2735 1028 2806 quis
1060 2734 1276 2801 locum,
1322 2734 1423 2805 qui
1449 2747 1582 2805 pag.
1614 2733 1684 2785 27
1714 2732 1852 2803 edit,
1886 2733 2097 2789 Metire.

459 2829 563 2883 lin.
598 2829 667 2881 20
691 2833 930 2897 prostat,
960 2839 1095 2880 cum
1126 2821 1338 2893 pagina
1370 2823 1551 2877 nostri
1585 2822 1763 2893 hujus
1780 2824 1974 2894 operis
1996 2814 2101 2877 287

2208 1937 2475 2008 quaedam
2507 1935 2800 1991 addiderit
2831 1954 2846 2003 ;
2880 1935 2976 2004 qui
3019 1934 3264 1989 fueritne
3296 1931 3715 1988 Constantinus
3746 1944 3847 1983 ne-

2208 2042 2333 2097 pos,
2359 2044 2431 2081 an
2462 2025 2630 2093 alius,
2664 2025 2721 2080 in
2755 2023 2943 2080 medio
2971 2023 3218 2094 positum
3252 2022 3538 2092 relinquo.
3573 2019 3694 2074 Non
3726 2017 3841 2071 im-

2208 2116 2521 2189 probabilis
2552 2122 2770 2182 tamen,
2831 2115 2974 2171 mihi
3032 2115 3282 2186 quidem,
3331 2113 3573 2176 videtur,
3617 2109 3663 2165 si
3715 2107 3846 2180 quis

2208 2207 2516 2277 existimet,
2550 2204 3321 2274 ididemlicentiaenepotcm
3345 2200 3457 2257 sibi
3485 2200 3546 2255 in
3580 2197 3667 2253 avi
3695 2214 3843 2268 opus

2206 2312 2528 2367 arrogasse,
2561 2295 2715 2366 quod
2748 2310 2889 2349 avus
2919 2293 2975 2347 in
3012 2292 3203 2364 patrui
3248 2308 3393 2363 opus
3453 2288 3563 2345 sibi
3611 2303 3844 2355 arroga-

2208 2387 2387 2439 verat.
2425 2385 2631 2439 Eorum
2660 2383 2759 2439 ille
2792 2400 2917 2439 mos
2946 2387 3069 2439 erat
3098 2386 3450 2453 temporum,
3485 2394 3601 2434 non
3643 2376 3843 2431 lauda-

2207 2472 2343 2527 bilis
2374 2472 2630 2542 quidem,
2681 2472 2876 2526 minus
2930 2477 3123 2526 tamen
3180 2467 3617 2530 malevolentiae,
3669 2480 3847 2535 quam

2207 2560 2599 2633 simplicitatis
2630 2565 2684 2618 et
2716 2560 2962 2617 inscitia:
3011 2559 3202 2615 index.
3236 2556 3506 2614 Nondum
3554 2553 3845 2612 callebant

2210 2666 2336 2707 eam
2368 2656 2572 2719 artem,
2633 2652 3156 2707 commentatorum
3213 2646 3739 2704 animadversiones
3773 2643 3848 2698 ab

2209 2741 2513 2793 auctorum
2544 2737 2733 2793 verbis
2766 2737 3128 2802 secernendi,
3163 2752 3340 2807 quam
3364 2735 3613 2790 solertiae
3646 2747 3846 2786 recen-

2208 2826 2424 2883 tiorum
2477 2828 2780 2885 debemus.
2826 2826 3210 2883 Ascribebant
3270 2825 3552 2880 librorum
3585 2826 3848 2877 veterum

462 2922 776 2987 θοιῐιΡδτθῐο
859 2914 1156 2984 Lesuntur
1229 2927 1318 2977 ϐο)
1386 2924 1499 2982 quo
1549 2911 1692 2978 diXi,
1770 2912 1897 2968 loco
1984 2912 2106 2969 haec
2203 2917 2469 2987 juniores
2530 2933 2887 2989 possessores
2932 2916 2989 2970 in
3024 2914 3571 2987 marginibus,quee
3601 2909 3854 2977 vellent;

457 3008 679 3068 verba:
747 3004 925 3058 Τοῦτο
954 3001 1057 3075 γὰρ
1106 3001 1196 3053 καὶ
1254 2998 1523 3073 ἡμέτερος
1571 2999 1751 3071 πατὴρ
1817 2999 1905 3052 καὶ
1959 2999 2105 3072 βασεδ

1000 3089 1089 3142 ὅτε
1142 3087 1279 3141 κατὰ
1362 3087 1738 3159 Γερμανικέας.
1801 3084 2093 3157 ἐταξειδὲύ-

2216 3106 2327 3167 que
2369 3093 2489 3150 ulla
2520 3094 2894 3151 distinctione
2923 3091 3329 3161 inferciebant,
3361 3092 3417 3147 et
3446 3086 3858 3159 exspectabant

2162 3234 2181 3265 τ,
2213 3184 2452 3240 lectores
2509 3188 2607 3239 aut
2655 3192 2764 3239 tam
2822 3199 3055 3239 securos
3112 3185 3168 3237 et
3206 3181 3439 3252 ignaros
3494 3194 3685 3233 rerum
3728 3192 3859 3232 om-

461 3091 587 3153 λεὺς
640 3091 914 3159 ἰποίησιν,

463 3200 653 3253 σαμεν.
686 3180 825 3234 Nam
860 3186 910 3233 et
938 3178 998 3233 id
1037 3193 1249 3249 quoque
1294 3178 1431 3247 fecit
1458 3186 1612 3243 pater
1640 3180 1821 3233 noster
1851 3178 2101 3249 idemque

461 3274 782 3343 imperator,
821 3285 948 3325 cum
994 3268 1257 3323 adversus
1297 3269 1703 3324 Germaniciani
1732 3278 2096 3325 maneremus.

455 3363 654 3434 Neque
686 3362 824 3429 Leo,
855 3370 1046 3429 neque
1072 3358 1662 3428 Constantinus,ejus
1693 3358 1875 3428 illine,
1908 3368 2098 3431 neque

458 3452 778 3513 Romanus,
811 3464 1002 3519 neque
1047 3446 1471 3503 Constantinus
1501 3450 1628 3517 ejus
1658 3448 1839 3516 illius,
1861 3449 2095 3522 expedi-

454 3540 673 3596 tionem
704 3540 983 3596 adversus
1022 3535 1447 3593 Germaniciam
1481 3537 1759 3604 inierunt,
1801 3539 1898 3593 sed
1930 3539 2097 3595 Basia

455 3630 572 3685 lius
603 3630 838 3686 Macedo
894 3622 1029 3684 fecit
1056 3630 1124 3683 A.
1157 3629 1216 3684 C.
1249 3628 1375 3682 879.
1436 3631 1604 3684 Hunc
1666 3631 1877 3699 patrem
1933 3636 2098 3686 Suum

454 3718 727 3791 appellat,
761 3718 862 3790 qui
899 3726 967 3773 ca
993 3718 1249 3789 scripsit.
1278 3718 1411 3773 Fuit
1444 3717 1494 3773 is
1523 3726 1657 3790 ergo
1681 3720 2097 3777 Constantinus

454 3808 1060 3879 Porphyrogennetus,
1112 3806 1213 3877 qui
1272 3812 1405 3861 ante
1463 3809 1688 3877 patrem
1722 3808 1885 3863 obiit.
1938 3810 2095 3865 Idern

454 3896 705 3968 appellat
735 3897 1009 3951 eumdem
1051 3896 1443 3962 imperatorem
1470 3902 1664 3963 suum;
1698 3906 1815 3967 quo
1866 3897 2099 3969 signiti—

454 3991 545 4039 cat
574 3984 874 4047 Basiliam,
909 3990 1023 4053 quo
1054 3987 1316 4053 tempore
1343 3984 1455 4037 ista
1492 3985 1665 4039 verba
1688 3982 2093 4055 exarabantur,

454 4072 647 4128 adhuc
675 4072 733 4127 in
762 4071 910 4127 vivis
928 4074 985 4126 et
1011 4069 1071 4123 in
1099 4078 1333 4127 summa
1364 4078 1558 4126 rerum
1592 4076 1873 4141 potestate
1891 4074 2093 4129 fuisse.

451 4160 750 4233 Signiﬁcat
779 4170 1013 4233 quoque
1054 4178 1117 4217 se
1162 4161 1357 4231 ipsum
1403 4158 1484 4213 illi
1536 4158 1893 4230 eXpeditioni
1925 4156 2099 4216 inter-

451 4249 653 4307 fuisse.
683 4248 1165 4306 Perhibentidem
1198 4248 1269 4303 de
1283 4248 1690 4316 Constantino,
1722 4247 1921 4303 Basilii
1952 4248 2094 4320 tilio,

453 4353 568 4394 non
626 4342 855 4393 tantum
919 4339 1213 4395 Cedrenus
1270 4341 1327 4392 et
1381 4337 1629 4408 Symeon
1663 4336 1957 4408 Magister,
1997 4331 2094 4395 sed

452 4426 627 4483 etiam
686 4426 986 4496 Appendix
1047 4426 1228 4482 nostri
1258 4426 1438 4495 hujus
1489 4420 1705 4496 cperis',
1744 4426 1869 4483 loco
1920 4436 2095 4499 quem

453 4514 628 4585 paulo
677 4524 812 4572 ante
840 4515 1194 4572 iudicabam.
1228 4515 1371 4570 Cum
1424 4514 1619 4586 itaque
1674 4514 2096 4573 Constantinus

451 4603 549 4659 ille
577 4604 756 4660 altero
788 4613 917 4676 post
950 4607 1118 4662 istam
1148 4605 1575 4678 expeditionem
1606 4614 1757 4661 anno
1814 4608 1929 4663 fsto
1986 4616 2092 4665 suo

453 4694 826 4765 concesserit,
881 4710 1118 4751 necesse
1167 4698 1277 4765 est,
1336 4696 1569 4750 Tactica
1601 4688 1727 4767 [Ed.
1764 4695 1822 4750 L.
1860 4692 1949 4769 IX]
1995 4697 2092 4754 illa

452 4780 633 4835 fuisse
662 4781 817 4837 intra
871 4792 1055 4837 annOs
1097 4782 1234 4837 Chr.
1272 4782 1377 4836 878
1432 4788 1488 4837 et
1524 4783 1630 4837 879
1688 4783 1923 4855 scripta,
1976 4792 2091 4856 quo

450 4872 711 4939 tempore
740 4871 993 4927 auctoris
1038 4872 1230 4940 frater,
1262 4874 1373 4927 Leo
1403 4872 1666 4943 Sapiens,
1727 4872 2090 4930 Constantini

452 4960 741 5030 Sapientis
773 4964 953 5031 pater,
999 4962 1258 5016 nonddm
1289 4966 1525 5015 uxorem
1577 4961 1849 5032 duxisset,
1886 4962 2092 5035 viginti

452 5063 552 5103 sex
584 5049 764 5103 ferme
793 5049 966 5104 annis
996 5054 1310 5120 antequam
1333 5048 1429 5104 ille
1458 5050 1877 5106 Conatantinus
1908 5052 1966 5107 in
2000 5052 2090 5107 ld-

452 5153 570 5192 rem
603 5138 886 5207 ederetur,
916 5136 1089 5208 vulgo
1121 5138 1483 5193 tribuuntur.

521 5228 593 5281 At
622 5226 762 5297 quid
796 5226 882 5281 ais
931 5225 1205 5282 deloco?
1234 5227 1535 5299 (repugnet
1581 5226 1815 5300 aliquis)
1873 5229 1971 5301 q'ui
2028 5228 2088 5285 in

450 5316 565 5370 fine
593 5314 825 5370 illorum
855 5313 1239 5384 ipsorummet
1270 5316 1658 5384 Tacticorum,
1723 5332 1834 5372 non
1896 5330 1961 5372 eo
1990 5317 2090 5388 qui

450 5404 589 5459 olim
619 5404 742 5471 fuit,
779 5404 877 5460 sed
903 5403 1003 5475 qui
1034 5403 1205 5460 hodie
1256 5404 1316 5459 in
1373 5404 1563 5460 multa
1594 5405 1845 5461 editione
1900 5402 2088 5464 Meuro

452 5493 615 5548 siana
636 5507 746 5560 est,
780 5510 913 5568 pag.
942 5495 1035 5560 52,
1059 5494 1117 5549 in
1150 5508 1266 5567 quo
1298 5500 1655 5551 memoratur‘
1683 5496 1897 5569 aliquis
1930 5498 2089 5555 Nice-

447 5583 671 5652 phorus,
704 5599 895 5654 quem,
929 5585 1028 5657 qui
1060 5600 1127 5640 ea
1158 5584 1886 5657 scripsit,appellatducem
1908 5606 2087 5660 suum,

451 5674 509 5727 et
538 5686 571 5728 a
599 5686 655 5727 se
684 5673 909 5729 missum
930 5674 991 5729 in
1021 5674 1245 5747 Syriam
1272 5675 1591 5746 ingentibus
1620 5675 1700 5731 ait
1714 5677 1969 5734 cladibus
1990 5672 2088 5735 Sa-

2212 3012 2280 3061 ea
2311 3005 2533 3061 librarii
2565 3010 2734 3061 atate
2766 3004 3115 3077 posteriores
3156 3003 3215 3057 in
3249 3002 3406 3073 ipsos
3455 2999 3681 3056 codices
3716 2999 3857 3054 abs-

2214 3272 2389 3341 nino),
2412 3278 2477 3328 ut
2499 3272 2768 3344 scopulos
2800 3270 3239 3343 chronologicos
3278 3269 3500 3339 abeque
3536 3264 3857 3322 offensione

2207 3363 2609 3433 praeterirent;
2644 3368 2743 3419 aut
2791 3360 2838 3417 si
2877 3378 3020 3433 quos
3053 3360 3525 3417 nanciscerentur
3571 3352 3848 3412 acutioris

2208 3458 2439 3519 Sensus,
2489 3451 2921 3524 persuadebant
2968 3450 3099 3518 sibi,
3132 3466 3231 3505 eos
3262 3446 3445 3509 facile,
3478 3447 3564 3502 vel
3599 3462 3713 3500 non
3742 3442 3848 3498 ad-

2208 3540 2484 3608 monitos,
2508 3545 2850 3596 assumeuta
2870 3538 3060 3595 aliena
3090 3555 3217 3594 esse
3249 3537 3575 3609 agnituros.
3599 3533 3846 3589 Veniam

2208 3634 2432 3702 poterat
2461 3648 2528 3687 ea
2561 3629 2909 3701 simplicitas
2939 3629 3219 3696 invenire,
3253 3628 3303 3683 si
3336 3628 3488 3683 intra
3518 3642 3644 3682 eam
3702 3622 3846 3679 sub-

2208 3719 2513 3787 stitissent,
2545 3720 2639 3789 qui
2673 3721 2801 3774 tum
2816 3723 3000 3788 erant,
3032 3716 3317 3773 librorum
3350 3713 3846 3771 consarcinatores

2206 3813 2262 3865 et
2310 3808 2553 3865 librarii.
2587 3812 2659 3865 At
2710 3808 2795 3863 illi
2854 3809 3039 3865 multo
3088 3808 3303 3879 pejora.
3360 3802 3851 3861 Transcribebant

2207 3896 2399 3954 aliena
2429 3899 2644 3971 scripta
2682 3897 3047 3964 verbotenus,
3079 3895 3372 3952 addebant
3412 3884 3472 3950 in
3502 3893 3616 3948 ﬁne
3640 3907 3845 3963 parum

2207 3980 2424 4057 aliquid
2465 3988 2536 4042 de
2592 4004 2722 4053 suo,
2755 3987 3005 4057 denique
3059 3984 3434 4058 praeﬁgebant
3491 3997 3703 4039 nomen
3747 3982 3850 4035 aut

2208 4091 2405 4141 suum,
2440 4084 2537 4129 aut
2574 4079 2725 4146 quod
2768 4074 3005 4143 vellent,
3038 4078 3094 4130 et
3121 4072 3372 4145 agebant
3420 4072 3480 4127 in
3510 4071 3730 4126 litteras
3761 4069 3850 4123 la-

2208 4164 2452 4220 trocinia
2481 4164 2744 4236 impune,
2775 4168 3057 4237 tantaque
3110 4160 3422 4221 securitate
3452 4167 3507 4218 et
3538 4160 3852 4234 impuden-

2207 4252 2309 4313 tia,
2342 4258 2461 4315 aut,
2490 4254 2540 4308 si
2590 4252 2794 4315 mavis.
2829 4259 3087 4326 stupore,
3116 4257 3180 4309 ut
3211 4252 3348 4309 furti
3395 4254 3716 4323 veterisque
3746 4251 3851 4305 do-

2207 4341 2353 4398 mini
2402 4342 2613 4397 indicia
2654 4360 2770 4398 non
2801 4340 3090 4399 tollerent.
3126 4342 3287 4406 Quod
3320 4340 3652 4397 luculenter
3682 4343 3856 4393 testa-

2207 4441 2317 4501 tur,
2377 4448 2449 4487 ne
2509 4430 2620 4487 alia
2679 4432 2989 4503 proteram,
3067 4426 3365 4488 indiculus
3427 4429 3851 4501 imperatorum

2206 4518 2566 4575 CPtanorum
2625 4537 2658 4575 a
2708 4521 3010 4577 Lambecio
3053 4520 3124 4576 ad
3171 4510 3457 4575 Codicum
3526 4516 3636 4575 sub
3678 4516 3853 4587 hujus

2205 4609 2444 4665 nomine
2483 4609 2697 4665 editus.

2276 4698 2380 4766 55.
2414 4698 2485 4752 De
2516 4698 2776 4754 exhibitis
2805 4701 2865 4754 in
2920 4699 3019 4758 hoc
3058 4699 3361 4767 volumine,
3391 4703 3445 4755 et
3495 4697 3551 4752 in
3598 4699 3852 4754 secuturo

2204 4787 2550 4843 exhibendis.
2610 4820 2677 4828 —
2728 4788 3056 4845 Praefationi
3128 4776 3350 4859 subjeci
3397 4788 3470 4843 cl.
3523 4785 3851 4843 decessoris

2204 4876 2319 4933 mei
2349 4878 2821 4933 dissertationem
2854 4880 2926 4934 de
2985 4878 3356 4934 Constantini
3412 4877 3854 4949 Porphyrogen-

2203 4969 2357 5037 ueto,
2391 4984 2567 5038 quam
2592 4967 2642 5022 is
2664 4983 2816 5022 anno
2859 4967 2999 5021 1747
3024 4966 3225 5022 edidit.
3252 4966 3437 5022 Vitam
3471 4969 3707 5021 enarrat
3738 4964 3852 5018 im-

2204 5055 2484 5125 peratoris
2510 5056 2581 5111 sb
2624 5072 2819 5111 amore
2872 5060 2929 5110 et
2980 5052 3194 5111 studiis
3229 5046 3555 5110 litterarum
3589 5051 3847 5111 celebra—

2203 5142 2407 5199 tissimi
2476 5162 2620 5216 pura
2677 5152 2731 5200 et
2804 5144 3051 5217 eleganti
3127 5144 3400 5213 dictione,
3458 5148 3735 5217 grataque
3792 5144 3851 5195 et

2204 5235 2487 5291 Concinua
2542 5235 2668 5307 [Ed.
2720 5234 2784 5290 L.
2835 5236 2910 5307 Χ]
2972 5230 3271 5305 brevitate,
3322 5224 3604 5306 bonaeque
3662 5230 3849 5303 frugis

2203 5325 2709 5382 observationibus
2728 5327 2894 5383 nitet.
2930 5326 3112 5389 Quam
3146 5325 3217 5382 cl.
3253 5325 3518 5397 opusculi
3552 5332 3749 5380 auctor
3788 5321 3850 5375 in

2205 5416 2318 5471 {ine
2362 5416 2643 5485 promittit
2676 5412 3169 5483 dissertationem,
3204 5414 3365 5470 velut
3404 5414 3647 5471 alteram
3704 5428 3850 5482 prae-

2203 5506 2385 5561 sentis
2415 5509 2659 5576 partem,
2690 5505 2760 5559 de
2791 5504 3154 5559 Constantini
3187 5504 3422 5576 scriptis
3448 5508 3503 5559 et
3530 5503 3589 5559 in
3623 5503 3849 5557 litteras

2205 5594 2448 5659 meritis,
2481 5611 2609 5649 eam
2654 5595 2712 5649 in
2765 5594 2891 5664 ejus
2926 5592 3160 5650 schedis
3209 5594 3463 5665 reperire
3511 5609 3625 5649 non
3687 5587 3850 5660 potui

2203 5683 2559 5751 elaboratam
2596 5700 2609 5736 :
2642 5685 2999 5755 quapropter
3028 5680 3318 5738 sarciendi
3346 5681 3605 5738 defectus
3662 5678 3851 5750 gratia
