4234 6316
362 296 438 364 4‘5
1781 292 2368 363 PREFATIONES.
3694 320 3773 378 46

364 426 736 490 decreveram
797 430 1173 505 particulam,
1217 448 1342 503 quae
1394 430 1549 491 idem
1601 440 2016 505 argumentum
2051 422 2096 501 Α
2133 446 2268 489 cum
2302 444 2334 489 a
2369 428 2465 489 tali
2501 433 2746 491 consilio
2783 428 3008 495 alienus
3026 439 3237 511 sim,et
3256 452 3360 512 per
3390 458 3651 502 mearum
3681 463 3775 505 re-

367 521 732 595 exsequitur,
764 538 796 577 e
844 520 919 577 cl.
955 519 1203 576 Fabricii
1253 520 1592 577 Bibliotheca
1632 521 1821 579 Graeca
1853 532 2019 593 repe-

364 608 507 669 tere.
543 611 652 667 Sed
687 628 820 666 cum
855 609 1007 666 liber
1030 609 1090 664 in
1123 609 1384 665 omnium
1418 626 1596 666 manu
1629 608 1725 679 sit,
1758 610 1896 666 satis
1936 612 2020 666 est

365 700 507 757 illuc
539 699 781 772 cupidos
814 697 1105 770 ablegare.
1135 699 1358 770 Repetii
1381 705 1571 755 tamen
1595 700 1729 756 inde
1753 699 2016 755 notitiam

368 790 546 861 hujus
577 789 805 845 Codicis
845 788 918 845 ab
958 785 1338 844 Uii'enbachio
1388 789 1702 845 conditam.
1744 790 2018 859 Sequitur

365 878 465 934 illa
493 878 952 951 praemissaipse
1001 876 1228 949 primus
1273 878 1738 934 Constantiniani
1788 877 2016 934 Codicis

364 966 787 1023 Caerimonialis
832 965 1001 1034 liber,
1042 983 1176 1023 cum
1237 966 1714 1039 interpretatione
1762 968 2014 1039 primum

364 1050 604 1130 quidem
646 1055 983 1124 Leichiana,
1017 1074 1145 1128 quae
1188 1073 1370 1129 usque
1401 1057 1472 1112 ad
1508 1073 1638 1129 pag.
1670 1056 1769 1111 221
1815 1073 2015 1129 proce-

366 1148 474 1217 dit,
502 1148 713 1203 deinde
740 1163 873 1203 vero
902 1163 1030 1202 mea
1065 1162 1245 1218 usque
1270 1148 1340 1201 ad
1366 1147 1561 1202 finem.
1588 1140 1799 1202 Addidi
1830 1146 2016 1218 primo

364 1236 512 1291 libro
559 1236 718 1291 velut
770 1236 1150 1308 appendicem
1213 1235 1320 1291 illa
1376 1238 1665 1307 praecepta
1714 1237 2014 1305 militaria,

369 1342 496 1396 quae
538 1326 601 1380 in
633 1324 828 1381 codice
851 1330 1047 1381 nostro
1069 1325 1469 1396 manuscripto
1494 1325 1725 1380 initium
1744 1325 2019 1381 facientia

368 1431 472 1487 per
518 1415 739 1486 primas
788 1415 992 1487 viginti
1042 1416 1416 1472 membranas
1468 1417 1871 1472 decurrebant.
1908 1418 2017 1472 Po-

366 1509 590 1560 tueram
613 1521 741 1561 eam
787 1505 1127 1576 particulam
1158 1506 1412 1562 secundo
1443 1503 1593 1562 libro
1624 1496 2011 1578 subiungere;

364 1595 464 1648 sed
497 1594 822 1650 cavendum
872 1593 1014 1649 mihi
1065 1599 1209 1664 erat,
1271 1612 1347 1650 ne
1398 1595 1690 1666 posterius
1738 1595 2013 1651 volumen

367 1682 518 1738 mole
562 1682 717 1738 ultra
767 1682 929 1755 prius
972 1684 1291 1739 excederet.
1339 1683 1421 1739 Cl.
1474 1683 1744 1740 Leichius
1773 1684 1831 1739 id
1887 1685 2014 1741 ideo

364 1788 609 1844 prorsus
648 1773 943 1835 omiserat,
992 1773 1128 1843 quia
1176 1774 1248 1829 ab
1299 1773 1408 1829 hoc
1458 1790 1631 1845 opere
1675 1774 2009 1830 decreverat

364 1877 579 1930 arcere,
629 1866 686 1916 et
740 1862 799 1916 in
847 1860 1187 1918 collectione
1241 1862 1605 1918 Tacticorum
1663 1864 2006 1933 Graecorum,

365 1967 543 2023 quam
604 1951 1017 2019 meditabatur,
1063 1951 1355 2007 exhibere.
1407 1952 1596 2008 Habeo
1646 1952 1701 2008 in
1734 1954 2007 2010 manibus

364 2040 657 2111 exemplar
712 2039 1133 2112 opusculorum
1194 2040 1575 2110 Constantini,
1648 2060 1681 2098 a
1756 2043 2007 2099 Meursio

363 2131 543 2202 Lugd.
588 2132 785 2184 Batav.
818 2147 911 2184 an.
943 2130 1075 2184 1611
1111 2129 1422 2200 editorum,
1453 2130 1511 2186 in
1545 2132 1755 2202 quibus
1776 2131 2010 2187 Tactica

360 2220 467 2275 vir.
500 2218 574 2273 cl.
624 2219 843 2290 passim
888 2219 1291 2275 emendaverat
1321 2235 1419 2274 sua
1453 2236 1634 2275 manu
1666 2225 1843 2291 atque
1873 2236 2009 2292 sup-

365 2309 647 2381 pleverat,
680 2325 710 2362 e
740 2308 958 2373 codice,
991 2313 1055 2363 ut
1097 2308 1360 2379 conjicio,
1393 2311 1756 2382 Augustano.
1804 2310 2006 2365 Inveni

364 2398 425 2453 in
469 2399 599 2468 ejus
646 2395 1006 2452 Adversariis
1049 2396 1165 2452 alia
1210 2398 1616 2470 supplementa
1666 2399 2006 2456 eorumdem

364 2488 752 2550 Tacticorum,
808 2489 871 2541 ut
924 2489 980 2541 et
1028 2484 1257 2555 Leonis,
1311 2504 1340 2541 e
1385 2488 1582 2545 codice
1637 2490 2003 2559 Augustano,

371 2593 500 2648 quae
530 2593 563 2631 a
593 2574 959 2631 celeberrimo
1006 2575 1299 2633 Bruckero
1346 2584 1664 2650 acceperat.
1704 2579 1819 2651 Ego
1852 2595 2004 2649 vero,

2128 536 2257 578 rum
2307 518 2703 581 conditionem
2751 536 3036 599 nequeam
3082 534 3197 585 non
3247 544 3394 601 esse,
3437 534 3613 589 debui
3644 552 3774 591 om-

2128 612 2267 667 nino
2301 610 2488 669 locum
2520 613 2579 669 in
2612 612 2721 670 hac
2768 615 3023 673 editione
3070 621 3351 689 cpusculo
3401 622 3560 688 dare,
3591 624 3769 680 inter-

2126 706 2352 772 pretatu
2388 700 2619 773 quidem
2652 702 2901 775 difﬁcili,
2924 705 3070 762 lectu
3112 712 3308 764 tamen
3337 710 3614 779 jucundo,
3650 713 3767 783 ple-

2126 805 2319 861 noque
2333 799 2522 847 rerum
2545 791 2694 848 scitu
2718 794 3216 866 dignitasimarum.
3242 798 3447 855 Parum
3462 801 3764 857 referebat.

2126 879 2227 935 ubi
2282 878 2381 935 ubi
2439 877 2857 952 collocaretur;
2909 886 3082 942 modo
3132 876 3322 945 locum
3372 890 3610 947 haberet
3651 909 3765 949 non

2125 968 2373 1025 nullam.

2194 1050 2531 1116 Secundum
2552 1060 2825 1144 volumen
2856 1056 3018 1119 dabit
3039 1068 3359 1123 secundum
3385 1069 3563 1127 (ἔπωοί
3585 1071 3767 1144 hujus

2124 1144 2532 1205 caerimonialis
2565 1142 2802 1219 librum,
2827 1154 2960 1208 cum
2995 1154 3272 1225 adjuncta
3304 1158 3506 1214 Latina
3533 1142 3765 1218 meain-

2124 1236 2553 1309 terpretatione.
2612 1241 2879 1296 Proxime
2944 1252 3231 1313 apponam
3292 1249 3456 1302 notas
3514 1250 3764 1319 criticas,

2124 1342 2254 1398 qua:
2281 1327 2535 1383 codicem
2566 1331 2826 1384 Graecum
2861 1330 3012 1401 typis
3041 1346 3383 1402 expressum
3404 1351 3474 1389 ex
3505 1336 3765 1405 ipsarum

2125 1416 2601 1472 membranarum
2639 1418 2827 1473 denuo
2859 1435 2890 1473 a
2924 1435 3013 1473 me
3035 1419 3341 1493 diligenter
3365 1424 3761 1494 inspectarum

2123 1502 2238 1559 ﬁde
2268 1509 2325 1560 Et
2344 1498 2701 1584 conjecturis
2723 1508 2870 1562 meis
2899 1508 3312 1565 emendabunt.
3341 1511 3646 1584 Excipient
3665 1531 3764 1571 eas

2124 1582 2662 1650 animadversiones
2685 1582 2972 1651 historicas
2994 1598 3053 1651 in
3078 1590 3262 1653 totum
3291 1616 3435 1669 opus
3469 1582 3601 1657 cum
3639 1604 3762 1659 Lei-

2124 1682 2350 1739 ohianis
2382 1701 2561 1754 meae;
2592 1686 2768 1741 finem
2803 1688 2968 1742 faciet
2990 1687 3163 1743 index
3185 1688 3527 1750 Graecitatis.
3560 1694 3764 1750 Latina

2122 1773 2352 1842 quidem
2384 1773 2780 1859 interpretatio
2807 1776 2864 1830 in
2898 1778 3118 1832 mundo
3148 1786 3254 1846 est,
3280 1782 3343 1832 ut
3382 1779 3549 1836 facile
3581 1784 3765 1853 possit

2116 1878 2235 1917 una
2265 1878 2398 1917 cum
2426 1861 2636 1919 Graecis
2668 1863 2821 1919 intra
2854 1865 3021 1921 breve
3052 1870 3287 1937 tempus
3328 1868 3485 1937 prelo
3516 1871 3759 1926 absolvi.

2116 1952 2362 2024 Reliqua
2384 1954 2650 2025 quamvis
2671 1955 2941 2024 expeditu
2963 1956 3145 2010 ardua
3166 1960 3221 2012 et
3240 1974 3565 2015 aerumnosa
3583 1976 3763 2031 pensa

2117 2042 2252 2110 sint,
2288 2060 2457 2115 spero
2487 2049 2684 2099 tamen
2714 2045 2851 2111 fore,
2889 2043 2937 2100 si
2968 2046 3279 2116 propitium
3314 2064 3527 2103 numen
3559 2051 3762 2120 coeptis

2118 2132 2268 2188 meis
2299 2132 2537 2202 aspiret,
2570 2138 2634 2188 ut
2681 2138 2924 2187 exeunte
2957 2133 3189 2189 biennio
3238 2135 3481 2191 alterum
3527 2154 3761 2209 quoque

2116 2220 2406 2286 volumen,
2440 2220 2739 2291 aliquanto
2788 2222 3052 2290 spissius,
3085 2238 3262 2292 quam
3313 2224 3422 2279 hoc
3462 2230 3569 2294 est,
3604 2228 3759 2283 futu-

2117 2327 2269 2378 rum,
2303 2306 2362 2365 in
2390 2309 2691 2365 doctorum
2724 2310 3025 2366 hominum
3058 2328 3269 2367 manus
3299 2313 3509 2370 veniat.

2186 2398 2348 2467 Vale,
2391 2392 2620 2454 Erudite
2680 2399 2905 2467 Lector,
2965 2402 3021 2454 et
3081 2402 3389 2458 conatibus
3439 2402 3758 2461 decessoris

2114 2487 2229 2544 mei
2261 2482 2435 2561 atque
2467 2486 2611 2544 meis
2634 2487 2777 2543 fave.
2810 2486 2991 2544 Scrib.
3028 2489 3234 2562 Lipsim
3267 2507 3462 2547 mense
3500 2493 3759 2564 Septem-

2114 2576 2203 2633 bri
2238 2576 2396 2634 1751.

2812 2759 2881 2763 _.
3076 2759 3439 2785 ..,,.

1104 2914 1311 3045 AD
1402 2904 2003 3047 TOMUM

2099 2904 3023 3047 SECUNDUM.

425 3311 553 3380 (Ed.
593 3310 645 3365 ι.
679 3308 900 3379 ΧΙ-ΧΙΙ]
953 3309 1031 3363 Ea
1069 3311 1155 3364 est
1201 3309 1680 3380 argumentorum
1750 3306 2007 3362 secundo
2040 3312 2088 3379 ς,
2196 3307 2261 3364 In
2293 3306 2401 3362 hac
2432 3307 2612 3380 igitur
2641 3307 2866 3364 edenda
2898 3312 3080 3378 parte,
3104 3323 3219 3363 non
3250 3306 3445 3361 minus
3463 3308 3636 3377 atque
3661 3304 3757 3361 illa

354 3400 487 3464 hoc,
512 3399 668 3470 quod
693 3414 850 3453 nunc
864 3396 1117 3465 edimus,
1142 3395 1441 3453 volumine
1460 3394 1820 3452 Constantini
1848 3394 2007 3451 Ceri-

355 3488 630 3546 monialis
663 3488 1061 3559 expositorum
1110 3487 1388 3558 dignitas,
1420 3490 1485 3542 ut
1513 3486 1772 3558 palmam
1822 3486 2002 3556 priori

353 3579 590 3635 dubiam
642 3580 828 3634 facere
876 3593 1047 3649 posse
1094 3576 1380 3632 videatur.
1431 3576 1690 3639 Quorum
1735 3575 2005 3646 quamvis

354 3682 593 3723 summa
620 3666 816 3738 capita
846 3664 1114 3736 superior
1134 3664 1263 3735 jam
1293 3663 1551 3735 pretatio
1583 3661 1855 3732 attigerit,
1888 3678 2003 3717 non

356 3756 565 3812 inutile
600 3761 800 3811 tamen
830 3754 969 3809 duxi
1016 3752 1117 3808 illa
1148 3753 1256 3806 hoc
1294 3767 1524 3819 quoque
1559 3750 1684 3803 loco
1726 3754 2004 3817 repetere.

355 3845 585 3901 Eminet
613 3843 793 3911 igitur
826 3841 1001 3911 hujus
1038 3838 1282 3895 secundi
1312 3836 1445 3893 libri
1476 3853 1544 3892 ea
1572 3852 1706 3908 pars
1743 3853 1867 3907 quae
1899 3853 2002 3891 no-

355 3934 512 3990 mine
540 3926 1032 4005 Κλητωρολόγιον,
1067 3943 1166 3983 seu
1206 3927 1467 3983 doctrina
1513 3927 1735 3981 rituum
1766 3924 2000 3982 illorum

354 4029 467 4091 est,
490 4023 706 4095 quibus
737 4019 1029 4077 solemnes
1055 4015 1238 4090 epulas
1264 4016 1450 4087 Impp.
1475 4016 1829 4071 CPtanorum
1855 4016 2000 4071 cele-

353 4113 513 4169 brari
545 4110 831 4177 solebant,
858 4110 987 4180 ipsa
1019 4123 1076 4163 re
1107 4111 1283 4178 atque
1306 4105 1661 4178 professione
1684 4105 1890 4160 notitia
1910 4108 2000 4159 est

351 4201 702 4271 dignitatum
752 4197 982 4269 Imperii
1046 4195 1378 4261 Orientalis,
1438 4194 1609 4265 quale
1675 4193 1884 4248 seculo
1940 4210 1997 4247 x1

349 4295 603 4348 exeunte
631 4293 772 4344 erat.
808 4286 1050 4343 Minoris
1083 4284 1380 4353 momenti,
1412 4298 1603 4355 neque
1634 4286 1829 4338 tamen
1866 4298 1999 4339 con-

352 4379 672 4448 temnendi,
706 4381 844 4434 sunt
866 4376 951 4431 illi
983 4374 1114 4442 loci,
1148 4374 1250 4445 qui
1281 4373 1606 4440 legatorum
1637 4371 1994 4443 excipiendo-

349 4486 485 4527 rum
518 4465 1267 4536 rationem,titulorumque
1290 4461 1996 4534 praescribuntformulas,

351 4559 569 4631 quibus
600 4561 701 4614 aut
736 4555 916 4612 exteri
965 4552 1141 4625 legati
1189 4552 1529 4608 CPlitanum
1579 4550 1994 4621 imperatorem

350 4668 419 4706 ex
449 4665 607 4705 more
629 4647 1097 4719 alloquebantur,
1121 4647 1223 4699 aut
1252 4643 1375 4714 ipse
1414 4641 1673 4698 vicissim
1706 4641 1769 4697 in
1788 4640 1994 4696 litteris

348 4739 422 4795 ad
457 4743 680 4794 exteros
711 4735 1008 4808 principes
1025 4732 1148 4788 suis
1178 4734 1471 4787 utebatur.
1498 4732 1631 4797 Quae
1661 4731 1731 4784 ad
1766 4745 1996 4801 proces-

349 4828 542 4883 siones
569 4826 1017 4897 imperatorum,
1044 4821 1103 4876 in
1125 4819 1334 4875 balnea
1358 4824 1415 4874 et
1436 4817 1644 4874 horrea
1665 4817 1991 4887 lustranda,

348 4933 481 4990 quas
513 4916 584 4972 ad
607 4914 938 4985 triumphos
963 4912 1034 4967 de
1067 4908 1331 4966 hostibus
1362 4908 1601 4964 devictis
1631 4908 1995 4979 agendos,ad

349 5004 658 5073 brumalia,
693 5006 996 5075 spectant;
1046 5000 1185 5056 item
1219 5014 1343 5070 quas
1383 4998 1456 5053 de
1483 4996 1683 5052 liberis
1712 4998 1995 5070 Augustis

348 5111 552 5152 recens
584 5093 755 5161 natis,
786 5095 844 5148 et
872 5089 1029 5147 unda
1075 5086 1320 5145 salutari
1358 5085 1701 5154 lustrandis,
1732 5091 1835 5142 aut
1864 5091 1993 5143 ton-

348 5185 579 5251 dendis,
625 5184 696 5238 de
738 5179 1203 5252 patriarcharum
1250 5176 1551 5243 electione,
1592 5176 1664 5230 de
1713 5180 1994 5247 apparatu

350 5273 539 5331 navali
555 5274 615 5329 in
645 5271 939 5343 geminam
962 5266 1412 5340 expeditionem,
1436 5264 1768 5322 Cretensem
1791 5282 1993 5334 unam,

348 5364 589 5421 alteram
620 5359 1143 5433 Longobardicam,
1179 5357 1511 5421 traduntur,
1544 5353 1678 5423 alia,
1712 5370 1839 5427 quae
1870 5372 1997 5429 per-

348 5468 585 5509 censere
642 5447 881 5520 singula
923 5446 1165 5519 longum
1212 5445 1402 5500 foret:
1436 5458 1503 5498 ea
1550 5441 1747 5497 omnia
1796 5442 1996 5499 multi-

344 5542 551 5613 plicem
614 5543 672 5595 et
729 5552 900 5593 usum
957 5539 1016 5592 et
1065 5533 1507 5592 delectationem
1556 5529 1787 5600 habere,
1846 5531 1995 5590 ultro

346 5637 527 5705 patet.

2116 3396 2435 3466 superiore,
2460 3402 2620 3452 tanta
2650 3400 2909 3453 versatus
2940 3394 3025 3451 fui
3050 3395 3349 3468 religione,
3376 3399 3441 3449 ut
3473 3394 3756 3448 membra-

2116 3503 2327 3543 narum
2374 3486 2759 3558 Lipsiensium
2809 3485 3114 3557 plerasque
3172 3482 3415 3540 mendas
3462 3485 3518 3538 et
3560 3483 3752 3555 ipsum

2113 3577 2283 3632 illum
2310 3576 2672 3647 antiquitatis
2697 3576 2854 3630 velut
2877 3578 3029 3628 πῖνον
3064 3574 3303 3629 reddere
3322 3590 3439 3628 non
3458 3572 3754 3627 dubitave-

2112 3666 2249 3729 rim,
2298 3663 2440 3718 satis
2483 3663 2707 3716 habens
2756 3662 3105 3716 emendandi
3151 3660 3433 3713 rationem
3488 3659 3546 3711 in
3593 3675 3750 3712 com-

2117 3749 2417 3805 mentariis
2448 3748 2755 3803 indicasse.
2784 3750 2846 3803 In
2879 3746 3218 3802 adornanda
3239 3744 3443 3801 Latina
3472 3740 3751 3816 interpre-

2114 3840 2332 3895 tatione
2363 3837 2488 3893 cavi
2532 3836 2758 3902 sedulo,
2810 3842 3096 3909 quantum
3147 3841 3204 3891 et
3251 3830 3353 3908 per
3383 3850 3573 3890 rerum
3607 3851 3752 3905 quas

2113 3932 2315 3986 auctor
2352 3933 2576 3995 tractat,
2637 3933 2692 3983 et
2751 3944 2851 3999 per
2926 3927 3199 3981 dictionis
3268 3941 3383 3996 qua
3455 3922 3551 3980 ille
3609 3923 3749 3979 satis

2110 4020 2364 4087 horrida,
2398 4036 2466 4074 ex
2514 4034 2673 4073 more
2722 4017 2809 4072 sui
2844 4015 3061 4083 saeculi,
3097 4016 3297 4080 utitur,
3332 4014 3746 4071 obscuritatem

2107 4109 2295 4179 licuit,
2348 4113 2408 4164 ut
2466 4123 2653 4179 neque
2711 4123 2744 4161 a
2800 4106 3107 4161 verborum
3166 4105 3455 4159 sententia
3502 4102 3745 4172 abirem,

2108 4214 2292 4269 neque
2352 4197 2695 4268 perspicuus
2745 4212 2934 4251 sermo
2993 4193 3438 4249 desideraretur.
3474 4196 3537 4249 In
3578 4193 3746 4248 Com-

2108 4286 2415 4342 mentariis
2447 4301 2581 4339 cum
2630 4284 2803 4339 verba
2841 4283 3104 4354 ritusque
3155 4288 3375 4338 veteres
3426 4281 3720 4338 illustrare

2106 4381 2394 4449 quantum
2428 4374 2581 4430 valui
2628 4378 2684 4429 et
2735 4374 2876 4429 satis
2926 4373 3022 4438 sit,
3068 4371 3286 4438 studui,
3329 4380 3447 4427 turn
3493 4374 3562 4427 de
3593 4373 3743 4427 veris

2104 4481 2333 4539 quoque
2364 4464 2832 4521 membranarum
2866 4462 3233 4528 lectionibus,
3258 4461 3357 4516 ubi
3388 4479 3535 4533 opus
3566 4468 3740 4530 esset,

2105 4555 2437 4627 signiﬁcare
2471 4570 2586 4608 non
2618 4551 2862 4624 neglexi.
2894 4551 2957 4605 ln
2989 4550 3189 4605 breves
3226 4551 3634 4608 annotationes
3667 4550 3738 4607 cl.

2102 4642 2426 4700 decessoris
2458 4640 2601 4696 mihi
2651 4645 2860 4713 praeter
2883 4637 3227 4711 digestionis
3259 4640 3562 4695 arbitrium
3594 4638 3741 4695 nihil

2106 4732 2392 4804 arrogavi.
2426 4732 2578 4795 Quas
2627 4729 2724 4785 ille
2770 4729 2957 4785 titulis
2988 4729 3259 4785 undecim
3314 4730 3650 4802 complexus
3680 4731 3739 4784 in

2105 4821 2434 4877 adversaria
2464 4836 2552 4889 eo,
2586 4836 2701 4892 quo
2734 4819 2912 4877 libros
2958 4835 3218 4890 quosque
3247 4817 3496 4887 legisset,
3540 4819 3742 4873 ordine

2104 4912 2429 4982 coniecerat
2445 4910 2897 4981 observationes,
2930 4925 3050 4975 eas,
3071 4914 3135 4962 ut
3151 4907 3311 4963 locus
3329 4910 3573 4980 quisque
3597 4907 3745 4962 ferre

2103 5008 2274 5071 atque
2302 5000 2600 5072 postulare
2632 5000 2960 5066 videbatur,
2995 4998 3082 5053 sic
3112 4996 3163 5051 ei
3202 4993 3653 5058 accommodavi,
3688 4999 3747 5049 et

2103 5089 2234 5147 telas
2262 5106 2403 5146 mete
2432 5090 2678 5147 intexui.
2711 5093 2966 5157 Quorum
3006 5083 3312 5141 titulorum
3346 5087 3508 5147 duos,
3534 5094 3748 5149 unum,

2105 5180 2399 5251 quintum,
2428 5196 2484 5251 p.
2515 5180 2586 5235 28
2626 5182 2957 5235 nostrorum
2997 5172 3576 5251 commentariorurm
3600 5160 3754 5251 alte-

2106 5244 2262 5337 rum,
2296 5244 2584 5336 octavum,
2617 5284 2672 5339 p.
2723 5266 2793 5320 94
2840 5258 3184 5336 speciminis
3230 5271 3395 5309 causa
3427 5244 3693 5315 exhibui,
3729 5271 3765 5309 ε

2105 5373 2241 5429 quo,
2276 5356 2412 5426 quid
2436 5361 2493 5411 et
2523 5355 2621 5409 ille
2653 5356 2711 5409 in
2744 5352 2978 5408 schedia
3027 5340 3347 5429 reliquerit,
3388 5339 3444 5429 et
3474 5346 3540 5384 eo
3572 5344 3774 5397 appa—

2106 5424 2232 5500 ratu
2265 5424 2560 5514 quomodo
2586 5458 2690 5495 nos
2724 5441 2815 5493 usi
2846 5434 3157 5491 fuerimus,
3188 5424 3425 5514 constet.

2175 5495 2480 5589 'Avdliinem
2537 5495 2671 5584 libri
2723 5526 2898 5596 primi
2956 5504 3515 5596 commentariorum

2108 5579 2504 5690 ebrii-piatis;
2538 5579 2998 5670 adhaercundum
3053 5593 3110 5643 et
3157 5587 3324 5652 Primi
3370 5579 3819 5653 appendicem
