4234 6316
439 379 514 437 47
1571 355 1630 416 J.
1677 356 1752 413 H.
1799 347 2083 412 LEICHII
2128 345 2688 407 COMMENTATIO
3752 334 3830 393 48

436 506 681 564 dicenda
736 501 1028 573 superant,
1071 511 1205 551 cum
1260 490 1576 558 indicibus,
1635 487 1781 543 forte
1836 486 2151 555 quoqueA
2184 479 2310 573 fini,
2368 479 2460 533 cui
2517 478 2691 573 vulgo
2759 476 2932 573 tribui
2982 475 3151 572 solet,
3207 476 3492 573 tempora“
3517 466 3822 566 conditum

434 556 721 663 Eieéiﬁus
745 556 1218 646 Chronici'Graeci
1242 578 1443 637 inediti
1476 556 1703 647 Georgii
1728 569 2067 639 Hamartoli,
2182 567 2510 631 fuisse,duo
2530 566 2649 622 haec
2679 566 2791 622 alia
2812 564 2983 620 velim
3020 563 3189 663 addi;
3209 577 3429 662 .unum,
3454 556 3826 663 Constantini

434 648 678 756 [13min
709 678 887 750 ampl.
920 678 1157 730 senatus
1197 666 1514 741 Lipsiensis
1546 663 1900 720 bibliotheca
1921 662 2072 716 inter
2182 657 2420 712 senioris
2479 660 2642 711 etate
2694 656 2751 710 in
2816 672 2924 710 usu
2976 670 3088 709 non
3140 650 3321 706 fuisse
3376 648 3825 721 prohedrorum,

432 738 658 829 dedices
688 738 913 824 Graecos
946 780 1123 820 manu
1174 738 1433 816 exaratos
1485 754 1790 827 reperitur,
1822 752 2069 821 dignum
2180 762 2358 817 quam
2387 745 2585 801 titulus
2617 744 2820 815 capitis
2854 744 3043 799 ultimi
3093 740 3227 796 libri
3277 739 3449 811 primi
3505 738 3819 799 memorat,

430 825 746 931 aliquando
779 854 950 911 Leoni
978 850 1186 906 Allatio
1204 847 1409 911 visum,
1435 825 1588 915 quod
1626 841 1890 896 Latinum
1918 838 2071 891 face-
2180 834 2550 907 dignitatem,
2583 835 2854 890 aJoanne
2883 831 3170 931 Tzimisce
3200 830 3578 931 demum—taetri.
3619 825 3825 879 inven-

428 917 626 1005 ret‘et
675 963 708 1000 a
764 960 827 999 se
877 940 1163 997 edendum
1219 934 1603 1007 promitteret,
1664 929 1781 984 vid.
1842 926 2063 982 Fabric.
2179 929 2323 994 tam,
2355 940 2455 978 seu
2513 927 2839 979 revocatam
2884 938 2896 975 :
2953 920 3222 986 alterum,
3272 935 3329 989 p.
3393 917 3498 971 375
3543 917 3829 971 Constan-

424 1002 792 1093 Grzc.
817 1036 857 1087 t.
894 1032 990 1096 VI,
1019 1046 1072 1100 p.
1111 1002 1307 1091 145,et
1332 1028 1371 1077 t.
1398 1022 1463 1086 X,
1499 1019 1703 1092 p.641,
1730 1034 1816 1084 ea,
1840 1016 1890 1073 si
1921 1017 2069 1071 tanti
2181 1014 2370 1069 tinum
2431 1012 2635 1068 Leonis
2720 1013 2931 1079 filium,
2968 1008 3231 1083 μακάριον
3296 1004 3599 1078 appellari,
3672 1002 3823 1100 quod

423 1126 790 1189 videbuntur,
851 1092 1087 1176 tertium
1145 1113 1422 1169 volumen
1478 1108 1719 1181 implere
1772 1110 2066 1178 poterunt.
2179 1103 2431 1174 elogium
2462 1118 2575 1157 non
2616 1100 2762 1157 solet
2809 1100 2920 1156 nisi
2950 1100 3066 1154 vita
3107 1097 3399 1153 defunctis
3436 1092 3825 1161 tribui.Vale,

421 1214 505 1268 Ad
537 1212 885 1283 argumenta
923 1203 1217 1275 superiore
1250 1198 1589 1271 praefatione
1623 1196 1904 1264 exposita,
1942 1209 2069 1264 quae
2178 1192 2380 1261 lector,
2413 1195 2469 1247 et
2498 1190 2713 1246 studiis
2746 1190 2962 1246 nostris
2993 1190 3141 1244 fave.

419 1277 825 1356 demonstrant
852 1290 1251 1351 Caarimoniale
1282 1289 1391 1345 hoc
1423 1290 1553 1359 post
1582 1285 1741 1339 illius
1781 1284 2068 1339 Constan—
2253 1282 2377 1337 Scr.
2411 1296 2613 1335 mense
2638 1279 2914 1343 Januario
2944 1280 3006 1333 A.
3043 1281 3100 1331 C.
3140 1277 3295 1332 1754.
3372 1308 3377 1309 κ

1092 1526 1740 1688 JOANNIS
1822 1523 2469 1677 HENBICI
2555 1519 3154 1673 LEICHII

1833 1760 2414 1825 COMMENTATIO

818 1913 937 1975 DE
996 1909 1188 1974 VITA
1237 1902 1529 1968 REBUS
1576 1899 1895 1967 GESTIS
1951 1897 2490 1961 CONSTANTIN

1762 1899 1895 1962 TIS
1951 1896 2536 1961 CONSTANTINI
2582 1893 3423 1960 PORPHYIIOGENNITI

1699 2031 2147 2091 IHPERATORIS
2182 2033 2351 2088 BYZA
2368 2033 2551 2088 NTINI

421 1421 2221 1451 ____________..__———-——————————

489 2351 614 2420 [Ed.
650 2350 705 2403 L.
737 2340 1285 2416 XIII.]Constantini
1324 2334 1874 2409 Porphyrogenneti,
1911 2335 2079 2406 cujus
2113 2350 2201 2389 res
2241 2351 2383 2406 pace
2414 2332 2678 2405 belloque
2700 2336 2892 2404 gestas
2915 2333 3168 2388 scribere
3191 2348 3465 2403 egressus
3486 2348 3638 2400 sum,
3672 2331 3730 2386 in
3762 2348 3825 2388 ca

412 2443 532 2498 fere
561 2443 825 2508 tempora
856 2438 995 2489 astas
1026 2432 1253 2495 incidit,
1286 2429 1503 2499 quibus
1542 2426 1794 2497 imperii,
1849 2425 2091 2478 maximi
2137 2424 2457 2493 quondam,
2489 2428 2545 2478 et
2576 2433 2700 2493 post
2741 2425 2978 2478 deorum
3012 2441 3150 2495 opes
3183 2424 3559 2495 amplissimi,
3592 2429 3819 2479 tantum

416 2529 626 2585 umbra
655 2502 918 2595 quaedam
969 2525 1026 2575 et
1054 2520 1248 2589 imago
1295 2519 1615 2586 supererat.
1665 2515 1982 2583 Postquam
2028 2511 2252 2566 scilicet
2300 2528 2365 2567 eo
2406 2516 2745 2581 perventum
2779 2516 2919 2579 erat,
2953 2517 3015 2567 ut
3057 2513 3459 2583 largitionibus
3504 2517 3599 2568 aut
3641 2502 3835 2569 armis

414 2618 569 2674 viam
601 2615 713 2670 sibi
744 2614 813 2668 ad
850 2625 1097 2682 regnum
1131 2605 1369 2679 plurimi
1401 2610 1688 2675 pararent,
1730 2601 1945 2657 scelere
1977 2604 2203 2671 partum
2237 2600 2489 2671 pessime
2526 2604 2582 2655 et
2628 2599 3031 2655 crudelissime
3061 2605 3345 2672 gererent,
3374 2606 3651 2659 ﬂuctuare
3695 2619 3822 2658 res-

416 2704 670 2779 publica,
702 2707 816 2758 eta
847 2700 969 2755 suis
1000 2695 1323 2753 rectoribus
1370 2694 1644 2748 destituta
1701 2692 1763 2746 in
1806 2690 2074 2746 ultimam
2124 2690 2438 2761 perniciem
2497 2691 2706 2747 adduci
2750 2692 2935 2762 erepit.
2968 2691 3175 2747 Civiles
3224 2693 3377 2748 enim
3429 2693 3728 2749 discordiis
3761 2696 3816 2748 et

416 2798 680 2868 potentes
730 2803 1035 2863 procerum
1071 2784 1372 2854 factiones,
1419 2799 1553 2839 cum
1603 2796 1895 2837 summam
1947 2784 2297 2852 potestatem
2349 2781 2416 2835 ad
2467 2796 2529 2835 se
2577 2796 2776 2853 rapere
2823 2779 3039 2852 singuli
3077 2780 3308 2852 vellent,
3356 2782 3547 2837 omnia
3604 2782 3813 2838 misere

416 2884 727 2938 turbarunt
762 2897 775 2935 :
807 2883 865 2934 at
894 2876 1176 2942 caedibus,
1222 2878 1322 2929 aut
1377 2872 1618 2943 rapinis,
1650 2875 1750 2926 aut
1790 2869 2105 2937 veneﬁciis,
2140 2886 2267 2939 quae
2324 2870 2565 2925 lectores
2614 2885 2841 2940 quoque
2893 2870 3065 2925 taedio
3093 2870 3381 2937 afﬁciunt,
3412 2871 3806 2938 obscuratam,

415 2990 547 3029 raro
578 2973 651 3029 ad
678 2975 916 3041 nepotes
947 2965 1376 3023 transtulerint.
1411 2964 1503 3018 Sic
1535 2963 1645 3018 Leo
1681 2960 1819 3017 olim
1850 2960 2168 3027 Isauricus,
2202 2960 2288 3015 sic
2328 2960 2704 3030 Nicephorus,
2756 2959 2839 3016 sic
2876 2960 3116 3016 Michael
3173 2961 3405 3030 Balbus,
3439 2962 3523 3018 sic
3557 2963 3809 3018 Basilius

414 3062 671 3118 Macedo.
721 3055 1092 3113 Constantini
1149 3070 1311 3120 avus,
1341 3053 1414 3108 ab
1466 3050 1711 3122 ignobili
1741 3050 1964 3121 origine
2006 3048 2079 3104 ad
2127 3064 2462 3119 supremum
2512 3049 2806 3120 fastigium
2859 3052 3109 3121 provecti
3170 3055 3584 3109 memorantur.
3615 3052 3810 3108 Virtus

416 3166 582 3222 porro
613 3152 671 3203 et
698 3146 877 3219 gloria
906 3148 1300 3199 Romanorum
1332 3139 1714 3204 exercituum,
1748 3138 2009 3193 nummis
2040 3142 2095 3193 et
2126 3137 2370 3207 publicis
2419 3140 2817 3193 monumentis
2848 3140 3131 3208 quondam
3165 3141 3474 3206 celebrata,
3498 3141 3723 3197 desidia
3753 3146 3811 3196 et

414 3236 621 3294 inertia
651 3243 771 3291 tum
806 3233 979 3304 plane
1010 3233 1341 3298 evanuerat,
1379 3226 1645 3299 praesidia
1675 3225 2011 3297 regionibus
2041 3225 2334 3296 imposita,
2371 3225 2526 3280 haud
2565 3225 2818 3281 invalida
2853 3226 2953 3281 illa
2979 3227 3232 3297 quidem,
3266 3234 3367 3284 aut
3396 3229 3624 3301 exigua,
3659 3230 3815 3286 hosti

415 3325 587 3383 feroci
622 3328 679 3380 et
712 3322 924 3378 callido
955 3336 1070 3375 non
1098 3317 1486 3382 sufﬁciebant,
1519 3331 1623 3371 nec
1667 3314 1788 3370 ulla
1818 3330 1950 3385 spes
1990 3314 2051 3369 in
2082 3313 2313 3369 auxiliis
2356 3315 2739 3370 ﬁnitimarum
2772 3316 3034 3387 gentium
3067 3324 3207 3383 erat,
3241 3316 3374 3372 licet
3404 3317 3462 3371 in
3496 3319 3819 3389 provincias

416 3416 720 3486 descriptas
754 3413 928 3467 urbes
988 3408 1277 3482 praefectis
1325 3407 1597 3477 subjectae
1644 3410 1856 3460 essent.
1891 3404 2035 3459 Hinc
2083 3405 2571 3476 opportunitatem
2626 3406 2966 3461 contermini
3020 3407 3219 3478 populi
3267 3408 3441 3473 nacti,
3476 3409 3622 3465 ﬁnes
3654 3410 3817 3482 regni

418 3505 606 3577 magis
640 3503 941 3576 magisque
980 3497 1433 3562 imminuerunt,
1485 3512 1600 3551 non
1635 3494 1948 3551 ambitione
1997 3498 2095 3549 aut
2143 3493 2515 3550 aemulatione
2542 3494 2758 3566 gloriae,
2791 3497 2891 3551 sed
2924 3497 3074 3565 quod
3108 3500 3377 3567 angustis
3407 3499 3670 3554 terminis
3708 3502 3822 3555 im-

419 3611 624 3650 mensa
663 3590 976 3647 multitudo
1008 3587 1294 3643 contineri
1326 3602 1441 3640 non
1472 3588 1717 3655 poterat,
1751 3584 1821 3638 ad
1871 3600 2029 3638 arma
2068 3583 2485 3639 commovenda
2541 3583 2794 3638 excitati.
2846 3583 3099 3638 Turbata
3122 3584 3247 3653 jam
3278 3584 3492 3639 dudum
3522 3586 3730 3657 Apulia
3762 3593 3821 3643 et

419 3683 684 3740 Calabria
716 3684 855 3750 erat,
889 3677 1085 3734 Sicilia
1115 3677 1377 3744 nutabat,
1411 3690 1537 3746 quae
1570 3673 1943 3729 Occidentem
1973 3688 2173 3728 versus
2203 3673 2383 3728 unicae
2434 3672 2597 3744 regni
2645 3671 2989 3741 amplissimi
3036 3672 3291 3743 reliquiae
3326 3679 3511 3741 erant,
3547 3675 3751 3745 partim
3787 3694 3820 3731 a

422 3770 810 3843 Longobardis
841 3770 1159 3839 occupatae,
1192 3765 1408 3836 partim
1458 3763 1862 3834 frequentibus
1909 3762 2325 3819 Saracenorum
2375 3779 2444 3818 ex
2473 3763 2666 3818 Africa
2696 3761 3132 3820 incursionibus
3172 3764 3404 3820 attrita.
3438 3765 3554 3822 Nec
3612 3765 3817 3823 Oriens

416 3861 697 3916 immotus
724 3862 870 3925 erat,
902 3872 1029 3911 cum
1060 3853 1344 3921 Scythicis
1389 3856 1446 3907 et
1474 3851 1728 3907 Arabicis
1774 3851 2046 3923 gentibus
2076 3850 2323 3907 inermes
2382 3851 2710 3921 provinciae,
2760 3855 2819 3906 et
2874 3867 3107 3923 semper
3134 3852 3400 3910 hostibus
3433 3855 3726 3927 expositae,
3758 3859 3817 3912 in

422 3950 672 4020 pretium
705 3944 839 4000 belli
887 3942 1225 4006 cessissent,
1265 3956 1414 4009 quas
1462 3939 1675 3993 frustra
1723 3939 1905 3993 Gnaei
1952 3940 2133 3995 armis
2174 3942 2532 4011 repetebant.
2584 3942 2741 3996 Inter
2789 3941 2909 3994 hinc
2948 3942 3165 3997 mirum
3217 3948 3326 4010 est,
3361 3952 3573 4015 quanto
3626 3947 3820 4002 studio

423 4039 802 4107 imperatores
824 4031 1016 4086 adnixi
1048 4027 1185 4095 sint,
1220 4035 1279 4081 ut
1303 4025 1577 4095 majestas
1609 4042 1715 4079 sua
1743 4030 1799 4079 et
1843 4029 2095 4096 potentia
2135 4029 2464 4082 veneranda
2494 4030 2725 4099 popu!is
2757 4045 2823 4082 ac
2852 4031 3130 4086 terribilis
3170 4040 3339 4101 esset,
3393 4050 3496 4089 nec
3527 4036 3710 4093 fracta
3738 4041 3828 4093 tot

425 4122 883 4189 calamitatibus,
915 4123 1017 4175 aut
1047 4115 1381 4184 imminuta,
1412 4114 1727 4168 videretur.
1771 4114 1920 4169 Hinc
1969 4114 2066 4169 ille
2096 4114 2501 4170 ministrorum
2535 4117 2700 4187 regni
2735 4132 3036 4185 numerus,
3070 4118 3209 4174 hinc
3239 4122 3621 4194 triumphalia
3650 4143 3826 4183 orna-

426 4224 619 4271 menta
649 4218 706 4267 et
736 4226 978 4283 pompae,
1014 4207 1147 4262 hinc
1177 4205 1466 4265 circenses
1499 4202 1618 4257 ludi
1650 4206 1707 4257 et
1758 4204 2085 4273 spectacula
2133 4203 2355 4259 civibus
2386 4205 2561 4274 edita,
2593 4205 2730 4260 hinc
2769 4221 3074 4262 munerum
3108 4209 3399 4267 solemnes
3433 4218 3819 4287 erogationes,

427 4310 484 4359 et
514 4304 561 4358 si
592 4318 718 4372 quas
749 4299 864 4355 alia
894 4302 992 4353 aut
1022 4293 1270 4368 principi
1303 4294 1507 4348 decora
1535 4296 1635 4347 aut
1664 4296 1900 4362 accepta
1941 4293 2132 4363 vulgo,
2182 4293 2553 4364 putabantur.
2597 4294 2690 4349 Sic
2735 4312 2867 4352 vero
2899 4300 3226 4369 temporum
3251 4317 3517 4360 successu
3550 4308 3822 4363 aerarium

427 4392 778 4447 exhaustum
829 4394 936 4453 est,
968 4389 1026 4439 et
1057 4381 1301 4437 mollitie
1350 4397 1415 4435 ac
1469 4379 1581 4436 otio
1630 4379 1981 4449 imperantes
2031 4385 2088 4436 et
2132 4381 2381 4451 subjecti
2424 4382 2867 4441 contabuerunt.
2913 4384 3037 4441 Non
3086 4388 3230 4444 adeo
3288 4394 3487 4447 tamen
3539 4393 3823 4453 virtutum

430 4478 654 4536 sterilia
684 4476 806 4530 haec
836 4471 1050 4530 saecula
1082 4471 1260 4537 fuere,
1285 4474 1351 4525 ut
1383 4485 1497 4524 non
1529 4474 1583 4523 et
1613 4468 1765 4523 bona
1783 4468 2049 4541 exempla
2078 4470 2461 4541 prodiderint,
2486 4472 2599 4528 imo
2624 4472 2815 4543 plures
2846 4476 3180 4546 Byzantium
3215 4478 3600 4553 habuit,quos
3622 4484 3822 4552 Italian,

428 4567 635 4623 studiis
666 4564 990 4619 litterarum
1025 4560 1318 4631 quondam
1351 4556 1800 4626 ﬂorentissimae,
1822 4564 1942 4611 tum
1974 4556 2072 4613 illo
2104 4557 2327 4614 lumine
2358 4560 2673 4629 destitutis,
2704 4568 3042 4633 opponeret.
3067 4569 3205 4621 Cum
3244 4568 3423 4635 enim,
3449 4587 3481 4624 a
3507 4572 3825 4628 Justiniani

429 4659 616 4719 aetate,
647 4661 798 4707 artes
831 4651 1070 4719 antiqua
1100 4647 1377 4718 religione
1410 4645 1574 4717 pauci
1608 4662 1708 4733 per
1738 4645 1961 4699 Italiam
1990 4646 2336 4714 excolerent,
2377 4649 2531 4719 quod
2577 4650 3064 4723 Barbari,quibus
3096 4659 3215 4710 tum
3251 4674 3452 4727 parere
3484 4661 3822 4733 cogebatur,

427 4744 501 4798 iis
534 4741 757 4797 animos
788 4737 1134 4802 effeminari,
1179 4752 1245 4791 ac
1290 4734 1555 4789 bellicam
1604 4732 1881 4788 virtutem
1932 4735 2205 4806 Opprimi,
2254 4737 2585 4807 credebant,
2618 4739 2834 4794 Graecia
2866 4740 3235 4815 Procopium,
3269 4748 3600 4817 Agathiam,
3633 4751 3826 4807 Theo-

430 4832 702 4905 phanem,
732 4825 1029 4901 praestanti
1060 4825 1384 4880 eruditione
1414 4824 1587 4913 viros,
1620 4821 1845 4913 extulit.
1880 4822 1981 4913 His
2012 4825 2387 4913 inonimpar
2420 4828 2526 4883 fuit
2554 4829 2771 4885 Paulus
2811 4828 3197 4905 Silentiarius,
3234 4835 3497 4907 pulchris
3529 4839 3826 4913 doctisque

432 4917 790 4975 carminibus
819 4915 1073 4981 inclitus,
1108 4928 1239 4968 cum
1270 4928 1484 4984 magna
1518 4910 1617 4966 illa
1645 4911 1882 4984 ingenia
1910 4912 2132 4968 dudum
2164 4912 2222 4969 in
2256 4914 2423 4971 Italia
2452 4917 2790 4985 cessissent,
2822 4925 2880 4975 et
2911 4921 3219 4993 strepitum
3258 4930 3556 4994 poetarum
3590 4910 3823 4986 Latino-

431 5023 561 5065 rum
590 5007 684 5061 vix
714 5022 777 5061 ea
806 5010 1087 5075 tempora,
1139 5000 1358 5091 quibus
1411 5000 1738 5091 prodibant,
1785 5002 1933 5056 ferre
1979 5007 2239 5073 possent.
2274 5004 2405 5073 Sed,
2442 5014 2501 5060 ut
2531 5007 2601 5061 ad
2654 5008 2887 5078 propria
2936 5011 3261 5080 veniamus,
3298 5016 3429 5084 quis
3461 5015 3685 5083 Photio,
3722 5021 3824 5091 qui

431 5096 626 5153 Basilii
651 5092 980 5149 Macedonis
1010 5093 1239 5146 aetatem
1262 5088 1599 5158 illustravit,
1633 5090 1766 5159 quis
1796 5091 2062 5146 omnium
2096 5093 2426 5165 principum
2472 5094 2667 5162 Leoni,
2702 5097 2793 5151 cui
2842 5096 3106 5154 doctrina
3137 5106 3192 5156 et
3223 5110 3500 5172 paternus
3529 5106 3589 5161 in
3622 5088 3822 5165 Musas

432 5189 663 5242 animus
692 5182 981 5255 Sapientis
1011 5196 1329 5251 cognomen
1363 5179 1757 5250 addidit,jure
1781 5187 1979 5251 posset
2000 5182 2382 5254 aequiparari?
2410 5184 2475 5238 ln
2507 5183 2594 5253 [L.
2626 5185 2774 5256 XIV]
2806 5189 2931 5257 ejus
2961 5189 3194 5258 quidem
3228 5193 3432 5251 edictis
3464 5194 3823 5257 declamato-

432 5279 582 5334 rium
621 5276 811 5348 potius
841 5272 1069 5328 dicendi
1100 5288 1303 5341 genus,
1336 5288 1511 5344 quam
1544 5270 1643 5326 illa
1677 5272 1929 5342 gravitas
1960 5277 2017 5327 et
2048 5275 2320 5345 majestas
2352 5275 2651 5345 orationis,
2684 5292 2804 5346 quas
2835 5279 3089 5349 antiquis
3120 5279 3295 5350 inest,
3327 5287 3819 5358 deprehenditur:

433 5369 533 5423 sed
567 5369 682 5423 haec
713 5367 949 5422 fortasse
980 5375 1306 5453 temporum
1325 5362 1516 5433 culpa,
1541 5367 1598 5417 et
1614 5362 1777 5433 quasi
1801 5364 2011 5434 genius
2035 5366 2272 5435 quidam
2299 5366 2425 5421 fuit.
2449 5367 2834 5422 Constantino
2857 5368 3422 5445 Porphyrogenneto,
3448 5377 3655 5434 Leonis
3679 5381 3825 5453 filio,

433 5462 733 5526 acceptum
764 5454 1020 5520 ferimus,
1052 5452 1201 5522 quod
1235 5457 1462 5509 vetusta
1502 5453 1777 5508 memoria
1817 5469 1929 5509 non
1969 5454 2140 5527 plane
2180 5456 2484 5526 interierit,
2521 5472 2656 5513 cum
2702 5457 2931 5513 Diodori
2978 5458 3177 5529 Siculi,
3210 5461 3410 5519 Dionis
3450 5464 3647 5533 Cassii,
3682 5452 3825 5526 alio;

430 5562 583 5613 rum,
616 5546 1013 5613 monumenta,
1040 5541 1254 5598 litteris
1283 5543 1517 5610 tradita,
1552 5559 1619 5597 ex
1650 5542 1749 5597 illa
1780 5544 2045 5601 Palatina
2073 5545 2429 5603 bibliotheca
2460 5547 2519 5601 in
2552 5548 2742 5605 lucem
2773 5556 3071 5618 utcunque
3101 5551 3425 5622 protulerit,
3471 5554 3740 5629 princeps
3774 5566 3829 5615 et

429 5641 555 5711 ipse
585 5636 807 5708 egregie
836 5638 1042 5694 doctus
1073 5639 1131 5691 et
1160 5636 1523 5692 eruditorum
1577 5635 1765 5692 cultor
1810 5645 1863 5692 et
1906 5638 2153 5696 antistes
2184 5638 2494 5696 maximus.
2541 5639 2651 5699 Sed
2700 5642 2772 5698 de
2802 5639 3165 5697 Constantini
3211 5641 3439 5714 scriptis
3467 5647 3527 5700 et
3557 5644 3615 5702 in
3648 5648 3831 5708 bonas
