4234 6316
516 394 593 455 59
1660 393 1717 453 J.
1768 390 1853 451 H.
1902 387 2158 449 LECHII
2202 389 2783 454 COMMENTATIO
3837 396 3921 456 60

516 548 549 586 a
606 529 914 601 Polyeucto
974 508 1329 599 patriarcha,
1376 543 1491 583 non
1549 526 1734 582 multo
1778 527 1927 596 post,
1969 521 2152 579 sacris
2183 524 2237 591 Α
2271 529 2524 582 mentem
2556 536 2833 596 cerneret,
2867 533 2925 583 ut
2957 525 3061 597 qui
3084 529 3259 583 tantae
3281 526 3622 599 dignitatem
3649 529 3922 598 majesta-

519 616 813 691 diptychis
871 617 1235 690 adscriptum
1284 633 1429 685 esse,
1487 616 1723 688 plurimi
1780 615 2156 686 indignaren-

520 714 618 765 tur
646 709 780 779 (45).

592 797 656 854 ν.
689 796 825 852 Post
872 811 1049 851 annos
1097 795 1414 851 admodum
1446 793 1800 865 quindecim,
1835 808 2007 865 quam
2040 791 2161 863 pri-

524 902 685 942 mum
705 886 1017 957 imperium
1038 884 1223 939 adorti
1248 887 1433 952 erant,
1464 883 1698 955 Bulgari
1728 898 1931 938 rursus
1962 896 2157 953 pacem

523 990 752 1045 exuere,
786 989 885 1029 seu
917 972 1294 1028 assuetudine
1336 972 1544 1043 gentis,
1597 989 1724 1043 quas
1771 972 2029 1035 secunda
2060 970 2157 1025 ad-

521 1079 719 1120 versus
747 1062 1151 1132 circumjectas
1184 1062 1455 1117 nationes
1496 1060 1648 1117 bella
1677 1060 1961 1117 hactenus
1988 1074 2157 1114 exer—

520 1156 738 1219 cuerat,
799 1167 901 1206 seu
953 1151 1109 1221 quod
1161 1149 1418 1206 claustra
1466 1150 1645 1205 maris
1702 1166 1770 1205 ac
1825 1153 1991 1204 terres
2046 1146 2158 1203 levi

516 1242 787 1315 praesidio
845 1244 1126 1297 adversus
1194 1241 1589 1301 validissimos
1659 1239 1941 1296 exercitus
1992 1243 2160 1309 septa

513 1336 729 1389 essent.
768 1333 877 1386 An.
911 1330 1038 1387 929.
1089 1332 1237 1386 Tum
1288 1331 1645 1400 praetorianae
1698 1330 1961 1385 cohortes
1993 1344 2160 1384 arma

518 1420 713 1477 subito
770 1424 1069 1490 ceperunt,
1128 1420 1384 1477 infausto
1457 1422 1686 1484 eventu,
1763 1433 1893 1472 cum
1966 1417 2159 1472 acrius

512 1525 689 1581 quam
719 1508 1106 1577 constantius,
1149 1507 1411 1579 praelium
1455 1507 1693 1562 inirent.
1738 1506 1930 1562 Classe
1981 1504 2156 1561 etiam

514 1599 810 1654 vindicare
831 1597 1012 1654 maria
1048 1597 1260 1661 visum,
1284 1612 1432 1667 quae,
1467 1597 1681 1650 ducum
1713 1595 2029 1666 imperitia,
2061 1600 2158 1649 aut

519 1690 781 1761 dispersa
820 1694 929 1757 est,
961 1695 1057 1742 aut
1084 1687 1143 1742 in
1180 1689 1378 1758 fugam
1413 1688 1689 1757 conjecta.
1714 1688 2012 1741 Auxerunt
2042 1690 2157 1739 ter-

516 1793 701 1833 rorem
734 1783 1008 1848 ngrestes,
1042 1792 1175 1831 cum
1218 1776 1399 1846 portis
1430 1775 1594 1831 urbis
1614 1775 1959 1843 incidentes,
1983 1774 2159 1841 Pega-

518 1882 648 1921 rum
675 1870 731 1921 et
766 1866 1082 1920 Theodoras
1109 1863 1345 1934 palatia,
1376 1864 1757 1933 Stenumque,
1787 1862 1990 1917 hostili
2022 1862 2157 1932 igne

518 1971 785 2025 accensa,
821 1953 1019 2025 procul
1061 1954 1285 2008 fumare
1327 1952 1683 2011 nuntiarent.
1730 1950 1995 2006 Pericula
2024 1950 2157 2004 ulti-

517 2060 615 2100 ma
642 2044 855 2099 audere
884 2046 941 2098 et
969 2041 1213 2112 experiri
1244 2041 1483 2096 tandem
1505 2041 1714 2109 jussus
1745 2044 1835 2095 est
1863 2038 2157 2106 Sactitius,

499 2148 685 2205 quem
722 2133 983 2205 palantes
1032 2130 1226 2202 cupias
1281 2147 1394 2187 non
1453 2129 1754 2184 instrenuo
1790 2144 2157 2201 aggressum,

517 2237 632 2277 uno
663 2222 900 2277 vulnere
957 2219 1195 2276 Barbari
1257 2219 1317 2273 in
1376 2225 1619 2274 mortem
1679 2218 1940 2277 etfacere.
1981 2218 2161 2288 Cujus

518 2316 683 2383 gesta
712 2310 885 2365 multi
917 2325 1053 2366 cum
1084 2308 1402 2380 attigerint,
1426 2308 1485 2363 in
1516 2323 1583 2364 eo
1611 2306 2009 2376 consentiunt,
2045 2323 2161 2363 ma-

518 2416 635 2470 gna
664 2402 723 2455 in
756 2399 883 2469 ipso
931 2396 1191 2463 virtutis,
1241 2412 1457 2467 magna
1507 2395 1646 2451 belli
1692 2396 1905 2453 decora
1954 2396 2157 2461 fuisse,

519 2487 735 2559 quibus
766 2503 889 2541 rem
923 2484 1215 2556 publicam
1246 2484 1306 2538 in
1341 2482 1544 2554 paucis
1577 2482 1980 2543 sustinuisset.
2007 2482 2164 2541 Inter

519 2578 643 2633 haec
695 2592 794 2631 rex
826 2576 1228 2645 Bulgarorum,
1278 2576 1335 2627 et
1380 2572 1548 2626 ducis
1588 2574 1646 2625 et
1674 2570 1925 2642 gregarii
1958 2570 2163 2627 militis

520 2665 715 2722 officia
746 2664 970 2731 obiens,
1001 2660 1462 2733 Andrianopolin
1508 2676 1643 2716 cum
1674 2659 1928 2715 exercitu
1960 2658 2162 2724 movit,

520 2773 731 2813 corona
770 2754 1209 2820 circumdatam,
1242 2760 1553 2824 postquam
1585 2767 1818 2807 annona
1847 2751 2161 2819 defecerat,

521 2847 692 2917 cepit,
726 2846 950 2916 captivo
982 2843 1139 2908 duci,
1168 2841 1452 2913 quidquid
1475 2843 1896 2896 tormentorum
1923 2839 2163 2910 reperiri

522 2936 729 3007 potuit,
753 2934 1010 2990 adhiberi
1044 2931 1247 3003 jussit.
1281 2930 1422 2984 Inde
1450 2928 1694 2984 victoria
1720 2929 1872 2983 haud
1906 2929 2165 2999 segniter

523 3042 685 3091 usus,
717 3023 964 3079 Thracia
992 3025 1049 3078 et
1097 3019 1433 3077 Macedonia
1462 3018 1608 3074 ferro
1639 3018 1886 3089 igneque
1915 3022 2161 3083 vastata,

520 3114 717 3169 sedem
746 3110 971 3182 imperii
1025 3115 1081 3165 et
1124 3113 1321 3180 caput,
1369 3106 1706 3179 Byzantium
1740 3105 1943 3177 petiit;
1978 3114 2034 3161 at
2065 3123 2162 3163 ca-

521 3204 657 3259 stris
688 3201 918 3275 positis,
948 3215 1112 3255 versa
1164 3200 1232 3253 ad
1284 3214 1483 3269 pacem
1529 3196 1903 3267 cogitatione,
1936 3204 1996 3250 ut
2048 3195 2159 3251 sibi

2263 612 2357 679 tis,
2415 632 2546 671 raro
2605 632 2673 674 ea
2734 619 3098 687 tempestate,
3160 622 3215 671 et
3270 631 3340 672 ex
3385 621 3580 675 vetere
3629 618 3914 674 memoria

2262 705 2546 774 exemplo,
2578 722 2676 762 ore
2725 710 2963 777 totoque
3024 704 3227 761 habitu
3286 706 3589 776 proderet;
3634 708 3757 776 jam
3795 715 3917 763 tum

2263 793 2617 865 prmeagiens
2646 795 2865 861 animo,
2900 795 3017 850 fore
3050 802 3111 849 ut
3142 811 3255 865 pax
3280 794 3669 852 affinitatibus
3700 812 3915 853 connu-

2264 880 2492 937 biorum
2551 884 2906 943 ﬁrmaretur.
2967 882 3206 954 Aliquot
3261 882 3432 941 annis
3493 888 3646 954 post,
3680 884 3912 942 Simeon

2263 971 2569 1042 Bulgarus,
2621 974 2824 1029 morbo
2874 974 3222 1039 exstinctus,
3275 972 3441 1029 Petro
3490 973 3610 1029 ﬁlio
3662 990 3911 1045 regnum

2266 1064 2609 1118 testamento
2642 1061 2916 1134 relinquit
2946 1063 3082 1133 (47),
3110 1061 3233 1132 qui,
3267 1061 3400 1117 licet
3424 1063 3551 1132 jam
3599 1063 3914 1120 exercitum

2262 1148 2322 1203 in
2357 1150 2579 1205 Graecos
2628 1156 2931 1217 armasset,
2967 1167 3100 1207 cum
3143 1150 3334 1219 Turci,
3365 1150 3570 1218 Servii,
3620 1152 3914 1221 Chrobati,

2261 1237 2472 1294 valida)
2502 1241 2788 1305 nationes,
2823 1240 2935 1295 sibi
2966 1239 3362 1308 imminerent,
3397 1257 3749 1312 summaque
3770 1259 3912 1313 prm-

2262 1331 2423 1383 terea
2482 1327 2691 1384 caritas
2747 1344 2992 1385 annona
3040 1326 3346 1396 incideret,
3396 1326 3620 1399 legatos
3673 1330 3745 1384 de
3778 1346 3916 1401 pace

2260 1415 2665 1484 instauranda,
2731 1418 2802 1474 ad
2858 1422 3194 1474 Romanum
3245 1416 3426 1486 misit,
3483 1421 3663 1488 utque
3703 1418 3905 1487 Maria,

2261 1504 2665 1577 Christophori
2691 1507 2931 1565 Caesaris
2964 1507 3104 1573 tilia,
3146 1507 3204 1565 in
3237 1523 3449 1567 manus
3494 1507 3601 1567 sibi
3637 1508 3914 1569 conveni-

2262 1599 2369 1662 ret,
2404 1596 2642 1666 rogavit.
2665 1597 2772 1652 An.
2797 1596 2923 1651 942.
2944 1598 3085 1659 Tum
3118 1612 3253 1667 spes
3284 1596 3513 1666 objecta
3541 1601 3633 1652 est
3657 1598 3909 1654 Christo-

2263 1684 2441 1755 phoro
2472 1686 2715 1740 secundi
2750 1703 2782 1739 a
2815 1689 2978 1754 patre
3008 1684 3143 1754 loci,
3170 1684 3720 1757 Porphyrogenneto
3747 1687 3913 1757 quid-

2262 1773 2396 1844 quid
2428 1790 2497 1829 ex
2528 1773 2681 1829 avita
2726 1776 3032 1845 majestate
3080 1779 3382 1845 supererat
3408 1775 3751 1847 ademptum
3786 1777 3911 1846 (48).

2268 1864 2397 1917 Haec
2434 1862 2593 1918 domi
2624 1863 2743 1919 fere
2792 1879 2859 1919 ea
2907 1868 3071 1919 natale
3119 1868 3281 1935 gesta
3324 1868 3482 1920 sunt.
3536 1864 3713 1921 Paulo
3744 1870 3916 1921 antea

2268 1951 2556 2018 Melitene,
2588 1956 2757 2007 vetus
2788 1967 2855 2008 ac
2885 1952 3098 2008 nobilis
3128 1954 3198 2008 ad
3232 1952 3580 2022 Euphratem
3616 1955 3777 2020 urbs,
3808 1956 3912 2010 Ar-

2269 2039 2474 2098 meniae
2548 2041 2821 2100 secundae
2868 2058 2899 2096 a
2949 2040 3281 2099 Justiniano
3331 2040 3645 2112 assignato,
3689 2049 3917 2114 recepta

2270 2134 2359 2188 est
2390 2130 2527 2201 (49).
2572 2130 2682 2185 Diu
2740 2131 3067 2201 subjectum
3128 2130 3437 2189 Saracenis
3494 2132 3920 2189 Constantinus

2270 2222 2671 2290 Copronymus
2701 2218 2842 2277 olim
2884 2222 3288 2289 occupaverat,
3321 2218 3381 2274 in
3414 2219 3691 2289 obsequio
3724 2225 3919 2277 tenere

2270 2323 2385 2365 non
2418 2311 2683 2379 potuerat
2712 2309 2843 2379 (50).
2887 2309 3141 2367 Joannes
3172 2310 3448 2372 Curouas,
3479 2308 3782 2378 praefectus
3816 2309 3918 2364 mi-

2270 2394 2463 2461 litum,
2497 2397 2599 2466 qui
2632 2413 2731 2466 per
2763 2396 2988 2467 Syriam
3021 2396 3234 2459 stativa
3274 2395 3587 2463 habebant,
3616 2396 3919 2463 obsidione

2274 2484 2449 2554 longa
2477 2495 2535 2538 et
2584 2483 2806 2543 difﬁcili
2838 2485 3113 2549 cinctam,
3158 2484 3217 2538 in
3266 2484 3545 2541 ditionem
3591 2484 3833 2555 redegit,
3866 2490 3923 2541 et

2274 2576 2473 2642 postea
2529 2570 2745 2629 civium
2794 2571 3005 2627 auxilio
3044 2571 3311 2631 ﬁnitimis
3361 2572 3637 2644 gentibus
3685 2574 3920 2641 attritis,

2274 2660 2530 2731 pradam
2565 2660 2879 2732 insignem,
2911 2663 3188 2731 captivos,
3241 2660 3494 2733 bellique
3543 2662 3786 2719 confecti
3837 2664 3917 2718 fa-

2274 2752 2431 2805 ma'm
2465 2751 2703 2807 domum
2736 2750 3072 2821 reportavit.
3106 2750 3318 2809 Urbem
3361 2755 3417 2807 et
3465 2751 3749 2822 quidquid
3785 2752 3916 2807 fini-

2272 2838 2403 2895 timi
2435 2840 2560 2910 agri
2619 2843 2729 2906 est,
2784 2839 2842 2894 in
2902 2840 3278 2910 provinciam,
3332 2857 3510 2909 quam
3572 2840 3916 2897 Curatoriam

2272 2930 2572 2995 vocarunt,
2606 2925 2925 2998 imperator
2956 2926 3264 2997 descripsit
3297 2928 3428 2995 (51).

2345 3016 2440 3073 VI.
2471 3015 2592 3071 Sub
2625 3015 2779 3073 idem
2828 3016 2942 3072 fere
2990 3020 3226 3090 tempus
3284 3016 3438 3073 bella
3488 3016 3741 3087 plurima
3774 3016 3923 3073 ﬁnes

2272 3104 2504 3177 imperii
2537 3109 2882 3160 terruerunt.
2918 3105 3062 3160 Nam
3112 3110 3169 3161 et
3209 3104 3456 3177 Scythae,
3490 3105 3797 3176 Strymone
3829 3122 3924 3161 su-

2275 3199 2497 3268 perato,
2528 3193 2857 3265 Nicopolin,
2878 3193 3134 3249 validam
3164 3195 3390 3263 urbem,
3413 3193 3659 3265 Augusti
3685 3196 3921 3251 victoria

520 3310 649 3351 cum
683 3260 942 3355 immane
973 3288 1219 3359 colloqui
1251 3260 1471 3359 liceret,
1504 3260 1688 3341 oravit
1717 3284 1853 3357 (46).
1888 3260 2158 3343 Admira-
2190 3260 2233 3328 C
2273 3260 2549 3351 nobilem,
2600 3260 2983 3355 occuparunt,
3016 3291 3069 3338 et
3108 3283 3299 3351 Turci,
3334 3260 3433 3354 qui
3466 3260 3534 3337 et
3552 3282 3688 3355 Ugri
3717 3282 3854 3352 (52),
3887 3299 3922 3338 a

515 3383 597 3439 tio
629 3380 809 3436 subiit
852 3378 1157 3448 utriusque
1204 3376 1490 3437 exercitus
1542 3373 1811 3443 militem,
1854 3390 1987 3430 cum
2019 3374 2157 3435 hinc
2267 3372 2657 3446 septentrione
2682 3370 3385 3444 Thraciam-Byzantium
3416 3387 3623 3441 usque,
3660 3373 3922 3426 incursa-

517 3470 789 3526 ferociam
821 3465 1076 3539 Bulgari,
1104 3465 1241 3519 inde
1284 3480 1399 3520 non
1452 3462 1761 3521 infractam
1800 3462 2156 3533 imperatoris
2266 3469 2402 3520 runt
2436 3477 2449 3519 :
2488 3460 2593 3515 hos
2637 3459 3018 3530 Theophanes
3070 3460 3343 3529 patricius
3374 3459 3667 3532 prosperis
3699 3458 3909 3530 praeliis

2110 3562 2340 3618 NOTAE.

519 3664 697 3722 σιλεία
743 3668 849 3736 τῶν
892 3663 1191 3736 θεοστεφῶν
1236 3656 1510 3736 Βασιλίς-ων
1560 3659 1720 3736 intimi
1750 3655 2039 3736 Baotlatoo
2068 3655 2159 3736 ξιᾳὶ
2270 3663 2387 3736 tus:

518 3734 924 3797 Κωνσταντίνου
957 3724 1163 3807 συνῆψε
1190 3731 1280 3787 καὶ
1313 3724 1614 3807 συνήνῳσενξ
1638 3731 1697 3807 E_
1719 3731 1928 3807 quibus
1971 3729 2161 3807 verbis

2285 3727 2683 3807 “(_50)Zonar.
2750 3724 2959 3782 Annal.
3010 3728 3049 3780 t.
3106 3725 3175 3790 It,
3218 3741 3276 3797 p.
3338 3726 3459 3783 108.
3520 3728 3815 3784 Cedrenus
3863 3744 3920 3800 p.

518 3814 696 3869 etiam
728 3812 836 3866 hoc
885 3800 1192 3876 colligitur,
1226 3807 1429 3860 turbae
1480 3803 1627 3859 inter
1659 3802 2075 3876 Euthymianos
2107 3804 2163 3857 et
2273 3800 2399 3876 463“.

518 3868 831 3939 Nicolaitas
864 3868 1124 3934 nondum
1148 3868 1255 3935 hac
1284 3880 1449 3931 aetate
1479 3868 2160 3944 compositas,autnovas
2340 3870 2453 3944 (51)
2488 3869 2592 3944 Leo
2632 3870 2953 3924 Grammat.
2989 3886 3050 3944 p.
3099 3869 3230 3944 504.
3277 3868 3503 3924 Contin.
3553 3870 3813 3944 Theoph.
3858 3887 3915 3942 p.

522 3956 715 4026 potius
748 3954 817 4006 de
854 3952 1077 4026 quartis
1109 3946 1328 4016 nuptiis
1352 3951 1507 4002 ortas
1528 3961 1675 4026 esse.
1701 3945 2162 4026 Quodpraeterea

522 4014 815 4081 Cedrenus
845 4014 1111 4084 testatur,
1146 4014 1533 4087 magnamque
1565 4014 1778 4087 Nicolai
1806 4014 2160 4087 _Chrysoper-

524 4098 600 4169 gii
622 4096 711 4169 in
748 4090 1102 4169 stabilienda
1136 4083 1455 4169 concordia
1492 4100 1709 4166 curam.
1740 4083 1942 4169 fuisse,
1975 4086 2164 4169 prod‘it

524 4154 580 4241 ᾗ.
613 4166 733 4241 702ᾲ
748 4165 808 4220 Β.
842 4165 1123 4241 Caterum
1162 4161 1230 4241 .in
1274 4156 1669 4241 matrimoniis
1696 4154 1971 4241 ineundis
2002 4154 2164 4241 nulla

523 4224 668 4310 gens
697 4238 892 4292 Graica
921 4231 1241 4310 religiosior
1270 4229 1401 4310 fuit,
1427 4232 1490 4310 ut
1517 4243 1589 4310 ea
1620 4224 1865 4310 Μαμὴωί
1900 4224 2163 4310 monachi

523 4296 735 4374 ῧυωει.
770 4296 1099 4362 ωδιιυίωοῖι.
1134 4304 1398 4372 apparet,
1429 4303 1486 4355 et
1514 4298 1731 4357 illustri
1749 4296 2015 4368 exemplo
2040 4312 2166 4367 pro-

525 4385 628 4438 bat
657 4379 954 4449 Cedrenus
986 4394 1038 4443 p.
1069 4374 1196 4449 6_49_.
1347 4441 1381 4449 __
1519 4441 1552 4449 η
1680 4439 1691 4449 ,
1879 4437 1890 4449 ,
1946 4442 1955 4449 _
2038 4438 2047 4448 _

622 4452 710 4521 45)
740 4452 786 4505 A
816 4447 942 4503 Vita
964 4438 1040 4521 _B.
1091 4441 1388 4521 golyeucti
1434 4458 1464 4501 θ
1513 4439 1728 4521 ρεξοὶε
1784 4438 2165 4511 scriptoribus

530 4512 771 4579 collecta
801 4523 924 4575 Act.
958 4518 1057 4574 SS.
1090 4512 1257 4573 Febr.
1289 4520 1332 4570 t.
1366 4514 1414 4576 Ι,
1445 4530 1501 4582 p.
1532 4512 1659 4565 707.

600 4595 711 4664 (46)
743 4593 860 4664 Leo
900 4590 1222 4646 Grammat.
1269 4603 1331 4664 _p.
1382 4580 1786 4664 498.MConti_n.
1815 4580 2160 4664 _Theophan.

533 4652 746 4736 p.248.
806 4663 1043 4736 Simeon
1088 4652 1323 4736 hoaoth.
1376 4654 1851 4736 p._483,nc§ter_i.
1910 4652 2174 4736 Meminit

530 4723 705 4791 etiam
743 4734 1033 4789 Theodos.
1068 4723 1459 4788 Kioviensfad
1492 4745 1587 4789 an.
1619 4727 1746 4795 929,
1780 4724 2066 4799 Sigebert.
2101 4723 2172 4779 ad

531 4824 626 4862 an.
666 4808 793 4861 926.

601 4879 713 4961 (47)
748 4878 929 4961 Quem
964 4891 1032 4961 ex
1059 4874 1242 4961 altera
1274 4888 1451 4961 uxore
1467 4876 1843 4961 susceperat,
1858 4865 2173 4961 Mylasis:

574 4939 718 5005 rimo
751 4939 875 5003 loco
908 4953 1065 5015 nato,
1097 4946 1211 5003 ritu
1254 4939 1673 4999 monachorum
1716 4948 1904 4998 tonso.
1939 4939 2175 4995 Simeon

583 5021 778 5077 ogotb.
816 5037 869 5077 ι).
902 5019 991 5073 46.
1960 5022 1970 5033 ·

607 5037 991 5166 (ἷὲξῃὺιξὶέἒῗί
1022 5087 1239 5145 scilicet
1276 5085 1356 5166 _id.
1393 5099 1533 5166 rege.
1570 5084 1856 5166 genteque
1890 5078 2175 5166 sua‘indi-

532 5151 714 5236 gnhm
752 5151 1104 5236 judicantes,
1141 5159 1295 5229 quod
1323 5158 1403 5236 _in
1454 5151 1808 5236 Solemnibus
1851 5151 2175 5236 populatae-

532 5222 1008 5301 clamationibus,
1041 5222 1418 5289 Constantino
1458 5226 1737 5301 primum,
1771 5222 1981 5301 d_einde
2007 5222 2175 5301 Chrif

533 5309 813 5379 stophoro
872 5295 1059 5379 honos
1120 5295 1476 5379 haberetur;
1510 5297 1677 5379 facile
1726 5312 1759 5351 a
1789 5295 2075 5379 Romano,
2110 5297 2177 5355 ut

535 5371 783 5434 mutatio
817 5376 994 5447 prisci
1026 5374 1199 5447 moris
1233 5374 1413 5447 ﬁeret,
1448 5371 1852 5447 impetrarunt:

607 5433 718 5519 (49)
748 5433 1052 5519 Ἐέτίσημον
1110 5444 1198 5499 καὶ
1259 5433 1597 5519 ἐξακὸυστόγ,
1638 5437 1727 5493 καὶ
1784 5433 2175 5519 πᾲνυῃόχυρρν

536 5507 625 5571 xui
693 5507 1200 5588 δυνατὸν”χάστρον
1256 5507 1384 5588 ᾖξ’ῆςΔ
1429 5507 1623 5584 Συρίάς
1690 5516 1855 5588 vocat
1876 5507 2173 5588 __'I_‘_h_e’0_ph.

537 5592 769 5645 Contin.
805 5608 860 5661 p.
892 5592 1016 5646 257.
1056 5579 1555 5661 Cont‘._Pagiusad
1591 5600 1684 5661 an.
1717 5582 1842 5635 937.
1876 5580 2024 5661 VI|_I_.
2062 5579 2177 5661 No-

537 5668 635 5716 tus
691 5650 1077 5718 est‘Acacius
1132 5650 1527 5733 Meletiuensis
1585 5654 1927 5733 episoo_pus,_
1966 5650 2171 5733 Neam.

538 5734 722 5791 rianis
797 5734 1269 5795 contentionibus
1347 5729 1552 5802 quinto
1620 5722 1830 5785 saeculo
1916 5722 2173 5794 implici-

2266 3941 2392 3997 258.
2437 3941 2607 3995 Dicta
2654 3945 2742 3994 est
2798 3943 3089 3995 Curatoria
3121 3958 3154 3996 a
3200 3943 3484 4005 Curatore,
3536 3943 3634 4011 qui
3684 3941 3919 4010 tributa,

2270 4029 2372 4083 per
2412 4028 2556 4083 eam
2615 4011 2967 4078 provinciam
3038 4011 3299 4083 collecta,
3361 4012 3559 4083 aerario
3617 4014 3922 4083 principis,

2273 4080 2427 4153 quod
2460 4090 2513 4135 et
2544 4082 2734 4150 ipsum
2776 4080 3133 4153 Κουρατωρεα
3182 4088 3439 4149 vocatur,
3472 4080 3775 4153 inferebat.
3808 4080 3923 4138 Hoc

2271 4150 2338 4210 ex
2370 4152 2639 4224 Simeone
2693 4150 3009 4224 Logotheta
3048 4150 3110 4221 'p.
3164 4154 3267 4224 487
3313 4153 3518 4224 colligo
3554 4169 3567 4224 ;
3603 4150 3921 4222 Μελιτηνὴν

2274 4219 2691 4299 ξίουρατωρεέαν
2728 4219 2953 4299 ξτῖᾳίησε
2984 4224 3010 4299 ῥ
3045 4219 3322 4299 βαᾳιλεὺς,
3358 4219 3690 4299 ξιαὶήτξᾳλλάς
3737 4219 3927 4299 χιλιά-

2275 4291 2632 4369 δαξχρυάρῦ
2670 4293 2761 4369 κᾉαὶ
2802 4291 3062 4369 ἀργυρίοὺ
3114 4291 3318 4350 ἐκεῖθεν
3367 4291 3635 4362 λαμϐάνει
3667 4291 3921 4364 ἐτήὶτίως.

2273 4367 2529 4437 Congius
2562 4367 2618 4420 in
2649 4367 2904 4424 Glossar'.
2944 4367 3014 4421 h.
3067 4385 3119 4421 ν.
3162 4372 3338 4422 Annae
3393 4369 3697 4423 Comnenze
3730 4369 3923 4424 locum

2277 4439 2529 4511 Alexiad.
2584 4438 2621 4493 Ι.
2675 4454 2790 4511 vn,
2824 4455 2881 4509 p.
2921 4439 3044 4507 205,
3100 4439 3358 4509 corrigit,
3390 4445 3446 4494 et
3476 4457 3577 4509 pro
3610 4437 3923 4511 Μιτυλίνης

2192 4516 2238 4589 1)
2269 4507 2587 4591 ῌελιπξήνης
2619 4507 2904 4591 rescribit,
2940 4512 2995 4564 in
3031 4528 3143 4591 quo
3177 4507 3370 4591 ips—um
3408 4507 3555 4591 ratio
3600 4512 3767 4581 fugit.
3801 4507 3911 4566 Re-

2283 4583 2393 4638 fert
2425 4585 2694 4653 Augusta,
2726 4582 3041 4653 Tzacham,
3076 4582 3249 4636 classi
3284 4582 3636 4651 praefectum,
3671 4599 3918 4653 occupa-

2284 4656 2356 4709 tis
2412 4651 2793 4724 Clazomenis,
2834 4655 2915 4724 rin
2971 4653 3327 4708 Phocensem
3396 4669 3601 4724 agrum
3662 4651 3926 4721 solvisse,

2282 4740 2538 4795 cumque
2569 4724 2669 4778 diu
2703 4723 2762 4778 in
2786 4723 3098 4795 (obsidione
3131 4723 3480 4791 Methymna:
3510 4724 3791 4786 haesisset,
3826 4723 3929 4778 Mi-

2284 4794 2644 4864 tylenensem
2674 4794 2971 4866 regionem
3005 4796 3063 4849 in
3097 4796 3377 4849 ditionem
3412 4795 3929 4866 redegisse.Unde,

2286 4869 2380 4938 qui
2412 4866 2667 4938 locorum
2703 4864 2882 4921 situm
2929 4871 2985 4921 et
3041 4864 3641 4937 circumscriptionem
3694 4873 3931 4935 norunt,

2287 4937 2450 4993 facile
2480 4937 2828 5009 intelligent,
2856 4954 2981 4993 eam
3016 4938 3085 4991 de
3119 4938 3407 5009 Mitylene,
3432 4943 3715 5009 vetereac
3749 4940 3931 4994 nobili

2290 5011 2449 5083 urbe,
2486 5009 2666 5083 loqui,
2690 5008 2866 5078 cujus
2911 5024 3122 5064 nomen
3176 5008 3455 5064 universae
3496 5008 3698 5063 insulas
3730 5016 3932 5083 postea

2285 5082 2573 5137 tributum
2608 5081 2853 5135 videtur.

2357 5152 2470 5224 (52)
2504 5152 2711 5211 Indict.
2748 5152 2864 5214 VII.
2899 5167 2978 5205 m.
3003 5149 3203 5224 Aprili,
3237 5167 3338 5224 seu
3370 5153 3436 5224 Α.
3465 5152 3531 5224 ΫΟ.
3556 5151 3934 5224 934._Turcos

2286 5221 2403 5278 fere
2464 5230 2670 5277 vocant
2727 5221 3191 5344 scriptoremqui
3247 5223 3417 5277 hodie
3455 5222 3711 5293 Hungari
3770 5228 3931 5279 sunt.

2288 5296 2490 5344 Zonar.
2525 5310 2582 5344 ι).
2618 5294 2740 5344 476.
2794 5295 3031 5344 Τοῦοκοι
3084 5313 3110 5344 o
3179 5292 3303 5344 πεοί
3352 5293 3444 5344 τὸν
3488 5293 3719 5344 Ἶστοον.
3753 5293 3806 5344 o't
3841 5293 3931 5344 καὶ

2287 5296 2490 5368 Zonar.
2525 5310 2582 5366 p.
2618 5294 2740 5368 "_6.
2794 5292 3031 5368 Toﬁpxot
3084 5292 3135 5345 οἱ
3179 5292 3444 5368 περλίηξςὸν
3488 5292 3719 5368 ’μίστρο-ν,
3753 5293 3806 5345 οἱ
3841 5293 3932 5368 καὶ

2287 5362 2559 5441 Οὕγγαρᾴι
2595 5362 2920 5441 καλοῦντα).
2958 5367 3113 5420 Idem
3166 5382 3223 5441 p_.
3249 5362 3379 5441 :255
3408 5367 3475 5420 de
3506 5362 3731 5432 Turcis,
3765 5366 3929 5441 regni

2284 5436 2609 5494 Saracenici
2656 5437 3041 5501 eversoribus,
3085 5436 3309 5501 scribit,
3362 5452 3459 5492 eos
3509 5436 3933 5506 septentriona-

2285 5509 2397 5563 lem
2462 5512 2690 5579 plagam
2750 5508 2823 5563 ad
2890 5509 3214 5579 Caucasum
3272 5514 3553 5579 montem_
3588 5506 3926 5579 incoluisse.

2287 5576 2477 5635 Multa
2498 5576 2588 5635 de”
2613 5580 2685 5633 iis
2733 5579 3152 5633 Constantinus
3206 5578 3350 5634 libro
3383 5581 3459 5640 De
3487 5576 3926 5633 administrando

2286 5652 2421 5721 imp.
2455 5651 2630 5705 variis
2662 5650 2801 5705 locis
2834 5652 3122 5705 observat.
