4234 6316
299 323 379 381 61

918 309 1022 369 DE
1063 309 1247 371 VITA
1289 310 1389 371 ET
1433 309 1686 380 ΗΕΒΠὸ
1731 305 2006 378 GESTIS
2049 306 2580 381 CONSTANTINI
2627 314 3127 377 PORPHYROG.

3654 322 3734 390 62

303 451 567 524 subegit,
599 452 659 508 οι
688 445 970 520 captivos,
1003 458 1252 514 quorum
1273 443 1479 515 ingens
1510 458 1788 504 numerus
1818 449 1960 510 erat,
1993 444 2053 518 Α
2083 441 2174 514 gis
2204 448 2261 501 et
2289 443 2613 508 latronibus
2649 450 2951 510 statutum.
3001 447 3194 522 Turci,
3233 463 3366 508 cum
3397 448 3607 510 iterum
3640 466 3733 508 res

304 541 544 614 recepit.
576 545 725 598 Pace
759 551 891 599 cum
936 532 1027 597 his
1075 533 1420 602 composita,
1454 532 1652 602 Russi,
1678 548 1804 603 quae
1843 535 1971 588 tum

303 632 491 701 natio,
525 633 714 686 terror
741 623 924 689 Grani
964 620 1226 688 nominis
1275 621 1422 677 mari
1456 621 1854 693 prmpollebat,
1883 619 1972 682 di-

311 724 482 792 repta
514 715 726 782 minori
773 712 934 780 Asia,
979 725 1118 766 cum
1169 709 1370 765 decem
1426 709 1661 765 navium
1710 708 1974 764 millibus

317 824 482 866 mare
509 799 1017 873 obsederunt(35).
1063 799 1376 870 Nunquam
1410 797 1469 852 in
1500 798 1587 869 [L.
1620 798 1773 870 XIX]
1806 814 1971 854 αοοο-

315 899 406 956 las
438 895 675 969 gravius
708 891 995 957 savitum,
1030 887 1320 958 praecipue
1348 888 1673 944 sacerdotes
1696 886 1971 956 gravissi-

318 986 432 1044 mis
471 981 780 1056 suppliciis
826 977 1020 1043 affecti
1062 980 1222 1043 sunt,
1284 990 1391 1030 nec
1444 993 1476 1031 a
1531 975 1718 1030 sacris
1748 975 1972 1030 aedibus

313 1075 510 1130 hostes
532 1073 731 1144 ignem
762 1068 1195 1132 abstinuerunt.
1229 1063 1529 1128 Distractae
1563 1063 1787 1120 scilicet
1807 1067 1974 1120 erant

313 1160 549 1234 imperii
579 1161 754 1226 vires,
803 1157 961 1230 quod
1012 1170 1188 1220 naves
1246 1157 1349 1212 aut
1397 1158 1600 1218 contra
1655 1157 1972 1210 Saracenos

317 1252 513 1308 missa
547 1252 737 1314 erant,
768 1251 868 1304 aut
893 1245 1125 1310 insulas
1154 1243 1494 1307 tuebantur.
1540 1247 1786 1300 Praeerat
1818 1241 1972 1298 Rus-

318 1355 522 1397 sorum
553 1337 733 1396 classi
764 1336 912 1407 Igor,
941 1349 1043 1390 seu
1074 1334 1250 1404 Ingor
1297 1332 1407 1402 (54)
1457 1332 1631 1403 (quod
1665 1331 1972 1399 admoneo,

324 1446 401 1485 ne
428 1427 560 1500 quis
591 1427 852 1488 vivorum
895 1421 1373 1488 immutationem
1407 1425 1590 1492 putet,
1621 1437 1746 1493 quis
1777 1420 1971 1476 nomi-

323 1533 466 1575 num
496 1515 632 1585 est),
665 1514 932 1584 princeps
981 1511 1193 1582 gentis,
1225 1508 1375 1564 nulli
1416 1509 1630 1565 virtute
1661 1511 1970 1579 secundus,

322 1613 379 1664 et
426 1603 684 1661 victoriis
741 1599 1010 1673 plurimis
1065 1597 1380 1668 superbus.
1439 1597 1564 1665 Non
1615 1597 1713 1662 diu
1773 1602 1972 1658 tamen

320 1697 540 1760 hostes,
573 1708 706 1750 cum
748 1694 983 1748 ventum
1015 1689 1088 1746 ad
1123 1704 1336 1744 manus
1365 1691 1540 1756 esset,
1571 1681 1968 1760 Theophanis.

317 1787 603 1856 impetum
634 1779 962 1838 sustinuere
992 1795 1007 1834 :
1039 1781 1192 1834 certe
1225 1793 1295 1833 ex
1325 1777 1572 1834 navibus
1603 1793 1800 1848 paucas
1844 1794 1975 1832 ser—
2002 1816 2050 1889 Β

396 1879 405 1889 .
593 1888 600 1889 κ
680 1868 921 1889 mea“
1106 1882 1294 1889 __-_-_
1351 1881 1579 1889 __--___
1646 1870 1741 1889 __..
1774 1867 1968 1889 μη--

318 1879 484 1941 vates,
512 1888 648 1944 pars
679 1868 930 1928 maxime
968 1871 1071 1923 aut
1106 1882 1302 1924 mersa
1348 1881 1601 1938 aequore,
1644 1870 1744 1930 aut
1773 1867 1972 1922 Graeco

319 1965 451 2029 igne
499 1960 801 2018 combusta
846 1961 957 2014 est.
1010 1955 1392 2029 Fugientibus
1440 1956 1690 2018 Joannes
1718 1957 1974 2020 Curcuas

316 2069 450 2108 cum
481 2049 736 2106 Orientis
786 2047 970 2119 copiis
1015 2044 1375 2116 supervenit,
1409 2052 1463 2100 et
1510 2043 1774 2102 horribili
1815 2045 1976 2104 clade

320 2141 560 2198 ali'ectos
619 2137 852 2202 delevit.
911 2136 995 2196 Re
1044 2134 1288 2192 feliciter
1331 2139 1513 2206 gesta,
1585 2135 1974 2208 Theophanes

321 2231 603 2303 princeps
625 2224 885 2287 cubiculi
905 2224 1379 2292 dictus,Joannes
1410 2223 1683 2291 Curcuas,
1704 2224 1806 2296 qui
1837 2227 1976 2283 duo-

321 2321 435 2376 bus
465 2323 525 2374 et
557 2315 765 2388 viginti
785 2313 956 2377 annis
980 2329 1099 2371 rem
1129 2313 1420 2384 publicam
1442 2313 1686 2376 consilio
1708 2318 1766 2370 et
1793 2315 1975 2378 armis

328 2410 802 2474 suatentarat,et,
825 2408 889 2460 ut
907 2407 1030 2464 erat
1049 2404 1276 2475 magnis
1298 2403 1459 2460 ausis
1492 2409 1821 2476 promptus,
1841 2405 1972 2468 mil-

335 2500 391 2554 le
419 2502 660 2571 ceperat
687 2495 913 2567 oppida,
931 2494 1168 2567 prolatis
1189 2495 1262 2550 ad
1286 2495 1643 2566 Euphratem
1669 2499 1726 2552 et
1749 2496 1970 2566 Tigrim

336 2587 568 2660 imperii
598 2584 827 2648 ﬁnibus,
849 2581 1062 2644 invidia
1092 2598 1410 2654 oppressus
1440 2586 1530 2638 est
1560 2584 1694 2655 (55).
1733 2583 1907 2640 Russi
1942 2600 1976 2639 a

331 2677 490 2734 caede
517 2679 574 2731 et
599 2675 749 2730 ferro
778 2673 1043 2730 animum
1067 2688 1398 2743 sumpsere,
1422 2677 1480 2730 et
1509 2672 1844 2746 ignominiae
1867 2674 1974 2729 im-

325 2765 629 2838 patientes,
680 2760 918 2818 collecto
958 2778 989 2816 e
1036 2761 1282 2834 Varegis
1312 2762 1446 2832 (56),
1477 2761 1683 2829 Slavis,
1715 2760 1972 2828 Polonie,

327 2853 513 2910 milite
541 2858 596 2908 et
633 2851 915 2908 instructa
967 2849 1180 2917 classe,
1225 2866 1429 2908 rursus
1476 2851 1756 2916 Greciam
1791 2857 1975 2916 tenta-

327 2946 485 2999 runt.
517 2943 684 2997 Anno
716 2941 820 2996 944
869 2939 1065 2997 missis
1115 2955 1345 3013 quoque
1393 2941 1452 2998 in
1485 2939 1820 3004 Patzinaoas
1842 2955 1975 2998 con-

329 3031 616 3087 citoribus
646 3028 784 3086 belli
826 3030 960 3101 (57).
1009 3027 1130 3092 Quo
1167 3028 1374 3086 nuntio
1413 3028 1758 3100 perterritus
1787 3029 1976 3100 impe-

329 3124 514 3186 rator,
543 3120 824 3176 tributum
868 3117 1027 3174 hosti
1057 3118 1310 3190 pendere
1341 3119 1567 3191 cogitur
1595 3120 1729 3190 (58).
1763 3122 1840 3174 At
1870 3134 1977 3176 an-

325 3224 406 3264 no
454 3208 716 3281 proximo
765 3207 955 3264 tmdus
1003 3222 1139 3265 cum
1179 3207 1364 3279 Igore,
1397 3190 1566 3279 cujus
1597 3207 1888 3266 sententia
1916 3206 1978 3262 in
2007 3190 2050 3258 C

325 3299 487 3356 hunc
518 3299 762 3353 modum
815 3297 947 3363 fuit,
996 3296 1314 3368 paciscitur
1364 3312 1379 3355 :
1429 3296 1780 3354 commercia
1826 3301 1979 3352 terra

323 3389 594 3459 marique
625 3387 806 3448 libere
833 3386 1063 3458 utrique
1114 3385 1329 3458 populo
1361 3402 1489 3447 esse
1520 3387 1765 3455 debere;
1799 3385 1975 3442 Cher-

323 3493 608 3533 sonesum
657 3475 963 3532 Tauricam
1013 3475 1166 3532 nolle
1215 3491 1278 3532 se
1321 3476 1505 3534 armis
1543 3476 1838 3547 invadere,
1874 3492 1979 3532 nec

323 3565 610 3638 Bulgaros
667 3569 870 3621 contra
916 3564 1142 3621 incolas
1197 3564 1471 3635 excitare,
1504 3566 1563 3623 in
1611 3583 1672 3622 re
1728 3565 1977 3636 trepida,

325 3654 662 3728 imperatori
692 3654 913 3710 auxilia
936 3670 999 3709 se
1020 3653 1304 3710 missuros
1326 3669 1475 3722 esse,
1518 3654 1695 3710 Russi
1726 3670 1978 3724 spopon-

327 3747 568 3815 derunt;
601 3745 672 3800 de
704 3742 914 3814 capitis
944 3743 1117 3799 etiam
1162 3741 1477 3808 damnatis,
1511 3742 1700 3811 deque
1733 3742 1985 3797 transiu-

2079 534 2306 599 Grecas
2367 533 2741 608 lacerassent,
2772 554 2806 596 a
2853 537 3202 610 Theophane
3251 537 3536 618 persuasi,
3576 538 3730 596 datis

2081 620 2406 698 obsidibus,
2441 624 2709 689 inducias
2740 625 2800 689 in
2842 626 3104 701 quinque
3143 643 3326 688 annos
3358 626 3508 699 pacti
3540 631 3681 684 sunt
3714 645 3728 684 :

2083 707 2460 785 longinquam
2520 712 2677 776 enim
2748 713 3017 770 militiam
3090 713 3272 770 Graeci
3331 713 3732 786 aspernaban-

2079 799 2177 858 tur
2205 797 2342 872 (59).

2151 885 2272 942 VII.
2329 887 2756 960 Mesopotamiae
2845 893 3258 962 compenendae
3343 891 3727 966 TheOphilus,

2079 975 2325 1038 Joannis
2354 977 2740 1051 Zimiscm,qui
2755 984 2952 1052 postea
2971 981 3292 1053 imperator
3303 982 3594 1046 salutatus
3614 987 3724 1052 est,

2082 1081 2245 1131 avus,
2279 1065 2575 1139 deligitur,
2624 1074 2688 1130 ut
2735 1068 3082 1139 Saracenos,
3127 1071 3244 1133 late
3284 1088 3352 1134 ea
3379 1071 3509 1128 loca
3547 1071 3725 1136 babi-

2082 1157 2296 1226 tantes,
2330 1157 2390 1214 in
2413 1155 2694 1229 obsequio
2720 1158 3044 1216 contineret
3063 1159 3201 1232 (60).
3235 1163 3422 1238 Caput
3452 1160 3728 1233 regionis,
3771 1166 3775 1170 '

2081 1245 2322 1319 Edessa,
2381 1246 2750 1310 nobilissima
2783 1247 2944 1314 urbs,
2996 1256 3051 1306 et
3101 1249 3486 1310 munimentis
3517 1251 3731 1322 objecti

2082 1335 2292 1404 amnis,
2319 1339 2620 1411 murisque
2642 1339 2895 1408 ﬁrmata,
2919 1339 3020 1404 diu
3042 1339 3410 1403 obsidionem
3438 1340 3727 1410 toleravit,

2082 1441 2199 1496 qua
2227 1426 2464 1486 tandem
2497 1427 2687 1494 soluta
2730 1433 2839 1496 est,
2874 1429 3200 1490 Servatoris
3243 1429 3520 1502 imagine,
3551 1429 3727 1484 linteo

2082 1513 2385 1585 impressa.
2418 1515 2577 1576 Hanc
2607 1517 2900 1590 Abgarum
2933 1534 3153 1591 regem,
3184 1519 3389 1576 morbo
3407 1519 3631 1578 difﬁcili
3661 1535 3727 1574 ac

2082 1603 2361 1666 diuturno
2390 1605 2839 1676 decumbentem,
2872 1623 3007 1670 cum
3059 1624 3118 1666 se
3157 1608 3430 1680 praesenti
3460 1608 3727 1664 Servato-

2082 1692 2159 1748 ris
2191 1693 2426 1765 auxilio,
2479 1711 2581 1766 per
2640 1696 2861 1756 litteras
2909 1697 3401 1765 commendasset,
3435 1697 3731 1770 accepisse

2083 1781 2296 1851 ferunt,
2312 1788 2368 1838 et
2388 1784 2690 1856 desperata
2719 1786 2846 1857 jam
2881 1786 3089 1856 salute,
3114 1787 3304 1844 subito
3341 1786 3727 1856 convaluisse,

2085 1889 2217 1937 mox
2244 1873 2556 1934 attonitum
2583 1873 2665 1930 rei
2710 1875 3019 1946 miraculo,
3059 1878 3129 1932 ad
3161 1875 3554 1935 Christianam
3586 1893 3729 1948 pro-

2085 1961 2397 2017 fessionem
2419 1979 2548 2018 esse
2579 1964 2896 2020 adductum
2927 1966 3060 2035 (61).
3094 1964 3230 2036 Alii,
3270 1970 3335 2022 ut
3364 1965 3598 2022 difficile
3619 1968 3727 2031 est,

2085 2058 2201 2106 tam
2231 2051 2532 2124 antiquam
2566 2069 2689 2110 rem
2721 2053 3017 2112 subtiliter
3044 2054 3309 2126 exsequi,
3342 2056 3730 2124 Servatorem,

2083 2139 2143 2200 in
2177 2139 2395 2198 Oliveto
2441 2141 2680 2206 tristitia
2720 2142 3007 2208 immensa
3037 2145 3388 2211 confectum,
3439 2143 3731 2205 Thaddaeo

2085 2228 2412 2296 sudarium,
2466 2245 2581 2300 quo
2634 2230 2841 2294 faciem
2899 2231 3268 2302 absterserat,
3329 2233 3401 2288 ad
3442 2233 3731 2304 Abgarum

2087 2317 2406 2390 principem
2435 2320 2845 2390 perferendum
2868 2320 3183 2386 tradidisse
3207 2326 3552 2391 memorant,
3576 2323 3732 2380 edito

2089 2406 2342 2476 oraculo,
2377 2406 2603 2474 urbem,
2643 2425 2768 2482 quae
2801 2425 3036 2472 sacrum
3069 2410 3284 2482 pignus
3314 2410 3422 2466 rite
3453 2415 3734 2482 servaret,

2089 2500 2368 2569 perpetuo
2402 2495 2672 2552 invictam
2705 2496 2824 2558 fore
2846 2497 2978 2568 (62).
3014 2497 3166 2564 Haec,
3196 2497 3346 2560 mira
3375 2512 3731 2577 quanquam,

2092 2585 2266 2650 [idem
2293 2602 2362 2642 ex
2397 2601 2462 2642 eo
2507 2587 2826 2656 traxerunt,
2877 2585 3029 2660 quod
3081 2587 3322 2648 Cosroes
3356 2585 3548 2652 Persa,
3599 2604 3731 2648 cum

2089 2676 2148 2732 in
2181 2674 2481 2736 obsidione
2512 2674 2672 2736 urbis
2710 2673 2972 2743 hat-erat,
3004 2675 3130 2750 ejus
3175 2679 3444 2738 contactu
3476 2677 3733 2746 (dedica-

2091 2771 2212 2822 tum
2244 2764 2399 2826 enim
2439 2768 2562 2820 erat
2595 2763 2655 2819 in
2695 2764 2900 2826 veteris
2930 2769 3136 2827 statua!
3165 2765 3570 2838 fundamento)
3602 2782 3735 2838 grti-

2090 2851 2332 2916 vissimo
2361 2853 2561 2920 morbo
2610 2852 2888 2916 liberatus
2930 2853 3030 2932 sit,
3063 2857 3119 2916 et
3149 2854 3376 2920 lustrali
3404 2873 3558 2929 aqua
3587 2872 3649 2916 se
3679 2859 3738 2912 et

2090 2940 2373 3006 familiam
2405 2957 2637 3005 omnem
2681 2941 2840 3004 ablui
2879 2942 3128 3020 jusserit
3176 2943 3311 3016 (63).
3354 2945 3499 3008 Hinc
3528 2945 3734 3016 imagi-

2086 3046 2219 3088 nem
2250 3030 2544 3095 Romanus
2577 3031 2910 3103 imperator,
2940 3032 3036 3089 cui
3069 3032 3375 3106 indignum
3404 3033 3731 3104 videbatur,

2087 3119 2208 3176 haec
2237 3137 2406 3178 sacra
2436 3125 2556 3182 tam
2592 3120 2839 3193 impuris
2880 3121 3152 3183 manibus
3185 3123 3556 3198 contrectari,
3584 3140 3738 3200 stupe

2089 3209 2419 3282 expetitam,
2447 3225 2562 3266 non
2613 3209 2882 3278 obtinuit,
2936 3209 3072 3270 licet
3119 3211 3384 3272 ducentis
3415 3212 3733 3278 Saracenis,

2088 3314 2236 3372 quos
2265 3297 2525 3371 captivos
2549 3299 2807 3369 tenebat,
2838 3302 2894 3354 et
2939 3316 3019 3355 xu
3050 3299 3312 3366 millibus
3341 3300 3470 3362 seris
3498 3301 3734 3375 signati,

2089 3387 2324 3446 oblatis.
2354 3387 2610 3446 Tandem
2644 3403 2771 3448 eam
2802 3389 3110 3462 praefectus
3141 3389 3327 3455 urbis,
3362 3394 3422 3452 ut
3453 3407 3486 3448 a
3525 3391 3651 3446 suis
3678 3391 3743 3448 fi-

2092 3476 2268 3533 nibus
2296 3479 2522 3532 Gracos
2573 3479 2817 3550 arceret,
2859 3475 3168 3539 concessit,
3198 3484 3426 3548 pactus,
3462 3481 3526 3534 ut
3557 3478 3738 3539 Edes-

2090 3581 2213 3621 sam
2238 3571 2290 3620 et
2319 3565 2714 3622 conterminos
2736 3580 2908 3637 agros
2941 3580 3240 3637 nunquam
3275 3564 3428 3622 bello
3450 3566 3510 3624 in
3543 3571 3736 3637 poste-

2091 3670 2223 3710 rum
2273 3657 2548 3708 vexarent
2592 3653 2724 3725 (64).
2773 3653 2868 3708 Sic
2917 3652 3256 3724 Byzantium
3318 3654 3646 3724 deportata,
3678 3654 3738 3710 in

2090 3740 2430 3798 Blachernis
2477 3739 2751 3814 primum,
2786 3744 2917 3819 post
2972 3740 3030 3796 in
3081 3739 3201 3798 aede
3250 3739 3437 3808 Phari,
3483 3741 3736 3814 reposita

1941 3838 2174 3897 NOTAE.

404 3942 517 4014 (53)
575 3947 742 4014 Anno
800 3938 928 4014 941,
959 3954 1082 4005 seu,
1143 3940 1205 3992 ut
1249 3935 1558 4014 gxzantini
1617 3942 1978 4014 computant,

329 4009 534 4070 indici.
565 4030 677 4081 xiv,
719 4010 828 4076 Leo
876 4011 1198 4068 Grammat.
1245 4009 1373 4066 506.
1424 4011 1613 4065 Anon.
1667 4009 1975 4066 Combeﬁs.

329 4101 463 4157 pag.
499 4085 625 4157 262.
675 4083 908 4157 Simeo‘n
953 4081 1221 4157 Logotht
1242 4097 1374 4157 pag.
1403 4081 1549 4157 _490.
1599 4081 1696 4157 ubi
1758 4081 1978 4157 Ru_ssos

328 4147 609 4236 brontitgs
636 4159 822 4236 vocat,
857 4151 916 4206 ἐκ
939 4147 1128 4236 γένόυς
1156 4147 1264 4236 ἱῶὖ
1299 4147 1562 4236 ᾦράγχῳν
1590 4147 1772 4236 βν-ςας,
1829 4153 1978 4236 Tum

329 4230 489 4286 enim
519 4227 829 4295 Germania
868 4223 1138 4280 universa
1168 4223 1412 4280 Francia
1433 4223 1784 4295 idicebatur,
1827 4229 1890 4278 ut
1917 4225 1979 4280 in

330 4300 488 4356 notis
519 4303 589 4354 ad
613 4294 912 4361 Constant.
937 4298 1011 4351 De
1037 4297 1318 4352 cmrimon.
1344 4294 1493 4351 Aula
1523 4297 1757 4366 Byzant.
1792 4300 1980 4366 osten-

332 4375 493 4426 dam.
525 4373 651 4425 Huc
681 4369 856 4424 etiam
891 4367 1286 4436 Luitprandus
1327 4365 1579 4437 pertinet
1625 4383 1679 4430 v,
1729 4367 1763 4421 6
1797 4381 1810 4422 :
1844 4365 1980 4421 Gens

333 4442 589 4514 quadam
625 4443 709 4496 est
755 4440 854 4514 sub
903 4441 1180 4514 aguilonis
1223 4439 1723 4514 parte‘constﬂuta,
1757 4454 1921 4508 quam
1943 4455 1982 4514 _a

332 4511 607 4585 qualitate
634 4513 878 4577 corporis
917 4511 1117 4585 Graeci
1150 4514 1345 4565 vocant
1375 4511 1591 4585 Russos,
1640 4524 1738 4564 nos
1767 4525 1802 4585 ᾳ
1827 4511 1979 4585 posi-

333 4580 489 4642 tione
519 4585 632 4638 loci
668 4597 925 4640 vacamus
973 4581 1372 4638 Nordmannos.
1428 4580 1674 4646 Nicetes,
1706 4599 1738 4636 a
1769 4580 1984 4652 Cangio

336 4659 409 4712 ad
461 4657 768 4718 Zonaram,
832 4671 886 4724 p.
946 4653 1016 4708 99
1063 4655 1374 4720 adductus,
1432 4668 1531 4724 eos
1594 4654 1699 4724 τῶν
1761 4653 1983 4704 Σκυθῶν

336 4727 493 4786 ἔθνος
525 4730 704 4781 vocat.
751 4723 1009 4780 Classem
1053 4725 1122 4779 ad
1174 4723 1354 4778 millia
1383 4723 1716 4794 quindecim
1753 4739 1984 4792 parave-

337 4804 496 4856 rant.
529 4798 734 4853 Zonar.
787 4812 843 4866 p.
891 4795 1009 4851 191.
1063 4795 1323 4852 Meminit
1367 4794 1542 4850 etiam
1592 4794 1877 4865 Sigebert.
1910 4796 1982 4850 ad

335 4889 432 4927 an.
470 4870 598 4925 936.

409 4942 527 5011 (54)
557 4940 625 4994 ν.
656 4937 915 5011 Tbeopb.
949 4938 1158 5011 SigeIr.
1191 4935 1391 4993 Baveri
1428 4938 1632 5011 Disserl
1661 4935 1726 4993 de
1761 4937 1983 5006 Varegis

334 5013 397 5068 in
417 5009 759 5070 Comment.
799 5009 1128 5080 Petropolit.
1159 5013 1202 5064 t.
1231 5012 1330 5078 IV,
1358 5009 1579 5080 p.293.

408 5083 524 5155 (55)
547 5082 738 5155 Vitam
760 5079 1160 5155 Jo._ACu’rcusa_
1189 5085 1247 5137 et
1293 5097 1381 5136 res
1427 5079 1579 5155 bello
1621 5079 1850 5152 egregio
1880 5095 1982 5155 ge-

338 5151 457 5211 stas
491 5151 621 5209 dcto
652 5151 818 5208 libris
847 5151 1077 5207 Manuel
1127 5151 1639 5222 Protospatbarius
1690 5151 1980 5222 exposuit,

382 5225 499 5282 uod
526 5241 676 5292 opus
717 5223 944 5283 dudum
990 5223 1183 5294 periit.
1213 5221 1475 5294 Tbeopb.
1510 5223 1736 5278 Contin.
1765 5221 1821 5294 p.
1852 5221 1978 5278 265.

382 5244 499 5282 una
526 5244 676 5292 opus
717 5244 944 5283 dudum
990 5244 1183 5294 perm.
1223 5244 1475 5294 I'neopn.
1510 5244 1517 5272 ι

339 5244 506 5353 gout.
538 5297 788 5366 Cangius
808 5295 1279 5366 FamilsByzant.
1307 5312 1361 5364 p.
1396 5295 1517 5350 153.

412 5369 523 5439 (56)
559 5363 809 5439 Bayerus
841 5365 880 5420 l.
913 5383 964 5439 ο.
1003 5363 1338 5422 Gerbardus
1368 5366 1525 5439 Frid.
1558 5363 1857 5439 Mullerus,
1887 5366 1981 5422 cui

342 5436 591 5496 multum
621 5436 794 5493 debet
841 5437 1084 5507 antiqua
1114 5439 1438 5493 Russorum
1471 5436 1734 5499 historia,
1767 5453 1980 5494 nomen

337 5512 530 5580 gentis
583 5527 616 5566 a
663 5508 947 5567 vocabulo
1003 5509 1222 5577 Varech,
1270 5509 1546 5572 marinus,
1589 5509 1770 5573 ducit,
1804 5510 1981 5580 idque

339 5581 626 5647 omnibus,
688 5581 787 5650 qui
848 5580 1153 5650 piraticam
1232 5582 1598 5644 exercebant,
1666 5596 1978 5635 commune

342 5651 523 5706 fuisse
552 5652 807 5719 conjicit,
840 5651 900 5704 in
951 5651 1170 5706 Collect.
1215 5653 1285 5704 ad
1332 5652 1534 5707 Hister.
1581 5651 1800 5706 Russor.
1835 5669 1888 5720 p.
1922 5653 1976 5708 4.

338 5722 617 5778 Theodos.
652 5722 938 5777 Kioviens.
970 5722 1064 5776 ad.
1096 5738 1190 5776 an.
1221 5723 1347 5776 860.
1379 5738 1501 5789 eos,
1535 5723 1682 5777 mari
1712 5722 1977 5791 trajecto,

342 5792 552 5860 Slavis,
597 5791 868 5860 Meranis,
911 5791 1198 5861 Crivitzis,
1246 5794 1349 5864 qui
1396 5791 1692 5850 communi
1744 5791 1980 5850 nomine

2008 4487 2056 4552 D

2091 3935 2263 3994 Russi
2287 3935 2677 4008 appellantur,
2711 3936 2935 3992 tributa
2966 3937 3286 4008 imperasse
3308 3937 3504 3994 refert.

2160 4009 2274 4080 (57)
2301 4007 2584 4080 Theodos.
2646 4008 2938 4072 Kioviens,
2998 4007 3094 4064 an.
3151 4009 3294 4078 944;
3347 4009 3523 4068 silent
3578 4010 3735 4066 enim

2089 4079 2477 4136 hancnovam
2511 4079 2898 4148 irruptionem
2933 4080 3233 4152 Byzantini
3265 4081 3600 4152 scriptores.

2180 4152 2272 4208 58)
2302 4152 2456 4208 Idem
2491 4168 2586 4206 an.
2619 4151 2746 4206 945.

2180 4153 2250 4205 58
2302 4152 2456 4208 Idem
2491 4168 2586 4206 an.
2619 4152 2746 4206 945.

2159 4152 2533 4294 E59iContin.
2590 4221 2844 4294 Tbeopb.
2915 4239 2971 4294 p.
3021 4223 3153 4290 267,
3208 4222 3398 4278 caateri
3445 4222 3733 4282 Tbeodos.

2089 4293 2243 4349 Kiov.
2284 4310 2378 4350 an.
2411 4294 2536 4350 943.

2132 4310 2243 4349 ιον.
2284 4310 2378 4351 an.
2411 4310 2536 4350 υίιό.

2305 4365 2530 4421 Contin.
2555 4363 2818 4436 Tbeopb.
2848 4380 2945 4443 pp.
2967 4364 3092 4437 265,
3119 4365 3246 4438 278,
3277 4369 3387 4422 Leo
3413 4365 3734 4424 Grammat.

2089 4453 2482 4580 p.(p6(i’?'Nigra
2513 4506 2736 4580 scilicet
2781 4506 2942 4578 lepra
2989 4507 3242 4578 graviter
3296 4508 3594 4566 laborabat
3624 4511 3736 4567 Ab-

2096 4577 2287 4652 garus,
2346 4577 3058 4652 indedUcbo_mo,'m'ger,
3135 4581 3602 4652 cognominatus,
3670 4587 3736 4639 ut

2097 4649 2436 4724 Bayerusin
2485 4650 2623 4704 Hist.
2660 4648 2963 4724 ﬁdessena,
3015 4666 3072 4721 p.
3128 4648 3232 4724 1Οᾷ
3280 4648 3630 4722 arbitratur;
3664 4655 3736 4710 de

2095 4720 2498 4798 genereenim
2529 4720 2732 4798 mcrbi
2758 4736 2880 4798 non_
2919 4720 3184 4798 convenit
3215 4720 3729 4798 interscrjptores.

2096 4791 2261 4848 Multi
2300 4793 2371 4846 de
2420 4791 2883 4868 mutuisAAbgari
2931 4797 3003 4868 et,
3032 4793 3247 4868 Christi
3295 4791 3560 4868 epistolis
3592 4796 3738 4852 scri-

2093 4880 2281 4934 psere,
2315 4864 2603 4934 praecipue
2632 4863 2875 4919 Grabius
2904 4866 3096 4934 Spicil.
3134 4866 3243 4918 PP.
3276 4863 3373 4921 t.'l
3407 4867 3537 4921 init.

2164 4936 2279 5007 (62)
2311 4934 2675 4990 Constantia.
2716 4936 2790 4991 De
2839 4936 3047 4991 Christi
3095 4935 3337 5007 imagine
3378 4939 3648 5007 Edessena
3678 4952 3739 5007 p.

2164 4952 2279 5007 (οτι)
2311 4952 2675 4990 υοηεωῐιιιη.
2716 4952 2790 4991 ue
2839 4952 3043 4991 our-isti
3095 4953 3337 5006 zmagzns
3378 4952 3648 4992 Edessena

2092 5007 2182 5074 85,
2217 5023 2346 5077 quae
2376 5013 2565 5063 exstat
2614 5007 2672 5062 in
2721 5007 3002 5077 Maniputo
3047 5009 3171 5065 Iter.
3235 5006 3528 5064 Constant.
3577 5006 3663 5060 Ad
3714 5023 3747 5063 θ

2092 5023 2182 5074 δε),
2217 5023 2346 5134 (Luae
2376 5023 2565 5089 exstat
2614 5023 2672 5062 in
2721 5023 2911 5077 mamp:

2092 5077 2229 5134 Com
2277 5079 2443 5136 efisio
2466 5084 2672 5152 notata
2696 5096 2754 5152 p.
2789 5081 2911 5134 105.

2161 5152 2276 5223 (63)
2311 5151 2590 5226 Evagrius
2616 5143 2719 5226 lib:
2756 5166 2827 5226 ιγ,
2853 5166 2903 5205 c.
2934 5152 3026 5226 27,
3061 5149 3162 5203 ubi
3182 5147 3453 5226 Cosmum
3480 5143 3754 5226 propter».

2092 5216 2505 5278 ea'exercituh
2551 5221 2677 5276 urbi
2724 5216 3049 5276 admovisse
3099 5216 3325 5278 scribit,
3377 5225 3459 5282 ut,
3503 5223 3632 5278 quae
3677 5216 3762 5272 de

2090 5293 2345 5351 imagine
2400 5293 2568 5351 vulgo
2627 5292 3026 5351 tradebantur,
3087 5285 3401 5340 mendaciii
3448 5288 3771 5347 ειπειιθνθι.

2092 5354 2267 5419 Paulo
2299 5364 2466 5420 aliter
2495 5354 2860 5432 Constantia.
2896 5379 2952 5432 p.
2983 5361 3050 5413 91
3086 5354 3309 5432 (narrat.

2301 5414 2602 5507 “(ﬁ—bare};
2623 5414 2867 5498 scilicet,
2896 5414 3754 5507 τεὲτθὲθξῇθῗηξῗἮοεὲξξξῗ
3774 5458 3794 5483 ⁷

2089 5477 2380 5562 Eti‘ess/eno
2414 5505 2704 5575 praefecto,
2749 5477 2922 5575 quem
2975 5477 3800 5575 Εῐηιίςιξπιρχὲᾳξιηξῦξξὲξ-

2089 5546 2930 5639 Et}:“6335636313.;"ei
2956 5546 3171 5639 [adde
3190 5546 3804 5639 εὲοὲῃηλρὶὶξιζραὶὶ.

2529 5610 2972 5712 aures:
2993 5610 3161 5682 bulla
3190 5617 3520 5686 imperator
3559 5610 3718 5666 conti
3735 5629 3815 5664 ιι..

2086 5717 2288 5774 mavit.
