4152 6310
451 401 527 462 63
1581 404 1640 464 ι.
1688 405 1768 462 H.
1812 400 2071 462 LEICHI

2188 395 2717 459 lOMMENTATIO
3767 399 3850 461 64

450 537 558 600 est,
592 533 1044 604 procedentibus
1074 534 1246 606 longo
1278 535 1479 589 ordine
1510 531 1839 604 Sthephano
1871 535 1927 586 et
1946 531 2086 586 Con-
2115 531 2168 598 Α
2197 529 2436 592 videret,
2489 544 2562 582 ne
2617 531 2734 583 tam
2771 529 3046 599 praeclara
3082 530 3329 600 indoles,
3360 535 3447 588 tot
3493 539 3847 590 ornamenta

450 622 734 686 stantino,
753 623 993 679 Romani
1011 623 1170 693 filiis,
1191 624 1753 694 Porphyrogenneto,
1775 627 1832 677 et
1859 625 2087 688 senatu,

451 729 583 767 cum
627 700 828 782 cereis,
873 717 928 768 et
979 711 1418 782 Evangeliorum
1478 710 1790 780 volumine,
1841 714 1905 764 ut
1953 720 2089 764 tunc

450 797 813 854 consuetudo
855 802 975 853 erat
1021 797 1079 852 in
1114 796 1364 868 publicis
1394 795 1942 868 supplicationibus.
1994 795 2086 850 ln-

448 887 624 943 cessit
653 889 862 943 deinde
886 886 1366 958 religio,quonam
1382 887 1437 940 in
1458 885 1672 955 templo
1687 901 1854 940 sacra
1867 885 2087 954 efﬁgies

448 975 783 1032 collocanda
803 976 1292 1046 foret?postremo
1315 975 1372 1029 in
1397 975 1620 1030 Sanctae
1651 973 1872 1046 Saphiaa
1903 973 2085 1042 illata,

444 1068 678 1137 rituque
704 1065 951 1122 solemni
981 1067 1138 1121 culta
1179 1065 1288 1120 fuit
1327 1066 1463 1137 (65).
1496 1067 1694 1120 Exstat
1725 1065 2083 1120 Constantini

445 1155 978 1226 Porphyrogenneti
1013 1157 1084 1210 de
1107 1155 1396 1210 Edesseno
1420 1155 1678 1222 sudario,
1703 1153 1936 1225 elegans
1955 1170 2085 1209 ora—

440 1243 544 1308 tio,
579 1261 732 1298 anno
767 1244 1050 1313 proximo,
1083 1247 1148 1298 ut
1188 1243 1430 1312 videtur,
1475 1244 1532 1298 in
1573 1244 1768 1314 populi
1809 1242 2084 1299 concione

443 1331 658 1399 habita,
690 1349 869 1403 quam
910 1332 1167 1403 junioris
1216 1332 1581 1387 Constantini
1631 1348 1774 1399 esse,
1817 1331 2084 1402 Aloysius

447 1421 877 1492 Lippomannus
908 1425 964 1474 et
994 1421 1186 1476 Caesar
1214 1421 1498 1475 Baronius
1528 1436 1656 1476 esse
1686 1420 2080 1487 arbitrantur;

439 1525 506 1564 eo
540 1509 826 1580 praecipue
873 1515 1212 1580 argumento
1263 1509 1425 1575 moti,
1476 1511 1625 1580 quod
1668 1508 1817 1564 aliud
1851 1509 2081 1564 dicendi

438 1612 626 1668 genus
657 1599 714 1653 in
747 1597 913 1654 libris
959 1601 1030 1654 De
1067 1598 1503 1655 administrando
1534 1600 1780 1669 imperio,
1816 1597 1943 1652 Vita
1973 1598 2083 1652 Ba—

439 1686 579 1755 silii,
611 1687 856 1757 caeteris,
889 1693 1168 1760 appareat
1192 1689 1323 1760 (66).
1346 1689 1566 1744 Damus
1595 1687 1706 1742 hoc
1735 1687 1942 1743 Caesari
1976 1687 2081 1741 Ba-

439 1775 626 1842 ronio,
659 1793 987 1833 sermonem
1040 1778 1409 1850 imperatoris
1460 1776 1742 1832 humilem
1790 1777 1850 1831 in
1882 1776 1996 1831 illis
2024 1783 2081 1832 et

2195 618 3197 684 virtutum,inertiaobscurarentur.
3230 621 3568 692 Adjutorem
3595 623 3843 696 Porphy-

2197 714 2582 780 rogennetum
2609 710 2748 778 fore,
2773 709 2865 765 cui
2889 710 3030 766 nihil
3064 713 3365 783 antiquius
3389 714 3481 780 sit,
3509 730 3680 785 quam
3706 731 3842 771 eum

2197 814 2462 869 regnare,
2496 799 2591 869 qui
2623 799 2691 853 ad
2727 799 2876 854 hanc
2925 817 3085 868 spem
3118 801 3348 871 genitus
3379 807 3530 857 esset
3550 803 3685 874 (68).
3721 806 3839 858 Ita-

2197 901 2310 958 que
2341 887 2633 942 Romanus
2655 887 3124 957 comprehensus,
3155 888 3213 943 in
3249 889 3450 945 Proten
3479 890 3733 946 insulam
3757 907 3842 947 re-

2196 974 2415 1047 legatur
2471 980 2528 1029 et
2580 975 2995 1031 monachorum
3055 978 3169 1031 ritu
3226 979 3554 1033 tondetur:
3603 995 3837 1034 summa

2195 1064 2423 1136 imperii
2445 1065 2512 1118 ad
2530 1063 2680 1118 tilios
2703 1069 2760 1120 et
2781 1065 3394 1137 Porphyrogennetum
3417 1067 3833 1136 delata,statim

2194 1153 2481 1224 apparuit,
2507 1154 2983 1218 arduum,eodem
3013 1153 3136 1210 loco
3169 1156 3482 1226 potentiam
3513 1161 3570 1210 et
3591 1173 3838 1212 concor-

2192 1242 2343 1295 diam
2375 1257 2525 1303 esse.
2559 1257 2694 1297 cum
2743 1242 2800 1296 id
2851 1247 3044 1313 ageret
3092 1243 3442 1314 Stephanus,
3485 1249 3549 1299 ut
3578 1243 3736 1302 solus
3768 1261 3837 1300 ea

2192 1331 2477 1402 dignitate
2509 1332 2808 1402 potiretur.
2861 1331 3086 1387 Interea
3126 1333 3571 1389 Constantinum
3623 1333 3833 1390 Helena

2191 1424 2480 1490 Augusta,
2515 1431 2575 1474 ut
2601 1425 2722 1476 tam
2757 1422 3004 1476 nefarios
3027 1438 3208 1476 ausus
3229 1424 3656 1492 comprimeret,
3683 1425 3833 1478 exci-

2189 1513 2294 1578 tat,
2315 1509 2415 1580 qui
2447 1525 2566 1575 eos,
2595 1511 2787 1579 specie
2818 1510 3113 1577 amicitias,
3138 1509 3328 1582 epulis
3360 1511 3680 1579 adhibitos,
3703 1517 3833 1584 post

2191 1596 2576 1667 quadraginta
2606 1597 2832 1652 dierum
2887 1597 3222 1668 imperium,
3254 1597 3313 1652 in
3346 1598 3615 1653 exsilium
3647 1599 3827 1670 pellit.

2191 1686 2246 1739 Id
2282 1685 2614 1758 Stephanus
2646 1703 2736 1741 xu
2769 1703 2953 1742 annos
2987 1703 3193 1759 magno
3224 1685 3419 1744 animo
3450 1687 3507 1742 in
3543 1688 3724 1744 Lesbo
3749 1689 3834 1744 in-

2189 1773 2320 1829 sula
2347 1773 2940 1846 tulit.Constantinus,
2965 1777 3192 1832 duobus
3214 1776 3383 1833 annis
3413 1781 3562 1847 post,
3599 1777 3674 1832 ad
3709 1793 3829 1833 ma-

438 1865 778 1937 plerumque
820 1866 1118 1940 vulgarem
1168 1883 1329 1935 esse;
1387 1867 1487 1923 sed
1541 1865 1871 1922 sublimiori
1930 1865 2079 1937 stylo
2117 1907 2160 1973 B
2184 1863 2336 1934 jora,
2370 1869 2428 1919 et
2473 1865 2658 1936 magis
2702 1865 3019 1937 praecipitia
3064 1880 3400 1934 conversus,
3446 1881 3579 1921 cum
3612 1866 3834 1938 Byzan-

437 1955 745 2011 formanda
774 1961 897 2011 erat
951 1956 1157 2024 oratio,
1218 1973 1342 2027 quae
1401 1960 1521 2011 tam
1570 1970 1766 2012 sacras
1805 1953 2084 2025 reliquias

440 2043 616 2115 digne
648 2043 981 2101 celebraret.

512 2131 663 2187 VIII.
695 2132 902 2188 Sextus
927 2133 1048 2203 jam
1097 2135 1155 2188 et
1195 2132 1508 2188 vicesimus
1557 2133 1836 2206 agebatur
1870 2149 2082 2205 annus,

438 2233 509 2274 ex
538 2234 650 2290 quo
697 2219 999 2276 Romanus
1048 2219 1361 2292 imperium
1411 2237 1513 2292 pro
1557 2221 1798 2277 arbitrio
1830 2222 2081 2290 tenebat,

439 2308 581 2363 adeo
596 2309 912 2364 imminuta
925 2309 1456 2381 Porphyrogenneti
1474 2313 1925 2381 potestate,utex
1937 2314 2082 2382 perti

437 2396 682 2467 publicae
731 2414 884 2452 curae
931 2403 988 2453 et
1035 2398 1286 2464 consilii,
1319 2405 1520 2468 praeter
1565 2400 1810 2470 Augusti
1847 2415 2082 2470 nomen,

433 2487 582 2543 nihil
614 2490 856 2544 omnino
905 2489 1173 2546 relictum
1205 2496 1377 2546 esset.
1411 2489 1517 2552 Qui
1549 2491 1620 2545 ad
1655 2491 1919 2545 ultimum
1951 2507 2080 2562 per-

433 2578 614 2631 taesus
651 2575 932 2647 longioris
987 2578 1112 2642 otii,
1163 2578 1318 2648 quod
1365 2579 1560 2632 studia
1604 2579 1902 2648 doctrinae,
1953 2580 2081 2650 qui-

433 2662 544 2719 bus
576 2665 662 2734 [L.
695 2664 813 2736 XX]
845 2665 1106 2722 animum
1147 2665 1462 2734 imbuerat,
1493 2667 1777 2722 hactenus
1809 2667 1970 2723 unice
2000 2667 2079 2724 le-

436 2752 700 2808 niverant
730 2753 864 2825 (67),
897 2755 969 2810 de
1000 2758 1393 2824 recuperando
1417 2772 1593 2828 regno
1615 2755 1859 2812 consilia
1878 2757 2076 2813 volvit.

433 2842 596 2907 Quod
631 2859 764 2898 cum
795 2843 970 2900 variis
1007 2845 1228 2901 artibus
1259 2849 1561 2914 tentasset,
1596 2845 1959 2902 tutissimum
1991 2847 2074 2902 vi-

424 2951 555 2991 sum
597 2940 708 3007 est,
769 2937 1129 3009 Stephanum
1189 2945 1246 2995 et
1299 2939 1771 3007 Constantinum,
1830 2940 2074 2996 Romani

429 3023 604 3090 ﬁlios,
637 3027 963 3097 cupiditate
1011 3027 1295 3098 regnandi
1346 3029 1677 3084 accendere.
1721 3029 1952 3084 Dudum
1988 3029 2074 3084 illi

424 3115 665 3182 paterno
697 3114 828 3167 odio
861 3115 1166 3184 ardebant,
1199 3115 1349 3182 quod
1372 3115 1688 3181 Romanus,
1722 3121 2072 3173 testamento

428 3200 668 3271 scripto,
705 3201 1028 3274 principem
1063 3204 1254 3259 locum
1283 3204 1824 3277 Porphyrogenneto
1847 3207 2071 3262 tribue-

2195 1953 2342 2008 tium
2376 1957 2675 2025 repeteret,
2707 1971 2740 2008 a
2768 1954 3104 2010 custodibus
3151 1959 3237 2010 est
3286 1955 3666 2026 interemptus
3697 1956 3838 2028 (69).

2196 2041 2288 2098 Sic
2320 2043 2554 2099 tandem
2577 2042 2737 2099 solus
2760 2060 2950 2098 rerum
2974 2044 3190 2115 potitus
3212 2048 3300 2100 est
3319 2043 3839 2116 Porphyrogenne-

2195 2135 2309 2199 tus,
2343 2133 2435 2187 cui
2467 2132 2695 2188 insidiae
2753 2150 2786 2188 a
2828 2131 3092 2202 plurimis
3137 2142 3348 2204 parata:
3391 2137 3547 2188 sunt.
3600 2133 3746 2189 Nam
3780 2140 3839 2190 et

2194 2221 2601 2290 TheOphanes,
2635 2221 2907 2293 princeps
2939 2221 3452 2288 cubiculariorum,
3480 2222 3836 2292 Romanum,

2193 2313 2250 2364 et
2280 2311 2586 2381 Gregorius
2616 2311 2868 2380 Macedo,
2920 2311 3142 2366 allectis
3192 2311 3250 2366 in
3301 2312 3628 2367 societatem
3663 2311 3837 2368 claris

2194 2403 2252 2454 et
2290 2399 2621 2455 illustribus
2679 2401 2834 2468 viris,
2897 2400 3256 2472 Stephanum
3315 2401 3559 2472 imperio
3623 2401 3832 2457 iterum

2193 2488 2499 2543 admovere
2522 2488 2647 2543 ausi
2670 2496 2804 2544 sunt
2829 2507 2842 2544 :
2867 2488 2926 2543 in
2960 2495 3296 2561 utrumque,
3329 2492 3549 2546 detecta
3570 2491 3840 2562 perfidia,

2191 2577 2444 2647 graviter
2465 2581 2550 2631 est
2580 2577 3071 2632 animadversum.
3098 2583 3233 2634 Post
3274 2578 3392 2633 haac
3422 2578 3836 2634 Constantinus

2190 2666 2516 2722 Romanum
2567 2664 2778 2734 ﬁlium,
2811 2682 3025 2722 corona
3063 2667 3358 2738 imposita,
3391 2668 3448 2721 in
3479 2671 3701 2739 partem
3733 2683 3840 2724 cu-

2189 2771 2385 2810 rarum
2437 2757 2677 2822 vocavit,
2722 2759 2785 2810 ut
2826 2771 2958 2811 eum
2991 2757 3310 2828 temperius
3341 2765 3395 2811 et
3426 2757 3537 2812 sibi
3563 2761 3620 2811 et
3650 2765 3841 2827 poste-

2187 2845 2344 2900 ritati
2377 2845 2766 2900 conformaret
2794 2846 2929 2916 (70).

2259 2934 2358 2990 ΙΧ.
2391 2939 2518 2990 Una
2549 2943 2668 2990 tum
2699 2935 3036 3007 imperatori
3065 2951 3207 2992 cura
3235 2940 3378 3006 erat,
3422 2941 3485 2991 ut
3512 2953 3755 3006 regnum
3800 2954 3835 2992 a

2186 3023 2506 3093 majoribus
2564 3023 2852 3091 relictum,
2914 3024 3087 3080 avitis
3144 3024 3462 3095 patriisque
3515 3025 3834 3082 virtutibus

2185 3118 2427 3184 regeret,
2459 3129 2567 3168 nec
2601 3117 2855 3168 extrema
2885 3130 2920 3169 a
2968 3113 3238 3168 Barbarie
3287 3113 3830 3171 dehonestarentur.

2182 3202 2606 3272 Cappadociam
2667 3202 2823 3258 enim
2883 3207 2940 3256 et
2997 3201 3359 3257 nobilissima
3410 3203 3652 3258 minoris
3681 3203 3832 3258 Asia:

428 3296 512 3344 rat
547 3307 560 3342 :
591 3271 917 3361 Stephanus
950 3294 1259 3364 praecipue,
1304 3271 1494 3362 quem-
1522 3271 1661 3349 salis
1694 3295 1818 3365 jam
1851 3296 2067 3366 procli-
2099 3271 2142 3338 Ο
2181 3271 2394 3361 oppida
2439 3289 2730 3360 Saraceni,
2799 3290 3052 3345 Tarsum
3108 3289 3446 3358 incolentes,
3507 3296 3829 3360 vastarant,

426 3393 554 3432 vem
596 3379 764 3434 facile
813 3380 1082 3451 Basilius,
1133 3383 1424 3454 particeps
1472 3383 1723 3451 consilii,
1758 3386 2060 3456 permovit.

424 3469 480 3522 Is
511 3466 652 3522 olim
685 3468 996 3525 honestum
1043 3471 1306 3528 ordinem
1357 3473 1617 3540 duxerat,
1663 3474 1749 3527 vir
1791 3473 2061 3542 callidus,

423 3562 477 3609 et
509 3555 568 3610 in
601 3558 800 3613 animo
830 3557 1110 3629 Stephani
1141 3560 1607 3631 validus,quem,
1633 3563 2067 3633 opportunitate

423 3644 584 3713 data,
619 3646 923 3702 admonuit
957 3665 970 3702 :
1005 3649 1312 3720 imperium
1353 3666 1504 3722 aegre
1533 3668 1565 3705 a
1596 3650 1884 3722 decrepito
1931 3669 2068 3708 sene

429 3733 727 3801 sustineri,
751 3735 973 3793 viribus
991 3739 1322 3810 animisque
1342 3756 1487 3809 opus
1515 3756 1665 3809 esse,
1700 3757 1769 3794 ne
1800 3739 1958 3812 Ugri,
1999 3756 2069 3797 ne

433 3821 692 3894 Bulgari,
717 3840 788 3879 ne
820 3825 1086 3881 Saraceni
1111 3827 1335 3899 aliquid
1364 3845 1640 3885 novarum
1674 3845 1867 3884 rerum
1904 3830 2072 3886 moli-

428 3915 652 3978 rentur,
686 3911 876 3966 solum
900 3914 1256 3984 Stephanum
1292 3925 1458 3971 tanta:
1491 3918 1631 3973 moli
1663 3935 1860 3989 parem
1893 3935 2022 3975 esse
2055 3937 2070 3975 :

2175 3378 2369 3449 praeda
2391 3378 2678 3434 immensa
2705 3381 2762 3434 et
2795 3377 3036 3449 captivis
3067 3377 3332 3450 plurimis
3366 3378 3655 3447 abductis,
3677 3395 3829 3450 quos

2173 3468 2356 3540 pactis
2395 3467 2650 3523 induciis
2699 3469 3013 3537 imperator
3054 3467 3270 3536 recepit
3317 3468 3448 3539 (71).
3511 3467 3822 3538 lnterjecto

2172 3563 2450 3628 tempore,
2483 3573 2636 3624 cum,
2673 3573 2822 3611 nova
2851 3556 3036 3612 classe
3065 3556 3372 3624 instructa,
3397 3555 3594 3612 Graeca
3624 3554 3823 3612 littora

2176 3647 2531 3717 obsiderent,
2566 3645 2816 3700 Basilius
2838 3645 3093 3700 secundo
3125 3644 3322 3714 praelia
3351 3660 3450 3700 eos
3475 3644 3819 3714 prostravit,

2179 3738 2249 3792 de
2280 3736 2528 3791 ducibus
2546 3734 2788 3804 captivis
2811 3733 3225 3789 Constantinus
3248 3733 3610 3803 triumphum
3632 3732 3826 3803 prisco

2183 3841 2342 3882 more
2373 3824 2491 3896 egit
2522 3824 2650 3895 (72).
2695 3823 2812 3880 Nec
2857 3823 3085 3877 minora
3115 3820 3247 3876 belli
3287 3822 3495 3886 decora
3527 3821 3736 3876 Leonis
3766 3825 3833 3876 et

2183 3913 2512 3986 Nicephori,
2539 3913 2741 3968 Phocae
2775 3912 2995 3978 Bardae,
3017 3909 3275 3982 supremi
3309 3909 3476 3965 ducis
3511 3909 3826 3978 exercitus,

2010 4015 2238 4073 NOT/E.

501 4105 611 4176 (65)
632 4111 822 4183 _Hanc_
839 4123 1110 4183 pompam
1143 4109 1509 4183 Cpnstantin.
1545 4127 1675 4183 pag.
1707 4113 1778 4166 68
1808 4128 1939 4183 sqq.
1974 4129 2068 4166 or-

426 4175 562 4254 dine
597 4175 910 4254 describit.
962 4175 1121 4254 Adde
1169 4181 1398 4254 Contin.
1444 4175 1703 4254 Theoph.
1740 4175 2065 4254 pag'.'268.

425 4250 558 4312 Quae
593 4250 764 4324 fuerit
789 4267 991 4324 sacrae
1014 4251 1252 4324 imagini
1299 4250 1623 4309 reverentia
1663 4250 1936 4321 exhibita,
1972 4271 2069 4324 ap-

428 4324 644 4395 parete
675 4321 904 4395 Gregor.
940 4321 1204 4378 Monach.
1241 4341 1371 4395 pag.
1422 4325 1549 4392 505,
1583 4326 1680 4380 ubi
1728 4325 1834 4380 hoc
1867 4321 2065 4394 praeci-

427 4405 538 4470 pue
572 4391 682 4470 telo
714 4392 769 4470 in
804 4408 1098 4470 eversores
1129 4391 1599 4470 simulacrorum,
1627 4397 1832 4452 Leonis
1863 4391 2065 4452 Arme-

429 4465 484 4512 ni
510 4466 684 4533 aetate
712 4465 913 4517 turbas
945 4473 1399 4533 commoventes,
1434 4469 1634 4522 utitur.

499 4531 708 4611 (66))γῇ
743 4533 1088 4611 Gombeﬁsio
1123 4543 1315 4594 notata
1451 4539 1850 4611 1ΟΟΑΜιιηίρυιὶ
1883 4539 2068 4611 Origi-

423 4617 554 4656 num
589 4603 729 4658 CSP.
767 4609 823 4659 et
853 4608 1108 4677 expende
1155 4603 1508 4680 verbafquaz
1549 4609 1608 4664 in
1641 4603 1756 4664 ﬁne
1784 4603 2064 4680 orationis

421 4681 740 4753 occurrunt
775 4693 786 4730 :
818 4676 934 4753 .Ὠί
978 4680 1110 4753 Qath
1149 4676 1429 4753 -ὁμοίνωμᾷ
1487 4685 1584 4734 τοῦ
1613 4676 2062 4753 ξᾶπαραλλᾶκτου

419 4743 645 4824 fa'rp‘oc,
700 4747 923 4821 φροὺρει
952 4743 1216 4824 ἑάεὶ-τὸί
1260 4743 1512 4824 εὐςιὲϐὦες⁸
1541 4751 1631 4824 καὶ
1667 4743 1854 4824 πρᾷως
1903 4754 2064 4821 ἡμῶν

422 4811 801 4895 βπσὶλεύονῖᾳ,
845 4811 968 4895 ’καὶ
1036 4821 1133 4888 τήν
1209 4829 1308 4890 τῆς
1383 4811 1721 4895 ἀποδημίας·
1757 4811 2062 4895 ’ἀνάμξίὴσίν

417 4885 689 4968 λαμπξῶς
751 4885 1101 4968 ὲορτάζονταέ
1156 4893 1213 4946 ὅν
1394 4885 1659 4968 «<2qung
1709 4915 1804 4948 σου
1841 4885 1926 4948 {ut
1963 4885 2059 4968 key

417 4963 688 5038 ueratrth
728 4960 837 5038 *καὶ
911 4966 1164 5034 πατρῷον
1247 4960 1438 5038 θρὸνοι
1473 4960 1480 4968 ’
1518 4960 1828 5038 ἀνύψωσας,
1898 4967 2060 5021 Adde

417 5033 685 5108 Lar_nbe_c.
720 5033 1040 5108 Comment:
1067 5036 1136 5108 de
1168 5033 1314 5093 Bibl.
1348 5038 1591 5094 Vindob.
1630 5033 1664 5092 i.
1699 5056 1816 5104 vm,
1852 5056 1906 5108 p.
1933 5038 2055 5102 196,

419 5112 470 5158 et
504 5103 745 5174 Pagium
780 5106 848 5157 ad
887 5121 980 5158 an.
1013 5106 1141 5173 944,
1175 5124 1232 5161 n.
1267 5108 1334 5164 V.

488 5175 600 5249 (67)
641 5175 1033 5249 Constantinus
1083 5179 1268 5248 itaque
1329 5181 1884 5249 Parphyrogennetus
1941 5191 2054 5233 tum

413 5247 678 5309 orationi,
704 5250 820 5300 tum
837 5246 1395 5318 lectionibusixacans,
1414 5246 1589 5307 toldrn
1600 5246 1658 5308 se
1673 5252 2054 5307 Dominocom-

411 5318 721 5394 mandabat,
743 5334 900 5394 opere
922 5335 1186 5376 manuum
1208 5325 1413 5378 victum
1442 5324 1773 5394 quaeritans:
1797 5339 1928 5378 sane
1952 5321 2052 5394 τὴν

414 5387 747 5464 ζιυγραφίαεί,
776 5387 838 5464 id
902 5400 981 5444 est
1022 5393 1330 5459 picturam,
1395 5387 1717 5464 pérpulrhre
1753 5393 2050 5449 exercebat.

415 5456 752 5528 Luitprand.
790 5460 825 5514 l.
889 5477 974 5524 ιιι,
1023 5456 1079 5515 ὀ.
1113 5465 1166 5517 9.
1229 5456 1357 5519 Haec
1395 5456 1500 5519 'ad'
1548 5467 1781 5520 verbum
1839 5467 1897 5518 in
1947 5481 2052 5518 suo

415 5525 694 5604 Chronico
719 5533 927 5604 repetit
949 5533 1304 5603 Sigebertus,
1339 5555 1390 5604 p.
1414 5538 1538 5592 255.
1576 5538 1596 5590 Ι
1623 5547 1726 5590 rem
1751 5553 1817 5591 ex
1842 5536 2052 5590 Gracis

409 5595 797 5720 ἓέἓῗὲιῐξιῑὶίᾃῑιίέ
831 5595 1160 5660 Continuat.
1206 5624 1262 5677 p.
1293 5595 1446 5676 '2'80,
1496 5613 1552 5663 et
1582 5610 1828 5663 Zonaras
1862 5624 1914 5674 p.
1952 5606 2054 5658 195

437 5681 718 5723 θειιιῐιῐιιῐκ

485 5737 594 5808 (68)
628 5741 940 5808 Cedrenus,
975 5763 1105 5818 pag.
1156 5749 1283 5803 633.
1327 5749 1683 5805 Vetusliores
1730 5754 1944 5814 tamen,
1979 5761 2052 5802 nc

2182 4126 2271 4166 res
2302 4107 2587 4178 vituperio
2609 4105 3195 4178 Constantinoresset,
3221 4103 3470 4178 ﬁliorum
3503 4104 3611 4159 hoc
3631 4103 3831 4161 scelus

2178 4182 2380 4245 fuisse,
2405 4176 2731 4249 perhibent,
2763 4182 2820 4233 et
2866 4177 3212 4249 inscioipso
3267 4176 3589 4249 Romanum
3641 4192 3827 4249 regno

2180 4247 2552 4324 pulsum—tv.
2600 4249 2831 4324 Simeon
2891 4248 3228 4324 Logotheta,
3261 4263 3392 4324 pa’g.
3453 4247 3576 4312 493,
3609 4248 3826 4324 caeteri,

2179 4319 2311 4378 cum
2347 4323 2562 4393 quibus
2613 4321 3010 4393 Luitprandus
3044 4322 3080 4374 Ι.
3138 4336 3192 4386 v,
3242 4319 3357 4393 c._9
3387 4319 3702 4393 consentit,
3736 4319 3827 4373 ni-

2182 4389 2476 4464 miamque
2507 4394 2564 4447 in
2608 4389 2765 4447 filios
2789 4391 3156 4447 severitatem
3187 4389 3360 4445 exitio
3391 4389 3570 4443 fuisse
3609 4390 3823 4445 Roma-

2095 4461 2142 4526 D
2177 4484 2270 4534 no,
2306 4461 2568 4521 testatur.

2246 4530 2354 4606 (69)
2391 4537 2448 4589 In
2486 4535 2902 4590 monasterium
2940 4531 3187 4606 Romani
3244 4530 3344 4585 tilii
3398 4530 3622 4606 detrusi
3656 4535 3820 4606 sunt,

2175 4601 2678 4677 quod'timendum
2712 4605 3089 4660 Constantino
3130 4608 3270 4677 erat,
3306 4617 3376 4677 ne
3409 4618 3468 4655 se
3489 4601 3820 4677 aliquando

2173 4672 2404 4738 summa
2451 4678 2730 4748 dignitate
2779 4677 3118 4748 privarent;
3166 4672 3543 4748 sic_Theoph.
3581 4673 3817 4727 Contin.

2173 4767 2228 4818 p.
2263 4751 2389 4816 274,
2442 4745 2689 4823 Zonaras
2740 4745 2796 4817 p2
2843 4747 2972 4823 Δ195,
3017 4746 3117 4800 alii
3168 4745 3576 4823 Luitprandus.
3614 4748 3822 4823 contra

2172 4813 2507 4886 auclorrest,
2559 4813 3023 4885 Constantinum,
3057 4831 3190 4872 cum
3240 4817 3412 4869 certis
3455 4813 3687 4868 indiciis
3719 4830 3817 4868 co-

2170 4893 2486 4962 gnovisset,
2521 4890 2630 4966 sibi
2661 4891 2730 4943 ab
2759 4889 2903 4958 ipsis
2935 4887 3180 4966 insidias
3213 4885 3422 4966 parari,
3451 4901 3650 4966 eorum
3683 4900 3822 4939 con-

2172 4955 2303 5017 Eilia
2343 4961 2739 5032 praevertisse,
2773 4955 2954 5032 utque
2998 4955 3468 5032 philosOphatum
3522 4956 3822 5010 mitteren-

2168 5039 2284 5099 tur,
2311 5029 2584 5102 jussisse.
2619 5029 3000 5100 Philosophia
3039 5030 3190 5102 enim
3229 5031 3467 5102 nomine
3493 5043 3656 5082 sacra
3687 5041 3822 5081 mo—

2169 5099 2487 5158 nachorum
2523 5104 2716 5157 studia
2765 5099 2980 5170 passim
3013 5100 3085 5153 ab
3142 5101 3270 5169 ejus
3318 5099 3527 5170 aetatis,
3568 5102 3626 5151 et
3653 5103 3820 5170 vetu-

2167 5176 2440 5230 stioribus
2499 5168 2894 5245 scriptori—bus
2938 5168 3357 5227 memorantur.
3417 5169 3482 5222 V.
3544 5168 3811 5223 Cotelerii

2165 5246 2532 5320 Monumenla,
2568 5244 2684 5320 ιςι,
2720 5263 2772 5315 p.
2807 5244 2924 5320 181-,
2956 5245 3107 5320 187._
3175 5316 3183 5320 Α
3490 5311 3509 5320 _
3609 5309 3645 5320 υ

2239 5319 2349 5389 (70)
2381 5309 2588 5373 Misere
2621 5309 2738 5370 hic-
2761 5318 2953 5389 omnia
2998 5313 3192 5367 turbat
3248 5320 3347 5389 Aetﬁ
3371 5309 3677 5365 confundit
3721 5309 3811 5364 El-

2166 5382 2435 5443 macinus
2467 5391 2523 5442 in
2560 5389 2755 5443 Histor.
2788 5385 3049 5439 Saraccn.
3084 5399 3214 5453 pag.
3246 5382 3372 5435 218.

2237 5461 2350 5528 (71)
2390 5460 2616 5514 Contin.
2649 5456 2984 5528 TheOphan.
3020 5453 3304 5528 pags275.

2235 5521 2349 5600 (72)
2385 5533 2559 5592 idem,
2595 5546 2720 5598 pag.
2753 5521 2876 5600 282.
2931 5521 3073 5600 Ejus
3100 5521 3378 5600 triumphi
3433 5521 3803 5600 splendorem

2165 5593 2485 5670 imperator
2516 5602 2572 5654 in
2597 5593 2776 5670 opere
2823 5599 2894 5653 De
2940 5593 3297 5651 caerimoniis
3319 5596 3554 5664 Byzant.
3590 5593 3808 5648 descri-

2163 5674 2298 5744 psit,
2333 5690 2386 5743 p.
2419 5673 2540 5726 351.
