4234 6316
266 282 339 340 65

901 277 1002 337 DE
1048 276 1234 338 VlTA
1278 275 1377 335 ET
1422 271 1675 334 REBUS
1718 268 1989 331 GESTIS
2033 266 2558 332 CONSTANTINI
2601 271 3103 337 PORPHYBOG.
3621 285 3700 344 66

277 415 565 484 ﬁliorum,
616 416 810 471 fuere.
858 409 984 477 Qui,
1017 425 1152 465 cum
1191 411 1375 480 pater,
1408 408 1578 464 annis
1610 404 1941 475 morbisque
1973 405 2027 471 Α
2054 401 2114 457 in
2137 402 2365 460 Graecos
2388 408 2443 460 et
2490 406 2808 463 Germanos
2831 408 3204 479 suscepisset,
3226 411 3296 466 ab
3320 412 3525 468 Ottone
3548 415 3687 486 imp.

285 506 503 578 gravis,
536 504 710 561 hosti
749 507 856 558 tam
887 499 1080 568 feroci,
1111 502 1233 554 tam
1278 498 1511 564 callido,
1543 499 1731 568 impar
1771 496 1947 562 esset,

290 599 428 655 belli
479 598 810 654 discrimen
859 592 1110 661 subiere,
1157 594 1214 646 et
1260 591 1477 647 domito
1522 588 1758 645 Chalebi
1797 603 1943 659 prae-

294 687 470 755 fecto,
495 687 709 742 urbem
745 681 1168 753 triumphantes
1200 681 1499 736 intrarunt
1524 679 1657 751 (73).
1694 675 1947 732 Victoriae

296 778 525 833 fructus
574 776 715 830 urbs
746 774 1049 829 Samosata
1097 769 1230 837 fuit,
1261 786 1295 824 a
1324 769 1539 825 Basilio
1572 768 1632 822 in
1665 766 1945 821 ditionem

297 866 553 921 redacta.
574 864 791 921 Eodem
813 866 1097 931 tempore,
1122 876 1181 914 re
1199 858 1445 914 feliciter
1470 859 1529 914 in
1551 856 1743 911 Africa
1764 861 1944 926 gesta,

293 970 361 1010 ex
405 958 649 1025 Egypto
692 957 749 1009 et
788 949 983 1006 Persia
1029 948 1226 1020 legati,
1261 962 1542 1011 renovare
1585 947 1840 1011 dextras,
1881 945 1946 997 ut

293 1059 441 1097 nova
489 1040 708 1095 foedera
755 1054 1108 1110 componere
1169 1037 1487 1106 cupientes,
1529 1049 1754 1101 venere,
1788 1030 1943 1103 quod

291 1130 404 1186 sibi
456 1129 860 1201 magniﬁcum,
924 1132 984 1183 ut
1041 1130 1184 1193 erat,
1234 1126 1547 1194 imperator
1591 1122 1760 1178 duxit
1809 1120 1942 1190 (74).

294 1219 499 1275 Postea
527 1218 762 1272 turbare
789 1216 1023 1272 fortuna
1052 1213 1244 1286 ccepit.
1270 1218 1307 1266 E
1341 1213 1511 1269 Creta
1540 1212 1695 1267 enim
1728 1209 1945 1274 insula,

293 1325 508 1379 magna
528 1308 954 1363 Saracenorum
986 1306 1158 1360 turba
1178 1320 1511 1372 erumpens,
1537 1301 1790 1373 navigia,
1814 1316 1944 1370 quae

294 1397 484 1455 Grmci
507 1395 876 1451 validissima
905 1395 963 1449 in
997 1410 1156 1450 mare
1185 1394 1566 1460 deduxerant,
1590 1394 1692 1446 aut
1724 1388 1944 1458 mersit,

297 1492 405 1544 aut
453 1484 736 1542 cremavit
766 1501 780 1538 :
816 1500 993 1539 causa
1024 1483 1374 1539 calamitatis
1402 1482 1619 1537 ducum
1651 1477 1943 1549 negligen-

301 1575 382 1632 tia
442 1578 499 1630 et
547 1572 841 1645 imperitia
899 1573 1031 1628 fuit.
1088 1571 1205 1628 Nec
1263 1570 1483 1627 amissa
1534 1567 1945 1625 Constantinus

296 1663 590 1735 Gongylas
613 1660 925 1733 reparavit,
950 1661 1092 1732 quin
1115 1660 1312 1732 potius
1332 1660 1391 1714 in
1415 1674 1716 1714 summum
1748 1654 1948 1711 discri-

295 1766 434 1805 men
466 1764 588 1804 rem
614 1747 944 1803 Graecorum
979 1747 1153 1802 traxit
1190 1746 1636 1843 (75)“l’ostremp
1664 1741 1946 1843 N-icepbo-
1976 1780 2023 1843 Β

292 1855 396 1894 rus
425 1838 670 1904 Phocas,
695 1852 903 1892 novam
936 1834 1187 1891 classem
1215 1833 1479 1899 molitus,
1499 1833 1558 1887 in
1590 1835 1813 1887 Cretam
1840 1828 1947 1885 sol-

292 1928 395 1997 vit,
450 1929 596 1983 fusis
658 1924 948 1992 hostibus,
1003 1941 1163 1981 arces
1219 1924 1676 1991 munitissimae,
1737 1922 1795 1976 in
1854 1920 1947 1975 his

293 2016 688 2087 Chandacem,
708 2014 1078 2071 tutissimum
1110 2012 1302 2085 gentis
1332 2012 1691 2083 praesidium,
1717 2010 1946 2079 excidit,

294 2105 491 2174 urbes,
528 2104 813 2177 praefectis
842 2102 948 2158 sub
976 2104 1188 2174 jugum
1220 2101 1439 2168 missis,
1464 2100 1700 2171 recepit,
1734 2102 1798 2155 ut
1828 2114 1949 2153 mc-

294 2195 589 2250 tuendum
639 2198 814 2257 esset,
863 2208 957 2258 ne,
992 2196 1152 2246 tanto
1181 2185 1461 2247 successu
1491 2205 1688 2245 rerum
1736 2187 1948 2252 elatus,

296 2298 555 2355 regnum
596 2282 893 2337 aﬁ‘ectaret
924 2278 1038 2349 (76)
1071 2298 1085 2335 :
1118 2279 1267 2349 quod
1297 2284 1514 2348 tamen,
1561 2280 1646 2332 sic
1693 2275 1948 2331 volenti-

299 2375 411 2427 bus
462 2372 625 2437 fatis,
675 2368 834 2425 brevi
879 2375 1221 2424 consecutus
1263 2372 1368 2423 est.
1411 2368 1564 2436 Haec,
1608 2381 1946 2437 quanquam

301 2460 497 2530 plures
544 2476 649 2531 per
680 2474 864 2513 annos
892 2460 1070 2527 gesta,
1102 2457 1399 2528 conjunxi,
1448 2473 1518 2512 ne
1548 2456 1730 2511 divisa
1777 2453 1946 2509 taedio

303 2552 453 2603 forte
480 2548 756 2603 lectorem
788 2546 1099 2603 efﬁcerent.

378 2638 452 2692 X.
481 2638 555 2691 At
598 2637 658 2691 in
708 2636 949 2691 Thracia
993 2634 1211 2705 dispari
1244 2640 1446 2692 eventu
1485 2638 1805 2708 pugnatum
1837 2637 1943 2701 est,

296 2724 529 2790 Turcis,
556 2724 652 2795 qui
676 2728 732 2779 et
756 2721 992 2795 Ungari,
1016 2724 1310 2794 proximos
1332 2741 1433 2794 per
1453 2739 1693 2795 campos
1721 2722 1944 2790 effusis,

293 2828 363 2867 eo
406 2811 742 2883 violentius,
774 2813 954 2884 quod,
1002 2813 1299 2870 distractis
1338 2818 1464 2868 tum
1505 2812 1709 2885 coPiis,
1741 2812 1947 2868 ducem

296 2910 602 2956 strenuum
636 2902 745 2957 sibi
763 2905 993 2960 obviam
1016 2904 1263 2970 iturum,
1283 2920 1398 2958 non
1426 2901 1948 2957 rebantur.ll1issus

298 2992 359 3047 in
412 2991 518 3046 hos
553 2991 777 3048 Pothus
808 2996 1089 3066 Argyrus,
1124 2992 1424 3065 patricius,
1459 2995 1698 3047 onustos
1732 2991 1945 3062 praeda,

301 3095 492 3151 eoquc
522 3079 895 3151 impeditiore
933 3083 1166 3155 agmine
1210 3086 1435 3147 euntes,
1469 3079 1662 3134 subito
1712 3080 1945 3148 invasit,

294 3168 564 3240 captivos
603 3174 660 3225 et
685 3173 891 3241 prada:
922 3178 1147 3243 partem
1182 3171 1396 3241 recepit
1434 3171 1570 3241 (77).
1603 3168 1781 3225 Paulo
1814 3173 1947 3225 ante

295 3260 417 3313 duo
450 3274 519 3314 ex
551 3258 908 3329 primoribus
934 3261 1147 3333 gentis,
1179 3260 1278 3331 qui
1310 3274 1442 3314 cum
1470 3259 1641 3313 turba
1666 3274 1947 3314 convena-

296 3363 454 3414 rum,
488 3350 589 3400 aut
630 3346 688 3401 in
733 3348 976 3420 Gracia,
1019 3355 1121 3405 aut
1150 3350 1210 3405 in
1244 3347 1534 3419 Bulgaris,
1569 3346 1712 3402 forte
1743 3364 1949 3403 conse-

294 3437 529 3501 derant,
566 3451 710 3506 pace
759 3438 821 3492 in
872 3443 1219 3511 perpetuum
1269 3452 1401 3492 cum
1451 3435 1800 3507 imperatore
1848 3436 1947 3492 ﬁr-

296 3533 480 3596 mata,
514 3541 681 3582 sacra
717 3526 1065 3595 Christiana,
1100 3532 1280 3597 utque
1308 3524 1535 3581 lustrali
1571 3542 1718 3597 aqua
1747 3527 1947 3597 expia-

298 3621 523 3685 rentur,
558 3615 948 3688 postularunt.
1003 3615 1204 3687 Gylas,
1254 3613 1571 3683 Hierothei,
1617 3631 1793 3685 quem
1843 3632 1949 3687 pa-

296 3704 559 3762 triarcha
589 3720 889 3761 sacrorum
918 3720 1020 3776 per
1050 3705 1321 3759 Turciam
1352 3702 1669 3757 antistitem
1704 3703 1951 3769 dixerat,

299 3795 606 3867 praeceptis
644 3794 978 3860 institutus,
1010 3792 1072 3846 in
1116 3791 1230 3844 fide
1275 3788 1618 3861 permansit,
1653 3790 1867 3861 pietate
1897 3796 1955 3846 et

301 3883 514 3939 ceteris
533 3883 812 3939 virtutum
838 3878 1197 3937 ornamentis
1226 3878 1477 3949 insignis
1502 3894 1515 3933 :
1550 3878 1692 3934 alter
1722 3895 1851 3935 mox
1881 3880 1952 3936 ad

301 3975 511 4029 avitam
546 3973 1023 4045 superstitionem
1055 3970 1333 4041 relapsus,
1369 3985 1501 4024 cum
1535 3971 1955 4041 expeditionem

2058 499 2285 565 captus,
2318 513 2548 568 poenam
2590 497 2776 568 capite
2819 499 3089 568 persolvit
3118 500 3253 572 (78).
3287 503 3573 560 Caeterum
3604 521 3694 561 ea-

2053 583 2183 637 dem
2209 584 2411 655 religio
2442 586 2664 643 Russos
2694 587 3017 643 incesserat
3041 608 3053 656 ;
3080 591 3294 661 quibus
3317 591 3457 649 olim
3485 612 3518 649 a
3548 596 3702 650 Basi-

2055 670 2131 725 lio
2179 674 2507 744 Macedone,
2540 692 2642 731 avo
2676 675 2756 747 [L.
2808 678 2952 750 XXI]
2994 680 3386 749 Constantini,
3422 683 3536 739 icto
3588 684 3701 738 foe-

2054 762 2190 815 dere
2234 761 2427 817 aditus
2466 765 2537 818 ad
2584 782 2779 822 sacros
2808 756 3031 835 fontes,
3080 772 3294 841 prmsul
3351 773 3424 828 ab
3478 774 3700 845 Ignatio

2054 849 2404 920 patriarcha,
2445 852 2616 908 datus
2664 855 2850 910 fuerat
2888 858 3024 928 (79).
3076 858 3237 931 Elga,
3294 878 3467 932 quam
3511 863 3696 919 Graeci

2053 938 2319 994 nonnulli
2344 941 2619 997 Helenam
2651 949 2877 1011 vocant,
2904 947 3152 1018 Ingoris,
3185 948 3369 1005 hostis
3401 954 3697 1022 quondam

2051 1024 2442 1097 imperatoris,
2485 1034 2616 1100 post
2670 1033 2841 1087 amici
2894 1040 2949 1088 et
2997 1036 3162 1103 socii,
3219 1039 3417 1107 vidua,
3479 1041 3698 1114 stipata

2055 1115 2412 1187 principibus
2450 1120 2665 1190 gentis,
2697 1121 3055 1194 Byzantium,
3105 1130 3172 1181 ut
3224 1126 3282 1181 in
3337 1133 3695 1187 consortium

2052 1220 2354 1260 sacrorum
2405 1208 2779 1280 reciperetur,
2829 1214 3093 1269 accessit.
3129 1214 3444 1286 Splendide
3484 1236 3517 1275 a
3546 1219 3695 1276 Con-

2052 1294 2305 1349 stantino
2327 1304 2583 1368 excepta,
2606 1304 2663 1354 et
2684 1300 3027 1358 muneribus
3050 1307 3220 1359 aucta
3250 1308 3339 1360 est
3357 1306 3469 1378 (80)
3494 1327 3509 1375 ;
3534 1309 3698 1365 addit

2052 1382 2414 1440 Theodosius
2444 1386 2787 1455 Kioviensis,
2816 1389 3227 1462 imperatorem
3259 1393 3486 1450 feminae
3509 1397 3696 1454 forma

2051 1471 2350 1527 excellenti
2395 1476 2768 1533 matrimonio
2798 1479 2973 1551 jungi
3022 1481 3296 1553 voluisse,
3341 1485 3438 1539 sed
3487 1485 3696 1544 tulisse

2051 1577 2399 1633 responsum
2429 1580 2443 1619 :
2468 1580 2583 1620 non
2615 1582 2785 1636 posse
2814 1585 2876 1624 se
2908 1586 3146 1627 uxorem
3169 1573 3295 1643 ejus
3323 1590 3471 1645 esse,
3498 1577 3598 1647 qui
3630 1594 3693 1633 se

2052 1648 2205 1704 inter
2242 1650 2513 1708 lustralia
2547 1671 2708 1711 sacra
2747 1656 2805 1713 in
2852 1657 3032 1714 ﬁliam
3080 1661 3413 1733 adoptasset
3456 1665 3591 1735 (81).
3631 1671 3689 1722 Is

2052 1753 2254 1793 rumor
2300 1755 2502 1797 eorum
2556 1747 2882 1816 temporum
2924 1747 3052 1817 fuit,
3094 1749 3186 1804 cui
3226 1751 3401 1808 ﬁdem
3459 1754 3692 1821 adimit,

2057 1829 2207 1897 quod
2242 1828 2300 1883 in
2324 1829 2467 1885 vivis
2488 1836 2641 1888 esset
2670 1833 2885 1891 Helena
2913 1840 3196 1906 Augusta,
3232 1843 3288 1895 et
3317 1841 3697 1899 abhorrerent

2056 1933 2089 1972 a
2134 1917 2454 1988 peregrinis
2485 1923 2795 1979 connubiis
2827 1924 3223 2000 imperatores,
3274 1936 3338 1985 ut
3386 1931 3511 2003 ipse
3543 1935 3695 1989 Con-

2054 2007 2372 2075 stantibus,
2404 2008 2553 2065 inter
2573 2016 2765 2067 cetera
2793 2014 2863 2068 de
2903 2018 3191 2072 servanda
3222 2018 3524 2089 majestate
3556 2039 3697 2091 prae-

2056 2100 2241 2167 cepta,
2273 2095 2479 2168 ﬁlium,
2513 2116 2584 2155 ne
2613 2099 2714 2157 illa
2746 2119 3005 2173 unquam
3036 2112 3345 2178 expeteret,
3379 2110 3697 2169 admonue-

2056 2183 2130 2238 rit
2164 2185 2298 2254 (82).
2345 2187 2503 2242 Missi
2546 2204 2676 2244 cum
2708 2190 2848 2261 Elga
2886 2194 3237 2266 sacerdotes,
3269 2197 3370 2267 qui
3411 2199 3695 2257 deformia

2056 2271 2362 2330 simulacra
2409 2275 2750 2347 cultumque
2799 2280 3034 2350 penitus
3079 2282 3395 2341 obolerent.
3452 2292 3541 2343 An
3592 2290 3691 2346 diu

2053 2377 2194 2432 gens
2227 2365 2529 2433 promissis
2562 2368 2809 2437 steterit,
2849 2370 3159 2427 incertum.
3194 2374 3474 2431 Traditur
3514 2377 3697 2444 fama,

2053 2451 2279 2507 venisse
2309 2451 2612 2522 interjecto
2642 2458 2901 2524 tempore
2926 2458 2996 2512 ad
3029 2458 3299 2515 Ottonem
3334 2462 3475 2534 imp.
3518 2481 3552 2519 a
3579 2464 3700 2520 Ru-

2053 2539 2161 2611 gis,
2194 2557 2297 2596 seu
2338 2541 2558 2612 Russis,
2592 2548 2867 2613 oratores,
2901 2546 2999 2616 qui
3037 2548 3315 2605 doctrinae
3356 2551 3696 2609 Christianae

2055 2629 2394 2701 interpretes
2435 2632 2650 2703 populo
2681 2640 3014 2705 expeterent
3046 2654 3058 2691 :
3095 2638 3259 2694 facile
3294 2642 3562 2699 annuisse
3593 2646 3697 2699 Ot-

2055 2724 2275 2790 tonem,
2323 2725 2379 2776 et
2429 2722 2801 2780 Adelbertum
2872 2726 3135 2799 aliosque
3206 2731 3525 2801 ablegasse,
3594 2734 3695 2789 sed

2056 2824 2259 2864 omnes
2282 2825 2315 2864 a
2344 2811 2566 2881 perﬁda
2595 2818 2764 2884 gente
2796 2820 2899 2871 aut
2937 2833 3139 2887 caesos,
3174 2825 3275 2873 aut
3305 2822 3459 2876 omni
3488 2828 3692 2880 contu-

2057 2898 2229 2953 melia
2286 2900 2523 2956 aﬁ‘ectos
2572 2918 2720 2971 esse,
2771 2905 2963 2962 solum
3005 2908 3373 2965 Adelbertum
3415 2914 3692 2970 evasisse.

2056 2989 2210 3055 Quae,
2264 2987 2399 3043 licet
2435 3006 2468 3044 a
2513 2989 2834 3063 Reginone,
2882 3005 3117 3052 auctore
3174 3015 3289 3055 non
3339 2999 3694 3074 indiligenti,

2058 3081 2376 3132 memorata
2420 3078 2556 3151 (83),
2608 3080 2797 3137 aliena
2846 3102 2879 3139 a
2925 3101 3080 3153 vero,
3114 3093 3217 3141 aut
3257 3089 3531 3146 confusas
3569 3109 3701 3150 esse

1978 3141 2021 3209 (ἶ
2058 3164 2320 3221 nationes
2370 3167 2605 3224 dissitas
2661 3186 2729 3227 ac
2786 3172 3043 3230 diversas
3074 3176 3343 3233 arbitror.
3390 3178 3502 3234 Cur
3540 3182 3698 3237 enim

2058 3270 2175 3310 non
2206 3271 2240 3309 a
2269 3254 2483 3311 Graecis
2513 3258 2708 3329 potius
2738 3277 2912 3333 quam
2948 3280 2981 3319 a
3012 3264 3257 3333 Latinis,
3300 3266 3474 3324 Russi
3504 3286 3695 3326 sacer-

2055 3344 2220 3399 dotes
2270 3343 2706 3414 postulassent.’
2752 3355 2853 3405 aut
2891 3353 3020 3423 quis
3064 3358 3327 3411 veterum
3384 3362 3693 3416 auctorum

2054 3433 2187 3488 illos
2220 3432 2412 3503 Rugos
2440 3436 2753 3507 appellavit
2781 3440 2808 3493 ?
2836 3440 2952 3497 Hos
2984 3440 3102 3498 loca
3136 3443 3289 3499 inter
3327 3445 3606 3504 Viadrum
3640 3455 3699 3506 et

2055 3522 2344 3577 Vistulam
2377 3522 2604 3592 ﬂuvios,
2631 3527 2701 3581 ad
2734 3528 2931 3584 sinum
2962 3530 3262 3587 Codanum
3296 3540 3579 3605 porrecta,
3608 3555 3699 3595 co-

2057 3611 2237 3667 luisse
2259 3612 2588 3682 accepimus
2618 3634 2630 3670 :
2668 3618 2738 3670 ad
2774 3617 2876 3673 hos
2898 3619 3267 3690 Adalbertus,
3292 3622 3342 3676 is
3373 3625 3471 3692 qui
3501 3631 3703 3695 postea

2060 3698 2552 3767 Magdeburgicus
2591 3703 2803 3770 praesul
2834 3705 2963 3775 fuit,
2997 3710 3062 3761 ut
3093 3708 3565 3778 superstitionem
3598 3714 3703 3768 foe-

2062 3790 2197 3844 dam
2230 3796 2283 3846 et
2329 3783 2603 3845 infamem
2636 3792 3045 3866 exstingueret,
3078 3797 3340 3852 accessit.
3379 3797 3578 3871 Neque
3616 3819 3706 3859 me

2062 3880 2435 3952 scriptorum,
2483 3880 2579 3951 qui
2622 3884 2808 3939 secuti
2860 3886 3175 3957 Hegionem
3216 3891 3355 3942 sunt
3411 3888 3547 3961 (84),
3599 3910 3704 3949 nec

2059 3970 2305 4027 Joannis
2356 3969 2699 4040 Mabillonii,
2743 3973 2937 4044 magni
2967 3974 3074 4031 viri
3118 3975 3429 4047 imprimis,
3481 3980 3705 4039 Russus

1889 4070 2121 4127 NOTAE.

371 4172 489 4243 (73)
518 4170 832 4226 Avaritiam
870 4168 1069 4224 Bardzs
1101 4166 1329 4243 Phoce,
1370 4167 1631 4238 supremi
1661 4170 1948 4224 exercitus

2058 4183 2190 4247 pag.
2226 4167 2482 4247 636,_ubi
2524 4185 2631 4247 pro
2658 4169 2890 4247 _Joann_e
2923 4173 3280 4247 Francorum
3331 4191 3463 4246 rege
3502 4174 3696 4247 legen-

298 4240 491 4307 ducis,
564 4243 625 4296 in
700 4242 971 4296 ultimam
1042 4240 1358 4312 perniciem
1427 4243 1944 4312 rem__Graecorum
1982 4284 2023 4312 η
2055 4243 2191 4295 dum
2235 4254 2248 4294 :
2290 4242 2503 4312 ottone.
2554 4242 2711 4297 Adde
2752 4243 3039 4300 Inchoferi
3081 4246 3279 4301 Histor.
3316 4240 3510 4303 E05165.
3554 4240 3699 4304 Hun-

298 4284 572 4396 tr‘axi‘sse,
590 4284 888 4396 aedrenus
911 4311 1010 4396 ait,
1032 4284 1221 4384 €637
1248 4314 1502 4396 ;‘de.qu0
1525 4309 1701 4396 sileat
1718 4312 1944 4396 Contin.
1978 4284 2024 4348 Π
2053 4326 2320 4396 εμιζςξωερλὶἰῖ
2339 4311 2464 4396 958..

296 4385 695 4456 Theophanis,
761 4381 1126 4455 Logothet'es,
1190 4381 1424 4453 caeteri,“
1460 4381 1587 4456 qui
1618 4382 1945 4452 Nicephoro

298 4454 693 4524 triumphalia
724 4454 1065 4512 ornamenta
1086 4474 1119 4512 a
1147 4456 1527 4513 Constantino
1560 4454 1791 4509 decreta
1819 4470 1948 4510 esse

298 4529 694 4583 tradiderunt.
746 4526 1080 4592 Cedremus,
1149 4526 1338 4597 ipsum
1400 4530 1814 4596 imperatorem
1875 4526 1946 4580 de

298 4600 621 4677 Chabdano
668 4604 726 4677 et
754 4597 995 4669 captivis
1033 4599 1336 4677 Saracenis
1366 4597 1731 4677 tr_iumph_um
1764 4597 1949 4677 egisse

300 4672 499 4738 refert,
543 4670 697 4741 quod
746 4667 969 4735 verum,
1002 4675 1059 4724 et
1098 4670 1156 4724 in
1189 4685 1361 4740 opere
1393 4673 1468 4726 De
1507 4667 1816 4741 aestimem,
1848 4667 1946 4722 ubi

302 4758 489 4813 supra
520 4740 818 4813 proditum
850 4748 932 4795 est
966 4741 1279 4797 memoriae.
1313 4741 1475 4798 Conf.
1505 4740 1766 4810 Theoph.
1798 4742 1946 4794 Con-

300 4812 411 4869 tin’.
446 4830 505 4869 ο.
526 4812 663 4868 288.

376 4830 1063 4955 ξῆἶίὲξξὶίηητιλθοριλ.
1125 4901 1182 4955 p.
1236 4884 1367 4939 284.
1418 4885 1601 4940 Etiam
1643 4880 1834 4955 Gallos
1874 4879 1946 4935 ad

302 4952 758 5012 Constantinum
779 4952 1001 5025 legatos
1030 4959 1087 5010 et
1110 4952 1339 5012 obsides
1371 4957 1618 5019 misisse,
1634 4952 1800 5025 idem
1826 4969 1950 5023 pro-

302 5029 410 5096 dit,
445 5044 499 5098 p.
548 5028 670 5084 183.
705 5028 785 5081 Ab
818 5024 990 5081 Italia:
1031 5042 1185 5153 rege,
1220 5026 1590 5099 Berengario,
1624 5024 1947 5109 Luitpran-

304 5100 418 5153 dus
452 5098 807 5153 Ticinencis.
840 5102 1053 5153 orator.
1125 5098 1626 5153 onstantinonolin
1658 5099 1947 5153 protectus

304 5100 418 5154 dus
452 5098 807 5163 Ticinencis,
840 5102 1053 5166 orator,
1080 5098 1626 5170 Constantinopolin
1658 5098 1950 5167 profectus

306 5176 417 5221 est-
449 5173 517 5221 V-
542 5170 647 5221 lib.
680 5185 756 5221 vi.
788 5183 839 5221 c.
874 5169 925 5221 1.

306 5176 417 5226 est.
449 5173 517 5226 V.
542 5170 647 5225 lib.
680 5185 756 5233 v1,
788 5183 839 5223 c.
874 5170 925 5222 1.

378 5243 488 5311 (75)
522 5245 792 5305 Zonaras,
829 5256 887 5310 p.
934 5239 1057 5294 195.
1089 5239 1405 5310 Cedrenus,
1445 5258 1502 5313 p.
1535 5239 1660 5294 640.
1720 5236 1949 5293 Contin.

305 5312 847 5393 Thesea-133297;.
988 5380 1001 5393 .
1157 5384 1167 5393 .
1247 5388 1277 5393 _
1456 5312 1459 5313 ί
1540 5384 1559 5393 -
1653 5382 1665 5393 .

304 5380 489 5512 2996)
519 5380 751 5441 Cohtin.
783 5380 1123 5467 Theophan.
1154 5384 1212 5438 in
1246 5388 1504 5441 Romano
1533 5382 1791 5448 Juniore,
1817 5395 1949 5453 pag.

415 5499 427 5511 .
459 5462 652 5512 Lupus
674 5452 1059 5512 Protosoatha
1088 5471 1148 5509 in
1178 5455 1351 5512 Cron.
1385 5473 1479 5512 an.
1522 5455 1603 5510 Ch
1622 5453 1753 5510 961.

415 5499 427 5511 .
459 5452 652 5531 Lupus
674 5452 1059 5531 Protospatha
1088 5454 1148 5509 in
1178 5455 1351 5531 Gron.
1385 5473 1479 5513 an.
1522 5455 1603 5531 Ch
1622 5453 1753 5510 961.

377 5529 483 5598 (77)
516 5522 753 5587 Simeon
786 5522 1102 5598 Logotheta
1131 5542 1187 5598 p.
1222 5528 1349 5594 496,
1383 5528 1594 5585 caeteri.

377 5532 463 5597 (77
516 5532 753 5587 Simeon
786 5532 1102 5595 Logotheta
1131 5542 1187 5598 p.
1222 5532 1349 5594 496,
1383 5532 1594 5585 caeteri.

376 5532 485 5675 (78g
532 5603 747 5659 Zonar.
809 5613 869 5668 p.
923 5593 1043 5650 194.
1089 5598 1408 5668 Bologuden
1461 5602 1648 5656 vocat.
1706 5596 1950 5651 Cedren.

2126 4382 2241 4458 (79)
2281 4381 2647 4458 constantin.
2715 4384 3150 4458 Porphyrogen.
3212 4390 3271 4445 in
3321 4390 3456 4446 Vita
3498 4391 3699 4447 Basilii

2055 4454 2268 4507 Maced.
2308 4453 2431 4508 211.
2463 4454 2666 4532 Zonar.
2693 4453 2842 4527 pagI
2870 4453 2989 4532 173.
3017 4453 3435 4532 Fragmentum
3460 4463 3531 4516 de
3561 4469 3701 4519 Rus—

2056 4538 2252 4579 sorum
2320 4527 2717 4591 conversione,
2760 4544 2793 4581 a
2833 4527 3228 4586 Bandurio'in
3279 4534 3582 4590 Animadv.
3628 4538 3700 4590 ad

2053 4595 2420 4672 constantia.
2461 4597 2534 4651 De
2572 4597 2781 4652 admin.
2822 4601 2955 4672 imp.
3002 4618 3057 4672 p.
3095 4603 3196 4657 112
3227 4605 3468 4660 editum.
3516 4606 3700 4661 Etiam

2055 4664 2333 4721 Michaele
2377 4667 2720 4733 imperante,
2754 4664 2936 4727 sacris
2986 4664 3447 4732 Christianorum
3489 4677 3703 4732 initiati

2056 4738 2528 4820 sunt_pon.nulli.
2571 4739 2799 4820 Gentis.
2851 4741 3152 4820 constant.
3206 4747 3308 4820 lib.
3352 4765 3426 4817 1v,
3471 4766 3527 4820 p.
3582 4750 3703 4818 120,

2057 4807 2443 4891 quo‘ghrotius
2470 4811 2710 4891 respicit
2737 4810 2796 4867 in
2828 4814 3071 4891 epistola
3089 4807 3424 4891 Aencyclica,
3544 4820 3629 4873 16.

2150 4879 2241 4951 80)
2273 4879 2593 4960 Ομοᾱ-ἱρεό
2616 4879 2931 4960 κωθαξρξῖω
2962 4879 3233 4960 prodidit.
3260 4890 3300 4947 l.
3333 4879 3415 4946 ιι]
3440 4879 3511 4947 De
3539 4890 3702 4947 caeri-

2058 4968 2208 5027 moig.
2227 4952 2383 5027 culte
2412 4953 2645 5027 Bymnt.
2680 4973 2735 5027 p.
2768 4956 2891 5013 343.

2128 5024 2255 5095 (81),
2281 5025 2389 5078 An.
2436 5025 2562 5093 955,
2606 5024 2800 5095 p._96.
2842 5031 3039 5085 Obiter
3076 5032 3365 5088 notandus
3404 5038 3492 5089 est
3534 5026 3700 5082 Orbi-

2063 5111 2173 5172 pus
2233 5094 2709 5172 [leguminaqui
2750 5099 2823 5154 in
2883 5118 3055 5172 regno
3113 5104 3330 5158 Slavor.
3374 5120 3431 5171 p.
3476 5103 3547 5156 92
3588 5110 3703 5172 εεΙτν

2057 5166 2283 5245 ῌΙεαω,
2322 5166 2504 5245 quam
2551 5171 2608 5223 et
2626 5166 2874 5241 'Olgam,
2911 5166 3128 5245 Regino
3171 5166 3474 5245 Helenam,
3517 5166 3708 5245 vgpa}.

2058 5233 2284 5317 Joanne
2318 5233 2562 5317 Zimisce
2615 5233 2897 5317 regnante
2935 5233 3194 5317 Bizantii
3235 5244 3306 5295 ad
3348 5233 3513 5292 sacra
3541 5233 3711 5287 Chri-

2060 5310 2249 5365 stiana
2280 5310 2596 5365 accessisse
2624 5310 2847 5367 scribit.
2983 5310 3002 5317 ⁷
3626 5363 3662 5372 ..

2060 5381 2243 5506 B(ei)
2276 5381 2350 5435 De
2398 5364 2919 5457 udmihisvtrriiap.
2978 5401 3106 5456 cap.
3171 5380 3259 5442 13,
3321 5389 3376 5439 ρ.
3437 5373 3529 5435 65,
3573 5364 3717 5420 edit.

2108 5470 2179 5506 an
2231 5492 2244 5504 .

2108 5470 2244 5508 800.

2132 5522 2246 5594 (83)
2278 5521 2365 5594 ᾼᾱ
2394 5537 2500 5594 an_._
2519 5522 2647 5591 959,
2680 5539 2738 5594 pA.
2767 5523 2862 5594 54,
2894 5526 3032 5582 edit.
3064 5509 3312 5594 S_chard.

2129 5585 2248 5663 (84)
2277 5585 2643 5659 Compilator
2667 5585 2885 5649 Chron.
2925 5585 3200 5658 Magdeb.
