4234 6316
303 350 379 410 89
1165 348 1266 408 DE
1307 346 1774 410 CEBIMONIIS
1822 350 2057 414 AUL/E
2099 353 2570 415 BYZANTINIE
2611 352 2759 415 LIB.
2807 356 2858 413 Ι.
3630 357 3709 417 90

298 480 413 537 εἶτα
440 480 761 538 κελεύουσιν
820 476 1046 540 τούτνυς
1103 480 1124 514 ⁷
1181 479 1239 533 οἱ
1277 475 1533 537 δεσπόται
1604 481 1825 558 ἄγεσθαι
1859 480 1947 537 ἐπὶ

2063 486 2394 543 instituant.
2428 487 2799 559 Egredientes
2834 484 2921 541 illi
2951 483 3061 542 hoc
3090 483 3363 542 omnibus
3411 486 3708 544 cubicula-

1657 598 1896 657 VARI/E
1928 602 2339 659 LECTIONES.

373 668 397 702 ⁷
426 666 642 729 τούτοις
674 669 764 727 ed.

1362 766 1565 823 JOAN.
1591 767 1734 823 JAC.
1772 769 2032 827 RElSKII
2053 772 2646 831 COMMENTARIUS.

303 867 518 938 regiam
546 866 887 930 habitabant,
921 879 1152 938 auream
1178 868 1232 938 et
1252 877 1573 933 argenteam
1608 866 1951 935 suppellecti-

303 936 408 995 lein
453 954 526 994 ea:
569 937 785 995 aedibus
833 936 1286 1006 dependentibus,
1337 941 1387 991 et
1431 937 1615 1007 peplo:
1675 939 1950 1009 [sericeos

301 1013 531 1081 nempe]
563 1020 615 1064 et
644 1024 781 1065 auro
810 1010 1060 1063 intextas
1102 1014 1298 1076 vestes,
1329 1012 1382 1062 et
1438 1012 1497 1063 in
1544 1009 1734 1077 farstis
1773 1012 1951 1065 accla-

300 1082 633 1136 mationibus
652 1082 735 1136 vel
778 1082 963 1151 ipsum
1003 1095 1164 1133 suum
1200 1094 1314 1151 pro
1352 1094 1411 1133 eo
1459 1082 1787 1151 sanguinem
1817 1084 1952 1151 fun—

302 1152 427 1208 dere
454 1155 695 1223 prompte
723 1150 1134 1223 spondentibus.
1188 1150 1405 1223 Morem
1463 1150 1618 1223 hunc
1648 1150 1850 1207 domos
1896 1158 1954 1208 et

301 1224 418 1280 vias
450 1220 694 1278 Ornandi
750 1220 1132 1294 acceperunt,
1160 1226 1251 1294 Aut
1282 1220 1397 1294 alia
1428 1222 1628 1291 multa,
1680 1224 1952 1279 Muham-

302 1294 541 1350 medani
575 1311 608 1349 a
635 1296 870 1366 Graecis.
898 1291 997 1366 lta
1034 1292 1248 1366 saepius
1280 1291 1337 1346 in
1392 1293 1677 1348 Abult‘eda
1719 1296 1951 1366 legitur,

305 1366 546 1421 Misram
595 1362 682 1417 vel
740 1364 791 1420 a1
838 1363 1111 1420 Cabiram
1171 1364 1356 1417 fuisse
1405 1369 1683 1429 ornatam,
1737 1362 1866 1421 si'e.
1899 1362 1950 1422 c.

308 1437 556 1491 nuntius
586 1434 837 1507 victoriae
869 1437 940 1489 ab
971 1434 1220 1507 exercitu
1254 1441 1563 1507 reportatae
1612 1436 1951 1507 appelleret,

304 1509 395 1563 vel
430 1508 555 1578 ipse
586 1505 890 1562 soltbanus
920 1507 978 1560 in
1013 1506 1215 1578 urbem
1240 1506 1417 1560 victor
1440 1507 1666 1575 rediret,
1691 1505 1811 1563 ‘aut
1841 1508 1956 1563 alia

300 1576 563 1652 quaedam
626 1578 877 1652 publicas
926 1576 1139 1652 laetitias
1196 1592 1371 1652 causa
1421 1578 1846 1652 contingerent.
1891 1580 1954 1634 In

304 1648 775 1725 procession'ibus
797 1648 895 1702 ille
925 1650 1229 1703 tenebatur
1260 1649 1423 1725 ordo,
1459 1656 1520 1702 ut
1567 1650 1777 1708 milites
1806 1667 1954 1725 prte-

300 1721 588 1786 cederent,
620 1726 1008 1792 sequerentur
1040 1735 1332 1792 proceres,
1360 1720 1770 1790 imperatorem
1808 1720 1954 1781 clau-

296 1792 500 1863 derant
556 1798 612 1848 et
652 1790 1050 1863 sequerentur
1080 1790 1387 1863 eunuchi;
1428 1807 1543 1860 qua
1591 1793 1661 1863 de
1720 1810 1781 1847 re
1827 1794 1955 1848 suis

298 1862 444 1918 locis
464 1864 705 1921 clarius.
736 1862 865 1917 ’Pia
920 1869 1074 1927 vota,
1126 1878 1254 1932 quae
1288 1879 1319 1915 a
1368 1862 1717 1917 factionibus
1764 1868 1955 1919 trans—

300 1934 460 2007 eunti
484 1933 1356 2007 imperatori_acclamabant_ur,
1380 1933 1827 2007 appellabantur
1875 1933 1956 1987 ati-
1988 1937 2035 2001 Β
2068 1937 2224 2006 quod
2274 1933 2471 1991 Graeci
2516 1933 2706 1991 tamen
2741 1938 2862 1990 ausi
2897 1952 3009 1989 non
3045 1933 3247 2004 fuere}

305 2004 531 2081 φημίαι,
565 2003 620 2063 et
647 2011 790 2063 acta.
820 2003 890 2085 Et
919 2005 991 2060 de
1035 2003 1150 2085 his,
1185 2005 1272 2059 uti
1304 2004 1374 2058 de
1408 2003 1778 2071 factionibus,
1823 2023 1957 2089 mox

299 2076 427 2132 loco
460 2093 567 2134 suo
589 2077 956 2136 commodius
1017 2074 1262 2147 dicam,
1293 2074 1454 2132 Conf.
1494 2093 1546 2147 p.
1592 2077 1718 2130 287.
1763 2079 1955 2133 Attin-

302 2164 435 2220 gam
470 2148 564 2206 hic
593 2147 1021 2213 tantummodo,
1056 2145 1538 2220 diversisdiebus
1568 2148 1732 2203 festis
1763 2149 1820 2203 in
1842 2148 1957 2220 rdi-

286 2218 490 2275 versas
506 2238 713 2277 sacras
749 2220 903 2273 aedes
940 2234 1275 2288 processum
1306 2218 1512 2283 fuisse,
1544 2226 1606 2272 ut
1634 2221 1777 2275 festo
1804 2219 1956 2274 Nati-

288 2289 487 2345 vitatis
515 2300 574 2347 et
601 2287 1009 2359 Paschatisad
1064 2293 1331 2359 Magnam
1380 2289 1711 2355 ecclesiam,
1766 2306 1867 2346 seu
1896 2295 1955 2346 S.

284 2360 735 2444 sophiamhdie.
760 2358 1067 2444 Dominica
1092 2358 1497 2444 'post'Pascha
1538 2361 1957 2444 _adSSLIApoT

293 2429 503 2500 stolos,
560 2433 653 2487 die
708 2431 1136 2499 Assumptionis
1182 2429 1268 2485 vel
1313 2430 1687 2487 Ascensionis
1740 2429 1953 2488 Christi

294 2503 359 2557 in
392 2503 605 2558 ccelum
629 2503 699 2558 ad
732 2502 921 2571 Reges
946 2517 1043 2556 seu
1075 2501 1308 2570 Fontes,
1338 2504 1478 2558 festo
1497 2503 1862 2561 Pentecostes
1883 2505 1954 2559 ad

302 2574 365 2628 S.
398 2572 676 2643 Mecium,
712 2574 858 2628 festo
889 2572 944 2626 S.
998 2572 1228 2643 Georgii
1280 2573 1354 2629 ad
1403 2574 1810 2642 Magnauram,
1844 2583 1952 2631 etc.

300 2644 416 2716 Hm,
442 2645 838 2713 processiones
867 2648 1028 2716 erant
1067 2646 1293 2716 typicae,
1326 2661 1428 2700 seu
1461 2646 1585 2700 ﬁxa;
1607 2650 1664 2701 et
1692 2662 1761 2700 ex
1811 2663 1958 2715 prm—

298 2715 524 2783 scripta
584 2718 837 2770 formuta
886 2715 1290 2771 cerimonialis
1348 2718 1519 2772 certis
1572 2717 1696 2772 suis
1753 2716 1956 2772 diebus

297 2784 574 2856 alligatae,
609 2791 1036 2859 utnonposset
1084 2791 1404 2859 imperator
1459 2788 1765 2844 commode
1802 2788 1958 2843 domi

298 2872 556 2929 manere,
607 2865 709 2913 aut
764 2857 880 2913 alio
929 2859 1033 2922 ire,
1086 2857 1265 2929 quam
1326 2862 1729 2929 praescriptum
1787 2867 1957 2915 esset.

300 2927 444 2984 Aliis
494 2929 652 2983 enim
685 2928 914 3000 diebus
947 2927 1265 2986 Dominicis
1322 2927 1641 2986 manebant
1672 2931 1962 3000 imperato-

297 3016 390 3055 res
420 3000 571 3054 intra
606 2999 910 3070 palatium,
964 3004 1021 3055 et
1082 3002 1520 3069 frequentabant
1577 3001 1796 3057 aulicas
1827 3017 1962 3057 suas

296 3070 604 3143 ecclesias,
636 3087 779 3143 quas
810 3070 964 3125 inter
1006 3072 1311 3143 principum
1343 3083 1505 3127 erant
1538 3073 1572 3140 ἡ
1613 3075 1709 3126 τοῦ
1749 3072 1956 3143 Κυρίου

297 3147 357 3216 et
386 3142 421 3209 ἡ
448 3146 549 3209 τῆς
580 3141 962 3216 ᾷεοτόκοιξτᾳῦ
995 3141 1202 3216 quippe.
1237 3143 1755 3216 Hincinielligitur,
1780 3141 1960 3214 quare

295 3210 658 3286 1&c_1_:urrtxa‘t;
698 3210 1051 3286 προελεύσεις
1085 3210 1303 3286 dixerit
1358 3210 1651 3286 Cedrentls
1796 3210 1952 3285 ‘633,

303 3280 591 3368 μηδξπιὶτε
631 3283 684 3337 ἐν
724 3280 844 3368 «ἑαῖς
882 3289 1133 3368 τυπιικεῖς
1165 3284 1299 3359 πρὸς
1331 3284 1449 3368 (ζέαν
1482 3289 1589 3340 τῶν
1624 3280 1779 3338 θείὼν
1813 3280 1954 3339 νοιῶῦ
1986 3301 2036 3368 C

295 3351 659 3429 inp—celasset
707 3355 856 3415 κενὸς
910 3355 999 3408 καὶ
1045 3351 1285 3429 ἄκαρτξος
1335 3351 1515 3429 ὤφθη.
1578 3360 1829 3413 Manavit
1860 3358 1954 3412 hic

300 3428 453 3499 ritus
488 3443 517 3481 e
550 3444 722 3499 more
772 3434 1031 3482 veterum
1088 3428 1508 3499 imperatorum
1560 3430 1953 3485 Romanorum

298 3498 480 3571 certis
505 3497 716 3554 diebus
741 3500 809 3553 ad
861 3501 1060 3554 Jovem
1095 3497 1504 3571 Capitolinum,
1536 3501 1666 3556 aliis
1693 3502 1763 3555 ad
1799 3501 1955 3556 aades

298 3570 567 3626 Victoriae
599 3571 656 3625 in
678 3572 886 3625 castris
916 3570 1287 3631 suburbanis,
1307 3571 1439 3626 aliis
1470 3572 1583 3627 alio
1607 3572 1957 3642 procedendi

296 3644 358 3696 et
404 3642 804 3713 sacriﬁcandi,
838 3642 908 3696 de
931 3658 1046 3713 quo
1096 3659 1166 3697 ex
1194 3642 1520 3698 Herodiano
1578 3648 1636 3697 et
1664 3642 1954 3698 similibus

301 3712 690 3782 scriptoribus
710 3712 957 3769 constat.

374 3781 571 3856 Russi,
602 3785 702 3856 qui
736 3799 884 3856 pene
914 3798 1119 3838 omnes
1150 3782 1346 3837 civiles
1376 3798 1693 3856 sacrosque
1724 3786 1779 3839 et
1808 3781 1958 3837 auli—

304 3869 407 3909 cos
449 3853 659 3910 ritusa
713 3853 921 3908 Graecis
973 3857 1435 3923 assumpserunt,
1491 3853 1760 3924 eumdem
1812 3869 1957 3924 pene

307 3924 576 3980 ordinem
607 3931 807 3982 tenent
828 3925 888 3997 in
921 3924 1048 3980 suis
1070 3924 1251 3997 sacris
1274 3923 1732 3997 processionibus
1764 3943 1780 3994 ;
1811 3923 1955 3997 qua-

301 4012 437 4051 rum
472 3995 993 4067 unumspecimen
1029 4011 1059 4051 e
1087 3994 1236 4050 libro
1270 3995 1502 4067 Anglice
1533 3997 1749 4067 scripto
1780 3994 1846 4051 et
1893 3996 1952 4051 in

297 4068 566 4139 versione
598 4066 843 4139 Belgica,
869 4084 986 4139 qua
1004 4072 1155 4133 utor,
1179 4067 1333 4123 Staat
1360 4066 1467 4122 san
1489 4066 1954 4124 Groot’Russland

300 4138 592 4211 inscripto
641 4138 998 4208 depromam,
1033 4155 1144 4207 quo
1177 4139 1301 4194 loco
1340 4156 1451 4211 non
1488 4145 1677 4209 potest
1705 4140 1953 4195 inveniri

297 4210 475 4277 alius,
500 4210 597 4279 qui
622 4226 741 4265 rem
759 4216 1099 4280 praesentem
1126 4211 1311 4279 magis
1348 4210 1618 4266 illustret.
1644 4211 1952 4267 Commen-

298 4281 431 4336 tarii
452 4282 650 4362 _vicem
687 4287 965 4362 praestare
998 4287 1185 4362 potest
1207 4282 1276 4336 ad
1315 4281 1418 4337 hoc
1449 4287 1621 4362 caput
1648 4282 1884 4362 Nostri,_
1899 4286 1955 4336 et

302 4352 507 4406 omnia
529 4353 657 4421 ejus
687 4351 808 4420 illa,
844 4353 904 4408 in
943 4354 1156 4422 quibus
1208 4353 1611 4423 processiones
1643 4370 1820 4409 saera;
1854 4355 1955 4408 de-

303 4424 657 4479 scribuntur.
711 4425 851 4495 Cum
886 4425 1051 4495 pauci
1090 4425 1229 4490 sint,
1263 4424 1363 4494 qui
1413 4424 1635 4495 Belgica
1684 4424 1951 4490 calleant,

302 4509 548 4550 necesse
579 4503 687 4561 est,
707 4494 938 4550 lectoris
993 4494 1053 4549 in
1111 4495 1383 4565 gratiam,
1417 4494 1606 4550 locum
1663 4495 1950 4565 prolixum

300 4566 568 4638 quidem.
603 4566 963 4638 atexitnium
999 4566 1198 4638 Latine
1227 4566 1393 4638 verti.
1444 4567 1685 4638 Legitur
1704 4567 1843 4622 dicti
1881 4566 1951 4621 li-

299 4636 393 4734 bri
428 4654 484 4708 p.
521 4636 945 4734 355-364.1Niim
977 4636 1723 4734 A‘ngl‘icumprimigenium
1755 4654 1948 4734 exem-
1983 4669 2028 4734 D

300 4710 491 4779 plum,
527 4724 695 4781 aquo
717 4708 981 4781 Belgicus
1016 4714 1201 4763 tactus
1231 4709 1340 4763 fuit
1382 4708 1669 4781 ille'liber
1717 4714 1949 4764 auctore

298 4778 368 4835 Α.
405 4778 717 4842 Moubach,
749 4778 1092 4834 ad'manum
1126 4795 1238 4834 non
1270 4782 1375 4834 est.
1403 4779 1593 4835 Verba
1622 4782 1801 4850 igitur
1829 4781 1954 4849 ejus

304 4850 430 4905 haec
461 4854 603 4934 sunt
627 4867 639 4904 :
675 4850 1210 4934 «_Qu_andoquidem
1228 4851 1298 4905 de
1316 4851 1956 4934 {qualiﬁcaligne‘aqdq-

300 4938 424 4994 rum
460 4922 634 4994 [festo
658 4923 764 4974 τῶν
791 4921 1020 4994 Φγώτων,
1056 4922 1126 4976 de
1156 4938 1271 4991 quo
1294 4922 1407 4977 vid.
1427 4930 1611 4994 caput
1644 4921 1837 4978 Nostri
1860 4922 1951 4994 26,

298 4991 340 5046 l.
377 4991 539 5077 i.‘]‘:in
570 4993 1369 5077 superioribus-mentionem
1416 4993 1544 5077 ieci,
1597 5010 1725 5077 quae
1758 4993 1952 5077 peragi

303 5063 511 5118 multis
535 5079 667 5118 cum
700 5064 1034 5119 cerimoniis
1074 5066 1240 5129 solet,
1276 5081 1391 5118 non
1425 5063 1815 5134 injucundum
1847 5063 1955 5120 erit

300 5151 434 5190 meo
457 5135 661 5207 lectori
681 5139 1115 5207 Aeasrenarratas
1146 5134 1593 5207 legere.iFiebat
1622 5137 1740 5191 haec
1772 5153 1953 5207 aqua-

304 5205 858 5278 rumsanctiﬁcatio
889 5214 1049 5262 extra
1080 5207 1310 5270 urbem,
1359 5206 1736 5278 Moscoviam,
1777 5205 1957 5278 super

304 5275 551 5349 ﬂumine
578 5277 962 5348 cognomine;
986 5279 1041 5332 in
1076 5294 1191 5349 quo
1221 5277 1407 5349 glacie
1436 5279 1625 5335 excisa
1653 5275 1871 5349 magna
1892 5278 1958 5333 ﬁt

302 5347 559 5419 fenestra
615 5347 926 5419 quadrata,
985 5347 1261 5405 cancellis
1319 5347 1956 5419 premunita...‘Circa

301 5416 410 5473 hos
442 5416 658 5490 gradus
686 5419 941 5476 tribunal
974 5420 1236 5490 erigitur,
1276 5416 1488 5490 pannis
1520 5421 1714 5477 rubris
1748 5420 1955 5476 instra-

297 5494 447 5557 tum,
479 5491 634 5546 intra
658 5492 811 5563 quod
838 5496 965 5563 erat
998 5491 1397 5558 metatorium,
1446 5493 1507 5547 in
1553 5509 1668 5563 quo
1698 5492 1952 5563 impera-

296 5564 388 5633 tor
410 5577 542 5633 cum
568 5562 883 5633 praecipuis
905 5561 1247 5618 clericorum
1267 5561 1953 5619 manebatﬁMetatorium

295 5629 427 5705 hoc_
454 5629 718 5705 habebat
745 5629 1025 5704 'quatuor
1056 5638 1257 5705 portas
1310 5635 1380 5690 ad
1434 5638 1670 5691 modum
1711 5651 1953 5690 arcuum

298 5700 599 5777 apsidatas
659 5700 1298 5777 cum—superimpositis
1335 5705 1505 5762 malis
1552 5707 1767 5763 aureis.
1804 5706 1953 5768 (Vid.

296 5787 429 5848 qua?
467 5775 714 5848 ῨΡΪΙᾟΡ-
773 5775 908 5848 2424
936 5778 1006 5832 de
1038 5775 1227 5848 pomis
1278 5778 1469 5833 aureis
1515 5777 1807 5834 carruchaa
1840 5777 1954 5848 im-

297 5844 537 5914 perialis
580 5844 861 5921 dicimus)
890 5844 1141 5905 Cancelli
1169 5846 1389 5906 lacunis
1447 5849 1507 5905 in
1555 5848 1802 5922 glaeiato
1832 5847 1950 5903 ﬂu-

2061 870 2218 924 mine
2250 871 2411 924 factae
2443 871 2709 941 praetenti
2742 870 3147 941 sesquipedem
3171 869 3270 925 alti
3302 873 3359 925 et
3388 885 3579 939 panno
3611 885 3708 924 ru-

2061 942 2164 996 bro
2187 943 2403 1011 pariter
2434 943 2656 1012 instrati
2688 947 2871 997 erant.
2903 944 2987 996 Ad
3019 958 3220 997 eorum
3245 946 3500 1012 quatuor
3526 956 3706 1012 angu-

2060 1012 2149 1084 los
2197 1013 2436 1067 stabant
2488 1011 2841 1068 columnae...
2902 1013 3202 1084 apsidataa,
3270 1011 3332 1067 ut
3374 1011 3708 1084 formarent

2059 1083 2337 1138 thronum
2361 1087 2462 1137 aut
2487 1084 2769 1152 tribunal,
2801 1083 2955 1137 intra
2983 1085 3133 1154 quod
3164 1088 3292 1139 octo
3332 1083 3524 1137 vitreas
3554 1083 3705 1139 lam-

2062 1156 2240 1226 pades
2273 1156 2541 1210 ardentes
2590 1155 2939 1225 pendebant.
2988 1155 3074 1208 Ah
3109 1172 3216 1226 uno
3269 1169 3471 1226 eorum
3530 1154 3706 1209 latere

2062 1225 2335 1281 descendi
2381 1230 2606 1296 poterat
2636 1227 2693 1280 in
2739 1241 2955 1296 aquam
2986 1225 3215 1296 duobus
3255 1225 3553 1295 gradibus,
3614 1241 3706 1279 ru-

2062 1297 2198 1352 bras
2264 1295 2454 1367 panno
2521 1295 2849 1352 instratis...
2925 1295 3121 1351 Solum
3190 1295 3518 1367 instratum
3583 1299 3708 1367 erat

2063 1366 2353 1438 tapetibus
2386 1368 2647 1424 Turcicis
2674 1385 2688 1434 ;
2721 1368 2969 1422 thronus
2996 1366 3314 1437 imperialis
3336 1366 3492 1421 ultra
3516 1366 3707 1420 solum

2062 1437 2254 1494 tribus
2318 1444 2634 1510 quatuorve
2712 1439 3014 1510 gradibus,
3077 1437 3709 1510 eminebat,__inaur_a-

2063 1515 2182 1579 tus,
2212 1507 2404 1581 panno
2455 1507 2741 1582 argenteo
2776 1515 2962 1565 tectus
3001 1509 3083 1582 in_
3112 1507 3303 1582 solum
3359 1507 3707 1582 aliquantis-

2063 1578 2175 1651 per
2193 1578 2551 1649 excurrente,
2583 1581 2901 1636 instructus
2940 1579 3261 1644 turriculis,
3313 1578 3524 1651 quibus
3574 1595 3708 1651 cru;

2064 1649 2159 1707 ces
2184 1652 2461 1707 inauratae
2492 1653 2865 1707 insistebant.
2899 1652 3174 1706 Thronus
3209 1650 3568 1719 patriarchae,
3622 1649 3707 1703 illi

2064 1724 2135 1777 ad
2178 1723 2433 1779 dextram
2486 1725 2711 1792 positus
2743 1724 2930 1792 gradu
2980 1739 3094 1777 uno
3121 1730 3242 1777 erat
3273 1721 3462 1787 altior,
3511 1721 3708 1775 minus

2064 1798 2254 1849 tamen
2277 1791 2640 1864 splendidus-
2675 1791 3095 1864 [Memorabilis
3135 1792 3231 1864 hic
3258 1791 3421 1864 locus
3454 1793 3524 1845 de
3558 1792 3704 1864 fastu

2066 1866 2198 1920 cleri
2229 1862 2482 1934 Ru'ssici,
2517 1862 2818 1935 fastigium
2852 1864 3001 1919 ultra
3032 1863 3339 1935 imperiale
3366 1862 3710 1935 appetentis,

3312 1933 3609 1988 Processio
3641 1935 3709 1987 ad

2066 2004 2225 2063 hunc
2258 2009 2449 2062 locum
2482 2007 2561 2062 ita
2606 2008 2799 2062 fiebat.
2834 2006 3062 2061 Primus
3113 2005 3463 2074 procedebat
3490 2004 3714 2074 Capita—

2066 2095 2234 2143 neus,
2268 2095 2439 2149 quem
2472 2083 2821 2149 protectores
2879 2076 3250 2147 imperatoris
3285 2076 3705 2146 sequebantur.

2068 2150 2205 2205 Post
2232 2148 2331 2205 eos
2349 2148 2550 2205 eodem
2590 2149 2793 2204 ordine
2825 2148 3175 2219 procedebat
3212 2151 3434 2202 caterva
3463 2150 3706 2219 Veneta,

2066 2225 2193 2276 tum
2243 2222 2508 2287 Prasina,
2570 2218 2863 2289 postremo
2905 2219 3032 2274 loco
3055 2222 3293 2281 Russea,
3326 2226 3585 2287 gerentes
3608 2218 3709 2289 ba-

2067 2296 2189 2347 stas
2219 2292 2529 2345 artificiose
2556 2287 2853 2358 tornatas;
2898 2291 3173 2360 postremi
3207 2289 3518 2360 veniebant
3563 2287 3712 2360 sclo-

2066 2362 2294 2433 petarii.
2315 2362 2669 2417 Protectores
2692 2358 2971 2433 hiomn'es
2999 2359 3479 2433 erantsanguine
3503 2358 3709 2425 nobili,

2066 2430 2325 2489 collocati
2355 2434 2413 2488 in
2446 2433 2644 2487 orbem
2677 2432 2830 2487 circa
2847 2431 3040 2487 locum
3071 2431 3398 2486 cerimoniis
3425 2430 3708 2484 dicatum.

2065 2503 2424 2560 Succedehat
2448 2502 2652 2572 ingens
2675 2518 2951 2558 numerus
2980 2500 3344 2571 clericorum,
3368 2516 3562 2555 coram
3588 2501 3712 2570 qui-

2067 2576 2176 2631 bus
2200 2576 2486 2647 imagines
2508 2579 2858 2647 sanctorumg
2876 2572 3284 2647 dependebant
3308 2590 3321 2639 ;
3346 2576 3478 2647 post
3498 2586 3595 2647 eos
3610 2586 3705 2647 ve-

2067 2647 2309 2703 niebant
2322 2641 2498 2718 "papas
2512 2662 2642 2701 cum
2656 2645 2896 2701 laternis
2919 2641 2975 2700 et
2996 2644 3238 2699 inclusis
3253 2641 3435 2718 cereis
3458 2641 3708 2718 ardentif

2070 2719 2197 2783 bus,
2228 2714 2357 2772 tum
2387 2714 2484 2773 alii
2508 2718 2691 2787 pictos
2713 2721 2947 2772 sanctos
2978 2724 3262 2787 gerentes.
3282 2714 3419 2769 Inde
3442 2714 3710 2787 prodibat

2070 2805 2281 2858 magna
2309 2794 2368 2844 et
2400 2785 2722 2857 ponderosa
2743 2804 2908 2858 crux,
2936 2785 3091 2843 circa
3122 2802 3296 2857 quam
3330 2785 3709 2858 gestabantur

2068 2855 2377 2931 Seraphini
2401 2855 2631 2932 [πτυχία
2659 2858 2745 2932 vel
2778 2856 3049 2931 εὐτυχεῖα]
3072 2855 3356 2932 deaurati,
3380 2872 3556 2925 super
3582 2855 3709 2910 lon-

2068 2932 2159 3002 gis
2172 2928 2378 2986 contis.
2402 2928 2629 2986 Rursus
2650 2930 2747 2985 alii
2767 2928 3077 3002 prodibant
3099 2928 3400 3002 pontifices
3413 2932 3707 3002 gestantes

2069 2997 2257 3058 discos
2306 3007 2361 3058 et
2418 3007 2643 3072 pateras
2686 2997 3012 3073 argenteas,
3076 2997 3133 3055 et
3188 2998 3396 3054 calices
3454 2997 3706 3068 pellibus

2069 3074 2255 3129 rubris
2303 3078 2506 3138 tectas,
2546 3073 2606 3128 in
2658 3090 2906 3143 quarum
2949 3076 3285 3143 paterarum
3340 3086 3456 3125 una
3511 3084 3712 3143 came-

2064 3143 2319 3200 laucium
2372 3142 2714 3214 patriarchae
2767 3149 2911 3199 erat.
2951 3142 3707 3214 Excipisbantsacerdotes

2066 3217 2285 3271 ordinis
2305 3212 2469 3282 varii,
2504 3216 2693 3270 induti
2723 3216 2983 3270 vestibus
3014 3230 3155 3269 auro
3211 3212 3414 3283 rigidis
3445 3215 3710 3283 argento-

2111 3304 2203 3353 ue,
2235 3292 2360 3342 tum
2392 3286 2649 3357 episcopi
2683 3286 2917 3357 quidem
2957 3290 3012 3340 et
3053 3283 3470 3357 archiepiscopi
3509 3283 3706 3357 splen-

2111 3304 2203 3353 ue,
2235 3304 2360 3342 tum
2392 3304 2649 3357 episcopi
2683 3304 2917 3357 quidem
2957 3304 3012 3340 et
3053 3304 3470 3354 arcniepiscopi
3509 3304 3706 3353 spien—

2067 3304 2201 3414 gide
2230 3359 2452 3415 vestiti.
2487 3357 3089 3428 Archiepiscoporum__
3112 3354 3295 3409 mitrm
3327 3355 3711 3428 splendebant

2063 3446 2203 3485 auro
2262 3434 2318 3484 et
2365 3434 2624 3499 argento,
2683 3424 2740 3483 et
2796 3424 2911 3484 oris
2959 3426 3197 3498 pellium
3239 3424 3703 3499 arm‘elinarum:

2065 3518 2213 3573 quas
2268 3496 2518 3572 episcopi
2588 3500 2824 3573 quidam
2864 3496 3519 3573 manibusgestabant.
3578 3499 3711 3573 Post

2064 3566 2529 3643 archiepiscOpbs
2584 3566 2748 3643 ibant
2805 3570 2971 3641 pueri
3037 3566 3344 3622 cantantes
3400 3566 3708 3643 splendide

2061 3637 2282 3707 vestiti,
2312 3637 2446 3696 tum'
2472 3641 2745 3695 monachi
2774 3637 2893 3695 tres
2914 3644 3015 3694 aut
3048 3645 3300 3708 quatuor
3346 3653 3479 3691 cum
3513 3637 3709 3708 thuri—

2064 3713 2221 3768 bulis
2254 3713 2635 3790 firmantibus,
2666 3727 2791 3781 quas
2822 3707 3706 3790 agiiabantcoram-patriarcha,

2066 3799 2241 3854 quem
2262 3778 3126 3854 ducebant[napaxparodpsvov]
3145 3780 3261 3835 duo
3292 3778 3389 3833 alii
3415 3778 3708 3854 monachi,

2065 3848 2374 3910 habentem
2391 3853 2447 3907 in
2465 3848 2737 3909 manibus
2754 3848 2977 3909 auream
2990 3848 3213 3907 crucem
3227 3866 3404 3921 super
3418 3848 3707 3920 pulvinari

2065 3927 2262 3981 rubro.
2297 3924 2631 3981 Patriarcha
2660 3926 2900 3980 indutus
2923 3927 3047 3979 erat
3078 3939 3268 3993 panno
3289 3920 3583 3993 argenteo,
3614 3920 3709 3975 cui

2062 3997 2271 4053 insulae
2302 4006 2466 4052 erant
2507 4005 2637 4051 ante
2668 4002 2725 4052 et
2755 4002 2906 4052 retro
2960 3990 3131 4050 tani'ae
3187 3990 3471 4065 [ποταμοί]
3531 3993 3711 4065 panni

2063 4069 2239 4125 satini
2298 4085 2430 4124 cum
2488 4067 2703 4123 insutis
2735 4068 2830 4124 {ilo
2880 4082 3050 4123 aureo
3099 4064 3392 4121 crucibus.
3435 4065 3521 4117 Ad
3582 4064 3708 4132 ejus

2061 4142 2325 4211 dextrum
2358 4156 2508 4211 genu
2543 4140 2906 4209 dependebat
2948 4154 2977 4194 e
3012 4138 3135 4193 loro
3167 4136 3463 4211 phrygiato
3496 4150 3707 4211 manu_-

2061 4212 2214 4268 cium
2250 4205 2669 4283 [ἐπιῖτονάτεεοῖθι
2727 4212 3067 4283 quadratum
3129 4205 3491 4283 phrysiatum
3528 4205 3710 4283 _pari-

2060 4287 2147 4338 ter
2162 4276 2294 4339 cum
2331 4276 2524 4337 aureis
2555 4276 3016 4352 dependentibus
3048 4276 3707 4352 bulbis'villosisjquas-

2060 4356 2196 4422 ten].
2229 4352 2575 4408 Patriarcha:
2607 4348 2990 4408 succedebant
3020 4351 3207 4407 Boiari
3232 4348 3705 4422 splendidissime

2059 4418 2275 4487 ves—liti,
2308 4429 2363 4478 et
2421 4430 2543 4479 tum
2575 4424 2788 4479 Czarus
2818 4426 2941 4493 ipse
2986 4422 3135 4477 ultra
3193 4418 3363 4493 tidem
3395 4418 3705 4491 splendido

2062 4512 2232 4551 aureo
2264 4511 2455 4566 panno
2512 4495 2781 4558 amictus,
2840 4492 3077 4566 gestans
3110 4494 3168 4547 in
3227 4492 3416 4566 capite
3452 4506 3704 4566 _auream

2059 4561 2354 4634 coronam,
2414 4571 2679 4622 ornatam
2740 4561 2989 4637 gemmis
3047 4561 3520 4637 et_margaritis,
3580 4578 3707 4632 pre-

2059 4638 2239 4693 henso
2262 4637 2500 4692 brachio
2522 4634 2783 4692 ductusa
2806 4636 3033 4691 duobus
3058 4634 3439 4704 principibus,
3461 4649 3709 4703 sequen-

2060 4709 2221 4764 tibus
2251 4709 2381 4763 aliis
2415 4708 2749 4780 proceribus
2782 4724 2967 4777 usque
3008 4707 3083 4780 ad
3121 4705 3312 4761 locum
3341 4704 3704 4780 cerimonias.

2065 4780 2169 4836 Ubi
2201 4786 2400 4835 exacta
2415 4775 2668 4849 'aliquali
2691 4775 2888 4846 more;
2906 4778 3172 4847 capiebat
3205 4775 3709 4849 patriarchatbu-

2065 4852 2346 4917 ribulum,
2393 4846 2545 4922 quod
2591 4868 2753 4922 aquas
2798 4846 3171 4922 admovebat,
3206 4846 3343 4903 dein
3401 4846 3708 4922 accedebat

2067 4923 2141 4978 ad
2169 4919 2503 4977 Czarum'ad
2529 4919 2863 4978 distantiam
2885 4922 3065 4977 trium
3088 4919 3174 4975 vel
3200 4925 3450 4989 quatuor
3470 4920 3702 4989 pedum,

2066 5002 2119 5050 et
2150 5010 2343 5049 coram
2376 5009 2442 5049 eo
2475 4993 2835 5049 thuribulum
2869 4993 3149 5065 agitabat.
3198 4993 3411 5047 Czarus
3468 4992 3705 5065 descen-

2066 5065 2237 5142 debat
2268 5066 2339 5142 de
2370 5065 2596 5142 throno,
2632 5057 2962 5142 inclinabat
3019 5079 3077 5142 se
3108 5079 3300 5142 coram
3351 5057 3703 5142 patriarcha,

2066 5136 2286 5211 interea
2306 5138 2445 5191 dum
2480 5136 2575 5211 hic
2605 5134 3301 5211 thuribulumaliquoties
3322 5148 3499 5211 super
3520 5134 3704 5211 impe-

2066 5209 2275 5264 ratoris
2296 5211 2471 5278 caput
2490 5208 2729 5277 agitaret
2757 5226 2771 5276 ;
2798 5213 2853 5263 et
2880 5209 3052 5262 ambo
3084 5197 3210 5278 sese
3240 5197 3487 5278 invicem
3535 5197 3704 5278 incli:

2066 5284 2199 5353 nato
2239 5268 2479 5352 corpore
2527 5268 2861 5335 bdorarent.
2921 5278 3043 5353 Quo
3110 5276 3288 5353 facto,
3364 5273 3577 5353 Czarus
3631 5268 3705 5353 ad

2062 5342 2359 5407 thronum.
2389 5366 2659 5405 reversus
2688 5350 3081 5423 exspectabat,
3106 5349 3317 5423 _donec
3371 5342 3707 5423 patriarcha

2064 5437 2331 5503 proceres
2358 5425 2673 5503 praesentes
2704 5413 3250 5503 stupopulur'nthure
3277 5428 3440 5471 sacro
3479 5413 3709 5503 ipitias:

2064 5484 2331 5549 sel.Post
2356 5484 2691 5558 interjectas
2723 5484 2883 5547 alias.
2926 5488 3272 5547 cerimonias
3319 5484 3709 5558 procedebant

2065 5563 2282 5635 aliquot
2304 5557 2773 5635 sacerdotescum
2790 5562 2984 5635 codice
2996 5574 3156 5635 sacro
3170 5558 3487 5635 admodum
3499 5557 3709 5635 _splen-

2064 5625 2199 5707 dide
2220 5637 2547 5707 compacto,
2573 5629 2862 5707 hexamito
2880 5633 3056 5707 rubro
3079 5625 3340 5707 involuto
3352 5644 3485 5683 cum
3499 5625 3713 5707 buccu-

2065 5704 2138 5761 lis
2171 5696 2373 5760 aureis
2390 5707 2449 5754 et
2468 5700 2729 5773 gemmis
2758 5702 3010 5773 ingentis
3059 5696 3247 5773 pretii.
3281 5700 3358 5756 Ex
3392 5715 3457 5754 eo
3515 5702 3714 5773 codice

2067 5775 2354 5833 recitabat
2384 5764 2722 5838 patriarcha,
2760 5764 3004 5842 mitam,
3034 5764 3297 5827 austum
3326 5773 3545 5908 inure:
3597 5771 3713 5894 ἓω-

3457 5854 3489 5907 P
3530 5854 3593 5893 ra
3618 5855 3713 5898 ore

3457 5847 3717 5907 peratore
