4152 6310
404 441 477 504 91
1471 433 2005 501 CONSTANTINI
2048 429 2752 496 PORPHYBOGENITI
3732 428 3808 490 92

403 581 532 648 riis,
563 576 863 650 oapitaneo
893 575 1030 632 item
1062 578 1120 633 et
1149 574 1470 633 domestico
1529 572 2032 646 imperatoriorum

2171 569 2271 637 τὴν
2314 566 2500 642 αὒριον
2541 567 2838 640 πρόκενσον
2886 562 3012 634 ἤτοι
3060 560 3398 650 προέλευσιγ.
3453 565 3522 622 Οἱ
3563 562 3620 620 δὲ
3664 563 3809 640 ἐξερ-

401 648 925 738 ᾶυοὺιιέρτωιθιδθει
943 666 1299 735 demarchis,
1323 666 1555 721 edicunt
1587 680 1598 718 :
1619 664 1861 720 mittunt
1881 663 2042 720 etiam

2166 657 2399 734 χόμενοι
2440 656 2683 731 ὁρίζουσι
2733 659 2892 711 πᾶσιν
2940 658 3063 717 τοῖς
3101 658 3198 709 τοῦ
3237 648 3633 708 κουϐουκλείου
3672 658 3807 728 (17),

401 758 678 816 mandata
706 760 832 811 tum
876 754 1193 811 domestico
1238 770 1639 822 numerorum,
1698 758 1825 809 tum
1857 751 2052 807 comiti

2166 746 2379 820 ὁμοίως
2418 751 2509 801 καί
2548 744 2626 818 τῷ
2664 745 2949 800 κατεπάνω
2979 745 3089 818 (18)
3128 743 3218 797 καὶ
3258 747 3339 815 τῷ
3368 739 3674 816 δομεστίκῳ
3703 747 3812 799 τῶν

1447 852 1644 908 JOAN.
1677 853 1819 908 JAC.
1854 848 2122 905 REISKII
2152 844 2750 903 COMMENTARIUS.

405 957 671 1026 peratore
697 953 880 1026 capite
926 952 1111 1026 nudo.
1176 952 1440 1006 Lectione
1495 948 2052 1026 finita,‘_acced_ebat

406 1020 735 1108 patriarcha
769 1020 849 1108 ad
902 1024 1333 1108 ‘imperai‘erem
1371 1038 1532 1108 .cum‘
1597 1020 1815 1103 codiee,
1885 1020 2051 1108 eique

405 1093 575 1152 illum
637 1093 1027 1151 osculandum
1114 1093 1410 1149 offerebat.
1493 1095 1672 1158 Quem
1736 1094 2053 1163 imperator

415 1182 641 1236 unaque
725 1166 1063 1236 patriarcha
1134 1181 1375 1219 manum
1460 1164 1857 1221 osculabatur.
1928 1164 2049 1227 Quo

403 1240 554 1293 facto
621 1237 792 1293 ambo
864 1238 934 1291 ad
1020 1236 1299 1291 thronum
1384 1238 1635 1306 quisque
1709 1250 1882 1291 suum
1971 1248 2052 1287 re-

401 1310 624 1365 dibant.
688 1308 825 1364 Inde
879 1308 1211 1363 sacerdotes
1305 1307 1421 1362 duo
1479 1308 1738 1362 codicem
1814 1320 2048 1360 sacrum

403 1396 605 1436 rursus
659 1380 1020 1434 auferebant.
1084 1380 1406 1448 Imperator
1462 1384 1518 1434 et
1568 1376 1911 1448 patriarcha
1951 1376 2048 1430 de-

403 1451 763 1507 scendebant
785 1451 857 1505 de
897 1450 1104 1505 throno
1136 1447 1380 1520 quisque
1412 1465 1519 1505 suo
1555 1453 1613 1504 et
1655 1447 2049 1520 procedebant

402 1538 603 1579 versus
657 1537 866 1592 aquam
932 1519 1213 1591 apertam.
1275 1520 1608 1575 Patriarcha
1662 1519 2050 1592 descendebat

403 1596 474 1649 ad
506 1595 634 1662 ejus
665 1591 1031 1663 superficiem
1065 1608 1166 1663 per
1202 1592 1415 1661 gradus
1448 1592 1648 1663 factos,
1700 1591 2046 1660 imperatore

403 1665 638 1720 interim
671 1662 787 1718 non
828 1668 977 1718 tecto
1036 1662 1231 1718 coram
1263 1662 1532 1718 cancellis
1561 1666 1807 1727 astante,
1859 1677 2045 1731 quan-

403 1736 501 1790 diu
529 1735 982 1790 consecrationis
1011 1739 1175 1789 actus
1205 1734 1456 1798 duraret,
1491 1750 1619 1805 qua
1660 1732 1877 1789 multas
1924 1738 2047 1801 post

403 1806 750 1861 cerimonias
778 1822 886 1876 ope
916 1807 1105 1860 crucis
1138 1822 1345 1873 aurea,
1405 1807 1497 1860 cui
1528 1806 1747 1859 inserta
1795 1808 1917 1857 erat
1946 1819 2043 1872 pa-

402 1882 528 1933 tera
568 1881 860 1946 argentea,
921 1878 1111 1931 ﬁebat.
1146 1881 1218 1930 Ea
1248 1881 1482 1947 peracta
1530 1892 1731 1947 rursus
1789 1876 2046 1947 imponef

403 1948 501 2004 bat
531 1945 744 2003 Czarus
777 1964 882 2002 suo
923 1948 1099 2019 capiti
1151 1945 1447 2017 coronam,
1483 1952 1538 2001 et
1570 1945 1904 2019 patriarcha
1934 1946 2043 1998 sibi

2163 946 2461 1001 rusticatio
2484 960 2770 1015 processus
2802 942 3146 1015 appellatur,
3181 942 3321 1013 quia
3362 943 3694 1015 imperator
3746 958 3814 998 ex

2162 1012 2551 1089 augustaisua
2569 1017 2705 1089 sede
2728 1012 3073 1089 procedebat
3100 1012 3235 1070 alio.
3270 1014 3483 1089 Refero
3513 1012 3625 1068 huc
3666 1029 3815 1084 quo-

2162 1085 2275 1161 que
2304 1087 2673 1161 vindemialia
2699 1085 2980 1161 ;_'quaodo
3004 1087 3321 1161 imperator
3370 1085 3618 1156 amicos,
3667 1101 3815 1156 quos

2160 1157 2352 1230 vellet,
2386 1161 2457 1215 ad
2491 1175 2553 1215 se
2583 1159 2642 1213 in
2675 1159 2874 1213 vineas
2907 1157 3371 1213 suasinvitabat.

2229 1304 2346 1373 (17)
2378 1303 2442 1359 Οἱ
2482 1305 2579 1355 τοῦ
2631 1296 2992 1355 κοϐουκλείου
3051 1304 3192 1356 sunt
3239 1301 3587 1373 cubicularii,
3658 1317 3811 1373 quo-

2160 1372 2288 1430 rum
2320 1372 2590 1456 frequens
2619 1375 2740 1456 hoc
2766 1376 2823 1428 in
2853 1388 3021 1456 opere
3042 1373 3255 1427 mentio
3287 1372 3579 1456 fit.__Er_ant
3602 1372 3809 1430 omnes

2158 1448 2431 1511 eunuchi,
2460 1450 2515 1501 et
2545 1446 2655 1500 sub
2687 1444 3071 1515 dispositione
3109 1444 3422 1515 prapositi,
3456 1445 3527 1498 de
3566 1460 3680 1514 quo
3712 1461 3809 1500 su-

2198 1518 2355 1572 erius
2387 1518 2636 1587 egimus.
2659 1514 2838 1571 Video
2881 1533 2913 1569 a
2945 1514 3245 1570 Fabrotto’
3271 1520 3326 1587 et
3357 1514 3445 1587 Du
3477 1516 3692 1587 Cangio
3714 1533 3808 1572 cu-

2198 1535 2355 1572 eI‘IUS
2387 1535 2636 1587 egimus.
2670 1535 2838 1571 νιαεο
2881 1535 2913 1569 8.
2945 1535 3220 1570 I‘RDPOIIO
3271 1535 3326 1570 Θῐ
3358 1535 3445 1570 Ull
3477 1535 3692 1587 UEDgIO
3714 1535 3808 1572 Cll-

2157 1535 2470 1645 Bicularios
2495 1593 2553 1643 et
2572 1588 2879 1642 catonitas
2918 1603 3021 1657 pro
3045 1586 3251 1640 iisdem
3286 1586 3509 1654 haberi,
3543 1588 3808 1643 auctori-

2156 1661 2377 1715 tatibus
2409 1666 2525 1717 non
2552 1658 3039 1714 contemmendis.
3072 1657 3290 1712 Glossa
3314 1663 3468 1713 certe
3489 1665 3542 1712 et
3574 1657 3676 1712 alii
3709 1675 3808 1714 ve-

2155 1735 2306 1786 teres
2332 1735 2519 1789 πω
2543 1746 2738 1785 vocem
2800 1746 2902 1800 per
2951 1728 3191 1783 alteram
3225 1734 3540 1800 exponunt.
3573 1729 3682 1784 Sed
3737 1746 3805 1786 ex

2154 1815 2350 1857 nostro
2406 1800 2776 1857 Cerimoniali
2863 1804 3019 1871 patet
3082 1801 3338 1855 diversos
3406 1800 3509 1855 hos
3566 1801 3637 1855 ab
3687 1800 3808 1857 illis

2154 1874 2353 1927 fuisse.
2389 1873 2684 1928 Catonita
2730 1879 2955 1927 tantum
3012 1872 3253 1926 catonis
3314 1887 3416 1926 seu
3478 1871 3806 1927 dormitorii

2154 1960 2354 1999 curam
2388 1944 2699 2009 habebant,
2733 1949 2789 1998 et
2819 1948 3135 1997 nocturnas
3165 1944 3449 1997 curabant
3479 1942 3625 1998 sacri
3674 1958 3802 1998 cor-

404 2022 638 2075 mitram
663 2013 1068 2090 episcopalem,
1102 2023 1158 2073 et
1188 2020 1259 2073 ad
1284 2013 1841 2090 thronum'quisque
1872 2031 2043 2071 suum
2077 2021 2121 2083 Β
2153 2016 2311 2090 poris
2379 2015 2757 2090 necessitates
2790 2030 2801 2067 :
2840 2013 3206 2090 _eu_bicularii
3264 2022 3472 2090 autem
3527 2015 3801 2090 diurnas.

400 2089 709 2146 redibant.’
736 2090 954 2145 Deinde
987 2091 1336 2160 efferebatur
1364 2090 1431 2144 ad
1470 2089 1858 2160 patriarcham
1906 2103 2045 2141 con-

402 2166 637 2217 secrata
667 2165 837 2235 atque
880 2163 996 2231 [τοῦ
1028 2158 1386 2235 ἁγιάσματος]
1418 2158 1814 2235 nonnihil___in
1851 2166 2049 2235 patera

405 2241 693 2304 argentea,
732 2229 897 2287 item_
931 2229 1086 2287 crux'
1117 2229 1313 2304 aurea,
1368 2229 1429 2286 et
1492 2229 1892 2304 asperginum,
1927 2229 2050 2304 ain-

402 2300 540 2374 gula
610 2304 669 2358 in
746 2304 995 2374 singulis
1064 2302 1306 2358 scutulis
1383 2300 1694 2374 argenteisi
1754 2301 1897 2356 Cum
1944 2300 2051 2374 hoc

406 2371 684 2445 apparatu
746 2371 946 2429 adibat
993 2389 1192 2429 rursus
1255 2371 1906 2445 patriarchaCzerum,
1949 2371 2052 2441 qui

404 2442 583 2515 caput
614 2446 889 2511 nudabat,
913 2460 1144 2515 crucem
1162 2459 1394 2498 auream
1419 2461 1451 2497 a
1474 2442 1817 2512 patriarcha
1848 2443 2053 2496 dextra

407 2514 661 2572 oblatam
721 2514 1093 2569 osculabatur
1143 2519 1198 2569 et
1245 2515 1327 2568 sic
1367 2515 1603 2569 tandem
1647 2530 1796 2583 aqua
1847 2527 2050 2583 conse-

338 2602 341 2607 ‘
403 2592 564 2643 crata
583 2588 1020 2657 respergebatur
1055 2603 1069 2653 ;
1100 2585 1255 2657 quod
1288 2585 1441 2641 idem
1477 2581 1717 2657 corona—7
1758 2581 2048 2657 imperiali

405 2662 462 2714 et
490 2654 711 2712 vexillis
734 2654 1335 2726 prasentibus’ﬁebat.
1362 2659 1437 2711 Eo
1471 2657 1619 2711 facto
1651 2656 1720 2709 ad
1756 2654 2047 2726 thronum-

406 2729 657 2801 quisque
687 2724 860 2783 suum
893 2728 1141 2783 redibat.
1163 2727 1488 2801 veniebant
1520 2724 2049 2801 deindeiarchiepi-

405 2798 645 2871 s'copiet
682 2815 945 2869 proceres
970 2801 1041 2855 ad
1076 2800 1478 2866 osculandam,
1513 2814 1687 2868 quam
1720 2798 1917 2871 dextra
1941 2813 2049 2851 sua

408 2869 742 2955 patriarcha
811 2871 1056 2955 tenebai,
1095 2886 1353 2955 auream
1380 2940 1392 2951 _
1418 2869 2048 2955 crucem,“sacerdotee

406 2938 711 3023 inferiores
742 2944 1114 3023 respergebat
1139 2940 1612 3023 archiepiscopus
1644 2940 1859 3023 aliquis
1890 2938 2049 3008 apud

409 3012 801 3084 patriarcbam
834 3011 1014 3068 stans.
1049 3011 1387 3068 Sacerdotes
1419 3011 1516 3067 alii
1537 3029 1567 3067 e
1598 3012 1850 3084 scutulis
1903 3026 2049 3080 aqua

407 3082 744 3140 consecrata
776 3084 961 3154 plenis
1006 3086 1279 3155 pOpulum
1338 3084 1750 3155 respergebant
1807 3082 2049 3155 circum-

402 3161 673 3211 stantem.
725 3153 1124 3226 Undecumque
1182 3153 1509 3211 conﬂuebat
1534 3153 1728 3226 turba
1777 3154 1846 3208 ad
1897 3153 2049 3226 hau—

404 3226 669 3282 riendam
695 3243 908 3297 aquam
940 3224 1070 3281 cum
1101 3226 1288 3282 situlis
1310 3230 1365 3280 et
1387 3225 1619 3297 urceis.
1646 3226 1746 3280 His
1777 3224 2049 3279 omnibus

401 3298 669 3368 peractis,
705 3296 1079 3352 benedicebat
1108 3297 1437 3369 patriarcha
1468 3296 1742 3351 manibus
1771 3297 2049 3350 decussa-

2158 2084 2291 2141 Erat
2320 2090 2510 2141 autem
2561 2086 2763 2141 horum
2796 2084 3051 2139 ofﬁcium
3109 2084 3417 2155 pracipue,
3476 2089 3543 2139 ut
3597 2085 3806 2142 vestia-

2157 2158 2272 2212 rias
2304 2174 2469 2212 arcas
2500 2158 2927 2228 depromerent,
2960 2160 3017 2211 et
3058 2172 3172 2226 quo
3204 2173 3373 2227 opus,
3406 2161 3801 2228 apportarent,

2157 2236 2727 2299 reponerentrursus
2759 2232 2815 2282 et
2853 2232 3247 2299 asservarent.
3280 2227 3395 2298 Ipsi
3444 2227 3649 2299 tamen
3684 2245 3801 2284 non

2158 2298 2957 2381 imperatoreminduebant:
3010 2298 3335 2381 pertinebat
3364 2298 3522 2381 enim
3660 2300 3799 2381 offic

2157 2370 2315 2426 cium
2347 2373 2413 2425 ad
2454 2370 2778 2435 vestitores,
2822 2370 2893 2424 de
2925 2370 3143 2441 quibus
3177 2386 3323 2425 mox.
3358 2371 3467 2435 Qui
3498 2370 3799 2426 cubicula-

2158 2441 2379 2495 riorum
2412 2441 2521 2495 hac
2572 2441 2968 2495 sollicitudine
3000 2442 3400 2509 fungerentur,
3462 2442 3710 2509 audiunt
3738 2442 3799 2496 in

2158 2516 2354 2584 nostro
2412 2511 2779 2584 Cerimoniali
2838 2511 2888 2562 οἱ
2937 2515 3045 2564 τῶν
3086 2506 3403 2584 ἀλλαξίμωύ
3435 2506 3798 2584 τοῦλκουϐου-

2156 2580 2364 2651 κλείου,
2420 2583 2673 2653 ρνᾱείεειὶ
2709 2585 3132 2639 mutatorz'orum
3178 2580 3440 2639 cubiculi.
3490 2582 3603 2637 Alii
3634 2599 3801 2639 cura-

2156 2654 2316 2721 bant,
2380 2658 2443 2708 ut
2500 2653 2834 2710 cubiculum
2912 2653 3158 2725 Augusti
3210 2654 3459 2709 nitidum
3513 2660 3685 2724 esset,
3744 2660 3802 2710 et

2160 2726 2215 2779 bi
2275 2728 2750 2798 erant‘veterum
2812 2728 3067 2798 πρῶ-τας.
3122 2725 3252 2780 Vid.
3303 2725 3577 2798 Athena._
3619 2743 3675 2798 p.
3709 2727 3798 2783 48.

2157 2800 2260 2852 aut
2291 2796 2341 2849 οἱ
2392 2792 2478 2848 ἐπὶ
2544 2800 2665 2857 ταῖς
2731 2792 2990 2851 παστᾶσιν
3034 2795 3281 2864 ἑστῶτες,
3348 2801 3411 2851 ut
3450 2792 3802 2867 Anthologia

2156 2884 2225 2939 p.
2246 2868 2353 2922 32:
2388 2867 2483 2922 alii
2516 2876 2714 2939 potum
2747 2869 3071 2925 inferebant
3100 2869 3170 2924 ad
3223 2884 3451 2923 sacram
3512 2884 3801 2937 mensam,

2157 2938 2254 3011 alii
2288 2938 2693 3011 pralegebant,
2728 2957 2855 3011 qua
2879 2942 3193 3011 imperaret
3236 2940 3554 3011 imperator
3585 2939 3698 2995 sibi
3730 2941 3803 2996 de

2156 3009 2304 3065 libro
2336 3009 2552 3081 scripto
2566 3009 2835 3079 recitari;
2869 3009 3187 3067 alii—cereos
3205 3009 3474 3066 ardentes
3507 3012 3801 3078 tenebant,

2156 3097 2301 3152 quos
2333 3082 2650 3153 imperator
2696 3082 2755 3136 in
2806 3082 3078 3138 ecclesias
3109 3083 3474 3138 devotionem
3508 3098 3676 3138 suam
3713 3082 3801 3138 fa-

2155 3152 2314 3208 ciens
2370 3152 2742 3224 a’praposito
2803 3160 3092 3224 porrectas
3143 3156 3200 3208 in
3257 3170 3467 3209 manus
3500 3155 3798 3222 sumebat,

2154 3229 2256 3296 aut
2312 3225 2465 3295 apud
2501 3241 2691 3279 sacras
2725 3225 3013 3296 imagines
3039 3226 3421 3296 depangebat.
3478 3225 3590 3279 Alii
3621 3240 3798 3280 cane-

2152 3294 2297 3350 bant
2344 3294 2402 3367 et
2450 3298 2735 3353 musicam
2777 3294 3129 3353 exercebant
3177 3294 3373 3367 coram
3413 3295 3792 3367 imperatore;

399 3366 475 3423 tis
498 3374 605 3444 ter,
628 3369 883 3444 primum
923 3366 1188 3444 Czarum,
1222 3369 1355 3444 dein
1389 3369 1608 3444 clerum
1651 3375 1704 3444 e_t
1744 3382 2033 3444 proceres,
2067 3377 2116 3444 ς,
2152 3367 2251 3423 alii
2284 3366 2624 3444 oblationes,
2650 3384 2790 3437 quas
2818 3368 3136 3444 imperator
3172 3368 3231 3422 in
3283 3366 3449 3421 altari
3488 3366 3797 3437 depositu-

396 3445 455 3495 et
484 3438 647 3495 tertio
677 3438 902 3509 plebem
932 3460 946 3506 ;
980 3456 1093 3510 quo
1128 3440 1274 3495 facto
1298 3439 1503 3495 ultimo
1554 3438 1791 3493 tandem
1854 3443 2036 3508 prote-

396 3514 585 3566 ctores
616 3527 819 3566 rursus
850 3511 1106 3579 abibant,
1140 3516 1198 3566 et
1239 3516 1357 3566 tota
1416 3510 1703 3581 processio
1744 3510 2036 3581 repetebat

392 3582 635 3653 vestigia
693 3582 888 3637 eodem
926 3582 1127 3639 ordine
1158 3599 1273 3653 quo
1306 3579 1563 3653 venerat,
1595 3590 1648 3637 et
1679 3580 1803 3636 dies
1826 3579 1924 3635 ille
1954 3579 2037 3634 hi-

392 3653 587 3708 lariter
612 3655 1087 3709 consumebatur.
1116 3676 1143 3703 ››

464 3726 754 3780 Hactenus
786 3724 1009 3795 Anglus
1040 3725 1138 3780 ille
1170 3724 1477 3780 Moubach.
1513 3724 1643 3778 Jam
1677 3723 1937 3795 redimus
1963 3724 2033 3795 ad

391 3794 556 3850 ﬁlum
590 3801 855 3851 nostrum
888 3794 943 3851 ct
991 3795 1294 3851 verbulum
1345 3798 1414 3851 de
1454 3794 1917 3865 processionibus
1949 3794 2038 3849 ci-

387 3866 908 3932 vilibusaddimus,
939 3884 1064 3938 qua
1085 3868 1169 3921 vel
1195 3867 1573 3990 quotidiana,
1606 3867 1691 3920 vel
1715 3865 2032 3932 solemnes;

390 3938 478 3990 vel
512 3938 775 3990 neratica
808 3947 987 3990 erant.
1021 3938 1187 3990 Ouoti
1236 3937 1367 3990 iana
1389 3938 1674 3990 processio
1707 3941 1829 3990 erat
1858 3940 2032 3990 Sena-

390 3938 478 3992 vel
512 3938 775 4005 peratica
808 3947 987 3991 erant.
1021 3937 1367 4003 Quotidiana
1389 3938 1674 4005 processio
1707 3941 1829 3991 erat
1858 3940 2038 3990 Sena-

394 4015 606 4073 torum,
641 4024 743 4062 seu
772 4022 1069 4075 procerum
1090 4009 1148 4061 in
1172 4007 1363 4061 aulam
1381 4009 1451 4061 ad
1476 4007 1841 4061 salutandum
1874 4006 2036 4076 prin-

392 4077 581 4148 cipem
614 4083 671 4133 et
701 4079 770 4133 ad
805 4077 1160 4133 iunctionem
1180 4078 1273 4132 sui
1313 4078 1577 4132 muneris
1607 4077 2033 4148 exseﬁquendam

390 4147 883 4205 convenientium.
918 4150 1045 4204 Hac
1085 4153 1232 4204 stata
1254 4152 1397 4214 erat,
1430 4152 1486 4202 et
1503 4164 1619 4203 non
1650 4147 2032 4213 indicebatur,

392 4220 682 4302 ﬁebatque
713 4221 804 4302 bi_s
847 4237 949 4302 p_er
987 4221 1164 4302 diem,
1199 4235 1368 4302 mane
1399 4224 1455 4302 et
1484 4233 1874 4302 vespere,‘seu
1910 4223 2037 4302 post

392 4290 718 4347 meridiem.
767 4290 975 4347 De’hac
998 4292 1120 4361 agit
1150 4296 1322 4362 caput
1344 4290 1601 4362 primum
1636 4290 1767 4362 libri
1792 4290 2035 4344 secundi

386 4362 570 4417 nostri
589 4362 986 4417 cerimonialis
1008 4379 1074 4417 ex
1101 4361 1383 4429 professo,
1406 4361 1501 4416 hic
1533 4366 1727 4416 autem
1753 4361 1812 4415 in
1847 4369 2036 4415 trans-

387 4448 578 4503 cursu_
611 4438 840 4487 tantum
878 4433 1107 4503 mentio
1139 4434 1201 4487 fit
1223 4434 1280 4487 in
1313 4434 1501 4488 verbis
1531 4437 1630 4500 τῆς
1661 4433 2035 4503 καθημερινῆς

388 4500 682 4573 ἱσταμένης
737 4499 1133 4575 προελεύσεως,
1205 4499 1897 4576 ᾳαοιὶἀὶαηαβζαηῖεξὶά
1950 4508 2037 4558 est

388 4576 705 4647 incipiente,
717 4575 1077 4645 processione.
1094 4575 1394 4633 Solemnes
1408 4575 1591 4647 pridie
1613 4575 2033 4647 indicebantur,

390 4650 449 4719 et
478 4642 764 4719 debebant
795 4652 934 4702 tunc
950 4647 1286 4719 proceresin
1311 4642 1591 4719 palatium
1615 4642 2038 4719 procederem;

392 4713 661 4790 kayuévov.
692 4720 916 4790 mutati,
950 4713 1084 4775 'hoc
1127 4722 1212 4775 est
1258 4713 1329 4773 in‘
1373 4720 1526 4774 novis
1562 4713 1729 4787 rubis,
1762 4734 1834 4790 ene
1878 4713 2034 4790 gula,

390 4788 647 4861 vestibus
679 4788 1002 4859 splendidis
1033 4799 1086 4845 et
1115 4792 1185 4846 ad
1210 4806 1485 4861 pompam
1535 4789 2037 4861 compositisPro-

389 4858 685 4914 cessiones
712 4858 1048 4916 senatorum
1077 4861 1137 4917 in
1195 4858 1418 4917 curiam
1476 4858 1785 4917 solemnes.
1836 4860 2040 4916 diebus

392 4929 755 5003 solemnibus
787 4932 857 5003 ad
881 4932 1284 5001 gratulandum
1308 4940 1361 4986 et
1392 4932 1838 4988 acclamandum
1871 4932 2038 5003 prin—

390 5002 502 5074 cipi
534 4998 588 5054 ἐν
620 4998 806 5068 ἐσθῆτι
836 4998 974 5074 iapix,
1006 5003 1063 5057 id
1097 5008 1186 5058 est
1215 5003 1451 5058 candida
1480 5008 1637 5071 veste,
1670 5007 1735 5057 ut
1775 4998 2037 5059 Petavius

388 5072 828 5145 interpretatur,
874 5072 1158 5130 memorat
1195 5074 1550 5129 Themistius
1582 5092 1638 5145 p.
1669 5074 1739 5127 55
1770 5075 1894 5129 init.
1923 5076 2036 5129 Ta-

392 5143 477 5200 les
502 5143 903 5216 processiones
933 5149 1095 5200 erant
1124 5146 1193 5200 ad
1246 5145 1501 5212 Circum,
1543 5143 1855 5215 quotannis
1895 5145 2035 5200 olim

394 5215 666 5288 septena,
718 5215 926 5271 deinde
971 5216 1364 5287 quina;item
1396 5218 1468 5272 ad
1528 5216 1734 5271 horrea
1782 5216 2035 5288 publica,

394 5287 683 5343 lustrandi
742 5288 1017 5343 frumenti
1047 5288 1126 5342 ibi
1186 5287 1432 5358 depositi
1491 5288 1716 5358 gratia;
1767 5287 1903 5342 item
1964 5288 2034 5342 ad

395 5358 689 5430 balneum.
727 5359 969 5423 Quando
1002 5360 1551 5429 nempeimperator,
1584 5363 1684 5414 aut
1704 5359 2037 5430 imperatrix

388 5428 572 5501 ictum
623 5430 794 5497 irent,
853 5430 1024 5486 fiebat
1082 5428 1413 5501 processio;
1445 5432 1529 5501 uti
1582 5430 1753 5485 etiam
1790 5428 2039 5501 'quando

389 5498 564 5571 legati
593 5503 788 5573 exteri
847 5498 1287 5571 exciperentur;
1320 5505 1376 5557 et
1406 5500 1520 5557 alia
1548 5501 1729 5573 talia,
1788 5498 1912 5573 qua
1944 5502 2038 5557 hic

388 5570 808 5644 perstrinxisse
830 5570 1142 5630 suffecerit.
1177 5570 1279 5626 Ad
1304 5570 1721 5644 processiones
1752 5570 2039 5644 pératicas

390 5641 599 5717 refero,
681 5647 913 5712 quando
971 5641 1629 5717 imperatoresprelicto
1692 5641 1941 5717 palatio,
1979 5645 2037 5700 in

393 5712 1026 5795 pradianseuprbana,
1061 5712 1177 5795 'seu
1199 5716 1571 5795 suburbana,
1606 5718 1665 5772 in
1692 5712 1853 5795 Pere,
1890 5712 2041 5795 nltra

390 5785 588 5841 sinum
613 5785 971 5852 Ceratinum,
992 5792 1093 5843 aut
1113 5796 1166 5843 et
1197 5789 1257 5843 in
1283 5789 1430 5844 Asia
1460 5788 1592 5853 sita,
1616 5785 2031 5856 concederent;

395 5871 514 5927 quo
537 5860 826 5930 tempore
886 5858 1078 5930 ofﬁcia
1107 5860 1293 5915 multa
1322 5859 1511 5930 aulica
1547 5864 1604 5915 et
1643 5861 2041 5930 processiones

392 5927 767 6000 quodidiana
793 5928 1174 5987 feriebantur.
1207 5929 1367 5989 Talis
1398 5927 1661 5991 absentia
1690 5949 1721 5990 e
1750 5933 1964 6006 palatio
1987 5936 2045 5989 et

2147 3455 2249 3494 rus
2280 3444 2455 3510 esset,
2491 3440 2771 3510 ferebant,
2804 3444 2859 3494 et
2908 3439 3146 3494 domino
3178 3453 3279 3510 per
3301 3454 3515 3494 manus
3571 3455 3796 3509 prapo-

2141 3509 2238 3564 siti
2270 3509 2361 3565 sui
2418 3509 2762 3577 tradebant;
2800 3510 2897 3565 alii
2928 3510 3219 3565 faciebant
3250 3510 3445 3565 orbem
3494 3509 3649 3566 circa
3679 3510 3798 3566 im-

2140 3584 2488 3651 peratorem,
2524 3581 2759 3651 quando
2818 3582 2878 3636 in
2909 3582 3166 3637 ecclesia
3216 3580 3502 3636 vestibulo
3541 3586 3645 3637 aut
3674 3580 3796 3638 cal-

2141 3668 2274 3707 ceos
2297 3656 2396 3707 aut
2419 3657 2616 3723 vestes
2642 3656 2913 3722 mutaret,
2944 3656 3042 3708 aut
3065 3656 3240 3723 caput
3270 3652 3522 3707 nudaret
3550 3652 3794 3708 induen-

2142 3723 2226 3778 da
2287 3722 2479 3778 infula
2537 3740 2733 3789 causa,
2794 3739 2864 3778 ne
2924 3722 3151 3778 scilicet
3203 3723 3506 3779 abarbato
3540 3724 3790 3794 quodam

2141 3795 2328 3865 capite
2360 3796 2551 3849 nudus
2582 3794 3040 3861 conspiceretur,
3068 3794 3247 3849 Multa
3270 3795 3384 3850 alia
3406 3800 3569 3849 erant
3599 3794 3795 3849 ofﬁcia

2139 3865 2658 3937 cubiculariorum,
2714 3865 2971 3921 Habebat
3041 3881 3273 3937 quoque
3318 3873 3599 3937 augusta
3653 3882 3792 3921 suas

2140 3936 2553 4008 eubicularias,
2584 3938 2715 4007 ‘[De
2748 3953 2959 4008 magno
3011 3936 3367 3992 cubiculario
3427 3936 3634 4008 imper.
3668 3937 3790 3991 vid.

2138 4006 2456 4080 Villebard.
2484 4006 2640 4080 “pag.
2672 4008 2796 4080 301,
2833 4006 3137 4080 cium_not.
3175 4013 3257 4063 Du
3316 4006 3541 4080 Cangii',
3578 4008 3625 4080 Γ
3678 4009 3794 4080 Sed

2141 4078 2448 4132 fueruntne
2479 4077 2654 4132 iidem
2688 4077 2995 4134 silentiarii
3023 4084 3079 4133 et
3109 4077 3502 4135 cubicularii?
3532 4077 3630 4135 aut
3674 4079 3792 4134 sal-

2140 4148 2270 4222 tim,
2305 4149 2612 4222 fueruntne
2640 4149 2957 4222 silentiarii
2973 4149 3263 4222 peculiare
3284 4150 3578 4222 quoddam
3602 4166 3792 4222 genus

2140 4218 2692 4293 cubiculariorum?
2748 4224 2894 4293 Sane
2924 4218 3393 4293 illamprodidit
3448 4218 3790 4293 opinionem

2140 4290 2461 4364 Alemanus
2490 4291 2551 4346 in
2574 4291 2727 4347 notis
2757 4292 2827 4346 ad
2858 4292 3121 4364 Procopii
3140 4290 3459 4364 historiam
3488 4290 3788 4349 arcanam.

2144 4360 2382 4417 Fallitur
2413 4372 2605 4417 autem
2666 4364 2865 4435 procul
2898 4360 3072 4419 dubio
3103 4363 3189 4418 vir
3229 4364 3625 4419 doctissimus.
3660 4364 3793 4421 Non

2140 4437 2369 4489 tantum
2401 4436 2555 4489 enim
2588 4435 2973 4490 Cerimoniale
3017 4440 3281 4490 nostrum
3332 4435 3723 4491 cubicularios
3756 4453 3795 4493 a

2142 4504 2491 4578 silentiariie
2531 4507 2839 4577 perspicue
2867 4506 3210 4578 distinguit,
3245 4504 3347 4578 sed
3376 4506 3551 4561 etiam
3583 4506 3691 4562 hoc
3722 4506 3803 4561 li-

2142 4576 2323 4650 quido
2340 4576 2548 4631 refellit
2569 4576 2700 4631 eum
2728 4577 2884 4650 quod
2903 4595 2955 4645 p.
2979 4580 3041 4632 41
3064 4576 3121 4633 et
3140 4577 3281 4632 alibi
3305 4578 3692 4650 nostrioperis
3707 4597 3799 4630 σε-

2142 4645 2530 4717 λεντιάρισσαι,
2582 4645 2779 4704 uxore}
2816 4648 3259 4704 silentiarz’orum
3313 4645 3794 4705 commemoran—

2068 4740 2113 4804 Β
2147 4718 2415 4804 ιιιιζκΝοῑι
2455 4723 2810 4804 θινεῃιῑηετεο
2841 4720 3149 4804 eilentiarii
3180 4720 3493 4804 s‘padenes,
3516 4721 3789 4804 quando:

2148 4789 2384 4861 quidem
2415 4789 2670 4846 maritati
2703 4789 2887 4846 erant.
2920 4791 3092 4861 Atqui
3128 4790 3469 4846 cubicularii
3498 4789 3791 4847 debebant

2148 4878 2353 4917 omnes
2374 4862 2612 4917 castrati
2642 4877 2790 4917 esse.

2217 4933 2331 5004 (18)
2395 4932 2705 4989 Peculiaris
2743 4932 2998 5003 dignitas
3050 4936 3140 4989 est
3185 4932 3213 4985 ὁ
3268 4932 3570 4999 κατεπάνω,
3632 4933 3792 4991 unde

2144 5003 2518 5075 depravatum
2572 5004 2742 5059 ﬂuxit
2798 5004 3066 5075 σπαραηί
3138 5019 3347 5075 nomen
3417 5004 3477 5059 in
3542 5004 3795 5075 historia

2144 5074 2356 5145 Apula,
2389 5080 2445 5131 et
2486 5079 2692 5145 putant
2750 5074 2985 5145 quidam
3040 5074 3336 5144 Capitanei
3383 5091 3594 5130 nomen
3654 5074 3795 5133 inde

2146 5144 2816 5202 deductumIGuilielmo
2833 5144 3017 5203 Apulo
3034 5145 3094 5201 in
3126 5147 3295 5201 rebus
3321 5146 3795 5203 Normannorum

2146 5216 2417 5289 apudiDu
2481 5217 2669 5289 Cange
2720 5218 2797 5289 ad
2841 5216 3099 5272 Alexiad.
3146 5234 3199 5289 pi.
3230 5218 3356 5285 229,
3389 5222 3477 5273 est
3517 5219 3789 5288 Calapan.

2147 5291 2263 5360 Qui
2285 5288 2535 5355 Catapan
2554 5287 2737 5357 fuerat
2769 5287 3079 5345 (ἔγχεον-ατη
3108 5287 3309 5343 missus
3340 5290 3406 5345 ab
3438 5290 3592 5344 urbe.
3623 5287 3792 5345 Conf.

2147 5360 2301 5432 Idem
2337 5377 2391 5430 p.
2425 5361 2549 5428 275,
2583 5360 2682 5432 ubi
2715 5360 2817 5432 ait,
2878 5360 3139 5432 quemvis
3188 5361 3520 5429 prafectum
3556 5360 3790 5432 provin-

2147 5431 2247 5487 ciae
2280 5430 2713 5503 designare.*[A
2745 5431 2958 5503 Gracia
2978 5430 3271 5503 originem
3302 5432 3461 5486 ducit
3490 5430 3796 5503 magistra:

2149 5509 2244 5558 tus
2284 5502 2502 5572 Apulia
2552 5507 2609 5558 et
2650 5502 2929 5573 Neapolis
2956 5502 3192 5559 διναίὶσί
3238 5504 3287 5573 et
3346 5504 3606 5573 Capilani
3635 5502 3793 5573 quod

2150 5573 2339 5629 adhuc
2391 5574 2556 5629 hodie
2603 5572 2813 5629 nomen
2860 5576 3145 5644 superest.
3208 5572 3531 5644 Dignitates
3580 5572 3799 5629 Gallia

2148 5645 2348 5701 Gothis
2404 5645 2677 5714 habuere,
2718 5644 2881 5699 Conf.
2936 5644 3166 5700 Freccia
3217 5645 3289 5699 de
3319 5644 3485 5700 Subf.
3519 5654 3572 5699 et
3608 5644 3797 5700 Gian—

2150 5733 2286 5772 non.
2340 5733 2395 5788 p.
2438 5716 2559 5788 721.3
2590 5716 2770 5788 sqq.]'
2818 5715 3031 5770 Verum
3082 5714 3109 5767 ὁ
3153 5715 3437 5788 κατεπάνῳ
3482 5714 3581 5788 evel
3629 5714 3799 5785 Capi-

2149 5786 2380 5857 taneus,
2413 5787 2482 5843 de
2524 5803 2638 5859 quo
2670 5787 2763 5842 hic
2816 5802 3027 5859 sermo,
3093 5802 3211 5859 non
3269 5786 3579 5859 excedebat
3626 5802 3795 5859 sacro

2150 5853 2379 5929 palatio,
2412 5853 2558 5912 non'
2584 5857 2704 5911 ibat
2732 5859 2791 5911 in
2840 5856 3218 5929 provincias,
3241 5858 3342 5913 sed
3393 5857 3625 5929 regebat
3660 5853 3793 5919 τοὺς

2155 5926 2473 6007 βασιλικοὺς
2504 5945 2605 5985 seu
2641 5927 3003 5985 Causarianos.
3046 5926 3303 5985 Habebat
3331 5930 3441 5985 sub
3462 5926 3555 5985 'se
3584 5927 3795 5985 dome-
