4152 6310
252 381 335 443 129
1182 393 1281 451 DE
1323 390 1776 454 CERIMONIIS
1820 392 1970 452 AUI.

2094 392 2581 453 ΒῩΖΑΝΤΙΝιΕ
2624 394 2771 454 LIB.
2821 395 2871 454 Ι.

3610 400 3733 459 130

244 532 289 568 τε
326 512 412 567 καὶ
475 513 955 590 ὀφεειικιαλίους
1024 522 1140 593 (79)
1190 518 1275 574 καὶ
1325 516 1758 594 κλεισουρᾶρχας
1827 522 1961 592 (80),

2080 524 2416 588 ferentibus,
2442 528 2619 591 stant,
2657 525 3047 593 procumbunt
3077 524 3155 581 ibi
3188 525 3454 597 magistri
3487 543 3552 583 ac
3583 527 3721 583 reli-

252 602 318 656 tui
339 600 567 657 τούτων
607 605 775 659 κατὰ
824 607 905 661 τὸ
962 608 1161 671 εἰωθὸς
1208 607 1650 682 προσκυνούντων
1700 607 1824 669 τοὺς
1877 606 1967 662 δε-

2078 612 2198 682 qui,
2232 621 2283 666 et
2314 612 2577 666 dominos
2607 614 2882 681 salutant,
2915 615 3138 670 scilicet
3160 616 3441 686 magistro
3459 618 3722 671 caerimo-

1351 698 1548 754 JOAN.
1590 699 1735 755 JAC.
1779 699 2040 755 REISKII
2081 701 2676 757 COMMENTARIUS.

264 794 299 859 ti
323 784 386 852 ll,
412 800 476 859 ρ,
501 784 750 859 1|,Scr.
793 786 953 843 Ital.
1018 804 1145 859 pag.
1192 788 1315 842 272.
1346 788 1744 859 ,'[Adelgisus
1793 789 1965 843 Desi-

281 857 397 913 derti
458 856 1051 929 Longobardorum
1095 856 1251 929 regis
1301 856 1455 914 filius
1508 876 1541 912 a
1583 856 1967 915 Constantino

287 930 444 985 Graec.
486 928 645 1000 imp.
710 932 1132 984 constituitur
1176 928 1474 1000 patricius.
1507 930 1837 995 Schminck,
1895 932 1965 986 ad

290 1001 594 1073 Egiabard,
646 1016 710 1071 p.
771 1001 883 1073 40.
949 1001 1193 1056 Gilimer
1239 1002 1648 1056 Wandalorum
1710 1019 1805 1056 rex
1851 1018 1964 1057 non

298 1072 455 1127 iactus
494 1079 592 1127 est
656 1072 993 1144 patricius,
1028 1089 1062 1126 a
1103 1073 1447 1144 iustiniano,
1498 1075 1651 1144 quod
1693 1075 1963 1128 Arianam

298 1143 526 1199 heresin
574 1145 831 1211 ejurare
874 1143 1083 1199 nollet.
1110 1143 1351 1215 ,Procop.
1414 1156 1465 1199 et
1524 1145 1861 1213 TheOphan.
1906 1162 1961 1215 p.

302 1216 451 1287 170$
482 1216 683 1286 Reges
716 1215 911 1287 igitur
943 1220 1002 1269 et
1037 1214 1326 1285 principes
1357 1215 1741 1270 occidentales
1764 1214 1961 1270 eorum

305 1285 621 1358 temporum
657 1285 1059 1358 suscipiendo
1082 1288 1439 1356 patriciatum
1456 1287 1962 1356 aCPtanisirnpp.,

309 1356 463 1427 cujus
492 1358 575 1412 rei
608 1360 898 1428 exempla
954 1356 1128 1427 longe
1176 1358 1428 1426 plurima
1467 1358 1625 1412 dedit
1659 1364 1739 1412 Uu
1771 1358 1964 1428 Cange

308 1430 489 1484 Gloss.
527 1430 659 1483 Lat.
722 1446 780 1482 v.
835 1429 1140 1493 Patricius,
1180 1429 1594 1499 agnoscebant,
1628 1446 1688 1483 se
1714 1429 1962 1483 vasallos

308 1518 503 1557 eorum
551 1517 708 1566 esse,
753 1502 1034 1570 patricios
1089 1501 1238 1568 ejus,
1296 1503 1349 1554 id
1407 1506 1495 1554 est
1536 1509 1960 1571 procuratores,

302 1575 489 1628 locum
527 1579 829 1638 tenentes,
879 1571 1148 1624 vicarios.
1200 1571 1426 1625 Patricii
1460 1588 1657 1625 vocem
1701 1589 1768 1625 ea
1797 1577 1963 1626 tetatc

298 1646 347 1699 id
409 1650 647 1698 notasse
708 1648 873 1713 patet
937 1638 1016 1696 ex’
1054 1642 1176 1697 loco
1216 1641 1497 1696 Benzonis
1531 1660 1585 1708 ι).
1622 1644 1781 1714 1062.
1811 1643 1964 1714 ’[Ρο-

297 1719 435 1770 slera
494 1714 595 1769 die
655 1723 998 1785 congregato
1044 1714 1279 1767 concilio
1334 1715 1396 1767 in
1432 1713 1664 1768 ecclesia
1691 1713 1962 1783 principis

296 1786 697 1855 apostolorum,
750 1787 896 1845 sedit
951 1800 1051 1839 rex
1081 1785 1340 1838 Henricus
1391 1785 1447 1838 in
1478 1786 1653 1839 medio
1684 1788 1957 1855 episcopo-

2079 789 2329 844 minium
2363 792 2522 847 urbis
2571 795 2763 845 Romae
2792 796 3096 859 assereret,
3154 809 3381 848 annuos
3448 793 3720 850 consules

2076 860 2245 935 binos
2294 863 2530 935 creavit,
2582 878 2644 935 se
2712 864 2966 933 primum
3025 866 3336 935 patricium
3369 865 3481 919 dici
3513 866 3719 935 voluit,

2076 931 2445 1005 triumphum
2478 931 2750 1002 instituit,
2802 935 2861 988 in
2885 951 3000 1005 quo
3022 931 3402 990 acclamatum
3438 931 3722 993 :Heurico

2075 1004 2330 1073 Augusto
2362 1022 2395 1057 a
2427 1010 2540 1059 Deo
2570 1010 2845 1061 coronato
2883 1004 2953 1045 4—
2994 1006 3255 1062 Ecclesiaa
3286 1007 3571 1061 defensori
3604 1010 3719 1063 vita

2075 1078 2133 1128 et
2171 1075 2428 1149 victoria.
2498 1075 2753 1149 Goldast.
2812 1078 2883 1131 ad
2934 1077 3241 1149 Eginbard.
3296 1079 3557 1149 p.170.j*
3588 1079 3720 1134 Jam

2076 1146 2353 1216 antiquus
2384 1151 2505 1200 erat
2556 1148 2761 1202 titulus
2807 1151 2979 1217 primi
3032 1146 3312 1218 patriciif
3341 1150 3491 1202 idem
3514 1146 3723 1205 valens

2075 1223 2248 1289 atque
2303 1219 2571 1287 princeps,
2633 1221 3099 1289 senatus;cujus
3158 1223 3235 1274 rei
3269 1220 3532 1289 exempla
3564 1221 3725 1275 dedit

2074 1287 2156 1361 Du
2192 1291 2382 1359 Gange
2440 1305 2491 1361 ν.
2547 1288 2851 1359 πατρίκιος,
2911 1294 3081 1361 cujus
3141 1287 3721 1361 utrumqueGlossa-

2074 1359 2411 1432 rium,i_sed
2474 1360 2740 1416 Latinum
2794 1359 3100 1432 praecipue,
3136 1359 3405 1432 praeclara
3440 1363 3619 1417 multa
3651 1365 3723 1419 de

2073 1430 2332 1499 patriciis
2389 1432 2598 1485 veteris
2648 1433 2818 1501 juxta
2875 1444 2927 1487 et
2969 1430 3321 1488 “recentioris
3379 1435 3479 1487 aevi
3530 1435 3718 1489 docet.

2076 1501 2370 1571 ‘[(Jlemens
2429 1503 2479 1556 11
2551 1507 2828 1558 coronavit
2910 1505 3204 1558 Henricum
3272 1506 3321 1559 ΙΙ
3378 1510 3431 1559 et
3486 1521 3723 1561 uxorem

2071 1576 2346 1641 Agnetem,
2379 1589 2483 1643 qua
2513 1574 2795 1628 occasione
2840 1574 3113 1644 jurarunt
3171 1576 3404 1631 Romani
3460 1578 3608 1630 nolle
3661 1593 3721 1630 se

2071 1644 2683 1715 unquamrpontiﬁcem
2756 1647 2963 1714 absque
3032 1647 3384 1715 imperatoris
3440 1653 3722 1703 voluntate

2070 1715 2294 1782 eligere.
2328 1714 2436 1784 Ipsi
2461 1726 2732 1784 praeterea
2758 1717 2823 1770 de
2868 1732 2978 1770 uno
3033 1714 3408 1772 concesserunt
3448 1719 3718 1787 patricia-

2069 1791 2209 1851 tum,
2241 1792 2409 1855 utque
2436 1796 2641 1856 prieter
2686 1790 3030 1855 imperatoris
3058 1804 3318 1843 caronum
3343 1805 3579 1843 aureum
3606 1790 3722 1844 cir-

302 1876 421 1914 rum
452 1888 524 1897 —
555 1861 687 1911 tum
746 1872 853 1911 rex
906 1857 986 1909 ait
1011 1873 1030 1929 :A
1058 1856 1331 1920 Seniores,
1389 1856 1549 1910 solito
1592 1873 1741 1911 more
1768 1858 1846 1910 sit
1902 1857 1963 1910 in
1997 1865 2041 1929 Β
2070 1858 2250 1911 culum
2280 1859 2453 1927 ferret
2481 1859 2706 1929 iussere.
2772 1860 2876 1913 Leo
2908 1858 3028 1913 Ost.
3077 1859 3115 1913 l.
3147 1876 3209 1924 ιι,
3243 1876 3294 1915 c.
3324 1861 3414 1913 69.
3437 1863 3719 1915 Miserunt

302 1930 569 1987 electione
620 1937 838 1982 nostra.
891 1927 1143 1991 Accipite
1197 1943 1358 1997 quem
1405 1930 1568 1981 vultis
1598 1933 1661 1981 de
1683 1936 1795 1982 tota
1811 1943 1963 1997 prse—

302 2003 447 2055 senti
490 2002 960 2069 congregatione.
1007 1997 1113 2065 Qui
1156 1997 1597 2067 responderunt:
1651 2000 1748 2054 Ubi
1811 2000 1965 2052 adest

299 2076 611 2143 pra'sentia
653 2072 831 2137 regiae
860 2069 1184 2135 maiestatis,
1221 2085 1333 2143 non
1388 2076 1464 2123 est
1510 2069 1795 2124 electionis
1843 2087 1967 2143 con-

301 2141 495 2199 sensus
526 2144 586 2196 in
616 2142 862 2195 arbitrio
912 2144 1119 2195 nostra:
1148 2141 1464 2195 voluntatis.
1500 2143 1627 2194 Etsi
1666 2148 1810 2210 forte
1842 2142 1964 2194 ali-

299 2221 555 2285 quotiens
595 2216 799 2267 absens
843 2213 994 2276 estis,
1036 2218 1220 2265 tamen
1267 2227 1367 2280 per
1412 2211 1669 2285 officium
1714 2212 1963 2285 patricii,

299 2282 397 2356 qui
431 2291 517 2339 est
542 2298 721 2356 vester
759 2285 1019 2351 vicarius,
1049 2298 1265 2356 semper
1294 2283 1601 2352 apostolicae
1631 2282 1968 2356 promotioni

298 2353 625 2410 interestis.
661 2355 836 2425 Neque
879 2371 1029 2408 enim
1055 2353 1327 2424 patricius
1357 2359 1435 2407 est
1463 2369 1624 2425 papae
1671 2353 1963 2422 patricius,

298 2444 511 2482 verum
535 2429 615 2479 ad
672 2424 1036 2494 prizparanda
1084 2425 1411 2493 reipublicae
1431 2424 1647 2493 negotia
1678 2429 1754 2478 est
1796 2429 1965 2493 impe-

296 2507 517 2554 ratoris
542 2500 839 2564 patriams.
899 2526 969 2536 -
1019 2496 1300 2550 Decretum
1336 2501 1434 2561 est,
1486 2506 1544 2548 ut
1572 2512 1672 2549 rex
1699 2497 1968 2550 Henricus

302 2587 427 2623 cum
482 2570 765 2623 universis
795 2566 856 2621 in
882 2566 1208 2621 monarchia
1248 2566 1599 2635 imperiisibi
1634 2567 1966 2621 succedenti-

318 2643 415 2693 bus
472 2641 624 2708 ﬁeret
706 2641 1006 2706 patricius,
1064 2646 1208 2692 sicut
1257 2638 1321 2691 de
1377 2638 1570 2694 Carolo
1628 2638 1693 2692 Μ,
1752 2639 1968 2708 [italum

324 2710 577 2777 legimus.
602 2740 665 2752 ——
687 2710 949 2765 Inductus
979 2709 1159 2775 igitur
1181 2724 1279 2763 rex
1312 2708 1655 2763 viridissima
1682 2709 1969 2780 chlamyde

313 2782 685 2851 desponsatar
751 2782 1037 2850 patriciali
1090 2786 1317 2843 annulo,
1377 2787 1673 2834 caronnlur
1719 2781 1969 2845 eiusdem

299 2858 660 2921 pre/cetaria
712 2869 883 2907 aureo
922 2851 1211 2922 circulo.]'
1249 2852 1414 2905 Ducit
1446 2869 1547 2905 nos
1581 2852 1673 2905 hic
1706 2851 1866 2905 locus
1897 2851 1969 2905 ad

301 2928 663 2979 celebratam
700 2924 863 2977 illam
897 2926 966 2977 de
999 2924 1297 2991 patriciatu
1340 2924 1757 2988 Romanorum,
1792 2939 1967 2993 quem

296 3001 624 3065 gesserunt
671 2995 1062 3060 imperatores
1103 2994 1508 3059 occidentales,
1562 2996 1966 3064 quaestionem,

292 3069 475 3136 cujus
508 3068 677 3129 origo
705 3066 895 3134 prima
944 3065 1064 3119 ha‘c
1097 3066 1237 3119 mihi
1261 3066 1491 3118 videtur
1549 3065 1746 3120 fuisse.
1781 3069 1968 3134 Impe-

294 3149 529 3193 ratores
571 3138 792 3193 CPtani
827 3137 1070 3191 Romam
1131 3136 1268 3191 olim
1326 3136 1654 3205 mittebant,
1714 3141 1776 3190 ut
1834 3137 1967 3203 alio,

2073 1929 2313 1982 Romani
2346 1933 2474 1997 post
2508 1928 2724 1984 Nicolai
2774 1930 3002 1984 obitum
3038 1930 3284 1984 Henrico
3318 1933 3388 1984 IV
3417 1948 3712 1996 coronam,

2070 2006 2343 2073 rogantes
2383 2001 2578 2073 simul,
2624 2006 2688 2073 ut
2744 2018 2954 2055 novum
2991 2002 3134 2072 ipsis
3158 2002 3494 2073 pontificem
3526 2004 3709 2058 daret.

2074 2071 2125 2144 is
2156 2072 2483 2144 convocatis
2515 2071 2802 2128 Basileam
2838 2071 3198 2143 principibus
3231 2090 3501 2128 coronam
3535 2074 3711 2144 capiti

2069 2141 2371 2211 imposuit,
2431 2148 2489 2195 et
2538 2141 2851 2213 proptere—ii
2875 2145 3150 2213 patricius
3174 2145 3474 2199 Romanus
3499 2141 3716 2198 fuit'di-

2072 2217 2220 2266 ctus.
2257 2212 2450 2266 Berth.
2511 2212 2707 2267 Const.
2758 2216 2829 2268 ad
2878 2212 2921 2268 7a
2973 2216 3128 2269 1061.
3176 2216 3339 2269 Conf.
3400 2215 3719 2269 Hermanni

2073 2283 2361 2337 Coutracti
2384 2285 2453 2336 ad
2478 2285 2749 2339 eumdem
2766 2284 3151 2339 annum.0tto
3184 2285 3327 2338 Fris.
3361 2284 3400 2339 Ι.
3432 2302 3509 2349 v1,
3542 2302 3593 2339 c.
3626 2286 3716 2352 34,

2074 2354 2410 2408 Petr.Diac.
2470 2370 2553 2416 ιιι,
2603 2355 2694 2420 21,
2757 2355 2957 2409 Lamb.
3019 2356 3350 2417 Schati'uab,
3412 2357 3570 2421 1063,
3627 2354 3716 2410 64.

2076 2424 2298 2499 Ughelli
2331 2430 2369 2479 t.
2394 2426 2476 2499 _II.
2507 2424 2736 2499 in_Vita
2769 2426 2998 2499 Cagdoli'
3041 2443 3097 2497 p.
3131 2428 3254 2499 211.
3282 2427 3627 2499 Intelligitur
3648 2444 3715 2483 ex

2076 2500 2246 2549 modo
2277 2494 2534 2568 laudato
2569 2496 2771 2552 Leonis
2831 2494 3114 2552 Ostiensis
3155 2498 3300 2561 loco,
3326 2494 3577 2568 quidvsit
3597 2502 3697 2553 cir-

2071 2568 2226 2620 culus
2246 2566 2581 2635 patricialis,
2602 2572 2772 2635 cujus
2817 2570 3086 2623 meminit
3116 2569 3301 2624 Benzo
3342 2566 3400 2623 in
3434 2571 3712 2637 Panegyr.

2075 2638 2298 2691 Henrici
2353 2638 2451 2701 IIl,
2512 2656 2565 2707 p.
2618 2641 2800 2695 1064:
2856 2642 3093 2695 Romani
3128 2645 3186 2695 in
3216 2642 3415 2695 melius
3449 2642 3717 2695 recordati

2074 2712 2451 2764 convenientes
2483 2712 2543 2763 in
2579 2726 2753 2765 unum
2780 2712 3108 2780 promittunt
3135 2715 3424 2767 emendare
3454 2712 3719 2782 quidquid

2073 2784 2427 2852 peccaverunt
2483 2782 2540 2834 in
2610 2798 2794 2850 regem
2847 2800 3097 2852 puerum.
3163 2786 3344 2852 Itaque
3399 2787 3625 2836 mittunt
3663 2788 3713 2837 et

2075 2851 2452 2921 chlamydem,
2492 2856 2736 2913 mitram.
2772 2851 3043 2907 annulum
3070 2858 3121 2907 et
3164 2851 3515 2919 patricialcm
3536 2857 3719 2907 circu-

2076 2923 2191 2975 lum
2213 2940 2310 2989 per
2355 2924 2652 2991 episcopos,
2678 2940 2775 2993 per
2795 2926 3105 2978 cardinales
3134 2931 3295 2995 atque
3314 2930 3609 2995 senatores.
3647 2954 3715 2963 —

2082 2995 2262 3049 Visum
2294 2998 2369 3048 est
2425 3010 2552 3067 ergo
2611 2997 2959 3064 irnperatrici
2996 2994 3216 3067 suisque
3243 2994 3576 3049 silentiariis
3606 3011 3715 3049 non

2075 3081 2186 3118 esse
2218 3065 2555 3136 recipienda
2612 3068 2863 3136 capilolii
2893 3068 3056 3129 dona,
3107 3065 3221 3121 nisi
3265 3084 3389 3122 cum
3422 3082 3716 3133 regnorum

2073 3135 2348 3205 patriciis.
2400 3135 2771 3205 Temporales
2810 3140 3030 3192 domini
3080 3139 3294 3193 Circulo
3328 3141 3556 3193 Parium
3599 3140 3719 3207 (des

300 3212 613 3289 patricios.
667 3225 764 3262 res
815 3208 1108 3289 Romanas
1129 3224 1271 3289 “suo
1329 3208 1565 3289 nomine
1598 3218 1920 3289 ‘curaturos
1954 3223 1966 3260 :
2003 3222 2045 3289 ρ
2076 3207 2570 3289 Ραίνδῌῃ-εἱερίὶὶ.
2606 3209 2827 3265 ϐἀενίγη.
2862 3211 3054 3265 Franc.
3092 3227 3144 3280 p.
3184 3211 3304 3289 15§.
3343 3215 3511 3264 Pares
3544 3212 3721 3289 curiae

298 3278 437 3334 cum
464 3283 752 3346 deinceps
800 3279 1087 3349 epiSCOpis
1129 3278 1407 3333 Romanis
1457 3295 1570 3332 non
1598 3280 1741 3333 bene
1771 3295 1972 3332 conve-

302 3353 462 3405 niret
490 3368 627 3407 cum
662 3350 788 3403 illis
828 3351 1041 3404 Grecis
1085 3349 1360 3418 patriciis,
1394 3354 1451 3404 et
1480 3349 1725 3404 deﬁcere
1754 3350 1827 3405 ab
1863 3351 1971 3404 im-

306 3423 469 3484 perio
528 3422 814 3477 Orientali
889 3421 1323 3483 meditarentur,
1418 3421 1739 3475 invitabant
1807 3438 1970 3489 reges

314 3493 566 3547 Francos
585 3495 656 3546 ad
685 3491 1123 3562 suscipiendam
1151 3508 1340 3547 rerum
1372 3494 1525 3561 apud
1560 3492 1797 3546 Romam
1831 3491 1967 3545 civi-

312 3563 460 3617 lium
515 3565 1014 3634 procurationem,
1065 3580 1162 3616 ενι]
1202 3564 1584 3629 patriciatum.
1628 3562 1800 3629 *[Vid.
1842 3562 1972 3617 Mu-

312 3639 490 3688 ratori
512 3634 1052 3700 Annalid’ltalia,t.
1089 3635 1154 3698 ΙΙ,
1176 3651 1302 3703 pag.
1337 3635 1463 3699 397,
1495 3635 1619 3698 405,
1660 3635 1759 3704 qui
1789 3634 1971 3689 credit

320 3707 694 3774 patriciatum
730 3707 1060 3761 constitisse
1110 3710 1166 3758 in
1200 3707 1537 3760 defensione
1563 3706 1827 3760 Ecclesia:
1860 3705 1971 3758 Ro-

324 3792 523 3847 manis.
558 3778 723 3831 Conf.
760 3781 944 3832 Later.
1008 3776 1212 3847 pariet.
1275 3796 1324 3843 p.
1360 3778 1449 3842 32,
1512 3776 1607 3830 ubi
1657 3778 1726 3829 de
1781 3775 1967 3830 Caroli

326 3845 405 3899 Μ.
462 3849 809 3918 patriciam.
898 3845 1023 3903 De'
1072 3848 1354 3912 dignitate
1440 3848 1838 3918 patriciorum,
1921 3852 1974 3899 et

328 3917 477 3986 quod
533 3919 849 3985 provinciis
916 3918 1169 3983 praefecti
1258 3918 1492 3985 fuerint,
1583 3924 1781 3986 postea
1837 3932 1970 3970 vero

327 4004 454 4060 eum
510 3990 751 4045 titulum
843 3990 1187 4058 reliquerint
1252 4007 1303 4044 ν.
1384 4007 1438 4060 p.
1525 3990 1610 4043 31.
1687 3988 1972 4060 Patricius

328 4058 496 4126 idem,
547 4063 645 4131 qui
696 4067 896 4127 postea
955 4064 1065 4115 dux
1112 4067 1346 4115 vocatus
1386 4058 1455 4131 Vp.
1506 4061 1595 4122 35,
1627 4077 1694 4113 ex
1725 4059 1970 4131 Henrico

326 4130 621 4185 Monacho.
659 4131 1003 4186 Patricistus
1053 4132 1235 4186 Caroli
1284 4132 1359 4186 Μ.
1396 4130 1647 4186 maxime
1675 4132 1734 4185 in
1766 4130 1974 4184 defen—

326 4203 485 4271 sione
514 4202 784 4257 Ecclesia:
814 4203 1187 4257 consistebat.
1232 4206 1384 4258 Idem
1409 4207 1703 4270 propterea
1738 4217 1971 4271 quoque

320 4270 579 4344 defensor
632 4273 1021 4342 appellamus.
1076 4275 1235 4329 Conf.
1284 4291 1339 4344 p.
1371 4275 1459 4327 58.
1495 4275 1696 4327 Claves
1720 4270 1971 4337 sepulcri

321 4343 389 4396 S.
429 4344 575 4398 Petri
608 4346 677 4397 ad
709 4346 984 4413 patricios
1016 4346 1163 4398 mitti
1187 4343 1469 4399 solebant.
1506 4345 1698 4399 Testis
1730 4344 1971 4397 Carolus

323 4413 655 4487 Martrellus,
716 4421 757 4469 ι.
801 4415 896 4481 IV,
956 4434 1003 4485 p.
1041 4417 1147 4469 282
1197 4417 1391 4487 [credo
1425 4414 1967 4487 MuratoriiAAnnal.

314 4485 567 4556 d'ltalia]
618 4489 774 4540 conf.
810 4504 863 4556 p.
898 4488 1022 4549 407,
1074 4485 1451 4542 Patriciatum
1510 4485 1771 4557 deposuit
1806 4489 1973 4540 Caro—

2075 3296 2105 3352 a
2134 3280 2389 3352 patriciis
2423 3283 2785 3352 descendere
2838 3294 3079 3351 negatur
3128 3283 3313 3352 p.195
3372 3284 3603 3335 dissert.
3642 3282 3719 3334 l)u

2077 3350 2275 3419 Cangii
2325 3351 2395 3423 ad
2428 3350 2719 3406 Joinville.
2773 3350 2942 3405 Pares
3000 3350 3253 3407 Francia;
3307 3367 3541 3423 passum
3592 3360 3722 3406 ante

2076 3437 2279 3494 omnes
2298 3422 2455 3494 _alias
2479 3424 2639 3492 regni
2672 3423 2983 3491 dignitates
3016 3425 3126 3477 sibi
3162 3422 3453 3494 arrogant.
3487 3424 3721 3477 Faue/iet

2076 3509 2132 3561 p.
2168 3492 2345 3561 4UI.]"
2380 3493 2602 3546 Patricii
2626 3494 2924 3563 episcopos
2959 3492 3354 3563 praecedebant
3383 3498 3532 3564 apud
3570 3494 3720 3547 Grae-

2076 3579 2196 3628 cos,
2230 3569 2376 3616 teste
2427 3564 2815 3634 Luitprando
2847 3565 3033 3634 Legat.
3072 3583 3126 3634 p.
3172 3567 3269 3619 481
3315 3584 3367 3628 a,
3438 3566 3586 3629 init.,
3617 3564 3719 3634 qui

2074 3636 2247 3688 etiam
2283 3650 2338 3702 p.
2372 3634 2471 3688 471
2534 3635 2745 3688 Histor.
2804 3632 2841 3686 Ι.
2892 3632 2965 3701 vi,
3036 3632 3087 3699 ο,
3145 3638 3195 3699 5,
3243 3650 3436 3703 rogam
3472 3632 3716 3689 annuam

2078 3706 2449 3774 patriciorum
2480 3706 2742 3773 perhibet
2760 3705 2941 3758 fuisse
2971 3705 3272 3759 duodecim
3298 3706 3421 3757 auri
3456 3705 3635 3757 libras
3667 3710 3722 3758 et

2078 3791 2257 3828 unum
2292 3776 2796 3843 Scaramangium.
2832 3775 2871 3827 E
2917 3782 3114 3829 nostro
3148 3776 3253 3828 hoc
3282 3774 3477 3828 codice
3510 3790 3564 3841 p.
3598 3775 3725 3834 141,

2080 3852 2233 3913 patet
2266 3844 2540 3912 patricios
2572 3846 2631 3898 in
2665 3845 2916 3899 Ecclesia
2950 3846 3237 3916 peculiare
3266 3846 3376 3899 sibi
3411 3859 3721 3899 scamnum

2078 3916 2373 3980 habuisse,
2409 3918 2463 3968 in
2523 3933 2638 3986 quo
2661 3918 2967 3984 sederent;
3020 3924 3075 3972 et
3105 3934 3135 3971 e
3166 3935 3221 3988 p.
3286 3916 3409 3974 142.
3458 3916 3722 3988 diversos

2079 3989 2261 4041 fuisse
2319 3987 2594 4055 patricios
2659 3988 3023 4056 syncleticos,
3084 3986 3724 4057 ethrotospalharios,

2078 4058 2225 4130 illos
2254 4057 2468 4119 civiles,
2496 4059 2612 4130 bos
2659 4060 2958 4113 militares.
2993 4061 3154 4115 Conf.
3191 4078 3245 4130 p.
3284 4060 3405 4125 138,
3443 4060 3574 4130 ﬁne.

2150 4129 2263 4199 (79)
2285 4129 2591 4198 Ol'liciales,
2618 4131 2718 4200 qui
2753 4131 2810 4185 in
2843 4132 3033 4186 ot‘ticio
3067 4149 3166 4185 seu
3194 4129 3506 4200 ’obssquio,
3548 4129 3603 4182 id
3638 4136 3725 4184 est

2078 4199 2135 4253 in
2169 4202 2445 4254 comitatu
2471 4199 2842 4270 imperatoris
2866 4213 3021 4256 sunt.
3057 4204 3216 4270 Saepe
3248 4199 3723 4255 memoranturin

2081 4272 2185 4325 hoc
2213 4273 2409 4326 codice
2454 4281 2585 4340 post
2620 4273 2892 4341 patricios
2926 4282 2979 4329 et
3002 4277 3251 4342 majores
3284 4273 3483 4326 civiles
3509 4272 3723 4326 milita-

2080 4360 2286 4412 resque
2317 4345 2713 4406 axiomaticos,
2751 4351 2811 4399 ut
2843 4346 2963 4399 sint
3015 4345 3278 4409 minoris,
3311 4359 3498 4413 neque
3525 4349 3719 4397 tamen

2080 4413 2307 4485 minimi
2341 4417 2572 4480 gradus,
2634 4416 2829 4485 quales
2894 4425 3025 4470 sunt
3056 4433 3104 4471 e.
3131 4434 3179 4472 c.
3218 4417 3451 4479 notarii,
3484 4414 3726 4468 chartu-

2080 4484 2231 4558 Iarii,
2284 4490 2601 4558 senatores,
2652 4484 3069 4558 imanda‘tores,
3129 4487 3345 4558 bypati,
3407 4485 3721 4556 dishypati,

319 4558 521 4637 Ipsum.
553 4574 686 4637 cpia
712 4558 1074 4637 imperatoris
1097 4559 1334 4613 titulum
1368 4556 1966 4637 assumernet.,__erim.
2004 4574 2050 4637 D
2082 4557 2348 4637 comites,
2382 4556 2838 4619 silentiarii,etc.
2874 4556 3143 4637 Ollicium
3174 4556 3267 4637 est
3291 4558 3598 4637 apparitio,
3631 4574 3726 4625 ap-

319 4627 465 4681 Gall.
502 4646 556 4697 p.
581 4629 674 4692 94,
729 4630 1136 4699 imperatorem
1198 4647 1315 4692 cos,
1348 4640 1400 4683 et
1436 4630 1659 4697 patricii
1691 4629 1969 4699 dignitate

318 4699 401 4770 uti
464 4699 701 4753 solitum
762 4710 999 4770 apparet
1083 4717 1150 4755 ex
1216 4701 1254 4755 Ι.
1322 4701 1632 4756 Hadrianus
1688 4707 1746 4754 et
1803 4716 1965 4767 seqq.

309 4768 467 4823 Dist.
506 4771 705 4835 LXIII,
738 4768 890 4824 conf.
957 4776 1074 4826 not.
1126 4773 1193 4826 ad
1236 4776 1527 4826 Constant.
1563 4772 1765 4825 Donat.
1802 4788 1857 4840 p.
1882 4772 1970 4823 64-.

310 4842 605 4895 Anastasii
635 4851 687 4895 et
738 4843 932 4897 Leonis
1006 4852 1164 4897 aetate
1227 4844 1370 4897 redit
1426 4846 1603 4897 Romae
1663 4841 1977 4895 Hadrianus

308 4928 487 4981 papa,
522 4930 556 4966 a
586 4929 694 4983 quo
718 4913 963 4967 Carolus
994 4918 1331 4969 Francorum
1361 4931 1458 4968 rea:
1488 4917 1853 4968 Romanorum
1885 4929 1979 4981 pa-

312 4986 521 5037 tricius
559 4987 887 5038 constitutus
933 4986 1140 5052 fuerat,
1175 5003 1506 5054 regnumque
1536 4984 1708 5039 Italiae
1734 4999 1976 5053 suscepe-

316 5063 436 5107 rat.
470 5055 738 5109 Museum
803 5056 926 5112 Ital.
983 5073 1037 5125 p.
1072 5057 1159 5110 41.
1215 5057 1527 5111 Patricium
1570 5057 1981 5110 sedicttCaro-

310 5125 413 5180 lus
447 5126 522 5181 Μ.
562 5127 621 5178 in
684 5125 891 5182 litteris
942 5128 1014 5181 ad
1046 5127 1312 5182 Alexium
1380 5129 1533 5194 apud
1576 5127 1887 5181 Baronium
1925 5129 1981 5179 et

318 5203 457 5252 Act.
511 5197 613 5251 SS.
678 5214 861 5252 mens.
923 5197 1053 5253 Jun.
1098 5204 1141 5252 t.
1196 5216 1234 5261 ι,
1288 5215 1340 5268 p.
1400 5200 1524 5253 714.
1573 5198 1853 5268 Henricus
1886 5196 1980 5268 IV,

316 5270 478 5335 apud
514 5274 782 5324 Uttonem
811 5270 1244 5339 Frisingensem
1277 5266 1347 5323 de
1371 5274 1488 5324 reb.
1523 5276 1664 5333 gest.
1710 5266 1981 5339 Friderici

318 5339 695 5411 Barbarossaa
726 5341 766 5396 l.
811 5358 850 5408 ι,
915 5357 965 5395 c.
1006 5336 1055 5404 Ι,
1090 5343 1390 5407 patricium
1418 5343 1665 5411 primum
1688 5356 1750 5393 se
1781 5336 1983 5407 appel—

316 5409 425 5465 lat.
460 5411 620 5475 Apud
670 5413 948 5467 Boinarirc
979 5414 1256 5466 civitatem
1292 5409 1646 5467 Brixinoram
1670 5440 1738 5449 ——-
1768 5411 1985 5463 curiam

320 5498 586 5551 magnam
614 5485 934 5548 celebravit,
968 5483 1067 5537 ubi
1123 5484 1361 5551 iniurias
1389 5484 1500 5538 sibi
1527 5502 1560 5537 a
1603 5484 1849 5537 Romana
1888 5484 1981 5535 Ec-

320 5554 494 5606 clesia
526 5558 799 5625 irrogata:
829 5556 1125 5626 aﬂ'ectuose
1176 5560 1552 5625 conqueritur,
1604 5552 1745 5624 quod
1788 5552 1988 5626 videli-

320 5628 405 5675 cet
442 5628 552 5687 ipso
611 5621 951 5689 inconsulto,
1015 5627 1111 5694 qui
1170 5621 1435 5695 tanquam
1474 5643 1577 5680 res
1613 5621 1675 5679 ἐι
1717 5621 1987 5695 patricius

324 5698 543 5763 primus
572 5714 686 5754 suae
717 5699 1152 5765 urbis‘episropi
1208 5694 1318 5752 esse
1348 5697 1587 5763 deberet,
1624 5697 1851 5751 Romani
1879 5694 1988 5748 sibi

325 5767 646 5836 pontiﬁcem
670 5770 1079 5842 pra/coissent.
1126 5766 1410 5825 Henricus
1433 5772 1763 5840 imperator,
1788 5769 1854 5820 ut
1882 5766 1984 5821 do-

2084 4628 2383 4697 paritores,
2463 4634 2647 4683 cretus
2713 4644 2910 4682 eorum
2970 4629 3065 4697 qui
3120 4628 3484 4693 magistratui
3544 4629 3726 4681 inser-

2079 4699 2262 4751 viunt.
2315 4700 2553 4753 Guther.
2610 4698 2714 4752 Oli".
2750 4699 2814 4752 D.
2849 4706 2913 4752 A.
2952 4715 3005 4767 p.
3037 4700 3160 4752 6‘26.
3202 4699 3388 4753 Vales.
3425 4700 3492 4753 ad
3525 4702 3715 4753 Amm.

2084 4769 2260 4824 Marc.
2296 4771 2462 4837 p.93.
2496 4770 2618 4825 483.
2654 4769 2732 4840 Du
2760 4770 2936 4839 Cang.
2970 4770 3226 4825 Glossar.
3264 4778 3529 4840 utroque.

2155 4841 2267 4910 (80)
2324 4840 2571 4911 '[Clusaa,
2633 4839 2903 4906 CIUSUNB,
2963 4842 3246 4911 angustias
3296 4839 3575 4907 locorum,
3641 4845 3721 4894 Du

2086 4911 2277 4983 Gange
2334 4910 2406 4964 ad
2464 4911 2718 4967 Joinvill.
2778 4930 2829 4974 ρ.
2892 4913 3013 4977 179,
3059 4910 3357 4983 μὲχριτῶν
3387 4911 3719 4983 κλεισουρῶν

2090 4975 2305 5055 Baptae:
2342 4983 2552 5053 Script.
2590 4989 2722 5055 post
2750 4975 3008 5055 Theopr
3036 4975 3233 5055 p.5l9.
3273 4986 3434 5037 Forte
3457 4975 3723 5037 convenit

2089 5070 2222 5108 cum
2268 5053 2603 5121 Capitaneo'
2641 5056 2711 5109 ad
2764 5053 2924 5108 lines
2958 5053 3204 5111 tuendos
3261 5056 3724 5109 Christianorum

2091 5126 2239 5196 apud
2278 5124 2527 5180 Leibnit.
2556 5135 2594 5180 t.
2630 5126 2697 5180 II.
2738 5142 2793 5196 p.
2825 5128 2949 5180 245.
2975 5127 3125 5181 Cont‘
3184 5129 3344 5181 locus
3374 5126 3523 5180 Guil.
3558 5121 3729 5196 Apuli

2178 5197 2508 5269 I,_p.380.]'
2540 5197 2703 5252 Conf.
2738 5192 2847 5251 'Du
2908 5199 3086 5267 Cang.
3147 5200 3332 5253 Gloss.
3377 5197 3434 5252 h.
3479 5210 3548 5269 v_._
3567 5201 3626 5247 et
3655 5192 3729 5247 ad

2094 5263 2345 5339 Alexiad.
2374 5286 2427 5337 p.
2461 5263 2585 5333 300,
2622 5270 2772 5322 unde
2842 5279 3007 5338 patet.
3033 5263 3164 5336 cos,
3196 5271 3293 5339 qui
3330 5263 3587 5339 castellis
3624 5280 3730 5339 per

2092 5337 2304 5404 clusas,
2340 5335 2391 5392 id
2418 5349 2501 5394 cst
2532 5340 2657 5394 loca
2688 5335 2955 5409 angusta,
3001 5335 3231 5394 meatus
3274 5335 3565 5409 dit'liciles,
3624 5335 3728 5409 ho-

2092 5410 2234 5465 stico
2266 5410 2507 5480 vicinos,
2530 5412 2617 5465 vel
2662 5416 2718 5464 et
2768 5407 2956 5465 medio
3005 5412 3063 5465 in
3096 5409 3385 5467 territorio
3418 5407 3585 5480 sitos,
3619 5408 3731 5461 dis-

2094 5480 2299 5551 positis
2360 5477 2663 5551 praeerant,
2715 5480 3101 5536 clisnrarchas
3160 5482 3337 5533 fuisse
3381 5477 3725 5551 appellatos.

2095 5547 2402 5623 Κλείσουρά
2446 5570 2544 5623 pro
2597 5553 2862 5606 districto
2924 5554 3162 5615 minore,
3221 5547 3595 5623 quamiiﬂépa
3625 5558 3727 5615 est,

2095 5624 2309 5693 passim
2338 5620 2612 5678 'occurrit
2653 5624 2804 5692 apud
2866 5624 3226 5693 Constantia.
3271 5620 3630 5693 deThemat.
3666 5626 3731 5675 ut

2096 5690 2150 5763 ᾖ).
2183 5694 2271 5748 23.
2304 5694 2490 5749 Possis
2528 5712 2660 5749 cum
2694 5690 2956 5747 vetustis
2987 5690 3372 5761 Marckgraviis
3397 5698 3453 5748 et
3484 5694 3733 5748 Camilli-

2096 5766 2192 5820 bus
2241 5766 2485 5821 limitum
2515 5780 2871 5836 comparare.
