4152 6310
422 359 535 420 135

1527 352 2044 415 CONSTANTINI
2089 352 2783 413 PORPHYROGENITI

3704 352 3822 413 136

494 494 536 546 7
599 495 666 547 V.
728 491 868 546 Inde
915 504 1051 545 cum
1111 487 1364 543 dominis
1418 487 1685 558 magistri
1741 491 1801 542 et
1858 486 2063 556 reliqui

2250 484 2321 537 Ε.
2359 483 2455 536 Καὶ
2504 482 2610 536 ἀπὸ
2666 487 2773 535 τῶν
2831 481 3002 537 ἐκεῖσε
3052 485 3316 556 συνεξίασι
3364 490 3481 547 τοῖς
3532 483 3824 546 δεσπόταις

418 596 604 651 usque
664 581 734 634 ad
794 594 1066 649 magnum
1127 577 1564 641 consistorium,
1628 576 1685 629 in
1747 592 1863 646 quo
1924 590 2064 629 crux

418 669 475 724 S.
506 668 873 724 Constantini
901 672 957 721 et
990 666 1149 735 virga
1179 665 1358 720 Mosis
1392 669 1572 732 stant,
1608 680 1721 717 una
1752 665 2062 729 egrediun-

424 762 560 824 tur;
593 763 651 810 et
682 755 758 811 ibi
811 755 1095 826 primusa
1144 752 1384 808 secretis
1439 759 1495 807 et
1547 751 2066 823 protosecretarius

423 862 555 901 cum
588 846 733 918 ipsis
764 844 1017 914 secretis,
1035 843 1275 899 notariis
1304 842 1696 911 imperatoriis
1727 843 2065 911 ceterisque

424 934 716 990 secreticis
754 938 927 1004 atque
975 931 1222 986 notariis
1251 938 1303 985 et
1353 929 1724 985 chartulariis
1773 933 1829 983 et
1877 929 2063 983 omni-

424 1022 534 1079 bus
562 1021 621 1077 in
653 1038 785 1076 eum
813 1021 1003 1075 locum
1038 1019 1406 1090 congregatis
1428 1022 1628 1073 adest:
1657 1018 2068 1089 stantibusque

424 1110 679 1166 dominis
711 1127 889 1178 supra
912 1109 1205 1180 pulpitum
1236 1113 1369 1162 ante
1400 1106 2071 1176 camelaucium,praapo-

424 1198 571 1253 situs
602 1198 811 1252 iterum
837 1196 912 1251 ad
940 1203 1143 1251 nutum
1166 1196 1535 1266 imperatoris
1565 1196 1801 1266 signum
1836 1196 1918 1249 uti
1944 1211 2070 1249 mos

421 1292 512 1342 est
541 1287 859 1341 silentiario
892 1287 1010 1352 dat,
1042 1286 1124 1357 (in
1177 1286 1370 1340 medio
1402 1285 1559 1340 enim
1608 1285 1954 1339 consistorio
1985 1284 2068 1338 si-

419 1376 671 1431 lentiarii
708 1380 917 1445 praesto
949 1376 1135 1442 sunt,)
1168 1374 1289 1428 alta
1323 1389 1463 1428 voce
1487 1373 1819 1427 exclamans
1853 1388 1866 1426 :
1901 1392 1930 1420 «
1961 1372 2067 1427 Ju-

425 1464 575 1519 bete.
616 1484 642 1511 »
686 1463 827 1517 Inde
874 1461 1093 1517 domini
1142 1463 1212 1516 ad
1261 1460 1577 1515 triclinium
1630 1459 2068 1515 candidatorum

424 1552 767 1624 procedunt,
829 1551 928 1605 ubi
989 1566 1149 1605 sacer
1207 1549 1453 1604 Domino
1516 1549 1710 1604 clerus
1771 1550 1957 1615 adest,
2014 1552 2072 1603 et

424 1656 651 1697 crucem
685 1659 716 1695 a
764 1639 1129 1694 tbesaurario
1178 1640 1304 1708 eius
1343 1637 1598 1692 ecclesiae
1632 1636 1777 1708 ipsis
1826 1636 2062 1692 allatam

424 1728 784 1785 osculantur.
844 1728 1015 1783 Porro
1073 1728 1144 1781 ad
1220 1725 1594 1795 octangulum
1655 1725 1884 1781 tholum
1964 1741 2063 1779 seu

2173 569 2229 626 οῗ
2258 592 2317 625 τε
2350 571 2638 645 μάγιστροι
2670 571 2759 625 καὶ
2791 572 2842 625 oi.
2884 570 3071 626 λοιποὶ
3110 569 3217 636 ἓως
3257 578 3353 628 τοῦ
3408 576 3650 649 μεγάλου
3704 595 3830 629 κον-

2175 660 2464 733 σιστωρίου
2496 663 2627 731 (86),
2660 658 2709 713 ἐν
2749 660 2794 732 ᾧ
2839 660 3087 715 ’ἰστανται
3138 659 3168 714 ὅ
3220 683 3277 716 τε
3323 666 3420 716 τοῦ
3470 663 3624 737 ἁγίου
3675 668 3825 716 Κων-

2174 749 2451 802 σταντίνου
2497 749 2725 822 σταυρὸς
2783 748 2870 802 καὶ
2921 751 2955 817 ἡ
3001 754 3098 803 τοῦ
3156 750 3393 811 Μωσέως
3455 746 3671 824 ῥάϐδος
3736 752 3827 804 καὶ

2178 839 2284 909 μὴν
2325 838 2354 891 ὅ
2406 857 2464 890 τε
2530 839 3022 910 πρωτοασηκρήτις
3089 839 3182 891 καὶ
3249 840 3277 892 ὁ
3352 840 3826 913 πρωτονοτάριος,

2180 926 2312 998 μετᾶ
2348 930 2455 980 τῶν
2510 926 2840 1000 ἀσηκρήτων
2897 926 2988 980 καὶ
3052 925 3349 1000 βασιλικῶν
3410 928 3678 998 νοταρίων
3733 931 3821 984 καὶ

2175 1013 2388 1069 λοιπῶν
2422 1019 2744 1090 σεκρετικῶν
2796 1016 3065 1088 νοταρίων
3098 1016 3142 1051 ³⁷
3173 1038 3231 1071 τε
3278 1018 3368 1071 καὶ
3400 1015 3829 1093 χαρτουλαρίων

2176 1105 2263 1158 καὶ
2303 1101 2370 1172 δὴ
2402 1103 2613 1159 πάντων
2641 1103 2812 1158 ἐκεῖσε
2853 1104 3277 1179 ἁθροιζομένων,
3327 1106 3421 1160 καὶ
3468 1112 3578 1161 τῶν
3610 1100 3828 1161 ’δεσπο-

2174 1198 2281 1248 τῶν
2309 1192 2609 1265 ἱσταμένων
2642 1191 2844 1256 ἄνωθεν
2873 1198 2973 1247 τοῦ
3003 1193 3309 1248 πουλπὶτου
3356 1197 3471 1266 (87)
3519 1191 3832 1267 ἔμπροσθεν

2175 1286 2275 1336 τοῦ
2304 1280 2703 1353 καμελαυκίου,
2762 1280 2930 1336 πάλιν
2964 1280 3053 1336 διὰ
3096 1282 3361 1355 νεύματος
3402 1287 3498 1337 τοῦ
3556 1280 3831 1358 βασιλέως

2176 1370 2311 1424 κατὰ
2348 1371 2411 1423 τὸ
2460 1370 2652 1433 εἰωθὸς
2712 1370 2851 1424 νεύει
2908 1372 2935 1424 6
2996 1373 3357 1445 πραιπόσιτος
3413 1376 3494 1443 τῷ
3555 1370 3833 1427 σιλεντια-

2180 1460 2283 1531 ρίῳ
2314 1462 2425 1531 (88)
2456 1458 2651 1531 (ἐκεῖσε
2699 1459 2801 1534 γὰρ
2852 1457 2905 1513 ἐν
2958 1465 3036 1531 τῷ
3091 1461 3240 1532 μέσῳ
3288 1465 3385 1514 τοῦ
3433 1460 3831 1535 κονσιστωρίου

2173 1546 2420 1602 ’ίστανται
2454 1548 2504 1602 oi
2540 1547 2940 1622 σιλεντιάριοι),
2993 1548 3083 1603 καὶ
3135 1548 3280 1623 λέγει
3335 1550 3612 1623 μεγάλως’
3663 1576 3689 1601 «ι
3728 1556 3831 1605 Κε-

2177 1636 2422 1691 λεύσκτε.
2458 1660 2487 1688 ››
2520 1636 2616 1690 Καὶ
2655 1636 2762 1690 ἀπὸ
2808 1642 2915 1690 τῶν
2965 1636 3137 1692 ἐκεῖσε
3184 1635 3495 1716 διέρχονται
3546 1638 3598 1692 οἱ
3632 1636 3830 1693 δεσπό-

2175 1746 2262 1779 ται
2307 1722 2411 1786 ἓως
2455 1730 2553 1779 τοῦ
2600 1722 2882 1798 τρικλίνου
2930 1730 3038 1779 τῶν
3084 1724 3418 1781 κανδιδάτων
3471 1728 3582 1801 (89)
3632 1726 3833 1798 (ἐκεῖσε

421 1818 670 1889 primam
728 1817 1006 1884 scholam,
1067 1832 1239 1886 quem
1320 1815 1514 1871 locum
1588 1824 1822 1870 veterem
1872 1827 2066 1868 mone-

2177 1815 2280 1887 γὰρ
2321 1815 2348 1866 6
2395 1818 2492 1867 τοῦ
2552 1814 2749 1886 Κυρίου
2804 1812 3026 1868 ἵσταται
3082 1815 3344 1890 κλῆρος),
3401 1816 3489 1869 καὶ
3547 1815 3825 1885 ἀσπάζον-

1790 1904 2028 1958 VARI/E
2059 1904 2361 1960 LECTION
2374 1905 2475 1960 ES.

493 1997 540 2033 1⁷
571 1997 759 2054 Verba
794 1996 916 2070 βασ.
948 2014 1062 2050 νοτ.
1095 2015 1147 2050 κ.
1184 1993 1338 2064 λοιπ,
1371 2013 1519 2069 σεκρ.
1551 2014 1666 2048 νοτ.
1700 1999 1757 2049 et
1786 2010 1917 2049 mox
1949 1993 2040 2046 καὶ
2072 2011 2187 2049 om.
2228 1995 2295 2051 Β.
2330 1995 2388 2049 in
2421 2000 2602 2062 textu,
2636 1996 2896 2051 restituit
2927 1996 2982 2050 in
3017 1997 3172 2052 notis
3202 2013 3271 2053 ex
3300 2000 3427 2054 cod.

1451 2091 1653 2148 JOAN.
1695 2091 1840 2147 JAG.
1884 2091 2149 2147 REISKII
2188 2092 2778 2149 COMMENTARIUS.

426 2189 658 2260 στασίαι,
692 2208 777 2246 res
805 2191 1065 2257 turbidas,
1101 2208 1156 2262 p.
1204 2192 1294 2246 73.
1330 2191 1488 2245 Idem
1524 2208 1579 2262 p.
1611 2191 1738 2253 243,
1764 2260 1773 2262 ν
1798 2187 1934 2259 μάθε
1977 2189 2080 2255 τήν

422 2262 747 2316 κατάστασιν
782 2263 976 2327 habet,
1001 2260 1146 2316 disce
1167 2263 1428 2326 modeste,
1453 2260 1867 2324 ordine,seda!e
1893 2276 2078 2328 agere.

422 2337 484 2389 In
521 2335 879 2388 ol'ﬁciallbus
915 2334 1257 2399 patriarchae
1288 2338 1413 2388 erat
1444 2333 1471 2384 6
1501 2338 1599 2399 τῆς
1632 2330 1781 2403 ἰερᾶς
1813 2330 2080 2384 καταστά-

427 2425 586 2467 σεως,
623 2406 692 2459 de
727 2422 842 2474 quo
886 2404 1059 2459 Goar.
1100 2421 1232 2473 pag.
1271 2406 1337 2458 13
1384 2405 1454 2457 ad
1487 2404 1749 2458 Codin.et
1800 2403 2077 2469 Gretser.,

429 2478 663 2547 p._167.
720 2480 920 2529 Petrus
972 2476 1249 2547 Magister
1296 2475 1530 2547 scripsit
1568 2475 1758 2547 libros
1799 2474 1935 2547 περὶ
1978 2474 2078 2539 τῆς

425 2543 724 2612 ἆτολιτικῆς
757 2543 1155 2609 καταστάσεὼς,
1200 2546 1270 2599 de
1301 2546 1515 2613 quibus
1548 2546 1664 2597 dixi
1697 2545 1753 2596 in
1792 2543 2078 2614 praefatio-

427 2634 530 2685 ne;
563 2623 706 2672 v.Uu
725 2617 917 2685 Gange
932 2615 1647 2670 Gloss.Gr.Gierimoniarii
1667 2620 1791 2669 erat
1810 2616 2081 2669 ordinare

427 2704 697 2760 proceres
746 2688 1067 2760 secundum
1103 2687 1456 2755 praecedendi
1501 2694 1552 2739 et
1598 2687 1874 2760 sequendi
1916 2687 2076 2755 jura,

430 2758 686 2828 incipere
712 2759 1302 2828 troparium,evocare
1326 2772 1585 2824 proceres
1610 2758 1924 2812 secundum
1946 2773 2079 2811 suos

431 2832 665 2885 ordines
698 2833 765 2883 ad
801 2845 1022 2883 sacram
1065 2828 1560 2893 communionem,
1596 2828 1661 2900 in»
1689 2829 1916 2900 magnis
1946 2845 2078 2896 pro-

428 2900 795 2956 cessinnibus
827 2901 884 2953 in
934 2900 1145 2970 Magna
1192 2900 1461 2965 ecclesia,
1503 2898 1765 2954 osculum
1793 2898 1973 2969 ‘pacis
2005 2900 2078 2953 ab

428 2973 780 3042 imperatore
814 2978 1154 3041 accepturos
1187 2987 1361 3025 manu
1396 2972 1466 3024 ad
1500 2987 1632 3025 eum
1667 2970 1901 3039 ducere,
1926 2970 2075 3038 vela,

431 3060 531 3098 seu
565 3044 785 3097 classes
820 3059 1145 3111 procerum,
1169 3049 1225 3095 et
1249 3042 1467 3109 legatos
1514 3043 1903 3107 introducere,
1937 3046 2074 3096 etc..

429 3115 534 3183 Ep.
587 3115 672 3167 14.
729 3113 917 3168 Nostri
965 3115 1080 3167 fere
1129 3114 1444 3169 concludas
1493 3129 1623 3167 eum
1673 3113 1856 3167 fuisse
1903 3120 2076 3184 caput

435 3184 909 3240 silentiariorum.

2190 2207 2389 2246 eorum
2424 2190 2745 2246 codicillos.
2788 2190 2978 2246 Vales.
3012 2192 3081 2247 ad
3113 2194 3306 2247 Amm.
3341 2192 3600 2247 Marcell.
3626 2195 3835 2264 p.323,

2189 2263 2474 2331 originem
2509 2278 2715 2335 eorum
2744 2264 2980 2335 deducit
3019 2281 3052 2317 a
3098 2265 3394 2318 veteribus
3444 2263 3837 2335 praeconibus,

2189 2336 2284 2404 qui
2348 2340 2654 2405 postquam
2698 2332 2929 2403 judices
2956 2335 3015 2389 in
3081 2336 3365 2390 tribunali
3413 2332 3831 2405 consederant,

2188 2405 2485 2460 silentium
2522 2405 2833 2461 faciebant.

2272 2477 2381 2547 (89:.
2415 2476 2720 2529 Candidati
2752 2480 2892 2529 sunt
2924 2475 3139 2531 milites
3172 2476 3613 2547 pompatici,aut
3643 2482 3842 2533 osten-

2188 2546 2466 2606 sionales.
2497 2548 2563 2598 ad
2599 2548 2844 2609 Augusti
2870 2548 3191 2601 custodiam
3224 2553 3281 2603 et
3309 2546 3652 2603 comitatum
3686 2548 3842 2604 dele-

2186 2618 2290 2684 cti,
2323 2618 2517 2690 specie
2548 2623 2604 2670 et
2630 2617 2841 2690 robore
2885 2624 3242 2690 praestantes,
3276 2636 3308 2673 a
3357 2619 3625 2685 candido,
3658 2636 3839 2690 quem

2187 2689 2466 2757 gerebant
2495 2688 2706 2741 vestitu
2733 2689 2817 2742 sic
2848 2689 3009 2742 dicti.
3032 2689 3354 2743 Chronicon
3379 2688 3838 2746 Alexandrinum

2186 2760 2269 2836 ait
2313 2758 2672 2836 Gordianum
2717 2758 2807 2811 τὸν
2858 2758 3095 2836 ᾀριθμὸν
3132 2764 3238 2836 τῷν
3286 2758 3597 2836 λεγομὲνων
3648 2758 3836 2836 κοινδι-

2187 2826 2388 2905 ξάτων,
2425 2831 2688 2905 homines
2735 2826 3099 2905 TEAEtOUCVXQt
3143 2826 3528 2905 ‘EG‘O’OEVEtC-Pﬁai
3585 2830 3837 2905 μεγάλης

2186 2896 2342 2960 ὄντας
2378 2896 2517 2961 (θεας
2570 2905 2919 2973 excerpsisse
2974 2904 3092 2973 κατ’
3140 2899 3376 2973 ἐκλογὴν
3426 2901 3533 2955 ἀπὸ
3581 2896 3676 2956 iob
3734 2896 3834 2956 τά·

2186 2991 2398 3064 χμαιτος
2430 2975 2538 3025 τῶν
2574 2969 2891 3064 λεγομένων
2922 2971 3260 3048 σχολαρίων.
3288 2969 3351 3029 Hi
3383 2974 3624 3029 candida
3656 2977 3836 3030 turba

2185 3044 2431 3113 Curippo
2464 3044 2859 3114 appellantur.

2328 3114 2461 3168 Cum
2493 3114 2762 3183 palatinis
2790 3120 2942 3169 stans
2972 3115 3208 3170 candida
3238 3117 3399 3171 turba
3420 3115 3678 3170 tribunis.

2253 3184 2505 3239 Camisia
2537 3187 2719 3248 enim,
2751 3203 2851 3241 seu
2904 3188 3178 3241 interulas
3217 3188 3375 3242 albas
3421 3189 3698 3257 gerebant
3727 3203 3823 3241 su-

504 3256 620 3323 (86)
650 3254 1076 3329 Consistorium
1108 3260 1198 3309 est
1214 3253 1432 3329 locust
1453 3254 1646 3329 diaeta,
1674 3253 1734 3308 in
1769 3270 1887 3329 qua
1916 3254 2142 3329 prin-C
2177 3273 2302 3329 per;
2344 3257 2500 3329 omni
2535 3256 2775 3329 reliquo
2822 3258 3047 3321 vestitu,
3110 3253 3607 3329 quemadmodum
3661 3258 3831 3313 Verbi

436 3342 571 3395 ceps
603 3342 729 3379 cum
764 3325 885 3380 suis
917 3326 1359 3380 consistorianis
1401 3326 1470 3378 de
1503 3327 1680 3379 rebus
1710 3326 1836 3379 suis
1887 3325 2080 3395 publi-

441 3397 524 3467 cis
559 3397 911 3467 privatisque
958 3396 1243 3450 consultat
1275 3406 1328 3450 et
1383 3396 1657 3460 decernit,
1689 3396 1981 3465 supplices
2028 3402 2084 3451 et

428 3466 659 3537 legatos
691 3468 875 3537 audit,
909 3472 1020 3520 etc.
1071 3467 1139 3520 V.
1180 3468 1261 3522 Du
1297 3468 1485 3531 Gange
1535 3467 1722 3522 Gloss.
1760 3468 1883 3521 Lat.
1936 3467 1993 3521 h.
2027 3483 2080 3521 v.

437 3538 677 3593 Gnther.
729 3538 838 3595 ΟΠ.
889 3544 955 3594 D.
1007 3539 1067 3593 A.
1116 3555 1170 3605 p.
1222 3539 1292 3592 69
1339 3555 1465 3607 sqq.
1516 3538 1711 3592 Vales.
1764 3540 1834 3593 ad
1892 3543 2079 3593 Amm.

435 3609 689 3665 Marcell.
740 3627 798 3680 p.
856 3609 925 3662 87
974 3614 1031 3663 et
1078 3609 1203 3663 330.
1256 3609 1510 3663 Sedden.
1560 3610 1632 3663 de
1677 3610 1790 3663 Tit.
1851 3607 2079 3676 honor.,

438 3690 477 3737 t.
529 3698 594 3746 ιι,
642 3696 771 3751 pag.
821 3681 912 3733 29.
953 3680 1237 3735 Harduin.
1290 3681 1358 3734 ad
1408 3680 1722 3745 Themist.,
1774 3697 1899 3751 pag.
1953 3681 2079 3749 475,

435 3753 531 3823 qui
570 3758 763 3806 tamen
797 3768 921 3821 quae
970 3752 1148 3806 habet
1179 3753 1250 3805 de
1299 3757 1552 3821 quatuor
1591 3753 1900 3806 comitibus
1945 3769 2080 3806 eon-

433 3823 852 3891 sistorianis,ea
877 3825 943 3876 ad
966 3829 1226 3892 tempora
1243 3823 1640 3893 Theodosiaca
1664 3824 2082 3893 pertinent.Po-

434 3893 628 3965 lybius
662 3911 793 3965 pag.
825 3895 953 3965 717,
983 3896 1039 3960 7,
1072 3895 1213 3949 edit.
1245 3892 1459 3965 Wech.
1501 3892 1947 3965 Χρημίατιστικὸν
1974 3915 2080 3947 πυ-

432 3960 583 4017 Χῶνα
609 3967 718 4015 τῶν
742 3960 1044 4034 βασιλέων,
1080 3962 1339 4034 appellat
1387 3960 1564 4017 talem
1600 3960 1811 4029 locum,
1847 3967 2081 4019 vestibu-

433 4035 571 4106 lum,
609 4033 801 4106 inquo
828 4050 978 4102 reges
1009 4037 1081 4087 de
1108 4033 1354 4101 nogotiis
1401 4037 1710 4101 conveniri,
1744 4042 1797 4088 et
1828 4052 2082 4106 responsa

439 4105 572 4157 dare
602 4104 805 4159 solent.

503 4175 613 4245 (87)
652 4175 939 4245 Pulpitum
974 4181 1055 4229 est
1105 4177 1441 4245 suggestus,
1474 4172 1652 4245 βῆμα,
1704 4175 1891 4228 ambo.
1947 4173 2078 4228 Vid.

439 4242 519 4299 Du
548 4242 770 4317 Gange
795 4247 985 4301 Gloss.
1022 4242 1219 4317 Latin;
1244 4242 1413 4317 Varia
1445 4242 1611 4297 erant
1652 4245 1871 4313 pulpita
1902 4264 1916 4312 ;
1950 4251 2083 4300 ante

439 4316 736 4370 Cathisma
780 4320 951 4381 Circi,
1010 4316 1125 4369 vid.
1178 4316 1512 4383 Theophan.
1573 4332 1626 4383 p.
1677 4317 1800 4383 157,
1843 4322 1899 4370 et
1947 4324 2084 4371 ante

438 4386 746 4453 palatium.
782 4388 1019 4442 Cedren.
1054 4401 1185 4455 pag.
1231 4386 1355 4447 369,
1392 4387 1487 4439 ubi
1538 4386 1651 4440 vid.
1685 4386 1855 4441 GOar.
1907 4392 1964 4440 et
2010 4390 2078 4441 ad

444 4457 634 4530 Nostri
658 4475 732 4530 _p_.
760 4458 881 4511 292.
914 4458 993 4512 De
1022 4455 1387 4511 Gamelaucio
1417 4457 1545 4530 dico
1576 4459 1648 4530 ad
1683 4475 1736 4530 p.
1760 4459 1886 4530 331,
1925 4459 2007 4511 13.

510 4528 620 4597 (n8)
642 4527 1003 4599 Plerumque
1038 4530 1095 4585 in
1144 4529 1490 4584 membranis
1523 4526 1699 4599 Lips.“
1726 4526 1997 4582 σελέντιον
2029 4535 2081 4583 et

2190 3327 2370 3381 divini
2406 3327 2658 3381 ministri
2695 3330 2910 3397 passim
2961 3327 3219 3383 locorum
3250 3331 3405 3398 apud
3438 3346 3542 3384 nos
3591 3330 3648 3383 in
3684 3332 3842 3384 reci—

2191 3403 2409 3453 tatione
2466 3414 2758 3452 Sacrarum
2817 3400 3145 3454 orationum
3205 3408 3257 3455 et
3321 3401 3839 3456 administratione

2190 3472 2335 3524 sacri
2370 3470 2546 3524 ofﬁcii
2578 3470 2769 3524 adhuc
2798 3474 3181 3539 gerunt,item
3218 3471 3570 3541 quibusdam
3604 3472 3661 3524 in
3692 3471 3840 3526 locis

2190 3542 2416 3595 feminis
2450 3541 2725 3601 lugentes.
2760 3541 2981 3595 Strictae
3012 3548 3174 3596 erant
3205 3542 3291 3596 has
3325 3542 3491 3597 lineae
3523 3545 3685 3609 (nam
3721 3543 3840 3597 sin-

2188 3613 2337 3683 done
2392 3611 2624 3683 ﬁebant)
2654 3619 2832 3683 veste,
2868 3622 2915 3665 et
2968 3613 3211 3683 deipsis
3264 3615 3613 3683 interpretor
3663 3613 3833 3669 illum

2186 3682 2463 3756 Wihelmi
2496 3682 2750 3756 Britonis
2797 3682 2986 3736 locum
3022 3682 3174 3753 apud
3204 3689 3290 3739 Du
3325 3682 3517 3756 Gange
3549 3701 3600 3737 v.
3636 3686 3831 3739 Linea.

2186 3755 2357 3808 Linea
2384 3754 2667 3808 dicebatur
2694 3757 2943 3820 camisia,
2975 3770 3099 3823 quae
3127 3764 3300 3810 totum
3330 3754 3523 3825 corpus
3551 3759 3744 3825 operit,
3779 3761 3837 3811 et

2191 3827 2272 3881 ita
2302 3827 2504 3880 strictis
2531 3826 2768 3879 manicis
2810 3826 3127 3881 adhaerebat
3157 3830 3388 3895 corpori.
3425 3836 3483 3881 ut
3529 3827 3688 3880 nulla
3739 3843 3835 3881 es—

2186 3902 2263 3951 set
2293 3914 2456 3965 ruga,
2489 3905 2538 3949 et
2587 3896 2937 3951 descendebat
2985 3913 3156 3968 usque
3200 3898 3272 3950 ad
3318 3900 3481 3964 pedes
3514 3917 3527 3963 ;
3562 3897 3703 3951 unde
3730 3914 3832 3967 po-

2188 3968 2332 4021 deris
2386 3968 2591 4031 Graece,
2639 3968 2742 4020 hoc
2768 3972 2845 4021 est
2889 3968 3103 4021 talaria.
3157 3969 3396 4023 Videtur
3442 3969 3707 4024 Valesius
3754 3969 3831 4024 ad

2187 4037 2911 4111 Ammian._Marcell.p.88,
2930 4055 3008 4111 ex
3043 4039 3390 4111 Hieronymo
3422 4039 3628 4094 elicere
3663 4038 3831 4106 velle,

2188 4108 2292 4180 hos
2327 4107 2658 4180 candidatos
2696 4111 2769 4180 de
2799 4110 3048 4163 candore
3089 4107 3482 4165 cutis'nomen
3514 4111 3831 4180 accepisse.

2186 4178 2244 4232 Si
2278 4177 2385 4232 soli
2420 4178 2667 4232 fuissent
2697 4178 2972 4233 Germani
3007 4183 3154 4235 hanc
3200 4184 3256 4235 in
3293 4183 3563 4236 militiam
3595 4177 3831 4236 assum-

2188 4250 2291 4319 pti,
2329 4255 2524 4316 posset
2553 4266 2618 4304 ea
2654 4250 2848 4315 Opinio
2880 4253 3309 4320 quodammodo
3343 4252 3833 4308 tolerari.Verum

2186 4320 2409 4375 candidi
2440 4322 2633 4390 potius
2670 4322 2773 4381 illi.
2808 4339 2982 4391 quam
3016 4324 3301 4377 candidati
3329 4326 3600 4379 fuissent.
3623 4324 3732 4379 Sed
3770 4328 3838 4378 ut

2189 4391 2394 4464 pullati
2427 4397 2584 4464 sunt,
2619 4393 2717 4462 qui
2753 4394 2968 4462 pullam
3004 4401 3236 4457 gerunt,
3268 4396 3353 4448 ita
3386 4396 3701 4459 candidati,
3727 4394 3837 4464 qui

2188 4463 2517 4535 candidam.
2552 4463 2713 4517 Gonf.
2749 4465 2899 4518 idem
2934 4465 3007 4519 ad
3043 4483 3094 4534 p.
3122 4465 3252 4528 275,
3283 4467 3410 4529 523,
3446 4468 3540 4521 ubi
3574 4463 3834 4535 exponit,

2188 4533 2324 4604 quid
2362 4534 2439 4587 sit
2469 4535 2761 4588 candidam
2791 4533 3091 4602 dare,item
3132 4537 3508 4605 Lindenbrog.
3536 4541 3600 4589 ad
3640 4533 3832 4591 Amm.

436 4594 767 4680 σλεντιάριοι
803 4594 1099 4680 scriptum
1134 4601 1347 4680 inveni.
1382 4601 1462 4655 De
1491 4594 1762 4680 silentiis.
1785 4618 1911 4680 .seu
1945 4616 2075 4680 con:
2108 4617 2153 4680 D
2279 4605 2401 4664 424.
2436 4605 2577 4680 457;
2612 4605 2906 4680 Pet_av._ad
2936 4594 3216 4661 Themist.
3252 4626 3319 4680 p.
3344 4594 3489 4676 377‘;
3519 4608 3603 4662 Du
3637 4608 3834 4680 Gange

434 4671 708 4724 ventibus
765 4677 821 4725 et
888 4673 1261 4727 consessibus
1333 4688 1636 4742 procerum
1711 4671 2072 4727 deliberandi

434 4756 635 4807 causa,
672 4742 903 4796 abunde
934 4751 1180 4810 egerunt
1229 4750 1314 4797 Du
1359 4744 1546 4807 Gange
1580 4744 1768 4798 Gloss.
1805 4748 2072 4810 utroque,

434 4811 503 4865 ad
537 4812 830 4874 Ginnam.,
865 4832 916 4881 p.
969 4815 1109 4876 492;
1144 4813 1313 4868 Goar.
1350 4814 1422 4868 ad
1470 4816 1805 4884 Theophan.
1842 4831 1896 4884 p.
1945 4814 2074 4880 202,

437 4887 493 4937 et
542 4884 612 4937 ad
663 4884 923 4950 Cedren.,
976 4902 1031 4954 p.
1092 4885 1247 4949 354;
1299 4884 1658 4939 Alemannus
1708 4887 1777 4939 ad
1833 4891 2072 4954 Procop.

437 4970 493 5025 p.
547 4955 669 5010 103.
719 4955 1077 5009 Silentiarios
1136 4956 1317 5008 luisse
1366 4956 1449 5008 ait
1502 4957 1908 5011 cubicularios.
1950 4956 2075 5010 Non

436 5026 580 5080 satis
628 5031 799 5081 recte.
832 5027 975 5098 USed
1051 5026 1366 5098 aliquando
1424 5025 1601 5080 latius
1658 5028 1926 5098 sumpsit
1979 5044 2075 5081 vo-

435 5113 561 5151 cem
616 5096 869 5151 cubiculi
918 5103 976 5153 et
1022 5096 1389 5151 cubicularii.
1435 5097 1777 5152 Cubiculum
1811 5096 1940 5163 'ipsi
1990 5102 2079 5153 est

439 5169 875 5233 consistorium,
932 5173 988 5224 et
1045 5166 1387 5223 cubicularii
1449 5166 1560 5237 ipsi
1619 5174 1758 5223 sunt
1813 5169 1918 5234 illi,
1977 5170 2075 5238 qui

437 5254 637 5311 curam
699 5242 970 5311 agebant,
1033 5250 1089 5293 ut
1154 5238 1215 5293 in
1273 5239 1613 5311 consistorio
1662 5240 1858 5310 quiete
1909 5248 2079 5307 atque

436 5310 644 5365 decore
693 5310 797 5383 pro
857 5315 1178 5383 majestate
1220 5310 1504 5380 principis
1580 5311 1883 5383 praesentis
1942 5326 2076 5380 age-

435 5389 659 5436 rentur.
697 5381 798 5437 'De
852 5382 1106 5445 silentio,
1165 5381 1222 5434 in
1285 5396 1398 5451 quo
1473 5383 1772 5447 perorabat
1828 5382 2077 5451 impera-

436 5453 550 5514 tor,
601 5452 714 5507 alio
766 5454 888 5509 loco
940 5455 1149 5509 dicam.
1190 5458 1268 5506 De
1317 5450 1656 5508 silentiariis
1705 5452 1799 5506 hic
1847 5450 2076 5506 tantum

437 5527 594 5586 noto,
648 5522 1045 5580 internuntios
1095 5539 1193 5578 eos
1241 5525 1297 5576 et
1346 5538 1613 5578 cursores
1663 5525 1779 5577 fere
1827 5522 2077 5589 impera-

434 5592 584 5665 _t0ris
617 5592 794 5649 fuisse
824 5598 879 5649 in
932 5595 1181 5665 publicis
1214 5594 1771 5665 processionibusﬁn
1804 5594 2076 5662 silentiis,

435 5661 757 5731 legatorum
793 5661 1385 5729 introductione,item
1420 5661 1751 5720 senatorum
1787 5667 2073 5731 omnium,

431 5748 581 5859 ﬁuos
634 5736 864 5791 brachio
924 5740 1239 5805 prehensos
1285 5738 1351 5790 ad
1407 5737 1549 5804 imp.
1601 5738 2073 5790 introducebant.

483 5818 683 5859 omum
737 5807 1100 5859 deducebant
1143 5822 1341 5859 recens
1389 5806 1728 5859 honoratos-
1778 5813 2073 5859 portantes

483 5818 683 5860 omum
737 5807 1100 5864 deducebant
1143 5822 1341 5864 recens
1389 5806 1729 5878 honoratos,
1778 5813 2078 5880 portantes

2187 4675 2432 4749 iitroque
2460 4675 2775 4749 Glossario.
2795 4678 2963 4732 Color
2994 4695 3202 4749 nempe
3231 4675 3455 4735 aulicus
3487 4685 3606 4733 erat
3636 4675 3829 4743 albus,

2184 4751 2241 4820 et
2272 4748 2328 4800 in
2363 4747 2618 4801 camisiis
2652 4748 2803 4802 albis
2833 4747 3429 4819 debebant—proceres
3460 4749 3833 4820 quotidianas

2184 4818 2240 4871 in
2277 4820 2471 4871 aulam
2504 4820 2897 4888 processiones
2931 4819 3109 4875 obire.
3142 4818 3290 4876 Hinc
3320 4823 3375 4876 in
3410 4818 3608 4876 cli—arta
3632 4832 3831 4875 vetere

2185 4890 2335 4958 apud
2392 4895 2474 4943 Du
2528 4890 2719 4960 Gange
2758 4907 2809 4944 ν.
2864 4896 3083 4956 Gunna,
3135 4893 3292 4946 color
3341 4894 3505 4947 albus
3553 4901 3606 4946 et
3654 4892 3831 4945 ruber

2187 4966 2327 5013 sunt
2356 4961 2579 5015 colores
2632 4960 2795 5031 regii.
2832 4961 2967 5015 Cum
3017 4963 3419 5017 innumerabili
3464 4964 3830 5017 multitudine

2184 5033 2438 5104 equitum
2461 5032 2526 5085 de
2554 5031 2785 5104 civibus,
2816 5033 3029 5087 vestitis
3060 5037 3114 5085 in
3159 5036 3428 5089 coloribus
3460 5034 3648 5104 regiis,
3675 5034 3831 5088 vidc-

2188 5103 2313 5174 lzcet
2351 5105 2431 5174 Ain
2478 5103 2748 5156 coloribus
2795 5104 2874 5167 [id
2933 5111 3020 5158 est
3060 5104 3320 5159 vestibus
3381 5103 3675 5174 coloratis]
3718 5105 3836 5158 albi

2188 5171 2386 5248 coloris
2419 5176 2467 5227 et
2499 5174 2674 5248 rubri.
2711 5174 2896 5228 Benzo
2928 5176 2984 5228 in
3035 5176 3392 5248 Panegyrico
3423 5171 3673 5231 Henriei'
3705 5176 3779 5230 Ill
3817 5193 3829 5229 :

2186 5244 2399 5317 Allata?
2454 5254 2585 5297 sunt
2642 5247 2911 5317 Byzantio
2957 5248 3168 5313 regales
3200 5244 3476 5315 litterae;
3529 5249 3829 5317 portitores

2188 5315 2386 5388 [tarum
2413 5317 2639 5388 fuerunt
2659 5323 2778 5388 tres
2807 5316 2968 5388 missi
3009 5335 3261 5388 purpura
3290 5319 3497 5387 induti,
3530 5315 3654 5372 cum
3685 5334 3820 5371 can-

2186 5385 2313 5440 dore
2353 5387 2518 5457 byssi.
2573 5386 2897 5457 Chlamydcs
2925 5385 3127 5444 nimiae
3166 5385 3831 5445 uiriditatis'relucebant

2185 5460 2371 5531 aureis
2420 5458 2616 5531 signis,
2651 5463 2760 5513 etc.
2798 5459 3283 5531 Hinccandidam
3315 5479 3416 5531 pro
3468 5460 3676 5514 militia
3728 5476 3831 5513 seu

2187 5527 2365 5603 gradu
2415 5530 2669 5603 palatino
2719 5531 2905 5603 posuit
2956 5527 3345 5603 Hieronymus
3379 5531 3477 5600 Ep.
3530 5534 3584 5596 9,
3617 5531 3833 5603 pullam

2188 5599 2432 5652 tunicam
2461 5602 2764 5669 nigrosque
2810 5601 3016 5655 calceos
3063 5599 3314 5657 candida:
3353 5607 3513 5659 vestis
3559 5599 3837 5655 el‘aurali

2185 5671 2331 5743 socci
2355 5670 3036 5743 depositionersumpsisti.
3074 5676 3342 5743 Ejusdem
3395 5675 3566 5727 verba
3599 5675 3668 5728 de
3718 5672 3833 5727 Ne-

2187 5740 2422 5816 potiano
2456 5744 2511 5795 in
2538 5742 2745 5816 palatii
2774 5743 2983 5816 militia
3012 5740 3127 5816 sub
3157 5746 3449 5816 chlamyde
3486 5754 3534 5797 et
3565 5743 3837 5798 candenti

2187 5813 2332 5867 lineo
2365 5812 2559 5881 corpus
2588 5814 2707 5885 ejus
2737 5812 2921 5869 cilicio
2961 5814 3162 5871 tritum
3190 5818 3323 5888 fuit,
3345 5812 3621 5888 'possunt
3669 5831 3837 5884 seque
