4154 6302
409 410 525 470 179

1456 396 1995 463 CONSTANTINI
2042 390 2753 459 PORPHYROGENITI

3709 396 3824 458 180

410 556 609 597 nam
637 539 790 595 intra
837 536 1075 594 cbalcen
1118 537 1186 592 ad
1239 536 1489 607 portam,
1542 522 1674 605 qua
1717 532 1776 589 in
1826 532 2052 588 scholas

2177 526 2489 607 ;πιτελεῖται
2526 527 2710 589 καθὼς
2753 526 3100 601 προείρηται.
3146 524 3249 582 Καὶ
3290 526 3392 590 εἶθ’
3446 525 3623 590 οὕτως
3673 528 3820 605 γίνε-

413 629 591 695 ducit,
619 628 869 699 receptio
901 626 987 693 ﬁt,
1019 629 1075 680 et
1104 626 1319 695 excipit
1366 624 1445 677 ibi
1498 623 1772 677 tribunus
1817 623 2061 676 Veneto-

414 733 543 773 rum
575 733 675 771 seu
713 715 1068 771 domesticus
1113 712 1450 768 scholarum
1497 724 1631 767 cum
1677 709 1924 766 factione
1956 726 2064 764 sua

414 804 741 861 transitoria
771 804 926 871 alba,
959 804 1016 856 et
1045 801 1270 871 reliqua
1314 804 1376 855 ut
1404 814 1583 872 supra
1611 797 1869 855 diximus
1899 810 2060 852 exse-

414 895 632 965 quitur.
670 892 881 947 Deinde
916 906 1143 952 ouaa'ra
1188 889 1441 960 receptio
1489 888 1554 943 ﬁt
1598 887 1659 942 in
1712 887 1860 942 atrio
1908 886 1962 940 S.
1998 886 2057 942 Β.

415 980 802 1052 apostolorum
832 979 949 1033 sive
980 979 1037 1032 in
1072 978 1308 1044 scholis,
1341 982 1399 1033 et
1427 977 1506 1033 ibi
1528 988 1764 1048 quoque
1785 972 2064 1029 tribunus

416 1069 785 1125 Prasinorum
817 1084 916 1123 seu
947 1066 1249 1122 excubitor
1277 1081 1409 1121 cum
1437 1065 1689 1121 factione
1719 1076 1827 1119 sua
1857 1063 2065 1118 transi-

416 1158 563 1214 toria
593 1172 758 1212 russa
791 1157 989 1210 adest:
1025 1159 1227 1210 caetera
1258 1166 1393 1209 uero
1436 1158 1500 1208 ut
1539 1167 1708 1224 supra
1736 1153 2061 1221 expositum

416 1246 528 1301 fuit
555 1261 589 1301 a
620 1244 868 1299 tactione
898 1243 1297 1314 perﬁciuntur.
1332 1241 1552 1297 UL'I'IMA
1602 1242 1665 1296 ﬁt
1695 1242 1753 1296 in
1785 1239 2064 1295 tribunali

418 1350 517 1389 seu
551 1337 684 1388 ante
714 1332 975 1404 lychnos,
1009 1330 1107 1385 ubi
1153 1330 1497 1386 Venetorum
1530 1330 1800 1401 princeps
1830 1342 1930 1383 seu
1962 1330 2064 1383 do-

420 1422 699 1478 mesticus
728 1432 860 1474 cum
894 1418 1226 1473 transitoria
1256 1432 1365 1473 sua
1414 1417 1666 1473 factione
1696 1416 1829 1471 alba
1857 1427 2063 1486 exspe-

418 1516 570 1566 ctat:
606 1513 924 1578 cmteraque
953 1511 1016 1562 ut
1055 1521 1230 1577 supra
1260 1506 1627 1562 ostendimus
1658 1506 2062 1561 observantur.
2117 1528 2121 1531 ν

2172 630 2261 670 ται
2289 602 2448 689 τρίτη
2484 612 2636 689 δοχή
2668 609 2880 678 ἔνδοθεν
2909 621 3013 683 τῆς
3059 611 3276 688 χαλκῆς
3317 615 3453 689 πρὸς
3490 614 3590 685 τὴν
3634 602 3818 689 πύλην

2168 706 2269 773 τὴν
2291 703 2640 781 εἴσφερουσαν
2671 698 2746 765 είς
2784 700 2881 764 τὰς
2928 701 3161 777 σχολὰς,
3201 703 3291 757 καὶ
3338 702 3553 778 δέχεται
3603 707 3817 762 κάκεῖσε

2171 794 2199 848 6
2232 791 2587 868 δημοκρατης
2615 798 2725 848 τῶν
2766 792 3023 861 Βενέτων,
3055 789 3228 869 ἤγουν
3275 793 3303 847 6
3345 789 3669 866 δομέστικος
3707 800 3818 850 τῶν

2171 880 2419 960 σχολῶν,
2462 884 2599 956 μετὰ
2646 882 2734 936 καί
2776 886 2875 936 τοῦ
2922 884 3223 955 περατικοῦ
3274 882 3439 937 αὐτοῦ
3490 879 3670 957 δήμου
3719 890 3816 940 τοῦ

2172 967 2393 1025 λευκοῦ·
2443 971 2511 1024 τὰ
2559 966 2617 1025 δὲ
2667 969 2836 1025 λοιπὰ
2882 975 2983 1038 τῆς
3035 966 3213 1046 δοχῆς
3261 966 3588 1025 ἒπιτελεῖται
3640 973 3819 1035 καθὼς

2170 1061 2512 1134 προείρηται.
2555 1060 2661 1114 Καὶ
2715 1059 2850 1132 μετὰ
2897 1058 3096 1129 ταύτην
3146 1058 3347 1133 γίνεται
3394 1060 3623 1133 τετάρτη
3676 1056 3821 1137 δι)χή

2173 1146 2249 1208 εἰς
2343 1148 2405 1202 τὸ
2502 1143 2846 1222 προπύλαιον
2940 1149 3049 1200 τῶν
3142 1145 3344 1218 Ἀγίων
3439 1148 3821 1220 Ἀποστόλων,

2173 1233 2348 1311 ἤγουν
2388 1234 2466 1297 εἷς
2508 1236 2605 1296 τὰς
2645 1233 2881 1310 σχολὰς,
2927 1234 3016 1289 καὶ
3057 1232 3274 1309 δέχεται
3320 1235 3534 1291 κάκεῖσε
3575 1234 3603 1291 6
3645 1232 3822 1311 δημο-

2172 1323 2376 1398 κράτης
2433 1328 2541 1379 τῶν
2604 1324 2901 1399 Πρασίνων,
2960 1325 3131 1400 ἤγουν
3175 1324 3203 1378 6
3254 1321 3626 1396 ἐκσκούϐιτος,
3691 1331 3824 1401 μετὰ

2175 1417 2276 1467 τοῦ
2324 1414 2619 1487 περατικοῢ
2678 1417 2843 1467 αυτοῦ
2910 1410 3094 1484 δήμου
3158 1414 3254 1467 τοῦ
3322 1412 3566 1491 ῥουσίου⁴
3632 1416 3699 1469 τὰ
3767 1411 3825 1471 δὲ

2176 1499 2345 1555 λοιπὰ
2376 1507 2475 1570 τῆς
2521 1498 2699 1576 δοχῆς
2747 1498 3076 1556 ἐπιτελεῖται
3108 1501 3290 1565 καθὼς
3328 1501 3670 1577 προείρηται.
3713 1506 3822 1561 Καὶ

417 1593 698 1650 τελευταία
745 1592 886 1667 δοχή
939 1593 1141 1666 γίνεται
1191 1592 1266 1653 εἰς
1310 1593 1374 1646 τὸ
1415 1587 1827 1664 τριϐουνάλιον,
1877 1587 2046 1665 ἤγουν
2108 1590 2216 1663 πρὸ
2275 1592 2384 1643 τῶν
2444 1588 2691 1664 λύχνων,
2751 1590 2841 1644 καὶ
2893 1586 3111 1665 δέχεται
3170 1591 3325 1644 κάκεῖ
3377 1591 3404 1643 ὀ
3464 1588 3824 1667 δημοκρατης

415 1690 522 1738 τῶν
585 1682 846 1753 Βενέτων,
903 1682 1069 1755 ἤγουν
1122 1682 1149 1733 ὁ
1196 1678 1538 1752 δομέστικος,
1595 1682 1731 1753 μετὰ
1775 1679 1865 1734 καὶ
1910 1683 2007 1734 τοῦ
2047 1680 2342 1754 περατικοῦ
2393 1678 2564 1734 αὑτοῦ
2612 1676 2794 1752 δήμου
2837 1681 2938 1732 τοῦ
2989 1682 3208 1733 Αευκοῦ·
3263 1680 3330 1734 τὰ
3399 1677 3456 1734 δὲ
3508 1676 3681 1737 λοιπᾶ
3723 1689 3824 1753 τῆς

421 1769 599 1848 δοχῆς
630 1769 958 1825 ἐπιτελεῖται
987 1769 1168 1830 καθὼς
1209 1769 1556 1842 προείρηται.

489 1858 626 1919 XIV.
663 1862 796 1916 Post
827 1857 978 1914 hanc
1009 1858 1395 1929 receptionem
1431 1857 1650 1915 domini
1684 1872 1785 1929 per
1814 1857 2055 1928 lychnos

2234 1855 2333 1914 ΙΔ“.
2368 1859 2467 1913 Και
2501 1854 2569 1926 δὴ
2624 1855 2758 1929 μετὰ
2808 1852 3011 1926 ταύτην
3050 1855 3150 1925 τὴν
3189 1852 3364 1930 δοχὴν
3410 1853 3723 1933 διέρχονται
3772 1861 3825 1915 οἱ

419 1952 475 2004 et
503 1948 824 2004 triclinium
847 1948 1246 2003 excubitorum
1274 1944 1704 2018 digrediuntur,
1735 1942 1834 2001 ubi
1858 1962 2060 2001 rursus

422 2042 541 2092 tam
573 2037 809 2101 nomici,
839 2053 1007 2105 quam
1042 2036 1317 2106 dipanitm
1341 2041 1396 2091 et
1420 2036 1730 2106 quaestoris
1771 2034 2053 2090 cancella-

422 2125 514 2194 rii,
547 2124 836 2180 solemnes
868 2124 1306 2195 apprecationes
1333 2129 1398 2179 ut
1428 2140 1608 2193 supra
1638 2124 1857 2178 dictum
1888 2127 1977 2178 est
2005 2125 2064 2177 in

423 2211 564 2268 locis
602 2211 724 2267 suis
769 2213 1090 2281 constituti,
1143 2213 1407 2269 recitent.
1459 2213 1566 2268 Per
1620 2213 2066 2270 candidatorum

421 2316 554 2356 vero
603 2296 924 2356 triclinium
976 2301 1420 2357 transeuntibus
1474 2300 1752 2370 dominis,
1786 2301 1844 2356 in
1898 2303 2067 2372 porta

421 2388 609 2459 ipsius
640 2387 898 2454 triclinii,
932 2402 1058 2459 quae
1080 2388 1139 2443 in
1173 2389 1386 2444 atrium
1411 2387 1806 2444 novemdeclm
1831 2386 2065 2445 accubi-

423 2480 617 2531 torum
648 2472 826 2541 ducit,
856 2477 1079 2531 vocales
1102 2477 1311 2532 musici
1330 2478 1445 2532 duo
1471 2481 1645 2543 stant,
1670 2476 1917 2532 dominis
1940 2493 2065 2546 quae

427 2564 572 2620 festo
603 2565 714 2619 hoc
741 2565 833 2619 die
867 2581 987 2620 mos
1017 2573 1103 2619 est
1155 2571 1554 2636 apprecantes.
1588 2566 1728 2621 Inde
1780 2567 2064 2621 consisto-

428 2652 581 2707 rium
612 2654 851 2721 adeunt,
875 2653 974 2707 ubi
1000 2669 1225 2724 quoque
1246 2653 1542 2724 excepturi
1592 2653 1831 2708 domino
1855 2654 2068 2708 fausta-

429 2754 543 2810 que
596 2739 737 2810 ipsis
809 2741 1094 2812 precaturi
1163 2741 1376 2798 adsunt
1440 2742 1954 2812 protosecretarius
2011 2749 2068 2798 et

429 2828 860 2899 protonotarius
892 2847 1019 2884 curn
1042 2848 1075 2885 a
1098 2830 1337 2886 secretis
1355 2831 1691 2902 cmterisque
1719 2830 1944 2899 ofﬁciis,
1964 2831 2064 2889 18

430 2918 695 2985 notariis,
728 2918 1101 2975 cbartulariis
1131 2925 1187 2975 et
1211 2918 1470 2991 reliquis.
1494 2921 1558 2976 In
1589 2922 1878 2993 onopodio
1907 2927 2067 2979 stant

430 3005 799 3076 imperatoris
834 3007 1027 3063 famuli
1049 3024 1180 3064 cum
1198 3009 1498 3078 capitaneo
1512 3015 1569 3065 et
1583 3010 1898 3066 domestico
1930 3026 2063 3067 suo:

430 3094 713 3163 magistri,
760 3095 1155 3165 proconsules,
1202 3095 1429 3167 patricii
1480 3099 1539 3153 et
1594 3096 1876 3154 ofﬁciales
1928 3114 2062 3155 cum

2176 1941 2432 2000 δεσπόται
2475 1942 2563 1999 διά
2601 1966 2660 2000 τε
2696 1950 2804 2000 τῶν
2849 1944 3067 2019 λύχνων
3116 1945 3207 1999 καὶ
3256 1949 3352 2000 τοῦ
3407 1945 3685 2019 τρικλίνου
3713 1954 3824 2004 τῶν

2175 2027 2556 2100 ἐκσκουϐίτων,
2599 2031 2650 2085 ἂν
2694 2029 2753 2085 δὶ
2800 2036 2919 2093 τοῖς
2978 2030 3166 2093 αὐτοῖς
3226 2027 3598 2093 ἑκσκουόίτοις
3656 2035 3822 2091 πάλιν

2176 2119 2482 2197 εὐφημοῦσι
2522 2121 2616 2183 τὰς
2658 2119 2929 2198 εὐφημίας
2972 2117 3030 2173 ο’ί
3071 2140 3129 2174 τε
3166 2122 3389 2194 νομικοὶ
3427 2121 3518 2176 καὶ
3558 2124 3609 2177 oi.
3659 2121 3824 2179 διπα-

2174 2212 2313 2263 νῖται
2367 2211 2458 2264 καὶ
2515 2211 2572 2263 οἱ
2630 2214 2725 2263 τοῦ
2776 2208 3134 2285 κοιαίστωρος
3192 2208 3585 2286 καγκελλάριοι
3642 2215 3827 2279 καθὼς

2173 2297 2264 2351 καὶ
2322 2297 2664 2371 προείρηται,
2728 2295 2992 2368 δηλονότι
3066 2296 3119 2352 ἐν
3172 2302 3290 2360 τοῖς
3343 2298 3569 2363 οἰκείοις
3627 2302 3823 2365 τόποις

2176 2373 2477 2458 ἱστάμενοι.
2528 2388 2642 2440 Τῶν
2696 2380 2752 2440 δὲ
2811 2382 3089 2441 δεσποτῶν
3150 2384 3517 2462 διερχομένων
3579 2385 3668 2445 διὰ
3723 2394 3823 2446 τοῦ

2172 2473 2458 2546 τριγλίνου
2488 2478 2594 2527 τῶν
2626 2470 2958 2528 κανδιδάτων
2988 2474 3039 2529 ἐν
3076 2480 3146 2549 τῇ
3189 2476 3325 2550 θύρᾳ
3365 2482 3461 2533 τοῦ
3501 2478 3666 2534 αὐτοῦ
3705 2501 3825 2557 τρι-

2174 2560 2366 2617 κλίνου
2394 2562 2463 2635 τῇ
2503 2550 2764 2636 ἐξαγούσῃ
2814 2561 2901 2617 ἐπὶ
2944 2565 3006 2617 τὸ
3047 2561 3258 2639 ἒξάερον
3297 2569 3409 2640 (76)
3453 2572 3561 2623 τῶν
3604 2550 3827 2625 δεκαέν-

2173 2649 2265 2704 vta
2321 2645 2659 2704 ἀκκουϐίτων
2717 2652 2853 2724 (77),
2902 2647 3147 2706 ’ίστανται
3218 2651 3313 2707 δύο
3376 2654 3689 2729 βουκάλιοι,
3748 2660 3815 2713 τὰ

2175 2739 2381 2810 συνήθη
2413 2745 2513 2808 τῆς
2546 2739 2744 2813 ἑορτῆς
2775 2737 3028 2814 λέγοντες
3067 2744 3185 2801 τοῖς
3236 2739 3540 2807 δεσπόταις
3583 2746 3673 2800 καὶ
3716 2747 3822 2803 ἀπὸ

2173 2832 2279 2883 τῶν
2329 2827 2499 2883 ἐκεῖσε
2550 2828 2888 2907 εἰσέρχονται
2944 2824 2995 2882 ἐν
3035 2834 3114 2903 τῷ
3162 2833 3558 2908 κονσιστωρίῳ,
3610 2834 3827 2892 κάκεῖσε

2176 2914 2436 2986 δηλονότι
2487 2917 2930 2990 ἐναπομενόντων
2984 2919 3068 2973 καὶ
3124 2918 3513 2998 ἐπευχομένων
3562 2928 3679 2985 τοῖς
3732 2921 3823 2979 δε-

2175 3007 2422 3075 σπόταις,
2456 3003 2487 3060 6'
2514 3026 2571 3060 τε
2609 3008 3118 3081 πρωτοασηκρήτης
3162 3009 3251 3063 καὶ
3301 3010 3329 3063 6
3378 3014 3822 3088 πρωτονοτάριος

2178 3094 2311 3168 μετὰ
2345 3098 2452 3150 τῶν
2500 3095 2824 3170 ἀσηκρητῶν
2874 3094 2966 3149 καὶ
3007 3093 3216 3151 λοιπῶν
3262 3096 3552 3176 ὀφςρικίων,
3591 3097 3718 3162 τοὺς
3759 3124 3819 3157 τε

428 3180 828 3238 cerimoniario
857 3178 1233 3254 angiportum
1264 3201 1450 3240 aurern
1482 3202 1693 3242 manus
1736 3187 1976 3259 intrant,
2011 3197 2064 3245 et

2177 3183 2460 3257 νοταρίους
2501 3183 2592 3237 καὶ
2631 3181 3068 3257 χαρτουλαρίους
3116 3184 3205 3239 καὶ
3248 3187 3498 3248 Λοιπούς’
3551 3187 3602 3243 ἐν
3644 3186 3703 3244 δὲ
3738 3196 3821 3264 τῷ

426 3267 537 3340 ipsi
569 3269 803 3340 quidem
832 3272 903 3325 ad
930 3272 1215 3342 dextram,
1240 3273 1308 3328 ad
1329 3274 1629 3330 sinistram
1652 3290 1785 3331 vero
1809 3277 2061 3333 ministri

426 3358 586 3412 aurei
619 3357 861 3414 triclinii
884 3363 1097 3417 astant.

2176 3270 2451 3345 ὀνοποδίῳ
2482 3269 2650 3327 πάλιν
2678 3270 2929 3327 ἵστανται
2960 3275 3012 3327 οἱ
3047 3273 3324 3348 βασιλικοὶ
3356 3273 3655 3352 ἅνθρωποι,
3684 3282 3824 3353 μετὰ

2173 3364 2262 3418 καὶ
2292 3366 2388 3417 τοῦ
2421 3358 2747 3434 δομεστίκου
2785 3360 2985 3416 αὐτῶνο
3032 3365 3086 3417 οἱ
3127 3360 3185 3417 δὲ
3227 3363 3512 3441 μάγιστροι
3562 3366 3651 3421 καὶ
3699 3368 3828 3433 ἀνθ-

427 3443 620 3498 ὑπατοι
667 3443 758 3499 καὶ
809 3445 1085 3521 πατρίκιοι
1127 3449 1217 3502 καὶ
1268 3447 1611 3526 ὀφιρικιάλιοι
1656 3448 1769 3524 ἅμα
1814 3456 1911 3506 τοῦ
1958 3459 2057 3524 τῆς
2103 3452 2478 3512 καταστάσεως
2530 3446 2864 3524 εἲσὲρχονται
2914 3448 2966 3504 ἒν
3016 3456 3095 3523 τῷ
3145 3451 3410 3526 στενακίῳ
3458 3460 3561 3523 τῆς
3612 3462 3826 3531 χρυσῆς

423 3533 627 3605 χειρὸς,
667 3531 756 3587 καὶ
789 3530 1027 3589 ἵστανται
1058 3533 1203 3607 δεξιᾷ
1235 3538 1328 3609 μὲν
1351 3535 1523 3607 οὗτοι,
1558 3540 1810 3614 ἀριστερᾷ
1835 3539 1890 3596 δὲ
1921 3542 1971 3597 oi
1999 3547 2097 3598 τοῖ’)
2127 3538 2606 3619 χρυσοτρικλίνου.

494 3619 613 3676 XV.
646 3623 1119 3695 Digredientibus
1152 3643 1283 3683 vero
1316 3629 1572 3685 dominis
1604 3645 1737 3685 cum
1772 3631 1937 3687 clava
1976 3649 2067 3688 ar-

427 3712 603 3767 matis
633 3720 685 3767 el
716 3716 946 3786 magnis
977 3716 1263 3783 excubiis,
1307 3718 1632 3774 acclamant
1682 3734 1909 3787 omnes,
1943 3726 2067 3777 tum

426 3799 508 3853 ibi
547 3801 869 3871 constituti,
900 3808 1027 3858 tum
1071 3805 1172 3875 qui
1216 3805 1483 3861 dominos
1546 3806 1914 3865 comitantur.
1950 3811 2064 3880 Ipsi

427 3901 559 3941 vero
606 3885 713 3942 soli
763 3889 1079 3945 triclinium
1126 3893 1454 3961 augustalis
1522 3896 1745 3949 intrant
1793 3898 1950 3964 (nam
2000 3914 2065 3953 eo

428 3991 658 4045 quoque
695 3976 1034 4032 cubicularii
1067 3994 1200 4034 cum
1234 3982 1559 4052 praepositis
1604 3986 1980 4056 praecedunt),
2009 3990 2067 4042 et

425 4063 624 4118 ordine
656 4064 713 4117 in
750 4065 1033 4121 accubitis
1065 4071 1277 4129 astant,
1327 4067 1697 4139 dominisque
1749 4086 1881 4125 cum
1924 4073 2064 4128 solis

425 4152 795 4210 cubiculariis
825 4154 1121 4225 ingressis,
1149 4154 1347 4227 janute
1375 4157 1690 4229 augustalis
1713 4175 1745 4213 a
1767 4158 2067 4219 cubicula-

424 4238 526 4295 riis
554 4240 906 4296 cladduntur
933 4257 946 4296 :
981 4243 1320 4313 praepositus
1350 4243 1674 4301 Romanam
1699 4261 1893 4303 vocem
1923 4249 2064 4319 τρέε,

424 4329 778 4398 pronuntiat.
813 4330 1400 4388 Prmcentorcubiculi
1423 4350 1521 4388 eos
1545 4335 1782 4405 excipit,
1809 4337 2067 4409 dicitque

424 4429 630 4469 sonore
679 4419 736 4470 et
790 4417 1166 4475 harmonice:
1221 4438 1247 4473 ι
1306 4421 1606 4478 Feliciter:
1643 4443 1670 4473 ››
1722 4424 2066 4482 cubicularii

2248 3632 2350 3686 IE‘.
2403 3629 2499 3683 Καὶ
2547 3624 2613 3696 δὴ
2663 3632 2771 3681 τῶν
2825 3624 3098 3684 δεσποτῶν
3159 3627 3533 3705 διερχομένων
3594 3633 3734 3705 μετά
3774 3655 3836 3690 τε

2175 3722 2273 3774 τοῦ
2334 3711 2647 3792 μαγλαϐίου
2702 3717 2792 3771 καὶ
2853 3722 2952 3785 τῆς
3010 3717 3262 3792 μεγάλης
3320 3720 3606 3795 ἑταιρείας,
3657 3722 3822 3778 ἐπεύ-

2181 3824 2373 3881 χονται
2412 3806 2607 3868 πάντες
2647 3804 2699 3859 ci
2748 3804 2961 3860 κάκεῖσε
3015 3806 3291 3880 ἱστάμενοι
3331 3808 3421 3863 καὶ
3472 3811 3524 3864 οἱ
3571 3815 3689 3873 τοῖς
3746 3809 3828 3867 δε-

2181 3894 2405 3956 σπόταις
2439 3895 2732 3955 συνιόντες.
2775 3895 2899 3951 Τῶν
2940 3891 2996 3949 δὲ
3037 3891 3310 3951 δεσποτῶν
3355 3899 3536 3970 μόνων
3575 3899 3831 3979 εἰσερχο-

2184 3982 2354 4053 μὲνων
2386 3982 2438 4036 ἐν
2478 3986 2556 4053 τῷ
2598 3982 2865 4055 τρικλίνῳ
2908 3987 3005 4037 τοῦ
3056 3981 3399 4058 αὐγουστέως
3448 3987 3684 4057 (κάκεῖσε
3721 3992 3826 4066 γὰρ

2178 4072 2229 4124 οἱ
2259 4075 2354 4124 τοῦ
2384 4066 2781 4125 κουϐουκλείου
2822 4075 3296 4147 προπορευόμενοι
3339 4078 3471 4150 μετὰ
3510 4082 3617 4133 τῶν
3658 4099 3825 4155 πραι-

2174 4156 2458 4231 ποσίτων),
2491 4157 2582 4214 καὶ
2615 4158 2766 4214 αύτοῖ
2810 4160 3025 4214 κάκεῖσε
3052 4162 3317 4242 στιχηδὸν
3352 4164 3440 4222 ἐπὶ
3480 4165 3822 4225 ἀκκουϐίτων

2172 4244 2444 4316 ἵστανται,
2476 4250 2566 4304 καὶ
2599 4246 2665 4320 δὴ
2695 4251 2803 4304 τῶν
2850 4246 3123 4306 δεσποτῶν
3166 4255 3300 4327 μετὰ
3342 4258 3452 4311 τῶν
3494 4264 3824 4315 κοιτωνιτῶν

2175 4337 2264 4391 καὶ
2299 4338 2464 4409 μόνον
2495 4342 2606 4413 (78)
2656 4340 2959 4410 εἰσιόντων,
3007 4342 3281 4400 κλείονται
3335 4347 3428 4418 μὲν
3480 4349 3534 4401 αἱ
3586 4354 3684 4403 τοῦ
3726 4349 3827 4404 αύ-

2175 4426 2447 4498 γουστὲως
2480 4427 2637 4501 θύραι
2678 4426 2767 4483 διὰ
2805 4432 2915 4484 τῶν
2949 4426 3447 4509 κουϐικουλαρίων,
3489 4436 3516 4488 6
3559 4434 3616 4490 δὲ
3661 4455 3825 4511 πραι-

1445 4573 1643 4630 JOAN.
1685 4576 1829 4633 JAC.
1865 4576 2126 4634 REISKII
2155 4577 2746 4639 COMMENTARIUS.

498 4714 913 4811 gﬁlﬁl‘itiieu;
945 4723 1127 4811 Laeue
1173 4725 1422 4811 apricus»
1474 4726 1783 4811 ξμδάίαιίεν
1826 4728 2064 4811 erilem:

2177 4729 2564 4811 §cript._lﬂtai._
2588 4750 2642 4803 p.
2674 4735 2764 4791 61.
2801 4736 3131 4811 Luitprandi
3186 4737 3374 4793 locum
3402 4756 3489 4811 ex
3541 4740 3684 4798 Hist.
3716 4740 3818 4811 VI,

429 4785 928 4868 deambula-crum,
979 4794 1132 4864 quod
1169 4785 1337 4868 juxta
1376 4785 1664 4868 porticum
1729 4785 1894 4864 esset,
1927 4785 2064 4855 oliui

429 4853 791 4935 stapfépopic,
813 4862 895 4935 de
916 4853 1049 4935 'qu‘a
1072 4879 1127 4935 ν,
1169 4853 1421 4923 Salinas.
1462 4868 1529 4923 ad
1582 4853 1828 4925 Tertull:
1937 4853 2069 4928 230.

525 4929 616 5013 7‘7)
649 4929 1057 5013 Accubitus'vel
1087 4929 1339 5013 accubitu
1368 4941 1507 4992 sunt
1529 4938 1737 5013 Graecis
1758 4945 1814 4994 et
1845 4929 2070 4996 Latinis

433 4999 607 5080 medii
640 5001 1026 5080 myi_me_nsas,
1074 5005 1279 5080 quibus
1328 5009 1749 5080 accumbebant
1798 5013 2066 5067 convivae.

431 5072 658 5144 Dictum
692 5072 826 5129 inde
872 5075 978 5131 t‘uit
1014 5072 1250 5134 celebre
1296 5078 1632 5144 triclinium,
1681 5079 1766 5134 vel
1819 5080 2070 5137 tribunal

431 5145 589 5220 (nam
624 5142 777 5220 idem
809 5154 893 5200 est
924 5151 979 5202 et
1010 5148 1248 5220 perinde
1294 5142 1723 5220 appellabatur)
1771 5149 2066 5207 Novemde-

429 5214 548 5295 cini
573 5215 971 5295 accubiiorurn,
1006 5214 1062 5273 in
1097 5236 1214 5295 quo
1242 5214 1619 5291 imperatores
1652 5214 1857 5276 diebus
1901 5223 2066 5279 festis

433 5286 1046 5364 majoribusexcipere
1076 5286 1344 5364 sciebant
1380 5307 1520 5364 suos
1571 5306 1856 5364 proceres,
1892 5295 2064 5364 cujus

430 5355 600 5434 toties
633 5360 866 5434 mentic_
898 5355 987 5434 tit_
1013 5364 1068 5414 in
1120 5361 1459 5434 Cletorcgio,
1492 5367 1547 5417 et
1573 5355 1852 5434 'derquo'
1889 5355 2063 5420 multi

429 5422 723 5505 direrrunt,
752 5430 1139 5505 utDuCange
1160 5431 1287 5486 CPli
1311 5422 1529 5505 Cbri'st.
1557 5449 1608 5501 p.
1638 5422 1761 5502 135;
1782 5449 1963 5505 usque
1987 5437 2058 5491 ad

430 5493 547 5572 140:
581 5494 745 5551 Goer.
772 5502 841 5572 ad
885 5493 1222 5572 Theophan.

426 5563 666 5648 Cedren:
704 5584 758 5636 p.
790 5570 917 5648 385.
946 5563 1138 5648 Val-es.
1176 5563 1566 5648 ad‘Amniam.
1592 5563 1786 5639 Marci,
1820 5594 1872 5647 p.
1908 5578 2055 5648 490;

330 5678 349 5691 .
430 5634 583 5719 conf.
615 5634 940 5719 Casaubon.
974 5645 1063 5719 ad
1095 5645 1291 5719 script.
1344 5646 1479 5719 bist.
1537 5634 1784 5719 AugLI.
1820 5634 1882 5718 'p.
1926 5634 2051 5719 832,

430 5661 583 5715 cur“.
615 5661 940 5698 pusuunon.
974 5661 1043 5699 an
1095 5661 1204 5700 SCl'l
1252 5661 1291 5700 ι.
1344 5661 1479 5703 D1813.
1537 5661 1680 5718 aug.
1736 5661 1778 5701 l.
1926 5661 2048 5719 852,

429 5704 525 5758 ubi
559 5706 742 5762 multa
772 5713 839 5765 de
868 5716 1158 5786 uccubitis,
1205 5661 1476 5775 Haccbin.
1508 5726 1645 5773 tom.
1672 5717 1741 5786 Ii,
1773 5724 2048 5775 Murator.

1257 5521 1312 5574 p.
1353 5503 1477 5569 333,
1511 5505 1751 5575 et7342,
1802 5503 1937 5561 item
1986 5506 2057 5563 ad
2168 5503 2392 5563 ratione

2166 5578 2380 5658 p.218,
2403 5577 2877 5660 negassem;
2901 5585 3034 5640 item
3056 5577 3133 5660 in,
3155 5577 3807 5660 composi‘tionibus'no-

2168 5652 2388 5730 min'um
2423 5652 2861 5730 adj_ecti_vorum‘,
2896 5663 2955 5710 ut
2987 5657 3176 5721 m1:th
3205 5652 3307 5730 pro
3357 5660 3447 5713 καὶ
3495 5660 3653 5721 ποιός
3698 5662 3801 5717 aii-

2163 5718 2380 5787 qualis;
2413 5737 2463 5776 ν.
2494 5718 2580 5777 Du
2615 5724 2807 5797 Gange
2838 5718 2895 5781 b.
2928 5742 2980 5783 v.

2183 4800 2234 4867 3,
2272 4800 2325 4870 p.
2361 4800 2756 4883 470,.cit'atum
2797 4800 2942 4883 jam‘
2975 4808 3124 4883 aliis,
3154 4810 3445 4883 quamvis
3496 4800 3814 4883 egregium,

2182 4875 2676 4953 no.n_exs‘cribam.
2710 4876 2773 4932 In
2807 4878 2914 4932 hoc
2950 4875 3210 4953 triclinio
3238 4882 3443 4952 exponi
3493 4875 3819 4953 spectatum

2182 4940 2445 4996 solebant
2478 4944 2892 5017 imperatorum
2942 4951 3166 5021 funera,
3200 4956 3264 5007 ut
3311 4940 3383 5007 ad
3432 4940 3566 5024 Cap.
3618 4956 3689 5009 60
3744 4955 3818 5011 li-

2181 5010 2269 5065 bri
2303 5029 2316 5065 l
2349 5014 2560 5068 dicam.

2588 5085 2740 5142 idem
2774 5091 2949 5167 atque
2985 5090 3263 5167 pévdvyel
3307 5091 3509 5167 μόνων.
3541 5094 3699 5167 Saepe
3727 5094 3818 5150 καὶ

2176 5157 2309 5206 ante
2345 5168 2618 5238 numeros
2669 5161 2819 5238 apud
2853 5157 3079 5217 Veteres
3123 5157 3402 5238 ab_undat.
3443 5166 3508 5220 In
3560 5157 3668 5238 ho'c
3715 5184 3819 5238 ge-

2178 5239 2313 5278 nere
2346 5226 2613 5296 frequcns
2641 5226 3014 5286 ad'nauseam
3046 5239 3133 5289 est
3161 5234 3425 5291 {Elianus
3458 5238 3515 5291 in
3566 5226 3815 5294 historia

2174 5296 2735 5375 animalium._Conf.
2792 5300 3017 5375 Nicetes
3044 5322 3099 5374 p.
3144 5305 3230 5368 32,
3284 5323 3411 5375 pen.
3454 5308 3543 5362 68.
3578 5307 3677 5361 Καὶ
3707 5311 3812 5369 πᾶς

2172 5370 2746 5448 promsimpticijrjzs
2780 5375 2892 5448 est_
2929 5373 2985 5427 in
3022 5370 3345 5448 ﬂintholo-g.
3407 5377 3474 5433 Η.
3530 5380 3810 5448 Stephani

2172 5452 2227 5505 p.
2263 5436 2385 5518 :580.
2422 5436 2503 5563 gn.
2536 5443 2699 5511 2587,
2722 5445 2799 5511 2.)
2831 5443 3104 5500 Abundat
3134 5436 3361 5518 quoque
3392 5449 3537 5504 alias
3569 5436 3649 5504 in.
3673 5467 3809 5504 nar-

2172 5511 2392 5598 ratione
2467 5513 2724 5598 1‘storiga,
2761 5519 2824 5568 ut
2855 5514 3023 5598 paulo
3056 5524 3187 5598 post
3238 5521 3341 5573 hoc
3388 5520 3511 5598 ipso
3552 5520 3705 5598 loco,
3752 5525 3810 5576 et
