4126 6314
330 314 454 376 185

1218 315 1317 374 DE
1361 316 1816 378 CERIMONIIS
1862 316 2095 376 AULxE
2138 318 2623 379 BYZANTINIE
2662 319 2818 380 LIB.
2865 321 2916 381 Ι.

3650 322 3764 383 186

341 466 459 521 ριος
510 438 728 501 ἔνδοθεν
757 448 859 499 τοῦ
895 442 1089 519 βήλου,
1121 442 1360 513 ἵσταται,
1391 447 1483 500 καὶ
1532 442 1801 520 λαμϐάνει
1837 450 2009 519 νεῦμα
2039 506 2043 515 1

2125 464 2233 520 que
2253 466 2409 506 unus
2441 454 2573 522 post
2601 450 2846 507 alterum
2880 467 2998 523 qua
3034 456 3313 508 venerant
3345 450 3435 506 via
3454 452 3764 521 egrediun-

336 535 366 588 6
417 533 808 607 πραιπόσιπος
862 532 1005 605 παρὰ
1049 536 1147 587 τοῦ
1190 530 1479 604 δεσπότου,
1528 533 1619 589 καὶ
1669 532 1760 589 διὰ
1800 541 1900 604 τῆς
1933 534 2012 589 οἱ·

2125 542 2242 592 tur.

336 623 489 685 κείας
551 621 820 698 χλανίδος
881 621 1014 676 νεύει
1070 626 1150 694 τῷ
1213 622 1498 699 ὀστιαρίφ,
1564 624 1653 679 καὶ
1722 621 1789 692 δὴ
1849 626 1877 679 6
1945 625 2217 700 ὀστιάριος
2284 623 2712 704 σχηματοειδῶς
2770 632 2889 690 πῶς
2948 630 3267 701 προσκυνῶν
3306 627 3433 688 τοὺς
3474 623 3758 695 δεσπότας,

349 715 486 788 μετᾶ
527 722 628 783 τῆς
684 712 854 783 δεξιᾶς
908 714 1094 787 χειρὸς
1147 714 1411 779 ὀπισθίως
1628 716 1814 789 κρούει
1854 716 1917 770 τὸ
1965 717 2161 789 βῆλον,
2212 717 2301 771 καὶ
2343 715 2431 770 διὰ
2476 722 2573 772 τοῦ
2625 716 2802 793 βήλου
2853 718 2956 773 ὕπὸ
3005 724 3111 773 τῶν
3165 716 3543 793 σιλεντιαρίων
3599 738 3762 790 συρο-

354 803 515 877 μένου
559 805 669 875 (97)
717 801 1020 878 εἰσάγονται
1067 804 1124 857 οἱ
1168 805 1586 880 προειρημένοι,
1638 807 1727 861 καὶ
1776 806 2104 876 ἀσπάζονται
2157 808 2248 861 καὶ
2304 807 2486 875 αὐτοὶ,
2534 808 2625 862 καὶ
2682 805 2849 862 πάλιν
2897 806 3093 878 ἐξίασιν
3148 809 3228 868 εἷς
3276 808 3393 862 καθ’
3426 798 3507 869 εἷς
3532 808 3644 879 (98)
3689 804 3758 861 δι’

347 897 413 962 ἧς
445 893 611 962 ἦλθον
646 891 798 949 ὁδοῦ.

419 984 525 1039 III'.
567 984 672 1039 Καὶ
717 984 856 1054 μετᾶ
903 987 1072 1039 ταῦτα
1125 982 1429 1040 ἀνίστανται
1480 976 1539 1041 ὀἱ
1590 984 1867 1056 δεσπὸται,
1915 985 2007 1042 καὶ

344 1069 595 1145 αἵρουσιν
655 1073 707 1127 οἱ
764 1067 1225 1148 κουϐικουλάριοι
1263 1073 1330 1128 τὰ
1383 1073 1596 1145 σελλέα,
1651 1074 1743 1130 καὶ
1783 1077 2003 1130 ἱστῶσιν

341 1159 481 1214 αὐτὰ
530 1158 609 1223 εἷς
654 1161 754 1229 τήν
797 1159 857 1215 ἐκ
903 1166 1093 1215 κισσοῦ
1137 1161 1228 1216 καὶ
1278 1161 1542 1239 μυῤῥίνης
1594 1164 1684 1218 καὶ
1726 1161 2005 1239 δενδρολι-

347 1243 519 1302 ϐἀνου
562 1249 1061 1323 κατεσκευασμένην
1122 1249 1177 1304 ἐν
1245 1248 1375 1306 εἴδει
1435 1257 1533 1307 τοὺ
1579 1257 1677 1307 ταῦ
1727 1252 2006 1327 στοιχείου

345 1340 508 1410 φῖναν
557 1339 676 1411 (99)
725 1338 776 1392 ἐν
827 1339 907 1409 τῷ
958 1339 1108 1410 μέσῳ
1155 1342 1253 1393 τοῦ
1316 1339 1480 1395 αὐτοῦ
1546 1340 1850 1416 τρικλίνου.
1902 1343 2005 1398 Καὶ

346 1425 448 1478 εἶθ’
516 1423 691 1487 οὕτως
758 1421 1022 1499 λαμϐάνει
1088 1429 1255 1481 πάλιν
1328 1433 1501 1501 νεῦμα
1553 1431 1581 1483 6
1648 1431 2006 1504 πραιπόσιτος

338 1514 493 1588 παρᾶ
523 1518 621 1567 τοῦ
665 1509 948 1583 δεσπότου,
998 1517 1087 1571 καὶ
1141 1514 1442 1592 εἰσέρχεται
1492 1518 1653 1591 μέσον
1702 1525 1805 1587 τῆς
1835 1518 2004 1587 αὐτῆς

340 1604 529 1680 φίνας,
576 1604 668 1658 καὶ
727 1609 1023 1678 προσκυνεῖ
1070 1604 1495 1684 σχηματοειδῶς
1536 1612 1677 1675 πῶς,
1724 1608 1815 1662 καὶ
1864 1607 2005 1683 ἐξέρ-

342 1711 504 1767 χεται
554 1697 653 1747 τοῦ
698 1692 1003 1770 εἰσαγαγεῖν
1053 1694 1120 1749 τὰ
1170 1694 1341 1768 βῆλα.
1374 1695 1479 1752 Καὶ
1527 1696 1823 1769 συνεξίασιν
1861 1696 2008 1769 αὐτῷ

342 1781 434 1835 καὶ
470 1783 522 1835 οἱ
556 1778 654 1836 δύο
683 1782 975 1856 ὀστιάριοι,
1007 1783 1099 1837 καὶ
1144 1782 1392 1839 ἵστανται
1423 1782 1634 1849 ἔνδοθεν
1663 1790 1764 1840 τοῦ
1799 1787 1999 1861 βήλου,

343 1871 435 1924 καὶ
476 1871 505 1924 6
556 1871 640 1932 εἷς
779 1871 983 1941 αὐτῶν,
1034 1873 1201 1946 ἤγουν
1254 1873 1282 1927 6
1333 1870 1526 1945 δεξιὸς,
1565 1878 1876 1947 προσκυνῶν
1912 1874 2002 1929 καὶ

346 1958 511 2020 αὐτὸς
559 1957 988 2035 σχηματοειὸὦς
1044 1981 1159 2023 πως
1210 1962 1338 2024 τοὺς
1383 1958 1667 2036 δεσπότας,
1698 1962 1788 2018 καὶ
1829 1962 2001 2024 οὕτως

353 2048 490 2121 μετὰ
539 2055 642 2118 τῆς
711 2046 883 2119 δεξιᾶς
951 2050 1139 2125 χειρὸς
1195 2049 1458 2114 όπισϐίως
1524 2051 1713 2124 κρούει
1776 2051 1844 2106 τὰ
1908 2049 2003 2106 δύο

354 2133 527 2209 βῆλα.
580 2136 649 2191 Οἱ
713 2131 771 2188 δὲ
825 2133 1184 2212 σιλεντιάριοι
1243 2137 1465 2213 σύρουσι
1516 2135 1689 2212 διχῶς
1733 2139 1800 2193 τὰ
1835 2136 2003 2213 βῆλα,

354 2224 478 2276 οἷον
542 2220 691 2295 ’δεξιᾷ
746 2223 835 2278 καὶ
883 2223 1154 2299 ἀριστερᾷ,
1199 2226 1290 2280 καὶ
1344 2225 1648 2302 εἰσέρχεται
1696 2228 1723 2282 6
1767 2229 2005 2298 πραιπό-

359 2331 544 2379 σιτος,
587 2312 1022 2385 προπορεόμενος
1057 2316 1126 2378 τῆ
1175 2315 1321 2385 τάξει
1368 2319 1477 2370 τῶν
1508 2337 1567 2370 τε
1594 2318 1640 2352 ⁴³
1692 2318 2006 2393 μαγίστρων

362 2398 460 2453 καὶ
511 2399 847 2467 ἀνθυπάτων,
895 2403 1057 2477 ἤγουν
1105 2408 1213 2458 τῶν
1266 2405 1577 2481 φορούντων
1626 2404 1753 2467 τούς
1799 2402 2010 2461 δώδεκα

372 2488 816 2567 χρυσοϋφάντους
878 2489 1087 2565 λώρους
1285 2493 1383 2547 Καὶ
1429 2494 1457 2547 6
1509 2493 1604 2567 μὲν
1652 2494 2010 2568 πραιπόσιτος

367 2577 585 2631 ἱσταται
615 2577 691 2639 εἷς
719 2578 808 2633 τὸν
850 2576 984 2635 ἴδιον
1028 2581 1223 2648 τόπον,
1264 2581 1472 2644 ὀποίως
1511 2581 1604 2637 καί
1643 2584 1695 2637 οἱ
1741 2583 2009 2658 ὀστιάριοι

2186 987 2392 1043 XVIII.
2421 991 2627 1044 Postea
2655 993 2903 1058 surgunt
2934 989 3486 1061 domini,sellasque
3502 987 3761 1045 sublatas

2115 1076 2453 1132 cubicularii
2505 1076 2562 1130 in
2607 1078 2850 1146 particu,
2901 1093 2968 1132 ex
3014 1077 3242 1146 hedera,
3290 1078 3545 1147 myrrha,
3598 1078 3758 1148 ligno

2116 1165 2330 1235 thuris,
2362 1181 2429 1221 ea
2460 1167 2670 1230 forma,
2693 1182 2870 1236 quam
2895 1165 3147 1222 litteraT
3183 1167 3375 1233 habet,
3423 1171 3762 1222 constructa

2116 1254 2176 1308 in
2209 1254 2397 1310 medio
2427 1255 2557 1324 ejus
2588 1253 2848 1320 triclinii,
2874 1253 3180 1309 collocant.
3210 1254 3437 1310 Rursus
3486 1258 3696 1310 nutum
3728 1270 3762 1308 a

2117 1342 2353 1399 domino
2404 1342 2745 1414 praepositus
2793 1343 3024 1413 accipit,
3062 1343 3430 1413 mediamque
3470 1342 3774 1412 porticum~

2114 1435 2386 1490 decenter
2402 1451 2464 1490 se
2500 1438 2869 1505 prosternens
2904 1434 3101 1501 intrat,
3129 1441 3258 1505 post
3277 1434 3758 1488 adducendorum

2114 1521 2374 1577 velorum
2408 1538 2587 1577 causa
2602 1522 2918 1592 egreditur.
2945 1520 3073 1577 Una
3102 1537 3235 1575 cum
3259 1521 3385 1592 ipso
3401 1522 3515 1576 duo
3533 1519 3759 1576 ostiarii

2115 1614 2347 1674 exeunt,
2398 1611 2666 1681 intraque
2706 1611 2899 1664 velum
2950 1609 3304 1675 subsistunt,
3354 1610 3453 1664 I5
3504 1622 3757 1681 quorum

2117 1714 2271 1754 unus
2301 1700 2371 1753 ad
2412 1700 2673 1753 dextram
2704 1698 3078 1762 constitutus,
3112 1697 3381 1752 decenter
3430 1696 3622 1753 coram
3656 1697 3757 1751 do-

2117 1787 2294 1843 minis
2326 1788 2676 1858 procumbit,
2709 1788 2938 1858 duoqne
2986 1787 3112 1843 vela
3150 1787 3349 1840 dextra
3382 1801 3557 1840 manu
3605 1788 3757 1841 retro

2109 1877 2323 1948 pulsat.
2382 1875 2705 1931 Silentiarii
2743 1880 2937 1930 autem
2997 1883 3329 1944 utrumque,
3390 1876 3759 1929 dextrorsum

2113 1966 2339 2023 scilicet
2385 1973 2442 2021 et
2494 1965 2918 2028 sinistrorsum,
2971 1963 3098 2019 vela
3134 1964 3456 2028 reducunt,
3497 1966 3554 2019 et
3582 1960 3762 2019 intrat

2117 2053 2488 2126 praepositus,
2522 2068 2623 2123 pro
2656 2053 2918 2108 muneris
2948 2053 3040 2107 sui
3073 2052 3357 2124 dignitate
3379 2052 3690 2123 magistros
3710 2055 3765 2107 et

2120 2142 2501 2214 proconsules
2532 2157 2633 2196 seu
2667 2140 2971 2195 duodecim
2993 2141 3112 2195 lora
3143 2156 3285 2195 auro
3308 2139 3524 2194 intexta
3542 2145 3767 2211 gestan-

2120 2236 2209 2287 tes
2242 2233 2596 2302 praecedens.
2638 2233 2706 2284 Et
2735 2230 2784 2284 is
2814 2228 3052 2299 quidem
3084 2244 3245 2300 asque
3277 2246 3341 2284 ac
3372 2228 3596 2284 ostiarii
3641 2228 3767 2285 loco

2123 2336 2230 2377 suo
2261 2326 2395 2387 stat,
2422 2318 2688 2390 magistri
2721 2333 2853 2373 vero
2885 2333 2950 2372 ac
2980 2317 3190 2387 reliqui
3237 2317 3505 2373 dominos
3539 2324 3596 2372 ut
3640 2333 3768 2372 mos

2120 2416 2213 2466 est
2259 2407 2647 2464 osculantur:
2709 2406 2965 2478 primum
3017 2405 3248 2476 quidem
3305 2421 3499 2476 genua
3546 2420 3767 2473 eorum,

2119 2497 2331 2555 deinde
2363 2513 2597 2563 manus,
2633 2502 2827 2566 postea
2856 2509 2942 2563 os,
2974 2495 3288 2565 dextraque
3309 2500 3367 2549 et
3387 2495 3630 2549 sinistra
3666 2509 3762 2548 se-

2120 2586 2382 2642 cundum
2412 2584 2672 2640 ordinem
2698 2599 2870 2638 suum
2906 2587 3120 2638 astant.

361 2663 580 2720 ’ἵσταται
630 2667 704 2728 εἰς
757 2667 881 2730 τοὺς
940 2667 1113 2733 ἰδίους
1166 2671 1389 2738 τόπους,
1452 2673 1503 2725 οἱ
1558 2669 1615 2726 δὲ
1671 2674 1958 2749 μάγιστροι
2006 2676 2097 2730 καὶ
2151 2676 2204 2729 oi.
2262 2673 2450 2728 λοιποὶ
2504 2672 2833 2741 ἀσπάζονται
2890 2671 3026 2725 κατὰ
3072 2670 3241 2725 τύπον
3287 2676 3403 2733 τοῖς
3455 2667 3763 2731 δεσπόταις·

361 2759 584 2829 πρῶτον
620 2757 715 2828 μὲν
744 2762 859 2819 τοῖς
890 2758 1064 2813 αὐτῶν
1096 2759 1308 2833 γόνασι,
1339 2758 1520 2815 ἔπειτα
1548 2762 1639 2815 καὶ
1669 2767 1786 2824 ταῖς
1838 2764 2049 2837 χερσὶν,
2099 2763 2190 2818 καὶ
2236 2762 2331 2817 εἷθ’
2380 2760 2551 2823 οὕτως
2601 2761 2679 2832 τῷ
2729 2760 2960 2833 στόματι
2992 2764 3085 2831 (2),
3117 2760 3207 2814 καὶ
3239 2758 3473 2815 ἵστανται
3505 2757 3651 2830 δεξιᾷ
3678 2759 3768 2813 καὶ

358 2842 619 2920 ἄριστερᾷ
646 2846 782 2902 κατά
808 2846 900 2909 τὰς
931 2847 1135 2910 οἰκείας
1164 2849 1359 2918 τάξεις.

441 2938 546 2992 ΙΘ“.
618 2938 717 2994 Καὶ
782 2937 949 2993 πάλιν
1019 2938 1294 3014 ἐξέρχεται
1352 2941 1380 2994 6
1447 2943 1806 3015 πραιπόσιτος
1854 2942 1904 2997 ἐν
1943 2949 2020 3015 τῷ

366 3023 521 3097 αύτῷ
574 3028 824 3100 σχήματι
869 3027 1004 3100 μετὰ
1056 3033 1165 3082 τῶν
1206 3027 1382 3083 αὐτῶν
1426 3029 1738 3104 όστιαρίων,
1776 3032 1865 3085 καὶ
1907 3031 2019 3086 εἰσ-

359 3110 624 3189 έρχονται
664 3116 828 3171 πάλιν
882 3118 933 3170 οἱ
992 3113 1086 3201 δύο
1147 3115 1411 3192 όστιάριοι
1453 3120 1629 3181 καθὼς
1668 3120 2016 3194 προείρηται,

2202 2944 2342 3001 ΧΙΧ.
2368 2944 2578 2999 Eodem
2611 2942 2784 2999 modo
2817 2941 3167 3013 praepositus
3187 2959 3320 2996 cum
3341 2940 3599 2996 ostiariis
3629 2939 3773 3012 ipsis

2129 3032 2342 3088 iterum
2378 3031 2693 3105 egreditur,
2746 3046 2812 3087 ac
2842 3031 3033 3085 denuo
3082 3032 3196 3085 dno
3237 3029 3462 3085 ostiarii
3503 3034 3568 3083 ut
3596 3044 3773 3100 supra

2131 3124 2348 3177 dictum
2380 3125 2468 3176 est
2500 3121 2738 3185 intrant,
2770 3123 2828 3174 et
2854 3118 3124 3174 ostiarius
3147 3118 3219 3172 ad
3253 3118 3453 3174 lzevam
3482 3117 3768 3173 constitu-

351 3210 451 3257 καί
492 3202 701 3279 ἐνεργεῖ
758 3205 785 3258 6
847 3205 1102 3280 ἀριστερᾷ
1156 3205 1451 3278 ἱστάμενος
1528 3207 1804 3281 ὀστιάριος
1842 3209 2021 3270 καθὼς

2130 3217 2242 3275 tus,
2281 3210 2498 3275 omnia,
2533 3225 2659 3279 quae
2690 3207 2760 3263 de
2799 3207 2980 3261 altero
3025 3207 3483 3277 observavimus,
3526 3206 3765 3277 peragit.

346 3292 447 3346 καὶ
509 3292 537 3346 6
595 3292 670 3353 εἷς
721 3293 789 3348 τὰ
845 3291 1012 3364 δεξιὰ,
1073 3293 1240 3368 ἤγουν
1305 3295 1379 3357 ὡς
1436 3295 1867 3372 προγέγραπται.
1910 3301 2009 3354 Καὶ

2125 3301 2336 3355 Eodem
2370 3315 2483 3368 quo
2517 3298 2769 3368 primum
2802 3296 2912 3351 ritu
2937 3296 3261 3352 secundum
3292 3296 3484 3351 velum
3536 3295 3768 3351 induci-

1736 3414 1982 3471 VARI/E
2021 3414 2320 3474 LECTION
2330 3414 2410 3469 ES

431 3520 482 3555 ⁴⁴
511 3524 620 3574 τῶν
654 3516 713 3574 δὶ
746 3541 807 3592 μ..
840 3522 931 3577 ed.

1421 3629 1623 3686 JOAN.
1665 3630 1810 3686 JAC.
1856 3631 2115 3687 REISKII
2154 3625 2719 3686 COMMENTARIUS

444 3739 562 3813 (96)
603 3739 767 3794 Manu
803 3747 958 3795 retro
996 3745 1115 3813 acta
1174 3742 1366 3813 pulsat
1412 3740 1629 3807 velum,
1676 3740 1838 3795 vultu
1877 3741 2022 3797 irre-

365 3817 551 3878 torto,
590 3816 646 3866 et
668 3825 900 3881 semper
929 3813 998 3865 ad
1033 3812 1438 3882 imperatorem
1473 3827 1771 3867 converso.

442 3883 564 3955 (97)
606 3882 693 3955 De
755 3882 1012 3955 [olorum
1055 3884 1230 3955 variis
1277 3883 1591 3955 generibus
1609 3899 1676 3955 ν.
1719 3899 1847 3954 quae
1897 3884 2024 3938 dico

365 3951 722 4028 θάμ’-303.
775 3951 967 4007 Potest
1015 3951 1312 4028 συρόμενον
1374 3951 1563 4028 βῆλονΔ
1607 3954 1700 4009 hic
1736 3951 1870 4008 esse
1925 3963 2024 4009 aut

366 4026 529 4097 quod
568 4025 809 4097 funibus
839 4026 1099 4097 attractis
1131 4025 1188 4097 in
1221 4025 1402 4081 altum
1445 4025 1688 4093 tollitur,
1741 4031 1842 4080 aut
1871 4030 2020 4097 quod

367 4095 427 4151 in
461 4098 697 4169 diversa
720 4095 1095 4169 distrahitur.
1130 4096 1294 4153 Conf.
1328 4115 1383 4169 p.
1420 4098 1505 4152 15.

446 4168 563 4238 (98)
615 4165 852 4232 νὶνίιίηι,
892 4182 1000 4220 non
1038 4178 1183 4238 Apost
1232 4165 1491 4224 alterum.
1560 4170 1644 4223 Ita
1702 4167 2026 4238 loquuntur

363 4233 502 4311 novi
537 4233 737 4311 Graeci,
765 4253 869 4311 pro
886 4238 1007 4311 καθ’
1035 4233 1150 4293 ἕνα.
1174 4239 1558 4311 Theophanes
1580 4233 1811 4310 quoque
1847 4238 2026 4294 habet

360 4309 488 4364 καθ’
519 4308 624 4368 εἷς.
658 4323 787 4380 pag.
815 4309 937 4381 105,
972 4312 1193 4365 omisso
1226 4308 1410 4381 primo
1443 4309 1546 4369 εἷς.

440 4358 1407 4452 ζου)ἱοῖὺ⁰ᾠ”ἱ]ἶιήὲέόὲξιὶιιῖό’ἓι”ᾱ
1445 4358 1670 4452 ᾗῗὲτε,
1734 4380 1829 4435 ubi
1892 4382 2020 4436 dico
2055 4358 2098 4422 Β

369 4452 561 4507 fuisse
593 4451 893 4522 pergulam
927 4456 995 4506 ait
1029 4451 1223 4507 instar
1260 4451 1530 4507 litteraa’T
1575 4454 1906 4519 formatam,
1941 4453 2025 4506 sic

374 4529 443 4579 ut
464 4539 681 4593 scapus
712 4522 839 4591 ejus
865 4528 1016 4595 esset
1062 4525 1182 4578 sive
1221 4530 1370 4579 teres
1428 4531 1603 4595 atque
1646 4524 2022 4595 cylindricrus,

373 4596 498 4650 sive
529 4594 705 4648 etiam
758 4593 1102 4662 quadratus,
1137 4595 1294 4649 intus
1343 4593 1538 4659 cavus,
1592 4593 1794 4665 inquo
1841 4594 2022 4648 scdpri

416 4671 599 4733 esset,
631 4680 662 4719 e
691 4680 806 4735 quo
833 4680 1006 4735 scapo
1036 4668 1260 4720 exirent
1290 4668 1348 4721 in
1383 4668 1676 4721 diversum
1710 4668 1824 4719 duo
1870 4665 2026 4720 velut

416 4684 599 4733 esset,
631 4684 662 4719 e
691 4684 806 4733 quo
833 4684 1006 4735 scapo
1036 4684 1260 4720 ειη-θοι
1290 4684 1348 4721 ιι]
1383 4684 1676 4721 diversum
1710 4684 1824 4719 auo
1870 4684 1953 4719 vei

375 4684 621 4792 Brachia
654 4734 926 4804 oblonga,
960 4736 1065 4790 sub
1098 4738 1308 4806 quibus
1340 4737 1702 4792 deambulari
1739 4742 1953 4804 posset.

444 4809 524 4877 (1)
559 4810 634 4862 Ut
656 4807 715 4860 in
748 4806 893 4860 festo
926 4806 1226 4862 Paschatis
1265 4809 1569 4863 duodecim
1604 4809 1825 4875 patricii
1873 4808 2025 4861 loros

372 4879 714 4949 gestabant,
746 4878 1212 4949 adreterendam
1256 4880 1562 4935 imaginem
1598 4878 1902 4933 duodecim
1940 4880 2025 4931 di-

382 4947 747 5018 scipulorum
806 4947 1039 5016 Christi,
1090 4952 1258 5018 cujus
1328 4967 1627 5020 personam
1715 4951 2028 5020 imperator

372 5020 726 5083 sustinebat,
761 5021 1252 5091 quemadmodum
1299 5038 1328 5075 e
1377 5021 1564 5075 Nostri
1598 5020 1636 5074 Ι.
1675 5037 1735 5075 ιι.
1780 5037 1905 5089 cap.
1938 5021 2029 5086 40,

373 5098 609 5149 constat
639 5108 652 5145 :
689 5091 772 5145 ita
804 5107 873 5145 ex
904 5091 1010 5146 hoc
1042 5091 1167 5147 loco
1198 5093 1496 5161 discimus,
1531 5096 1674 5146 testo
1701 5091 2029 5146 Nativitatis

373 5163 589 5221 Christi
610 5164 670 5216 in
705 5162 839 5215 aula
863 5163 1174 5232 Byzantina
1198 5164 1522 5217 exbibitum
1550 5164 1726 5216 fuisse
1759 5163 2028 5216 eumdem

373 5236 650 5291 mimum.
721 5232 963 5287 Multum
1021 5234 1288 5302 thymelae
1340 5234 1652 5289 admistum
1714 5241 1839 5287 erat
1896 5239 2031 5286 tunc

372 5307 662 5378 temporis
694 5303 877 5378 cultui
906 5304 1213 5378 divino,_et
1259 5306 1529 5360 videntur
1560 5305 1673 5378 ipsi
1713 5305 1812 5378 ill_i_
1847 5320 2032 5378 sacer-

2133 3739 2352 3819 bu‘sMDu
2381 3739 2574 3819 Gange
2603 3734 2794 3819 Gloss.
2821 3735 2937 3789 Lat.
2959 3750 3009 3789 ν.
3042 3735 3276 3790 Festum.

2207 3809 2282 3881 (2)
2316 3805 2634 3881 Rarissime
2673 3806 2819 3862 alias
2852 3822 3223 3881 concessum,
3249 3809 3315 3881 ut
3347 3822 3612 3881 proceres
3659 3805 3776 3881 im-

2132 3877 2421 3953 peratoris
2471 3880 2693 3953 labium
2732 3877 3162 3953 osenlarentur,
3213 3877 3777 3953 obusanctimoniam

2133 3949 2281 4019 festi,
2314 3953 2387 4008 ob
2426 3968 2598 4023 quam
2629 3950 2950 4023 imperator
2981 3966 3109 4005 sese
3143 3949 3506 4013 humiliabat,
3542 3955 3602 4004 et
3643 3964 3779 4019 pro-

2132 4039 2292 4079 ceres
2323 4022 2461 4079 suos
2477 4022 2589 4079 sibi
2611 4022 2877 4092 aequabat
2924 4026 2981 4075 et
3038 4038 3140 4091 pro
3181 4024 3457 4075 fratribus
3504 4035 3779 4089 agnosce-

2131 4095 2253 4162 bat,
2331 4091 2779 4150 concedebatur.
2829 4091 3061 4147 Veteres
3103 4092 3336 4163 quidem
3396 4093 3779 4159 imperatores

2133 4168 2377 4221 Romani
2400 4166 2683 4231 solebant,
2745 4163 3011 4234 quamvis
3043 4180 3156 4217 non
3217 4179 3439 4228 omnes,
3486 4167 3776 4225 senatum,

2131 4243 2188 4291 et
2215 4242 2347 4293 ante
2377 4253 2578 4292 omnes
2632 4238 2963 4306 praefectum
3015 4234 3279 4303 praetorio
3325 4234 3596 4306 osculari,
3628 4242 3701 4306 ut
3748 4249 3780 4288 e

2130 4308 2336 4380 Script.
2372 4308 2521 4364 llist.
2546 4305 2697 4376 Aug.
2730 4311 2772 4361 t.
2804 4306 2848 4380 Ir,
2877 4323 2934 4380 p_.
2979 4306 3086 4359 297
3109 4377 3116 4380 _
3137 4311 3378 4380 constat.
3429 4305 3781 4380 Procedente

2133 4377 2321 4433 autem
2358 4386 2623 4451 tempore
2656 4394 2768 4432 non
2805 4377 3026 4451 licebat,
3064 4377 3173 4431 nisi
3209 4379 3278 4433 ad
3314 4392 3611 4451 summum
3645 4378 3782 4451 deit-

2133 4456 2284 4505 tram
2334 4447 2664 4505 mam'illam
2727 4447 3006 4512 osculari,
3090 4454 3190 4501 aut
3261 4464 3494 4517 genam,
3546 4450 3595 4502 si
3653 4449 3785 4517 quis

2134 4522 2402 4575 maximae
2463 4520 2771 4592 dignitatis
2826 4518 3397 4592 ess_et_._fPatriarcha
3442 4525 3672 4592 tamen
3732 4525 3787 4592 et

2130 4592 2450 4662 imperator
2482 4588 2592 4646 sibi
2632 4590 2880 4662 invicem
2902 4588 3082 4662 labiis
3107 4591 3294 4646 oscula
3323 4591 3600 4661 ﬁgebant,
3628 4590 3784 4661 quod

2134 4660 2419 4723 hicillum
2454 4681 2555 4734 pro
2584 4670 2744 4734 patre
2769 4660 3083 4734 spirituali,
3114 4666 3170 4734 et
3197 4662 3293 4716 ille
3326 4660 3482 4718 hunc
3515 4678 3617 4734 pro
3650 4660 3786 4716 iﬁlio

2133 4731 2493 4807 agnosceret.
2526 4731 2684 4807 ,Tale
2742 4731 3006 4807 osculum
3050 4732 3325 4807 lqbrajam
3363 4731 3783 4807 appellabatur.

2135 4799 2353 4878 Glossae
2390 4824 2404 4862 :
2439 4806 2760 4878 Labr-ctum,
2810 4799 3029 4878 φίλημα
3074 4799 3416 4877 βασιλικὸνη-
3443 4799 3784 4878 ’ἀσπαστικόν

2176 4875 2431 4935 ασιλὲως.
2468 4877 2788 4931 Salmasius
2824 4875 3038 4930 tamen
3076 4875 3149 4930 ad
3193 4878 3315 4931 Scr.
3352 4881 3418 4930 Η.
3454 4882 3520 4932 Α.
3546 4882 3587 4929 t.
3620 4876 3691 4936 II,
3727 4891 3781 4942 p.

2173 4952 2243 5005 86
2273 4949 2441 5004 aliter
2470 4948 2727 5014 exponit.
2757 4944 2892 5002 Vid.
2946 4947 3173 5002 Selden.
3217 4950 3311 5002 Tit
3378 4946 3522 5000 lion.
3554 4949 3596 5009 Ι,
3632 4962 3685 5014 p.
3716 4943 3788 4998 53

2138 4965 2243 5006 orso
2273 4965 2441 5004 aliter
2470 4965 2536 5002 ex
2584 4965 2727 5001 onit.
2769 4965 2892 5002 Via.
2946 4965 3173 5002 aeiuen.
3217 4965 3311 5002 'I'lt
3378 4965 3522 5000 non.
3554 4965 3596 5009 ι,
3632 4965 3685 5014 ρ.
3716 4965 3788 4998 oo

2138 5037 2289 5092 sqq.,
2323 5021 2417 5075 ubi
2454 4965 2650 5074 multis
2683 5020 2779 5092 de
2802 5020 3003 5092 osculo
3052 5019 3505 5092 imperatoribus
3555 5018 3788 5092 dato_et

2139 5085 2386 5162 ab'ipsis
2432 5097 2664 5162 accepto
2691 5088 2827 5159 agit.
2861 5090 3009 5159 '[Les
3041 5085 3456 5162 Pairsibalsent
3485 5089 3533 5138 le
3556 5091 3660 5139 roi.
3683 5085 3790 5138 Ce-

2140 5157 2361 5220 remon.
2423 5166 2492 5216 de
2541 5157 2778 5224 France,
2820 5157 2959 5231 LII,
3018 5178 3069 5228 p.
3115 5161 3266 5231 28.]'
3306 5157 3560 5231 Nempe
3585 5169 3790 5231 recens

2139 5238 2502 5292 coronatum.
2540 5232 2834 5285 Arnoldus
2858 5224 3240 5284 Luheccensis
3277 5230 3343 5288 ll,
3380 5224 3481 5276 15;
3520 5227 3615 5276 Est
3635 5236 3789 5291 qum-

2140 5307 2268 5362 dam
2307 5305 2654 5360 detestabilis
2683 5300 3007 5355 consuetudo
3057 5302 3176 5368 regi
3223 5306 3561 5366 Graecorum,
3614 5303 3672 5345 ut
3713 5307 3793 5368 os-

2140 5361 2335 5433 culum
2365 5372 2722 5430 salutationis
2750 5371 2897 5423 nulli
2947 5361 3177 5440 οῇινᾰι,
3227 5368 3318 5421 sed
3358 5361 3676 5429 guimmque
3719 5361 3797 5438 [ιι-

2139 5448 2285 5504 ciem
2337 5447 2457 5513 ejus
2500 5445 2703 5513 videre
2750 5444 3013 5513 meretur,
3066 5441 3410 5513 incurvatus,
3442 5445 3637 5513 genua
3680 5443 3802 5513 eius

2144 5505 2442 5575 osculatur.
2477 5516 2628 5582 Quod
2674 5505 3131 5582 Cernimus—rex
3158 5508 3222 5582 qb
3273 5505 3801 5582 ἡστιρνζεῗῂηίτηηεζξῖ

2145 5571 2369 5645 cumino
2399 5571 2795 5640 ἀρεὲεισὺιιίυν.
2833 5576 2911 5628 De
2940 5577 3120 5627 variis
3169 5571 3584 5645 imperatorem
3633 5578 3799 5615 oscu-

2148 5642 2304 5715 landi
2342 5659 2529 5710 modis
2553 5652 2642 5722 egi
2675 5661 2907 5716 quoque
2933 5647 3001 5695 ad
3038 5659 3164 5712 pag.
3189 5642 3314 5695 240.

376 5374 564 5444 dotes,
599 5377 702 5448 qui
739 5374 905 5429 hodie
952 5375 1251 5445 tymeliros
1295 5374 1708 5430 communione
1758 5374 2031 5448 Christia-

383 5446 814 5505 norum‘vivos
872 5452 1250 5517 mortuosque
1298 5456 1514 5515 arcent,
1546 5463 1611 5501 eo
1666 5452 1925 5517 tempore
1978 5446 2033 5499 in

382 5522 523 5592 ipsis
555 5521 755 5587 adytis
787 5532 906 5592 suae
939 5516 1523 5592 religionisdramnta
1540 5518 1748 5587 egisse,
1784 5533 2033 5592 quorum

387 5586 493 5649 nos
514 5586 695 5646 hodie
728 5588 931 5660 pudet.
966 5586 1365 5655 Recogitemus
1397 5591 1569 5645 modo
1596 5592 1803 5643 festum
1830 5587 2037 5660 stulto-

384 5681 533 5729 rum,
571 5656 794 5720 festu'm
831 5656 1180 5728 palmarum,
1208 5661 1417 5715 festum
1451 5676 1772 5719 ttStllortlm,
1806 5660 1874 5711 de
1905 5658 2036 5726 qui-
