4154 6302
446 414 558 477 187

1517 411 2034 475 CONSTANTINI
2083 407 2771 472 PORPHYROGENITI

3734 404 3853 466 188

443 549 561 612 tur,
596 544 972 616 proconsules
1005 543 1224 600 scilicet
1254 547 1310 599 et
1341 541 1566 615 patricii
1598 543 1656 598 in
1685 543 1806 599 suis
1827 543 2087 598 camisiis

2205 540 2507 612 εἰσάγονται
2546 540 2680 594 κατὰ
2728 541 2788 593 τὸ
2845 540 3059 611 πρῶτον
3121 544 3316 610 σχῆμα
3355 533 3600 609 δεύτερον
3646 529 3848 608 βῆλον,

447 635 713 706 albisque
736 635 949 690 tunicis
991 633 1168 689 clavis
1211 635 1403 688 aureis
1451 633 1692 698 ornatis,
1727 632 1826 703 qui
1871 638 1927 686 et
1976 633 2086 703 ipsi

445 724 716 779 dominos
742 723 1105 787 osculantur,
1162 725 1216 774 et
1265 721 1335 774 ad
1385 722 1646 775 dextram
1691 727 1747 775 et
1791 720 2087 775 sinistram

450 813 560 868 sub
593 812 688 878 iis,
721 811 821 881 qui
854 827 1026 866 aurea
1053 810 1176 864 lora
1211 811 1423 878 ferunt,
1463 815 1675 864 astant.
1724 810 1948 864 Rursus
1996 825 2090 864 eo-

449 901 582 954 dem
628 915 743 969 quo
794 914 967 968 supra
1012 896 1382 952 ostendimus
1433 898 1547 952 ritu
1598 897 1934 969 praepositus
1978 899 2094 952 exit

450 989 685 1043 tertium
716 986 928 1054 velum,
960 985 1462 1055 protospatbarios
1494 995 1547 1041 et
1578 987 1880 1052 officiales,
1916 987 2094 1041 addu-

451 1081 672 1144 cturus,
704 1075 804 1145 qui
835 1080 892 1129 et
922 1074 1035 1144 ipsi
1062 1074 1328 1130 dominos
1361 1075 1718 1143 osculantur,
1750 1075 1926 1146 inque
1957 1075 2094 1130 dex-

450 1171 536 1221 tro
568 1170 624 1220 et
655 1164 894 1220 sinistro
926 1163 1103 1218 latere
1131 1165 1237 1218 sub
1271 1166 1528 1219 secundo
1557 1165 1682 1220 velo
1704 1170 1914 1219 astant.
1939 1163 2095 1220 Post-

450 1255 558 1310 hac
593 1255 792 1309 eodem
830 1253 942 1308 ritu
978 1267 1044 1308 ac
1068 1253 1326 1307 diximus
1349 1253 1556 1308 iterum
1591 1255 1936 1324 praepositus
1957 1254 2091 1324 exit,

449 1348 507 1398 et
538 1349 812 1414 quartum
855 1341 1068 1407 velum,
1093 1359 1126 1396 a
1154 1342 1394 1396 secretis
1433 1346 1489 1397 et
1532 1343 1790 1398 notarios
1840 1349 2090 1398 secreto-

452 1448 600 1501 rum,
633 1431 894 1496 adducit,
929 1430 1026 1502 qui
1060 1429 1230 1484 etiam
1282 1431 1574 1495 dominos,
1617 1433 1687 1486 ad
1728 1432 1984 1486 dextram
2039 1437 2094 1486 et

450 1520 751 1576 sinistram
783 1520 893 1574 sub
920 1519 1029 1574 veli
1061 1519 1212 1573 tertii
1235 1520 1435 1574 ordine
1467 1524 1708 1588 stantes,
1733 1520 2086 1576 osculantur.

2200 627 2252 682 ο⁹ί
2289 647 2348 683 τε
2387 627 2681 691 ἀνθύπατοι
2724 629 2813 682 καὶ
2865 629 3140 703 πατρίκιοι
3185 623 3320 698 μετᾶ
3358 629 3466 680 τῶν
3511 625 3711 678 ἑαυτῶν
3751 645 3848 677 κα-

2207 718 2418 790 μησίων
2448 719 2538 771 καὶ
2566 721 2671 772 τῶν
2698 716 2904 772 λευκῶν
2925 712 3324 794 χρυσοτάϐλων
3349 707 3651 790 χλανιδίων
3677 715 3719 749 ’⁸⁵
3744 715 3850 786 (3),

2199 807 2289 861 καὶ
2329 807 2660 874 ἀσπάζονται
2699 807 2788 861 καὶ
2829 805 2982 861 αὐτοὶ
3029 806 3155 867 τοὺς
3198 803 3484 874 δεσπότας,
3528 801 3616 857 καὶ
3655 801 3851 857 ’ἔσταν-

2200 912 2289 950 ται
2331 893 2475 965 δεξιᾷ
2505 897 2592 948 καὶ
2638 895 2890 968 ἀριστερᾷ
2932 894 3190 949 ὑποκάτω
3238 898 3343 948 τῶν
3375 892 3689 972 φορούντων
3720 893 3856 950 τοὺς

2204 988 2442 1062 χρυσοῦς
2487 983 2720 1057 λώρους.
2765 984 2861 1037 Καὶ
2902 982 3068 1037 πάλιν
3113 981 3385 1056 ἐξέρχεται
3427 982 3454 1033 ὁ
3495 978 3856 1054 πραιπόσιτος

2205 1073 2255 1127 έν
2293 1077 2372 1143 τῷ
2411 1071 2559 1142 αὐτῷ
2600 1074 2848 1146 σχήματι
2879 1072 3057 1133 καθὼς
3100 1070 3190 1124 καὶ
3229 1070 3576 1143 προείρηται,
3619 1068 3704 1122 καὶ
3746 1068 3855 1122 εἷσ-

2202 1163 2317 1234 ἀγει
2356 1159 2401 1236 γ’
2445 1159 2646 1234 βῆλον,
2701 1161 2828 1224 τοὺς
2884 1158 3410 1234 πρωτοσπαθαρίους
3440 1159 3517 1230 (4)
3557 1158 3644 1210 καὶ
3687 1156 3857 1234 «teet-

2199 1251 2470 1321 κιαλίους,
2533 1251 2622 1304 καὶ
2686 1252 3011 1318 ἀσπαζονται
3068 1248 3157 1303 καὶ
3206 1249 3359 1302 αὐτοὶ
3399 1247 3524 1306 τοὺς
3567 1245 3852 1315 δεσπότας,

2201 1341 2291 1394 καὶ
2327 1339 2571 1394 ’ίστανται
2611 1337 2700 1394 καὶ
2737 1337 2891 1393 αὒτοί
2930 1336 3074 1409 δεξιᾷ
3094 1336 3182 1390 καὶ
3205 1335 3355 1390 αὐτοὶ
3398 1333 3523 1395 τοὺς
3565 1331 3851 1402 δεσπότας,

2198 1431 2294 1484 τοῦ
2335 1427 2587 1502 δευτέρου
2631 1429 2830 1502 βήλου,
2872 1427 2963 1481 καὶ
3004 1426 3167 1480 πάλιν
3217 1425 3348 1498 μετά
3376 1428 3538 1478 τοῦτο
3571 1421 3848 1496 ἐξέρχεται

2201 1520 2252 1573 ἐν
2290 1517 2368 1590 τῷ
2410 1519 2557 1590 αὐτῷ
2597 1519 2844 1590 σχήματι
2887 1518 2914 1571 ὁ
2954 1516 3318 1591 πραιπόσιτος
3355 1514 3536 1574 καθὼς
3576 1510 3666 1566 καὶ
3709 1531 3848 1586 προ-

448 1610 774 1684 γέγραπται,
831 1608 918 1660 καὶ
982 1605 1178 1681 εἰσάγει
1233 1603 1277 1660 δ’
1326 1605 1522 1681 βῆλον,
1581 1607 1708 1670 τοὺς
1761 1608 2072 1683 ἀσηκρῆτας
2127 1609 2215 1664 καὶ
2269 1608 2557 1682 νοταρίους
2607 1607 2654 1642 ⁴⁶
2709 1611 2817 1661 τῶν
2876 1605 3163 1682 σεκρέτων,
3220 1605 3309 1659 καὶ
3373 1604 3702 1672 ἀσπάζονται
3758 1603 3849 1656 καὶ

447 1697 602 1750 αὐτοὶ
659 1695 785 1758 τοὺς
833 1693 1113 1764 δεσπότας,
1162 1695 1251 1750 καὶ
1308 1695 1548 1751 ἳστανται
1607 1696 1695 1750 καὶ
1757 1697 1910 1751 αὐτοὶ
1979 1695 2122 1768 δεξιᾷ
2179 1700 2267 1752 καὶ
2320 1698 2574 1772 ἀριστερᾷ
2632 1695 2884 1752 ὑποκάτω
2941 1701 3043 1764 τῆς
3089 1696 3288 1767 τάξεως
3341 1696 3437 1748 τοῦ
3492 1691 3680 1767 τρίτου
3743 1693 3849 1765 βή-

450 1785 571 1842 λου.

518 1879 637 1933 ΧΧ.
670 1877 764 1932 Sic
789 1876 1065 1932 omnibus
1089 1876 1146 1930 in
1178 1876 1317 1932 locis
1347 1878 1471 1933 suis
1494 1878 1846 1947 constitutis,
1868 1894 2088 1949 praepo-

2279 1877 2357 1934 K'.
2404 1879 2500 1934 Καὶ
2541 1878 2756 1931 πάντων
2817 1875 3056 1931 στάντων
3112 1874 3188 1936 εἷς
3247 1873 3372 1934 τοὺς
3421 1870 3591 1936 ἰδίους
3629 1871 3853 1938 τόπους,

448 1967 600 2022 situs
628 1982 832 2021 canore
864 1973 919 2020 et
949 1966 1289 2021 harmonice
1323 1967 1459 2022 dicit
1493 1982 1550 2022 τα
1584 1967 1811 2022 Jubete.
1838 1967 2093 2023 »Omnes

449 2055 659 2112 deinde
700 2055 1066 2110 acelamant:
1114 2078 1134 2104 ι
1170 2057 1231 2110 In
1263 2056 1437 2128 longa
1494 2062 1550 2111 et
1599 2055 1788 2111 felicia
1828 2064 2088 2128 tempora

450 2143 603 2199 Deus
625 2144 851 2212 justam
878 2144 1246 2214 majestatem
1278 2150 1530 2200 vestram
1565 2145 1837 2200 inducat!
1873 2165 1900 2194 »
1943 2161 2085 2200 cun-

447 2233 674 2304 ctisque
699 2232 965 2302 egressis,
999 2236 1248 2302 surgunt
1281 2233 1523 2302 domini,
1574 2237 1630 2288 et
1661 2249 1937 2305 magnum
1989 2250 2085 2290 ac-

447 2322 708 2378 cubitum
729 2337 860 2376 cum
886 2321 1272 2392 praepositiset
1299 2321 2084 2378 cubiculariissolisintrant.

453 2413 519 2467 In
550 2410 840 2480 argenteis
870 2411 996 2480 ejus
1037 2409 1271 2464 triclinii
1322 2411 1613 2467 columnis
1664 2411 1786 2466 vela
1839 2428 2085 2483 suspen-

449 2500 952 2566 duntur,ne,dum
979 2498 2085 2571 lorainduuntdomini,conspiciantur:

449 2588 530 2643 ibi
560 2587 714 2641 enim
749 2591 1063 2640 mutatores
1096 2587 1346 2642 cubiculi
1371 2593 1425 2642 et
1456 2590 1756 2643 vestitores
1777 2605 1906 2642 cum
1945 2604 2088 2659 pra:-

450 2676 676 2747 positis,
701 2674 1094 2731 secundicerio
1143 2679 1200 2729 et
1256 2676 1627 2731 cubiculariis
1671 2677 1926 2731 dominis
1968 2678 2090 2732 lora

448 2766 722 2820 induunt.
784 2765 884 2819 10
943 2766 1066 2830 Quo
1120 2766 1268 2820 facto
1318 2766 1578 2820 coronati
1655 2784 1687 2821 a
1763 2767 2088 2838 praepositis

449 2854 669 2911 domini
705 2855 904 2909 dextra
935 2853 1209 2921 acaciam,
1243 2855 1481 2910 sinistra
1513 2869 1712 2911 cruces
1755 2871 1957 2912 aureas
1987 2873 2089 2928 ge-

449 2946 559 2999 mis
583 2951 636 3000 et
696 2945 1026 3012 margariris
1073 2949 1305 2998 ornatas
1363 2953 1626 3011 sumunt,
1686 2963 1938 3018 cumque
1989 2964 2090 3017 per

448 3033 664 3102 gradus
695 3032 1069 3087 accubituum
1129 3032 1575 3104 descenderunt,
1631 3033 1990 3090 manclavita:
2035 3043 2089 3091 et

2203 1965 2348 2040 λέγει
2393 1964 2481 2020 διὰ
2532 1967 2577 2002 ⁴⁷
2636 1966 2907 2036 νεύματος
2960 1967 3059 2018 τοῦ
3120 1961 3385 2018 δεσπότου
3427 1965 3455 2016 ὁ
3495 1961 3858 2036 πραιπόσιτος

2200 2054 2421 2127 εὐήχως
2475 2073 2594 2117 πως
2643 2054 2732 2108 καὶ
2801 2052 3162 2127 ἐναρμονίως·
3223 2075 3251 2103 ι(
3288 2051 3606 2106 Κελεῦσατε.
3639 2075 3666 2101 ››
3754 2048 3859 2105 Καὶ

2203 2143 2336 2216 μετᾶ
2373 2147 2534 2197 τοῦτο
2575 2141 2894 2216 ἐπεύχονται
2953 2141 3166 2196 πάντες·
3214 2165 3241 2191 ‹‹
3285 2140 3378 2202 Εἷς
3419 2135 3667 2200 πολλοὺς
3717 2139 3857 2213 χρό-

2198 2251 2323 2292 νους
2365 2232 2454 2286 καὶ
2496 2232 2732 2306 ἀγαθοὺς
2803 2231 2829 2285 ὁ
2897 2233 3028 2292 Θεὸς
3070 2229 3262 2306 ἀγάγοι
3303 2227 3404 2298 τὴν
3447 2227 3656 2283 δικαίαν
3700 2228 3856 2300 ὑμῶν

2202 2321 2513 2395 βασιλείανί
2552 2345 2578 2372 ››
2616 2320 2712 2376 Καὶ
2757 2322 2890 2394 μετὰ
2935 2321 2997 2375 τὸ
3034 2315 3258 2388 ἓκϐἧναι
3297 2320 3493 2380 πάντας
3534 2317 3850 2373 ἀνίστανται

2201 2411 2250 2464 οἱ
2292 2407 2568 2478 δεσπόται,
2612 2410 2702 2464 καὶ
2754 2409 3068 2483 ἀνέρχονται
3128 2406 3178 2462 ἐν
3236 2412 3317 2480 τῷ
3377 2404 3604 2480 μεγάλῳ
3645 2407 3846 2459 ἀκκουο

2201 2493 2335 2568 ϐίτῳ
2399 2500 2533 2570 μετὰ
2587 2503 2693 2552 τῶν
2752 2497 3124 2570 πραιποσίτων
3188 2493 3276 2551 καὶ
3342 2499 3449 2550 τῶν
3507 2498 3842 2549 κοιτωνιτῶν

2199 2587 2285 2640 καὶ
2334 2588 2532 2657 μόνιυν⁶
2590 2585 2642 2640 ἐν
2699 2590 2814 2646 τοῖς
2870 2585 2972 2660 γὰρ
3029 2583 3284 2660 ἀργυροῖς
3341 2586 3484 2639 κίοσι
3539 2587 3635 2638 τοῦ
3675 2583 3844 2637 αὐτοῦ

2200 2669 2523 2729 ἀκκουϐίτου
2580 2675 2872 2750 κρέμανται
2935 2673 3083 2750 βῆλα
3140 2675 3274 2750 πρὸς
3345 2676 3405 2728 τὸ
3466 2675 3542 2746 μὴ
3611 2674 3837 2746 ὁρᾶσθαι

2198 2766 2322 2826 τοὺς
2364 2762 2646 2834 δεσπότας,
2708 2765 2796 2820 ὅτε
2853 2761 3254 2818 ἐνδιδύσκονται
3305 2765 3432 2823 τοὺς
3492 2763 3727 2836 λώρους·
3783 2759 3837 2815 ἒν

2197 2854 2296 2928 γὰρ
2355 2858 2434 2925 τῷ
2510 2853 2657 2926 αὐτῷ
2731 2849 3038 2923 ἀκκουϐίτῳ
3093 2849 3335 2906 ἐνδύουσι
3393 2851 3517 2912 τοὺς
3579 2846 3840 2912 δεσπότας

2198 2943 2324 3004 τοὺς
2367 2942 2584 3017 λώρους
2625 2941 2678 2996 o'i
2715 2964 2773 2997 τε
2813 2944 2922 2996 ἀῶν
2956 2938 3272 3014 ἀλλαξίμων
3313 2944 3409 2995 τοῦ
3446 2935 3844 2994 κουϐουκλείου

2197 3033 2287 3086 καὶ
2331 3033 2380 3085 o't
2428 3033 2769 3106 βεστήτορες,
2835 3031 2969 3105 μετὰ
3023 3037 3133 3085 τῶν
3191 3028 3566 3105 πραιποσίτων
3615 3027 3704 3081 καὶ
3743 3032 3846 3082 τοῦ

1817 3133 2056 3188 VARl/E
2096 3127 2486 3188 LECTIONES
2559 3170 2562 3174 ι

515 3217 562 3251 ⁸⁵
591 3213 893 3290 χλανιδίων
926 3218 990 3273 R.
1025 3233 1094 3274 ex
1126 3233 1237 3273 scr.
1271 3221 1398 3274 cod.
1433 3216 1600 3292 χλανι
1629 3223 2022 3293 superscripto

2206 3216 2484 3293 χλανίδων
2514 3221 2605 3276 ed.
2681 3219 2726 3256 ⁴⁶
2765 3220 3108 3294 ἆσηκρήτους
3136 3238 3318 3292 νοταρ.
3363 3219 3453 3275 ed.
3533 3217 3576 3253 ⁸⁷
3608 3214 3757 3291 λέγει
3789 3213 3851 3270 δὲ

443 3301 532 3359 διὰ
561 3307 654 3362 ed.

1494 3407 1694 3464 JOAN.
1734 3409 1882 3466 JAC.
1925 3409 2179 3464 REISKII
2224 3371 2788 3464 COMMENTARIUS

549 3503 604 3570 3)
635 3501 714 3556 De
746 3502 951 3576 tablz'is,
987 3519 1084 3576 seu
1121 3510 1386 3572 praetexta
1430 3507 1514 3573 egi
1567 3508 1635 3561 ad
1672 3525 1726 3576 p.
1755 3507 1881 3562 255.
1925 3507 2098 3562 Chla—
2130 3509 2172 3574 C
2204 3511 2259 3562 et
2281 3507 2603 3576 accipiebat
2633 3507 2839 3561 libram
2866 3522 3076 3573 unam;
3110 3506 3250 3562 ibid.
3286 3523 3339 3576 p.
3389 3505 3510 3559 138.
3544 3505 3848 3574 Protospa-

457 3573 619 3646 nides
639 3575 831 3646 aureis
855 3575 1068 3629 tabulis
1105 3582 1392 3646 praetextas
1435 3577 1528 3632 hic
1579 3573 1871 3635 dicuntur.
1914 3584 2090 3633 Erant

455 3644 609 3720 enim
638 3645 783 3708 alia},
819 3662 944 3720 quae
979 3644 1321 3717 purpureas,
1351 3647 1497 3717 alias,
1531 3666 1658 3719 quae
1697 3653 2093 3720 segmentinas

454 3716 731 3790 haberent
765 3718 1018 3783 tabulas,
1049 3736 1144 3773 seu
1182 3716 1504 3790 praetextas.
1532 3716 1593 3774 l'n
1637 3716 1989 3777 membranis
2011 3730 2096 3776 est

500 3786 644 3865 λανι,
661 3783 1353 3865 _6_superimposito._'_Cum
1377 3792 1555 3865 igitur
1576 3801 1849 3865 accentus
1873 3809 2046 3865 super
2081 3812 2094 3844 ι

495 3860 711 3935 esit,_id
735 3859 1081 3935 argumento
1114 3862 1263 3935 mihi
1307 3859 1734 3935 οεῐξχλανιδίων
1786 3859 2093 3934 legendum

456 3947 601 3986 esse.
636 3930 698 3984 In
733 3930 1078 4006 lectionibus
1127 3933 1321 4006 dubiis
1370 3930 1550 3988 nostri
1602 3935 1818 3990 codicis
1844 3930 2094 4006 ‘respexi

456 4018 686 4074 semper
717 4002 785 4074 ad
813 4007 1141 4074 accentum,
1174 4004 1342 4071 cujus
1369 4007 1675 4074 praesentia
1705 4015 1808 4061 aut
1837 4002 2095 4060 absentia

459 4072 953 4144 mihisaapissime
985 4071 1090 4126 fuit
1135 4080 1324 4128 certus
1370 4071 1656 4144 'gnomon.
1697 4078 1759 4130 Si
1818 4077 2094 4132 librarius

458 4137 737 4216 χλανίᾲυν
773 4143 1050 4216 voluisset
1080 4144 1236 4211 dare,
1271 4137 1570 4201 accéntum
1615 4164 1730 4201 non
1782 4148 2092 4202 omisisset.

530 4213 606 4284 (4)
634 4214 862 4288 Tertius
896 4215 987 4288 hic
1037 4220 1159 4269 erat
1189 4221 1246 4269 et
1286 4232 1558 4288 summus
1607 4219 1818 4288 gradus
1868 4219 2098 4286 spatha-

461 4283 699 4361 riorum.
736 4285 912 4339 Primi
945 4294 1107 4361 erant
1149 4283 2096 4361 spatharii,tugmspatharoeandi-

461 4357 596 4421 dati,
658 4371 780 4427 seu;
819 4357 1098 4424 spatharii
1159 4361 1212 4411 et
1271 4359 1556 4414 candidati
1605 4357 1802 4427 simul,
1863 4360 2094 4416 tandem

461 4425 939 4501 protgospatbarii.
993 4428 1340 4484 Differebant
1386 4430 1446 4486 bi
1483 4438 1594 4486 tres
1623 4425 1854 4487 ordines
1885 4449 2095 4501 genere

459 4499 785 4579 vestituset
809 4513 1128 4579 armorum,
1163 4517 1288 4571 quas
1318 4502 1379 4579 in
1416 4505 1642 4573 pompis
1671 4499 1940 4573 publicis.
1975 4521 2096 4572 pro-

460 4569 844 4646 cessionibus,
902 4571 1080 4646 Circo,
1133 4569 1321 4628 coram
1361 4569 1705 4646 imperatore
1771 4569 2093 4645 gestabant.

461 4640 752 4720 Spatharii
776 4642 1081 4711 gestabant
1112 4650 1282 4720 scuta
1309 4650 1365 4699 et
1387 4640 1598 4720 hastas,
1624 4646 1710 4720 vel
1744 4640 1920 4720 etiam
1955 4648 2094 4701 dex-

461 4710 760 4794 trali‘aseu
791 4710 1085 4794 secures“;
1133 4710 1707 4786 spatbarocandidati
1757 4719 1981 4794 eadem,
2040 4723 2097 4773 et

462 4783 742 4860 candidas
774 4785 936 4860 et__in
971 4785 1116 4860 collo
1169 4783 1442 4858 torques:
1491 4789 1938 4860 protospatbarii
1971 4783 2095 4844 tor-

2205 3578 2380 3632 tharii
2412 3579 2664 3648 dignitas
2676 3583 2797 3632 erat
2828 3579 3048 3646 absque
3067 3577 3381 3643 iunctione,
3400 3583 3464 3630 ut
3479 3576 3840 3648 patriciatus.

2205 3652 2304 3725 sed
2339 3645 2548 3725 minor.
2587 3650 2793 3725 Script.
2831 3645 3234 3725 postheOph.
3269 3666 3301 3725 p
3355 3645 3694 3725 2_93.:fine.]‘
3726 3646 3848 3700 Ne-

2205 3723 2344 3787 scio,
2371 3721 2630 3791 possitne
2664 3721 2770 3774 hoc
2829 3723 2936 3775 isto
2960 3737 2990 3774 e
3020 3719 3164 3786 loco,
3211 3720 3419 3774 evinci.
3463 3719 3847 3791 Functicnem

2205 3810 2344 3848 sane
2372 3789 2715 3847 exercebant
2744 3807 2968 3856 omnes,
3007 3791 3105 3861 qui
3158 3792 3213 3845 in
3249 3791 3449 3856 armis,
3501 3805 3691 3844 coram
3731 3789 3846 3842 im-

2205 3871 2470 3933 peratore
2499 3863 2925 3934 comparebant,
2959 3864 3106 3934 sacri
3139 3863 3396 3934 corporis
3419 3861 3615 3916 tuendi
3645 3876 3848 3916 causa.

2205 3937 2257 3989 Si
2293 3939 2529 4006 quidam
2583 3933 2891 4006 impetrata
2940 3933 3219 3990 missione
3258 3933 3496 4006 titulum
3534 3939 3844 4006 protospa-

2207 4001 2524 4062 tbariorum
2561 4001 2947 4069 retinuerunt,
2973 4023 3038 4060 ex
3072 4022 3137 4060 eo
3189 4022 3301 4059 non
3335 4001 3615 4074 sequitur,
3650 4001 3849 4073 digni-

2206 4082 2383 4132 tatem
2416 4079 2563 4130 hanc
2595 4091 2750 4130 mere
2774 4077 3132 4144 dignitatem,
3165 4093 3263 4130 seu
3290 4076 3603 4138 titularem,
3640 4074 3847 4131 fuisse.

2208 4151 2366 4218 Apud
2407 4153 2837 4201 Assemannum
2873 4155 2908 4200 t.
2945 4147 2966 4201 Ι
2999 4146 3146 4201 Bibl.
3195 4148 3409 4202 Orient.
3464 4162 3518 4217 p.
3564 4146 3694 4218 7149,
3750 4161 3849 4199 re-

2207 4216 2364 4290 perio
2398 4218 2928 4290 protospatharium
2960 4218 3212 4288 aliquem
3249 4220 3305 4271 in
3339 4216 3478 4290 aula
3525 4216 3852 4271 Mamluco-

2209 4289 2334 4344 rum
2394 4289 2900 4361 zEgyptiacorum;
2963 4291 3114 4359 quod
3167 4291 3326 4361 valde
3402 4289 3601 4353 miror,
3656 4303 3849 4361 neque

2207 4359 2811 4431 intelligo,_quomodo
2844 4361 3206 4416 Christianus
3265 4360 3479 4430 aliquis
3515 4359 3707 4425 Cateb,
3741 4374 3848 4414 seu

2207 4434 2574 4514 secretarius,
2615 4432 2938 4514 appelletur
2968 4433 3140 4514 simul
3175 4431 3670 4514 _protosp_atarius,
3711 4444 3850 4509 cum

2207 4505 2410 4557 titulus
2438 4504 2530 4556 hic
2561 4503 2618 4556 in
2653 4504 2916 4557 orientali
2951 4521 3048 4558 seu
3077 4504 3558 4559 Muhammedano
3582 4507 3695 4556 toto
3737 4503 3850 4555 im’

2210 4578 2365 4645 perio
2423 4591 2723 4645 nunquam
2783 4577 3022 4629 auditus
3072 4575 3263 4628 fuerit.
3309 4575 3499 4645 Refert
3542 4574 3620 4627 ibi
3663 4580 3845 4627 Asse-

2207 4644 2459 4700 mannus
2509 4644 2996 4716 subscriptionem
3055 4647 3283 4700 Arabici
3336 4644 3581 4714 alicujus
3629 4645 3846 4699 codicis

2208 4735 2377 4789 quam
2419 4717 2613 4771 Latine
2635 4718 2889 4772 damus:
2943 4719 3216 4772 Convertit
3267 4717 3668 4789 hunciibrum
3704 4731 3845 4789 pro-

2207 4787 2606 4859 tospaiharius,
2642 4789 2798 4843 Caieb
2830 4789 2948 4858 (seu
3001 4788 3380 4859 secretarius)
3404 4788 3657 4842 Melchita
3698 4787 3845 4859 lbra-

462 4859 692 4942 queaet
724 4854 960 4942 Spatbas
994 4855 1139 4942 latas
1190 4854 1388 4942 super_
1414 4854 1600 4942 longis
1639 4854 1823 4942 contis
1869 4860 2096 4931 ligneis,
2131 4879 2175 4942 ι)
2208 4854 2343 4941 hin},
2377 4861 2528 4928 ﬁlius
2558 4860 2789 4942 Joannis
2819 4854 3204 4927 Aniiochenus,
3238 4864 3286 4913 et
3324 4854 3546 4942 dictavit
3577 4874 3702 4942 eam
3731 4858 3844 4922 isti,

462 4925 1128 5002 qualesspathobaelia
1203 4925 1592 5002 appellabant.
1643 4933 1801 4988 Patet
1849 4925 1939 4988 σί
1967 4925 2097 5002 pag.

458 4997 653 5052 Nostri
682 4998 800 5068 169.
845 5002 1005 5068 Smpe
1039 4997 1324 5068 reperitur
1376 5001 1481 5056 hoc
1538 5021 1747 5058 nomen
1798 5002 1854 5057 in
1905 4997 2105 5058 nostro

462 5070 658 5124 codice
689 5067 1023 5142 ἀσπαθάριος
1057 5067 1360 5141 scriptum.
1393 5073 1623 5128 Scilicet
1655 5073 1798 5128 illud
1842 5093 1872 5126 α
1948 5093 2012 5128 eo
2044 5075 2103 5130 in

463 5158 598 5195 casu
659 5145 822 5196 notat
877 5144 1138 5212 πρῶτοςι.
1194 5142 1255 5198 In
1310 5144 1665 5199 membranis
1709 5145 2104 5201 distinctionis

463 5213 644 5283 gratia
671 5228 902 5283 semper
950 5213 1204 5269 habebat
1253 5214 1359 5270 hoc
1397 5234 1430 5270 a
1472 5217 1719 5282 primum
1769 5217 2106 5283 signiﬁcans

464 5282 1102 5354 capitellum’aliquod,
1161 5284 1315 5340 velut
1371 5288 1667 5358 geminum
1724 5282 2002 5358 pluteum,
2052 5291 2101 5343 ᾶ.

1341 5370 1369 5398 α
1919 5372 1947 5398 a

465 5406 774 5482 Reperitur
803 5409 1271 5482 quoquepassim
1334 5420 1360 5472 0
1394 5411 1700 5482 scriptum.
1740 5411 1869 5482 '[De
1927 5412 1954 5463 θ
2004 5427 2102 5467 seu

463 5480 927 5551 protospathario
951 5497 1001 5532 ν.
1037 5481 1288 5536 Bandur.
1326 5501 1376 5551 p.
1414 5480 1533 5550 126,
1568 5481 1640 5536 ad
1689 5480 1988 5539 Constant.
2034 5485 2104 5539 De

460 5548 1084 5624 ᾳάιηίηἱδενηὶηηιενίο.
1147 5548 1651 5624 Protospatharius
1710 5553 1914 5623 phialm
1983 5559 2104 5610 erat

455 5620 629 5687 judex
675 5620 920 5694 _navium
959 5620 1363 5694 imperialium
1392 5620 1919 5680 dromadariarum.
1956 5627 2100 5681 Con-

461 5694 636 5743 stant.
674 5691 749 5746 De
810 5694 964 5767 adm.
1029 5691 1268 5765 imperio
1323 5714 1374 5765 p.
1422 5697 1542 5750 140.
1598 5695 2102 5767 Protospatbarius

460 5777 769 5816 camaeum
801 5766 1140 5835 accipiebat,
1166 5767 1221 5820 in
1248 5767 1594 5823 Lausiacum
1624 5766 2104 5841 progrediebatur

2211 4933 2304 5002 qui
2333 4935 2585 4987 exaravit
2641 4948 2765 4986 cum
2811 4947 3157 5002 manusua,
3216 4945 3462 4985 sermone
3509 4930 3851 5002 Arabicae;

2212 4999 2390 5057 codice
2419 5004 2624 5058 Graeco.
2663 5004 2742 5056 Ita
2773 5010 2936 5058 sonat
2967 5001 3067 5055 illa
3088 5002 3460 5070 subscriptio.
3524 5001 3690 5055 Forte
3742 4999 3852 5054 fuit

2215 5074 2350 5128 olim
2385 5074 2697 5143 aliquando
2758 5074 2861 5127 iste
2915 5073 3168 5127 Ibrahim
3229 5074 3286 5126 in
3345 5072 3474 5126 aula
3534 5071 3851 5143 Byzantina

2215 5146 2449 5200 functus
2474 5161 2713 5200 munere
2741 5143 3234 5216 protospatharii;
3268 5143 3476 5198 deinde
3507 5143 3733 5196 delatus
3790 5143 3850 5216 in

2215 5216 2408 5271 aulam
2443 5213 2864 5271 Mamlucorum
2898 5213 3094 5270 serviit
3123 5214 3237 5268 illis
3269 5219 3331 5268 ut
3360 5216 3730 5277 secretarius;
3756 5213 3851 5266 cui

2217 5288 2440 5342 muneri
2468 5287 2754 5358 praecipue
2785 5287 3141 5358 Christianos
3159 5285 3453 5358 adhibitos
3478 5285 3576 5339 illa
3613 5285 3682 5358 in
3716 5283 3853 5338 aula

2215 5359 2395 5414 fuisse
2426 5356 2658 5413 constat
2677 5376 2740 5414 ex
2757 5357 3049 5412 Elmacino
3067 5362 3123 5412 et
3146 5356 3399 5412 aliunde.
3435 5357 3572 5411 Inde
3604 5357 3851 5410 factum-

2215 5436 2277 5484 ut
2308 5431 2515 5487 veteris
2539 5446 2812 5500 novasque
2842 5427 3144 5498 dignitatis
3189 5444 3398 5483 nomen
3453 5425 3628 5481 simul
3675 5441 3852 5500 gere—

2215 5502 2489 5564 ret.Quid
2533 5501 2641 5555 sibi
2699 5497 2819 5554 v'ult
2863 5500 3006 5554 illud
3066 5501 3217 5568 apud
3279 5502 3589 5568 Const-int.
3629 5497 3843 5568 Porph.

2214 5573 2282 5626 de
2333 5574 2487 5626 adm.
2551 5572 2688 5642 imp.
2736 5570 3046 5642 καθέζεσθαι
3101 5566 3170 5629 ὡς
3231 5567 3714 5642 πρωτοσπαθάριον
3755 5566 3846 5642 καί

2213 5648 2396 5718 φορεῖν
2429 5638 2878 5718 ἐπικουτζούλιον
2913 5643 2932 5694 Ρ
2971 5646 3141 5696 Estne
3191 5638 3294 5718 hoc
3328 5639 3793 5718 searama‘ngium
3821 5638 3848 5692 ?

2212 5710 2417 5771 Fuitne
2451 5713 2920 5783 scaramangium
2955 5711 3542 5782 protospathariorum
3575 5710 3600 5762 ’ἶ
