4126 6314
356 376 485 444 209

1246 390 1347 451 DE
1387 392 1845 455 CEHIMONIIS
1889 390 2125 454 AULIE
2165 392 2653 455 BYZANTINIE
2693 395 2846 458 LIB.
2895 401 2945 459 Ι.

3666 419 3783 479 210

362 519 471 571 τοῦ
508 516 684 593 ἁγίου
717 514 971 597 φρέατος,
992 517 1233 574 ἵστανται
1265 521 1481 579 κάκεῖσε
1522 524 1550 579 6
1582 522 1874 599 δήμαρχος
1919 528 2018 578 τῶι

2105 579 2111 586 ,
2141 525 2276 580 dum
2313 528 2655 598 procedunt,
2686 529 2826 600 ipsa
2857 531 3201 591 aoclamant.
3236 538 3611 599 Prasinorum
3653 563 3782 604 vero

364 606 624 661 Βενὶτων
659 607 800 679 μετᾶ
826 607 913 661 καὶ
946 611 1039 660 τοῦ
1089 604 1272 682 δήμου
1319 616 1415 665 τοῦ
1465 610 1663 668 λευκοῦ
1712 633 2023 688 κατασφρα-

368 693 652 769 γίζοντες·
686 693 1046 769 διερχομένων
1074 701 1181 752 τῶν
1216 696 1492 755 δεσποτῶν
1526 702 1726 773 [καθὼς
1756 703 2020 778 προείρη-

372 801 492 853 ται,
525 783 884 859 ἆκτολογοῦσι
914 785 959 820 ⁸³
991 785 1057 840 τὰ
1108 787 1246 859 μέρη
1298 790 1433 862 (40)]
1464 791 1552 845 καὶ
1595 790 2020 867 ἀκτολογοῦντες

378 870 447 924 τὰ
465 875 534 944 τῇ
566 873 722 944 ἑορτῇ
756 875 1129 945 προσήκοντα.
1163 876 1243 933 Οὐ
1291 877 1397 951 γὰρ
1436 875 1684 935 ’ίστανται
1732 880 1784 934 οἱ
1833 877 2023 934 δεσπό-

363 978 471 1043 ται,
505 960 639 1013 κατὰ
665 962 729 1014 τὸ
759 959 980 1029 εἷωθὸς,
1002 962 1056 1017 ἐν
1103 968 1187 1036 τῷ
1221 964 1545 1042 ἀκτολογεῖν
1576 970 1645 1023 τὰ
1677 968 1844 1043 μέρη,
1873 967 2023 1023 ἀλλὰ

2128 614 2402 671 tribunus
2431 632 2562 672 cum
2608 618 2855 676 factione
2897 638 3064 677 russa
3114 624 3173 679 in
3224 628 3408 683 ferrea
3453 639 3614 701 porta
3645 644 3781 704 stat,

2129 711 2206 770 et,
2236 704 2493 761 dominis
2524 710 2983 778 transeuntibus,
3016 728 3143 783 quas
3188 715 3329 771 festo
3359 733 3613 791 congrua
3645 728 3782 779 sunt

2129 792 2434 849 aeclamat.
2486 794 2627 849 Inde
2673 796 2894 853 domini
2950 816 3053 870 per
3100 802 3337 860 chalcen
3379 812 3438 862 et
3466 809 3695 867 scholas
3724 817 3782 868 et

2130 882 2436 940 exeubitus
2469 888 2859 955 transeuntes,
2892 906 3120 947 sacrum
3169 893 3451 965 palatium
3496 914 3628 955 cum
3662 901 3777 957 Deo

2131 970 2369 1026 intrent.

362 1042 744 1147 διερχομενων
792 1054 900 1147 τῶν
953 1048 1257 1147 δεσποτῶν,
1286 1055 1467 1118 καθὼς
1515 1042 1857 1132 προείρηται,
1885 1055 2245 1132 ἀκτολογοῦσι
2291 1060 2358 1112 τὰ
2401 1057 2652 1147 μέρη.ῗ’0
2681 1059 2740 1116 δὲ
2785 1068 2895 1118 τῶν
2944 1066 3231 1141 ΙΙράσίνων
3275 1067 3567 1147 δήμαρχος
3607 1072 3772 1131 ἵστα-

354 1152 443 1188 ται
499 1136 636 1208 μετὰ
683 1141 786 1191 τοῦ
837 1136 1021 1212 δήμου
1067 1144 1164 1195 τοῦ
1206 1140 1427 1217 ῥουσίου
1477 1144 1552 1207 εἷς
1608 1147 1708 1214 τὴν
1757 1144 1984 1220 σιδηρᾶν
2032 1143 2351 1217 πύλην,καὶ
2401 1152 2509 1202 τῶν
2559 1146 2835 1204 δεσποτῶν
2878 1151 3268 1228 διερχομένων,
3299 1136 3389 1213 καὶ
3418 1136 3570 1217 αότοὶ
3601 1163 3770 1218 ἄκτο-

353 1219 588 1297 λογοῦσι
620 1226 689 1279 τὰ
821 1226 985 1300 ἑορτῇ
1016 1230 1383 1302 προσήκοντα.
1418 1231 1521 1289 Καὶ
1565 1232 1671 1287 ἀπὸ
1717 1237 1825 1287 τῶν
1874 1219 2046 1287 ἐκεῖσε
2094 1230 2410 1308 διέρχονται
2458 1236 2510 1288 οἱ
2566 1232 2828 1291 δεσπόται
2882 1219 2971 1293 διά
3000 1219 3085 1295 ’ὶέ
3121 1249 3222 1312 τῆς
3258 1219 3482 1319 ’χαλκῆς
3534 1250 3623 1304 καὶ
3660 1256 3767 1305 τῶν

360 1309 595 1389 σχολῶν
620 1314 712 1367 καὶ
742 1318 849 1370 τῶν
882 1312 1270 1388 ἐκσκουϐίτων,
1292 1319 1381 1374 καὶ
1414 1320 1750 1397 εἰσέρχονται
1782 1318 1872 1376 διὰ
1902 1325 2000 1376 τοῦ
2031 1322 2234 1396 Κυρίου
2263 1324 2376 1396 (41)
2408 1322 2460 1377 ἐν
2492 1328 2573 1396 τῷ
2605 1325 2738 1398 ἱερῷ
2767 1324 3065 1402 παλατίῳ.)

998 1411 1258 1464 ΚΕΦΔΛ.
1302 1414 1376 1464 B’.

606 1494 779 1547 Ἀκτα
806 1499 907 1562 τῆς
938 1493 1137 1568 ἑορτῆς
1164 1499 1273 1551 τῶν
1305 1498 1763 1573 Χριστουγέννων,

432 1584 516 1636 Α¹.
551 1580 830 1648 Ἐειόντων
861 1586 972 1637 τῶν
1007 1579 1281 1640 δεσποτῶν
1323 1586 1429 1642 ἀπὸ
1478 1585 1574 1642 τοῦ
1617 1586 1884 1643 παλατίου
1928 1589 2004 1651 εἷς

350 1667 456 1735 τὴν
488 1665 813 1741 προέλευσιν
845 1668 938 1723 καὶ
983 1676 1084 1738 τῆς
1137 1671 1388 1734 εἰωθυίας
1435 1674 1616 1744 πάσης
1671 1676 1872 1744 τάξεως
1912 1673 2009 1730 ἒπ-

2773 1416 3004 1473 CAPUT
3041 1420 3112 1473 II.

2283 1502 2723 1560 Acclamationes
2752 1507 2811 1560 in
2839 1509 2980 1574 festo
3018 1508 3351 1567 Nativz'tatis
3374 1512 3620 1570 Domini.

2188 1587 2231 1644 Ι.
2265 1589 2529 1646 Dominis
2589 1609 2619 1647 e
2663 1592 2876 1664 palatio
2923 1597 2994 1650 ad
3054 1600 3475 1668 processionem
3513 1604 3764 1674 egressis

2115 1681 2391 1753 omnique
2423 1689 2700 1739 consueto
2734 1685 3060 1742 ministerio
3084 1695 3383 1760 sequente,
3407 1692 3470 1747 δι
3493 1694 3681 1763 prima
3702 1694 3762 1750 in

353 1754 796 1848 axo1ou-00'5c'nc,
826 1755 1027 1831 γίνεται
1066 1760 1261 1833 πρώτη
1298 1758 1439 1839 δοχή
1474 1761 1559 1848 εἰς
1603 1762 1667 1817 τὸ
1713 1759 2005 1836 τριϐουνά-

2116 1767 2398 1823 tribunali
2421 1786 2525 1825 seu
2553 1770 2609 1824 in
2636 1770 2865 1841 lychnis
2887 1754 3509 1848 receptio,-statqueibi
3537 1780 3761 1837 Venetae

355 1841 503 1911 λιον,
535 1842 705 1920 ἤγουν
749 1846 824 1907 εἰς
857 1847 987 1909 τοὺς
1032 1846 1297 1922 λύχνους,
1328 1851 1419 1904 καὶ
1466 1847 1682 1926 δέχεται
1731 1851 1946 1906 κάκεῖσε
1972 1854 2000 1908 6

2110 1855 2388 1912 tribunus
2420 1873 2521 1912 seu
2556 1858 2912 1915 domesticus
2959 1862 3285 1919 scholarum
3337 1882 3466 1922 cum
3497 1870 3761 1923 transito-

355 1931 716 2008 δημοκράτης
763 1941 874 1990 τῶν
921 1935 1186 2010 Βενὲτων,
1217 1939 1384 2014 ἤγουν
1442 1941 1470 1994 6
1525 1939 1845 2013 δομέστικος
1897 1947 2006 1997 τῶν

2119 1944 2206 1999 ria
2276 1945 2522 2001 factione
2600 1946 2841 2017 Veneta,
2908 1958 2962 2004 et
3033 1953 3294 2008 nondum
3370 1955 3622 2011 dominis
3678 1957 3760 2012 ibi

352 2022 606 2100 σχολῶν,
643 2025 780 2095 μετᾶ
817 2033 907 2079 καί
937 2029 1035 2079 τοῦ
1067 2031 1360 2101 περατικοῦ
1391 2026 1572 2098 δήμου
1604 2034 1713 2085 τῶν
1745 2028 2006 2099 Βενέτων,

2117 2036 2612 2105 comparentibus,
2687 2042 2953 2095 cantores
3015 2056 3154 2096 voce
3209 2044 3332 2099 toni
3390 2044 3461 2098 llI
3523 2046 3756 2102 dicunt:

354 2111 446 2164 καὶ
482 2112 652 2183 μήπω
702 2109 810 2167 τῶν
864 2111 1139 2169 δεσποτῶν
1185 2114 1494 2192 φθασάντων
1537 2114 1729 2187 ἐκεῖσε,
1756 2113 2007 2192 λέγουσιν

2119 2143 2149 2173 ‹‹
2179 2122 2353 2179 Stella
2401 2126 2710 2181 annuntiat
2760 2126 2941 2183 solem
2994 2127 3308 2198 Christum,
3340 2131 3698 2188 Bethlehemi
3729 2150 3759 2189 e

352 2200 406 2255 οἱ
436 2200 666 2275 κράκται
688 2205 790 2273 τὴν
824 2207 1006 2281 φωνὴν
1038 2201 1122 2279 ἤχ
1152 2206 1198 2280 γ’
1227 2208 1361 2278 (42)·
1397 2230 1425 2257 ‹‹
1459 2206 1662 2281 ’Δστήρ
1699 2207 1794 2262 τὸν
1841 2205 2004 2276 ἥλιον

2112 2210 2338 2282 virgine
2366 2221 2576 2270 ortum.
2606 2234 2638 2262 »
2669 2217 2741 2269 At
2772 2216 3139 2271 venientibus
3171 2218 3425 2274 dominis
3455 2223 3513 2275 et
3535 2220 3594 2274 in
3623 2221 3757 2276 soli-

347 2291 666 2367 προμηνόει
696 2290 750 2348 ἐν
783 2293 1040 2367 Βηθλεὲμ
1077 2296 1307 2369 Χριστὸν
1354 2294 1711 2351 ἅνατείλαντα
1759 2296 1820 2351 ix
1865 2317 2008 2372 παρ-

2114 2307 2179 2354 us
2212 2300 2480 2356 stationis
2512 2300 2636 2358 loco
2663 2318 2763 2358 seu
2796 2304 2853 2358 in
2896 2320 3113 2361 camera
3161 2308 3516 2374 constitutis,
3550 2318 3756 2365 canto-

347 2380 531 2435 θένου.
568 2403 595 2432 ››
625 2383 778 2456 Δοχή
810 2383 857 2436 α’
885 2383 954 2438 ⁸9.
988 2384 1086 2437 Καὶ
1121 2381 1184 2453 δή
1215 2389 1324 2438 τῶν
1356 2381 1634 2439 δεσποτῶν
1683 2383 2001 2460 ἐρχομένων

346 2469 443 2524 καὶ
475 2470 778 2542 ἱσταμένων
812 2470 890 2533 εἰς
920 2472 1011 2526 τὸν
1045 2471 1273 2536 εἴωθότα
1302 2472 1470 2528 τόπον
1500 2476 1602 2538 τῆς
1651 2474 1833 2529 αὐτῶν
1882 2474 2005 2528 στά-

344 2579 491 2620 σεως
520 2562 586 2626 ⁷ο,
618 2557 792 2634 ἤγουν
857 2560 934 2622 είς
990 2562 1091 2630 τὴν
1150 2563 1422 2638 καμάραν,
1454 2562 1712 2638 λέγουσιν
1761 2564 1813 2618 οἱ
1869 2564 1999 2640 κρά-

345 2667 500 2704 κται·
539 2673 560 2699 ι
600 2647 813 2722 Πολλὰ,
848 2648 1054 2721 πολλὰ,
1090 2651 1295 2708 πολλά·
1330 2675 1360 2703 ››
1408 2653 1436 2707 6
1486 2651 1638 2715 λαός*
1673 2652 1867 2709 Πολλὰ
1903 2651 1995 2725 ἔτη

346 2737 426 2797 εἰς
472 2734 680 2792 πολλά.
716 2761 746 2787 ››
778 2737 886 2792 Καὶ
917 2736 1084 2792 πάλιν
1139 2739 1191 2793 οἱ
1249 2740 1498 2814 κράκται.
1532 2764 1560 2792 ‹‹
1594 2740 1810 2797 Πολλοὶ
1869 2741 1994 2812 ὑμῖν

345 2826 545 2902 χρόνοι
578 2828 614 2896 ἡ
665 2824 843 2890 ἔνθεος
893 2825 1140 2902 βασιλεία
1180 2830 1313 2902 (43).
1346 2852 1375 2881 ι(
1409 2834 1650 2905 Φθογγεῖ
1676 2830 1721 2866 ⁷¹
1755 2832 1867 2903 (44)
1906 2831 1997 2885 καὶ

346 2920 376 2974 6
412 2918 546 2981 λαὸς
575 2917 637 2974 ἐκ
662 2918 868 2991 τρίτουο
907 2942 935 2970 ι(
968 2918 1181 2977 [Ιολλοὶ
1234 2920 1365 2993 ὑμῖν
1427 2922 1645 2996 χρόνοι.
1679 2947 1708 2974 ‹‹
1756 2924 1823 2980 Οἱ
1863 2922 1997 2997 κρά-

342 3027 490 3064 κται·
528 3030 558 3061 ι(
592 3006 802 3063 Πολλοὶ
849 3008 976 3081 ὑμῖν
1026 3007 1243 3082 χρόνοι,
1272 3010 1323 3063 οἱ
1365 3010 1688 3085 θεράποντες
1734 3016 1832 3067 τοῦ
1884 3015 1998 3068 Κυ-

345 3100 491 3175 ρίου.
526 3123 556 3152 ››
599 3102 836 3176 Φθογγεῖ
863 3100 953 3154 καὶ
984 3101 1012 3154 6
1042 3098 1177 3163 λαὸς
1206 3100 1265 3156 ἐκ
1299 3102 1506 3176 τρίτου·
1540 3126 1569 3155 ‹‹
1601 3100 1817 3159 Ηολλοὶ
1868 3104 1994 3176 ὑμῖν

2111 2404 2202 2443 res
2232 2387 2433 2443 dicunt
2460 2406 2472 2443 :
2518 2410 2544 2441 ι
2574 2389 2806 2456 Multos,
2839 2393 3081 2463 multos,
3113 2395 3365 2450 multosl
3402 2416 3431 2445 ι)
3461 2396 3749 2469 Populus:

2109 2497 2139 2527 «
2171 2476 2385 2534 Multos
2441 2495 2627 2534 annos
2684 2478 2746 2534 in
2779 2479 3032 2536 multos!
3096 2503 3125 2531 »
3174 2485 3390 2538 Iterum
3450 2489 3746 2541 cantores:

2107 2586 2135 2614 «
2169 2566 2366 2637 Longa
2395 2568 2558 2622 vobis
2592 2572 2859 2638 tempora
2889 2569 3083 2624 divina
3113 2571 3429 2640 majestasl
3465 2594 3494 2621 »
3527 2572 3753 2629 Clamat

2104 2663 2154 2711 et
2183 2655 2433 2726 populus
2461 2660 2588 2712 ter:
2626 2675 2651 2707 ιι
2685 2657 2884 2728 Longa
2926 2657 3091 2714 vobis
3121 2661 3419 2729 tempora!
3458 2682 3486 2709 »
3540 2662 3746 2717 Canto-

2104 2759 2235 2799 res:
2290 2763 2315 2795 ι
2380 2744 2578 2814 Longa
2635 2744 2804 2799 vobis
2859 2748 3144 2816 tempora,
3204 2747 3354 2800 servi
3410 2746 3672 2802 Domini!
3717 2772 3739 2801 ι

2099 2830 2328 2888 Clamat
2384 2830 2634 2903 populus
2689 2840 2813 2887 ter:
2873 2853 2903 2882 «
2941 2836 3131 2903 Longa
3177 2833 3341 2888 vobis
3389 2835 3685 2905 tempora!
3716 2856 3745 2884 ››

2101 2918 2409 2975 Cantores:
2452 2940 2477 2971 ι
2513 2918 2710 2991 Longa
2756 2919 2918 2975 vobis
2959 2924 3243 2992 tempora,
3292 2920 3362 2979 N.
3396 2921 3462 2979 N.
3498 2923 3746 2994 impera-

2100 3011 2255 3063 tores
2286 3008 2681 3064 Romanorum
2710 3007 2723 3062 l
2756 3029 2785 3058 »
2816 3007 3033 3063 Clamat
3062 3008 3312 3080 populus
3339 3014 3460 3065 ter:
3496 3031 3525 3060 α
3548 3011 3745 3082 Longa

2098 3096 2262 3151 vobis
2302 3095 2602 3167 tempora!
2638 3118 2667 3146 »
2715 3096 3029 3151 Cantores:
3085 3119 3105 3145 α
3142 3097 3340 3168 Longa
3384 3097 3548 3153 vobis
3593 3102 3743 3154 tem-

341 3188 568 3265 χρόνοι.
594 3211 624 3239 η
658 3188 723 3245 Οἱ
766 3187 1014 3263 κράκται·
1054 3210 1077 3239 ι
1116 3187 1331 3245 Πολλοὶ
1382 3190 1509 3263 ὑμῖν
1554 3191 1750 3266 χρόνοι
1790 3192 1818 3246 6
1849 3190 1994 3248 δεῖνα

2105 3201 2260 3256 pora,
2288 3185 2358 3241 N.
2387 3185 2452 3240 N.
2478 3187 2755 3257 Augustis
2786 3186 3181 3241 Romanorum
3210 3188 3221 3241 l
3256 3209 3284 3238 »
3314 3187 3534 3243 Clamat
3563 3204 3745 3260 popu-

343 3277 439 3331 καὶ
477 3277 507 3330 6
540 3273 681 3330 δεῖνα
698 3277 1108 3350 ,αὐτοκράτορες
1136 3277 1447 3350 Ῥωμαίων·
1477 3300 1503 3332 ι
1550 3280 1774 3355 φθογγεῖ
1824 3280 1912 3335 καὶ
1958 3281 1988 3336 6

344 3363 487 3426 λαὸς
539 3364 598 3418 ἐκ
632 3364 816 3438 τρίτου
841 3384 855 3396 ·
890 3362 1105 3421 Ηολλοί
1140 3366 1271 3438 ὑμῖν
1300 3368 1516 3441 χρόνοι.
1553 3390 1581 3418 ‹‹
1612 3367 1680 3425 Οἱ
1720 3369 1947 3441 κράκται
1970 3383 1985 3398 ·

340 3477 373 3505 ‹‹
406 3451 624 3508 Πολλοὶ
659 3453 785 3526 ὑμῖν
817 3452 1012 3526 χρόνοι
1042 3453 1070 3506 6
1102 3449 1248 3508 δεῖνα
1290 3454 1381 3508 καὶ
1431 3456 1458 3509 ὁ
1492 3452 1639 3510 δεῖνα
1682 3454 1763 3514 Δῦ
1778 3458 1988 3531 (οὖσται

336 3546 449 3597 τῶν
482 3541 800 3614 Ῥωμαῖωνο
836 3562 866 3591 ››
921 3541 1165 3618 Φθογγεῖ
1226 3540 1317 3594 καὶ
1375 3542 1403 3596 6
1461 3541 1591 3604 λαὸς
1641 3541 1702 3597 tu
1751 3542 1938 3616 τρίτου
1971 3560 1985 3574 ⁸

340 3654 368 3682 σ
408 3626 629 3684 Πολλοὶ
662 3629 789 3700 ὑμῖν
821 3627 1033 3702 χρόιοι.
1069 3652 1097 3680 ››
1127 3630 1195 3686 Οἱ
1224 3631 1450 3703 κράκται
1483 3649 1497 3663 ’
1539 3651 1560 3680 ι
1594 3630 1804 3687 Πολλοὶ
1860 3632 1988 3705 ὑμῖν

334 3718 540 3792 χρόνοι
599 3714 693 3770 σὺν
750 3720 870 3778 ταῖς
923 3715 1241 3792 αόγούσταις
1299 3718 1547 3779 καὶτοῖς
1604 3719 2145 3795 πορφυρογεννήτοις
2179 3734 2195 3749 ⁶
2259 3741 2287 3769 ››

2096 3276 2189 3331 lus
2243 3279 2369 3331 ter:
2429 3298 2457 3327 ‹‹
2520 3276 2709 3349 Longa
2765 3277 2926 3333 vobis
2981 3283 3276 3349 tempore!
3329 3302 3349 3330 ι
3412 3282 3734 3338 Cantores:

2098 3386 2126 3414 «
2171 3364 2371 3434 Longa
2398 3363 2565 3420 vobis
2587 3368 2851 3435 tempora
2880 3381 3011 3421 cum
3044 3368 3391 3439 eonjugibus
3412 3374 3471 3425 et
3500 3368 3749 3441 porphy-

2099 3453 2487 3524 rogennetis.»
2521 3452 2746 3508 Clamat
2775 3457 2830 3508 et
2849 3454 3093 3525 populus
3118 3457 3325 3529 semel:
3350 3480 3378 3507 ‹‹
3404 3459 3745 3515 Diuturnam

2100 3542 2253 3598 Deus
2283 3546 2546 3597 sanctam
2602 3542 2964 3611 majestatem
3006 3548 3162 3598 tuam
3214 3545 3273 3598 in
3323 3546 3531 3601 multos
3559 3563 3744 3603 annos

2102 3634 2276 3690 faciat
2305 3633 2318 3688 ί
2348 3655 2376 3682 ››

2347 3720 2591 3795 φθογγεῖ
2648 3718 2737 3772 καὶ
2795 3719 2823 3772 6
2880 3717 3011 3782 λαὸς
3067 3720 3221 3793 ἅπαξ·
3288 3741 3311 3770 ι
3365 3719 3740 3796 Πολυχρόνιον

332 3807 565 3877 ποιήσει
597 3806 627 3859 6
657 3808 790 3866 Θεὸς
820 3805 919 3874 τήν
952 3804 1106 3882 ἁγίαν
1140 3803 1418 3881 βασιλείαν
1452 3825 1547 3867 σας
1579 3807 1695 3878 (45)
1725 3805 1802 3868 εἷς
1829 3805 2019 3862 πολΛᾶ
2047 3801 2164 3877 ἔτη.
2199 3830 2227 3858 ››

1719 3916 1949 3973 ἾΑΒΙΒ
1988 3915 2380 3973 LECTIONES
3060 3970 3071 3981 ,

409 4009 690 4087 61“[erba
715 4006 895 4072 καθὼς
934 4041 1001 4087 -_—
1048 4009 1189 4087 μέρη
1245 4009 1312 4087 ῌ.
1362 4008 1647 4087 ejicienda
1693 4014 1874 4082 putat.
1950 4011 1997 4046 ”

2105 4010 2188 4083 .χή
2233 4009 2267 4063 ά
2302 4026 2418 4066 om.
2452 4010 2543 4066 ed.
2619 4009 2668 4046 7°
2696 4009 3087 4084 ξκαταστάσιως
3117 4013 3208 4069 ed.
3285 4013 3327 4047 τί
3361 4016 3589 4087 φθογγεῖ
3644 4012 3737 4079 Ro,

334 4083 552 4160 φθογγῇ
585 4082 741 4148 cod.,
771 4080 988 4157 φθογγὴ
1020 4080 1200 4138 ed.'et
1228 4081 1313 4138 sic
1343 4081 1580 4152 ubique.

844 4239 850 4243 .
1399 4188 1599 4246 JOAN.
1631 4189 1774 4245 JAC.
1809 4188 2070 4244 REISKII
2099 4187 2689 4244 COMMENTARIUS.

409 4286 539 4360 (40)_
585 4283 814 4360 inclusa
870 4283 1120 4360 delenda
1152 4289 1333 4360 _sun_t.
1414 4287 1477 4340 In
1536 4285 1679 4360 ipsis
1710 4284 1984 4360 __quidem

2105 4288 2150 4340 at
2180 4300 2422 4360 regnum
2455 4301 2629 4340 suum
2677 4284 2777 4352 τὴν
2823 4278 3000 4339 ἔνθεον
3047 4282 3347 4360 βασιλείαν,
3396 4284 3581 4340 divino
3610 4301 3732 4340 mu-

334 4355 784 4424 conspiciuntur
841 4355 1217 4422 membranis,
1280 4356 1478 4420 fateor,
1550 4358 1650 4410 sed
1710 4355 1986 4411 librarius

337 4430 549 4499 prima:
577 4426 815 4495 syllabae
853 4446 922 4479 κα
969 4428 1086 4481 duo
1150 4431 1390 4497 puncta,
1421 4434 1476 4481 et
1509 4426 1727 4499 ultimae
1751 4426 1985 4499 syllaseb

2092 4371 2224 4410 nere
2252 4356 2547 4410 tributum.

2166 4426 2281 4497 (44)
2312 4426 2418 4497 Ubi
2455 4426 2710 4481 locorum
2738 4425 2799 4483 in
2839 4427 3192 4482 membranis
3242 4427 3467 4496 integre
3496 4441 3731 4495 expres-

338 4494 406 4569 ρη
441 4499 581 4553 item
612 4494 731 4553 duo
772 4502 1000 4569 puncta
1031 4494 1539 4569 supérscripserat,
1588 4494 1975 4567 indicaturus,
2012 4494 2063 4553 D
2096 4494 2222 4551 sum
2256 4494 2376 4552 erat
2407 4496 2910 4569 hocvooabulum,
2943 4498 3194 4552 habebat
3240 4494 3445 4569 ultima
3477 4494 3664 4569 littera
3695 4516 3728 4563 η

338 4568 407 4627 ea
455 4570 678 4636 omnia,
728 4583 859 4639 quas
905 4568 1040 4623 istis
1087 4568 1356 4641 quatuor:
1384 4569 1616 4639 punctis
1664 4569 1988 4641 intercepta

340 4646 564 4704 essent,
595 4655 896 4710 perperam
930 4639 1147 4710 scripta
1187 4645 1243 4694 et
1271 4639 1515 4694 delenda
1562 4656 1708 4694 esse.
1743 4639 1987 4696 Nolebat

341 4729 560 4782 nempe
587 4711 765 4765 litura
790 4710 1006 4765 codicis
1054 4711 1396 4782 elegantiam
1448 4727 1835 4780 corrumpere.
1875 4712 1983 4766 Re-

327 4781 581 4840 currunt
611 4797 679 4836 ea
709 4782 911 4836 statim
945 4789 1075 4852 post
1105 4798 1210 4835 suo
1242 4781 1387 4837 loco.

396 4853 520 4924 (41)
578 4853 768 4907 Potest
812 4851 987 4924 reddi
1043 4860 1144 4907 aut
1192 4867 1319 4924 per,
1386 4856 1483 4905 aut
1535 4851 1727 4924 potius
1782 4859 1986 4921 praeter

323 4921 631 4979 Evelesiam
666 4922 907 4991 Domini,
938 4923 1009 4977 de
1040 4940 1156 4993 qua
1191 4921 1360 4993 paulo
1388 4928 1520 4976 ante
1543 4921 1821 4993 diximus.

399 4996 520 5065 (42)
554 4999 631 5065 De
660 4994 816 5065 tonis
849 4992 1084 5065 musicis
1140 4992 1469 5065 Grecorum,
1500 4996 1650 5047 conl'.
1679 4992 1761 5047 Du
1796 4994 1983 5065 Gange

324 5063 511 5120 eum:
538 5064 636 5120 Gr.
661 5081 710 5118 ν.
735 5063 900 5136 ἦχος.
917 5063 1545 5136 [TheOphilusimusica
1567 5064 1823 5136 quaedam
1852 5064 1984 5136 fecit

324 5137 526 5207 quarti
562 5137 681 5190 toni
715 5133 867 5190 et'ex
898 5133 1005 5190 ode
1036 5141 1257 5190 octava.
1290 5135 1518 5189 Contin.
1546 5135 1710 5205 p.66.
1737 5134 1814 5188 De
1842 5133 1981 5205 τόνῳ

325 5204 575 5259 πλαγίω.
611 5206 710 5259 aui
738 5206 890 5259 idem
923 5212 1011 5259 est
1041 5223 1104 5259 ac
1161 5204 1349 5259 Bao'Sc.
1382 5221 1436 5259 ν.
1470 5205 1577 5259 Leo
1635 5204 1884 5259 Allatius
1912 5208 1981 5259 de

325 5206 575 5279 πλαγίῳ,
611 5206 710 5329 q‘ni
738 5206 890 5260 idem
923 5212 1011 5261 est
1041 5223 1104 5260 ac
1161 5206 1349 5279 βαρύς,
1382 5221 1436 5259 ν.
1470 5206 1577 5260 Leo
1635 5206 1884 5259 Allatius
1911 5208 1981 5287 _de

327 5277 495 5357 libris
529 5278 638 5357 Ecc
666 5276 955 5357 esiasticis
987 5276 1313 5357 Qrzecorum
1371 5292 1500 5346 pag.
1673 5276 1761 5357 ed.
1797 5275 1975 5357 Par-is.

328 5350 536 5417 Respue
566 5350 633 5402 de
661 5352 866 5413 octavo,
898 5347 1125 5417 impleat
1174 5350 1238 5403 de
1284 5359 1499 5418 quarto,
1528 5347 1643 5401 vid.
1681 5352 1826 5400 tono.
1865 5346 1977 5402 Mo-

332 5422 485 5470 leon.
525 5433 659 5470 nae.
686 5417 834 5470 359.l

449 5437 485 5472 ι.
525 5437 659 5482 pag,
687 5437 807 5471 σου.

331 5422 485 5474 leon.
525 5433 659 5488 pag,
686 5417 834 5487 359.]

401 5490 521 5560 (43)
562 5488 710 5555 Quia
755 5489 928 5560 Graeci
966 5487 1343 5560 imperatores
1386 5502 1483 5560 pro
1515 5485 1729 5560 talibus
1764 5485 1979 5560 haberi

327 5558 623 5626 volebant,
657 5560 755 5630 qui
786 5558 877 5612 Dei
939 5562 995 5612 et
1051 5559 1260 5630 Christi
1321 5558 1593 5630 suffragio
1631 5568 1703 5630 _et
1752 5558 1974 5630 judicio

330 5631 524 5701 adepti
559 5626 752 5701 essent
777 5644 1045 5701 regnum,
1074 5635 1127 5682 et
1157 5626 1211 5701 ἂν
1242 5632 1356 5697 Θεῷ
1386 5626 1460 5699 in:
1486 5626 1976 5701 nomine,‘volun-

328 5699 470 5770 tate,
486 5699 851 5770 auctoritate
878 5703 935 5770 et
962 5699 1088 5754 loco
1119 5700 1217 5755 Dei
1247 5709 1574 5770 regnarent,
1609 5699 1742 5770 inde
1772 5715 1833 5770 se
1864 5708 1981 5760 θεο-

327 5767 714 5845 προϐλήτους,
747 5768 1104 5831 θεοστὲπτους
1147 5774 1205 5825 et
1235 5767 1348 5825 alia
1394 5769 1536 5825 talia
1574 5769 1977 5838 nominabant,

2096 4583 2271 4637 super
2300 4583 2358 4621 se
2389 4566 2853 4631 semicircellum,
2886 4568 2942 4621 id
2975 4577 3059 4622 est
3088 4568 3547 4623 circumﬂexum.
3581 4566 3725 4621 Nam

2094 4638 2500 4708 circumflexus
2531 4640 2589 4694 in
2620 4638 2736 4692 illis
2764 4638 3120 4694 membranis
3143 4638 3357 4708 ubique
3387 4637 3731 4694 semieircel-

2092 4707 2214 4763 lum
2263 4726 2509 4778 pronum
2544 4710 2843 4773 referebat,
2880 4710 2933 4763 id
2983 4714 3071 4763 est
3119 4707 3315 4776 talem,
3348 4711 3514 4779 cujus
3560 4708 3727 4762 ambo

2090 4794 2310 4833 cornua
2340 4781 2607 4834 deorsum
2653 4781 3069 4851 prospicerent.
3117 4779 3285 4835 Venit
3325 4780 3498 4850 igitur
3527 4780 3583 4832 in
3616 4779 3727 4851 hoc

2091 4865 2322 4920 quoque
2379 4852 2550 4905 verbo
2583 4867 2715 4917 usu,
2776 4849 2929 4921 quod
2988 4851 3239 4922 singulis
3287 4849 3432 4922 pene
3500 4849 3726 4919 paginis

2091 4922 2811 4994 observatur‘contigisse,
2862 4942 2897 4990 η
2948 4939 3049 4993 pro
3088 4942 3134 4976 ει
3179 4922 3357 4977 fuisse
3399 4926 3723 4994 exaratum,

2090 4997 2149 5067 et
2192 4992 2416 5067 φθογγεῖ
2455 4992 2563 5063 legi
2614 4992 2845 5067 debere,
2893 4992 2975 5067 id:
2999 5000 3086 5048 est
3116 4999 3290 5049 sonat.
3342 4992 3602 5067 Φθογγεῖν
3632 5004 3719 5041 ra-

2088 5058 2214 5141 rius
2272 5058 2649 5141 veteres-pro
2724 5063 3042 5141 φθέγγεσθαι
3108 5069 3415 5141 usurpant,
3474 5058 3719 5137 probum

2087 5138 2282 5188 tamen
2307 5139 2414 5207 est.
2450 5133 2748 5190 Habemus
2773 5133 2884 5190 hoc
2912 5137 3116 5207 capite,
3169 5133 3627 5207 habebimusquie
3663 5133 3717 5179 in

2088 5205 2467 5275 sequentibus
2517 5206 2791 5261 formulas
2845 5197 3279 5273 responsionum
3328 5204 3383 5255 in
3429 5197 3717 5275 laudibus.

2087 5265 2187 5330 seu
2222 5276 2447 5347 phonas
2476 5285 2526 5330 et
2559 5265 2993 5345 antiphonas,'a
3039 5276 3378 5331 cantoribus
3425 5274 3482 5321 et
3505 5265 3719 5347 populo

2085 5333 2343 5403 vicis‘sim
2375 5349 2658 5402 cantando
2685 5333 2979 5411 recitatae,
3022 5360 3269 5416 quarum
3302 5333 3624 5416 ex‘emwufr}
3659 5336 3717 5387 ίῐι

2087 5418 2341 5471 Ecclesia
2371 5417 2566 5471 Latina
2593 5418 2688 5486 qui
2727 5420 2914 5470 videre
2938 5403 3153 5486 c'up‘iat,
3184 5406 3439 5486 invi-niet
3470 5403 3717 5482 tepidum

2086 5490 2237 5558 apud
2274 5488 2354 5543 Du
2389 5489 2573 5555 Gange
2597 5485 2785 5560 Gloss.
2832 5485 3028 5560 Latin;
3061 5502 3121 5560 _v_.
3156 5485 3367 5560 Festum
3415 5487 3716 5560 affueram,

2086 5548 2183 5613 ubi
2222 5562 2487 5628 vocatorc:
2508 5548 2899 5627 appellantur,
2933 5556 3027 5623 qui
3061 5553 3153 5628 h_ic
3183 5548 3417 5628 κρᾶκται
3435 5548 3594 5628 sunt.

2158 5627 2404 5699 (45)};514
2456 5617 2700 5699 ουιίὰᾶς,
2746 5632 2836 5681 est
2855 5617 3034 5699 rion
3080 5617 3719 5699 grecifchrgves‘tgg.

2085 5679 2928 5766 ουὶυῦθξςίνξιηῖξὺμῶνξνίά.
2996 5691 3196 5745 Codin.
3264 5681 3423 5748 ΟῙΙῖε·
3484 5692 3540 5744 P-
3598 5679 3718 5742 125,

2084 5786 2142 5823 n.
2177 5769 2264 5821 40.
