4154 6302
440 397 553 461 211
1507 391 2038 458 CONSTANTINI
2083 390 2092 448 l

2205 390 2777 456 RPHYROGENITI
2822 444 2827 451 .
3724 394 3846 460 213

517 531 591 588 II.
625 532 888 589 Secunda
910 530 1163 604 receptio
1186 537 1316 586 ante
1346 532 1539 600 portas
1570 529 1910 585 Sanctorum
1938 525 2090 597 Apo—

2275 522 2518 599 Β’.Δοχή
2626 522 2731 598 πρὸ
2759 526 2867 577 τῶν
2891 520 3080 578 πυλῶν
3113 523 3221 576 τῶν
3241 519 3441 598 Ἀγίων
3464 522 3845 581 Ἀποστόλων.

444 621 727 676 stolorum
764 636 862 675 seu
896 621 954 676 in
986 618 1232 675 scholis:
1269 622 1384 673 stat
1413 617 1492 672 ibi
1522 617 1794 672 tribunus
1823 614 2092 671 Prasino-

2205 609 2368 685 ἤγουν
2419 610 2496 675 εἷς
2537 611 2634 674 τὰς
2678 610 2909 687 σχολάς.
2943 608 3167 685 Δέχεται
3201 607 3371 665 ἐκεῖσε
3420 611 3448 664 6
3482 607 3845 687 δημοκράτης

445 725 574 765 rum
604 724 705 765 seu
730 708 1028 764 excubitor
1050 723 1180 763 cum
1206 706 1453 762 factione
1470 705 1732 771 Prasina,
1754 708 1812 761 et
1832 703 2091 761 nondum

2205 704 2307 754 τῶν
2393 701 2697 777 Πρασίδων,
2755 700 2923 774 ἤγουν
2986 700 3014 753 6
3101 692 3474 767 ἐκσκούὸιτος,
3532 702 3664 773 μετὰ
3746 706 3847 758 τοῦ

449 816 515 856 eo
533 799 859 871 progressis
881 797 1157 861 dominis,
1181 799 1450 853 cantores
1465 809 1601 851 voce
1622 792 1743 850 toni
1762 793 1839 849 III
1859 792 2089 848 dicunt:

448 911 477 939 ιι
513 888 618 955 Qui
651 887 776 943 sine
809 894 987 943 matre
1032 885 1090 942 in
1140 884 1284 941 ccslo
1323 888 1433 954 est,
1466 885 1594 940 sine
1638 886 1804 955 patre
1852 883 1910 937 in
1942 886 2094 937 terra

452 977 736 1034 nascitur.
772 976 801 1025 ἡ
844 976 1056 1031 Aliud:
1117 998 1145 1025 ιι
1180 976 1350 1031 Sator
1396 978 1454 1029 et
1510 976 1736 1030 amicus
1790 971 2094 1029 hominum

452 1066 626 1123 homo
657 1066 816 1122 nasci
840 1069 1016 1121 amat.
1050 1086 1076 1116 r.
1115 1063 1375 1120 Dominis
1405 1066 1601 1119 autem
1631 1061 2001 1118 venientibus
2040 1066 2097 1116 et

452 1155 513 1211 in
546 1153 715 1210 solita
745 1155 993 1210 statione
1043 1169 1153 1208 sua
1196 1167 1299 1208 seu
1344 1167 1572 1207 camera
1621 1150 2096 1215 subsistentibus,

454 1250 717 1300 cantores
748 1243 985 1297 dicunt:
1022 1263 1050 1292 ι‹
1083 1238 1317 1309 Multos,
1349 1239 1591 1309 multos,
1625 1239 1843 1295 multos
1863 1238 1891 1293 ?
1922 1259 1949 1287 ››
1983 1238 2096 1293 Ρο-

454 1330 669 1401 palus:
727 1350 751 1381 ιι
789 1329 998 1385 Multos
1051 1343 1236 1383 annos
1292 1326 1374 1382 in‘
1414 1326 1668 1383 multos!
1706 1349 1726 1375 ι
1789 1326 2095 1382 Cantores:

456 1440 485 1468 «
522 1419 717 1489 Longa
747 1418 906 1472 vobis
937 1422 1219 1487 tempore,
1263 1431 1296 1470 a
1323 1415 1603 1472 Trinitate
1650 1414 1851 1470 electi!
1895 1436 1923 1464 ι)
1971 1413 2099 1469 Cla-

458 1514 575 1559 mat
608 1510 664 1560 et
694 1504 942 1576 populus
970 1510 1087 1559 ter:
1118 1526 1147 1553 «
1180 1503 1403 1561 Sancte.
1438 1523 1465 1551 ››
1496 1506 1809 1559 Cantores:
1846 1524 1873 1552 ιι
1906 1507 2092 1574 Longa

2211 1500 2463 1578 λέγουσιν
2512 1502 2564 1556 οἱ
2612 1501 2838 1575 κράκται
2873 1518 2885 1533 ·

454 1593 624 1648 vobis
680 1598 947 1663 tempora
1002 1592 1070 1647 N.
1103 1592 1171 1647 N.
1232 1592 1547 1662 imperator
1602 1590 2096 1646 Romanorum!»

2203 795 2494 864 περατικοῦ
2552 789 2736 865 δήμου
2812 793 2919 844 τῶν
2988 788 3294 861 Ηρασίνων,
3352 790 3439 844 καὶ
3506 792 3675 864 μήπω
3738 798 3849 848 τῶν

2205 875 2484 935 δεσποτῶν
2569 879 2883 958 φθασάντων
2970 876 3163 948 ἒκεῖσε,
3235 875 3486 951 λέγουσιν
3578 881 3630 934 οἱ
3712 882 3847 956 κρά-

2202 988 2323 1023 κται
2392 969 2492 1038 τὴν
2558 968 2742 1046 φωνήν
2802 966 2850 1003 ⁷²
2905 967 3015 1041 (46)
3072 962 3173 1040 ἤχ.
3228 966 3275 1042 γ’
3325 985 3338 998 ⁸
3400 989 3429 1018 ιι
3476 967 3538 1024 Ὀ
3612 967 3851 1043 ἀμήτωρ

2207 1056 2259 1112 ἐν
2347 1056 2621 1132 οὐρανοῖς,
2677 1055 2902 1130 ἀπάτωρ
2972 1053 3207 1110 τίκτεται
3293 1054 3382 1110 ἐπὶ
3466 1061 3567 1126 τῆς
3640 1064 3764 1131 γῆς.
3820 1083 3843 1113 ι

2207 1142 2415 1202 ’Ἄλλοι
2452 1164 2465 1178 ⁵
2495 1170 2523 1198 ιι
2555 1147 2616 1203 Ὀ
2649 1144 2951 1225 φυτουργὸς
2983 1147 3091 1198 τῶν
3124 1143 3423 1218 ἀνθρώπων
3457 1141 3851 1221 φιλάνθρωπος

2206 1231 2561 1310 καταδέχεται
2609 1235 2895 1308 ἄνθρωπος
2954 1238 3304 1309 γεννηθῆναι.
3366 1256 3395 1285 n
3456 1234 3560 1290 Καὶ
3619 1232 3686 1303 δὴ
3738 1240 3849 1291 τῶν

2209 1322 2482 1379 δεσποτῶν
2530 1321 2848 1401 ἐρχομένων
2894 1322 2982 1379 rati
3038 1320 3347 1395 ἱσταμένων
3381 1320 3459 1386 εἷς
3487 1323 3579 1378 τὸν
3619 1323 3852 1389 εἰωθότα

2207 1412 2372 1468 τόπον
2403 1415 2502 1482 τῆς
2531 1413 2705 1467 αὐτῶν
2741 1412 2977 1472 στάσεως
3007 1411 3074 1480 ⁷³,
3101 1411 3271 1488 ἤγουν
3314 1410 3389 1473 εὶς
3437 1412 3536 1477 τήν
3580 1413 3854 1489 καμάραν,

2924 1522 2953 1551 ‹‹
3002 1498 3215 1570 Πολλὰ,
3246 1497 3455 1556 πολλὰ.
3487 1499 3673 1557 πολλά
3709 1522 3722 1535 ·
3757 1527 3785 1555 »
3821 1504 3849 1558 6

2213 1591 2366 1657 λαός’
2403 1615 2430 1643 ιι
2455 1587 2652 1645 Πολλὰ
2681 1586 2774 1659 ἔτη
2807 1589 2883 1651 είς
2912 1587 3119 1645 πολλά.
3152 1612 3182 1641 ››
3215 1590 3283 1646 Οἱ
3311 1589 3560 1663 κράκται’
3579 1614 3607 1645 ιι
3636 1590 3854 1648 Πολλοὶ

459 1681 686 1737 Clamat
715 1686 771 1735 et
804 1681 1048 1753 populus
1076 1683 1199 1736 ter:
1250 1699 1277 1729 ‹‹
1309 1679 1536 1735 Sancte.
1573 1702 1601 1729 »
1650 1680 1966 1735 Cantores:
2000 1680 2092 1736 τε

2215 1681 2339 1752 ὑμῖν
2391 1680 2607 1755 χρόνοι,
2639 1680 2674 1747 ἠ
2707 1676 2912 1755 ἐκλογή
2961 1684 3061 1748 τῆς
3108 1675 3364 1753 Τριάδος.
3398 1681 3637 1757 Φθογγεῖ
3682 1682 3774 1737 καὶ
3825 1684 3855 1736 6

458 1792 485 1819 ιι
519 1769 714 1840 Longa
741 1768 901 1825 vobis
929 1777 1207 1841 tempora,
1231 1767 1437 1823 famuli
1463 1767 1692 1825 Domini
1715 1768 1728 1822 t
1751 1790 1781 1818 »
1814 1768 2034 1825 Clamat
2050 1775 2092 1823 et

2214 1768 2347 1831 λαὸς
2378 1766 2434 1823 ἐκ
2463 1768 2533 1842 γ’,
2556 1788 2580 1822 σ
2613 1768 2831 1842 Ἃγιε.»
2862 1767 2926 1820 Οἱ
2955 1767 3182 1840 κράκται
3207 1786 3219 1797 ·
3255 1790 3284 1819 ιι
3320 1765 3533 1824 Πολλοὶ
3566 1769 3692 1842 ὑμῖν
3722 1769 3857 1845 χρό-

457 1858 705 1928 populus
735 1862 856 1913 ter:
916 1879 943 1908 «
973 1857 1202 1914 Sancte.
1239 1879 1267 1908 »
1318 1858 1631 1914 Cantores:
1693 1856 1892 1929 Longa
1938 1858 2092 1915 vobis

2205 1878 2308 1923 νοι,
2332 1858 2360 1910 6
2393 1853 2541 1911 δεῖνα
2590 1854 2683 1913 καὶ
2732 1856 2760 1911 ὁ
2810 1852 2958 1910 δεῖνα
3012 1856 3367 1929 αὐτοκράτωρ
3399 1858 3446 1892 ⁷⁴
3476 1858 3787 1931 Ῥωμαίων·
3827 1881 3855 1911 ι)

458 1949 741 2015 tempora,
774 1946 840 2002 N.
873 1946 941 2002 N.
975 1947 1244 2017 Augustis
1278 1945 1704 2002 Romanorum!
1741 1966 1769 1995 »
1798 1945 2024 2002 Clamat
2047 1955 2092 2003 et

2209 1947 2450 2021 Φθογγεῖ
2478 1944 2569 1999 καὶ
2600 1945 2628 1998 6
2660 1942 2795 2006 λαὸς
2828 1943 2888 2000 ἐκ
2914 1943 3123 2017 τρίτου⁶
3157 1967 3185 1997 ιι
3217 1947 3399 2019 ”Δγιε.
3435 1971 3455 1998 ι
3490 1946 3558 2005 Οἱ
3605 1946 3854 2019 κράκται·

460 2034 710 2105 populus
740 2038 862 2091 ter:
897 2056 924 2085 «
958 2034 1185 2091 Sancte.
1220 2055 1249 2082 »
1280 2035 1558 2089 Cantores
1590 2050 1602 2087 :
1652 2055 1680 2084 ιι
1717 2035 1910 2106 Longa
1940 2036 2092 2093 vobis

2212 2057 2242 2087 ιι
2271 2032 2484 2090 Πολλοὶ
2520 2035 2647 2106 ὑμῖν
2689 2032 2903 2108 χρόνοι,
2941 2034 2994 2088 οἱ
3041 2034 3366 2108 θεράποντες
3415 2039 3511 2091 1:05
3561 2036 3795 2111 Κυρίου.
3826 2059 3858 2091 ››

459 2128 743 2193 tempora,
766 2122 1017 2189 Domini,
1041 2138 1174 2180 cum
1203 2122 1562 2195 augustabus
1592 2130 1647 2179 et
1667 2122 2092 2196 porphyrogen-

2210 2126 2451 2199 Φθογγεῖ
2507 2123 2598 2179 καὶ
2655 2124 2683 2178 6
2736 2120 2870 2186 λαὸς
2926 2122 2987 2178 ἐκ
3034 2124 3083 2198 γ’
3115 2146 3143 2175 ‹‹
3173 2125 3356 2198 Ἃγιι.
3390 2147 3420 2177 ιι
3452 2124 3521 2182 Oi.
3577 2127 3808 2200 κράκται
3841 2146 3856 2161 ο

463 2212 608 2266 netis
633 2211 681 2266 ί»
707 2211 931 2268 Clamat
961 2216 1017 2268 et
1046 2210 1298 2283 populus
1324 2230 1373 2270 :«
1406 2210 1758 2269 Diuturnam
1790 2212 1939 2269 Deus
1968 2230 2092 2271 san.

2211 2238 2240 2267 ιι
2272 2211 2488 2271 Πολλοὶ
2523 2213 2649 2287 ὑμῖν
2683 2211 2907 2287 χρόνοι,
2939 2213 2968 2266 6
3001 2208 3150 2268 δεῖνα
3195 2213 3286 2268 καὶ
3318 2214 3345 2267 ὁ
3378 2210 3525 2268 δεῖνα
3555 2214 3860 2291 Λῦγοῦσται

462 2306 631 2368 ctam,
664 2303 774 2356 etc.
805 2322 833 2349 »

2211 2307 2318 2358 τῶν
2347 2300 2661 2375 Ῥωμαίων.
2697 2306 2936 2378 Φθογγεῖ
2984 2300 3074 2355 καὶ
3132 2301 3160 2354 6
3202 2300 3333 2365 λαὸς
3357 2300 3417 2357 ἐκ
3445 2304 3515 2377 γ’⁴
3551 2325 3581 2355 ιι
3611 2305 3795 2379 ”Δγιι.
3828 2327 3858 2358 »

463 2388 532 2444 Οἱ
586 2387 810 2460 κράκται
845 2406 858 2421 ·
904 2412 931 2439 ιι
970 2385 1180 2444 Πολλοὶ
1241 2388 1368 2461 ὑμῖν
1428 2391 1647 2464 χρόνοι,
1682 2387 1960 2461 δεσπόται,
1994 2391 2085 2447 σὺν
2135 2394 2254 2456 τάῖς
2312 2391 2638 2466 αὐγούσταις
2694 2392 2784 2446 καὶ
2830 2396 2949 2453 τοῖς
2978 2394 3524 2468 προφυρογεννήτοις.
3559 2418 3582 2449 ι
3621 2395 3866 2469 Φθογγιῖ

460 2475 554 2531 ναὶ
586 2477 613 2530 6
642 2475 773 2536 λαός
801 2492 816 2506 ⁸
841 2499 869 2528 ιι
902 2476 1276 2550 Πολυχρόνιον
1308 2480 1529 2546 ποιήσει
1559 2479 1587 2531 6
1618 2480 1748 2541 Θεὸς
1771 2482 1869 2549 τὴν
1902 2479 2055 2555 ἁγίαν
2097 2477 2375 2557 βασιλείαν
2406 2500 2498 2541 σας
2531 2479 2606 2541 εἷς
2637 2478 2825 2535 πολλὰ
2852 2478 2969 2551 ἔτη.
3004 2504 3032 2532 ››

535 2569 633 2631 III.
685 2569 951 2638 Receptio
999 2570 1164 2625 tertia
1210 2571 1361 2625 intra
1410 2571 1688 2626 cbalcen:
1740 2576 1851 2627 stat
1889 2572 1969 2627 ibi
2001 2574 2092 2630 tri-

2286 2572 2359 2627 I".
2392 2572 2548 2645 Δοχή
2579 2572 2628 2644 γ’
2672 2565 2881 2626 ἔνδοθεν
2935 2578 3038 2641 τῆς
3096 2572 3318 2649 χαλκῆς
3353 2593 3366 2608 °
3408 2571 3623 2649 δέχεται
3684 2574 3859 2633 ἐκεῖσε

462 2658 660 2713 bunus
689 2658 1038 2712 Venetorum
1070 2673 1169 2713 seu
1219 2659 1576 2715 domesticus
1606 2658 1937 2717 scholarum
1967 2678 2092 2719 cum

2213 2660 2241 2721 ὁ
2274 2656 2632 2735 δημοκράτης
2660 2665 2766 2716 τῶν
2804 2662 3055 2731 Βενὲτων,
3088 2662 3256 2737 ἤγουν
3318 2663 3345 2717 6
3401 2659 3721 2736 δομὲστικος
3753 2671 3862 2721 τῶν

460 2745 708 2802 factione
736 2745 975 2810 Veneta,
997 2752 1053 2802 et
1083 2748 1345 2803 nondum
1378 2763 1442 2803 eo
1474 2749 1794 2821 progressis
1824 2750 2092 2821 dominis1

2212 2747 2454 2823 σχολῶν,
2491 2750 2626 2821 μετὰ
2680 2753 2777 2804 τοῦ
2835 2754 3130 2825 περατικοῦ
3188 2749 3371 2824 δήμου
3428 2756 3536 2806 τῶν
3596 2754 3858 2825 Βενὲτων,

459 2838 726 2891 cantores
767 2851 900 2891 voce
946 2834 1071 2891 toni
1120 2836 1196 2891 ΙΙΙ
1241 2835 1481 2892 dicunt:
1534 2858 1563 2887 ιι
1595 2838 1816 2894 Peccati
1862 2843 2092 2896 catenas

2206 2838 2297 2892 καὶ
2350 2839 2521 2910 μήπω
2567 2842 2675 2894 τῶν
2728 2835 3024 2909 δεσποτῶν,
3058 2840 3370 2915 φθασάντων
3422 2839 3617 2915 ἐκεῖσε,
3652 2840 3859 2918 λέγου-

458 2924 557 2994 qui
616 2923 790 2995 fregit
840 2923 1014 2990 Deus,
1048 2924 1239 2980 fasciis
1295 2925 1355 2981 in
1385 2926 1628 2997 praesepi
1683 2925 2031 2983 involvitur:
2065 2949 2092 2978 ›ι

2205 2945 2286 2979 σιν
2334 2926 2386 2979 oi.
2424 2926 2651 2999 κράκται
2704 2928 2803 2995 τὴν
2834 2927 3017 3002 φωνὴν
3051 2926 3152 3005 ἤχ.
3187 2929 3268 3002 γ”
3308 2949 3334 2982 ι
3375 2929 3570 3002 Σειρᾶς
3602 2931 3856 3006 ῥηγνύων

456 3010 598 3066 laetas
627 3016 825 3066 autem
857 3012 1306 3069 acclamationes
1334 3029 1362 3068 θ
1416 3014 1750 3072 cantoribus
1794 3018 1851 3071 et
1880 3015 2092 3087 populo

2205 3016 2303 3079 τῆς
2331 3014 2595 3088 ἁμαρτίας
2640 3019 3042 3091 σπαργανοῦται
3088 3018 3217 3079 Θεὸς
3259 3016 3309 3072 ἦν
3367 3017 3570 3094 φάτνῃ·
3609 3044 3630 3070 ι
3684 3022 3752 3075 τὰ
3794 3019 3857 3078 δὶ

456 3102 522 3153 ut
564 3098 622 3153 in
681 3104 898 3155 caeteris
951 3099 1377 3170 receptionibus
1438 3102 1774 3161 recitantur.
1831 3103 2092 3174 Receptio

2205 3110 2304 3173 τῆς
2364 3101 2634 3181 εὐφημίας
2693 3104 2827 3160 ἅκτα
2880 3102 3097 3176 ᾅδονται
3156 3109 3302 3182 παρά
3347 3129 3406 3162 τε
3454 3113 3560 3164 τῶν
3600 3116 3852 3185 κρακτῶν

456 3188 665 3257 quarta
688 3189 855 3242 extra
912 3186 1192 3242 cbalcen:
1250 3193 1365 3244 stat
1414 3189 1688 3246 tribunus
1739 3190 2092 3249 Venetorum

455 3289 585 3329 cum
616 3273 865 3330 factione
907 3273 1058 3341 alba,
1108 3275 1425 3348 dicuntque
1471 3282 1737 3335 cantores
1786 3296 1921 3335 voce
1972 3282 2093 3338 toni

453 3359 640 3416 tertii:
677 3380 703 3414 ί
739 3360 919 3417 Stella
948 3363 1246 3433 praecurrit
1274 3368 1330 3419 et
1376 3364 1529 3420 lucet
1579 3366 1641 3421 in
1698 3365 1999 3438 spelunca,
2032 3371 2095 3424 ut

453 3448 637 3520 Magis
666 3449 976 3506 Dominum
1018 3451 1160 3507 solis
1192 3452 1479 3509 ostendat.
1532 3454 1681 3510 Puer
1723 3455 1876 3511 enim
1911 3474 2089 3528 appa-

454 3536 590 3601 ruit,
622 3539 677 3590 et
707 3552 839 3592 caro
869 3553 899 3592 e
929 3537 1168 3609 Virgine
1189 3540 1497 3609 pristinam
1518 3542 1725 3596 Adami
1755 3542 2093 3599 inobedien-

453 3623 597 3679 tiam
627 3625 913 3683 exstinxit.
960 3629 1089 3696 Ipse
1136 3628 1498 3698 majestatem
1530 3638 1805 3699 vestram,
1839 3632 2091 3702 Domini,

451 3727 555 3784 per
575 3711 806 3784 longam
840 3718 1163 3785 temporum
1195 3716 1405 3773 seriem
1438 3718 1509 3773 ad
1532 3718 1777 3776 salutem
1797 3720 2092 3776 Romano-

453 3816 581 3855 rum
638 3802 909 3858 servabit.
946 3824 974 3853 »
1029 3803 1255 3860 Faustae
1300 3811 1494 3861 autem
1554 3808 2001 3866 acclamationes
2059 3828 2091 3865 a

451 3890 784 3945 cantoribus
813 3894 870 3944 et
899 3890 1137 3961 populo,
1170 3897 1235 3948 ut
1282 3893 1341 3948 in
1395 3894 1582 3965 prima
1621 3897 1949 3967 receptione
1997 3898 2090 3954 di-

447 3979 572 4030 tum
604 3975 734 4045 fuit,
767 3977 1134 4034 recitantur.‘

514 4234 608 4291 IV.
638 4163 918 4306 Eeceptio
950 4235 1156 4307 quinta
1187 4238 1257 4293 ad
1305 4238 1587 4295 Achillem
1649 4258 1822 4314 quem
1883 4253 2091 4305 vocant

443 4338 622 4394 prope
654 4339 926 4395 magnam
960 4328 1187 4395 portam
1218 4326 1449 4384 Meletii.
1483 4328 1568 4384 Ibi
1598 4331 1869 4389 tribunus
1899 4335 2085 4393 Prasi-

2202 3192 2293 3247 καὶ
2322 3196 2423 3247 τοῦ
2454 3190 2613 3265 λαοῦ,
2636 3195 2817 3259 καθὼς
2844 3194 2933 3249 καὶ
2964 3194 3014 3249 ἐν
3042 3200 3163 3257 ταῖς
3196 3200 3416 3263 λοιπαῖς
3449 3193 3668 3272 δοχαῖς.
3695 3203 3854 3277 Δογή

2203 3275 2249 3345 δ’
2280 3276 2469 3350 ἔξωθεν
2526 3288 2626 3352 τῆς
2684 3283 2937 3357 χαλκῆς·
2976 3280 3193 3357 δέχεται
3252 3283 3425 3340 ἐκεῖσε
3477 3286 3504 3340 ὁ
3557 3275 3858 3363 δήμαρχος

2202 3374 2310 3425 τῶν
2344 3368 2579 3428 Βενὲτων
2612 3373 2745 3445 μετὰ
2779 3377 2876 3429 τοῦ
2908 3370 3090 3445 δήμου
3119 3376 3217 3429 τοῦ
3250 3376 3467 3443 λευκοῦ,
3499 3376 3589 3431 καὶ
3652 3375 3854 3451 λέγουο

2203 3478 2284 3511 σιν
2313 3459 2366 3513 οἱ
2396 3459 2621 3533 κράκται
2652 3464 2753 3530 τήν
2787 3464 2972 3539 φωνὴν
3023 3462 3129 3537 ἤχ.
3169 3464 3215 3536 γ’
3248 3480 3262 3495 ’
3298 3486 3326 3514 ιι
3361 3465 3568 3538 Ἀστὴρ
3615 3464 3855 3542 προτρέ-

2204 3564 2294 3619 χει
2323 3549 2412 3601 καὶ
2447 3547 2652 3620 λάμπει
2684 3548 2735 3604 ἐν
2767 3547 3046 3622 σπηλαίῳ,
3076 3552 3166 3607 τὸν
3213 3552 3485 3623 Δεσπότην
3538 3557 3635 3609 τοῦ
3683 3554 3855 3624 ἡλίου

2200 3639 2317 3697 τοῖς
2374 3636 2587 3709 Μάγοις
2635 3642 3050 3710 καταμηνῦσαι·
3113 3640 3310 3717 βρέφος
3371 3640 3478 3715 γὰρ
3546 3637 3727 3721 ὤφθη,
3758 3644 3854 3701 καὶ

2201 3721 2326 3797 σάρξ
2378 3722 2437 3779 ἐκ
2492 3731 2591 3794 τῆς
2648 3727 2919 3802 Παρθένου
2974 3729 3072 3796 τήν
3115 3728 3350 3785 παλαιὰν
3412 3734 3691 3804 παρακοήν
3751 3737 3854 3789 τοῦ

2196 3808 2376 3886 Ἀδὰμ
2423 3811 2730 3890 ἑξηφάνιζεν
2762 3818 2826 3875 ⁷⁵.
2860 3816 3052 3882 Ἀὐτὸς
3091 3818 3154 3873 τὸ
3215 3819 3260 3855 ’⁸⁸
3303 3820 3500 3892 κράτος
3547 3821 3724 3894 ὑμῶν,
3761 3819 3851 3878 δε-

2199 3900 2413 3969 σπόται,
2449 3902 2523 3963 εἰς
2585 3910 2761 3975 μῆκος
2828 3904 3045 3980 χρόνων
3106 3906 3329 3985 φυλάξει
3415 3908 3491 3972 είς
3568 3909 3846 3987 ἀνέγερσιν

2197 3987 2505 4060 Ῥωμαίων.
2543 4014 2571 4042 ››
2600 3992 2681 4047 Τὰ
2722 3990 2779 4047 δὲ
2826 4000 2928 4062 τῆς
2960 3994 3232 4072 εὐφημίας
3263 3994 3396 4052 ἅκτα
3425 3993 3645 4069 ᾅδονται
3700 3998 3849 4072 παρά

2194 4096 2254 4130 τε
2295 4081 2403 4131 τῶν
2453 4084 2700 4153 κρακτῶν
2729 4080 2820 4136 καὶ
2871 4085 2968 4137 τοῦ
3019 4082 3178 4156 λαοῦ,
3211 4086 3387 4149 καθὼς
3445 4086 3535 4142 καὶ
3584 4086 3636 4142 ἐν
3679 4092 3751 4163 τῇ
3794 4090 3849 4143 α’

2199 4161 2342 4241 δοχῇ
2376 4164 2611 4241 εἷ’ρηται.

2268 4260 2337 4308 Δ’.
2372 4256 2525 4333 Δοχή
2586 4257 2625 4310 ε’
2655 4256 2730 4320 εἷς
2781 4258 2872 4313 τὸν
2934 4259 3228 4336 λεγόμενον
3270 4262 3541 4338 Ἀχιλλέα
3600 4263 3849 4337 πλησίον

2195 4346 2295 4411 τῆς
2341 4343 2589 4419 μεγάλης
2631 4344 2813 4419 πύλης
2862 4355 2961 4418 τῆς
3013 4348 3286 4407 Μελετίου
3343 4353 3389 4389 ⁷⁷
3431 4355 3544 4428 (47)
3575 4373 3587 4385 ’
3624 4351 3847 4430 δέχεται

1806 4457 2030 4515 νΑιιω
2070 4460 2479 4523 LECTIONES.

518 4560 564 4596 ’τι
585 4564 972 4641 ἐτῇφωὶρῇεάέ
1074 4565 1118 4600 ⁷⁸
1145 4570 1436 4641 καταστάσ,
1468 4573 1559 4629 ed.

1662 4574 1715 4652 7f
1739 4573 2095 4652 αιξτοκράτορ.
2131 4581 2258 4638 cod.

441 4632 504 4685 τὸ
535 4632 717 4690 θᾶζὸί
785 4632 833 4671 ⁷⁷⁷
858 4632 1007 4690 Μελι
1036 4632 1433 4716 superscripto
1458 4662 1488 4697 τ
1519 4645 1670 4714 cod.,
1701 4632 1950 4716 Μελέτής
1981 4632 2235 4722 subivit.

2359 4583 2406 4619 ’⁷⁸
2444 4582 2754 4663 ξξαφανίζον
2787 4592 2937 4660 Cod.,
2965 4589 3290 4665 ὲξαφανίσων
3324 4595 3475 4666 conj.
3510 4596 3577 4651 R.
3652 4594 3700 4631 ⁷⁸
3730 4595 3842 4653 Pro

1491 4767 1695 4828 JOAN.
1725 4772 1865 4829 JAC.
1899 4774 2161 4833 REISKII
2198 4779 2774 4841 COMMENTARIUS.

513 4893 855 4991 (tﬁl‘i’honla
880 4898 1441 4991 estni‘lleuhgymnus,
1473 4906 1569 4988 qui
1621 4906 2084 4991 citatur,_6_&p.wﬁ-
2111 4915 2160 4973 D
2194 4913 2379 4991 ξιιιᾴἱί
2407 4915 2557 4991 idem
2591 4917 2728 4985 sint,
2762 4919 2945 4991 liquet
2974 4923 3133 4979 illam
3165 4924 3423 4982 tabulam
3458 4930 3622 4982 atate
3652 4927 3840 4983 Theo-

440 4984 579 5037 τωρ.
606 4972 740 5034 etc.,
773 4973 830 5023 et
875 4968 1055 5026 echus
1110 4968 1221 5054 seu
1263 4968 1439 5030 tonus'
1461 4968 1601 5059 eius.
1629 4982 1714 5033 est
1744 4968 2080 5037 mo'dula'tid.

438 5037 649 5093 Pbonze
682 5040 1027 5096 succedebat
1055 5043 1374 5101 antmhona
1404 5047 1623 5101 nonuli.

1263 5061 1374 5101 ΟΠΕ
1404 5061 1623 5101 οουιιιι.

507 5059 649 5093 Ionas
682 5059 1027 5096 succeaeoan
1055 5059 1374 5115 annpnona
1445 5059 1623 5117 opuu.

507 5109 622 5182 (47)
653 5108 1030 5182 Subintellige
1065 5117 1259 5182 μονῆς.
1295 5116 1370 5171 De
1401 5062 1511 5173 Eoo
1552 5121 1901 5175 monasterio
1934 5121 2083 5177 nihil

433 5179 664 5256 invenio
695 5182 847 5250 apud
879 5179 1279 5256 Du—Cangein
1326 5188 1505 5243 Const.
1541 5187 1741 5246 Christ.
1791 5191 1854 5246 In
1887 5193 2081 5249 codice

437 5254 526 5305 est
553 5246 699 5305 Μελε
736 5246 881 5306 ὀυω
934 5246 1202 5311 littera":
1249 5259 1506 5329 superim
1555 5260 1723 5328 osita,
1773 5246 2078 5319 undefieri

437 5337 666 5385 quoque
691 5330 909 5385 poterat
947 5322 1216 5385 Μελέτης.
1255 5329 1462 5385 Studii.
1513 5276 1580 5385 Et
1609 5348 1748 5385 sane
1778 5334 1861 5385 sic
1892 5339 2078 5385 exstat

436 5337 666 5396 quoque
691 5330 909 5396 poterat
930 5322 1216 5396 >M$1€tn<,
1255 5322 1462 5385 Studii.
1513 5322 1580 5386 Et
1609 5322 1748 5387 sane
1778 5334 1861 5388 sic
1892 5339 2081 5390 exstat

437 5338 666 5444 quoque
691 5338 909 5391 peierat
947 5338 1216 5405 Μελετης,
1255 5338 1462 5385 b‘tudii.
1513 5338 1580 5386 Et
1609 5348 1748 5387 sane
1778 5338 1861 5388 sic
1892 5339 2077 5390 exstat

437 5392 756 5479 p.73itam_
786 5394 843 5479 in
878 5394 1149 5465 editione,
1175 5402 1440 5479 quamin
1460 5402 1833 5479 membranis,
1867 5404 2077 5461 litteris

438 5463 710 5545 omnibus
742 5463 1267 5545 integreexaratis.
1286 5471 1526 5545 “Eratne
1555 5490 1688 5545 ergo
1739 5463 1847 5529 hoc
1879 5492 2076 5531 mona-

443 5535 684 5604 sterium
719 5535 940 5591 celebre
968 5536 1107 5593 illud
1140 5542 1333 5604 studii.
1371 5544 1522 5599 unde
1562 5535 1898 5600 Theodorus
1940 5550 2074 5601 Stu-

445 5602 565 5657 dila
597 5608 651 5683 et
696 5604 800 5683 alii
831 5609 1242 5683 _pr_odie_runt?
1299 5602 1517 5670 Suntne
1548 5616 1699 5671 idem
1756 5615 2070 5683 Meletiana,

443 5673 659 5756 quain
692 5673 1352 5756 tabulaﬁfeutingenaria
1380 5702 1571 5756 prope
1617 5684 1795 5756 CPlini
1842 5673 2075 5756 conspi;

443 5744 724 5799 ciuntur‘!
751 5746 806 5800 Si
860 5744 1153 5808 Μειιιίαπᾶ
1170 5759 1226 5809 et
1254 5753 1319 5807 τὰ
1374 5744 1622 5824 Μελίτης
1652 5761 1708 5811 et
1765 5744 2070 5812 Canobiitm

2192 4985 2340 5068 desii
2389 4986 2572 5042 multo
2622 4985 2991 5050 recentiorem
3038 5011 3183 5068 esse.
3236 4995 3493 5068 Allegavi
3537 4998 3689 5054 inter
3717 4999 3836 5057 alia

2192 5054 2554 5137 hocgup‘g‘ue
2587 5068 2999 5137 argumentum
3031 5054 3397 5122 evincendis”
3416 5054 3832 5125 recentissimos

2186 5126 2343 5197 aetati
2402 5126 2562 5184 illius
2621 5126 2831 5186 tabulas
2858 5135 2916 5189 in
2976 5138 3309 5193 recensione
3339 5154 3498 5193 novas
3556 5140 3832 5197 editionis

2185 5195 2325 5265 Vien
2338 5200 2533 5254 nensis
2550 5202 2607 5253 in
2624 5199 2819 5259 libello
2830 5211 3116 5264 menstruo
3133 5210 3441 5265 vernacule
3454 5210 3737 5265 edit0.'Ay
3751 5195 3832 5265 ιλζ

2189 5262 2314 5349 λεὺὲ
2348 5275 2466 5349 erat
2497 5287 2710 5349 nomen
2741 5262 3121 5349 thermarum,
3147 5262 3827 5349 *haad'ﬁibéﬁi’csifééa

2184 5342 2241 5423 et
2271 5338 2954 5423 sanctamSophiamN.
2978 5347 3065 5423 Du
3098 5338 3289 5423 Cange
3316 5338 3823 5423 CPI.Christ.p.88.

2184 5408 2277 5463 Sic
2309 5410 2472 5466 dictas
2506 5412 2612 5466 illa:
2643 5408 2883 5471 thermas
2915 5436 2947 5473 a
2977 5418 3191 5474 celebri
3210 5408 3431 5477 istatua
3471 5408 3710 5477 Achillis
3742 5424 3825 5479 ibi

2182 5481 2517 5569 canamque.
2553 5483 2676 5540 Mos
2707 5487 2913 5569 nempe
2943 5495 3065 5569 erat
3109 5492 3247 5569 illis
3273 5493 3819 5569 temporibus-ther-

2182 5564 2306 5603 mas
2336 5553 2594 5621 publicas
2623 5573 2653 5608 a
2685 5553 2893 5614 statuis
2942 5560 3021 5614 ibi
3079 5564 3284 5618 erectis
3342 5553 3699 5619 neminandi.
3733 5566 3819 5620 Ita

2179 5621 2330 5707 apud
2380 5623 2650 5707 Tripolin.
2694 5632 2827 5707 erat
2871 5629 3157 5707 balneum
3248 5634 3462 5707 Ἴκαρος
3523 5635 3739 5707 dictum
3783 5653 3816 5690 ο.

2179 5695 2373 5747 statua
2404 5694 2540 5749 Icari
2572 5695 2651 5750 ibi
2684 5699 2892 5769 posits,
2923 5705 3071 5758 teste
3102 5702 3313 5761 Malala
3340 5694 3383 5760 ιζ
3418 5706 3491 5771 ΙΙ,
3523 5721 3582 5776 p.
3612 5705 3703 5759 73.
