4126 6314
343 357 459 417 215

1401 342 1934 409 CONSTANTINI
1977 302 2680 408 PORPHYROGENITI

3626 306 3746 399 sic

346 507 495 561 pura
515 489 888 546 custuodiatl
924 509 947 540 ι)
983 484 1447 543 Acclamationes
1477 499 1510 538 ει
1558 476 1892 536 cantoribus
1921 478 1981 530 et

2121 476 2259 544 ἥσει,
2292 478 2325 545 ἡ
2359 481 2431 552 γῆ
2490 477 2552 534 δὸ
2583 478 2856 550 σπήλαιον
2919 476 3224 549 εὐτρεπίζει
3271 470 3620 561 ὑποδέξασθαι
3651 473 3745 528 τὸν

348 579 582 649 populo,
616 582 679 633 ut
711 595 888 649 supra
918 578 987 632 de
1033 578 1222 647 prima
1255 571 1583 642 receptione
1623 566 1843 621 reditus
1873 565 1980 619 ob-

350 662 1289 734 servatum,recitantur.Receplio
1320 660 1488 715 tertia
1519 658 1670 712 intra
1701 654 1935 710 chalcen
1963 670 1978 709 :

351 758 561 828 excipit
592 758 672 811 ibi
719 756 1127 825 imperatorem
1177 751 1448 805 tribunus
1473 746 1828 801 Venetorum
1878 760 1982 799 seu

350 845 698 899 domesticus
728 841 1053 897 scholarum
1076 854 1205 893 cum
1241 834 1489 891 factione
1516 831 1988 898 Veneta,dicunt—

353 947 463 1001 que
512 936 774 985 cantores
822 927 1171 1000 apelaticum
1226 928 1384 981 tomo
1434 923 1550 979 III:
1585 943 1614 971 ‹‹
1646 919 1986 976 Paradisum

353 1021 412 1074 in
445 1020 600 1074 Eden
632 1018 789 1089 virgo
820 1016 1182 1072 Bethlehemi
1215 1014 1459 1085 aperuit,
1492 1017 1604 1068 etc.
1635 1032 1664 1062 »
1694 1008 1990 1065 Acclama-

353 1107 538 1163 tiones
570 1123 700 1161 vero
731 1124 765 1162 a
794 1105 1129 1161 cantoribus
1159 1108 1216 1161 et
1245 1102 1483 1175 populo,
1502 1107 1567 1156 ut
1596 1100 1654 1156 in
1688 1098 1879 1171 prima
1901 1113 1992 1153 re-
2045 1171 2049 1175 ν

354 1197 614 1266 ceptione
643 1195 889 1263 dictum,
923 1194 1254 1251 recitantur.

357 1280 537 1354 δήμου
583 1287 663 1337 τῶ
724 1284 978 1353 Βενὲτων,
1018 1281 1110 1336 καὶ
1150 1279 1403 1355 λέγουσιν
1438 1280 1490 1334 οἱ
1546 1276 1771 1352 κράκται
1830 1274 1921 1328 τὸν
1983 1272 2308 1331 ἆπελατικὸν
2556 1279 2657 1356 ἤχ.
2726 1280 2795 1353 γ’”

2086 568 2195 617 τῶν
2229 563 2376 619 ὅλων
2416 571 2677 639 ποιητήν
2711 566 2840 622 ἀλλ’
2870 566 3033 627 αὐτὸς
3070 566 3098 619 6
3128 567 3226 633 τὴν
3261 560 3521 638 ἡμετέραν
3571 583 3744 636 προσ-

2090 647 2395 725 λαϐόμενος
2428 657 2599 729 σάρκα
2626 655 2686 711 ἔκ
2713 664 2813 725 τῆς
2866 652 3164 728 Ηαρθὲνου,
3194 653 3293 720 τήν
3348 653 3499 724 ὑμῶν
3528 643 3597 687 δί’
3625 653 3749 706 θεό-

2088 762 2315 798 στεπτον
2365 743 2644 817 βασιλείαν
2669 742 2895 821 φυλάξει
2950 742 3003 797 ἐν
3057 746 3126 815 τῇ
3183 739 3459 817 πορφύρᾳ.
3494 764 3522 793 ι)
3572 741 3655 797 Τὰ
3685 738 3753 795 δὲ

2095 831 2265 899 τῆς⁸²
2323 833 2594 910 εὐφημίας
2643 832 2777 889 ἅκτα
2835 830 3058 904 ᾅδονται
3115 830 3261 902 παρὰ
3317 833 3426 883 τῶν
3493 834 3743 903 κρακτῶν

2094 920 2185 973 καὶ
2212 925 2309 975 τοῦ
2340 920 2497 992 λαοῦ,
2528 924 2707 988 καθὼς
2734 923 2826 977 καί
2857 920 2911 976 ἐν
2940 924 3009 993 τῇ
3040 921 3231 993 πρώτῃ
3253 916 3396 994 δοχῇ
3426 924 3568 992 τῆςῇ
3619 919 3751 973 ὑπο-

2099 1012 2340 1086 στροφῆς
2368 1008 2607 1082 εἴρηται.
2668 1013 2815 1086 Δογή
2865 1010 3024 1086 τρίτη
3092 1002 3302 1063 ἔνδοθεν
3359 1014 3460 1076 τῆς
3507 1008 3750 1082 χαλκῆς.

2102 1094 2319 1171 δέχεται
2378 1098 2593 1154 κάκεῖσε
2658 1101 2686 1154 6
2747 1096 3104 1173 δημοκράτης
3132 1101 3241 1152 τῶν
3293 1095 3547 1163 Βενέτων,
3580 1098 3747 1173 ἤγουν

2105 1185 2132 1238 ὁ
2166 1182 2489 1259 δομέστικος
2544 1193 2651 1243 τῶν
2702 1186 2947 1263 σχολῶν,
3011 1186 3144 1260 μετὰ
3200 1186 3416 1240 καὶτοῦ
3454 1189 3754 1260 περατικοῦ

2883 1302 2912 1329 ‹‹
2987 1278 3095 1333 Τὸν
3180 1272 3348 1348 Ἐδὲμ
3426 1269 3751 1350 παράδεισον

355 1371 584 1444 ἠνέῳξεν
643 1372 694 1427 ἐν
752 1371 1007 1444 Βηθλεὲμ
1063 1373 1098 1440 ἡ
1159 1372 1427 1445 Παρθενος
1484 1391 1537 1437 ι,
1596 1366 1686 1421 καὶ
1730 1365 1796 1419 τὰ
1834 1365 1980 1435 ἑξῆς.
2042 1364 2123 1420 Τὰ
2181 1362 2239 1419 δὲ
2265 1374 2366 1436 τῆς
2393 1367 2663 1444 εὐφημίας
2694 1365 2827 1422 ἅκτα
2858 1364 3076 1438 ᾅδονται
3107 1366 3254 1439 παρά
3282 1386 3339 1420 τε
3366 1370 3472 1421 νῶν
3509 1370 3759 1441 κρακτῶν

356 1463 447 1516 καὶ
475 1468 573 1518 τοῦ
605 1463 761 1532 λαοῦ,
794 1464 973 1526 καθὼς
1000 1462 1090 1516 καὶ
1121 1460 1173 1517 ἐν
1208 1465 1278 1535 τῇ
1311 1461 1502 1537 πρώτῃ
1538 1456 1683 1537 δοχῇ
1712 1462 1813 1524 τῆς
1845 1456 2191 1528 ὑποστροφῆς
2225 1454 2458 1531 εἷ’ρηται.

429 1556 525 1611 VI.
556 1556 822 1626 Receptio
853 1563 1060 1626 quarta
1091 1554 1165 1609 ad
1194 1554 1433 1609 Sanctos
1460 1551 1761 1622 Apostolos
1791 1562 1894 1602 seu
1924 1545 1999 1600 ad

362 1645 592 1701 scholas
624 1662 636 1698 :
663 1649 776 1699 stat
805 1644 884 1698 ibi
926 1644 1197 1698 tribunus
1230 1642 1597 1696 Prasinorum
1629 1655 1730 1695 seu
1763 1635 2000 1692 excubi-

362 1739 452 1788 tor
501 1749 630 1787 cum
683 1732 932 1787 factione
970 1730 1230 1799 Prasina,
1277 1734 1335 1783 et
1376 1733 1644 1783 cantores
1692 1730 1821 1795 ejus
1865 1740 1999 1779 voce

362 1822 484 1876 toni
535 1804 611 1874 ll'l
665 1821 912 1875 dicunt:
950 1841 977 1870 «
1007 1820 1115 1883 Qui
1161 1824 1485 1874 creaturam
1535 1832 1766 1872 omnem
1797 1813 2002 1886 implet

2179 1548 2244 1610 ς’.
2306 1548 2457 1623 Δοχή
2527 1547 2755 1623 τετάρτη
2814 1548 2892 1610 εὶς
2951 1546 3080 1609 τοὺς
3139 1548 3323 1621 ἁγίους
3379 1546 3748 1613 ἀποστόλους,

2106 1633 2273 1708 ἤγουν
2323 1635 2400 1698 εἰς
2455 1636 2549 1698 τὰς
2597 1635 2828 1714 σχολάς·
2880 1632 3097 1713 δέχεται
3138 1635 3354 1689 κάκεῖσε
3392 1636 3420 1689 ὁ
3469 1631 3752 1709 δημοκρά-

2106 1744 2209 1791 της
2237 1727 2346 1778 τῶν
2384 1724 2685 1799 Πρασίνων,
2717 1725 2884 1800 ἤγουν
2917 1723 2944 1777 ό
2977 1718 3327 1785 ἐκσκούϐιτος
3378 1723 3513 1797 μετὰ
3541 1725 3632 1777 καὶ
3659 1727 3760 1778 τοῦ

2110 1818 2410 1886 περατιιιοῦ
2456 1812 2641 1885 δήμου
2701 1818 2807 1868 τῶν
2867 1813 3175 1888 Πρασίνων.
3238 1813 3341 1869 Καὶ
3409 1813 3657 1885 Λέγουσιν
3707 1813 3760 1866 οἱ

363 1910 605 1979 ejusque
635 1907 907 1963 dominus
954 1911 1057 1975 est,
1092 1922 1209 1962 non
1240 1905 1403 1962 inani
1447 1904 1838 1961 exinanitione
1867 1919 2000 1974 pro—

2113 1902 2338 1975 κράκται
2367 1905 2464 1956 τοῦ
2519 1900 2813 1976 περατικυῦ
2865 1904 2963 1971 τήν
3012 1902 3205 1975 φωνὴν
3236 1898 3338 1978 ἤχ.
3377 1901 3445 1974 γ’·
3491 1922 3520 1953 ι(
3563 1901 3623 1958 Ὀ
3655 1901 3760 1954 πά-

363 2002 487 2067 pter
536 2013 642 2051 nos
688 1994 1039 2060 exinanitur,
1082 1999 1147 2049 ut
1193 1995 1475 2049 mundum
1526 1993 1884 2064 superiorem
1936 2007 2004 2047 ex

364 2100 574 2156 genere
604 2088 804 2139 nostro
844 2082 1105 2138 inferiori
1155 2081 1417 2154 impleat.
1448 2081 1578 2152 Ipse
1607 2081 1734 2136 vitae
1767 2080 2009 2153 largitor

365 2190 544 2229 cornu
557 2179 843 2241 vestrum,
861 2173 1092 2228 Domini
1109 2172 1168 2227 in
1182 2172 1319 2227 orbe
1334 2172 1605 2227 universo
1618 2170 2002 2227 exaltabit25

367 2274 683 2331 gentesque
710 2276 913 2316 omnes
936 2261 992 2314 in
1024 2260 1353 2316 servitutem
1377 2259 1618 2331 rediget,
1641 2267 1694 2315 et
1717 2259 2010 2330 majestati

366 2357 573 2407 vestris
611 2365 852 2404 munera
884 2349 1036 2404 sicut
1076 2347 1231 2419 magi
1274 2348 1536 2404 offerant.
1565 2370 1594 2399 »
1627 2348 2009 2404 Acclamatio-

370 2453 474 2492 nes
502 2454 535 2491 a
556 2437 884 2492 cantoribus
904 2441 961 2491 et
983 2435 1217 2507 populo,
1234 2441 1299 2490 ut
1319 2438 1376 2489 in
1410 2437 1662 2493 secunda
1685 2438 2013 2507 receptione

373 2525 597 2578 dictum
650 2524 1060 2579 instituuntur.
1111 2524 1323 2587 Quinta
1365 2525 1424 2579 in
1468 2525 1745 2579 tribunali
1790 2541 1891 2580 seu
1944 2527 2011 2580 ad

382 2611 624 2681 lychnos
649 2629 661 2666 :
686 2620 796 2667 stat
826 2613 905 2666 ibi
937 2612 1207 2666 tribunus
1233 2611 1582 2667 Venetorum
1610 2628 1711 2668 seu
1743 2613 2015 2668 domesti-

382 2715 489 2755 cus
535 2700 865 2755 scholarum
913 2716 1045 2754 cum
1099 2700 1434 2755 transitoria
1484 2702 1728 2756 factione
1773 2701 2014 2772 Veneta,

383 2788 700 2861 dicuntque
748 2794 1013 2844 cantores
1063 2787 1404 2858 apelaticum
1457 2790 1576 2844 toni
1610 2789 1682 2845 III
1717 2806 1730 2844 :
1770 2809 1793 2838 ι
1842 2790 2018 2847 Stella

381 2878 683 2947 pra-currit
703 2876 971 2946 lucetque
992 2875 1051 2930 in
1085 2875 1536 2947 spelunca,etc.»
1558 2878 2019 2934 Acclamationes

381 2981 415 3020 a
436 2964 647 3035 populo
660 2969 715 3020 et
737 2964 1227 3029 cantoribus,utin
1249 2964 1437 3034 prima
1458 2966 2018 3036 receptionediotum

381 3053 719 3107 recitantur.
771 3052 1084 3107 Sciendum
1136 3059 1245 3121 est,
1292 3053 1363 3107 ad
1410 3069 1673 3108 normam
1724 3054 2021 3126 ritumque

381 3141 510 3195 festi
563 3140 741 3210 hujus
783 3141 1141 3210 receptiones
1170 3145 1228 3196 et
1275 3141 1719 3197 acclamationes
1769 3144 1826 3198 in
1873 3145 2020 3202 festo

2109 2010 2210 2060 σης
2240 1991 2468 2052 κτίσεως
2520 1989 2824 2066 πληρωτὴς
2878 1989 2969 2044 καὶ
3002 1986 3271 2060 δεσπότης
3301 1989 3559 2062 ἀκενώτῳ
3587 1994 3753 2045 κενώ-

2110 2099 2192 2134 σει
2220 2082 2319 2145 τῆς
2350 2080 2489 2155 πρὸς
2515 2081 2663 2152 ἡμᾶς
2685 2079 3017 2146 ἐκκενοῦται,
3049 2077 3142 2133 ’ίνα
3188 2078 3281 2133 τὸν
3324 2076 3437 2133 ἂνω
3485 2077 3761 2153 πληρώσῃ

2111 2167 2316 2241 κόσμον
2342 2167 2417 2240 ⁶ἐκ
2460 2172 2557 2222 τοῦ
2596 2171 2757 2242 ἡμῶν
2792 2168 3107 2223 κατωτάτου
3156 2165 3369 2243 γένους
3403 2168 3431 2222 6
3482 2165 3761 2238 ζωοδότης

2113 2255 2274 2318 αὐτὸς
2330 2257 2391 2311 τὸ
2438 2254 2598 2329 κέρας
2656 2257 2834 2329 ὑμῶν,
2893 2252 3171 2323 δεσπόται,
3207 2255 3481 2329 ἀνυψώσει
3528 2255 3580 2310 ἐν
3611 2255 3759 2331 πάσῃ

2112 2350 2182 2419 τῇ
2232 2344 2551 2420 οἰκουμένῃ,
2600 2345 2666 2399 τὰ
2717 2340 2841 2415 ἔθνη
2895 2344 3074 2399 πάντα
3104 2340 3376 2398 δουλώσει
3400 2348 3498 2399 τοῦ
3529 2347 3760 2421 προσφε-

2119 2454 2248 2508 ρειν,
2299 2435 2372 2495 ὡς
2424 2436 2475 2488 οἱ
2519 2434 2709 2511 μάγοι,
2740 2435 2809 2488 τὰ
2862 2431 3011 2506 δῶρα
3047 2432 3117 2507 τῇ
3152 2433 3303 2505 ὑμῶν
3343 2431 3611 2508 βασιλείᾳ·
3644 2456 3664 2483 ι
3698 2432 3768 2487 τὰ

2121 2521 2178 2577 δὲ
2221 2528 2321 2592 τῆς
2380 2523 2650 2599 εὐφημίας
2697 2520 2832 2577 ἅκτα
2898 2518 3116 2592 ᾅδονται
3162 2522 3309 2595 παρά
3355 2542 3415 2576 τε
3472 2526 3580 2577 τῶν
3631 2541 3768 2596 κρα-

2121 2615 2262 2665 κτῶν
2289 2610 2380 2665 καὶ
2410 2614 2506 2666 τοῦ
2535 2608 2694 2679 λαοῦ,
2743 2610 2925 2670 καθὼς
2956 2609 3047 2664 καὶ
3069 2609 3126 2665 ἐν
3148 2615 3217 2684 τῇ
3247 2609 3469 2686 δευτέρᾳ
3501 2607 3649 2685 δοχῇ
3690 2609 3768 2664 εἷ’·

2126 2719 2285 2775 ρηται
2314 2702 2378 2754 ”.
2440 2701 2594 2778 Δοχή
2640 2699 2862 2772 πέμπτη
2887 2697 2965 2761 είς
3003 2699 3067 2753 τὸ
3097 2694 3497 2774 τριϐουνάλιον,
3530 2699 3702 2776 ἤγουν
3726 2701 3775 2735 ⁸⁴

2122 2789 2198 2851 εἷς
2226 2788 2352 2851 τοὺς
2409 2788 2666 2863 λύχνουςο
2727 2785 2941 2861 δέχεται
3002 2786 3177 2843 ἐκεῖσε
3225 2786 3639 2865 ὁδημοκράτης
3662 2793 3773 2844 τῶν

2123 2877 2386 2948 Βενὲτων,
2426 2875 2598 2952 ἤγουν
2646 2878 2673 2931 ὁ
2732 2874 3056 2949 δομὲστικος
3086 2882 3193 2932 τῶν
3237 2875 3484 2953 σχολῶν,
3521 2877 3657 2942 μετὰ
3684 2879 3776 2933 καὶ

2124 2970 2220 3020 τοῦ
2248 2971 2545 3041 περατικσῦ
2599 2963 2780 3040 δήμου
2826 2970 2934 3021 τῶν
2998 2968 3254 3035 Βενὲτων,
3305 2966 3396 3024 καὶ
3437 2964 3690 3042 λέγουσιν
3719 2967 3773 3022 οἱ

2125 3056 2349 3127 κράκται
2400 3056 2463 3109 τὸ
2520 3054 2843 3110 ἀπελατικὸν
2877 3056 2925 3091 ⁸⁵
2970 3056 3071 3129 ἤχ.
3132 3057 3201 3129 γ’”
3235 3079 3264 3107 ‹‹
3299 3055 3502 3130 Ἀστὴρ
3552 3056 3779 3129 προτρὲ-

2124 3163 2212 3218 χει
2253 3145 2344 3198 καὶ
2398 3143 2604 3217 λάμπει
2662 3144 2717 3199 ἐν
2769 3143 3051 3217 σπηλαίῳ,
3085 3169 3114 3197 ››
3174 3145 3264 3199 καὶ
3318 3148 3385 3199 τὰ
3430 3145 3573 3217 ἑξῆς.
3609 3145 3693 3201 Τὰ
3718 3142 3777 3199 δὲ

380 3227 714 3292 Luminum,
764 3235 963 3283 sancto
1009 3228 1306 3296 Paschate,
1340 3236 1540 3285 sancta
1588 3234 1920 3288 Pentecoste
1951 3241 2002 3290 et

2122 3239 2223 3302 τῆς
2280 3232 2552 3306 εὐφημίας
2609 3231 2743 3288 am
2800 3231 3021 3304 ᾅδονται
3086 3233 3233 3307 παρά
3286 3253 3344 3287 τε
3380 3236 3488 3288 τῶν
3527 3237 3774 3307 κρακτῶν

377 3318 524 3371 {esto
557 3316 1111 3384 Transmutationis,
1136 3320 1259 3371 tum
1284 3318 1538 3372 dominis
1567 3320 1633 3373 ad
1669 3320 1889 3375 Sanctae
1915 3322 2019 3378 So-

379 3403 525 3472 phia;
558 3404 930 3471 abeuntibus,
958 3409 1074 3459 tum
1110 3405 1243 3459 inde
1273 3405 1345 3459 ad
1373 3406 1653 3475 palatium
1688 3411 2020 3466 revertenti-

377 3493 507 3559 bus,
541 3492 790 3549 institui.

2127 3322 2218 3375 καὶ
2247 3325 2344 3376 τοῦ
2385 3320 2543 3393 λαοῦ,
2576 3323 2757 3386 καθὼς
2785 3323 2877 3377 καί
2908 3321 2959 3377 ἐν
3007 3324 3077 3395 τῇ
3134 3323 3327 3396 πρώτῃ
3361 3319 3506 3400 δοχῇ
3540 3322 3775 3398 εἴρηται.

2126 3408 2338 3467 Εἷδέναι
2407 3408 2463 3465 δὲ
2520 3413 2655 3484 χρὴ,
2688 3413 2775 3467 ’ὁτι
2832 3432 2969 3466 κατα
3023 3411 3113 3466 τὸν
3162 3409 3331 3466 τύπον
3360 3411 3451 3466 καί
3499 3413 3599 3480 τήν
3625 3412 3774 3482 τάξιν

2122 3499 2325 3571 ταύτης
2371 3507 2471 3569 τῆς
2521 3502 2716 3574 ἑορτῆς
2768 3501 3092 3577 γίνονταιαὶ
3156 3497 3319 3556 δοκαὶ
3370 3507 3465 3556 καῖ
3504 3501 3776 3578 εὐφημίαι

377 3584 476 3647 τῆς
531 3600 589 3632 τε
644 3581 688 3615 ⁸⁸
745 3578 937 3653 ἑορτῆς
993 3585 1099 3635 τῶν
1159 3581 1354 3656 φώτων
1410 3581 1500 3635 καὶ
1548 3588 1648 3651 τῆς
1707 3584 1899 3658 ἑορτῆς
1945 3587 2041 3641 τοῦ
2101 3587 2255 3663 ἁγίου
2312 3590 2508 3663 Πάσχα
2562 3590 2651 3643 καὶ
2724 3595 2826 3658 τῆς
2881 3590 3081 3663 ἑορτῆς
3136 3596 3235 3659 τῆς
3293 3590 3447 3665 ἁγίας
3493 3595 3768 3660 Πεντηκο-

378 3674 508 3737 στῆς
557 3670 605 3705 ⁸⁷
652 3668 741 3723 καί
779 3677 877 3739 τῆς
925 3670 1118 3744 ἑορτῆς
1163 3678 1261 3740 τῆς
1304 3673 1801 3748 μεταμορφώσεως,
1839 3676 1929 3730 καὶ
1966 3677 2237 3734 ἀπιόντων
2289 3676 2343 3733 ἒν
2401 3683 2471 3752 τῇ
2531 3678 2659 3753 ἁγίᾳ
2724 3678 2906 3752 Σοφίᾳ
2961 3683 3069 3735 τῶν
3130 3676 3407 3735 δεσποτῶν
3456 3681 3548 3735 καὶ
3605 3678 3774 3735 πάλιν

375 3757 469 3813 ἀπ’
491 3758 654 3829 αὐτῆς
693 3759 1135 3838 ὑποστρεφὸντων
1164 3760 1215 3814 ἐν
1245 3760 1322 3833 τῷ
1350 3760 1621 3834 παλατίῳ.

1009 3868 1241 3924 CAPUT
1282 3868 1372 3923 IlI.

372 3955 585 4009 Festum
634 3955 977 4026 Epiphaniae.
1014 3958 1257 4011 Duarum
1295 3960 1609 4026 factionum
1653 3961 2010 4017 acclamatio-

1130 4041 1246 4080 ηαδ.

442 4112 713 4183 Receptio
775 4114 982 4182 prima,
1043 4117 1416 4181 Venetorum,
1471 4133 1578 4170 vox
1622 4118 1741 4172 toni
1789 4119 2009 4191 obliqui

370 4197 489 4255 IV:
531 4221 559 4249 ι(
610 4199 786 4256 Hodie
846 4201 895 4255 is
951 4201 1052 4271 qui
1105 4202 1419 4257 draconum
1478 4204 1666 4275 capita
1725 4206 1780 4260 in
1841 4210 2009 4278 aquis

2752 3879 3010 3935 ΚΕΦΑΑ.
3062 3879 3136 3938 Γ’.

2314 3964 2510 4038 Ἐορτὴ
2541 3968 2651 4019 τῶν
2682 3966 2888 4020 Φώτων
3104 3968 3272 4023 Ἀκτα
3300 3970 3410 4022 τῶν
3452 3964 3576 4021 δύο·

2892 4058 2917 4091 ε
2955 4058 3050 4091 ων.

2190 4122 2345 4197 Δοχή
2362 4123 2687 4197 πρώτη,τῶν
2705 4057 3125 4197 Βενέτῗυίφωνή
3140 4125 3242 4200 ῆχ.
3259 4124 3425 4201 πλαγ.
3451 4123 3514 4186 δ’.
3530 4149 3560 4179 (ς
3580 4127 3658 4197 Σή
3670 4146 3768 4198 με·

2122 4226 2212 4282 ρον
2245 4209 2272 4262 ὁ
2312 4210 2600 4286 συντρίψας
2624 4210 2675 4267 ἐν
2711 4210 2868 4268 ὕδασι
2904 4215 3000 4277 τὰς
3031 4213 3275 4288 κεφαλὰς
3311 4221 3422 4272 τῶν
3455 4213 3768 4291 δρακόντων

1703 4329 1947 4386 VARI/E
1987 4333 2406 4392 LECTIOMES.

437 4435 478 4470 ⁸¹
519 4436 677 4504 ἡμῶν
710 4437 801 4491 ed.
913 4434 1027 4491 ⁸²τᾶ
1053 4437 1112 4491 1‘s
1139 4444 1240 4506 τῆς
1259 4441 1349 4495 ed.

1451 4440 1499 4476 ⁸³
1527 4440 1615 4495 καὶ
1649 4441 1747 4530 είρ.
1780 4441 1932 4518 ἐντῇ
1965 4443 1993 4500 δ

2131 4452 2222 4507 ed.
2261 4451 2344 4487 '3‘
2373 4452 2536 4520 ἤτουν
2574 4456 2703 4512 cod.
2753 4455 2814 4512 h.
2865 4457 2903 4513 l.
2946 4461 3002 4514 et
3032 4458 3279 4530 passim.
3363 4459 3408 4495 ⁸⁵
3462 4458 3757 4514 άπελάτιον

366 4526 456 4582 ed.
491 4525 585 4582 hic
630 4530 693 4581 ut
722 4531 777 4581 et
809 4525 944 4582 alibi
978 4545 1395 4601 nonnunquam
1469 4532 1516 4567 ⁸⁸
1546 4538 1646 4600 τῆς
1680 4529 1736 4586 δὲ
1761 4536 1850 4592 ed.
1924 4534 1971 4571 ⁸⁷

2113 4546 2367 4609 τεκοστῆς
2398 4544 2488 4598 ed.

1400 4655 1598 4711 JOAN.
1638 4655 1783 4712 JAC.
1828 4657 2091 4715 REISKII
2132 4662 2707 4722 COMMENTARIUS

572 4788 881 4885 ‘Ciarm‘i‘nis
921 4800 1038 4885 ξιτ-ι)
1362 4811 1545 4885 geuus
1590 4798 1696 4885 hoc
1742 4815 1873 4880 esse
1928 4798 1998 4885 li?
2028 4803 2077 4862 D
2109 4804 2277 4859 ritate
2304 4813 2508 4885 cantus
2532 4825 2749 4885 nomen
2796 4811 3019 4880 habuit,
3051 4830 3187 4869 voce
3218 4817 3373 4869 velut
3404 4833 3504 4885 per
3529 4818 3643 4873 vim
3680 4821 3745 4874 ad

365 4868 536 4940 quet;
572 4877 688 4915 non
732 4862 892 4940 item,
927 4864 1078 4918 unde
1126 4866 1345 4940 dictum
1364 4862 1475 4922 'sit.
1507 4864 1758 4938 Cogitari
1805 4877 1999 4940 posset
2107 4890 2345 4932 cursum
2379 4862 3022 4937 adactaivu—t—‘m—otEta—ni

360 4930 554 5009 fuisse
585 4933 867 5009 carminis
906 4948 1111 5009 genus,
1145 4937 1301 5005 quod
1332 4930 1693 4995 accineretur
1740 4930 1996 5009 abeunti,

361 5017 474 5071 quo
504 5002 707 5057 abiens
727 5002 1271 5076 _1t90611éu1tero,_tlut
1300 5015 1494 5076 quota
1525 5002 1998 5076 promoventibus

360 5082 685 5150 caneretur,
871 5072 1281 5129 ἀπελαυνόντων
1316 5072 1467 5150 ’πρὸς
1514 5072 1906 5148 ἀπελαύνοντα,
1936 5093 1996 5136 ut

358 5146 540 5222 nostri
574 5145 658 5198 sic
690 5144 825 5222 dicti
878 5150 1146 5222 Marsa/ie
1176 5153 1327 5222 sunt
1361 5144 1600 5222 moduli,
1647 5152 1744 5222 qui
1780 5168 1812 5205 a
1844 5144 1996 5208 tubis

357 5218 416 5294 et
450 5215 739 5285 tympanis
771 5216 1119 5294 accinuntur
1141 5218 1423 5274 militibus
1446 5220 1501 5274 in
1536 5215 1992 5294 acie'_proceden-

356 5284 512 5338 tibus
549 5302 562 5339 :
598 5294 697 5340 aut
728 5289 1100 5354 repetendam
1131 5305 1259 5343 esse
1297 5305 1491 5344 vocem
1526 5293 1597 5346 ab
1629 5284 1725 5346 illa
1759 5293 1816 5346 in
1850 5295 1993 5348 actis

354 5354 701 5433 populorum
746 5357 1049 5433 frequenti
1068 5359 1310 5433 formula
1357 5358 1550 5428 ἀπελα,
1584 5360 1779 5429 ἀπέλα,
1811 5366 1992 5433 abige,

355 5426 536 5492 abige,
566 5433 628 5478 ut
658 5428 713 5479 in
752 5426 1269 5485 acclamationibus
1317 5426 1543 5487 concilii
1583 5436 1616 5485 5
1647 5426 1854 5488 CPtani
1885 5426 1992 5490 s'ub

352 5492 521 5571 Mena
570 5512 595 5571 Ξ
639 5495 843 5571 Ἀπὲλα
897 5498 963 5552 τὰ
1021 5503 1115 5552 τοῦ
1160 5499 1467 5571 Ἀκεφάλου
1535 5501 1708 5557 ἀπέλα
1760 5504 1827 5558 τά
1881 5509 1989 5559 τῶν

352 5562 655 5649 αἷίριετικᾶξν.
704 5568 1099 5649 'ln'exemplis
1136 5562 1345 5649 tamen
1396 5576 1830 5643 apelaticorum,
1863 5594 1988 5647 quas

351 5639 408 5687 et
440 5634 531 5716 hic
561 5640 623 5716 et.
663 5636 800 5716 alibi
833 5634 1257 5716 nostricodicis
1306 5634 1651 5715 produntur,
1703 5634 1846 5702 nihil
1878 5634 1985 5716 Est,

350 5706 501 5771 quod
534 5709 632 5759 aut
663 5704 799 5762 huic
828 5716 925 5763 aut
955 5712 1036 5765 illi
1078 5704 1334 5784 opinioni
1365 5716 1569 5773 faveat.
1602 5704 1751 5775 Num
1782 5735 1816 5775 a
1847 5704 1988 5776 celo1

2234 4892 2345 4958 tum
2379 4886 2629 4961 adacta?
2656 4886 2719 4935 ut
2752 4886 3022 4961 metatum
3065 4888 3134 4953 (ν.
3175 4886 3256 4961 Du
3288 4887 3571 4961 C‘angeh.
3607 4893 3684 4961 ν.)
3715 4909 3742 4944 a

2109 4953 2324 5014 saepius
2355 4953 2594 5004 variatio
2642 4953 2795 5007 vocis
2828 4958 3005 5009 motu.
3056 4962 3170 5010 Aut
3216 4953 3543 5012 ἀπελατὶκὸν
3592 4953 3742 5016 idem

2107 5023 2212 5099 est,
2245 5019 2396 5087 quod
2428 5036 2677 5089 pensum,
2729 5030 3004 5092 quantum
3056 5025 3268 5099 aliquis
3300 5045 3503 5084 canere
3552 5032 3740 5099 debet,

2107 5091 2384 5172 ut.missa_
2414 5091 3265 5172 quoque__peu_sum__val_et§_V.
3313 5099 3398 5154 Du
3445 5100 3636 5172 Cange
3687 5091 3738 5157 νζ

2102 5160 2295 5239 missa,
2331 5159 2571 5239 ubi_ho_c
2622 5159 3077 5239 citat_Aure_liani
3109 5159 3361 5238 episcopi
3390 5187 3403 5225 :
3436 5159 3603 5237 lacifé
3646 5189 3743 5227 sea:

2101 5230 2300 5313 missas
2329 5230 2394 5284 de
2430 5235 2587 5286 Isaia
2613 5235 2898 5305 propheta,
2931 5237 2990 5292 h.
3037 5255 3087 5293 e.
3122 5230 3218 5294 δἐι
3269 5230 3586 5309 ἀπολύσεις,
3634 5241 3739 5296 ἀπ-

2103 5295 2333 5367 ελάσεις,
2366 5319 2549 5370 pensa.

2141 5372 2528 5452 _(51)ﬂnglum
2566 5374 2892 5452 femininum,
2924 5377 3011 5452 vel
3057 5380 3406 5452 Epiphaniae.
3439 5384 3648 5440 Incidit
3675 5385 3734 5440 in

2098 5440 2246 5523 utilem
2277 5443 2623 5523 6Januarii.
2674 5440 2921 5523 ‘Vidrllu
2955 5440 3370 5523 Carng'e'Gloss.
3423 5454 3519 5510 Gr.
3569 5456 3622 5509 h.
3678 5473 3730 5510 ν.

2096 5510 2414 5599 ISyrneon.
2439 5515 2609 5599 ,lVlsg'.
2648 5535 2700 5599 ρ’.
2736 5518 2855 5599 409.
2888 5510 3179 5599 Qrzttiovin
3232 5527 3393 5599 t'esto‘
3422 5526 3728 5599 Luminum

2096 5581 2347 5668 incipit:
2380 5581 2863 5668 τξῆἀλινξὸηἾησοῦς
2896 5587 3049 5668 ἐμός.
3084 5594 3728 5668 _Conti_n._Constantin.

2091 5667 2151 5777 ρ.
2187 5654 2272 5706 30.
2307 5654 2365 5708 S.
2395 5654 2653 5736 Gregorii
2687 5654 2936 5731 Νγεεθοῖ
2954 5662 3134 5719 oratio
3163 5666 3221 5720 in
3253 5666 3309 5721 S.
3345 5666 3593 5720 Lumina
3622 5684 3722 5722 seu

2114 5727 2302 5777 estum
2335 5725 2609 5777 banltsmi
2640 5727 2873 5777 Christi-
2925 5736 3187 5777 nnnnngin
3220 5737 3398 5777 nnrnin
3445 5734 3721 5777 nnlnhrnri

2114 5725 2302 5779 ’estum
2335 5725 2609 5797 baptismi
2640 5725 2876 5801 Christi,
2925 5736 3187 5791 accensis
3220 5737 3398 5793 cereis
3445 5734 3724 5793 celebrari
