4126 6314
223 396 307 456 ΞΠ

1111 406 1211 466 DE
1256 408 1706 469 CERIMONIIS
1752 408 1989 471 AULIE
2030 413 2499 480 ΒΥΖΑΝΤΙΝΕ
2541 420 2690 482 LlB.
2737 423 2782 482 Ι.

3525 426 3642 486 218

239 531 315 597 τὴν
340 527 596 606 κεφαλήν
632 532 938 588 ὐποκλίνει
969 538 1048 606 τῷ
1074 534 1378 610 προδρόμῳ
1408 536 1834 616 φιλανθρώπως.
1862 561 1890 590 >>

2005 549 2290 614 contudit,
2326 554 2663 622 praecursori
2711 559 2889 625 caput
2928 553 3110 608 amice
3162 552 3426 619 inclinat,
3463 576 3490 603 ››
3535 555 3644 611 Re-

253 620 378 694 λοχὴ
426 619 502 694 β’,
551 624 667 674 τῶν
715 623 1032 696 Πρασίνων,
1060 627 1209 697 φωνὴ
1258 625 1429 702 πλαγ.
1460 626 1500 681 δ’
1528 645 1540 660 ³
1583 651 1612 679 ‹‹
1660 628 1892 700 Χριστὸς

256 710 435 785 irritat
457 707 691 784 λουτρῷ
722 711 873 785 ἁγίῳ
907 713 1003 780 τήν
1027 712 1078 782 ἐξ
1111 714 1275 777 ἐθνῶν
1310 716 1473 770 αὐτοῦ
1494 715 1845 785 Ἐκκλησίαν.
1864 739 1890 766 »

265 802 400 875 Δοχὴ
421 801 489 874 γ’,
518 804 624 853 τῶν
689 803 957 870 Βενὲτων,
982 804 1132 879 φωνὴ
1193 801 1294 878 ἤχ.
1331 805 1497 880 πλαγ.
1531 806 1576 859 α’
1601 826 1613 839 ·
1667 829 1695 856 ‹‹
1755 805 1890 879 Πυρὶ

265 892 499 958 θεότητος
573 886 626 942 ἒν
701 888 957 963 Ἰορδάνῃ
997 892 1043 926 ⁸⁸
1265 892 1445 968 φλόγα
1494 889 1734 949 σϐεννύει
1789 899 1890 959 τῇς

265 978 508 1051 ἁμαρτίας
561 1001 588 1028 ››
622 979 778 1051 Δοχή
835 977 901 1048 δ’,
946 983 1051 1033 τῶν
1111 981 1368 1047 Βενέτων,
1402 984 1553 1060 φωνή
1605 981 1777 1058 πλαγ.
1813 982 1890 1038 δ’⁶

267 1095 293 1120 οι
333 1071 389 1125 Ὀ
443 1065 778 1142 συνάναρχος
836 1072 914 1137 τῷ
971 1070 1138 1141 Πατρὶ
1199 1072 1327 1132 Θεὸς
1380 1070 1556 1147 Λόγος
1586 1073 1635 1107 ⁸9
1664 1071 1716 1126 ἐν
1751 1075 1892 1148 Ἰορ-

268 1158 383 1231 δάνῃ
410 1159 644 1230 σήμερον
699 1156 951 1230 προῆλθε
1009 1160 1389 1231 βαπτισθῆναι,
1422 1162 1513 1215 καὶ
1567 1164 1668 1230 τήν
1722 1163 1889 1236 κάραν

270 1245 538 1302 ὖποκλίνει
601 1243 876 1304 δουλικῶς
930 1250 1008 1318 τῷ
1065 1245 1390 1322 προδρόμῳ,
1427 1250 1484 1303 ’ὀν
1543 1251 1786 1324 οὐρανῶν
1838 1253 1891 1304 αἱ

268 1332 502 1406 δυνάμεις
555 1335 821 1406 τρέμουσι
859 1336 1169 1408 καθορῶσαι
1204 1357 1214 1368 ·
1268 1335 1397 1391 ἀλλ’
1455 1339 1483 1391 6
1540 1339 1633 1393 τὸν
1683 1339 1888 1412 κόσμον

267 1424 494 1499 φωτίσας
530 1427 597 1495 τῇ
646 1421 812 1476 αἱ)τοῦ
871 1423 1150 1501 ἐπιφανείᾳ
1200 1426 1405 1498 ὑψώσει
1451 1428 1542 1481 καὶ
1605 1427 1894 1500 μεγαλυνεῖ

263 1514 318 1566 τὸ
346 1512 540 1587 κράτος
569 1517 670 1579 τῆς
705 1511 855 1583 ὑμῶν
895 1512 1174 1586 βασιλείας
1215 1513 1290 1574 εἰς
1342 1515 1600 1589 εὐτυχίαν
1644 1516 1736 1570 καὶ
1797 1513 1893 1570 δό-

262 1600 344 1669 ξαν
371 1599 678 1673 Ῥωμαίων,
715 1624 742 1649 ››
794 1602 945 1674 Δοχή
997 1603 1057 1669 ε’,
1078 1606 1186 1656 τῶν
1235 1604 1540 1676 Πρασίνων,
1571 1603 1672 1678 ἤχ.
1724 1604 1890 1680 πλαγ.

259 1687 297 1742 δ’
321 1709 331 1719 ·
373 1715 392 1736 ι
421 1687 660 1762 Χριστὸς
691 1685 930 1742 ἐνδύεται
961 1690 1147 1764 ῥεῖθρα
1175 1689 1579 1765 φιλανθρώπως
1610 1697 1708 1746 τοῦ
1756 1695 1895 1766 Ἰορ-

258 1773 430 1831 δάνου.
465 1800 494 1826 ››
520 1777 672 1850 Δοχή
716 1777 780 1844 ς’,
811 1780 918 1830 τῶν
967 1777 1226 1846 Βενέτων,
1259 1782 1412 1851 φωνῆ
1465 1777 1566 1854 ἤχ.
1598 1780 1770 1855 πλαγ.
1803 1783 1850 1834 α’
1878 1801 1889 1813 ·

1999 637 2184 705 ceptio
2216 642 2491 710 secunda,
2527 643 2918 711 Prasinorum,
2966 659 3071 698 vox
3101 643 3223 698 toni
3266 642 3489 714 obliqui
3532 643 3643 699 IV:

1999 746 2028 773 «
2061 725 2320 782 Christus
2352 739 2551 786 sancto
2579 731 2804 787 lavacro
2835 731 3132 786 collectam
3175 732 3282 787 sibi
3314 749 3344 786 e
3373 732 3644 804 gentibus

1997 813 2304 870 Ecclesiam
2348 819 2608 887 expiat.»
2658 820 2925 890 Receptio
2994 821 3182 888 tertia,
3280 821 3644 889 Venetorum,

1998 918 2106 957 vox
2152 905 2272 958 toni
2324 907 2542 978 obliqui
2595 912 2651 966 I:
2708 913 2908 981 «Igne
2967 910 3290 966 divinitatis
3341 911 3401 965 in
3441 911 3646 964 Jorda-

2000 1007 2071 1045 ne
2119 991 2417 1049 flammam
2461 999 2676 1067 peccati
2722 999 3056 1070 exstinguit.
3110 1000 3382 1071 Receptio
3413 1004 3646 1069 quarta,

2002 1081 2369 1152 Venetorum,
2431 1102 2538 1140 vox
2584 1088 2802 1159 obliqui
2852 1088 2972 1143 IV:
3025 1111 3052 1137 ε(
3103 1089 3432 1144 Comternus
3491 1088 3648 1143 Patri

2000 1167 2174 1237 Deus,
2209 1172 2484 1240 Verbum,
2530 1175 2698 1231 hodie
2737 1177 2794 1230 in
2827 1177 3164 1245 Jordanem,
3209 1183 3268 1232 ut
3301 1179 3644 1250 baptizetur,

1999 1261 2312 1328 descendit,
2339 1267 2395 1317 et
2417 1269 2590 1334 caput
2622 1281 2776 1320 more
2807 1267 2951 1320 servi
3002 1267 3342 1336 praecursori
3383 1266 3642 1336 inclinat,

2000 1364 2172 1418 quem
2205 1353 2464 1407 ccelestes
2498 1353 2813 1409 Potestates
2836 1355 3131 1409 intuentes
3161 1355 3646 1410 contremiscunt-

1999 1436 2100 1492 Sed
2136 1439 2236 1508 qui
2267 1441 2626 1510 apparitione
2649 1459 2754 1498 sua
2779 1444 3055 1498 mundum
3090 1441 3444 1497 illuminavit
3473 1443 3648 1497 robur

2000 1527 2322 1596 majestatis
2353 1535 2556 1584 vestrae
2588 1533 2654 1585 ad
2712 1532 3047 1587 felicitatem
3082 1535 3139 1586 et
3169 1532 3412 1602 gloriam
3446 1533 3652 1586 Roma-

2000 1631 2206 1669 norum
2237 1623 2447 1687 augeat
2490 1624 2546 1673 et
2584 1620 2790 1675 exaltet
2818 1620 2830 1674 ί
2867 1640 2891 1671 »
2946 1615 3235 1691 Βθοεριίο
3266 1621 3489 1691 quinta,
3521 1620 3653 1674 Pra-

2001 1703 2285 1771 sinorum,
2329 1722 2432 1760 vox
2473 1708 2591 1762 toni
2639 1708 2863 1778 obliqui
2911 1709 2985 1762 IV
3022 1725 3034 1762 :
3079 1731 3107 1758 «
3145 1709 3409 1764 Christus
3454 1724 3651 1764 amore

2001 1791 2305 1849 hominum
2337 1795 2608 1852 Jordanis
2641 1795 2857 1852 ﬂuenta
2888 1798 3067 1854 subit.
3105 1820 3132 1848 »
3167 1799 3434 1868 Receptio
3467 1803 3646 1866 sexta,

257 1890 278 1914 ιι
315 1864 451 1937 [lupi
502 1871 604 1932 τῆς
649 1866 907 1934 θεότητος
960 1863 1232 1939 Ἰορδάνου
1277 1891 1304 1917 ››
1352 1867 1442 1922 καὶ
1492 1869 1558 1922 τὰ
1588 1867 1732 1938 ἐξῆς.
1770 1871 1891 1926 Ἀκ-

2003 1883 2378 1951 Venetorum,
2397 1902 2504 1939 vox
2523 1886 2645 1941 toni
2669 1885 2890 1956 obliqui
2909 1887 2980 1940 1V
3005 1913 3018 1943 :
3043 1909 3070 1935 ‹‹
3097 1890 3232 1957 Igne
3250 1863 3572 1941 divinitatis
3590 1863 3648 1941 in

254 1953 481 2027 τολογία
540 1956 639 2018 τῆς
676 1955 718 2016 ς’
750 1951 926 2028 δοχῆς
960 1973 971 1985 ·
1023 1954 1276 2029 λέγουσιν
1337 1957 1388 2010 οἱ
1437 1958 1664 2031 κράκται
1701 1979 1714 1993 ο
1761 1983 1790 2011 ιι
1837 1961 1894 2013 Ὀ

254 2041 567 2116 βαπτισθεὶς
595 2041 644 2095 ἐν
679 2041 864 2097 ὕδασιν
894 2041 1187 2118 Ἰορδάνου,
1222 2069 1249 2096 ››
1285 2051 1522 2122 Φθογγεῖ
1549 2047 1637 2101 καὶ
1689 2049 1716 2102 ὁ
1763 2047 1895 2112 λαὸς

251 2131 307 2186 ἐκ
357 2133 554 2204 τρίτου
589 2149 600 2163 ⁸
636 2155 664 2182 ιτ
698 2129 910 2186 Πολλοὶ
975 2133 1102 2204 ὑμῖν
1152 2133 1368 2211 χρόνοι.
1420 2159 1440 2185 ι
1501 2137 1564 2190 Οἱ
1621 2137 1847 2210 κράκται
1879 2156 1892 2168 ·

251 2245 278 2271 κ
329 2222 434 2275 Καὶ
485 2222 586 2289 τὴν
668 2220 834 2292 κάραν
925 2220 1220 2284 ὁποκλίνας
1301 2221 1573 2285 δουλικῶς
1630 2231 1709 2298 τῷ
1761 2246 1897 2300 προ-

251 2306 466 2383 δρόμῳ.
501 2333 528 2360 »
563 2312 809 2385 Φθογγεῖ
837 2309 926 2364 καὶ
957 2311 983 2363 6
1032 2311 1165 2372 λαὸς
1223 2310 1283 2366 ἐκ
1338 2314 1527 2386 τρίτου
1553 2333 1565 2346 ·
1605 2337 1633 2366 ι(
1683 2314 1895 2369 Πολλοὶ

250 2399 382 2470 ὑμῖν
407 2399 630 2477 χρόνοι.
666 2423 694 2449 ››
727 2399 796 2456 Οἱ
845 2400 1069 2474 κράκται
1103 2417 1115 2430 ·
1173 2424 1200 2455 ι
1258 2401 1400 2463 Τοὺς
1452 2403 1686 2476 χρόνους
1746 2405 1896 2476 ὑμῶν

245 2487 527 2557 πληθυνεῖ
583 2489 676 2542 σὺν
729 2492 851 2550 ταῖς
908 2488 1226 2562 αὐγούσταις
1257 2491 1345 2545 καὶ
1374 2497 1491 2554 τοῖς
1522 2513 1896 2571 πορφυρογεν-

244 2579 438 2645 νήτοις
472 2595 485 2610 ο
523 2600 553 2627 ›)
584 2577 612 2630 ὁ
644 2576 777 2639 λαός
813 2594 826 2607 ·
863 2602 888 2629 ι(
923 2579 1301 2652 ΠοΛυχρόνιον
1333 2583 1551 2651 ποιήσει
1581 2582 1608 2635 6
1637 2581 1765 2643 Θεὸς
1792 2583 1894 2651 τήν

248 2666 415 2738 ἁγίαν
451 2666 726 2741 βασιλείαν
758 2687 850 2729 σας
877 2671 949 2728 είς
978 2666 1165 2723 πολλά
1191 2666 1306 2738 ἔτη.
1343 2694 1371 2722 ››

433 2755 774 2830 Ὑποστροφή
808 2761 916 2808 τῶν
951 2753 1223 2812 δεσποτῶν
1254 2762 1320 2829 τῇ
1361 2757 1498 2830 αὐτῇ
1531 2759 1714 2831 ἑορτῇ.

327 2847 480 2917 Δοχή
544 2845 611 2913 α’,
638 2848 746 2898 τῶν
805 2842 1066 2913 Βενέτων,
1095 2845 1423 2901 ἀπελατικὸν
1479 2848 1579 2921 ἤχ.
1607 2846 1776 2921 πλαγ,
1809 2850 1853 2902 α’
1878 2867 1891 2881 ·

253 2955 279 2980 ‹ι
315 2933 376 2988 Ὀ
419 2934 765 3008 συναναρχως
814 2937 893 3005 τῷ
973 2935 1142 3008 Πατρὶ
1201 2935 1329 2998 Θεὸς
1387 2937 1560 3011 Λόγος
1608 2959 1636 2986 ››
1685 2937 1773 2990 καὶ
1828 2939 1896 2992 τὰ

249 3020 394 3088 ἱξῆς.
448 3023 600 3096 Δοχὴ
657 3024 725 3096 β’,
770 3026 878 3076 τῶν
927 3024 1227 3097 Πρασίνων,
1279 3023 1603 3079 ἀπελατικὸν
1659 3024 1759 3099 ἤχ.
1809 3033 1890 3099 γ’·

255 3129 278 3157 ι
310 3110 372 3165 Ὀ
402 3111 652 3186 φωτίζων
687 3113 804 3184 (53)
837 3111 888 3165 ἐν
941 3111 1217 3185 ΙΙνεύματι
1271 3117 1350 3184 τῷ
1408 3113 1547 3186 ἁγίῳ
1596 3109 1890 3185 ἐϐαπτίσθη

2004 1972 2272 2041 Iordane,
2325 1981 2434 2030 etc.
2489 1997 2517 2024 »
2574 1975 2914 2030 Acclamatio
2962 1976 3021 2030 in
3071 1980 3228 2030 sexta
3272 1975 3647 2045 receptione:

2006 2059 2208 2114 dicunt
2237 2066 2494 2118 cantores
2529 2080 2542 2117 :
2575 2086 2600 2114 ‹‹
2636 2065 2968 2136 Baptizatus
3010 2064 3067 2118 in
3111 2065 3277 2135 aquis
3304 2063 3593 2121 Iordanis.
3616 2084 3643 2115 ι

2005 2147 2226 2203 Clamat
2256 2154 2311 2204 et
2344 2151 2596 2222 populus
2627 2157 2714 2207 ter
2747 2171 2758 2208 :
2791 2175 2820 2202 «
2857 2154 3053 2224 Longa
3090 2153 3253 2208 vobis
3285 2153 3583 2223 tempora!
3618 2173 3645 2201 »

2005 2232 2256 2290 Cantor:
2309 2259 2337 2286 ‹‹
2373 2239 2437 2292 Ει
2486 2248 2654 2310 caput
2700 2239 2846 2294 servi
2887 2254 3046 2293 more
3095 2239 3432 2308 praecursori
3481 2236 3647 2292 incli-

2007 2339 2176 2381 nans.
2212 2345 2239 2373 ››
2263 2325 2485 2380 Clamat
2515 2335 2567 2381 et
2599 2327 2847 2398 populus
2879 2333 2967 2381 ter
2998 2345 3011 2382 :
3047 2350 3073 2377 ‹‹
3111 2328 3302 2397 Longa
3323 2325 3490 2381 vobis
3508 2333 3647 2381 tem-

2007 2415 2186 2482 poral
2222 2435 2250 2463 ››
2281 2415 2592 2470 Cantores:
2630 2438 2657 2465 «
2688 2416 2968 2487 Tempora
2991 2425 3177 2471 vestra
3208 2433 3340 2470 cum
3368 2420 3648 2487 augusta-

2006 2502 2116 2556 bus
2149 2507 2203 2557 et
2255 2504 2816 2576 porphyrogennetis
2863 2505 2963 2560 αθ
3010 2505 3249 2575 augeat!
3290 2527 3316 2554 »
3353 2504 3643 2576 Populus:

2005 2619 2034 2647 «
2071 2592 2407 2661 LongaaVam
2436 2592 2586 2648 Deus
2617 2609 2716 2664 per
2744 2592 2963 2648 multos
2993 2597 3100 2647 etc.
3136 2613 3164 2640 »

2326 2741 2542 2797 Reditus
2581 2741 2927 2797 dominorum
2955 2739 3138 2795 eodem
3165 2740 3318 2808 festo.

2077 2852 2345 2922 Receptio
2368 2851 2576 2922 prima,
2593 2849 2969 2914 Venetorum,
2991 2845 3336 2917 apelaticum
3358 2843 3481 2898 toni
3503 2843 3642 2899 obli-

2007 2943 2104 3012 qui
2127 2943 2148 2995 Ι
2180 2962 2207 2989 «
2229 2940 2559 2994 Coaeternus
2578 2937 2727 2991 Patri
2744 2938 2916 3004 Deus,
2939 2935 3213 3000 Verbum,
3237 2939 3346 2989 etc.
3375 2955 3401 2982 ››
3426 2933 3638 2988 Secun-

2005 3032 2096 3100 da,
2131 3029 2530 3095 Prasiuorum,
2554 3025 2894 3097 apelaticum
2916 3026 3036 3079 toni
3059 3023 3280 3093 obliqui
3300 3023 3374 3077 lII
3400 3040 3413 3077 :
3447 3043 3472 3074 α
3503 3021 3637 3075 Illu-

2006 3121 2229 3174 minans
2243 3119 2300 3172 in
2315 3117 2528 3188 Spiritu
2550 3120 2752 3170 sancto
2767 3113 3088 3182 baptizatus
3100 3119 3184 3166 est
3197 3128 3344 3182 aqua
3357 3109 3636 3177 terrestri,

250 3195 402 3252 ὕδατι
433 3198 677 3274 ἐπιγείῳ,
711 3201 802 3253 καὶ
833 3201 893 3253 τὸ
925 3205 1038 3276 φῶς
1091 3206 1187 3254 τοῦ
1248 3201 1627 3274 βαπτίσματος
1682 3200 1895 3278 ἐδωρή-

2008 3208 2319 3278 lumenque
2369 3203 2640 3276 baptismi
2693 3202 3032 3257 hominibus
3076 3201 3327 3254 donavit.
3375 3200 3484 3254 Sed
3517 3199 3640 3272 qui,

253 3305 382 3340 σατο
402 3287 712 3360 ἀνθρώποις
739 3307 752 3319 ⁸
786 3287 917 3344 ἀλλ’
949 3291 978 3343 6
1010 3294 1170 3344 ταῦτα
1217 3290 1442 3352 τελέσας
1491 3293 1730 3366 Χριστὸς
1765 3292 1892 3368 φιλ-

255 3376 525 3447 ανθρωπίᾳ
576 3378 641 3431 τὸ
703 3377 964 3454 ὑμέτερον
1025 3377 1300 3452 βασίλειον
1342 3379 1540 3454 κράτος
1591 3383 1728 3436 κατὰ
1781 3403 1890 3436 σει-

260 3465 350 3535 ρὰν
382 3469 487 3536 (54)
517 3463 820 3542 ἀδιάδοχον
859 3466 1066 3522 κελεύει
1118 3467 1368 3542 εὐτυχεῖν
1397 3469 1696 3541 Ῥωμαίοις
1724 3471 1772 3506 ⁹⁰
1801 3472 1890 3524 καὶ

263 3552 576 3623 βασιλεύειν.
610 3578 639 3606 )›
671 3556 826 3630 Δοχὴ
855 3556 920 3629 γ’,
951 3561 1060 3610 τῶν
1115 3557 1374 3628 Βενέτων,
1404 3556 1734 3614 ἀπελατικὸν
1785 3562 1885 3635 ἤχ.

261 3640 416 3717 πλαγ.
451 3651 494 3697 α’
527 3665 538 3676 ·
577 3669 604 3695 ‹‹
649 3646 709 3701 Ὀ
760 3644 998 3721 κεφαλὰς
1045 3650 1153 3698 τῶν
1214 3643 1539 3717 δρακόντων,
1591 3649 1890 3723 εὐεργέται,

263 3728 311 3784 ἐν
366 3730 636 3808 Ἰορδάνου
694 3739 811 3788 τοῖς
872 3734 1101 3806 ῥεύμασι
1179 3734 1495 3809 συντρίψας,
1551 3739 1655 3811 πρὸ
1708 3737 1890 3793 ποδῶν

264 3819 404 3891 ὑμῶν
438 3821 715 3896 συντρίψει
764 3824 860 3883 τὰς
913 3822 1152 3900 κεφαλὰς
1210 3829 1318 3878 τῶν
1381 3820 1678 3898 Βαρϐάρων
1713 3847 1724 3859 ·
1777 3829 1890 3880 Θεό-

263 3928 465 3966 στεπτοι
515 3909 814 3986 εὐεργέται,
845 3913 881 3980 ἡ
943 3912 1111 3985 Τριὰς
1169 3913 1204 3980 ἡ
1258 3913 1540 3986 τρισάγιος
1595 3913 1690 3975 τὰς
1743 3914 1889 3976 νίκας

261 3997 400 4068 ὐμῶν
426 3999 697 4070 πληθυνεῖ
728 4019 742 4032 ο
767 4000 795 4054 6
832 4001 1144 4075 βαπτισθεὶς
1177 3999 1307 4074 ὑπὲρ
1357 4002 1519 4074 ἡμῶν
1551 4004 1689 4057 κατὰ
1717 4004 1888 4079 σάρκα

254 4087 336 4140 καὶ
381 4091 598 4163 ἁγιάσας
647 4092 745 4158 τὴν
801 4089 958 4164 φύσιν
1006 4095 1114 4144 τῶν
1165 4086 1396 4144 ὑδάτων.
1433 4114 1460 4142 ››
1492 4093 1644 4166 Δοχή
1682 4089 1746 4162 δ’,
1778 4099 1886 4148 τῶν

255 4177 538 4247 Πρασίνων,
570 4176 901 4232 ἀπελατικὸν
951 4176 1052 4252 ἤχ.
1088 4178 1130 4232 δ’
1165 4196 1178 4209 ⁶
1225 4202 1250 4231 ‹‹
1279 4182 1340 4235 Ὁ
1395 4183 1463 4252 τῇ
1517 4179 1751 4256 παλάμῃ
1790 4184 1883 4257 βα-

249 4265 474 4325 πτισθεὶς
532 4267 773 4339 σήμερον
836 4270 933 4320 τοῦ
994 4264 1320 4340 Προδρόμου
1349 4271 1415 4342 τῇ
1463 4274 1664 4343 φρικτῇ
1720 4271 1884 4326 αὐτοῦ

244 4351 457 4428 παλάμῃ
521 4353 770 4429 βασιλεῖς
832 4355 969 4427 ὑμᾶς
1049 4355 1300 4430 κηρύττει
1371 4359 1505 4430 (55),
1566 4359 1884 4422 θεόστεπτοι

2005 3296 2146 3364 haec,
2180 3311 2372 3350 amore
2410 3296 2468 3349 in
2510 3292 2778 3346 homines
2828 3288 3125 3353 incitatus,
3172 3288 3303 3343 fecit
3353 3287 3638 3354 Christus,

2005 3386 2434 3456 imperatoriam
2467 3383 2832 3451 majestatem
2871 3383 3125 3434 vestram
3175 3394 3273 3448 per
3317 3394 3432 3432 non
3466 3378 3640 3432 inter-

2003 3481 2235 3544 ruptam
2269 3473 2475 3529 seriem
2511 3487 2796 3528 annorum
2839 3469 3032 3524 felices
3076 3468 3315 3522 reddere
3347 3467 3638 3521 Romanos

2001 3569 2056 3617 et
2089 3565 2374 3634 imperare
2403 3561 2604 3629 jubeat
2635 3561 2644 3614 l
2679 3582 2706 3608 ››
2738 3557 3009 3627 Receptio
3039 3555 3229 3623 tertia,
3266 3556 3636 3617 Venetorum,

2002 3661 2135 3706 tono
2167 3650 2398 3719 obliquo
2432 3649 2454 3702 Ι
2500 3666 2513 3702 :
2564 3649 2668 3712 Qui
2709 3647 2900 3716 capita
2939 3646 3280 3707 draconum,
3323 3659 3354 3697 ο
3405 3641 3640 3713 benigni

2002 3740 2315 3811 principes,
2346 3738 2405 3792 in
2435 3737 2708 3792 Jordanis
2731 3735 2966 3789 fluentis
2988 3731 3283 3796 contrivit,
3309 3738 3438 3784 ante
3469 3731 3639 3799 pedes

1999 3837 2220 3885 vestros
2253 3826 2639 3882 Barbarorum
2683 3825 2874 3894 capita
2905 3819 3198 3877 conterat!
3234 3826 3275 3873 A
3318 3819 3434 3873 Deo
3479 3833 3637 3873 coro-

2001 3917 2119 3974 nati
2153 3915 2570 3981 benefactores,
2629 3918 2717 3968 ter
2747 3917 2949 3968 sancta
2993 3909 3244 3965 Trinitas
3274 3911 3495 3962 vestras
3521 3907 3641 3961 vic-

2001 4006 2178 4062 torias
2194 4009 2424 4076 augeat:
2445 4008 2542 4075 qui
2564 4002 2889 4074 baptizatus
2902 4005 2990 4057 est
3013 4017 3114 4072 pro
3128 3999 3296 4055 nobis
3310 3996 3635 4054 secundum

1999 4111 2232 4151 carnem
2253 4098 2310 4150 et
2328 4108 2610 4164 aquarum
2631 4095 2900 4144 naturam
2925 4085 3332 4143 sanctiﬁcavit.
3367 4108 3395 4136 »
3423 4086 3637 4150 Quarta

1998 4182 2394 4248 Prasinorum,
2418 4179 2767 4252 apelaticum
2789 4178 2908 4232 toni
2938 4177 3004 4231 IV
3030 4192 3088 4230 :«
3115 4175 3442 4244 Baptizatus
3466 4174 3637 4228 hodie

1995 4272 2380 4328 Praecursoris
2437 4286 2636 4337 manu,
2716 4283 2823 4322 sua
2899 4264 3202 4319 tremenda
3271 4278 3446 4317 manu
3513 4278 3632 4329 vos,

1996 4363 2382 4436 imperatores
2447 4375 2480 4414 a
2530 4363 2640 4412 Deo
2695 4353 2949 4411 coronati
3018 4353 3434 4418 benefactores,
3486 4366 3634 4422 prte-

1589 4500 1832 4558 VARIxE
1870 4503 2275 4560 LECTIONES.

310 4616 352 4652 δ’
382 4618 641 4686 Θεότητος
671 4614 946 4692 Ἰορδανοῦ
979 4621 1107 4676 cod.
1206 4621 1255 4656 ⁸⁸
1283 4620 1436 4689 Θεὸς,
1470 4619 1639 4698 λόγος
1671 4627 1764 4682 ed.

1869 4626 1914 4662 9°
1943 4624 2252 4698 Ῥωμαίους
2281 4624 2373 4679 ed.

1288 4766 1486 4820 JOAN.
1528 4767 1668 4822 JAC.
1714 4769 1967 4824 REISKII
2007 4764 2576 4824 COMMENTARIUS

242 4885 496 4954 solitum,
554 4891 910 4943 memoratur
969 4889 1309 4944 Lambeccio
1361 4890 1582 4944 Comm.
1637 4891 1882 4946 Vindob.

237 4957 275 5033 ί.
306 4974 389 5033 in,
421 4960 479 5026 6,
513 4960 643 5033 cod.
681 4959 856 5029 111.]”
891 4959 1017 5014 Vid.
1054 4961 1255 5033 (lodin.
1297 4960 1460 5033 (Πῦρ.
1497 4978 1544 5014 c.
1579 4961 1630 5015 8.
1667 4963 1884 5033 Appel-

234 5027 469 5084 lationis
504 5030 654 5100 ratio
702 5027 940 5099 apparet
989 5048 1017 5084 e
1049 5031 1238 5085 verbis
1301 5031 1472 5100 paulo
1506 5027 1874 5100 interioribus

231 5102 418 5179 9.10:
475 5100 503 5151 6
540 5098 633 5154 τὸν
687 5098 894 5170 κόσμον
945 5100 1195 5175 φωτίζειν
1245 5098 1315 5174 τῇ
1363 5099 1526 5154 αὐτοῦ
1575 5099 1874 5179 ἐπιφανείᾳ.

228 5171 320 5225 Est
380 5176 540 5226 enim
596 5173 810 5226 natalis
859 5171 1238 5244 apparitionis
1281 5171 1492 5227 Christi
1554 5173 1608 5226 in
1681 5171 1873 5243 carne,

225 5259 390 5310 quam
427 5248 737 5312 propterea
768 5246 921 5314 quod
960 5245 1272 5308 luminosa,
1321 5245 1568 5298 illustris
1621 5252 1790 5309 esset,
1824 5258 1874 5300 et

225 5315 456 5386 Lumina
490 5314 887 5386 appellarunt,
939 5322 996 5369 et
1053 5317 1317 5370 accensis
1366 5316 1690 5371 luminibus
1735 5318 1873 5371 cele-

225 5385 484 5447 brarunt,
523 5385 628 5441 nec
668 5404 783 5440 non
834 5387 1138 5456 baptismo,
1171 5387 1267 5455 qui
1297 5389 1514 5455 absque
1552 5388 1872 5442 luminibus

228 5472 331 5511 non
385 5461 532 5520 erat,
591 5457 901 5510 initiandis
944 5458 1214 5512 ardentes
1261 5473 1454 5511 cereos
1514 5458 1868 5514 tenentibus.

230 5526 334 5590 Qua
370 5529 440 5582 de
474 5544 532 5583 re
558 5529 707 5583 alias
742 5527 988 5595 agimus.

297 5601 406 5668 (5‘2)
440 5600 652 5671 Liquet
674 5599 891 5667 aliquid
925 5601 1122 5652 deesse
1152 5615 1164 5651 :
1199 5600 1348 5668 quod
1385 5599 1521 5653 dum
1557 5608 1871 5670 suggerant

237 5671 494 5756 meliores
567 5672 732 5736 libri,
791 5671 1233 5740 acquiescamus
1311 5674 1654 5740 conjecturae
1735 5671 1868 5726 Lei-

233 5756 456 5797 οιιιαοω.

293 5814 397 5886 (53)
447 5814 637 5870 Graaci
694 5810 827 5868 novi
873 5808 1127 5886 φωτίζειν
1176 5815 1231 5865 et
1289 5830 1390 5882 pro
1441 5814 1769 5868 illuminare
1815 5816 1873 5866 et

1921 4902 1968 4960 1)
2001 4909 2102 4962 pro
2136 4892 2422 4962 baptizare
2453 4894 2760 4960 usurpant.
2815 4891 2978 4945 Unde
3009 4887 3356 4958 intelligitur
3389 4889 3552 4943 lusus
3576 4888 3635 4941 in

1999 4961 2275 5031 ambiguo
2307 4961 2484 5016 verbi.

2065 5028 2384 5103 (SH—Graeci
2436 5032 2694 5087 sobolem
2738 5031 2988 5102 alicujus
3038 5049 3137 5102 per
3189 5031 3397 5103 saecula
3445 5028 3628 5083 conti-

1992 5101 2258 5167 nuatam,
2284 5110 2532 5158 stemma
2563 5101 3047 5175 genealogicum,
3079 5101 3280 5175 σειράν,
3315 5103 3366 5175 id
3420 5106 3508 5153 est
3540 5114 3630 5150 ca-

1989 5183 2198 5238 tenam,
2232 5176 2451 5243 dicunt,
2486 5168 2682 5230 ut‘nos
2714 5168 2983 5229 arborem.
3022 5168 3182 5244 Σειρᾶ
3212 5168 3510 5240 ἀδιάδοχος
3543 5176 3629 5220 est

1987 5249 2171 5302 series
2203 5248 2432 5315 generis
2463 5247 2756 5314 desinens,
2805 5263 2980 5315 quam
3015 5247 3126 5298 alia
3165 5246 3343 5315 series
3381 5257 3493 5315 non
3528 5253 3630 5315 ex-

1987 5263 2171 5302 series
2243 5263 2432 5302 eneris
2463 5262 2756 5314 desinens,
2805 5263 2980 5315 quam
3015 5262 3126 5298 ana
3165 5262 3343 5297 series
3381 5262 3493 5294 non
3528 5262 3626 5290 ειη

1987 5319 2147 5386 σίρίί-
2199 5262 2358 5373 gout.
2403 5319 2627 5385 quaxad
2675 5334 2729 5386 p.
2775 5319 2894 5370 157.
2945 5324 3017 5370 De
3055 5320 3228 5369 verbo
3285 5307 3626 5380 διαδέχεσθαι

1984 5405 2220 5457 cessare,
2257 5389 2526 5453 desinere,
2560 5389 2773 5457 dicam.

2056 5462 2169 5529 (55)
2210 5449 2415 5522 Ὀυᾶιίε
2445 5449 2623 5512 ἀὶὸῐὶυ
2660 5455 2890 5528 παλάμῃ
2941 5452 3228 5529 κηρύττειί
3277 5449 3426 5529 Voce
3475 5465 3616 5529 pra):

1986 5522 2242 5590 dicatur.
2277 5548 2388 5583 non
2425 5545 2626 5582 manu.
2659 5522 3332 5599 iExspectesqxgisg-aut
3357 5522 3613 5599 crejavo‘i

1982 5605 2066 5655 vel
2103 5601 2295 5656 simile
2327 5601 2490 5672 quid,
2517 5598 2673 5672 quod
2709 5592 2913 5672 manus
2947 5592 3134 5672 faciat.
3172 5592 3378 5667 Verum
3414 5593 3624 5672 {Ethio-

1984 5689 2114 5742 pem
2149 5673 2318 5736 lavet,
2345 5663 2467 5739 'qui
2524 5663 2834 5723 tialbuliem
2877 5663 3159 5721 infantilis
3191 5663 3291 5713 aevi
3336 5664 3621 5731 corrigere

1981 5743 2270 5796 instituat.
