4126 6314
401 406 518 466 2η

1467 393 1767 457 CONSTA
1780 391 1991 460 NTINI
2040 387 2620 453 PORPHYROGEN
2633 392 2738 455 I'I‘l

3689 389 3809 449 220

402 538 578 607 dicat,
621 540 944 605 unctosque
987 532 1110 588 orbi
1172 529 1436 586 universo
1485 524 1759 582 ostendit.
1802 523 2050 579 Lavacro

2171 518 2459 596 εὐεργέται,
2490 522 2578 576 καὶ
2609 522 2877 596 Χριστοὺς
2907 523 2952 561 θί
3177 519 3318 593 ὖμᾶς
3376 517 3606 575 δεικνύει
3663 516 3814 592 πάσῃ

403 627 560 684 enim
613 623 1008 685 eanctiﬁcans,
1088 617 1430 690 integritatis
1501 614 1625 669 oleo
1690 613 2053 683 majestatem

405 715 684 786 baptizat,
720 712 968 767 salutem
1011 709 1285 764 Romanis
1314 710 1370 759 et
1415 702 1735 757 maximum
1773 700 2054 755 auxilium

402 809 459 862 et
489 803 733 875 gloriam
766 797 1210 868 imperii-donat.
1252 816 1279 842 ››
1315 792 1588 862 Receptio
1624 790 1850 861 quinta,
1886 787 2056 843 Vene-

404 897 622 958 torum,
669 887 1019 959 apelaticum
1067 883 1183 938 toni
1220 880 1442 952 obliqui
1475 879 1582 947 IV;
1617 901 1644 928 ‹‹
1679 882 1895 932 Lumen
1930 894 2052 932 mae

409 980 691 1037 terialiter
719 977 776 1031 in
829 989 1064 1043 corpore
1102 969 1392 1042 apparuit,
1444 972 1509 1024 ut
1540 984 1644 1023 nos
1678 967 1871 1022 lumen
1925 966 2054 1022 facti

404 1086 537 1126 cum
575 1066 675 1122 Dei
724 1065 851 1119 luce
903 1062 1452 1118 commisceremur:
1514 1062 1727 1129 priesto
1776 1060 1865 1112 est
1907 1073 2055 1126 aqua

404 1157 661 1227 implens
692 1157 750 1209 et
781 1151 1085 1224 perﬁciens
1129 1149 1371 1220 spiritu:
1407 1163 1524 1204 una
1568 1146 1640 1202 ad
1667 1147 1858 1217 ipsum
1895 1161 2054 1201 acce-

414 1249 649 1315 damus,
681 1248 744 1299 ut
775 1260 889 1298 una
919 1257 1050 1296 cum
1093 1257 1158 1295 eo
1206 1237 1545 1295 exaltemur.
1583 1236 1809 1309 Signati
1857 1251 2057 1291 sumus

413 1352 623 1391 arcano
667 1332 863 1397 modo,
907 1331 1006 1402 qui
1050 1329 1324 1384 virtutem
1373 1326 1632 1400 mysterii
1663 1325 2056 1397 cognovimus,

416 1423 786 1495 suscepimus
826 1435 1030 1476 omnes
1060 1418 1406 1484 secundum,
1446 1433 1558 1472 non
1592 1414 1864 1485 primum,
1895 1413 2054 1468 Ade.-

411 1530 601 1582 mum,
635 1519 698 1566 ut
729 1512 935 1566 renati.
960 1530 988 1558 ››
1020 1507 1466 1563 Acclamationis
1487 1505 1660 1562 verba
1690 1507 2002 1560 cantantur
2024 1519 2056 1556 a

412 1599 863 1673 praeceptoribus
896 1601 952 1652 et
982 1595 1218 1668 pOpulo,
1251 1603 1312 1650 ut
1343 1595 1401 1650 in
1442 1593 1661 1650 caeteris
1685 1590 2054 1648 factionibus.

412 1693 708 1747 Postremo
744 1699 1006 1743 cantores
1031 1701 1261 1757 quoque
1280 1685 1636 1740 acclamant:
1671 1706 1698 1734 «
1733 1682 2056 1736 Adorantes

416 1779 629 1836 Christi
657 1775 1012 1833 manifestati
1034 1774 1337 1846 gloriam.»
1358 1772 1644 1844 P0pulus:
1671 1795 1698 1822 (ι
1720 1769 2056 1827 Diutissime

412 1869 776 1937 majestatem
812 1873 1065 1920 vestram
1098 1863 1250 1919 Deus
1283 1860 1607 1918 custodiatl
1643 1884 1670 1910 ››

2164 612 2231 682 τῇ
2258 608 2566 684 οἰκουμένῃ.
2597 614 2685 682 Τῷ
2731 611 2948 684 λουτρῷ
2996 610 3099 688 γὰρ
3150 608 3396 683 ἁγιάσας,
3445 612 3545 677 τῆς
3604 609 3818 683 ἀφθαρ-

2166 697 2282 759 σίας
2339 703 2417 770 τῷ
2464 698 2635 771 ἐλαίῳ
2696 698 2944 773 βαπτίζει
3001 700 3100 767 τὴν
3177 696 3484 772 βασιλείαν,
3543 697 3817 771 σωτηρίαν

2165 783 2512 860 δωρούμενος
2557 793 2671 850 τοῖς
2722 788 3015 862 Ῥωμαίοις
3072 787 3164 841 καὶ
3220 785 3510 860 ἀντίληψιν
3541 789 3653 859 (57)
3710 807 3809 858 με·

2165 877 2358 950 γίστην
2405 877 2494 932 καὶ
2545 875 2699 947 δόξαν
2729 881 2828 942 τῆς
2881 876 3178 951 βασιλείας.
3217 899 3245 928 ››
3278 878 3429 950 Δοχή
3463 882 3520 944 ι’,
3551 879 3658 929 τῶν
3711 881 3812 931 Bs-

2163 961 2353 1032 νέτων,
2407 964 2733 1021 ἀπελατικὸν
2792 964 2894 1039 ἤχ.
2946 964 3118 1039 πλαγ.
3153 961 3237 1018 δ”
3294 965 3374 1021 Τὸ
3433 968 3547 1039 φῶς
3602 962 3818 1038 ἔπὲφα-

2163 1075 2244 1108 νεν
2267 1053 2470 1114 ὑλικῶς
2497 1053 2550 1108 ἐν
2584 1056 2819 1126 σώματι,
2846 1052 2938 1108 τίνα
2974 1058 3085 1130 φῶς
3142 1055 3420 1127 γενόμενοι
3474 1057 3607 1108 Θεοῦ
3666 1054 3808 1131 φωτὶ

2168 1149 2436 1218 μιγῶμεν.
2493 1142 2754 1216 Ηάρεστιν
2817 1141 2971 1198 ὕδατι
3027 1140 3245 1199 πλύνων
3302 1142 3392 1197 καὶ
3443 1140 3671 1196 τελειῶν
3731 1147 3812 1213 τῷ

2165 1232 2454 1304 πνεύματι,
2484 1229 2955 1306 ξσυγκατὲλθωμεν
3011 1233 3212 1304 τούτῳ,
3261 1230 3356 1286 ’ίνα
3409 1232 3804 1304 συνανυψωθῶσ

2172 1342 2288 1391 μεν.
2349 1326 2762 1394 Σημειωθῶμεν
2826 1325 3100 1394 μυστικῶς
3167 1325 3265 1377 τοῦ
3347 1321 3654 1395 μυστηρίου
3711 1322 3816 1388 τὴν

2167 1410 2326 1485 ἰσχὺν
2386 1406 3093 1488 ἐγνωκότες,ἀναλά6ωμὲν
3143 1411 3194 1465 οἱ
3253 1409 3448 1473 πάντες
3496 1409 3586 1465 τὸν
3633 1407 3815 1465 δεύτε-

2168 1521 2258 1574 ρον
2310 1501 2386 1572 μή
2433 1500 2524 1554 τὸν
2575 1504 2788 1574 πρῶτον
2823 1498 3003 1572 Ἀδὰμ
3037 1501 3113 1564 ὡς
3155 1499 3680 1574 ἀναγεννηθέντες.»
3731 1499 3814 1556 Τὰ

2167 1587 2223 1650 δὲ
2251 1596 2351 1658 τῆς
2384 1588 2654 1664 εὐφημίας
2687 1586 2819 1644 ἔκτα
2847 1587 3069 1659 ᾅδονται
3109 1589 3256 1664 παρά
3299 1608 3357 1643 τε
3401 1593 3510 1642 τῶν
3560 1593 3809 1663 κρακτῶν

2164 1677 2253 1732 καὶ
2297 1682 2395 1734 τοῦ
2438 1683 2596 1749 Λαοῦ,
2629 1679 2808 1740 καθὼς
2837 1679 2927 1734 καὶ
2973 1677 3026 1732 ἐν
3072 1683 3193 1739 ταῖς
3226 1677 3447 1741 λοιπαῖς
3480 1675 3694 1755 δοχαῖς.
3729 1678 3809 1733 Τὸ

2168 1765 2223 1821 δὲ
2277 1766 2588 1822 τελευταῖον
2647 1765 2805 1823 ἅκτον
2867 1766 3116 1841 λέγουσιν
3150 1767 3203 1821 o't
3235 1767 3460 1840 κράκται
3495 1783 3508 1796 ·
3545 1789 3572 1817 ‹‹
3629 1771 3810 1839 Προσ-

2164 1858 2491 1927 κυνήσαντες
2537 1861 2634 1912 τοῦ
2689 1855 3040 1934 ἐπιφανέντος
3070 1859 3316 1931 Χριστοῦ
3373 1858 3472 1924 τήν
3532 1852 3687 1924 δόξαν
3725 1871 3739 1885 ·
3779 1879 3808 1905 ››

413 1956 440 2008 ὁ
473 1953 604 2016 λαός
641 1972 652 1984 ·
703 1976 724 2003 ι
760 1949 1140 2029 Πολυχρόνιον
1182 1952 1400 2019 ποιήσει
1434 1950 1461 2002 ὀ
1493 1948 1622 2008 Θεὸς
1653 1949 1753 2017 τήν
1786 1947 1940 2024 ἁγίαν
1971 1944 2272 2021 βασιλείαν.
2307 1968 2336 1997 ››

983 2042 1078 2096 27
1115 2039 1346 2096 CAPUT
1389 2039 1478 2095 IV.

588 2129 1021 2186 Acclamationes
1066 2131 1126 2182 in
1157 2130 1336 2184 sancti
1383 2129 1670 2184 Paschalis
1705 2127 1868 2198 festo.

484 2220 751 2291 Receptio
793 2219 979 2290 prima
1025 2217 1398 2283 Venetorum,
1449 2234 1556 2272 vox
1605 2216 1775 2271 toniI
1828 2233 1841 2271 :
1893 2236 1920 2264 ‹‹
1958 2214 2052 2270 Di-

415 2311 566 2366 vinas
615 2307 1059 2364 resurrectionis
1111 2307 1369 2377 potentia
1415 2307 1614 2360 mortis
1657 2305 1870 2361 bellum
1903 2303 2052 2360 solu-

421 2404 544 2455 tum
593 2402 700 2454 est.
735 2421 758 2450 ι
823 2396 1105 2462 Secunda,
1168 2396 1564 2465 Prasinorum,
1635 2412 1742 2449 vox
1818 2394 1939 2450 toni
1983 2393 2050 2448 I:

427 2510 457 2538 ‹‹
492 2487 659 2542 Lucis
698 2486 1000 2541 inaccessae
1043 2487 1194 2538 faces
1235 2483 1504 2548 mortuis,
1548 2482 1646 2554 qui
1695 2483 1752 2537 in
1805 2481 2055 2538 tenebris

423 2580 612 2644 erant,
643 2574 902 2629 illuxere.
935 2572 1202 2628 Christus
1250 2572 1402 2626 enim
1453 2575 1720 2628 mortuus
1763 2570 2053 2643 apparuit,

426 2669 614 2718 morte
667 2671 906 2717 mortem
979 2662 1374 2730 exstinguens,
1439 2662 1696 2731 captivos
1764 2664 1890 2730 post
1936 2665 2054 2715 tres

422 2755 546 2808 dies
577 2767 890 2822 resurgens
913 2750 1304 2804 exsuscitavit.
1348 2749 1476 2820 Ipse
1507 2750 1747 2821 gloriam
1781 2753 2053 2818 vestram,

423 2842 666 2910 domini,
707 2841 806 2894 diu
839 2839 894 2894 in
929 2856 1184 2911 purpura
1215 2839 1539 2894 custodiet!
1577 2863 1597 2892 ιι
1636 2839 1901 2909 Receptio
1940 2844 2058 2894 ter-

422 2933 524 2999 tia,
569 2931 952 2986 Venetorum:
992 2945 1098 2984 vox
1158 2929 1278 2983 toni
1311 2929 1429 2984 III:
1483 2950 1510 2978 ‹‹
1549 2929 1775 2984 Pascha
1830 2929 2057 2984 Domini

425 3019 592 3077 hodie
615 3019 903 3085 videntes,
920 3017 1198 3072 melodice
1215 3022 1271 3072 et
1289 3017 1643 3073 unanimiter
1663 3018 2005 3074 clamamus.
2028 3040 2055 3067 »

421 3111 656 3176 Quarta,
709 3109 1074 3173 Venetorum,
1104 3123 1212 3162 vox
1259 3107 1378 3163 toni
1423 3108 1444 3161 Ι
1488 3123 1500 3160 :
1552 3128 1580 3156 «
1614 3106 1826 3161 Divina:
1877 3124 2061 3163 resur-

426 3197 701 3254 rectionis
750 3197 1002 3267 potentia
1049 3197 1271 3262 mortis,
1321 3202 1426 3253 etc.
1469 3216 1493 3248 ι
1537 3196 1768 3264 Quinta,
1811 3195 2060 3252 Veneto-

425 3302 580 3353 rum,
610 3301 718 3341 vox
749 3285 867 3340 toni
898 3286 950 3340 I:
995 3289 1322 3340 «Eternum
1373 3302 1504 3340 cum
1565 3285 1732 3341 Patre
1763 3285 2060 3357 imperans

2789 2037 3053 2092 ΚΕΦΑΛ.
3097 2040 3171 2093 Δ’.

2468 2129 2642 2183 Ἀκτα
2670 2131 2738 2200 τῇ
2771 2128 2933 2201 ἑορτῇ
2974 2130 3070 2181 τοῦ
3102 2124 3260 2201 ἁγίου
3293 2126 3507 2202 Πάσχα.

2237 2220 2389 2296 Δοχή
2423 2215 2640 2292 πρώτη,
2671 2223 2779 2272 τῶν
2805 2217 3063 2287 Βενέτων,
3098 2218 3252 2291 φωνή
3284 2217 3386 2290 ἧχ.
3420 2217 3464 2269 α’
3499 2236 3511 2248 ·
3561 2239 3580 2265 ιι
3619 2218 3818 2281 Θεϊκῆς

2165 2306 2421 2381 ἐγέρσεώς
2457 2304 2740 2376 δυναστείᾳ
2767 2307 2795 2360 ὁ
2823 2311 2921 2362 τοῦ
2953 2307 3182 2361 θανάτου
3233 2304 3480 2379 πόλεμος
3514 2301 3812 2368 διελύθη.»

2166 2398 2315 2470 Δοχή
2375 2398 2442 2470 β’,
2491 2401 2600 2450 τῶν
2660 2394 2955 2470 Πρασίνων,
3018 2397 3168 2474 φωνή
3225 2395 3327 2468 ἤχ.
3362 2395 3407 2448 α’
3443 2412 3456 2424 ⁸
3521 2416 3550 2445 «
3612 2391 3807 2453 Φωτὸς

2165 2483 2462 2557 ἀπροσίτου
2519 2482 2870 2556 λαμπηδόνες
2939 2487 3148 2556 νεκροῖς
3201 2480 3518 2555 ἐπέλαμψαν
3576 2484 3694 2543 τοῖς
3749 2478 3803 2534 ἐν

2166 2571 2366 2629 σκότει.
2399 2575 2629 2647 Χριστὸς
2675 2574 2774 2648 γὰρ
2825 2571 2980 2649 ὤφθη
3031 2573 3217 2647 νεκρὸς
3266 2571 3316 2625 ἐν
3365 2570 3540 2646 τάφῳ,
3590 2570 3800 2642 θανάτῳ

2167 2662 2390 2726 θάνατον
2454 2663 2783 2729 θανατώσας,
2841 2660 3193 2732 συνανὲσκησε
3229 2660 3356 2723 τοὺς
3415 2658 3670 2732 δεσμίους
3727 2663 3798 2732 τῇ

2166 2753 2450 2826 τριημὲρῳ
2506 2751 2670 2807 αὐτοῦ
2715 2750 2918 2828 ἰγέρσει
2952 2769 2964 2782 ·
3021 2750 3182 2812 αὐτὸς
3233 2753 3333 2820 τὴν
3394 2747 3550 2820 δόξαν
3626 2750 3805 2821 ὑμῶν,

2169 2839 2445 2908 δεσπόται,
2478 2841 2552 2903 εἷς
2590 2848 2764 2914 μῆκος
2797 2840 3009 2916 χρόνων
3044 2842 3268 2918 φυΛάξει
3296 2841 3352 2893 ἒν
3377 2840 3448 2911 τῇ
3476 2838 3753 2916 πυρφόρα.
3777 2861 3806 2890 »

2169 2930 2320 3004 Δοχή
2353 2930 2417 3003 γ’.
2449 2932 2554 2983 τῶν
2616 2929 2870 3000 Βενέτων,
2902 2930 3053 3007 φωνὴ
3085 2929 3184 3003 ἤχ.
3220 2929 3267 3003 γ’
3293 2947 3304 2959 ·
3361 2951 3388 2979 ‹‹
3447 2928 3640 3000 Πάσχα
3698 2929 3812 2982 Κυ-

2171 3020 2290 3096 ρίου
2350 3019 2587 3092 σήμερον
2653 3019 2991 3090 καθορῶντες
3054 3013 3378 3089 μελῳδικῶς
3434 3017 3816 3090 κραυγάζομεν

2167 3107 2258 3164 καὶ
2289 3108 2336 3144 9²
2363 3108 2710 3184 ὁμοφρόνως.
2747 3129 2775 3158 ››
2807 3107 2959 3180 Δοχή
2997 3103 3065 3174 δ’,
3094 3109 3203 3160 τῶν
3236 3104 3492 3174 Βενέτων,
3529 3105 3679 3183 φωνὴ
3709 3101 3817 3178 λῆχ⁸

2170 3199 2214 3252 α’
2248 3216 2261 3230 ο
2298 3222 2326 3249 ‹‹
2387 3201 2582 3265 Θεϊκῆς
2630 3196 2895 3270 ἐγὲρσεως
2953 3192 3254 3265 δυναστείᾳ,
3311 3217 3339 3246 ››
3386 3193 3479 3249 καὶ
3533 3195 3603 3250 τὰ
3667 3194 3816 3264 ἑξῆς.

2174 3289 2326 3361 Δοχὴ
2361 3287 2417 3354 ε’,
2449 3291 2556 3341 τῶν
2605 3287 2906 3360 ΙΙρασίνων,
2940 3286 3090 3362 φωνή
3144 3285 3244 3358 ἤχ.
3279 3286 3324 3339 α’
3358 3304 3370 3315 ”
3401 3307 3430 3337 ››
3463 3286 3523 3341 '0
3564 3286 3818 3360 ἀχρόνως

422 3373 649 3430 ultimis
691 3373 897 3428 diebus
932 3373 1322 3443 temporaliter
1375 3390 1506 3428 cum
1541 3374 1873 3430 hominibus
1921 3392 2058 3430 con-

2171 3381 2250 3448 τῷ
2280 3377 2450 3450 Πατρὶ
2507 3371 2925 3448 συμϐασιλεύων
2959 3374 3041 3430 ἐπ’
3073 3373 3318 3452 ἐσχάτων
3345 3378 3464 3437 τοῖς
3512 3373 3822 3446 ἀνθρώποις

422 3469 684 3520 versatus
721 3463 831 3516 fuit
862 3467 917 3517 et
946 3463 1005 3516 in
1037 3477 1207 3518 cruce
1253 3465 1533 3518 tartarum
1579 3471 1937 3535 mortemque
1967 3482 2059 3520 ca-

428 3553 646 3626 ptivam
699 3553 941 3619 ducens,
981 3555 1107 3621 post
1154 3556 1270 3607 tres
1315 3551 1439 3606 dies
1482 3569 1590 3607 sua
1643 3554 2065 3608 resurrectione

431 3642 677 3698 mortuis
716 3639 1214 3695 resuscitutionem
1278 3644 1529 3696 renovat.
1575 3642 1705 3712 Ipse
1753 3658 1930 3697 cornu
1974 3659 2065 3697 ve-

431 3735 644 3798 strum,
678 3730 920 3795 domini,
973 3728 1228 3784 victoriis
1286 3733 1488 3786 contra
1523 3730 1805 3786 Barbaros
1851 3733 2068 3787 exalta-

424 3820 543 3875 bitl
581 3841 608 3869 ››
657 3820 930 3890 Receptio
980 3822 1163 3887 sexta,
1203 3821 1579 3887 Venetorum,
1630 3836 1736 3876 vox
1783 3821 1904 3876 toni
1947 3821 2065 3875 III:

427 3931 456 3960 «
491 3909 663 3964 Lucis
683 3908 992 3962 inaccessa
1020 3909 1192 3972 faces,
1218 3929 1245 3959 »
1284 3913 1394 3962 etc.
1440 3908 1794 3965 Acclamatio
1827 3911 1883 3964 in
1909 3914 2072 3966 sexta

428 3997 756 4067 receptione
800 4012 812 4049 :
864 3996 1070 4049 dicunt
1099 3983 1400 4050 cantores:
1451 4015 1476 4046 ‹
1529 3999 1760 4052 Creator
1807 3998 2072 4052 omnium

430 4088 487 4140 et
525 4084 831 4139 Dominus.
885 4082 1176 4137 «Clamat
1225 4087 1282 4138 et
1328 4083 1579 4154 populus
1635 4088 1752 4140 ter:
1801 4109 1820 4135 ε
1867 4086 2076 4141 Multos

436 4190 619 4230 annos
649 4173 833 4229 vobis.
879 4194 908 4224 »
943 4173 1219 4228 Cantores
1248 4189 1260 4226 :
1296 4194 1324 4222 ‹‹
1359 4172 1701 4229 Mirabiliter
1750 4189 1779 4228 e
1809 4175 2076 4245 sepulcro

2172 3469 2447 3540 χρονικῶς
2493 3465 2893 3540 συνανεστράφη
2955 3465 3018 3532 ⁸³,
3069 3468 3162 3517 καῖ
3210 3461 3261 3516 ἐν
3320 3467 3400 3534 τῷ
3454 3467 3669 3536 σταυρῷ
3721 3466 3817 3518 τὸν

2175 3553 2308 3627 ᾅδην
2359 3555 2448 3608 καὶ
2507 3555 2732 3617 θάνατον
2791 3552 3239 3626 αἰχμαλωτίσας,
3301 3553 3588 3626 τριημέρῳ
3652 3551 3820 3608 αὐτοῦ

2177 3644 2383 3720 ἒγέρσει
2411 3648 2528 3704 τοῖς
2557 3647 2767 3716 νεκροῖς
2821 3643 2918 3710 τὴν
2978 3642 3258 3696 ἀνάστασιν
3312 3639 3628 3716 ἐγκαινίζων
3671 3645 3780 3715 (58)
3807 3662 3820 3676 °

2179 3734 2337 3794 αὐτὸς
2395 3733 2458 3787 τὸ
2501 3731 2657 3805 κέρας
2711 3731 2885 3805 ὑμῶν,
2933 3728 3208 3800 δεσπόται,
3259 3731 3528 3804 ἂνυψώσει
3568 3736 3685 3793 ταῖς
3745 3732 3825 3787 νί-

2179 3843 2297 3883 καις
2330 3821 2467 3875 κατὰ
2498 3813 2816 3894 Βαρϐάρων.
2854 3840 2882 3870 ››
2917 3819 3068 3896 Δοχή
3101 3826 3164 3886 ς’,
3211 3823 3319 3872 τῶν
3377 3819 3636 3888 Βενέτων,
3669 3822 3826 3896 φωνή

2181 3912 2280 3983 ἤχ.
2317 3912 2382 3985 γ’·
2429 3931 2454 3962 α
2507 3909 2699 3970 Φωτὸς
2759 3905 3055 3982 ἀπροσίτου
3121 3904 3469 3980 λυμπηδόνες
3529 3929 3558 3958 ››
3616 3907 3705 3962 καὶ
3761 3909 3830 3962 τὰ

2182 3997 2322 4066 ἰξῆς.
2356 3995 2686 4071 Ἀκτολογία
2709 4003 2807 4064 τῆς
2843 3997 2886 4058 ς’
2919 3993 3117 4073 δοχῆς.
3156 3994 3413 4071 Λέγουσιν
3445 3997 3496 4050 οἱ
3551 3996 3776 4070 κράκται
3812 4016 3828 4032 ο

2186 4111 2213 4137 ‹‹
2246 4087 2302 4138 Ὀ
2329 4089 2436 4141 τῶν
2470 4086 2686 4138 πάντων
2741 4086 2988 4154 Ποιητής
3043 4085 3132 4139 καὶ
3193 4086 3498 4156 Δεσπότης.
3523 4109 3553 4138 ››
3597 4089 3833 4161 ΦΘογγεῖ

2186 4172 2276 4229 καὶ
2310 4175 2337 4227 ὁ
2386 4173 2518 4235 λαὸς
2550 4172 2608 4227 ἐκ
2636 4174 2700 4247 γ’·
2737 4196 2766 4225 ‹‹
2817 4171 3035 4228 Πολλοὶ
3123 4175 3250 4247 ὑμῖν
3281 4175 3498 4250 χρόνυι.
3535 4198 3562 4231 ιι
3599 4177 3662 4230 Οἱ
3691 4179 3828 4250 κρά-

1809 4299 2042 4355 VARI/ﬁ
2082 4299 2497 4356 LECTIONES.

507 4415 551 4451 οι
583 4411 865 4492 χρηστοὺς
897 4413 1029 4470 cod.
1108 4413 1154 4448 9’
1181 4413 1268 4467 καὶ
1301 4429 1418 4469 om.
1452 4416 1581 4470 cod.
1658 4414 1704 4450 9'
1734 4413 2097 4492 συνανετρᾶἱφη
2130 4418 2220 4472 ed.

1469 4531 1670 4589 JOAN.
1711 4534 1857 4589 JAC.
1899 4533 2159 4588 REISKII
2197 4532 2778 4590 COMMENTARIUS.

506 4651 620 4720 (56)
651 4652 722 4704 M.
783 4647 1083 4722 χρηστούς.
1136 4649 1398 4722 Quorum
1453 4655 1653 4706 utrum
1719 4657 1968 4722 praestet,
2030 4652 2090 4706 in
2120 4655 2170 4713 D
2203 4655 2448 4722 utsaepe
2471 4649 2604 4703 fecit
2633 4649 2917 4704 Habertus
2947 4648 3005 4702 in
3046 4647 3392 4706 Pontiﬁcali.

437 4721 945 4796 dubio‘relin’quo.
981 4721 1243 4796 U_nctine_
1263 4722 1469 4778 fuerint
1519 4723 1652 4779 novi
1704 4721 2084 4796 imperatores

439 4793 674 4857 CPtani,
709 4793 944 4862 disputo
967 4792 1040 4847 ad
1070 4808 1122 4861 p.
1145 4793 1271 4848 218.

507 4864 624 4940 (57)
658 4863 963 4940 A_uxilium.
996 4863 1253 4940 Proprie
1280 4869 1366 4919 est
1405 4866 1801 4940 reprehensio,
1840 4883 1942 4924 seu
1973 4885 2074 4940 ap-

437 4934 748 5008 prehensio
801 4953 834 5008 a
883 4934 1130 5008 postica,
1171 4935 1258 5008 vel
1301 4934 1566 5008 retractio
1608 4937 1756 5008 lapsi
1790 4934 1915 4994 aut
1945 4934 2077 5007 pro-

436 4999 600 5062 clivis
630 5008 689 5062 in
734 4999 984 5061 ruinam.
1039 4999 1562 5073 Ἀντιλαμϐάνεσθαί
1614 4999 1761 5068 τινος
1806 5018 1890 5064 est
1920 4999 2075 5067 idem

439 5083 635 5135 nostro
657 5077 773 5152 sic]:
803 5076 1089 5152 jemandcs
1128 5077 1456 5144 annchmen,
1485 5096 1587 5149 pro
1627 5096 1848 5145 curare,
1882 5084 2075 5152 solari,

428 5152 634 5221 juvare
675 5149 1130 5221 aliquem,_ejus
1179 5163 1396 5221 curam
1443 5166 1611 5204 suam
1651 5152 1856 5217 facere,
1904 5157 1970 5206 ad
2016 5149 2077 5208 se

435 5219 685 5277 trahere.
729 5219 853 5274 Vid.
891 5219 1047 5274 Infra
1085 5237 1137 5286 p.
1171 5219 1262 5283 30,
1306 5220 1430 5274 203.
1473 5225 1530 5274 et
1567 5224 1928 5279 Constantio.
1962 5225 2075 5282 Vit.

436 5294 621 5348 Basil.
661 5309 716 5362 p.
752 5293 872 5346 141.
912 5292 1050 5362 Hinc
1081 5289 1561 5362 intelligasillud
1604 5292 2078 5362 SextiiEmpirici

443 5364 482 5417 P
527 5359 722 5417 rrhoh.
751 5363 811 5417 I:
846 5359 1024 5415 Ἀλλὰ
1054 5361 1142 5414 καὶ
1189 5359 1299 5414 τῶν
1348 5359 1512 5415 αὐτοῦ
1553 5363 1735 5415 παθῶν
1766 5359 2079 5433 ἀντιληπτι-

443 5381 536 5486 κὲς
569 5432 678 5486 ἐστι
746 5432 836 5486 καὶ
902 5432 1298 5486 παρηγορικός-
1349 5435 1562 5486 solatur
1609 5445 1658 5486 et
1703 5438 1898 5486 mulcet
1964 5439 2079 5486 m'us

442 5432 536 5493 κός
569 5432 678 5486 ἐστι
746 5432 836 5487 καὶ
902 5432 1299 5505 παρηγορικός,
1349 5435 1562 5489 solatur
1609 5445 1658 5489 ει
1703 5438 1898 5490 mulcet
1949 5432 2081 5504 eius

443 5505 762 5576 passiones;
799 5507 1025 5576 proprie
1059 5507 1427 5575 reprehendit
1457 5521 1553 5559 eas
1591 5506 1662 5560 ab
1685 5521 1946 5575 excessu,
1982 5515 2082 5564 aut

448 5575 515 5650 ad
544 5576 834 5650 se‘trahit,
881 5575 1043 5647 putat.
1079 5593 1176 5650 eas
1207 5578 1278 5632 ad
1313 5593 1373 5632 se
1415 5577 1719 5650 pertinere.
1755 5576 2078 5650 Ἀντίληψιν

448 5645 553 5720 τῷν
603 5640 897 5720 δημοσίων
931 5647 1282 5719 πραγμάτων,
1333 5640 1784 5716 procurationem
1839 5655 1917 5704 rei
1971 5640 2078 5720 ᾖα.

449 5715 610 5792 ι)ιὶοὲ
636 5716 805 5792 habet
839 5715 1089 5772 Cedrcn.
1128 5737 1182 5789 p.
1230 5715 1353 5792 1190.
1389 5725 1444 5774 et
1471 5721 1698 5792 Contin.
1739 5715 2079 5792 Theoph'an.

451 5802 504 5854 p.
546 5786 633 5841 88.
678 5787 871 5842 Potest
921 5786 1146 5858 quoque
1198 5791 1356 5844 reddi
1406 5791 1750 5847 vocabulum
1797 5786 2081 5862 proiectio,

2272 4721 2385 4791 (58)
2415 4723 2890 4775 Resurrectionem
2928 4722 3160 4776 mortuis
3202 4723 3512 4777 encwniarc
3558 4727 3647 4778 est
3676 4739 3842 4779 mor-

2187 4792 2306 4864 tuis
2333 4792 2393 4845 in
2446 4791 2798 4864 resurgendo
2832 4792 3032 4861 praeire
3084 4808 3190 4846 suo
3254 4793 3538 4864 exemplo,
3581 4811 3841 4851 resurre-

2188 4863 2442 4919 ctionem
2471 4862 2673 4930 ordiri,
2702 4864 2952 4918 mortuis
2976 4862 3470 4919 resurrectionem
3495 4869 3556 4919 ut
3585 4881 3703 4920 rem
3737 4883 3842 4922 no-

2187 4951 2318 4990 vam
2352 4941 2408 4989 et
2463 4934 2750 4988 insuetam
2781 4938 3104 5009 praestare,
3153 4935 3442 5009 exhibere,
3488 4942 3840 5009 monstrare,

2189 5010 2452 5060 mortuos
2483 5005 2910 5060 resurrectione
2961 5005 3213 5060 initiare.
3263 5006 3363 5061 Est
3411 5008 3566 5062 enim
3607 5005 3839 5066 initiare

2186 5079 2426 5147 aliquem
2459 5076 2657 5146 aliqua
2685 5093 2746 5131 re
2788 5091 2921 5150 eum
2955 5075 3238 5150 illiusrei
3291 5079 3496 5150 notitia
3528 5086 3577 5132 et
3607 5082 3834 5150 experi—

2190 5155 2407 5217 mento,
2442 5154 2613 5203 antea
2665 5149 2992 5217 incognitae,
3044 5147 3324 5214 imbuere,
3366 5147 3836 5206 instruere—En-

2186 5221 2426 5276 camiare
2484 5220 2565 5295 ait
2597 5219 2682 5274 Du
2734 5218 3159 5295 GangegGlo‘ss.
3211 5224 3333 5295 Lat.
3388 5221 3444 5274 h.
3478 5237 3554 5286 v.,
3596 5220 3836 5295 ἐγκαινὶ-

2191 5295 2320 5365 ζειν,
2353 5298 2439 5346 est
2472 5293 2702 5365 initiare
2727 5292 2810 5345 vel
2864 5289 3087 5365 aliquid
3129 5293 3308 5365 primo
3352 5307 3605 5347 exercere
3636 5289 3724 5347 uel
3757 5296 3841 5350 in-

2189 5363 2354 5434 duere
2382 5381 2399 5417 :
2433 5361 2575 5416 unde
2603 5367 2806 5434 vestem
2827 5361 3019 5429 novat,
3050 5363 3342 5434 somniat,
3375 5365 3473 5434 qui
3506 5379 3686 5433 primo
3715 5382 3839 5420 eam

2190 5433 2375 5488 induit
2410 5435 2490 5487 vel
2529 5437 2736 5505 portat.
2789 5433 2930 5488 Inde
2980 5437 3067 5488 est
3099 5431 3422 5505 ἐγκαινίζεῐν
3454 5431 3681 5503 urbem,
3716 5436 3840 5490 bal-

2191 5520 2366 5558 neum
2403 5504 2724 5573 publicum,
2769 5509 3044 5567 statuam,
3093 5507 3335 5571 circum,
3387 5507 3692 5561 ecclesiam
3724 5507 3840 5560 ini-

2189 5576 2358 5636 tiare,
2393 5575 2688 5636 innovare,
2720 5592 2817 5642 pro
2853 5577 3043 5645 prima
3087 5576 3209 5628 vice
3250 5593 3559 5646 usurpare,
3599 5578 3833 5632 initium

2193 5647 2379 5699 facere
2432 5646 2629 5698 utendi
2663 5662 2858 5700 eorum
2911 5662 3284 5715 unoquoque,
3319 5649 3633 5702 secundum
3671 5649 3839 5702 indo-

2192 5715 2305 5772 lem
2338 5715 2643 5786 cujusque.
