4126 6314
260 411 359 475 221
1144 416 1243 475 DE
1286 414 1750 481 CERIMONIIS
1795 413 2030 477 AULIE
2073 413 2549 479 BYZANTINjE
2590 414 2737 475 LIB.
2782 413 2829 473 Ι.

3561 412 3678 475 222

264 537 375 611 κται
402 535 480 611 "cr
504 515 571 611 ΓΟ
597 515 881 611 ⁸ἷπίναστὰς
912 516 1228 592 παραδόξως
1258 520 1319 575 ἐκ
1362 518 1570 597 ιτάφου,
1603 541 1633 571 »
1687 524 1929 595 Φθογγεῖ

2052 554 2371 611 resurgens.
2406 559 2433 589 »
2467 539 2687 593 Clamat
2719 541 2774 592 et
2819 536 3063 609 populus
3110 538 3234 590 ter:
3270 555 3299 584 «
3329 534 3526 605 Longa
3575 551 3677 589 vo-

269 605 348 659 καὶ
373 606 400 659 ὁ
426 603 563 665 λαὸς
596 601 667 658 ὲκ
689 612 763 679 γ¹ο
791 629 820 659 ‹‹
849 605 1062 661 Πολλοὶ
1097 606 1223 679 ὑμῖν
1256 604 1471 683 χρόνοι.
1506 630 1535 659 »
1563 607 1630 665 Οἱ
1662 606 1888 681 κράκται
1914 626 1926 639 ·

281 720 305 746 α
330 694 430 751 Καὶ
464 694 529 748 τὸ
569 698 755 770 χαῖρε
788 692 1045 761 δεδωκὼς
1086 697 1423 774 μυροφόροις
1450 698 1579 771 (59).
1617 720 1644 748 ››
1694 698 1932 772 Φθογγεῖ

284 786 366 840 καὶ
410 782 437 838 δ
490 781 637 844 λαὸς
695 783 760 839 ἐκ
815 783 1003 859 τρίτου
1037 784 1297 842 ’Πολλοὶ
1357 786 1484 859 ὑμῖν
1540 787 1757 862 χρόνοι,
1788 809 1817 838 ››
1869 786 1932 840 Οἱ

286 874 522 950 κρέαταυ
554 896 584 927 ιι
635 874 790 939 Τοὺς
846 875 1083 950 χρόνους
1137 876 1290 950 ὑμῶν
1345 875 1616 949 πληθυνεῖ
1664 876 1758 932 σὺν
1813 881 1933 939 ταῖς

290 962 611 1040 αὖγοῦσταις
667 964 762 1018 καὶ
814 969 933 1029 τοῖς
977 968 1524 1043 πορφυρογεννήτοις.
1558 989 1586 1019 ν
1638 967 1700 1024 Ὀ
1759 965 1929 1030 λαός·

291 1076 317 1104 ιι
347 1050 734 1128 Πολυχρόνιον
782 1053 1005 1124 ποιήσει
1052 1055 1080 1109 ὁ
1109 1056 1241 1116 Θεὸς
1289 1056 1389 1124 τὴν
1437 1053 1591 1133 ἁγίαν
1650 1053 1930 1130 βασιλείαν

292 1161 381 1203 σας
414 1141 492 1203 εἰς
523 1139 715 1197 πολλὰ
745 1136 865 1211 ἔτη.
898 1163 926 1194 »

464 1232 816 1308 Ὑποστροφὴ
851 1235 961 1286 τῶν
994 1228 1268 1286 δεσποτῶν
1296 1235 1362 1306 τῇ
1394 1233 1533 1306 αὐτῇ
1565 1232 1750 1306 ἑορτῇ.

359 1321 514 1394 Δοχὴ
564 1320 633 1389 α’,
672 1323 780 1373 τῶν
831 1319 1093 1388 Βενέτων,
1144 1323 1299 1393 φωνὴ
1354 1321 1457 1399 ἤχ.
1490 1322 1556 1375 α’·
1595 1344 1623 1373 ι(
1653 1322 1732 1378 Τὸ
1794 1322 1935 1398 μέγα

289 1408 375 1462 καὶ
423 1402 722 1480 σεϐάσμιον
766 1413 867 1478 τῆς
914 1407 1254 1469 ἀναστάσεως
1315 1411 1615 1483 μυστήριον
1672 1407 1929 1483 λαμπρυ-

289 1497 487 1569 νομὲνη
521 1497 762 1570 σήμερον
812 1498 847 1564 ἡ
897 1496 1066 1561 κτίσις
1116 1497 1381 1575 ἑορτάζει·
1416 1499 1443 1553 ὁ
1491 1499 1593 1572 γὰρ
1636 1506 1738 1568 τῆς
1770 1496 1932 1570 δόξης

286 1584 492 1661 Κύριος
538 1585 602 1640 τὸ
648 1585 964 1657 σκυθρωπὸν
1013 1584 1269 1665 ἀφανίσας
1298 1588 1394 1640 τοῦ
1443 1587 1669 1650 θανάτου
1719 1587 1810 1643 καὶ
1866 1588 1934 1642 τὰ

282 1678 377 1728 τοῦ
466 1668 603 1743 ᾅδου
670 1671 965 1735 σκυλεύσας
1040 1674 1314 1750 βασίλεια,
1376 1676 1728 1749 συνανέστησε
1806 1677 1932 1740 τοὺς

282 1761 457 1817 πάλαι
518 1766 839 1835 τεθνεῶτας,
897 1763 1072 1841 χαρὰν
1155 1762 1532 1835 ἀνεκλάλητον
1614 1766 1703 1819 καὶ
1791 1766 1933 1820 θεῖον

2040 626 2132 683 bis
2181 633 2517 701 tempora.»
2565 630 2866 683 Cantores:
2922 646 2951 675 (ς
3000 624 3069 680 Et
3118 622 3218 695 qui
3260 622 3510 678 salutem
3570 638 3678 678 un-

2042 722 2259 789 guenta
2289 716 2659 774 efferentibus
2688 715 2846 771 dixit.
2882 736 2910 764 ››
2935 713 3234 769 Clamatet
3263 710 3518 785 populus
3548 714 3672 767 ter:

2044 827 2072 856 ‹‹
2108 806 2295 879 Longa
2339 807 2500 864 vobis
2547 804 2844 878 tempore!
2878 826 2906 853 »
2952 803 3259 861 Cantores:
3314 824 3343 852 «
3394 803 3680 872 Tempora

2042 895 2224 963 vobis,
2272 896 2629 967 nugustabus
2674 899 2730 949 et
2778 890 3333 965 porphyrogennetis
3373 888 3610 962 augeatl
3651 909 3679 937 »

2043 983 2298 1057 Populus
2324 1000 2336 1039 :
2373 1005 2402 1034 «
2432 984 2775 1054 Longeevam
2806 981 2958 1037 Deus
2988 996 3237 1051 sacram,
3264 983 3375 1038 etc.
3411 1000 3439 1027 >ι

2360 1228 2580 1285 Raditur
2610 1227 2960 1282 dominorum
2989 1224 3171 1281 eodem
3196 1226 3361 1295 luto.

2114 1318 2385 1390 Receptio
2429 1317 2639 1390 prima,
2689 1315 3066 1381 Venetorum,
3094 1329 3203 1369 vox
3254 1311 3457 1367 toniI:
3491 1332 3520 1360 «
3556 1308 3681 1365 Ma-

2042 1422 2222 1480 gnum
2271 1412 2327 1463 et
2372 1406 2762 1462 venerandum
2832 1400 3278 1459 resurrectionis
3336 1397 3680 1469 mysterium

2042 1497 2355 1568 splendens
2386 1496 2558 1552 hodie
2582 1502 2845 1550 creatura
2881 1491 3151 1548 celebrat.
3198 1488 3479 1544 Dominus
3526 1485 3681 1541 enim

2043 1586 2239 1661 glorias
2271 1593 2538 1642 terrorem
2566 1584 2763 1640 mortis
2785 1581 3045 1651 removit,
3078 1580 3393 1635 inferorum
3436 1590 3683 1647 regnum

2043 1675 2328 1745 spoliavit,
2362 1675 2655 1747 quondam
2699 1675 2961 1727 mortuos
3003 1685 3122 1723 una
3166 1664 3454 1732 excitavit,
3490 1662 3686 1718 ineil‘a-

2043 1765 2158 1821 bile
2187 1763 2467 1836 gaudium
2502 1780 2567 1819 ac
2599 1763 2862 1817 divinum
2898 1756 3155 1817 Pascha!
3206 1753 3548 1811 Mirabiliter
3591 1766 3687 1808 ce-

283 1853 480 1928 Πάσχα
511 1853 574 1907 ³⁵.
611 1851 862 1939 Τελεῖται
909 1840 1250 1926 παραδόξως,
1287 1852 1640 1931 μεγαλύνεται
1688 1855 1753 1911 τὸ
1797 1853 1929 1931 κρά-

2052 1855 2318 1923 lebratur,
2352 1856 2596 1924 augetur
2625 1852 2800 1907 robur
2835 1853 3116 1917 vestrum,
3165 1843 3407 1911 domini,
3441 1844 3511 1897 ad
3562 1840 3685 1912 glo-

280 1963 376 2004 τος
440 1942 622 2015 ὑμῶν,
681 1938 956 2014 δεσπόται,
1010 1942 1085 2005 εἷς
1143 1940 1323 2016 δόξαν,
1369 1942 1445 2005 εἷς
1503 1942 1796 2020 καύχησιν,
1856 1944 1932 2007 εἷς

282 2028 558 2107 ἀνέγερσιν
726 2033 835 2085 τῶν
866 2031 1176 2107 Ῥωμαίων.
1209 2055 1237 2082 »
1268 2033 1350 2090 Τὰ
1398 2030 1456 2087 δὲ
1510 2040 1610 2104 τῆς
1668 2032 1939 2112 εὐφημίας

289 2118 426 2174 ἕκτα
455 2116 681 2192 ᾅδονται
710 2121 860 2195 παρά
888 2125 995 2175 τῶν
1027 2124 1274 2196 κρακτῶν
1302 2122 1392 2177 καὶ
1441 2122 1536 2178 τοῦ
1568 2122 1729 2196 λαοῦ,
1758 2121 1941 2186 καθὼς

288 2210 382 2266 καὶ
414 2209 470 2265 ἐν
498 2215 618 2273 ταῖς
651 2209 872 2273 λοιπαῖς
912 2208 1130 2289 δοχαῖς.
1164 2214 1240 2271 Τὸ
1299 2209 1357 2269 δὲ
1403 2211 1719 2269 τελευταῖον
1781 2215 1943 2271 ἄκτον

293 2299 550 2376 λέγουσιν
606 2300 659 2355 οἱ
716 2299 947 2374 κράκται
980 2321 993 2333 ·
1055 2325 1083 2353 ‹‹
1143 2300 1339 2367 Καλῶς
1396 2300 1568 2372 ἦλθον
1630 2304 1685 2356 οἱ
1745 2300 1943 2358 δεσπό-

289 2409 377 2445 ται
440 2387 533 2442 σὺν
598 2394 717 2451 ταῖς
796 2389 1118 2469 αὖγούσταις
1173 2391 1267 2447 καὶ
1322 2397 1444 2455 τοῖς
1501 2393 1944 2473 προφυρογεννή-

290 2497 429 2538 τοις.
482 2501 504 2527 ι
540 2478 600 2530 Ὀ
654 2476 788 2540 λαός
824 2498 840 2513 ’
889 2502 917 2533 ι(
972 2479 1164 2549 Καλῶς
1211 2479 1429 2552 ἤλθετε.
1464 2506 1493 2535 »
1547 2483 1614 2539 Οἱ
1672 2482 1941 2558 κράκται·

293 2589 322 2616 ‹‹
356 2566 838 2642 Προσκυνήσαντες
892 2570 987 2623 τοῦ
1034 2569 1357 2633 ἀναστάντος
1404 2570 1647 2645 Χριστοῦ
1693 2572 1791 2640 τὴν
1850 2568 1938 2625 δό-

292 2657 399 2725 ξαν.
435 2678 465 2705 ››
495 2656 556 2712 '0
604 2653 740 2714 λαός
772 2674 784 2687 ⁶
829 2678 858 2706 «
917 2655 1299 2741 Πολυχρόνιον
1360 2660 1582 2730 ποιήσει
1636 2659 1664 2715 ὁ
1724 2659 1875 2725 Θεός.
1912 2682 1941 2711 ››

291 2745 443 2819 Δοχῆ
481 2744 554 2821 β’,
583 2747 692 2798 τῶν
754 2744 1061 2818 Πρασίνων,
1122 2745 1451 2803 άπελατικὸν
1509 2749 1612 2823 ἤχ.
1647 2755 1711 2801 α’·
1751 2769 1779 2801 ι
1834 2750 1944 2820 Σή-

295 2853 458 2908 μερον
515 2833 581 2888 τὸ
636 2836 753 2895 τοῖς
805 2832 1065 2919 ἀγγέλοις
1122 2833 1435 2912 ἀπόρῥητον
1484 2835 1786 2897 ὲκτελεῖται
1843 2844 1944 2907 τῆς

293 2922 634 2983 ἀναστάσεως
669 2924 991 2998 μυστήριον.
1025 2924 1086 2981 Ὀ
1115 2925 1216 3000 γὰρ
1276 2924 1617 3001 ἐμπιμπλών
1672 2929 1774 2980 πᾶν
1836 2929 1941 2996 ζῶν

294 3010 545 3073 εὐδοκίας
600 3010 756 3085 σαρκὶ
819 3016 1141 3076 θανατοῦται
1195 3013 1268 3085 ὡς
1327 3011 1634 3089 ἅνθρωπος,
1694 3014 1784 3069 καὶ
1841 3015 1943 3083 τήν

294 3099 575 3173 ἄπληστον
607 3103 704 3157 τοῦ
761 3097 895 3173 ᾅδου
941 3099 1228 3177 τυραννίδα
1271 3101 1707 3179 αἰχμαλωτεύει,
1739 3105 1942 3178 νεκρώ-

295 3211 388 3291 σας
433 3191 527 3245 τὸν
575 3194 851 3291 νεκρωτήν
885 3214 898 3227 ⁸
958 3196 1052 3248 νῦν
1110 3190 1382 3291 ἠφανίσθη
1440 3193 1504 3247 τὸ
1559 3194 1665 3268 πρὸ
1722 3193 1938 3249 αἰώνων
1969 3229 2013 3291 C

294 3279 515 3355 αἶσχος,
547 3283 640 3335 νῦν
681 3279 972 3355 ἐξήνθησεν
1012 3284 1048 3351 ἠ
1101 3281 1248 3358 χαρὰ
1294 3285 1402 3335 τῶν
1433 3282 1678 3358 περάτων
1708 3285 1843 3357 (61).
1876 3284 1938 3343 Ὀ

292 3369 561 3439 παντάναξ
594 3367 651 3423 δὲ
681 3371 811 3432 Θεὸς
869 3370 960 3424 καὶ
1011 3368 1310 3443 ζωοδότης,
1340 3369 1472 3432 τοὺς
1523 3369 1783 3432 δεσπότας
1841 3371 1942 3448 φύς

295 3454 455 3512 λαττε
483 3455 540 3512 ἐν
571 3461 640 3532 τῇ
672 3458 944 3535 πορφύρᾳ.
983 3484 1005 3511 ι
1042 3461 1194 3534 Δοχή
1245 3460 1315 3537 γ’,
1345 3464 1453 3515 τῶν
1509 3456 1764 3529 Βενέτων,
1787 3462 1942 3538 φωνὴ

294 3546 392 3621 ἤχ.
425 3548 503 3601 α’·
546 3569 572 3601 α
622 3548 862 3623 Σταυρὸν
912 3549 1003 3604 καὶ
1054 3549 1280 3604 θάνατον
1329 3549 1628 3623 δπομείνας
1685 3550 1943 3624 Χριστὸς,

293 3633 562 3703 κατῆλθεν
613 3634 752 3691 ἑκὼν
802 3635 854 3690 ἐν
903 3636 1076 3714 τάφῳ,
1112 3638 1202 3693 καὶ
1231 3638 1327 3699 τὰς
1360 3641 1456 3692 τοῦ
1488 3634 1620 3708 ᾅδου
1653 3639 1945 3715 συντρίψας

297 3721 473 3785 πύλας
531 3727 600 3798 τῇ
658 3729 814 3799 θεϊκῇ
892 3727 1055 3780 αὐτοῦ
1131 3725 1364 3798 ἐξουσίᾳ,
1423 3730 1585 3781 πᾶσιν
1658 3726 1944 3782 ἀνάστασιν

298 3811 588 3889 ἐγκαινίζει
616 3816 735 3876 τοῖς
794 3813 886 3869 ἀπ’
915 3813 1114 3876 αἰῶνος
1173 3816 1621 3889 νενεκρωμένοις.
1653 3816 1717 3869 ’Π
1774 3815 1949 3880 κτίσις

301 3903 540 3976 σήμερον
588 3904 832 3976 ἑορτάζει
884 3900 1112 3957 διπλοῦν
1164 3903 1224 3957 τὸ
1276 3907 1471 3979 Πάσχα
1498 3911 1599 3975 τῆς
1650 3903 1946 3978 σωτηρίας,

302 3990 482 4063 ὁρῶσα
536 3993 599 4045 τὸ
645 3997 918 4066 σκῆπτρον
966 3991 1142 4063 ὑμῶν,
1203 3989 1482 4067 δεσπόται,
1534 3998 1605 4070 τῇ
1664 3993 1946 4049 ἀναστάσει

299 4081 539 4155 Χριστοῦ
571 4076 990 4141 ωνανατέλλον.
1025 4104 1053 4133 ››
1087 4082 1165 4141 Τὰ
1226 4078 1285 4136 δὲ
1341 4089 1443 4153 τῆς
1500 4082 1773 4158 εὐφημίας
1812 4082 1949 4139 ἄκτα

300 4165 518 4238 ᾅδονται
576 4169 723 4244 παρά
773 4189 832 4225 τε
875 4172 984 4225 τῶν
1034 4175 1281 4244 κρακτῶν
1319 4172 1409 4227 καὶ
1438 4177 1537 4228 τοῦ
1568 4170 1733 4241 λαοῦ,
1765 4174 1948 4237 καθὼς

300 4259 388 4312 καὶ
419 4257 473 4313 ἐν
502 4262 624 4320 ταῖς
655 4255 877 4319 λοιπαῖς
909 4256 1128 4333 δοχαῖς.
1154 4260 1228 4317 Τὸ
1261 4258 1320 4315 δὶ
1355 4260 1666 4317 τελευταῖον
1700 4261 1947 4338 λέγουσιν

303 4346 352 4398 οἱ
398 4343 650 4418 κράκται.
688 4367 713 4398 ι
763 4347 1241 4420 Προσκυνήσαντες
1295 4352 1393 4404 τοῦ
1450 4349 1772 4412 ἀναστάντος
1820 4354 1951 4425 Χρι-

302 4438 429 4488 στοῦ
457 4436 560 4505 τὴν
594 4431 773 4505 δόξαν.
807 4458 837 4488 ››
868 4435 925 4488 '0
963 4431 1096 4498 λαός
1130 4456 1143 4470 ’
1182 4459 1208 4490 ιι
1240 4436 1619 4514 Πολυχρόνιον
1668 4442 1887 4511 ποιήσει
1919 4441 1947 4499 ὁ

303 4523 431 4584 Θεὸς
462 4523 564 4593 τὴν
594 4548 615 4574 ι
649 4545 702 4580 κ.
732 4545 785 4581 τ.
814 4521 871 4580 λ.
904 4525 1070 4600 Δοχῆ
1125 4522 1182 4579 δὲ
1225 4526 1477 4600 τετάρτη,
1508 4532 1616 4583 τῶν
1668 4528 1949 4603 Ηρασίνων

303 4614 456 4686 φωνή
483 4609 590 4691 ἤχ.
621 4614 672 4687 γ’
703 4632 717 4645 θ
751 4637 779 4666 ι(
811 4617 1006 4689 Πάσχα
1036 4614 1240 4690 Κυρίου
1271 4616 1512 4690 σήμερον
1544 4622 1882 4691 καθορῶντες
1919 4640 1943 4672 ι

302 4700 391 4754 καὶ
444 4702 518 4755 τὰ
564 4702 707 4773 δξῆς.
760 4705 910 4779 Δοχή
964 4704 1022 4775 ε’,
1070 4707 1181 4758 τῶν
1237 4704 1494 4779 Βενέτων,
1547 4709 1697 4783 φωνή
1747 4709 1848 4785 ἤχ,
1882 4716 1945 4768 α’.

306 4811 329 4840 ε
378 4789 771 4865 Ἐγκαινίζεται
832 4794 1070 4868 σήμερον
1142 4797 1248 4849 τῶν
1308 4794 1604 4870 ἀνθρώπων
1672 4803 1708 4867 ἠ
1768 4800 1946 4872 φύσις,

302 4875 620 4953 παραδόξως
670 4880 728 4936 ἐκ
776 4881 979 4959 φθορᾶς
1041 4881 1530 4958 μεταπλαττομένη
1581 4886 1717 4959 πρὸς
1747 4887 1948 4966 ἀφθαρ-

299 4966 440 5037 σίαν,
493 4967 800 5038 στολίζεται
851 4971 950 5040 τήν
998 4971 1204 5041 στολὴν
1258 4978 1362 5044 τῆς
1425 4975 1693 5049 προτέρας
1761 4973 1947 5048 δόξης,

301 5057 498 5129 μηκέτι
559 5063 641 5132 τῷ
704 5061 918 5134 θανάτῳ
981 5062 1354 5138 κατεχομένη.
1413 5067 1474 5121 Ὀ
1528 5064 1628 5140 γὰρ
1696 5063 1841 5144 ἔχων
1887 5068 1952 5123 τὸ

2047 1946 2217 2013 riam,
2295 1944 2512 1999 famem
2578 1945 2635 1996 et
2708 1940 2956 1995 salutem
3021 1937 3502 1992 Romanorum.»
3583 1928 3683 1985 28

2045 2034 2492 2092 Acclamationis
2525 2037 2720 2090 autem
2749 2031 2927 2087 verba
2952 2046 2984 2083 a
3012 2022 3470 2098 praecentoribus
3499 2024 3556 2075 et
3585 2024 3685 2090 po'-

2048 2125 2359 2199 pulo,utin
2383 2118 3080 2192 coeterisreceptionibus,
3103 2118 3387 2171 cantatur.
3416 2110 3685 2199 Ultimum

2050 2198 2314 2273 cantores
2363 2213 2599 2269 dicunt:
2652 2209 2899 2267 Pulchre
2949 2207 3235 2263 venerunt
3278 2198 3499 2258 domini
3547 2213 3684 2256 cum

2048 2302 2406 2373 augustabus
2436 2305 2492 2357 et
2511 2294 3083 2377 porphyrogennetis.
3109 2314 3137 2343 »
3161 2288 3421 2362 Populus
3455 2304 3468 2342 :
3501 2308 3529 2338 «
3562 2284 3690 2341 Pul-

2049 2392 2184 2451 chre
2218 2389 2480 2450 venistis.
2512 2412 2540 2442 »
2573 2390 2853 2446 Cantores
2882 2402 2895 2438 :
2931 2406 2959 2436 ‹‹
3001 2384 3323 2439 Adorantes
3373 2390 3688 2446 resurgen-

2050 2481 2125 2537 tis
2201 2479 2415 2537 Christi
2489 2477 2815 2549 gloriam.»
2876 2470 3186 2542 Populus:
3248 2488 3276 2517 »
3345 2469 3684 2535 Longaevam

2048 2568 2221 2636 Deus,
2255 2590 2283 2619 »
2310 2573 2419 2625 etc.
2451 2565 2723 2637 Receptio
2771 2561 3052 2626 secunda,
3103 2557 3502 2620 Prasinorum,
3551 2565 3688 2621 ape-

2048 2656 2293 2716 laticum
2350 2655 2474 2712 toni
2532 2655 2650 2711 Ιεα
2712 2650 2895 2709 Hodie
2959 2642 3402 2720 impenetrabile
3464 2638 3689 2711 angelis

2050 2746 2492 2805 resurrectionis
2534 2742 2883 2816 mysterium
2932 2738 3282 2797 celebratur.
3314 2732 3499 2790 Omne
3532 2728 3687 2785 enim

2051 2837 2243 2893 vivum
2275 2834 2464 2907 gratia
2494 2832 2723 2905 replens
2753 2831 2812 2886 in
2846 2841 3019 2885 carne
3060 2829 3126 2880 ut
3172 2823 3343 2877 homo
3387 2816 3689 2883 occiditur,

2053 2933 2104 2982 et
2152 2905 2539 2982 insatiabilem
2588 2921 2707 2979 orci
2756 2917 3124 2993 tyrannidem
3172 2911 3457 2985 captivam
3508 2905 3687 2972 ducit,

2053 3015 2308 3073 occisore
2351 3014 2574 3070 occiso:
2626 3025 2783 3067 nunc
2842 3012 3124 3064 aeternum
3197 2999 3433 3057 evanuit
3480 3011 3687 3068 oppro-

2052 3107 2261 3173 brium,
2310 3119 2467 3159 nunc
2515 3099 2768 3171 exsurgit
2814 3096 3096 3171 gaudium
3139 3089 3539 3147 terminorum.
3572 3084 3691 3140 Rex

2052 3196 2315 3252 omnium
2359 3192 2514 3249 Deus
2557 3190 2802 3260 vitaeque
2858 3186 3046 3252 dator,
3098 3196 3261 3237 serva
3309 3176 3577 3233 dominos
3626 3172 3688 3227 in

2055 3281 2351 3357 purpurat
2384 3304 2411 3332 »
2433 3281 2646 3347 Tertia,
2674 3280 3054 3344 Venetorum,
3086 3288 3194 3327 vox
3234 3268 3349 3325 toni
3389 3266 3409 3322 Ι
3440 3282 3453 3321 :
3491 3284 3519 3357 ε
3552 3266 3690 3317 Cru-

2056 3353 2185 3431 cem
2212 3375 2575 3440 mortemque
2606 3382 2913 3441 perpessus
2941 3362 3231 3425 Christus,
3266 3362 3468 3430 sponte
3507 3353 3565 3407 in
3598 3367 3691 3441 se-

2054 3462 2365 3537 pulchrum
2416 3440 2735 3521 descendit,
2767 3454 3148 3524 contritisque
3196 3448 3390 3504 divina
3423 3440 3694 3537 potentia

2054 3534 2163 3611 sua
2194 3550 2309 3607 orci
2347 3550 2550 3620 portis,
2579 3546 2856 3603 omnibus
2886 3544 2946 3599 in
2977 3538 3187 3597 saeculo
3220 3534 3469 3597 mortuis
3498 3547 3692 3587 resur-

2055 3619 2367 3696 rectionem
2400 3640 2657 3693 renovat.
2690 3634 2968 3690 Creatura
3020 3623 3433 3695 hodie-duplex
3469 3619 3693 3675 Pascha

2055 3728 2262 3784 salutis
2292 3727 2567 3791 celebrat,
2597 3724 2803 3779 videns
2825 3723 3121 3791 sceptrum
3142 3718 3419 3778 vestrum,
3444 3707 3692 3771 domini,

2054 3835 2189 3876 cum
2221 3815 2436 3872 Christi
2469 3810 2893 3870 resurrectione
2929 3822 3046 3862 una
3092 3802 3378 3859 exoriens.
3414 3818 3442 3848 ››
3492 3794 3693 3851 Accla-

2057 3905 2330 3964 mationis
2360 3909 2490 3965 acta
2515 3920 2549 3959 a
2578 3899 2913 3959 cantoribus
2942 3903 2997 3952 et
3025 3891 3240 3966 populo
3273 3893 3338 3944 ut
3368 3888 3429 3942 in
3468 3883 3693 3940 caeteris

2055 3994 2407 4053 factionibus
2506 3994 2830 4049 cantantur.
2934 3986 3234 4041 Postremo
3319 3979 3695 4048 praecentorcs

2056 4086 2320 4145 dicunt:
2370 4105 2400 4135 α
2475 4083 2795 4139 Adorantes
2871 4073 3083 4139 Christi
3163 4065 3495 4126 resuscitati
3576 4062 3698 4136 glo-

2056 4354 2179 4411 toni
2211 4354 2291 4408 III
2319 4368 2332 4408 :
2368 4374 2396 4402 α
2424 4350 2650 4406 Pascha
2678 4345 2909 4404 Domini
2954 4340 3128 4399 hodie
3179 4339 3489 4402 intuentes,
3522 4352 3552 4381 »
3584 4336 3692 4386 etc.

2058 4444 2289 4513 Quinta,
2321 4441 2673 4498 Venetorum
2702 4455 2715 4494 :
2748 4454 2852 4494 vox
2900 4434 3021 4492 toni
3050 4432 3162 4489 Ι;‹‹
3214 4429 3542 4486 Renovatur
3590 4421 3698 4477 ho-

2057 4534 2152 4591 die
2192 4533 2454 4588 humana
2497 4538 2727 4595 natura,
2776 4521 3183 4583 admirandum
3234 4519 3294 4574 in
3339 4515 3576 4573 modum
3627 4526 3698 4565 ex

2058 4621 2426 4693 corruptione
2453 4620 2511 4675 in
2570 4618 2956 4687 integritatem
3014 4609 3456 4666 transmutata:
3505 4597 3701 4659 induit

2057 4692 2271 4786 prioris
2302 4710 2497 4784 gloria
2526 4707 2948 4773 vestimentum,
2982 4717 3100 4757 non
3133 4696 3386 4770 amplius
3425 4711 3456 4748 a
3510 4692 3696 4745 morte

2055 4802 2408 4876 superanda.
2441 4801 2672 4857 Tenens
2702 4795 2859 4852 enim
2891 4792 3068 4849 robur
3107 4788 3311 4846 mortis
3351 4791 3700 4843 coaeternum

2055 4892 2243 4948 Patris
2273 4895 2332 4947 et
2362 4905 2524 4960 teque
2553 4889 2920 4944 inaccessum
2971 4882 3252 4946 Verbum,
3276 4876 3395 4934 orci
3446 4886 3694 4944 regnum

2058 4980 2348 5053 spoliavit,
2372 4976 2545 5035 solvit
2573 4976 2929 5049 captivorum
2950 4970 3206 5043 vincula,
3231 4967 3554 5053 libertatem
3576 4973 3702 5053 om:

2060 5046 2234 5127 nibus
2262 5068 2534 5126 donavit:
2569 5046 2662 5121 hic
2701 5061 2991 5121 custodiet
3032 5061 3209 5115 robur
3249 5048 3596 5124 majestatis,
3626 5046 3701 5100 ad

1664 5211 1908 5268 VARUE
1948 5213 2341 5273 LECTIONES

366 5326 415 5363 9‘
447 5325 594 5399 χαρὰ
621 5326 995 5400 ἀνεκλάλητος
1027 5330 1117 5384 καὶ
1146 5330 1290 5385 θεῖον
1327 5329 1518 5405 Πάσχα
1545 5330 1783 5387 τελεῖται
1814 5336 1907 5392 ed.

1339 5473 1541 5531 JOAN.
1581 5474 1730 5532 JAC.
1772 5475 2036 5534 REISKII
2075 5474 2660 5534 COMMENTARIUS.
2748 5504 2753 5509 -

368 5622 478 5691 (59)
509 5623 594 5677 Ad
631 5623 918 5699 mulieres
936 5629 1240 5699 unguenta
1270 5629 1340 5682 ad
1373 5625 1698 5699 sepulcrum
1730 5627 1947 5683 Christi

302 5692 882 5772 ljcrentesrespicitur
899 5692 1078 5754 Marc.
1101 5714 1219 5764 xvr,
1246 5699 1271 5754 1
1299 5719 1313 5768 ;
1338 5715 1391 5756 v.
1416 5692 1500 5755 Du
1524 5700 1718 5772 Gange
1750 5700 1942 5756 Gloss.

303 5763 477 5841 arx!“
512 5763 860 5841 Μνροφάροιτ

367 5836 478 5908 (60)
512 5835 658 5893 Hinc
684 5835 1034 5913 corrigatur
1075 5840 1303 5897 Contin.
1354 5846 1657 5906 Constant.
1700 5856 1760 5912 P-
1813 5841 1944 5909 264,

2057 5629 2154 5684 ubi
2186 5626 2382 5700 Δὄίνεσιν
2424 5628 2658 5700 legitur.
2696 5623 3025 5700 Opponitur
3080 5620 3147 5690 τῇ
3207 5613 3549 5669 καταπτώσει
3599 5621 3708 5671 τῶν

2060 5694 2357 5773 Βαρϐάρων
2390 5694 2582 5773 λνΪρ.
2615 5702 2706 5755 29.

2126 5758 2543 5842 (61)'Gaudiuni
2587 5777 2750 5842 βοείας
2783 5758 3284 5842 ειννᾳνιιηξιονὸἦε,
3338 5764 3554 5835 Πιρατα
3608 5760 3707 5813 τοδ

2054 5829 2265 5912 κόσμόυ
2298 5840 2385 5895 vel
2415 5844 2518 5906 τῆς
2551 5829 2880 5917 οἰκουμένης
2908 5829 3343 5901 intelliguntur.
3404 5896 3411 5899 _
