4154 6302
401 436 519 495 223

1472 431 1998 496 CONSTANTINI
2043 430 2745 495 PORPHYROGENITI

3687 430 3803 489 221

404 566 658 631 laudem,
693 565 944 636 gloriam
971 571 1027 622 et
1057 569 1304 624 salutem
1346 569 1764 624 Romanorum.
1801 583 1827 612 »
1851 560 2055 616 Accla-

2171 559 2354 634 κράτος
2408 567 2504 617 τοῦ
2561 563 2867 628 θανάτου,ὁ
2905 565 3000 616 τοῦ
3053 560 3260 633 Ηατρὸς
3316 561 3656 634 συνάναρχος
3713 560 3805 614 καὶ

405 656 678 710 mntionis
711 660 842 709 acta
872 673 902 708 a
927 657 1264 711 cantoribus
1293 662 1347 711 et
1403 655 1616 726 populo
1666 657 1729 708 ut
1774 652 1833 706 in
1883 655 2048 707 caete—

406 741 484 797 ris
531 746 856 796 cantantur.
920 742 1196 797 Ultimum
1262 760 1392 798 vero
1453 746 1718 797 cantores
1785 740 2045 794 dicunt:

406 852 434 879 ‹‹
467 831 786 884 Adorantes
838 832 1192 901 resurgentis
1223 831 1434 886 Christi
1475 829 1758 902 gloriam:
1800 850 1826 876 ››
1857 832 2046 898 Popu-

405 918 537 973 lus:
573 940 598 966 «
636 918 977 986 Longaevam
1008 920 1175 989 Deus,
1209 942 1236 968 »
1269 925 1377 974 etc.

2161 648 2432 713 συναίδιος
2483 652 2675 728 λόγος,
2710 650 3007 711 σκυλεύσας
3060 651 3126 704 τὰ
3185 648 3437 723 βασίλεια
3492 653 3587 702 τοῦ
3647 645 3802 718 ᾅδου,

2157 732 2314 793 ἔλυσε
2361 741 2450 794 τὸν
2492 739 2686 814 δεσμὸν
2732 744 2838 794 τῶν
2870 737 3266 813 αἰχμαλώτων,
3299 743 3429 792 πᾶσι
3479 734 3802 812 δωρησάμε-

2157 847 2246 887 νος
2272 827 2599 902 ἐλευθερίαν.
2631 831 2728 893 Ὃς
2775 829 2866 882 καὶ
2922 826 3145 897 φυλάξει
3203 826 3263 880 τὸ
3322 827 3522 899 κράτος
3547 832 3647 893 τῆς
3701 827 3804 900 βα-

2158 914 2363 979 σιλείας
2424 918 2499 980 εἴς
2555 916 2731 988 δόξαν,
2763 917 2838 979 εἷς
2889 917 3177 991 καύχημα,
3211 915 3286 978 εἷς
3344 915 3610 988 ἀνέγερσιν
3662 916 3806 972 Ῥω-

413 1005 607 1076 μαίων.
644 1030 671 1056 ››
703 1005 783 1062 Τὰ
815 1003 871 1060 δὲ
900 1012 998 1074 τῆς
1028 1007 1300 1085 εὐφημίας
1329 1007 1462 1062 ἄκτα
1491 1003 1707 1076 ᾅδονται
1737 1002 1880 1078 παρά
1925 1024 1982 1058 τε
2030 1008 2136 1059 τῶν
2189 1012 2431 1079 κρακτῶν
2482 1009 2570 1062 καὶ
2621 1009 2718 1062 τοῦ
2765 1008 2922 1075 λαοῦ,
2955 1007 3133 1069 καθὼς
3170 1006 3259 1059 καὶ
3307 1002 3358 1058 ἓν
3407 1008 3527 1065 ταῖς
3585 1004 3809 1067 λοιπαῖς

411 1091 623 1167 δοχαῖς.
681 1094 751 1148 Τὸ
811 1093 867 1148 δὲ
918 1094 1228 1150 τελευταῖον
1288 1095 1444 1150 ἅκτον
1505 1094 1753 1170 λέγουσιν
1805 1095 1856 1148 οἱ
1900 1093 2125 1168 κράκται
2158 1114 2172 1127 ο
2207 1120 2233 1147 ‹‹
2283 1099 2757 1171 Προσκυνήσαντες
2836 1100 2933 1151 τοῦ
3012 1097 3335 1154 ἀναστάντος
3419 1097 3652 1167 Χριστοῦ
3707 1096 3808 1164 τήν

409 1178 582 1251 δόξαν.
618 1206 645 1233 ))
676 1184 736 1240 Ὀ
769 1183 900 1246 λαός
927 1203 938 1215 ⁶
975 1211 1002 1237 ‹‹
1037 1185 1442 1260 Πολυχρόνιον.
1475 1209 1498 1235 υ

993 1276 1091 1331 29
1134 1273 1365 1329 CAPUT
1404 1273 1466 1328 V.

516 1364 644 1418 Acta
677 1364 731 1417 in
760 1363 909 1434 feria
929 1364 1166 1419 secunda
1194 1366 1515 1435 septimana
1543 1361 1931 1420 renovatianis.

484 1525 714 1580 Peracto
778 1524 1169 1581 ecclesiastico
1244 1525 1456 1592 ofﬁcio,
1533 1526 1763 1596 quando
1827 1523 2047 1579 domini

412 1627 628 1667 mensae
660 1612 943 1677 assident,
976 1617 1325 1669 Venetorum
1360 1630 1640 1685 organum
1665 1617 1856 1680 sonat,
1879 1618 1936 1668 et
1967 1612 2050 1667 di-

411 1703 490 1756 cit
521 1701 804 1772 populus:
841 1725 866 1750 «
903 1703 1130 1756 Sancta.
1168 1725 1194 1751 ››
1241 1702 1466 1770 Organo
1517 1702 1743 1771 silente,
1803 1717 2049 1772 praecen-

413 1798 602 1845 tores:
638 1812 666 1839 «
700 1790 810 1844 Ter
841 1796 1056 1860 sancte,
1093 1807 1222 1845 cum
1260 1791 1510 1845 dominis
1532 1789 1708 1845 simul
1742 1790 1981 1861 impera.
2019 1812 2046 1840 »

2799 1279 3060 1330 ΚΕΦΑΛ.
3102 1275 3178 1330 Ε’.

2229 1365 2400 1420 Ἀκτα
2448 1368 2516 1438 τῇ
2581 1365 2743 1438 ἑορτῇ
2812 1369 2879 1438 τῇ
2941 1362 3162 1436 δευτέρᾳ
3225 1370 3326 1431 τῆς
3393 1359 3735 1432 διακαινησι-

2802 1458 2906 1508 μου
2948 1439 2991 1471 9⁸
3033 1438 3164 1504 (62.)

2230 1523 2381 1579 Μετὰ
2428 1526 2526 1594 τὴν
2586 1523 2851 1579 ἀπόλυσιν
2909 1527 3006 1592 τῆς
3038 1520 3356 1591 ἐκκλησίας,
3390 1522 3480 1576 ὅτε
3537 1516 3809 1593 ἀκουμϐί-

2157 1633 2320 1666 σωσιν
2350 1615 2459 1685 (63)
2494 1614 2544 1667 οἱ
2576 1610 2828 1668 δεσπόται
2865 1613 2951 1667 ἐπὶ
2981 1619 3081 1681 τῆς
3113 1611 3407 1684 τραπέζης,
3438 1609 3596 1664 αὐλεῖ
3625 1612 3686 1663 τὸ
3719 1608 3811 1682 ὄρ.

2157 1722 2321 1775 γανον
2352 1706 2456 1755 τῶν
2488 1700 2854 1770 Βενέτων,κα’ἰ
2884 1700 3032 1775 λέγει
3069 1701 3096 1753 ὁ
3121 1698 3275 1761 λαός·
3295 1724 3322 1752 ‹‹
3345 1700 3611 1772 Ἀγιαχάς
3636 1701 3808 1771 (64).»

2161 1813 2186 1839 ‹‹
2223 1791 2319 1842 Καὶ
2352 1787 2442 1843 ὅτε
2482 1790 2661 1864 παύσῃ
2712 1790 2774 1844 τὸ
2825 1784 3076 1864 ὄργανον,
3111 1787 3362 1861 λέγουσιν
3417 1790 3469 1841 οἱ
3526 1789 3753 1859 κράκται
3790 1805 3803 1816 ⁸

411 1879 634 1934 Clamat
664 1884 719 1934 et
752 1879 1001 1950 populus
1037 1885 1158 1936 ter:
1201 1904 1219 1928 α
1257 1882 1369 1935 Ter
1412 1883 1629 1935 sancte.
1661 1901 1688 1930 »
1731 1879 2045 1936 Cantores:

2171 1900 2188 1928 ι(
2210 1877 2488 1951 Τρισάγιε,
2507 1873 2937 1950 συμϐασίλευσον
2961 1876 3088 1938 τοὺς
3113 1875 3374 1938 δεσπότας
3395 1880 3460 1934 θδ,
3492 1901 3518 1926 ι)
3559 1881 3809 1952 Φθογγεῖ

411 1991 437 2017 ‹‹
492 1968 561 2021 Et
618 1972 680 2021 tu
741 1983 938 2022 eorum
1001 1985 1201 2023 curam
1259 1969 1318 2022 in
1372 1969 1641 2023 omnibus
1715 1968 1966 2039 suscipe.
2023 1991 2050 2017 ››

409 2056 631 2111 Clamat
663 2061 718 2110 et
753 2057 1003 2127 populus
1034 2061 1120 2112 ter
1157 2074 1168 2110 :
1204 2080 1230 2106 ‹‹
1265 2057 1372 2110 Ter
1413 2061 1628 2111 sancte.
1670 2078 1698 2106 »
1731 2055 2049 2112 Cantores:

411 2167 439 2194 «
478 2151 710 2215 Augens
740 2145 863 2199 vita:
895 2150 1180 2217 tempora.
1216 2169 1243 2196 ››
1277 2145 1499 2200 Clamat
1548 2150 1604 2200 et
1651 2143 1902 2215 populus
1935 2155 2050 2201 ter:

413 2257 441 2283 «
493 2236 599 2289 Ter
648 2243 928 2290 sancte.»
978 2235 1286 2290 Cantores:
1324 2258 1351 2285 «
1402 2237 1481 2289 A-l
1534 2235 1845 2306 perfectam
1902 2234 2046 2289 laeti-

415 2323 559 2378 tiam
591 2325 1008 2379 Romanorum.
1046 2345 1071 2372 ››
1104 2325 1324 2379 Clamat
1354 2327 1410 2378 et
1443 2323 1692 2394 populus
1723 2329 1846 2379 ter:
1881 2347 1908 2374 ‹‹
1944 2325 2056 2378 Ter

415 2422 630 2468 sancte.
670 2436 697 2462 »
726 2414 1038 2468 Cantores:
1077 2435 1104 2462 ‹‹
1138 2417 1279 2468 Cum
1314 2412 1424 2483 piis
1455 2414 1675 2483 Deique
1722 2413 2054 2468 amantibus

414 2501 786 2571 conjugibus.
820 2524 846 2552 ››
883 2501 1104 2556 Clamat
1153 2511 1202 2556 et
1252 2501 1502 2570 populus
1535 2505 1655 2558 ter:
1692 2523 1719 2549 ‹‹
1764 2498 1872 2556 Ter
1919 2518 2053 2554 san-

416 2595 524 2644 cte.
565 2613 584 2638 υ
622 2591 933 2645 Cantores:
969 2611 995 2639 ‹‹
1031 2591 1097 2644 Et
1133 2590 1477 2645 venerandis
1500 2590 2055 2660 porphyrogennetis

417 2680 473 2734 in
509 2694 786 2750 purpura.
819 2701 847 2728 »
880 2678 1104 2735 Clamat
1133 2683 1188 2733 et
1238 2677 1484 2748 populus
1520 2682 1638 2734 ter:
1674 2700 1703 2728 «
1754 2679 1865 2733 Ter
1921 2695 2056 2734 san-

416 2772 522 2824 cte.
559 2790 586 2817 »
621 2767 930 2823 Cantores:
969 2790 995 2817 «
1030 2767 1095 2822 Et
1145 2766 1513 2836 Venetorum,
1547 2767 1806 2823 ﬁdelium
1859 2784 2055 2823 servo-

414 2873 544 2912 rum
595 2861 940 2912 vestrorum.
987 2877 1016 2905 »
1057 2856 1280 2912 Clamat
1326 2859 1383 2910 et
1433 2856 1679 2926 pOpulus
1728 2861 1850 2912 ter:
1887 2856 2055 2912 «Ter

415 2951 632 3001 sancte.
668 2967 694 2995 ››
729 2946 1007 3001 Cantores
1039 2962 1052 2998 :
1086 2968 1112 2994 «
1151 2945 1482 3017 Resurgens
1513 2946 1664 3000 Deus
1694 2952 1916 3013 noster,
1949 2948 2050 3002 do-

415 3035 604 3089 minos
636 3034 884 3090 custodi.
921 3056 947 3082 ι)
997 3033 1219 3088 Clamat
1257 3042 1311 3088 et
1357 3033 1604 3104 populus
1652 3033 1898 3089 simliter
1928 3040 2050 3090 ter:

413 3146 440 3172 ‹‹
480 3123 806 3192 Resurgens
837 3122 988 3177 Deus
1020 3127 1235 3188 noster,
1273 3123 1537 3176 dominos
1568 3123 1814 3178 custodi.
1849 3144 1877 3172 »
1910 3122 2054 3178 Can-

410 3217 604 3266 tores:
645 3234 662 3258 α
702 3210 951 3280 Spiritus
999 3218 1216 3278 sancte,
1245 3215 1523 3281 augustas
1556 3209 1751 3264 εει-νδιί
1790 3233 1816 3259 ››
1867 3211 2053 3280 Popu-

411 3299 501 3354 lus
559 3299 762 3354 eadem
826 3303 989 3353 ter.»
1022 3300 1330 3354 Cantores:
1366 3320 1393 3349 «
1454 3299 1637 3354 Mater
1684 3300 1783 3354 Dei
1841 3301 2044 3372 nostri,

409 3390 640 3444 custodi
684 3389 1270 3460 porphyrogennetos.
1304 3411 1331 3440 »
1385 3390 1596 3446 Eadem
1639 3389 1891 3461 populus
1940 3395 2044 3447 ter.

408 3478 739 3533 Cantores:
809 3500 835 3527 ‹‹
908 3478 1169 3544 Domine,
1238 3479 1413 3532 vitam
1501 3495 1702 3534 eorum
1770 3495 1871 3551 per
1918 3497 2050 3536 nos-

407 3571 583 3622 tram.
619 3589 647 3616 »
681 3568 800 3638 (ιι.)
833 3567 1091 3639 Hymnus
1139 3567 1260 3623 toni
1293 3567 1353 3623 I:
1391 3588 1419 3615 «
1451 3567 1800 3640 Aperiantur
1847 3570 2048 3639 sepul-

2231 1967 2243 1985 \
2459 1969 2471 1986 ‘
2764 1967 2775 1986 I
2907 1987 2918 1999 ι
3184 1967 3193 1982 '
3612 1967 3642 1997 ἰ
3792 1987 3802 1997 ι

2156 1987 2245 2022 και
2301 1969 2328 2022 6
2378 1967 2510 2029 λαος
2575 1967 2635 2023 ἐκ
2691 1988 2876 2042 τριτου
2956 1991 2983 2018 ί(
3027 1970 3304 2040 Τρισαγιε.
3344 1989 3369 2017 ››
3401 1967 3466 2022 Οἱ
3526 1986 3752 2040 κρακται

2162 2079 2189 2108 ‹‹
2223 2057 2324 2114 Καὶ
2383 2057 2446 2110 σὺ
2497 2057 2692 2120 αὐτοὺς
2735 2059 3061 2131 θεράπευσον
3123 2054 3211 2112 ἒπὶ
3265 2061 3449 2113 πᾶσιν.
3485 2080 3511 2106 ››
3567 2061 3809 2131 Φθογγεῖ

2157 2147 2247 2200 καὶ
2281 2149 2307 2202 6
2341 2145 2474 2207 λαὸς
2503 2151 2565 2202 ’sx
2596 2155 2660 2224 γ”
2690 2172 2717 2200 ‹‹
2750 2147 3026 2222 Τρισάγιε,
3055 2170 3082 2198 ‹‹
3125 2149 3190 2203 Οἱ
3223 2148 3451 2220 κρᾶκται
3487 2167 3498 2178 ·
3536 2171 3563 2198 ‹‹
3597 2146 3807 2201 Πλεον-

2160 2237 2301 2305 άζων
2359 2243 2459 2305 τῆς
2530 2242 2674 2306 ζωῆς
2725 2236 2900 2291 αὐτῶν
2961 2236 3218 2309 χρόνους.
3277 2258 3301 2288 ι)
3363 2238 3598 2308 Φθογγεῖ
3652 2236 3743 2289 καὶ
3778 2236 3805 2288 6

2160 2324 2294 2389 λαὸς
2325 2324 2385 2380 ἐκ
2414 2327 2479 2401 γ’.
2514 2350 2541 2377 (ι
2575 2328 2856 2402 Τρισάγιε.
2889 2350 2916 2376 ››
2969 2327 3035 2382 Οἱ
3084 2325 3314 2398 κρᾶκται
3340 2344 3351 2356 ο
3393 2349 3413 2374 ει
3451 2324 3544 2384 Εἷς
3593 2323 3802 2378 τελείαν

2158 2417 2448 2490 χαρμονῆν
2500 2419 2607 2469 τῶν
2656 2413 2966 2488 Ῥωμαίων.
3005 2438 3031 2465 ››
3066 2415 3301 2488 Φθογγεῖ
3331 2413 3418 2468 καὶ
3471 2415 3498 2467 6
3554 2411 3688 2474 λαὸς
3747 2413 3808 2467 ἐκ

2159 2512 2206 2580 γ’
2229 2523 2240 2534 ·
2269 2529 2295 2555 ‹‹
2329 2505 2607 2579 Τρισάγιε.
2643 2527 2670 2556 ››
2705 2505 2771 2560 Οἱ
2820 2505 3043 2578 κράκται
3077 2520 3089 2534 ⁸
3125 2528 3152 2555 ‹‹
3187 2505 3287 2558 Σὺν
3340 2503 3669 2576 αὐγοόσταις
3722 2502 3804 2556 εὖ-

2159 2587 2334 2647 σεϐέσι
2369 2591 2666 2668 φιλοθέοις.
2700 2616 2728 2643 ››
2763 2593 3000 2667 Φθυγγεῖ
3033 2593 3122 2646 καὶ
3155 2593 3182 2646 6
3217 2591 3348 2654 λαὸς
3381 2589 3439 2646 ἔκ
3470 2592 3537 2667 γ’·
3579 2616 3598 2642 ι
3633 2598 3806 2664 Τρισ-

2158 2682 2292 2755 άγιε.
2328 2705 2357 2732 ››
2408 2683 2469 2735 Οἱ
2513 2683 2740 2755 κράκται
2777 2700 2789 2713 ·
2845 2706 2875 2733 ‹‹
2936 2680 3036 2735 Καὶ
3086 2687 3202 2742 τοῖς
3255 2680 3462 2752 τιμίοις
3513 2700 3802 2757 πορφυρο-

2154 2770 2432 2844 γεννήτοις
2470 2767 2520 2822 ἐν
2572 2771 2641 2842 τῇ
2695 2767 2967 2842 πορφύρᾳ.
3006 2789 3031 2821 ι
3085 2773 3320 2842 Φθογγεῖ
3356 2767 3446 2820 καὶ
3484 2768 3510 2820 6
3563 2765 3695 2827 λαὸς
3746 2765 3805 2820 ἐκ

2154 2858 2342 2932 τρίτου
2368 2874 2382 2886 ·
2418 2881 2444 2908 ‹‹
2478 2857 2758 2932 Τρισάγιε.
2797 2880 2822 2906 ››
2858 2857 2925 2913 Οἱ
2953 2856 3210 2931 κράκται·
3237 2879 3265 2907 ‹‹
3293 2855 3396 2911 Καὶ
3428 2855 3661 2910 Βενέτων
3691 2859 3802 2908 τῶν

2154 2946 2388 3022 γνησίων
2439 2947 2589 3018 ὑμῶν
2633 2944 2872 3002 δούλων.
2927 2969 2952 2998 ι
3005 2949 3248 3020 Φθογγεῖ
3293 2945 3383 2999 καὶ
3430 2946 3456 2999 6
3499 2942 3630 3004 λαὸς
3660 2943 3719 2997 ἐκ
3749 2944 3802 3019 γ’

2159 3057 2186 3085 ‹‹
2229 3035 2502 3109 Τρισάγιε.
2560 3057 2587 3083 ››
2641 3034 2707 3089 Οἱ
2759 3033 2979 3106 κράκτατ
3018 3050 3029 3060 ·
3066 3057 3094 3083 ‹‹
3154 3035 3263 3099 Ἐς,
3317 3035 3342 3086 6
3390 3033 3612 3092 ἀναστὰς
3673 3033 3806 3095 Θεὸς

2154 3125 2336 3194 ἡμῶν,
2376 3121 2502 3182 τοὺς
2536 3120 2801 3183 δεσπότας
2835 3121 3092 3198 φύλαττε.
3132 3145 3157 3170 ››
3201 3122 3298 3176 Καὶ
3362 3123 3389 3175 6
3424 3120 3556 3179 λαὸς
3588 3119 3802 3193 ὁμοίως

2160 3211 2219 3265 ἐκ
2247 3211 2452 3284 τρίτου·
2487 3233 2513 3261 ››
2544 3212 2610 3267 Οἱ
2656 3209 2709 3271 ἐς
2741 3212 2876 3282 (65),
2919 3211 2945 3263 6
3000 3209 3228 3270 ἀναστὰς
3273 3211 3402 3272 Θεὸς
3449 3213 3633 3282 ἡμῶν,
3675 3208 3806 3270 τοῦς

2159 3297 2422 3360 δεσπότας
2448 3299 2704 3376 φύλαττε.
2742 3323 2768 3350 ››
2802 3300 2869 3356 Οἱ
2911 3299 3136 3372 κράκται
3170 3318 3183 3330 ⁸
3221 3322 3247 3348 ‹‹
3303 3303 3516 3371 Πνεῦμα
3562 3299 3624 3352 τὸ
3669 3319 3810 3354 παν-

2161 3390 2318 3464 άγιον
2371 3390 2466 3450 τὰς
2508 3389 2819 3464 αὐγούστας
2865 3386 3128 3442 σκέπασω
3186 3390 3381 3460 (66).»
3429 3387 3528 3443 Καὶ
3585 3388 3611 3440 6
3673 3385 3808 3449 λαὸς

2159 3478 2366 3552 ὁμοίως
2419 3476 2478 3532 ἔκ
2506 3479 2574 3551 γ’.
2609 3479 2676 3533 Οἱ
2725 3479 2950 3552 κράκται
2985 3499 2994 3510 ·
3035 3503 3062 3530 ‹‹
3094 3480 3288 3551 Μήτηρ
3328 3481 3422 3530 τοῦ
3455 3480 3586 3531 Θεοῦ
3616 3478 3805 3548 ἡμῶν,

2159 3566 2397 3642 φύλαττε
2433 3565 2500 3621 τὰ
2549 3569 3052 3642 πορφυρογὲννητα.
3089 3591 3117 3618 ››
3169 3565 3272 3622 Καὶ
3310 3567 3336 3619 6
3370 3565 3503 3628 λαὸς
3533 3564 3592 3619 ἐκ
3639 3566 3707 3638 γ’.
3743 3567 3807 3619 Οἱ

1767 3691 2006 3748 vanus
2047 3691 2434 3763 LECTIONES

482 3788 530 3822 95
561 3785 946 3862 δικαινησίμου
969 3791 1060 3850 Β..
1093 3786 1474 3862 διακινησίμου
1504 3791 1629 3847 cod.
1663 3794 1738 3845 et.
1768 3791 1857 3848 ed.
1932 3789 1978 3826 ⁹⁶
2005 3811 2056 3844 τι

2171 3788 2436 3850 ῑεσπόταις
2465 3789 2619 3859 conj.
2650 3787 2838 3844 Loich.

1441 3914 1642 3970 JOAN.
1681 3913 1830 3969 JAC.
1877 3914 2132 3969 REISKII
2171 3911 2744 3970 COMMENTARIUS

493 4028 611 4098 (62,)
645 4028 738 4082 Sic
771 4028 1099 4098 frequenter
1130 4027 1186 4080 in
1208 4026 1345 4098 _boc
1397 4028 1589 4081 codice
1629 4030 2055 4098 esthexaratum

415 4090 520 4167 pgt‘)
584 4090 1028 4167 διακαινησίμου.
1080 4097 1147 4167 Ἡ
1204 4093 1624 4167 διακαινήσιμος
1671 4090 1930 4166 ἑϐδομὰς,
1971 4099 2054 4152 vel

417 4163 656 4242 ἓϐδομὰς
687 4172 782 4242 τοῦ
815 4163 1235 4242 διαᾶιαινησίμου
1266 4168 1376 4242 (ila_
1405 4163 1581 4221 Grm‘ci
1628 4168 1758 4220 novi
1787 4163 2055 4242 emerunt

415 4257 519 4312 pro
555 4236 676 4308 ’τῆς
748 4236 1179 4312 διακαινήσεως),
1237 4237 1470 4307 septima
1540 4237 1938 4312 renovationis,
1987 4247 2061 4312 put

413 4309 579 4379 vulgo
621 4317 872 4377 vertunt,
903 4311 1043 4381 (non
1094 4325 1332 4381 prorsus
1377 4317 1548 4378 recte,
1583 4309 1690 4363 nisi
1742 4309 2062 4364 renovatio-

415 4383 509 4438 nis
556 4379 919 4436 vocabulum
961 4396 1063 4451 pro
1096 4379 1433 4448 gestatione
1483 4396 1763 4435 novarum
1808 4382 2058 4435 vestium

415 4451 752 4523 accipiatur,
788 4469 914 4523 qua:
949 4451 1277 4521 signiﬁcato
1312 4453 1500 4507 medio
1530 4468 1648 4506 aevo
1696 4453 1912 4507 usitata
1957 4452 2060 4506 ho-

2168 4025 2493 4098 ἀσπαστιδιὸν
2533 4025 2656 4098 βασι
2674 4024 2836 4083 λὲως.

2239 4098 2350 4167 (63)
2379 4096 2500 4168 Non
2535 4096 2864 4168 putemgneg
2881 4097 3094 4151 andam
3116 4097 3470 4168 Luitprando
3499 4097 3692 4168 ﬁdem,
3730 4098 3830 4165 qui

2167 4168 2222 4239 in
2249 4166 2547 4239 legatione
2575 4167 2675 4229 ait,
2710 4166 2948 4239 Graecos
2996 4166 3381 4239 imperatores
3433 4169 3488 4221 in
3541 4167 3829 4222 solemni-

2168 4237 2274 4293 bus
2306 4237 2586 4309 conviviis
2618 4253 2719 4309 per
2743 4238 2866 4292 dies
2899 4237 3228 4294 t‘estosnon
3257 4240 3551 4294 assedisse
3583 4240 3831 4304 mensis,

2168 4309 2269 4364 sed
2303 4308 2649 4379 accubuisse
2689 4313 2918 4364 vetusto
2969 4327 3150 4365 more.
3185 4313 3393 4366 Putem
3445 4311 3664 4379 itaque,
3698 4326 3831 4363 ver-

2171 4381 2303 4436 bum
2350 4373 2727 4450 ἀκουμϐίζειν,
2763 4381 2860 4434 ubi
2909 4382 3161 4436 occurrit
3205 4383 3262 4435 in
3299 4382 3407 4436 hoc
3451 4373 3667 4436 codice.
3703 4381 3826 4450 (oc-

2169 4451 2348 4506 currit
2379 4455 2572 4505 autem
2604 4450 2819 4521 saepius
2867 4451 2927 4506 in
2989 4451 3419 4523 Cletorologio,)
3451 4468 3553 4522 per
3600 4467 3822 4506 accum-

418 4523 513 4577 die
545 4522 806 4618 eaoluig)
840 4527 926 4605 est
957 4540 1043 4606 ea,
1076 4538 1202 4592 quae
1225 4523 1380 4618 (item
1400 4523 1704 4618 Paschatjs
1729 4525 2062 4618 immediate
2092 4559 2141 4618 D
2171 4523 2758 4618 berglred‘dijde‘bege.

422 4595 706 4665 sequitur.
740 4594 922 4650 Graeci
953 4595 1108 4649 enim
1141 4594 1526 4663 septimanam
1558 4612 1592 4649 a
1641 4595 1733 4649 die
1775 4593 1920 4648 luna)
1970 4611 2066 4648 or-

421 4664 688 4732 diuntur,
721 4671 775 4720 et
807 4666 1021 4721 ﬁniunt
1054 4666 1108 4719 in
1134 4666 1454 4736 dominica.
1479 4665 1606 4720 Vid.
1634 4665 1719 4722 Du
1752 4667 1943 4736 Cange
1973 4664 2058 4718 Gl.

425 4736 523 4808 Gr.
572 4736 632 4792 h.
683 4753 734 4808 γ.
787 4738 1004 4808 Dicitur
1043 4738 1076 4803 ἡ
1131 4732 1570 4807 διακαινῆσιμος,
1603 4739 1742 4808 quia
1790 4732 2064 4808 neophyti

424 4807 522 4861 illa
548 4807 871 4879 septimana
905 4804 1204 4860 διὰκαινῶν
1239 4810 1299 4862 in
1331 4804 1497 4874 alb-[5,
1519 4804 1736 4879 quasin
1772 4804 2066 4879 baptismo

424 4879 626 4948 vigilia
657 4878 956 4934 Paschatis
986 4883 1351 4946 acceperant,
1385 4878 1749 4945 incedebant,
1783 4887 1838 4934 et
1857 4878 1900 4946 ίὴ
1937 4885 2062 4931 Και-

426 4949 516 5017 νή,
548 4967 758 5020 nempe
790 4950 1055 5022 Κυριακή,
1100 4950 1389 5022 Βοηιὶηιέα
1435 4967 1619 5022 nova,
1645 4951 1969 5018 dicebatur,
2002 4951 2062 5004 in

427 5039 577 5092 quas
608 5039 784 5077 novas
817 5021 880 5076 et
905 5021 1183 5076 candidas
1213 5026 1400 5074 vestes
1434 5038 1535 5092 pro
1568 5021 1772 5075 ultima
1803 5022 1922 5077 vice
1955 5038 2062 5092 ge-

426 5090 683 5157 stabant,
745 5109 843 5148 seu
903 5092 1293 5162 deponebant.
1358 5090 2060 5162 Methodiuspatriar'cb.

427 5165 692 5220 CPtanus
724 5165 794 5234 de
839 5165 933 5234 iis,
971 5158 1068 5234 qui
1109 5163 1511 5234 abnegarunt:
1547 5158 2066 5234 Βαλλὲσθωίιμάτια

423 5237 580 5288 καινὰ
627 5233 764 5288 κατὰ
817 5231 925 5288 τὸν
967 5231 1135 5288 τύπον
1191 5231 1298 5286 τῶν
1362 5231 1795 5306 βαπτιζομένῳν.
1855 5231 2064 5306 Vestes

427 5306 540 5360 illae
573 5324 605 5363 a
635 5306 858 5362 Latinis
889 5306 1121 5376 quidem
1156 5306 1313 5370 albas,
1347 5303 1380 5358 a
1402 5307 1672 5373 candore,
1704 5303 1917 5359 Graecis
1933 5319 2064 5361 vero

428 5376 482 5429 αἱ
539 5376 1247 5449 καιναίίθρροίιεῢειηῒυτ.
1309 5377 1662 5431 Terminatio
1722 5393 1844 5449 ιμον
1907 5376 2066 5449 novis

428 5449 639 5503 Graecis
669 5446 836 5504 valde
871 5451 1286 5518 frequentatur,
1321 5463 1425 5518 pro
1448 5449 1684 5502 nomine
1709 5446 2069 5518 substantivo

429 5520 742 5574 terminato
774 5520 833 5574 in
868 5539 936 5588 ις,
971 5512 1032 5575 in
1074 5518 1138 5602 τὸ
1183 5512 1594 5604 Sacrata—wideth
1642 5512 2066 5604 p‘roISLaxaivn-

430 5609 538 5678 σις’,
566 5594 835 5678 processio
866 5594 924 5678 tn
955 5592 1108 5678 ῃουίε
1149 5590 1387 5678 ventilatis,
1412 5607 1424 5655 ;
1457 5587 1520 5643 τὸ
1569 5587 1916 5678 ἀνάλήῂιιμον
1965 5607 2064 5678 pro

431 5660 467 5729 ὴ
501 5656 811 5733 ἀνάληψις
845 5660 1138 5733 αἰτήσιμον
1169 5667 1227 5716 et
1265 5659 1508 5728 αἷτήσιον
1562 5678 1664 5732 pro
1715 5656 2068 5729 αἶ’τήσις.’1ῐε.

430 5748 662 5804 quoque
699 5730 1050 5804 ίάσπαᾳτικὸν
1076 5750 1180 5804 pro
1224 5733 1442 5800 osculo,
1477 5730 1742 5804 ἀσπασμῷ
1797 5733 1900 5804 vel
1934 5737 2066 5804 actu

436 5799 763 5860 (iaculandi.
807 5803 1024 5859 Glossae
1050 5799 1090 5859 ε’
1119 5799 1436 5872 Labratum,
1489 5799 1725 5877 φίλημα
1759 5799 2063 5877 βασιλικὸν.

2244 4594 2357 4662 (64)
2388 4594 2534 4656 Quid
2569 4593 2714 4647 illud
2748 4611 2856 4664 χας
2894 4592 3006 4648 sibi
3037 4593 3194 4657 velit,
3228 4594 3444 4649 nescio.
3477 4592 3720 4664 Videtur
3751 4593 3826 4646 ad

2175 4663 2273 4736 illa
2330 4664 2592 4736 vulgaria
2644 4663 2955 4734 pertinere,
2990 4665 3189 4735 qualia
3246 4666 3302 4719 in
3361 4666 3469 4720 hoc
3516 4663 3714 4736 codice
3765 4664 3824 4736 in

2173 4732 2460 4806 Laudibus
2485 4732 2706 4806 passim
2741 4732 3077 4804 occurrunt,
3112 4742 3171 4790 ut
3201 4736 3376 4806 paulo
3409 4740 3539 4806 post
3568 4732 3647 4800 ἓς,
3681 4739 3738 4790 et
3769 4733 3825 4786 οἱ

2174 4805 2250 4874 ἐς,
2283 4806 2432 4931 νιένιῑιις
2463 4812 2595 4930 ettc.,
2631 4822 2887 4878 quorum
2921 4808 3067 4863 ratio
3099 4805 3226 4862 dari
3273 4805 3436 4862 nulla
3467 4809 3675 4878 potest,
3709 4821 3822 4860 ne-

2174 4894 2289 4931 aue
2364 4895 2392 4931 e
2439 4893 2469 4931 e
2503 4921 2516 4931 .

2174 4894 2289 4948 que
2323 4883 2516 4933 debet.

2247 4949 2360 5019 (65)
2394 4948 2655 5003 Recurrit
2701 4949 2910 5019 saepius
2961 4949 3022 5004 in
3070 4949 3177 5003 hoc
3224 4949 3440 5002 codice.
3473 4948 3572 5019 Est
3621 4945 3826 5016 procul

2175 5017 2348 5075 dubio
2370 5021 2546 5086 idem,
2573 5021 2726 5088 quod
2751 5017 2854 5088 ἐές,
2879 5019 3031 5082 heus,
3051 5019 3392 5074 exclamatio
3419 5035 3504 5086 ;v.
3527 5018 3612 5072 Du
3639 5019 3822 5087 Cang.

2171 5107 2224 5143 v.
2263 5090 2365 5158 ἐές,
2399 5107 2502 5162 pro
2535 5108 2649 5161 quo
2681 5093 2854 5147 etiam
2889 5089 2966 5149 εἷς
3014 5090 3334 5162 habemus;
3370 5090 3531 5162 item_
3559 5108 3619 5147 ας
3671 5090 3823 5162 apud

2173 5159 2441 5233 Symeon.
2479 5159 2629 5233 Mag.
2667 5180 2721 5233 p.
2757 5164 2883 5232 495,
2907 5162 3046 5216 item
3084 5161 3134 5214 oi
3167 5161 3241 5232 ἐς,
3275 5163 3429 5232 quod
3483 5160 3642 5216 aliud
3676 5159 3823 5214 nihil

2173 5251 2346 5304 quam
2377 5235 2502 5299 huc,
2537 5235 2655 5288 ohe.

2243 5306 2357 5375 (66)
2407 5306 2504 5360 Est
2561 5309 2759 5359 votum
2819 5303 3200 5375 Augustabus
3265 5302 3592 5375 proprium,
3652 5316 3817 5370 quas,

2174 5373 2378 5446 optant
2437 5375 2654 5446 populi,
2690 5380 2754 5430 ut
2804 5373 3052 5445 Spiritus
3083 5373 3324 5446 sanctus
3369 5373 3702 5446 obumbret,
3735 5375 3821 5426 te-

2175 5443 2294 5517 gat,
2327 5443 2608 5517 obn'ubat.
2643 5446 2787 5509 Quia
2820 5443 3029 5517 nempe
3068 5445 3194 5501 velo
3242 5451 3434 5515 nuptas
3489 5443 3822 5517 prodibant.

2177 5515 2377 5572 Simile
2408 5517 2551 5572 illud
2577 5519 2876 5573 Hincmari
2899 5515 3352 5572 in'coronatione
3379 5515 3656 5578 Juditbae,
3691 5529 3822 5567 cum

2178 5588 2424 5643 nuberet
2453 5588 2779 5658 Edelfredo,
2815 5588 2935 5659 regi
2966 5589 3280 5657 Anglorum
3306 5605 3318 5642 :
3353 5589 3534 5642 Nubas
3556 5585 3634 5659 in,
3662 5583 3826 5659 Chri-

2172 5661 2274 5784 εἰς,
2307 5659 2547 5784 οιὶζηιιρια
2577 5661 2723 5716 nube
2765 5653 2971 5717 ὲαειέειὶ
3010 5653 3083 5715 εἰ
3110 5659 3442 5733 refrigerata
3488 5658 3674 5728 gratia
3718 5653 3828 5726 spi-

2173 5746 2234 5784 rz'
2254 5747 2326 5784 ua
2355 5748 2392 5784 ι.

2173 5732 2392 5786 rituati.
