  <div class='ocr_page' id='page_1' title='image "/cluster/home/n/w/nwhite01/storage/ocr_20150623/112/mdp.39015034364078/121.png"; bbox 0 0 4154 6302; ppageno 0'>
   <div class='ocr_carea' id='block_1_1' title="bbox 395 380 509 439">
    <p class='ocr_par' dir='ltr' id='par_1_1' title="bbox 395 380 509 439">
     <span class='ocr_line' id='line_1_1' title="bbox 395 380 509 439; baseline -0.018 0"><span class='ocrx_word' id='word_1_1' title='bbox 395 380 509 439; x_wconf 70' lang='lat'><strong>227</strong></span> 
     </span>
    </p>
   </div>
   <div class='ocr_carea' id='block_1_2' title="bbox 1459 318 2735 420">
    <p class='ocr_par' dir='ltr' id='par_1_2' title="bbox 1459 318 2735 420">
     <span class='ocr_line' id='line_1_2' title="bbox 1459 318 2735 420; baseline -0.007 0"><span class='ocrx_word' id='word_1_2' title='bbox 1459 352 1991 420; x_wconf 76' lang='lat' dir='ltr'><strong>CONSTANTINI</strong></span> <span class='ocrx_word' id='word_1_3' title='bbox 2035 318 2735 412; x_wconf 78' lang='lat' dir='ltr'><strong>POBPHYROGENITI</strong></span> 
     </span>
    </p>
   </div>
   <div class='ocr_carea' id='block_1_3' title="bbox 3683 352 3804 416">
    <p class='ocr_par' dir='ltr' id='par_1_3' title="bbox 3683 352 3804 416">
     <span class='ocr_line' id='line_1_3' title="bbox 3683 352 3804 416; baseline -0.017 -2"><span class='ocrx_word' id='word_1_4' title='bbox 3683 352 3804 416; x_wconf 74' lang='lat'><strong>228</strong></span> 
     </span>
    </p>
   </div>
   <div class='ocr_carea' id='block_1_4' title="bbox 397 475 2031 583">
    <p class='ocr_par' dir='ltr' id='par_1_4' title="bbox 397 485 2031 583">
     <span class='ocr_line' id='line_1_4' title="bbox 397 485 2031 583; baseline -0.017 -17"><span class='ocrx_word' id='word_1_5' title='bbox 397 510 535 583; x_wconf 90' lang='lat' dir='ltr'><strong>pulo</strong></span> <span class='ocrx_word' id='word_1_6' title='bbox 584 521 688 563; x_wconf 86' lang='lat' dir='ltr'><strong>suo</strong></span> <span class='ocrx_word' id='word_1_7' title='bbox 734 505 968 569; x_wconf 85' lang='lat' dir='ltr'><strong>Veneto,</strong></span> <span class='ocrx_word' id='word_1_8' title='bbox 1002 503 1058 555; x_wconf 90' lang='lat' dir='ltr'><strong>et</strong></span> <span class='ocrx_word' id='word_1_9' title='bbox 1088 497 1291 553; x_wconf 90' lang='lat' dir='ltr'><strong>dicunt</strong></span> <span class='ocrx_word' id='word_1_10' title='bbox 1341 497 1763 583; x_wconf 66' lang='lat' dir='ltr'><strong>praecentores:</strong></span> <span class='ocrx_word' id='word_1_11' title='bbox 1818 510 1845 537; x_wconf 88' lang='grc'><strong>‹‹</strong></span> <span class='ocrx_word' id='word_1_12' title='bbox 1892 485 2031 583; x_wconf 80' lang='lat' dir='ltr'><strong>Feli-</strong></span> 
     </span>
    </p>
   </div>
   <div class='ocr_carea' id='block_1_5' title="bbox 2144 475 3788 583">
    <p class='ocr_par' dir='ltr' id='par_1_5' title="bbox 2144 475 3788 560">
     <span class='ocr_line' id='line_1_5' title="bbox 2144 475 3788 560; baseline 0.001 -24"><span class='ocrx_word' id='word_1_13' title='bbox 2144 482 2389 560; x_wconf 78' lang='grc' dir='ltr'><strong>σχολῶν,</strong></span> <span class='ocrx_word' id='word_1_14' title='bbox 2422 482 2555 554; x_wconf 86' lang='grc' dir='ltr'>μετὰ</span> <span class='ocrx_word' id='word_1_15' title='bbox 2584 479 2674 535; x_wconf 80' lang='grc' dir='ltr'><strong>καὶ</strong></span> <span class='ocrx_word' id='word_1_16' title='bbox 2704 483 2800 535; x_wconf 83' lang='grc' dir='ltr'><strong>τοῦ</strong></span> <span class='ocrx_word' id='word_1_17' title='bbox 2830 479 3124 554; x_wconf 78' lang='grc' dir='ltr'>περατικοῦ</span> <span class='ocrx_word' id='word_1_18' title='bbox 3154 475 3335 550; x_wconf 74' lang='grc' dir='ltr'>δήμου</span> <span class='ocrx_word' id='word_1_19' title='bbox 3366 483 3473 534; x_wconf 84' lang='grc' dir='ltr'><strong>τῶν</strong></span> <span class='ocrx_word' id='word_1_20' title='bbox 3527 481 3788 554; x_wconf 74' lang='grc' dir='ltr'>Βὲνέτων,</span> 
     </span>
    </p>
   </div>
   <div class='ocr_carea' id='block_1_6' title="bbox 400 574 2043 657">
    <p class='ocr_par' dir='ltr' id='par_1_6' title="bbox 400 574 2043 657">
     <span class='ocr_line' id='line_1_6' title="bbox 400 574 2043 657; baseline -0.017 0"><span class='ocrx_word' id='word_1_21' title='bbox 400 574 543 657; x_wconf 70' lang='lat' dir='ltr'><strong>citer</strong></span> <span class='ocrx_word' id='word_1_22' title='bbox 582 594 735 653; x_wconf 85' lang='lat' dir='ltr'><strong>venit</strong></span> <span class='ocrx_word' id='word_1_23' title='bbox 781 591 972 646; x_wconf 79' lang='lat' dir='ltr'><strong>divina</strong></span> <span class='ocrx_word' id='word_1_24' title='bbox 1021 587 1312 657; x_wconf 69' lang='lat' dir='ltr'><strong>majestas.</strong></span> <span class='ocrx_word' id='word_1_25' title='bbox 1351 605 1377 631; x_wconf 91' lang='grc'><strong>››</strong></span> <span class='ocrx_word' id='word_1_26' title='bbox 1427 579 1647 635; x_wconf 77' lang='lat' dir='ltr'><strong>Clamat</strong></span> <span class='ocrx_word' id='word_1_27' title='bbox 1688 581 1744 631; x_wconf 89' lang='lat' dir='ltr'><strong>ct</strong></span> <span class='ocrx_word' id='word_1_28' title='bbox 1796 574 2043 647; x_wconf 86' lang='lat' dir='ltr'><strong>populus</strong></span> 
     </span>
    </p>
   </div>
   <div class='ocr_carea' id='block_1_7' title="bbox 401 665 2040 747">
    <p class='ocr_par' dir='ltr' id='par_1_7' title="bbox 401 665 2040 747">
     <span class='ocr_line' id='line_1_7' title="bbox 401 665 2040 747; baseline -0.018 0"><span class='ocrx_word' id='word_1_29' title='bbox 401 694 490 747; x_wconf 90' lang='lat' dir='ltr'><strong>ter</strong></span> <span class='ocrx_word' id='word_1_30' title='bbox 534 706 548 745; x_wconf 89' lang='lat'><strong>:</strong></span> <span class='ocrx_word' id='word_1_31' title='bbox 601 708 630 738; x_wconf 83' lang='grc'><strong>‹‹</strong></span> <span class='ocrx_word' id='word_1_32' title='bbox 661 682 925 741; x_wconf 86' lang='lat' dir='ltr'><strong>Feliciter</strong></span> <span class='ocrx_word' id='word_1_33' title='bbox 971 673 1236 733; x_wconf 86' lang='lat' dir='ltr'><strong>venistis.</strong></span> <span class='ocrx_word' id='word_1_34' title='bbox 1278 693 1307 722; x_wconf 83' lang='lat'>»</span> <span class='ocrx_word' id='word_1_35' title='bbox 1351 665 1802 726; x_wconf 82' lang='lat' dir='ltr'><strong>Acclamalionis</strong></span> <span class='ocrx_word' id='word_1_36' title='bbox 1848 668 2040 720; x_wconf 86' lang='lat' dir='ltr'><strong>autem</strong></span> 
     </span>
    </p>
   </div>
   <div class='ocr_carea' id='block_1_8' title="bbox 402 753 2041 847">
    <p class='ocr_par' dir='ltr' id='par_1_8' title="bbox 402 753 2041 847">
     <span class='ocr_line' id='line_1_8' title="bbox 402 753 2041 847; baseline -0.02 -7"><span class='ocrx_word' id='word_1_37' title='bbox 402 785 534 840; x_wconf 87' lang='lat' dir='ltr'><strong>acta</strong></span> <span class='ocrx_word' id='word_1_38' title='bbox 563 795 597 832; x_wconf 89' lang='lat' dir='ltr'><strong>a</strong></span> <span class='ocrx_word' id='word_1_39' title='bbox 627 768 1076 847; x_wconf 59' lang='lat' dir='ltr'><strong>praecentoribus</strong></span> <span class='ocrx_word' id='word_1_40' title='bbox 1123 770 1177 818; x_wconf 93' lang='lat' dir='ltr'><strong>et</strong></span> <span class='ocrx_word' id='word_1_41' title='bbox 1218 758 1431 834; x_wconf 88' lang='lat' dir='ltr'><strong>populo</strong></span> <span class='ocrx_word' id='word_1_42' title='bbox 1482 760 1547 813; x_wconf 92' lang='lat' dir='ltr'><strong>ut</strong></span> <span class='ocrx_word' id='word_1_43' title='bbox 1576 757 1632 811; x_wconf 89' lang='lat' dir='ltr'><strong>in</strong></span> <span class='ocrx_word' id='word_1_44' title='bbox 1685 753 1925 847; x_wconf 86' lang='lat' dir='ltr'><strong>reliquis</strong></span> <span class='ocrx_word' id='word_1_45' title='bbox 1956 769 2041 809; x_wconf 88' lang='lat' dir='ltr'><strong>rc-</strong></span> 
     </span>
    </p>
   </div>
   <div class='ocr_carea' id='block_1_9' title="bbox 402 846 2044 943">
    <p class='ocr_par' dir='ltr' id='par_1_9' title="bbox 402 846 2044 943">
     <span class='ocr_line' id='line_1_9' title="bbox 402 846 2044 943; baseline -0.029 -12"><span class='ocrx_word' id='word_1_46' title='bbox 402 867 770 943; x_wconf 86' lang='lat' dir='ltr'><strong>ceptionibus</strong></span> <span class='ocrx_word' id='word_1_47' title='bbox 808 864 1130 919; x_wconf 85' lang='lat' dir='ltr'><strong>cantantur.</strong></span> <span class='ocrx_word' id='word_1_48' title='bbox 1162 846 1833 943; x_wconf 36' lang='lat' dir='ltr'><strong>Abeuntibus-dominia,</strong></span> <span class='ocrx_word' id='word_1_49' title='bbox 1866 860 2044 916; x_wconf 76' lang='lat' dir='ltr'><strong>popu-</strong></span> 
     </span>
    </p>
   </div>
   <div class='ocr_carea' id='block_1_10' title="bbox 401 933 2045 1019">
    <p class='ocr_par' dir='ltr' id='par_1_10' title="bbox 401 933 2045 1019">
     <span class='ocr_line' id='line_1_10' title="bbox 401 933 2045 1019; baseline -0.021 1"><span class='ocrx_word' id='word_1_50' title='bbox 401 933 492 1019; x_wconf 77' lang='lat' dir='ltr'><strong>lus</strong></span> <span class='ocrx_word' id='word_1_51' title='bbox 522 953 782 1015; x_wconf 80' lang='lat' dir='ltr'><strong>cursoris</strong></span> <span class='ocrx_word' id='word_1_52' title='bbox 823 948 997 1006; x_wconf 87' lang='lat' dir='ltr'><strong>dicit:</strong></span> <span class='ocrx_word' id='word_1_53' title='bbox 1051 966 1080 997; x_wconf 83' lang='lat'><strong>«</strong></span> <span class='ocrx_word' id='word_1_54' title='bbox 1119 940 1306 1010; x_wconf 89' lang='lat' dir='ltr'><strong>Salve,</strong></span> <span class='ocrx_word' id='word_1_55' title='bbox 1349 935 1756 1011; x_wconf 87' lang='lat' dir='ltr'><strong>potentissime</strong></span> <span class='ocrx_word' id='word_1_56' title='bbox 1797 933 2045 1004; x_wconf 87' lang='lat' dir='ltr'><strong>impera-</strong></span> 
     </span>
    </p>
   </div>
   <div class='ocr_carea' id='block_1_11' title="bbox 401 1024 2042 1116">
    <p class='ocr_par' dir='ltr' id='par_1_11' title="bbox 401 1024 2042 1116">
     <span class='ocr_line' id='line_1_11' title="bbox 401 1024 2042 1116; baseline -0.021 -9"><span class='ocrx_word' id='word_1_57' title='bbox 401 1056 512 1116; x_wconf 91' lang='lat' dir='ltr'><strong>tor,</strong></span> <span class='ocrx_word' id='word_1_58' title='bbox 577 1042 857 1116; x_wconf 77' lang='lat' dir='ltr'><strong>gaudium</strong></span> <span class='ocrx_word' id='word_1_59' title='bbox 933 1034 1114 1104; x_wconf 81' lang='lat' dir='ltr'><strong>orbis,</strong></span> <span class='ocrx_word' id='word_1_60' title='bbox 1181 1027 1402 1088; x_wconf 79' lang='lat' dir='ltr'><strong>famula</strong></span> <span class='ocrx_word' id='word_1_61' title='bbox 1459 1031 1580 1093; x_wconf 77' lang='lat' dir='ltr'><strong>Dei,</strong></span> <span class='ocrx_word' id='word_1_62' title='bbox 1647 1024 2042 1116; x_wconf 83' lang='lat' dir='ltr'><strong>Romanorum</strong></span> 
     </span>
    </p>
   </div>
   <div class='ocr_carea' id='block_1_12' title="bbox 400 1114 2045 1205">
    <p class='ocr_par' dir='ltr' id='par_1_12' title="bbox 400 1114 2045 1205">
     <span class='ocr_line' id='line_1_12' title="bbox 400 1114 2045 1205; baseline -0.02 -6"><span class='ocrx_word' id='word_1_63' title='bbox 400 1114 671 1205; x_wconf 82' lang='lat' dir='ltr'><strong>felicitas,</strong></span> <span class='ocrx_word' id='word_1_64' title='bbox 723 1129 921 1188; x_wconf 81' lang='lat' dir='ltr'><strong>laetitia</strong></span> <span class='ocrx_word' id='word_1_65' title='bbox 951 1128 1321 1190; x_wconf 80' lang='lat' dir='ltr'><strong>Venetorum,</strong></span> <span class='ocrx_word' id='word_1_66' title='bbox 1352 1118 1622 1190; x_wconf 76' lang='lat' dir='ltr'><strong>voluptas</strong></span> <span class='ocrx_word' id='word_1_67' title='bbox 1662 1118 1720 1173; x_wconf 86' lang='lat' dir='ltr'><strong>et</strong></span> <span class='ocrx_word' id='word_1_68' title='bbox 1757 1114 1956 1181; x_wconf 84' lang='lat' dir='ltr'><strong>decus,</strong></span> <span class='ocrx_word' id='word_1_69' title='bbox 1989 1115 2045 1166; x_wconf 89' lang='lat' dir='ltr'><strong>te</strong></span> 
     </span>
    </p>
   </div>
   <div class='ocr_carea' id='block_1_13' title="bbox 401 1205 2044 1289">
    <p class='ocr_par' dir='ltr' id='par_1_13' title="bbox 401 1205 2044 1289">
     <span class='ocr_line' id='line_1_13' title="bbox 401 1205 2044 1289; baseline -0.021 0"><span class='ocrx_word' id='word_1_70' title='bbox 401 1230 666 1289; x_wconf 86' lang='lat' dir='ltr'><strong>divinum</strong></span> <span class='ocrx_word' id='word_1_71' title='bbox 693 1237 910 1280; x_wconf 88' lang='lat' dir='ltr'><strong>numen</strong></span> <span class='ocrx_word' id='word_1_72' title='bbox 938 1218 1170 1273; x_wconf 89' lang='lat' dir='ltr'><strong>centum</strong></span> <span class='ocrx_word' id='word_1_73' title='bbox 1202 1226 1387 1268; x_wconf 85' lang='lat' dir='ltr'><strong>annos</strong></span> <span class='ocrx_word' id='word_1_74' title='bbox 1417 1205 1631 1281; x_wconf 92' lang='lat' dir='ltr'><strong>populo</strong></span> <span class='ocrx_word' id='word_1_75' title='bbox 1663 1219 1770 1260; x_wconf 89' lang='lat' dir='ltr'><strong>suo</strong></span> <span class='ocrx_word' id='word_1_76' title='bbox 1800 1213 2044 1273; x_wconf 78' lang='lat' dir='ltr'><strong>praeesse</strong></span> 
     </span>
    </p>
   </div>
   <div class='ocr_carea' id='block_1_14' title="bbox 400 1289 2044 1378">
    <p class='ocr_par' dir='ltr' id='par_1_14' title="bbox 400 1289 2044 1378">
     <span class='ocr_line' id='line_1_14' title="bbox 400 1289 2044 1378; baseline -0.023 0"><span class='ocrx_word' id='word_1_77' title='bbox 400 1321 580 1378; x_wconf 87' lang='lat' dir='ltr'><strong>sinat.</strong></span> <span class='ocrx_word' id='word_1_78' title='bbox 605 1335 633 1366; x_wconf 84' lang='lat'><strong>»</strong></span> <span class='ocrx_word' id='word_1_79' title='bbox 666 1308 873 1369; x_wconf 85' lang='lat' dir='ltr'><strong>Aliud:</strong></span> <span class='ocrx_word' id='word_1_80' title='bbox 909 1328 938 1357; x_wconf 83' lang='lat'><strong>«</strong></span> <span class='ocrx_word' id='word_1_81' title='bbox 980 1301 1272 1360; x_wconf 90' lang='lat' dir='ltr'><strong>Gaudium</strong></span> <span class='ocrx_word' id='word_1_82' title='bbox 1313 1296 1507 1364; x_wconf 87' lang='lat' dir='ltr'><strong>hodie,</strong></span> <span class='ocrx_word' id='word_1_83' title='bbox 1558 1289 1958 1363; x_wconf 77' lang='lat' dir='ltr'><strong>tranquillitas</strong></span> <span class='ocrx_word' id='word_1_84' title='bbox 1987 1291 2044 1344; x_wconf 87' lang='lat' dir='ltr'><strong>et</strong></span> 
     </span>
    </p>
   </div>
   <div class='ocr_carea' id='block_1_15' title="bbox 402 1380 2045 1482">
    <p class='ocr_par' dir='ltr' id='par_1_15' title="bbox 402 1380 2045 1482">
     <span class='ocr_line' id='line_1_15' title="bbox 402 1380 2045 1482; baseline -0.02 -17"><span class='ocrx_word' id='word_1_85' title='bbox 402 1407 573 1482; x_wconf 89' lang='lat' dir='ltr'><strong>quies</strong></span> <span class='ocrx_word' id='word_1_86' title='bbox 603 1398 853 1474; x_wconf 78' lang='lat' dir='ltr'><strong>ingens!</strong></span> <span class='ocrx_word' id='word_1_87' title='bbox 897 1393 1129 1452; x_wconf 84' lang='lat' dir='ltr'><strong>Domini</strong></span> <span class='ocrx_word' id='word_1_88' title='bbox 1176 1389 1333 1482; x_wconf 80' lang='lat' dir='ltr'><strong>enim</strong></span> <span class='ocrx_word' id='word_1_89' title='bbox 1380 1385 1665 1482; x_wconf 60' lang='lat' dir='ltr'><strong>gaudium</strong></span> <span class='ocrx_word' id='word_1_90' title='bbox 1698 1380 2045 1482; x_wconf 26' lang='lat' dir='ltr'><strong>incutit-ut</strong></span> 
     </span>
    </p>
   </div>
   <div class='ocr_carea' id='block_1_16' title="bbox 401 1469 2041 1569">
    <p class='ocr_par' dir='ltr' id='par_1_16' title="bbox 401 1469 2041 1569">
     <span class='ocr_line' id='line_1_16' title="bbox 401 1469 2041 1569; baseline -0.018 -15"><span class='ocrx_word' id='word_1_91' title='bbox 401 1469 736 1569; x_wconf 65' lang='lat' dir='ltr'><strong>phosphori,</strong></span> <span class='ocrx_word' id='word_1_92' title='bbox 770 1489 832 1545; x_wconf 91' lang='lat' dir='ltr'><strong>in</strong></span> <span class='ocrx_word' id='word_1_93' title='bbox 865 1485 1167 1556; x_wconf 75' lang='lat' dir='ltr'><strong>majestate</strong></span> <span class='ocrx_word' id='word_1_94' title='bbox 1191 1477 1522 1569; x_wconf 80' lang='lat' dir='ltr'><strong>splendent,</strong></span> <span class='ocrx_word' id='word_1_95' title='bbox 1554 1478 1612 1530; x_wconf 90' lang='lat' dir='ltr'><strong>st</strong></span> <span class='ocrx_word' id='word_1_96' title='bbox 1640 1469 1765 1569; x_wconf 84' lang='lat' dir='ltr'><strong>orbi</strong></span> <span class='ocrx_word' id='word_1_97' title='bbox 1798 1469 2041 1569; x_wconf 73' lang='lat' dir='ltr'><strong>felicitas</strong></span> 
     </span>
    </p>
   </div>
   <div class='ocr_carea' id='block_1_17' title="bbox 400 1558 2040 1655">
    <p class='ocr_par' dir='ltr' id='par_1_17' title="bbox 400 1558 2040 1655">
     <span class='ocr_line' id='line_1_17' title="bbox 400 1558 2040 1655; baseline -0.017 -12"><span class='ocrx_word' id='word_1_98' title='bbox 400 1558 704 1655; x_wconf 47' lang='lat' dir='ltr'><strong>benti-ngit.</strong></span> <span class='ocrx_word' id='word_1_99' title='bbox 764 1579 964 1649; x_wconf 89' lang='lat' dir='ltr'><strong>Ipsum</strong></span> <span class='ocrx_word' id='word_1_100' title='bbox 1024 1571 1181 1632; x_wconf 87' lang='lat' dir='ltr'><strong>enim</strong></span> <span class='ocrx_word' id='word_1_101' title='bbox 1246 1565 1525 1640; x_wconf 81' lang='lat' dir='ltr'>gaudium</span> <span class='ocrx_word' id='word_1_102' title='bbox 1572 1565 1836 1655; x_wconf 69' lang='lat' dir='ltr'><strong>nostrum</strong></span> <span class='ocrx_word' id='word_1_103' title='bbox 1882 1558 2040 1655; x_wconf 74' lang='lat' dir='ltr'><strong>orbis</strong></span> 
     </span>
    </p>
   </div>
   <div class='ocr_carea' id='block_1_18' title="bbox 399 1647 2037 1731">
    <p class='ocr_par' dir='ltr' id='par_1_18' title="bbox 399 1647 2037 1731">
     <span class='ocr_line' id='line_1_18' title="bbox 399 1647 2037 1731; baseline -0.02 0"><span class='ocrx_word' id='word_1_104' title='bbox 399 1675 572 1731; x_wconf 87' lang='lat' dir='ltr'><strong>etiam</strong></span> <span class='ocrx_word' id='word_1_105' title='bbox 604 1647 816 1726; x_wconf 55' lang='lat' dir='ltr'><strong>latitia</strong></span> <span class='ocrx_word' id='word_1_106' title='bbox 862 1673 965 1721; x_wconf 78' lang='lat' dir='ltr'><strong>est.</strong></span> <span class='ocrx_word' id='word_1_107' title='bbox 1005 1686 1025 1713; x_wconf 81' lang='grc' dir='ltr'><strong>ι</strong></span> <span class='ocrx_word' id='word_1_108' title='bbox 1089 1660 1293 1717; x_wconf 77' lang='lat' dir='ltr'><strong>Aliud:</strong></span> <span class='ocrx_word' id='word_1_109' title='bbox 1345 1679 1373 1706; x_wconf 87' lang='grc'><strong>‹‹</strong></span> <span class='ocrx_word' id='word_1_110' title='bbox 1424 1656 1627 1710; x_wconf 83' lang='lat' dir='ltr'><strong>Dextra</strong></span> <span class='ocrx_word' id='word_1_111' title='bbox 1678 1650 1774 1705; x_wconf 86' lang='lat' dir='ltr'><strong>Dei</strong></span> <span class='ocrx_word' id='word_1_112' title='bbox 1834 1647 2037 1716; x_wconf 76' lang='lat' dir='ltr'><strong>nostri,</strong></span> 
     </span>
    </p>
   </div>
   <div class='ocr_carea' id='block_1_19' title="bbox 399 1737 2037 1831">
    <p class='ocr_par' dir='ltr' id='par_1_19' title="bbox 399 1737 2037 1831">
     <span class='ocr_line' id='line_1_19' title="bbox 399 1737 2037 1831; baseline -0.017 -11"><span class='ocrx_word' id='word_1_113' title='bbox 399 1762 644 1828; x_wconf 87' lang='lat' dir='ltr'><strong>domini,</strong></span> <span class='ocrx_word' id='word_1_114' title='bbox 678 1755 997 1831; x_wconf 81' lang='lat' dir='ltr'><strong>potentiam</strong></span> <span class='ocrx_word' id='word_1_115' title='bbox 1045 1750 1201 1818; x_wconf 85' lang='lat' dir='ltr'><strong>fecit,</strong></span> <span class='ocrx_word' id='word_1_116' title='bbox 1250 1764 1361 1819; x_wconf 76' lang='lat' dir='ltr'><strong>pax</strong></span> <span class='ocrx_word' id='word_1_117' title='bbox 1414 1744 1471 1798; x_wconf 88' lang='lat' dir='ltr'><strong>in</strong></span> <span class='ocrx_word' id='word_1_118' title='bbox 1523 1740 1769 1831; x_wconf 77' lang='lat' dir='ltr'><strong>proprio</strong></span> <span class='ocrx_word' id='word_1_119' title='bbox 1796 1737 2037 1831; x_wconf 76' lang='lat' dir='ltr'><strong>imperio</strong></span> 
     </span>
    </p>
   </div>
   <div class='ocr_carea' id='block_1_20' title="bbox 2150 566 3798 645">
    <p class='ocr_par' dir='ltr' id='par_1_20' title="bbox 2150 566 3798 645">
     <span class='ocr_line' id='line_1_20' title="bbox 2150 566 3798 645; baseline 0.001 -19"><span class='ocrx_word' id='word_1_120' title='bbox 2150 574 2239 626; x_wconf 86' lang='grc' dir='ltr'><strong>καὶ</strong></span> <span class='ocrx_word' id='word_1_121' title='bbox 2298 570 2543 645; x_wconf 83' lang='grc' dir='ltr'>λέγουσιν</span> <span class='ocrx_word' id='word_1_122' title='bbox 2594 571 2645 626; x_wconf 77' lang='grc' dir='ltr'>οἱ</span> <span class='ocrx_word' id='word_1_123' title='bbox 2703 570 2947 645; x_wconf 86' lang='grc' dir='ltr'>κράκται·</span> <span class='ocrx_word' id='word_1_124' title='bbox 3005 592 3033 621; x_wconf 80' lang='grc' dir='ltr'>ι(</span> <span class='ocrx_word' id='word_1_125' title='bbox 3074 566 3268 629; x_wconf 79' lang='grc' dir='ltr'>Καλῶς</span> <span class='ocrx_word' id='word_1_126' title='bbox 3320 568 3484 636; x_wconf 77' lang='grc' dir='ltr'>ἦλθεν</span> <span class='ocrx_word' id='word_1_127' title='bbox 3532 573 3565 640; x_wconf 83' lang='grc' dir='ltr'>ἡ</span> <span class='ocrx_word' id='word_1_128' title='bbox 3618 569 3798 635; x_wconf 78' lang='grc' dir='ltr'>ἔνθεος</span> 
     </span>
    </p>
   </div>
   <div class='ocr_carea' id='block_1_21' title="bbox 2155 654 3797 735">
    <p class='ocr_par' dir='ltr' id='par_1_21' title="bbox 2155 654 3797 735">
     <span class='ocr_line' id='line_1_21' title="bbox 2155 654 3797 735; baseline 0.001 -20"><span class='ocrx_word' id='word_1_129' title='bbox 2155 657 2421 734; x_wconf 84' lang='grc' dir='ltr'>βασιλεία.</span> <span class='ocrx_word' id='word_1_130' title='bbox 2457 683 2485 710; x_wconf 88' lang='grc'>››</span> <span class='ocrx_word' id='word_1_131' title='bbox 2517 660 2756 735; x_wconf 82' lang='grc' dir='ltr'>Φθογγεῖ</span> <span class='ocrx_word' id='word_1_132' title='bbox 2784 658 2869 713; x_wconf 72' lang='grc' dir='ltr'><strong>καὶ</strong></span> <span class='ocrx_word' id='word_1_133' title='bbox 2918 658 2946 712; x_wconf 99' lang='lat'><strong>6</strong></span> <span class='ocrx_word' id='word_1_134' title='bbox 2994 655 3125 720; x_wconf 87' lang='grc' dir='ltr'>λαὸς</span> <span class='ocrx_word' id='word_1_135' title='bbox 3172 654 3230 711; x_wconf 78' lang='grc' dir='ltr'>ἒκ</span> <span class='ocrx_word' id='word_1_136' title='bbox 3278 658 3486 732; x_wconf 85' lang='grc' dir='ltr'><strong>τρίτου·</strong></span> <span class='ocrx_word' id='word_1_137' title='bbox 3539 682 3565 714; x_wconf 76' lang='grc' dir='ltr'><strong>ε</strong></span> <span class='ocrx_word' id='word_1_138' title='bbox 3595 658 3797 723; x_wconf 76' lang='grc' dir='ltr'>Καλῶς</span> 
     </span>
    </p>
   </div>
   <div class='ocr_carea' id='block_1_22' title="bbox 2150 743 3801 825">
    <p class='ocr_par' dir='ltr' id='par_1_22' title="bbox 2150 743 3801 825">
     <span class='ocr_line' id='line_1_22' title="bbox 2150 743 3801 825; baseline 0.001 -22"><span class='ocrx_word' id='word_1_139' title='bbox 2150 746 2348 818; x_wconf 72' lang='grc' dir='ltr'>ἤλθετε</span> <span class='ocrx_word' id='word_1_140' title='bbox 2378 750 2420 805; x_wconf 81' lang='grc'>¹.</span> <span class='ocrx_word' id='word_1_141' title='bbox 2450 769 2477 802; x_wconf 70' lang='grc' dir='ltr'><strong>η</strong></span> <span class='ocrx_word' id='word_1_142' title='bbox 2514 749 2593 804; x_wconf 84' lang='grc' dir='ltr'><strong>Τὰ</strong></span> <span class='ocrx_word' id='word_1_143' title='bbox 2623 745 2679 803; x_wconf 73' lang='grc' dir='ltr'>δὲ</span> <span class='ocrx_word' id='word_1_144' title='bbox 2708 751 2807 812; x_wconf 81' lang='grc' dir='ltr'>τῆς</span> <span class='ocrx_word' id='word_1_145' title='bbox 2839 745 3111 825; x_wconf 72' lang='grc' dir='ltr'>εὐφημίας</span> <span class='ocrx_word' id='word_1_146' title='bbox 3142 744 3276 802; x_wconf 74' lang='grc' dir='ltr'>ἄκτα</span> <span class='ocrx_word' id='word_1_147' title='bbox 3306 743 3526 818; x_wconf 66' lang='grc' dir='ltr'>ᾅδονται</span> <span class='ocrx_word' id='word_1_148' title='bbox 3565 749 3710 825; x_wconf 81' lang='grc' dir='ltr'>παρά</span> <span class='ocrx_word' id='word_1_149' title='bbox 3740 771 3801 805; x_wconf 87' lang='grc' dir='ltr'><strong>τε</strong></span> 
     </span>
    </p>
   </div>
   <div class='ocr_carea' id='block_1_23' title="bbox 2150 834 3806 913">
    <p class='ocr_par' dir='ltr' id='par_1_23' title="bbox 2150 834 3806 913">
     <span class='ocr_line' id='line_1_23' title="bbox 2150 834 3806 913; baseline 0.001 -20"><span class='ocrx_word' id='word_1_150' title='bbox 2150 842 2260 894; x_wconf 79' lang='grc' dir='ltr'><strong>τῶν</strong></span> <span class='ocrx_word' id='word_1_151' title='bbox 2286 842 2529 913; x_wconf 84' lang='grc' dir='ltr'>κρακτῶν</span> <span class='ocrx_word' id='word_1_152' title='bbox 2563 838 2650 893; x_wconf 78' lang='grc' dir='ltr'><strong>καὶ</strong></span> <span class='ocrx_word' id='word_1_153' title='bbox 2685 842 2781 892; x_wconf 74' lang='grc' dir='ltr'><strong>τοῦ</strong></span> <span class='ocrx_word' id='word_1_154' title='bbox 2816 835 2976 905; x_wconf 85' lang='grc' dir='ltr'>λαοῦ,</span> <span class='ocrx_word' id='word_1_155' title='bbox 3015 836 3193 902; x_wconf 78' lang='grc' dir='ltr'>καθὼς</span> <span class='ocrx_word' id='word_1_156' title='bbox 3220 838 3241 872; x_wconf 83' lang='grc'>²</span> <span class='ocrx_word' id='word_1_157' title='bbox 3271 836 3359 892; x_wconf 83' lang='grc' dir='ltr'><strong>καὶ</strong></span> <span class='ocrx_word' id='word_1_158' title='bbox 3410 834 3471 893; x_wconf 77' lang='grc' dir='ltr'>ἐκ</span> <span class='ocrx_word' id='word_1_159' title='bbox 3513 844 3632 901; x_wconf 89' lang='grc' dir='ltr'>ταῖς</span> <span class='ocrx_word' id='word_1_160' title='bbox 3680 838 3806 896; x_wconf 89' lang='grc' dir='ltr'>λοι-</span> 
     </span>
    </p>
   </div>
   <div class='ocr_carea' id='block_1_24' title="bbox 2152 923 3804 1001">
    <p class='ocr_par' dir='ltr' id='par_1_24' title="bbox 2152 923 3804 1001">
     <span class='ocr_line' id='line_1_24' title="bbox 2152 923 3804 1001; baseline 0.002 -20"><span class='ocrx_word' id='word_1_161' title='bbox 2152 932 2281 991; x_wconf 88' lang='grc' dir='ltr'>παῖς</span> <span class='ocrx_word' id='word_1_162' title='bbox 2310 923 2527 1001; x_wconf 78' lang='grc' dir='ltr'><strong>δοχαῖς,</strong></span> <span class='ocrx_word' id='word_1_163' title='bbox 2559 925 2648 981; x_wconf 84' lang='grc' dir='ltr'><strong>καὶ</strong></span> <span class='ocrx_word' id='word_1_164' title='bbox 2698 929 2832 999; x_wconf 82' lang='grc' dir='ltr'><strong>μετά</strong></span> <span class='ocrx_word' id='word_1_165' title='bbox 2874 925 2935 981; x_wconf 88' lang='grc' dir='ltr'>τὸ</span> <span class='ocrx_word' id='word_1_166' title='bbox 2984 925 3311 990; x_wconf 79' lang='grc' dir='ltr'><strong>ἀποκινῆσαι</strong></span> <span class='ocrx_word' id='word_1_167' title='bbox 3360 927 3486 988; x_wconf 81' lang='grc' dir='ltr'>τοὺς</span> <span class='ocrx_word' id='word_1_168' title='bbox 3538 923 3804 991; x_wconf 76' lang='grc' dir='ltr'><strong>δεσπότας</strong></span> 
     </span>
    </p>
   </div>
   <div class='ocr_carea' id='block_1_25' title="bbox 2153 1012 3806 1092">
    <p class='ocr_par' dir='ltr' id='par_1_25' title="bbox 2153 1012 3806 1092">
     <span class='ocr_line' id='line_1_25' title="bbox 2153 1012 3806 1092; baseline 0.001 -22"><span class='ocrx_word' id='word_1_169' title='bbox 2153 1013 2297 1092; x_wconf 67' lang='grc' dir='ltr'>λέγει</span> <span class='ocrx_word' id='word_1_170' title='bbox 2333 1016 2361 1069; x_wconf 92' lang='lat'><strong>6</strong></span> <span class='ocrx_word' id='word_1_171' title='bbox 2392 1014 2571 1089; x_wconf 81' lang='grc' dir='ltr'>δῆμος</span> <span class='ocrx_word' id='word_1_172' title='bbox 2600 1015 2666 1071; x_wconf 82' lang='grc' dir='ltr'>τὰ</span> <span class='ocrx_word' id='word_1_173' title='bbox 2715 1012 2953 1089; x_wconf 86' lang='grc' dir='ltr'>δρομικά</span> <span class='ocrx_word' id='word_1_174' title='bbox 3002 1015 3134 1089; x_wconf 80' lang='grc'><strong>(71)·</strong></span> <span class='ocrx_word' id='word_1_175' title='bbox 3189 1038 3217 1065; x_wconf 90' lang='grc'><strong>‹‹</strong></span> <span class='ocrx_word' id='word_1_176' title='bbox 3248 1015 3496 1090; x_wconf 80' lang='grc' dir='ltr'>Χαίροις,</span> <span class='ocrx_word' id='word_1_177' title='bbox 3549 1019 3806 1089; x_wconf 82' lang='grc' dir='ltr'>κραταιό-</span> 
     </span>
    </p>
   </div>
   <div class='ocr_carea' id='block_1_26' title="bbox 2150 1101 3800 1182">
    <p class='ocr_par' dir='ltr' id='par_1_26' title="bbox 2150 1101 3800 1182">
     <span class='ocr_line' id='line_1_26' title="bbox 2150 1101 3800 1182; baseline 0.001 -22"><span class='ocrx_word' id='word_1_178' title='bbox 2150 1126 2279 1160; x_wconf 91' lang='grc' dir='ltr'>τατε</span> <span class='ocrx_word' id='word_1_179' title='bbox 2324 1105 2685 1179; x_wconf 85' lang='grc' dir='ltr'>αὐτόκρατορ,</span> <span class='ocrx_word' id='word_1_180' title='bbox 2729 1105 2877 1182; x_wconf 84' lang='grc' dir='ltr'><strong>χαρά</strong></span> <span class='ocrx_word' id='word_1_181' title='bbox 2915 1110 3016 1174; x_wconf 84' lang='grc' dir='ltr'><strong>τῆς</strong></span> <span class='ocrx_word' id='word_1_182' title='bbox 3073 1101 3421 1177; x_wconf 85' lang='grc' dir='ltr'>οἰκουμένης,</span> <span class='ocrx_word' id='word_1_183' title='bbox 3464 1110 3565 1159; x_wconf 90' lang='grc' dir='ltr'><strong>τοῦ</strong></span> <span class='ocrx_word' id='word_1_184' title='bbox 3605 1109 3741 1161; x_wconf 87' lang='grc' dir='ltr'>Θεοῦ</span> <span class='ocrx_word' id='word_1_185' title='bbox 3772 1108 3800 1161; x_wconf 90' lang='lat'><strong>6</strong></span> 
     </span>
    </p>
   </div>
   <div class='ocr_carea' id='block_1_27' title="bbox 2154 1190 3798 1269">
    <p class='ocr_par' dir='ltr' id='par_1_27' title="bbox 2154 1190 3798 1269">
     <span class='ocr_line' id='line_1_27' title="bbox 2154 1190 3798 1269; baseline 0.002 -22"><span class='ocrx_word' id='word_1_186' title='bbox 2154 1194 2421 1269; x_wconf 81' lang='grc' dir='ltr'><strong>θεράπων,</strong></span> <span class='ocrx_word' id='word_1_187' title='bbox 2479 1195 2768 1265; x_wconf 83' lang='grc' dir='ltr'>Ῥωμαίων</span> <span class='ocrx_word' id='word_1_188' title='bbox 2832 1190 3079 1267; x_wconf 88' lang='grc' dir='ltr'>εὐτυχία,</span> <span class='ocrx_word' id='word_1_189' title='bbox 3155 1190 3482 1267; x_wconf 77' lang='grc' dir='ltr'>ἀγαλλίασις</span> <span class='ocrx_word' id='word_1_190' title='bbox 3540 1196 3798 1263; x_wconf 84' lang='grc' dir='ltr'>Βενὲτων,</span> 
     </span>
    </p>
   </div>
   <div class='ocr_carea' id='block_1_28' title="bbox 2153 1282 3797 1360">
    <p class='ocr_par' dir='ltr' id='par_1_28' title="bbox 2153 1282 3797 1360">
     <span class='ocr_line' id='line_1_28' title="bbox 2153 1282 3797 1360; baseline 0 -20"><span class='ocrx_word' id='word_1_191' title='bbox 2153 1285 2454 1360; x_wconf 74' lang='grc' dir='ltr'>εὐφροσύνη</span> <span class='ocrx_word' id='word_1_192' title='bbox 2497 1284 2587 1339; x_wconf 79' lang='grc' dir='ltr'>καὶ</span> <span class='ocrx_word' id='word_1_193' title='bbox 2637 1282 2962 1355; x_wconf 81' lang='grc' dir='ltr'>κοσμιότης,</span> <span class='ocrx_word' id='word_1_194' title='bbox 3002 1282 3060 1338; x_wconf 69' lang='grc' dir='ltr'><strong>σε</strong></span> <span class='ocrx_word' id='word_1_195' title='bbox 3096 1285 3131 1352; x_wconf 77' lang='grc' dir='ltr'>ἡ</span> <span class='ocrx_word' id='word_1_196' title='bbox 3184 1282 3375 1354; x_wconf 87' lang='grc' dir='ltr'>θεότης</span> <span class='ocrx_word' id='word_1_197' title='bbox 3426 1282 3514 1338; x_wconf 77' lang='grc' dir='ltr'><strong>ἐπὶ</strong></span> <span class='ocrx_word' id='word_1_198' title='bbox 3563 1284 3797 1358; x_wconf 88' lang='grc' dir='ltr'>χρόνους</span> 
     </span>
    </p>
   </div>
   <div class='ocr_carea' id='block_1_29' title="bbox 2151 1369 3790 1447">
    <p class='ocr_par' dir='ltr' id='par_1_29' title="bbox 2151 1369 3790 1447">
     <span class='ocr_line' id='line_1_29' title="bbox 2151 1369 3790 1447; baseline -0.003 -17"><span class='ocrx_word' id='word_1_199' title='bbox 2151 1373 2341 1431; x_wconf 69' lang='grc' dir='ltr'>ἑκατόν</span> <span class='ocrx_word' id='word_1_200' title='bbox 2374 1373 2579 1447; x_wconf 76' lang='grc' dir='ltr'>ἀξιώσῃ</span> <span class='ocrx_word' id='word_1_201' title='bbox 2606 1373 2705 1442; x_wconf 86' lang='grc' dir='ltr'>τὴν</span> <span class='ocrx_word' id='word_1_202' title='bbox 2738 1373 2931 1428; x_wconf 73' lang='grc' dir='ltr'>ἑαυτοῦ</span> <span class='ocrx_word' id='word_1_203' title='bbox 2962 1369 3163 1428; x_wconf 82' lang='grc' dir='ltr'>διέπειν</span> <span class='ocrx_word' id='word_1_204' title='bbox 3195 1369 3502 1429; x_wconf 84' lang='grc' dir='ltr'>πολιτείαν,</span> <span class='ocrx_word' id='word_1_205' title='bbox 3535 1397 3564 1425; x_wconf 93' lang='grc'>››</span> <span class='ocrx_word' id='word_1_206' title='bbox 3592 1373 3790 1432; x_wconf 81' lang='grc' dir='ltr'>Ἀλλο’</span> 
     </span>
    </p>
   </div>
   <div class='ocr_carea' id='block_1_30' title="bbox 2153 1459 3793 1540">
    <p class='ocr_par' dir='ltr' id='par_1_30' title="bbox 2153 1459 3793 1540">
     <span class='ocr_line' id='line_1_30' title="bbox 2153 1459 3793 1540; baseline 0.001 -22"><span class='ocrx_word' id='word_1_207' title='bbox 2153 1490 2182 1519; x_wconf 89' lang='grc'><em>‹‹</em></span> <span class='ocrx_word' id='word_1_208' title='bbox 2211 1464 2364 1537; x_wconf 85' lang='grc' dir='ltr'>Χαρὰ</span> <span class='ocrx_word' id='word_1_209' title='bbox 2398 1460 2505 1519; x_wconf 82' lang='grc' dir='ltr'>ὧδε</span> <span class='ocrx_word' id='word_1_210' title='bbox 2555 1464 2814 1537; x_wconf 82' lang='grc' dir='ltr'>σήμερον,</span> <span class='ocrx_word' id='word_1_211' title='bbox 2856 1459 3074 1539; x_wconf 72' lang='grc' dir='ltr'>γαλήνη</span> <span class='ocrx_word' id='word_1_212' title='bbox 3125 1460 3213 1516; x_wconf 82' lang='grc' dir='ltr'><strong>καὶ</strong></span> <span class='ocrx_word' id='word_1_213' title='bbox 3259 1461 3503 1536; x_wconf 83' lang='grc' dir='ltr'>πραότης</span> <span class='ocrx_word' id='word_1_214' title='bbox 3549 1462 3793 1540; x_wconf 80' lang='grc' dir='ltr'>μεγάλη·</span> 
     </span>
    </p>
   </div>
   <div class='ocr_carea' id='block_1_31' title="bbox 2150 1550 3791 1631">
    <p class='ocr_par' dir='ltr' id='par_1_31' title="bbox 2150 1550 3791 1631">
     <span class='ocr_line' id='line_1_31' title="bbox 2150 1550 3791 1631; baseline 0.003 -27"><span class='ocrx_word' id='word_1_215' title='bbox 2150 1556 2203 1612; x_wconf 73' lang='grc' dir='ltr'>οἱ</span> <span class='ocrx_word' id='word_1_216' title='bbox 2247 1556 2351 1631; x_wconf 76' lang='grc' dir='ltr'><strong>γὰρ</strong></span> <span class='ocrx_word' id='word_1_217' title='bbox 2411 1550 2667 1608; x_wconf 81' lang='grc' dir='ltr'>δεσπόται</span> <span class='ocrx_word' id='word_1_218' title='bbox 2727 1553 2901 1627; x_wconf 80' lang='grc' dir='ltr'>χαρὰν</span> <span class='ocrx_word' id='word_1_219' title='bbox 2960 1552 3322 1627; x_wconf 74' lang='grc' dir='ltr'>ἠμφιεσμένοι</span> <span class='ocrx_word' id='word_1_220' title='bbox 3378 1552 3453 1616; x_wconf 86' lang='grc' dir='ltr'>ὡς</span> <span class='ocrx_word' id='word_1_221' title='bbox 3520 1553 3791 1630; x_wconf 70' lang='grc' dir='ltr'>δωσφόροι</span> 
     </span>
    </p>
   </div>
   <div class='ocr_carea' id='block_1_32' title="bbox 2150 1638 3793 1717">
    <p class='ocr_par' dir='ltr' id='par_1_32' title="bbox 2150 1638 3793 1717">
     <span class='ocr_line' id='line_1_32' title="bbox 2150 1638 3793 1717; baseline 0 -19"><span class='ocrx_word' id='word_1_222' title='bbox 2150 1642 2522 1717; x_wconf 76' lang='grc' dir='ltr'>ἐκλάμπουσιν</span> <span class='ocrx_word' id='word_1_223' title='bbox 2553 1641 2603 1695; x_wconf 85' lang='grc' dir='ltr'>ἐν</span> <span class='ocrx_word' id='word_1_224' title='bbox 2645 1646 2724 1712; x_wconf 86' lang='grc' dir='ltr'>τῷ</span> <span class='ocrx_word' id='word_1_225' title='bbox 2765 1641 2973 1715; x_wconf 82' lang='grc' dir='ltr'>κράτει,</span> <span class='ocrx_word' id='word_1_226' title='bbox 3024 1640 3115 1696; x_wconf 83' lang='grc' dir='ltr'><strong>καὶ</strong></span> <span class='ocrx_word' id='word_1_227' title='bbox 3165 1638 3429 1710; x_wconf 77' lang='grc' dir='ltr'>δεξιοῦται</span> <span class='ocrx_word' id='word_1_228' title='bbox 3475 1647 3554 1714; x_wconf 77' lang='grc' dir='ltr'>τῷ</span> <span class='ocrx_word' id='word_1_229' title='bbox 3598 1642 3793 1717; x_wconf 83' lang='grc' dir='ltr'>κόσμῳ</span> 
     </span>
    </p>
   </div>
   <div class='ocr_carea' id='block_1_33' title="bbox 2150 1728 3795 1806">
    <p class='ocr_par' dir='ltr' id='par_1_33' title="bbox 2150 1728 3795 1806">
     <span class='ocr_line' id='line_1_33' title="bbox 2150 1728 3795 1806; baseline -0.001 -18"><span class='ocrx_word' id='word_1_230' title='bbox 2150 1732 2401 1806; x_wconf 85' lang='grc' dir='ltr'>εὐτυχία.</span> <span class='ocrx_word' id='word_1_231' title='bbox 2432 1729 2585 1800; x_wconf 85' lang='grc' dir='ltr'><strong>Αὐτή</strong></span> <span class='ocrx_word' id='word_1_232' title='bbox 2626 1730 2732 1805; x_wconf 82' lang='grc' dir='ltr'><strong>γὰρ</strong></span> <span class='ocrx_word' id='word_1_233' title='bbox 2781 1729 2929 1805; x_wconf 78' lang='grc' dir='ltr'>χοιρά</span> <span class='ocrx_word' id='word_1_234' title='bbox 2974 1730 3134 1802; x_wconf 80' lang='grc' dir='ltr'>ἡμῶν</span> <span class='ocrx_word' id='word_1_235' title='bbox 3179 1729 3270 1784; x_wconf 85' lang='grc' dir='ltr'><strong>καὶ</strong></span> <span class='ocrx_word' id='word_1_236' title='bbox 3320 1728 3648 1803; x_wconf 82' lang='grc' dir='ltr'>ἀγαλλίασις</span> <span class='ocrx_word' id='word_1_237' title='bbox 3694 1732 3795 1786; x_wconf 86' lang='grc' dir='ltr'>κό-</span> 
     </span>
    </p>
   </div>
   <div class='ocr_carea' id='block_1_34' title="bbox 397 1815 2031 1923">
    <p class='ocr_par' dir='ltr' id='par_1_34' title="bbox 397 1815 2031 1923">
     <span class='ocr_line' id='line_1_34' title="bbox 397 1815 2031 1923; baseline -0.017 -15"><span class='ocrx_word' id='word_1_238' title='bbox 397 1815 573 1923; x_wconf 55' lang='grc' dir='ltr'>ὗίέἓῖ,</span> <span class='ocrx_word' id='word_1_239' title='bbox 603 1815 783 1920; x_wconf 64' lang='grc' dir='ltr'><strong>ίδᾷυο</strong></span> <span class='ocrx_word' id='word_1_240' title='bbox 824 1846 884 1900; x_wconf 89' lang='lat' dir='ltr'><strong>in</strong></span> <span class='ocrx_word' id='word_1_241' title='bbox 914 1844 1061 1913; x_wconf 89' lang='lat' dir='ltr'><strong>ipso,</strong></span> <span class='ocrx_word' id='word_1_242' title='bbox 1106 1815 1192 1895; x_wconf 15' lang='lat' dir='ltr'><strong>adt</strong></span> <span class='ocrx_word' id='word_1_243' title='bbox 1229 1815 1618 1901; x_wconf 75' lang='lat' dir='ltr'><strong>clementiam,</strong></span> <span class='ocrx_word' id='word_1_244' title='bbox 1651 1828 1856 1923; x_wconf 34' lang='lat' dir='ltr'><strong>in-fide</strong></span> <span class='ocrx_word' id='word_1_245' title='bbox 1885 1826 2031 1882; x_wconf 85' lang='lat' dir='ltr'><strong>exal-</strong></span> 
     </span>
    </p>
   </div>
   <div class='ocr_carea' id='block_1_35' title="bbox 2144 1815 3793 1923">
    <p class='ocr_par' dir='ltr' id='par_1_35' title="bbox 2152 1815 3793 1923">
     <span class='ocr_line' id='line_1_35' title="bbox 2152 1815 3793 1896; baseline -0.001 -19"><span class='ocrx_word' id='word_1_246' title='bbox 2152 1842 2314 1896; x_wconf 88' lang='grc' dir='ltr'>σμου.</span> <span class='ocrx_word' id='word_1_247' title='bbox 2348 1845 2375 1875; x_wconf 82' lang='grc'><strong>››</strong></span> <span class='ocrx_word' id='word_1_248' title='bbox 2409 1820 2618 1878; x_wconf 80' lang='grc' dir='ltr'>“Αλλο.</span> <span class='ocrx_word' id='word_1_249' title='bbox 2657 1844 2678 1873; x_wconf 80' lang='grc' dir='ltr'><strong>ιι</strong></span> <span class='ocrx_word' id='word_1_250' title='bbox 2712 1816 2977 1888; x_wconf 81' lang='grc' dir='ltr'>Ἐποίησε</span> <span class='ocrx_word' id='word_1_251' title='bbox 3008 1815 3235 1892; x_wconf 76' lang='grc' dir='ltr'>δύναμιν</span> <span class='ocrx_word' id='word_1_252' title='bbox 3263 1821 3298 1889; x_wconf 76' lang='grc' dir='ltr'>ἡ</span> <span class='ocrx_word' id='word_1_253' title='bbox 3332 1816 3477 1890; x_wconf 78' lang='grc' dir='ltr'>δεξιὰ</span> <span class='ocrx_word' id='word_1_254' title='bbox 3510 1826 3608 1877; x_wconf 87' lang='grc' dir='ltr'><strong>τοῦ</strong></span> <span class='ocrx_word' id='word_1_255' title='bbox 3657 1826 3793 1878; x_wconf 87' lang='grc' dir='ltr'>Θεοῦ</span> 
     </span>
     <span class='ocr_line' id='line_1_36' title="bbox 2159 1902 3724 1923; baseline 0 0"><span class='ocrx_word' id='word_1_256' title='bbox 2159 1914 2172 1923; x_wconf 70' lang='grc' dir='ltr'>ι</span> <span class='ocrx_word' id='word_1_257' title='bbox 2243 1915 2268 1923; x_wconf 82' lang='grc'><strong>.-</strong></span> <span class='ocrx_word' id='word_1_258' title='bbox 2375 1907 2398 1923; x_wconf 62' lang='grc' dir='ltr'><strong>κ</strong></span> <span class='ocrx_word' id='word_1_259' title='bbox 2520 1910 2532 1923; x_wconf 79' lang='grc'><strong><em>1</em></strong></span> <span class='ocrx_word' id='word_1_260' title='bbox 2692 1909 2706 1923; x_wconf 67' lang='grc'><strong>9</strong></span> <span class='ocrx_word' id='word_1_261' title='bbox 2810 1906 2830 1923; x_wconf 54' lang='grc' dir='ltr'><strong>κ</strong></span> <span class='ocrx_word' id='word_1_262' title='bbox 2865 1902 2915 1923; x_wconf 70' lang='grc' dir='ltr'><strong>ορ</strong></span> <span class='ocrx_word' id='word_1_263' title='bbox 3084 1907 3097 1923; x_wconf 74' lang='grc'><strong>9</strong></span> <span class='ocrx_word' id='word_1_264' title='bbox 3161 1909 3174 1923; x_wconf 75' lang='grc' dir='ltr'><strong><em>Ι</em></strong></span> <span class='ocrx_word' id='word_1_265' title='bbox 3325 1915 3352 1923; x_wconf 72' lang='grc' dir='ltr'><strong>ι.</strong></span> <span class='ocrx_word' id='word_1_266' title='bbox 3441 1906 3514 1923; x_wconf 58' lang='lat' dir='ltr'><strong>5h:</strong></span> <span class='ocrx_word' id='word_1_267' title='bbox 3706 1910 3724 1923; x_wconf 50' lang='grc' dir='ltr'><strong><em>κ</em></strong></span> 
     </span>
    </p>
   </div>
   <div class='ocr_carea' id='block_1_36' title="bbox 401 1918 2037 1997">
    <p class='ocr_par' dir='ltr' id='par_1_36' title="bbox 401 1918 2037 1997">
     <span class='ocr_line' id='line_1_37' title="bbox 401 1918 2037 1997; baseline -0.016 -2"><span class='ocrx_word' id='word_1_268' title='bbox 401 1918 560 1996; x_wconf 46' lang='lat' dir='ltr'><strong>terit.</strong></span> <span class='ocrx_word' id='word_1_269' title='bbox 594 1918 897 1994; x_wconf 83' lang='lat' dir='ltr'><strong>Gaudeant</strong></span> <span class='ocrx_word' id='word_1_270' title='bbox 926 1931 1193 1989; x_wconf 65' lang='lat' dir='ltr'><strong>caelestes</strong></span> <span class='ocrx_word' id='word_1_271' title='bbox 1211 1925 1525 1997; x_wconf 81' lang='lat' dir='ltr'><strong>spirituum</strong></span> <span class='ocrx_word' id='word_1_272' title='bbox 1557 1918 1866 1982; x_wconf 82' lang='lat' dir='ltr'><strong>exercitus,</strong></span> <span class='ocrx_word' id='word_1_273' title='bbox 1900 1930 2037 1987; x_wconf 84' lang='lat' dir='ltr'><strong>gau-</strong></span> 
     </span>
    </p>
   </div>
   <div class='ocr_carea' id='block_1_37' title="bbox 399 2005 2032 2097">
    <p class='ocr_par' dir='ltr' id='par_1_37' title="bbox 399 2005 2032 2097">
     <span class='ocr_line' id='line_1_38' title="bbox 399 2005 2032 2097; baseline -0.017 -13"><span class='ocrx_word' id='word_1_274' title='bbox 399 2028 576 2085; x_wconf 84' lang='lat' dir='ltr'><strong>deant</strong></span> <span class='ocrx_word' id='word_1_275' title='bbox 605 2025 785 2097; x_wconf 64' lang='lat' dir='ltr'><strong>sapina</strong></span> <span class='ocrx_word' id='word_1_276' title='bbox 803 2024 1220 2085; x_wconf 84' lang='lat' dir='ltr'><strong>Romanorum,</strong></span> <span class='ocrx_word' id='word_1_277' title='bbox 1239 2009 1554 2070; x_wconf 82' lang='lat' dir='ltr'><strong>Christiani</strong></span> <span class='ocrx_word' id='word_1_278' title='bbox 1576 2022 1800 2097; x_wconf 79' lang='lat' dir='ltr'><strong>omnes,</strong></span> <span class='ocrx_word' id='word_1_279' title='bbox 1822 2005 2032 2062; x_wconf 86' lang='lat' dir='ltr'><strong>festum</strong></span> 
     </span>
    </p>
   </div>
   <div class='ocr_carea' id='block_1_38' title="bbox 396 2095 2033 2179">
    <p class='ocr_par' dir='ltr' id='par_1_38' title="bbox 396 2095 2033 2179">
     <span class='ocr_line' id='line_1_39' title="bbox 396 2095 2033 2179; baseline -0.018 -5"><span class='ocrx_word' id='word_1_280' title='bbox 396 2118 510 2174; x_wconf 87' lang='lat' dir='ltr'><strong>Deo</strong></span> <span class='ocrx_word' id='word_1_281' title='bbox 543 2095 912 2179; x_wconf 82' lang='lat' dir='ltr'><strong>celebraturi,</strong></span> <span class='ocrx_word' id='word_1_282' title='bbox 943 2107 1119 2164; x_wconf 81' lang='lat' dir='ltr'><strong>simul</strong></span> <span class='ocrx_word' id='word_1_283' title='bbox 1152 2099 1479 2177; x_wconf 80' lang='lat' dir='ltr'><strong>gaudeant!</strong></span> <span class='ocrx_word' id='word_1_284' title='bbox 1515 2120 1543 2151; x_wconf 70' lang='grc' dir='ltr'>ι»</span> <span class='ocrx_word' id='word_1_285' title='bbox 1584 2095 1892 2151; x_wconf 86' lang='lat' dir='ltr'><strong>Sciendum</strong></span> <span class='ocrx_word' id='word_1_286' title='bbox 1926 2099 2033 2160; x_wconf 83' lang='lat' dir='ltr'><strong>est,</strong></span> 
     </span>
    </p>
   </div>
   <div class='ocr_carea' id='block_1_39' title="bbox 394 2181 2035 2264">
    <p class='ocr_par' dir='ltr' id='par_1_39' title="bbox 394 2181 2035 2264">
     <span class='ocr_line' id='line_1_40' title="bbox 394 2181 2035 2264; baseline -0.014 -4"><span class='ocrx_word' id='word_1_287' title='bbox 394 2204 514 2260; x_wconf 82' lang='lat' dir='ltr'><strong>haec</strong></span> <span class='ocrx_word' id='word_1_288' title='bbox 567 2199 830 2258; x_wconf 77' lang='lat' dir='ltr'><strong>cursoris</strong></span> <span class='ocrx_word' id='word_1_289' title='bbox 874 2199 933 2255; x_wconf 86' lang='lat' dir='ltr'><strong>in</strong></span> <span class='ocrx_word' id='word_1_290' title='bbox 986 2196 1206 2253; x_wconf 82' lang='lat' dir='ltr'><strong>caeteris</strong></span> <span class='ocrx_word' id='word_1_291' title='bbox 1273 2205 1504 2264; x_wconf 89' lang='lat' dir='ltr'><strong>quoque</strong></span> <span class='ocrx_word' id='word_1_292' title='bbox 1562 2181 2035 2259; x_wconf 87' lang='lat' dir='ltr'><strong>processionibus</strong></span> 
     </span>
    </p>
   </div>
   <div class='ocr_carea' id='block_1_40' title="bbox 392 2292 735 2359">
    <p class='ocr_par' dir='ltr' id='par_1_40' title="bbox 392 2292 735 2359">
     <span class='ocr_line' id='line_1_41' title="bbox 392 2292 735 2359; baseline -0.012 -9"><span class='ocrx_word' id='word_1_293' title='bbox 392 2292 641 2350; x_wconf 85' lang='lat' dir='ltr'><strong>recitari.</strong></span> <span class='ocrx_word' id='word_1_294' title='bbox 730 2356 735 2359; x_wconf 40' lang='lat'><strong>,</strong></span> 
     </span>
    </p>
   </div>
   <div class='ocr_carea' id='block_1_41' title="bbox 463 2530 2033 2612">
    <p class='ocr_par' dir='ltr' id='par_1_41' title="bbox 463 2530 2033 2612">
     <span class='ocr_line' id='line_1_42' title="bbox 463 2530 2033 2612; baseline -0.011 -11"><span class='ocrx_word' id='word_1_295' title='bbox 463 2547 532 2601; x_wconf 85' lang='grc' dir='ltr'><strong>ΙΙ.</strong></span> <span class='ocrx_word' id='word_1_296' title='bbox 560 2541 827 2612; x_wconf 81' lang='lat' dir='ltr'><strong>Rsceptio</strong></span> <span class='ocrx_word' id='word_1_297' title='bbox 845 2537 1101 2595; x_wconf 90' lang='lat' dir='ltr'><strong>secunda</strong></span> <span class='ocrx_word' id='word_1_298' title='bbox 1122 2537 1181 2591; x_wconf 90' lang='lat' dir='ltr'><strong>in</strong></span> <span class='ocrx_word' id='word_1_299' title='bbox 1206 2533 1559 2591; x_wconf 83' lang='lat' dir='ltr'><strong>aedesSancti</strong></span> <span class='ocrx_word' id='word_1_300' title='bbox 1576 2530 2033 2603; x_wconf 80' lang='lat' dir='ltr'><strong>Polyeucti.Stat</strong></span> 
     </span>
    </p>
   </div>
   <div class='ocr_carea' id='block_1_42' title="bbox 392 2620 2029 2693">
    <p class='ocr_par' dir='ltr' id='par_1_42' title="bbox 392 2620 2029 2693">
     <span class='ocr_line' id='line_1_43' title="bbox 392 2620 2029 2693; baseline -0.012 0"><span class='ocrx_word' id='word_1_301' title='bbox 392 2634 474 2693; x_wconf 84' lang='lat' dir='ltr'><strong>ibi</strong></span> <span class='ocrx_word' id='word_1_302' title='bbox 506 2632 782 2687; x_wconf 87' lang='lat' dir='ltr'><strong>tribunus</strong></span> <span class='ocrx_word' id='word_1_303' title='bbox 828 2628 1182 2683; x_wconf 85' lang='lat' dir='ltr'><strong>Venetorum</strong></span> <span class='ocrx_word' id='word_1_304' title='bbox 1215 2639 1347 2678; x_wconf 90' lang='lat' dir='ltr'><strong>cum</strong></span> <span class='ocrx_word' id='word_1_305' title='bbox 1381 2622 1632 2678; x_wconf 87' lang='lat' dir='ltr'><strong>factione</strong></span> <span class='ocrx_word' id='word_1_306' title='bbox 1670 2621 1823 2690; x_wconf 90' lang='lat' dir='ltr'><strong>alba,</strong></span> <span class='ocrx_word' id='word_1_307' title='bbox 1856 2626 1912 2675; x_wconf 86' lang='lat' dir='ltr'><strong>et</strong></span> <span class='ocrx_word' id='word_1_308' title='bbox 1944 2620 2029 2674; x_wconf 90' lang='lat' dir='ltr'><strong>di-</strong></span> 
     </span>
    </p>
   </div>
   <div class='ocr_carea' id='block_1_43' title="bbox 392 2710 2028 2779">
    <p class='ocr_par' dir='ltr' id='par_1_43' title="bbox 392 2710 2028 2779">
     <span class='ocr_line' id='line_1_44' title="bbox 392 2710 2028 2779; baseline -0.013 0"><span class='ocrx_word' id='word_1_309' title='bbox 392 2725 531 2779; x_wconf 88' lang='lat' dir='ltr'><strong>cunt</strong></span> <span class='ocrx_word' id='word_1_310' title='bbox 561 2724 828 2777; x_wconf 85' lang='lat' dir='ltr'><strong>cantores</strong></span> <span class='ocrx_word' id='word_1_311' title='bbox 864 2734 875 2771; x_wconf 96' lang='lat'>:</span> <span class='ocrx_word' id='word_1_312' title='bbox 904 2737 931 2765; x_wconf 75' lang='grc' dir='ltr'><strong>ιι</strong></span> <span class='ocrx_word' id='word_1_313' title='bbox 955 2713 1217 2770; x_wconf 85' lang='lat' dir='ltr'><strong>Feliciter</strong></span> <span class='ocrx_word' id='word_1_314' title='bbox 1248 2711 1404 2767; x_wconf 78' lang='lat' dir='ltr'><strong>venit</strong></span> <span class='ocrx_word' id='word_1_315' title='bbox 1444 2710 1639 2766; x_wconf 88' lang='lat' dir='ltr'><strong>divina</strong></span> <span class='ocrx_word' id='word_1_316' title='bbox 1671 2710 1966 2779; x_wconf 80' lang='lat' dir='ltr'><strong>majestas.</strong></span> <span class='ocrx_word' id='word_1_317' title='bbox 2002 2731 2028 2758; x_wconf 85' lang='grc'><strong>››</strong></span> 
     </span>
    </p>
   </div>
   <div class='ocr_carea' id='block_1_44' title="bbox 387 2797 2028 2870">
    <p class='ocr_par' dir='ltr' id='par_1_44' title="bbox 387 2797 2028 2870">
     <span class='ocr_line' id='line_1_45' title="bbox 387 2797 2028 2870; baseline -0.009 -3"><span class='ocrx_word' id='word_1_318' title='bbox 387 2807 839 2867; x_wconf 85' lang='lat' dir='ltr'><strong>Acclamationis</strong></span> <span class='ocrx_word' id='word_1_319' title='bbox 886 2818 1020 2859; x_wconf 81' lang='lat' dir='ltr'><strong>vero</strong></span> <span class='ocrx_word' id='word_1_320' title='bbox 1068 2807 1197 2860; x_wconf 89' lang='lat' dir='ltr'><strong>acta</strong></span> <span class='ocrx_word' id='word_1_321' title='bbox 1236 2819 1270 2858; x_wconf 94' lang='lat' dir='ltr'><strong>a</strong></span> <span class='ocrx_word' id='word_1_322' title='bbox 1315 2800 1647 2856; x_wconf 88' lang='lat' dir='ltr'><strong>cantoribus</strong></span> <span class='ocrx_word' id='word_1_323' title='bbox 1695 2803 1752 2854; x_wconf 87' lang='lat' dir='ltr'><strong>et</strong></span> <span class='ocrx_word' id='word_1_324' title='bbox 1793 2797 2028 2870; x_wconf 86' lang='lat' dir='ltr'><strong>populo,</strong></span> 
     </span>
    </p>
   </div>
   <div class='ocr_carea' id='block_1_45' title="bbox 390 2888 2027 2965">
    <p class='ocr_par' dir='ltr' id='par_1_45' title="bbox 390 2888 2027 2965">
     <span class='ocr_line' id='line_1_46' title="bbox 390 2888 2027 2965; baseline -0.009 -8"><span class='ocrx_word' id='word_1_325' title='bbox 390 2902 485 2957; x_wconf 70' lang='grc'><strong>31</strong></span> <span class='ocrx_word' id='word_1_326' title='bbox 527 2903 591 2955; x_wconf 92' lang='lat' dir='ltr'><strong>ut</strong></span> <span class='ocrx_word' id='word_1_327' title='bbox 618 2898 679 2955; x_wconf 85' lang='lat' dir='ltr'><strong>in</strong></span> <span class='ocrx_word' id='word_1_328' title='bbox 702 2895 924 2953; x_wconf 82' lang='lat' dir='ltr'><strong>caeteris</strong></span> <span class='ocrx_word' id='word_1_329' title='bbox 946 2908 1180 2965; x_wconf 87' lang='lat' dir='ltr'><strong>quoque</strong></span> <span class='ocrx_word' id='word_1_330' title='bbox 1213 2888 1666 2962; x_wconf 89' lang='lat' dir='ltr'><strong>receptionibus,</strong></span> <span class='ocrx_word' id='word_1_331' title='bbox 1697 2891 2027 2944; x_wconf 78' lang='lat' dir='ltr'><strong>captantur.</strong></span> 
     </span>
    </p>
   </div>
   <div class='ocr_carea' id='block_1_46' title="bbox 390 2976 2025 3059">
    <p class='ocr_par' dir='ltr' id='par_1_46' title="bbox 390 2976 2025 3059">
     <span class='ocr_line' id='line_1_47' title="bbox 390 2976 2025 3059; baseline -0.007 -15"><span class='ocrx_word' id='word_1_332' title='bbox 390 2988 659 3059; x_wconf 82' lang='lat' dir='ltr'><strong>Receptio</strong></span> <span class='ocrx_word' id='word_1_333' title='bbox 698 2986 867 3041; x_wconf 79' lang='lat' dir='ltr'><strong>tertia</strong></span> <span class='ocrx_word' id='word_1_334' title='bbox 898 2985 969 3039; x_wconf 90' lang='lat' dir='ltr'><strong>ad</strong></span> <span class='ocrx_word' id='word_1_335' title='bbox 1028 2983 1300 3038; x_wconf 77' lang='lat' dir='ltr'><strong>Sanctam</strong></span> <span class='ocrx_word' id='word_1_336' title='bbox 1351 2978 1741 3049; x_wconf 85' lang='lat' dir='ltr'><strong>Euphemiam</strong></span> <span class='ocrx_word' id='word_1_337' title='bbox 1784 2976 2025 3049; x_wconf 84' lang='lat' dir='ltr'><strong>Olybrii.</strong></span> 
     </span>
    </p>
   </div>
   <div class='ocr_carea' id='block_1_47' title="bbox 385 3066 2027 3135">
    <p class='ocr_par' dir='ltr' id='par_1_47' title="bbox 385 3066 2027 3135">
     <span class='ocr_line' id='line_1_48' title="bbox 385 3066 2027 3135; baseline -0.009 0"><span class='ocrx_word' id='word_1_338' title='bbox 385 3083 509 3135; x_wconf 87' lang='lat' dir='ltr'><strong>Stat</strong></span> <span class='ocrx_word' id='word_1_339' title='bbox 540 3077 619 3131; x_wconf 90' lang='lat' dir='ltr'><strong>ibi</strong></span> <span class='ocrx_word' id='word_1_340' title='bbox 661 3075 937 3131; x_wconf 86' lang='lat' dir='ltr'><strong>tribunus</strong></span> <span class='ocrx_word' id='word_1_341' title='bbox 1000 3071 1375 3128; x_wconf 88' lang='lat' dir='ltr'><strong>Prasinorum</strong></span> <span class='ocrx_word' id='word_1_342' title='bbox 1428 3082 1529 3124; x_wconf 91' lang='lat' dir='ltr'><strong>seu</strong></span> <span class='ocrx_word' id='word_1_343' title='bbox 1562 3066 1865 3123; x_wconf 83' lang='lat' dir='ltr'><strong>excubitor</strong></span> <span class='ocrx_word' id='word_1_344' title='bbox 1896 3081 2027 3121; x_wconf 89' lang='lat' dir='ltr'><strong>cum</strong></span> 
     </span>
    </p>
   </div>
   <div class='ocr_carea' id='block_1_48' title="bbox 2148 1902 3792 1984">
    <p class='ocr_par' dir='ltr' id='par_1_48' title="bbox 2148 1902 3792 1984">
     <span class='ocr_line' id='line_1_49' title="bbox 2148 1902 3792 1984; baseline 0 -19"><span class='ocrx_word' id='word_1_345' title='bbox 2148 1914 2337 1984; x_wconf 69' lang='grc' dir='ltr'>ἡμῶν,</span> <span class='ocrx_word' id='word_1_346' title='bbox 2371 1907 2649 1977; x_wconf 87' lang='grc' dir='ltr'>δεσπόται,</span> <span class='ocrx_word' id='word_1_347' title='bbox 2681 1902 3009 1964; x_wconf 72' lang='grc' dir='ltr'>ἀντελάϐετο</span> <span class='ocrx_word' id='word_1_348' title='bbox 3057 1907 3246 1981; x_wconf 79' lang='grc' dir='ltr'>εἰρήνη</span> <span class='ocrx_word' id='word_1_349' title='bbox 3285 1915 3387 1978; x_wconf 79' lang='grc' dir='ltr'><strong>τῆς</strong></span> <span class='ocrx_word' id='word_1_350' title='bbox 3441 1906 3581 1972; x_wconf 83' lang='grc' dir='ltr'>ἰδίας</span> <span class='ocrx_word' id='word_1_351' title='bbox 3628 1910 3792 1967; x_wconf 79' lang='grc' dir='ltr'>πολι-</span> 
     </span>
    </p>
   </div>
   <div class='ocr_carea' id='block_1_49' title="bbox 2144 1995 3787 2072">
    <p class='ocr_par' dir='ltr' id='par_1_49' title="bbox 2144 1995 3787 2072">
     <span class='ocr_line' id='line_1_50' title="bbox 2144 1995 3787 2072; baseline 0 -17"><span class='ocrx_word' id='word_1_352' title='bbox 2144 2001 2314 2070; x_wconf 74' lang='grc' dir='ltr'>τείας,</span> <span class='ocrx_word' id='word_1_353' title='bbox 2356 2000 2447 2055; x_wconf 86' lang='grc' dir='ltr'>καὶ</span> <span class='ocrx_word' id='word_1_354' title='bbox 2498 1997 2549 2053; x_wconf 83' lang='grc' dir='ltr'>ἐν</span> <span class='ocrx_word' id='word_1_355' title='bbox 2597 1995 2744 2070; x_wconf 79' lang='grc' dir='ltr'>αὐτῷ</span> <span class='ocrx_word' id='word_1_356' title='bbox 2790 1995 2844 2052; x_wconf 72' lang='grc' dir='ltr'>ἰν</span> <span class='ocrx_word' id='word_1_357' title='bbox 2890 2000 2957 2070; x_wconf 80' lang='grc' dir='ltr'><strong>τῇ</strong></span> <span class='ocrx_word' id='word_1_358' title='bbox 3001 1997 3178 2052; x_wconf 79' lang='grc' dir='ltr'>πίστει</span> <span class='ocrx_word' id='word_1_359' title='bbox 3226 1997 3408 2071; x_wconf 76' lang='grc' dir='ltr'>ὕψωσε</span> <span class='ocrx_word' id='word_1_360' title='bbox 3453 1999 3590 2068; x_wconf 72' lang='grc' dir='ltr'>πρὸς</span> <span class='ocrx_word' id='word_1_361' title='bbox 3630 1999 3787 2072; x_wconf 68' lang='grc' dir='ltr'>εὐμε-</span> 
     </span>
    </p>
   </div>
   <div class='ocr_carea' id='block_1_50' title="bbox 2144 2087 3789 2167">
    <p class='ocr_par' dir='ltr' id='par_1_50' title="bbox 2144 2087 3789 2167">
     <span class='ocr_line' id='line_1_51' title="bbox 2144 2087 3789 2167; baseline 0 -21"><span class='ocrx_word' id='word_1_362' title='bbox 2144 2112 2313 2150; x_wconf 87' lang='grc' dir='ltr'>νειαν.</span> <span class='ocrx_word' id='word_1_363' title='bbox 2363 2088 2692 2167; x_wconf 80' lang='grc' dir='ltr'>Ἀγάλλεσθε</span> <span class='ocrx_word' id='word_1_364' title='bbox 2740 2087 2984 2162; x_wconf 80' lang='grc' dir='ltr'>οὐράνιαι</span> <span class='ocrx_word' id='word_1_365' title='bbox 3034 2089 3276 2163; x_wconf 77' lang='grc' dir='ltr'>στρατιαὶ</span> <span class='ocrx_word' id='word_1_366' title='bbox 3316 2094 3424 2145; x_wconf 80' lang='grc' dir='ltr'><strong>τῶν</strong></span> <span class='ocrx_word' id='word_1_367' title='bbox 3462 2089 3789 2164; x_wconf 80' lang='grc' dir='ltr'>ἀσωμάτων,</span> 
     </span>
    </p>
   </div>
   <div class='ocr_carea' id='block_1_51' title="bbox 2146 2175 3788 2256">
    <p class='ocr_par' dir='ltr' id='par_1_51' title="bbox 2146 2175 3788 2256">
     <span class='ocr_line' id='line_1_52' title="bbox 2146 2175 3788 2256; baseline 0.001 -21"><span class='ocrx_word' id='word_1_368' title='bbox 2146 2178 2491 2256; x_wconf 81' lang='grc' dir='ltr'>συναγάλλου</span> <span class='ocrx_word' id='word_1_369' title='bbox 2550 2175 2910 2254; x_wconf 88' lang='grc' dir='ltr'>στρατόπεδον</span> <span class='ocrx_word' id='word_1_370' title='bbox 2969 2182 3076 2233; x_wconf 80' lang='grc' dir='ltr'><strong>τῶν</strong></span> <span class='ocrx_word' id='word_1_371' title='bbox 3158 2179 3474 2252; x_wconf 84' lang='grc' dir='ltr'>Ῥωμαίων,</span> <span class='ocrx_word' id='word_1_372' title='bbox 3523 2181 3610 2234; x_wconf 84' lang='grc' dir='ltr'><strong>καὶ</strong></span> <span class='ocrx_word' id='word_1_373' title='bbox 3688 2179 3788 2236; x_wconf 73' lang='grc' dir='ltr'><strong>ἒπ-</strong></span> 
     </span>
    </p>
   </div>
   <div class='ocr_carea' id='block_1_52' title="bbox 2142 2268 3783 2346">
    <p class='ocr_par' dir='ltr' id='par_1_52' title="bbox 2142 2268 3783 2346">
     <span class='ocr_line' id='line_1_53' title="bbox 2142 2268 3783 2346; baseline -0.002 -19"><span class='ocrx_word' id='word_1_374' title='bbox 2142 2270 2444 2346; x_wconf 78' lang='grc' dir='ltr'>αγάλλεσθε</span> <span class='ocrx_word' id='word_1_375' title='bbox 2490 2268 2513 2303; x_wconf 85' lang='grc'>³</span> <span class='ocrx_word' id='word_1_376' title='bbox 2575 2268 2771 2331; x_wconf 85' lang='grc' dir='ltr'>πάντες</span> <span class='ocrx_word' id='word_1_377' title='bbox 2818 2269 3137 2343; x_wconf 80' lang='grc' dir='ltr'>Χριστιανοὶ</span> <span class='ocrx_word' id='word_1_378' title='bbox 3186 2269 3458 2343; x_wconf 72' lang='grc' dir='ltr'>ἑορτάζειν</span> <span class='ocrx_word' id='word_1_379' title='bbox 3501 2270 3708 2343; x_wconf 76' lang='grc' dir='ltr'>Κυρίῳ.</span> <span class='ocrx_word' id='word_1_380' title='bbox 3753 2291 3783 2322; x_wconf 85' lang='grc'>››</span> 
     </span>
    </p>
   </div>
   <div class='ocr_carea' id='block_1_53' title="bbox 2145 2354 3784 2434">
    <p class='ocr_par' dir='ltr' id='par_1_53' title="bbox 2145 2354 3784 2434">
     <span class='ocr_line' id='line_1_54' title="bbox 2145 2354 3784 2434; baseline -0.002 -17"><span class='ocrx_word' id='word_1_381' title='bbox 2145 2359 2362 2430; x_wconf 81' lang='grc' dir='ltr'>Ἰστέον,</span> <span class='ocrx_word' id='word_1_382' title='bbox 2396 2358 2478 2415; x_wconf 78' lang='grc' dir='ltr'><strong>ὅτι</strong></span> <span class='ocrx_word' id='word_1_383' title='bbox 2509 2362 2679 2414; x_wconf 91' lang='grc' dir='ltr'>ταῦτα</span> <span class='ocrx_word' id='word_1_384' title='bbox 2723 2359 2791 2413; x_wconf 86' lang='grc' dir='ltr'>τὰ</span> <span class='ocrx_word' id='word_1_385' title='bbox 2839 2354 3078 2433; x_wconf 80' lang='grc' dir='ltr'>δρομικὰ</span> <span class='ocrx_word' id='word_1_386' title='bbox 3132 2354 3384 2434; x_wconf 66' lang='grc' dir='ltr'>λέγονται</span> <span class='ocrx_word' id='word_1_387' title='bbox 3430 2357 3521 2414; x_wconf 88' lang='grc' dir='ltr'><strong>καὶ</strong></span> <span class='ocrx_word' id='word_1_388' title='bbox 3563 2357 3615 2413; x_wconf 69' lang='grc' dir='ltr'>ἐν</span> <span class='ocrx_word' id='word_1_389' title='bbox 3659 2362 3784 2424; x_wconf 87' lang='grc' dir='ltr'>ταῖς</span> 
     </span>
    </p>
   </div>
   <div class='ocr_carea' id='block_1_54' title="bbox 2143 2446 2768 2522">
    <p class='ocr_par' dir='ltr' id='par_1_54' title="bbox 2143 2446 2768 2522">
     <span class='ocr_line' id='line_1_55' title="bbox 2143 2446 2768 2522; baseline -0.002 -18"><span class='ocrx_word' id='word_1_390' title='bbox 2143 2448 2367 2513; x_wconf 84' lang='grc' dir='ltr'>λοιπαῖς</span> <span class='ocrx_word' id='word_1_391' title='bbox 2394 2446 2768 2522; x_wconf 80' lang='grc' dir='ltr'>προελεύσεσι.</span> 
     </span>
    </p>
   </div>
   <div class='ocr_carea' id='block_1_55' title="bbox 2214 2534 3786 2614">
    <p class='ocr_par' dir='ltr' id='par_1_55' title="bbox 2214 2534 3786 2614">
     <span class='ocr_line' id='line_1_56' title="bbox 2214 2534 3786 2614; baseline -0.002 -22"><span class='ocrx_word' id='word_1_392' title='bbox 2214 2539 2285 2594; x_wconf 79' lang='grc' dir='ltr'><strong>Β“.</strong></span> <span class='ocrx_word' id='word_1_393' title='bbox 2348 2538 2501 2610; x_wconf 81' lang='grc' dir='ltr'>Δοχὴ</span> <span class='ocrx_word' id='word_1_394' title='bbox 2665 2537 2740 2599; x_wconf 62' lang='grc' dir='ltr'>εἷς</span> <span class='ocrx_word' id='word_1_395' title='bbox 2796 2537 2889 2592; x_wconf 87' lang='grc' dir='ltr'>τὸν</span> <span class='ocrx_word' id='word_1_396' title='bbox 2944 2536 3094 2611; x_wconf 76' lang='grc' dir='ltr'>ἅγιον</span> <span class='ocrx_word' id='word_1_397' title='bbox 3143 2534 3502 2593; x_wconf 86' lang='grc' dir='ltr'>Πολύευκτον.</span> <span class='ocrx_word' id='word_1_398' title='bbox 3556 2536 3786 2614; x_wconf 70' lang='grc' dir='ltr'>Δέχεται</span> 
     </span>
    </p>
   </div>
   <div class='ocr_carea' id='block_1_56' title="bbox 2139 2623 3789 2701">
    <p class='ocr_par' dir='ltr' id='par_1_56' title="bbox 2139 2623 3789 2701">
     <span class='ocr_line' id='line_1_57' title="bbox 2139 2623 3789 2701; baseline -0.002 -20"><span class='ocrx_word' id='word_1_399' title='bbox 2139 2624 2312 2682; x_wconf 67' lang='grc' dir='ltr'>ἐκεῖσε</span> <span class='ocrx_word' id='word_1_400' title='bbox 2344 2627 2371 2679; x_wconf 91' lang='lat'><strong>6</strong></span> <span class='ocrx_word' id='word_1_401' title='bbox 2404 2623 2694 2701; x_wconf 75' lang='grc' dir='ltr'>δήμαρχος</span> <span class='ocrx_word' id='word_1_402' title='bbox 2724 2628 2830 2679; x_wconf 80' lang='grc' dir='ltr'><strong>τῶν</strong></span> <span class='ocrx_word' id='word_1_403' title='bbox 2865 2626 3097 2680; x_wconf 77' lang='grc' dir='ltr'>Βενὲτων</span> <span class='ocrx_word' id='word_1_404' title='bbox 3133 2624 3267 2698; x_wconf 80' lang='grc' dir='ltr'>μετὰ</span> <span class='ocrx_word' id='word_1_405' title='bbox 3312 2630 3409 2681; x_wconf 89' lang='grc' dir='ltr'><strong>τοῦ</strong></span> <span class='ocrx_word' id='word_1_406' title='bbox 3460 2623 3640 2699; x_wconf 79' lang='grc' dir='ltr'>δήμου</span> <span class='ocrx_word' id='word_1_407' title='bbox 3687 2629 3789 2680; x_wconf 87' lang='grc' dir='ltr'><strong>τοῦ</strong></span> 
     </span>
    </p>
   </div>
   <div class='ocr_carea' id='block_1_57' title="bbox 2142 2712 3787 2790">
    <p class='ocr_par' dir='ltr' id='par_1_57' title="bbox 2142 2712 3787 2790">
     <span class='ocr_line' id='line_1_58' title="bbox 2142 2712 3787 2790; baseline -0.003 -20"><span class='ocrx_word' id='word_1_408' title='bbox 2142 2712 2364 2784; x_wconf 78' lang='grc' dir='ltr'>λευκοῦ,</span> <span class='ocrx_word' id='word_1_409' title='bbox 2409 2715 2499 2770; x_wconf 79' lang='grc' dir='ltr'><strong>καὶ</strong></span> <span class='ocrx_word' id='word_1_410' title='bbox 2546 2712 2801 2790; x_wconf 72' lang='grc' dir='ltr'>λέγουσιν</span> <span class='ocrx_word' id='word_1_411' title='bbox 2849 2715 2900 2768; x_wconf 76' lang='grc' dir='ltr'>οἱ</span> <span class='ocrx_word' id='word_1_412' title='bbox 2951 2713 3197 2790; x_wconf 83' lang='grc' dir='ltr'>κράκται⁶</span> <span class='ocrx_word' id='word_1_413' title='bbox 3256 2739 3275 2765; x_wconf 77' lang='grc' dir='ltr'><strong>ι</strong></span> <span class='ocrx_word' id='word_1_414' title='bbox 3313 2714 3509 2776; x_wconf 80' lang='grc' dir='ltr'>Καλῶς</span> <span class='ocrx_word' id='word_1_415' title='bbox 3556 2713 3720 2779; x_wconf 72' lang='grc' dir='ltr'>ἦλθεν</span> <span class='ocrx_word' id='word_1_416' title='bbox 3750 2715 3787 2784; x_wconf 77' lang='grc' dir='ltr'><strong>ἡ</strong></span> 
     </span>
    </p>
   </div>
   <div class='ocr_carea' id='block_1_58' title="bbox 2141 2799 3792 2879">
    <p class='ocr_par' dir='ltr' id='par_1_58' title="bbox 2141 2799 3792 2879">
     <span class='ocr_line' id='line_1_59' title="bbox 2141 2799 3792 2879; baseline -0.001 -22"><span class='ocrx_word' id='word_1_417' title='bbox 2141 2800 2325 2867; x_wconf 78' lang='grc' dir='ltr'>ἔνθεος</span> <span class='ocrx_word' id='word_1_418' title='bbox 2361 2800 2633 2879; x_wconf 86' lang='grc' dir='ltr'>βασιλεία.</span> <span class='ocrx_word' id='word_1_419' title='bbox 2669 2825 2698 2855; x_wconf 86' lang='grc'><strong>››</strong></span> <span class='ocrx_word' id='word_1_420' title='bbox 2731 2803 2808 2860; x_wconf 77' lang='grc' dir='ltr'><strong>Τὰ</strong></span> <span class='ocrx_word' id='word_1_421' title='bbox 2844 2799 2902 2857; x_wconf 80' lang='grc' dir='ltr'>δὶ</span> <span class='ocrx_word' id='word_1_422' title='bbox 2933 2808 3031 2871; x_wconf 80' lang='grc' dir='ltr'><strong>τῆς</strong></span> <span class='ocrx_word' id='word_1_423' title='bbox 3069 2802 3338 2879; x_wconf 79' lang='grc' dir='ltr'>εὐφημίας</span> <span class='ocrx_word' id='word_1_424' title='bbox 3388 2801 3520 2859; x_wconf 82' lang='grc' dir='ltr'>ἅκτα</span> <span class='ocrx_word' id='word_1_425' title='bbox 3567 2801 3792 2875; x_wconf 79' lang='grc' dir='ltr'>ᾅδονται</span> 
     </span>
    </p>
   </div>
   <div class='ocr_carea' id='block_1_59' title="bbox 2139 2890 3788 2966">
    <p class='ocr_par' dir='ltr' id='par_1_59' title="bbox 2139 2890 3788 2966">
     <span class='ocr_line' id='line_1_60' title="bbox 2139 2890 3788 2966; baseline -0.001 -18"><span class='ocrx_word' id='word_1_426' title='bbox 2139 2893 2287 2966; x_wconf 70' lang='grc' dir='ltr'>ποιρά</span> <span class='ocrx_word' id='word_1_427' title='bbox 2331 2913 2389 2947; x_wconf 86' lang='grc' dir='ltr'><strong>τε</strong></span> <span class='ocrx_word' id='word_1_428' title='bbox 2431 2893 2538 2947; x_wconf 77' lang='grc' dir='ltr'><strong>τῶν</strong></span> <span class='ocrx_word' id='word_1_429' title='bbox 2587 2895 2832 2966; x_wconf 80' lang='grc' dir='ltr'>κρακτῶν</span> <span class='ocrx_word' id='word_1_430' title='bbox 2884 2892 2972 2947; x_wconf 81' lang='grc' dir='ltr'><strong>καί</strong></span> <span class='ocrx_word' id='word_1_431' title='bbox 3014 2895 3111 2948; x_wconf 84' lang='grc' dir='ltr'><strong>τοῦ</strong></span> <span class='ocrx_word' id='word_1_432' title='bbox 3161 2890 3319 2961; x_wconf 86' lang='grc' dir='ltr'>λαοῦ,</span> <span class='ocrx_word' id='word_1_433' title='bbox 3369 2894 3546 2956; x_wconf 83' lang='grc' dir='ltr'>καθὼς</span> <span class='ocrx_word' id='word_1_434' title='bbox 3593 2893 3685 2947; x_wconf 87' lang='grc' dir='ltr'><strong>καὶ</strong></span> <span class='ocrx_word' id='word_1_435' title='bbox 3736 2891 3788 2947; x_wconf 74' lang='grc' dir='ltr'>ἐν</span> 
     </span>
    </p>
   </div>
   <div class='ocr_carea' id='block_1_60' title="bbox 2138 2978 3788 3057">
    <p class='ocr_par' dir='ltr' id='par_1_60' title="bbox 2138 2978 3788 3057">
     <span class='ocr_line' id='line_1_61' title="bbox 2138 2978 3788 3057; baseline -0.001 -22"><span class='ocrx_word' id='word_1_436' title='bbox 2138 2986 2257 3044; x_wconf 91' lang='grc' dir='ltr'>ταῖς</span> <span class='ocrx_word' id='word_1_437' title='bbox 2293 2978 2517 3044; x_wconf 79' lang='grc' dir='ltr'>λοιπαῖς</span> <span class='ocrx_word' id='word_1_438' title='bbox 2550 2978 2768 3055; x_wconf 80' lang='grc' dir='ltr'>δοχαῖς.</span> <span class='ocrx_word' id='word_1_439' title='bbox 2801 2981 2954 3055; x_wconf 83' lang='grc' dir='ltr'>Δοχὴ</span> <span class='ocrx_word' id='word_1_440' title='bbox 2985 2981 3029 3053; x_wconf 88' lang='grc' dir='ltr'>γ’</span> <span class='ocrx_word' id='word_1_441' title='bbox 3059 2979 3136 3055; x_wconf 78' lang='grc' dir='ltr'>εἷς</span> <span class='ocrx_word' id='word_1_442' title='bbox 3167 2980 3266 3048; x_wconf 75' lang='grc' dir='ltr'>τὴν</span> <span class='ocrx_word' id='word_1_443' title='bbox 3316 2980 3467 3056; x_wconf 81' lang='grc' dir='ltr'>ἁγίαν</span> <span class='ocrx_word' id='word_1_444' title='bbox 3518 2980 3788 3057; x_wconf 68' lang='grc' dir='ltr'>εὐφημίαν</span> 
     </span>
    </p>
   </div>
   <div class='ocr_carea' id='block_1_61' title="bbox 2137 3064 3790 3145">
    <p class='ocr_par' dir='ltr' id='par_1_61' title="bbox 2137 3064 3790 3145">
     <span class='ocr_line' id='line_1_62' title="bbox 2137 3064 3790 3145; baseline 0.002 -23"><span class='ocrx_word' id='word_1_445' title='bbox 2137 3073 2236 3124; x_wconf 89' lang='grc' dir='ltr'><strong>τοῦ</strong></span> <span class='ocrx_word' id='word_1_446' title='bbox 2273 3064 2594 3143; x_wconf 78' lang='grc' dir='ltr'>Ὀλυϐρίου.</span> <span class='ocrx_word' id='word_1_447' title='bbox 2661 3071 2897 3145; x_wconf 69' lang='grc' dir='ltr'>Δέχεται</span> <span class='ocrx_word' id='word_1_448' title='bbox 2959 3069 3130 3125; x_wconf 77' lang='grc' dir='ltr'>ἐκεῖσε</span> <span class='ocrx_word' id='word_1_449' title='bbox 3187 3070 3215 3125; x_wconf 92' lang='lat'><strong>6</strong></span> <span class='ocrx_word' id='word_1_450' title='bbox 3274 3066 3627 3144; x_wconf 84' lang='grc' dir='ltr'>δημοκράτης</span> <span class='ocrx_word' id='word_1_451' title='bbox 3680 3074 3790 3125; x_wconf 78' lang='grc' dir='ltr'>τῶν</span> 
     </span>
    </p>
   </div>
   <div class='ocr_carea' id='block_1_62' title="bbox 389 3153 2031 3262">
    <p class='ocr_par' dir='ltr' id='par_1_62' title="bbox 389 3153 2027 3229">
     <span class='ocr_line' id='line_1_63' title="bbox 389 3153 2027 3229; baseline -0.007 -7"><span class='ocrx_word' id='word_1_452' title='bbox 389 3164 722 3223; x_wconf 85' lang='lat' dir='ltr'><strong>transitoria</strong></span> <span class='ocrx_word' id='word_1_453' title='bbox 773 3161 1146 3217; x_wconf 89' lang='lat' dir='ltr'><strong>Prasinorum</strong></span> <span class='ocrx_word' id='word_1_454' title='bbox 1194 3155 1429 3229; x_wconf 90' lang='lat' dir='ltr'><strong>populo,</strong></span> <span class='ocrx_word' id='word_1_455' title='bbox 1481 3158 1538 3210; x_wconf 89' lang='lat' dir='ltr'><strong>et</strong></span> <span class='ocrx_word' id='word_1_456' title='bbox 1566 3154 1831 3211; x_wconf 73' lang='lat' dir='ltr'><strong>cursoris</strong></span> <span class='ocrx_word' id='word_1_457' title='bbox 1859 3153 2027 3210; x_wconf 89' lang='lat' dir='ltr'><strong>tonil</strong></span> 
     </span>
    </p>
   </div>
   <div class='ocr_carea' id='block_1_63' title="bbox 2144 3153 3784 3262">
    <p class='ocr_par' dir='ltr' id='par_1_63' title="bbox 2144 3154 3784 3234">
     <span class='ocr_line' id='line_1_64' title="bbox 2144 3154 3784 3234; baseline 0.001 -21"><span class='ocrx_word' id='word_1_458' title='bbox 2144 3160 2441 3233; x_wconf 85' lang='grc' dir='ltr'>Πρασίνων,</span> <span class='ocrx_word' id='word_1_459' title='bbox 2484 3158 2652 3234; x_wconf 66' lang='grc' dir='ltr'><strong>⁴ἤγουν</strong></span> <span class='ocrx_word' id='word_1_460' title='bbox 2676 3160 2704 3213; x_wconf 90' lang='lat'><strong>6</strong></span> <span class='ocrx_word' id='word_1_461' title='bbox 2737 3154 3087 3221; x_wconf 75' lang='grc' dir='ltr'>ἐκσκούϐιτος</span> <span class='ocrx_word' id='word_1_462' title='bbox 3121 3160 3255 3232; x_wconf 85' lang='grc' dir='ltr'>μετὰ</span> <span class='ocrx_word' id='word_1_463' title='bbox 3283 3159 3373 3215; x_wconf 82' lang='grc' dir='ltr'><strong>καὶ</strong></span> <span class='ocrx_word' id='word_1_464' title='bbox 3419 3163 3515 3214; x_wconf 83' lang='grc' dir='ltr'><strong>τοῦ</strong></span> <span class='ocrx_word' id='word_1_465' title='bbox 3563 3177 3784 3234; x_wconf 85' lang='grc' dir='ltr'>περατι-</span> 
     </span>
    </p>
   </div>
   <div class='ocr_carea' id='block_1_64' title="bbox 386 3245 2023 3316">
    <p class='ocr_par' dir='ltr' id='par_1_64' title="bbox 386 3245 2023 3316">
     <span class='ocr_line' id='line_1_65' title="bbox 386 3245 2023 3316; baseline -0.006 -7"><span class='ocrx_word' id='word_1_466' title='bbox 386 3255 528 3309; x_wconf 90' lang='lat' dir='ltr'><strong>dicit</strong></span> <span class='ocrx_word' id='word_1_467' title='bbox 561 3270 573 3309; x_wconf 91' lang='lat'>:</span> <span class='ocrx_word' id='word_1_468' title='bbox 606 3275 634 3301; x_wconf 87' lang='grc'>‹‹</span> <span class='ocrx_word' id='word_1_469' title='bbox 665 3252 774 3316; x_wconf 89' lang='lat' dir='ltr'><strong>Qui</strong></span> <span class='ocrx_word' id='word_1_470' title='bbox 813 3253 1097 3306; x_wconf 81' lang='lat' dir='ltr'><strong>aeternum</strong></span> <span class='ocrx_word' id='word_1_471' title='bbox 1151 3245 1325 3309; x_wconf 87' lang='lat' dir='ltr'><strong>Patri,</strong></span> <span class='ocrx_word' id='word_1_472' title='bbox 1361 3266 1389 3293; x_wconf 83' lang='lat'><strong>»</strong></span> <span class='ocrx_word' id='word_1_473' title='bbox 1439 3248 1548 3300; x_wconf 89' lang='lat' dir='ltr'><strong>etc.</strong></span> <span class='ocrx_word' id='word_1_474' title='bbox 1582 3245 1721 3301; x_wconf 82' lang='lat' dir='ltr'><strong>Acta</strong></span> <span class='ocrx_word' id='word_1_475' title='bbox 1751 3260 1882 3299; x_wconf 86' lang='lat' dir='ltr'><strong>vero</strong></span> <span class='ocrx_word' id='word_1_476' title='bbox 1932 3260 2023 3299; x_wconf 87' lang='lat' dir='ltr'><strong>ac-</strong></span> 
     </span>
    </p>
   </div>
   <div class='ocr_carea' id='block_1_65' title="bbox 386 3332 2028 3405">
    <p class='ocr_par' dir='ltr' id='par_1_65' title="bbox 386 3332 2028 3405">
     <span class='ocr_line' id='line_1_66' title="bbox 386 3332 2028 3405; baseline -0.007 -7"><span class='ocrx_word' id='word_1_477' title='bbox 386 3340 759 3399; x_wconf 82' lang='lat' dir='ltr'><strong>clamationis</strong></span> <span class='ocrx_word' id='word_1_478' title='bbox 790 3356 822 3394; x_wconf 76' lang='grc' dir='ltr'><strong>α</strong></span> <span class='ocrx_word' id='word_1_479' title='bbox 852 3336 1193 3393; x_wconf 89' lang='lat' dir='ltr'><strong>cantoribus</strong></span> <span class='ocrx_word' id='word_1_480' title='bbox 1224 3338 1279 3390; x_wconf 86' lang='lat' dir='ltr'><strong>et</strong></span> <span class='ocrx_word' id='word_1_481' title='bbox 1309 3333 1547 3405; x_wconf 88' lang='lat' dir='ltr'><strong>populo,</strong></span> <span class='ocrx_word' id='word_1_482' title='bbox 1598 3336 1660 3387; x_wconf 91' lang='lat' dir='ltr'><strong>ut</strong></span> <span class='ocrx_word' id='word_1_483' title='bbox 1685 3332 1745 3386; x_wconf 93' lang='lat' dir='ltr'><strong>in</strong></span> <span class='ocrx_word' id='word_1_484' title='bbox 1800 3332 2028 3388; x_wconf 80' lang='lat' dir='ltr'><strong>caeteris</strong></span> 
     </span>
    </p>
   </div>
   <div class='ocr_carea' id='block_1_66' title="bbox 388 3418 2029 3499">
    <p class='ocr_par' dir='ltr' id='par_1_66' title="bbox 388 3418 2029 3499">
     <span class='ocr_line' id='line_1_67' title="bbox 388 3418 2029 3499; baseline -0.007 -14"><span class='ocrx_word' id='word_1_485' title='bbox 388 3427 820 3499; x_wconf 85' lang='lat' dir='ltr'><strong>receptionibus</strong></span> <span class='ocrx_word' id='word_1_486' title='bbox 851 3441 980 3481; x_wconf 88' lang='lat' dir='ltr'><strong>mos</strong></span> <span class='ocrx_word' id='word_1_487' title='bbox 1038 3426 1145 3495; x_wconf 86' lang='lat' dir='ltr'><strong>est,</strong></span> <span class='ocrx_word' id='word_1_488' title='bbox 1178 3424 1464 3481; x_wconf 86' lang='lat' dir='ltr'><strong>cantatur.</strong></span> <span class='ocrx_word' id='word_1_489' title='bbox 1507 3418 1779 3491; x_wconf 80' lang='lat' dir='ltr'><strong>Receptio</strong></span> <span class='ocrx_word' id='word_1_490' title='bbox 1819 3426 2029 3490; x_wconf 90' lang='lat' dir='ltr'><strong>quarta</strong></span> 
     </span>
    </p>
   </div>
   <div class='ocr_carea' id='block_1_67' title="bbox 383 3509 2022 3587">
    <p class='ocr_par' dir='ltr' id='par_1_67' title="bbox 383 3509 2022 3587">
     <span class='ocr_line' id='line_1_68' title="bbox 383 3509 2022 3587; baseline -0.006 -16"><span class='ocrx_word' id='word_1_491' title='bbox 383 3519 450 3571; x_wconf 83' lang='lat' dir='ltr'><strong>ad</strong></span> <span class='ocrx_word' id='word_1_492' title='bbox 483 3514 974 3587; x_wconf 88' lang='lat' dir='ltr'><strong>Philadelphium.</strong></span> <span class='ocrx_word' id='word_1_493' title='bbox 999 3513 1125 3567; x_wconf 84' lang='lat' dir='ltr'><strong>Stat</strong></span> <span class='ocrx_word' id='word_1_494' title='bbox 1145 3511 1224 3565; x_wconf 85' lang='lat' dir='ltr'><strong>ibi</strong></span> <span class='ocrx_word' id='word_1_495' title='bbox 1249 3510 1518 3582; x_wconf 91' lang='lat' dir='ltr'><strong>princeps</strong></span> <span class='ocrx_word' id='word_1_496' title='bbox 1542 3509 1892 3564; x_wconf 87' lang='lat' dir='ltr'><strong>Venetorum</strong></span> <span class='ocrx_word' id='word_1_497' title='bbox 1926 3524 2022 3563; x_wconf 86' lang='lat' dir='ltr'><strong>seu</strong></span> 
     </span>
    </p>
   </div>
   <div class='ocr_carea' id='block_1_68' title="bbox 384 3597 2024 3670">
    <p class='ocr_par' dir='ltr' id='par_1_68' title="bbox 384 3597 2024 3670">
     <span class='ocr_line' id='line_1_69' title="bbox 384 3597 2024 3670; baseline -0.007 -8"><span class='ocrx_word' id='word_1_498' title='bbox 384 3606 739 3662; x_wconf 86' lang='lat' dir='ltr'><strong>domesticus</strong></span> <span class='ocrx_word' id='word_1_499' title='bbox 759 3602 1093 3660; x_wconf 87' lang='lat' dir='ltr'><strong>scholarum</strong></span> <span class='ocrx_word' id='word_1_500' title='bbox 1112 3617 1244 3656; x_wconf 91' lang='lat' dir='ltr'><strong>cum</strong></span> <span class='ocrx_word' id='word_1_501' title='bbox 1276 3599 1630 3657; x_wconf 88' lang='lat' dir='ltr'><strong>Venetorum</strong></span> <span class='ocrx_word' id='word_1_502' title='bbox 1657 3597 1891 3670; x_wconf 89' lang='lat' dir='ltr'><strong>populo.</strong></span> <span class='ocrx_word' id='word_1_503' title='bbox 1917 3599 2024 3651; x_wconf 86' lang='lat' dir='ltr'><strong>Ac-</strong></span> 
     </span>
    </p>
   </div>
   <div class='ocr_carea' id='block_1_69' title="bbox 383 3684 2023 3757">
    <p class='ocr_par' dir='ltr' id='par_1_69' title="bbox 383 3684 2023 3757">
     <span class='ocr_line' id='line_1_70' title="bbox 383 3684 2023 3757; baseline -0.008 -6"><span class='ocrx_word' id='word_1_504' title='bbox 383 3693 753 3751; x_wconf 88' lang='lat' dir='ltr'><strong>clamationis</strong></span> <span class='ocrx_word' id='word_1_505' title='bbox 795 3695 990 3747; x_wconf 85' lang='lat' dir='ltr'><strong>autem</strong></span> <span class='ocrx_word' id='word_1_506' title='bbox 1047 3693 1176 3745; x_wconf 87' lang='lat' dir='ltr'><strong>acta</strong></span> <span class='ocrx_word' id='word_1_507' title='bbox 1223 3706 1257 3744; x_wconf 87' lang='lat' dir='ltr'><strong>a</strong></span> <span class='ocrx_word' id='word_1_508' title='bbox 1313 3687 1651 3745; x_wconf 89' lang='lat' dir='ltr'><strong>cantoribus</strong></span> <span class='ocrx_word' id='word_1_509' title='bbox 1694 3690 1751 3743; x_wconf 86' lang='lat' dir='ltr'><strong>et</strong></span> <span class='ocrx_word' id='word_1_510' title='bbox 1788 3684 2023 3757; x_wconf 89' lang='lat' dir='ltr'><strong>populo,</strong></span> 
     </span>
    </p>
   </div>
   <div class='ocr_carea' id='block_1_70' title="bbox 384 3777 2021 3852">
    <p class='ocr_par' dir='ltr' id='par_1_70' title="bbox 384 3777 2021 3852">
     <span class='ocr_line' id='line_1_71' title="bbox 384 3777 2021 3852; baseline -0.005 -15"><span class='ocrx_word' id='word_1_511' title='bbox 384 3789 450 3837; x_wconf 92' lang='lat' dir='ltr'><strong>ut</strong></span> <span class='ocrx_word' id='word_1_512' title='bbox 501 3784 560 3838; x_wconf 90' lang='lat' dir='ltr'><strong>in</strong></span> <span class='ocrx_word' id='word_1_513' title='bbox 622 3784 844 3838; x_wconf 79' lang='lat' dir='ltr'><strong>caeteris</strong></span> <span class='ocrx_word' id='word_1_514' title='bbox 898 3778 1326 3852; x_wconf 79' lang='lat' dir='ltr'><strong>receptionibus</strong></span> <span class='ocrx_word' id='word_1_515' title='bbox 1393 3777 1637 3844; x_wconf 86' lang='lat' dir='ltr'><strong>obtinet,</strong></span> <span class='ocrx_word' id='word_1_516' title='bbox 1691 3780 2021 3831; x_wconf 85' lang='lat' dir='ltr'><strong>cantantur.</strong></span> 
     </span>
    </p>
   </div>
   <div class='ocr_carea' id='block_1_71' title="bbox 382 3866 2024 3939">
    <p class='ocr_par' dir='ltr' id='par_1_71' title="bbox 382 3866 2024 3939">
     <span class='ocr_line' id='line_1_72' title="bbox 382 3866 2024 3939; baseline -0.004 -13"><span class='ocrx_word' id='word_1_517' title='bbox 382 3872 595 3936; x_wconf 86' lang='lat' dir='ltr'><strong>Quinta</strong></span> <span class='ocrx_word' id='word_1_518' title='bbox 625 3874 695 3927; x_wconf 88' lang='lat' dir='ltr'><strong>ad</strong></span> <span class='ocrx_word' id='word_1_519' title='bbox 726 3876 1018 3939; x_wconf 86' lang='lat' dir='ltr'><strong>Taurum;</strong></span> <span class='ocrx_word' id='word_1_520' title='bbox 1073 3875 1185 3926; x_wconf 90' lang='lat' dir='ltr'><strong>stat</strong></span> <span class='ocrx_word' id='word_1_521' title='bbox 1223 3869 1303 3923; x_wconf 90' lang='lat' dir='ltr'><strong>ibi</strong></span> <span class='ocrx_word' id='word_1_522' title='bbox 1334 3869 1609 3924; x_wconf 87' lang='lat' dir='ltr'><strong>tribunus</strong></span> <span class='ocrx_word' id='word_1_523' title='bbox 1649 3866 2024 3923; x_wconf 89' lang='lat' dir='ltr'><strong>Prasinorum</strong></span> 
     </span>
    </p>
   </div>
   <div class='ocr_carea' id='block_1_72' title="bbox 389 3954 2029 4023">
    <p class='ocr_par' dir='ltr' id='par_1_72' title="bbox 389 3954 2029 4023">
     <span class='ocr_line' id='line_1_73' title="bbox 389 3954 2029 4023; baseline -0.004 -7"><span class='ocrx_word' id='word_1_524' title='bbox 389 3978 520 4016; x_wconf 88' lang='lat' dir='ltr'><strong>cum</strong></span> <span class='ocrx_word' id='word_1_525' title='bbox 573 3960 819 4016; x_wconf 75' lang='lat' dir='ltr'><strong>factione</strong></span> <span class='ocrx_word' id='word_1_526' title='bbox 869 3972 1072 4023; x_wconf 88' lang='lat' dir='ltr'><strong>russa;</strong></span> <span class='ocrx_word' id='word_1_527' title='bbox 1128 3961 1255 4011; x_wconf 89' lang='lat' dir='ltr'><strong>acta</strong></span> <span class='ocrx_word' id='word_1_528' title='bbox 1311 3971 1444 4012; x_wconf 89' lang='lat' dir='ltr'><strong>vero</strong></span> <span class='ocrx_word' id='word_1_529' title='bbox 1503 3954 1941 4011; x_wconf 85' lang='lat' dir='ltr'><strong>acclamationis</strong></span> <span class='ocrx_word' id='word_1_530' title='bbox 1994 3972 2029 4009; x_wconf 89' lang='lat' dir='ltr'><strong>a</strong></span> 
     </span>
    </p>
   </div>
   <div class='ocr_carea' id='block_1_73' title="bbox 389 4044 2027 4118">
    <p class='ocr_par' dir='ltr' id='par_1_73' title="bbox 389 4044 2027 4118">
     <span class='ocr_line' id='line_1_74' title="bbox 389 4044 2027 4118; baseline -0.003 -14"><span class='ocrx_word' id='word_1_531' title='bbox 389 4049 729 4105; x_wconf 87' lang='lat' dir='ltr'><strong>cantoribus</strong></span> <span class='ocrx_word' id='word_1_532' title='bbox 769 4054 827 4103; x_wconf 90' lang='lat' dir='ltr'><strong>et</strong></span> <span class='ocrx_word' id='word_1_533' title='bbox 875 4046 1086 4118; x_wconf 91' lang='lat' dir='ltr'><strong>populo</strong></span> <span class='ocrx_word' id='word_1_534' title='bbox 1136 4052 1191 4100; x_wconf 88' lang='lat' dir='ltr'><strong>ut</strong></span> <span class='ocrx_word' id='word_1_535' title='bbox 1241 4045 1301 4099; x_wconf 90' lang='lat' dir='ltr'><strong>in</strong></span> <span class='ocrx_word' id='word_1_536' title='bbox 1331 4045 1552 4100; x_wconf 76' lang='lat' dir='ltr'><strong>caeteris</strong></span> <span class='ocrx_word' id='word_1_537' title='bbox 1601 4044 2027 4115; x_wconf 89' lang='lat' dir='ltr'><strong>receptionibus</strong></span> 
     </span>
    </p>
   </div>
   <div class='ocr_carea' id='block_1_74' title="bbox 382 4132 2026 4203">
    <p class='ocr_par' dir='ltr' id='par_1_74' title="bbox 382 4132 2026 4203">
     <span class='ocr_line' id='line_1_75' title="bbox 382 4132 2026 4203; baseline -0.004 -9"><span class='ocrx_word' id='word_1_538' title='bbox 382 4140 720 4193; x_wconf 89' lang='lat' dir='ltr'><strong>recitantur.</strong></span> <span class='ocrx_word' id='word_1_539' title='bbox 754 4137 929 4193; x_wconf 83' lang='lat' dir='ltr'><strong>Sexta</strong></span> <span class='ocrx_word' id='word_1_540' title='bbox 959 4136 1028 4191; x_wconf 87' lang='lat' dir='ltr'><strong>ad</strong></span> <span class='ocrx_word' id='word_1_541' title='bbox 1080 4134 1356 4189; x_wconf 85' lang='lat' dir='ltr'><strong>fornicem</strong></span> <span class='ocrx_word' id='word_1_542' title='bbox 1389 4132 1676 4203; x_wconf 89' lang='lat' dir='ltr'><strong>pistorum</strong></span> <span class='ocrx_word' id='word_1_543' title='bbox 1707 4150 1719 4187; x_wconf 91' lang='lat'><strong>:</strong></span> <span class='ocrx_word' id='word_1_544' title='bbox 1762 4148 2026 4188; x_wconf 85' lang='lat' dir='ltr'><strong>reversus</strong></span> 
     </span>
    </p>
   </div>
   <div class='ocr_carea' id='block_1_75' title="bbox 387 4219 2025 4291">
    <p class='ocr_par' dir='ltr' id='par_1_75' title="bbox 387 4219 2025 4291">
     <span class='ocr_line' id='line_1_76' title="bbox 387 4219 2025 4291; baseline -0.003 -9"><span class='ocrx_word' id='word_1_545' title='bbox 387 4226 539 4282; x_wconf 87' lang='lat' dir='ltr'><strong>idem</strong></span> <span class='ocrx_word' id='word_1_546' title='bbox 576 4226 855 4282; x_wconf 85' lang='lat' dir='ltr'><strong>tribunus</strong></span> <span class='ocrx_word' id='word_1_547' title='bbox 895 4240 1028 4280; x_wconf 89' lang='lat' dir='ltr'><strong>cum</strong></span> <span class='ocrx_word' id='word_1_548' title='bbox 1089 4222 1298 4289; x_wconf 89' lang='lat' dir='ltr'><strong>russis,</strong></span> <span class='ocrx_word' id='word_1_549' title='bbox 1353 4219 1620 4276; x_wconf 89' lang='lat' dir='ltr'><strong>dominos</strong></span> <span class='ocrx_word' id='word_1_550' title='bbox 1675 4220 1757 4275; x_wconf 91' lang='lat' dir='ltr'><strong>ibi</strong></span> <span class='ocrx_word' id='word_1_551' title='bbox 1789 4221 2025 4291; x_wconf 86' lang='lat' dir='ltr'><strong>excipit.</strong></span> 
     </span>
    </p>
   </div>
   <div class='ocr_carea' id='block_1_76' title="bbox 385 4307 2024 4382">
    <p class='ocr_par' dir='ltr' id='par_1_76' title="bbox 385 4307 2024 4382">
     <span class='ocr_line' id='line_1_77' title="bbox 385 4307 2024 4382; baseline -0.004 -11"><span class='ocrx_word' id='word_1_552' title='bbox 385 4313 839 4371; x_wconf 82' lang='lat' dir='ltr'><strong>Acclamationis</strong></span> <span class='ocrx_word' id='word_1_553' title='bbox 880 4316 1075 4367; x_wconf 90' lang='lat' dir='ltr'><strong>autem</strong></span> <span class='ocrx_word' id='word_1_554' title='bbox 1107 4316 1234 4367; x_wconf 87' lang='lat' dir='ltr'><strong>acta</strong></span> <span class='ocrx_word' id='word_1_555' title='bbox 1275 4326 1307 4364; x_wconf 90' lang='lat' dir='ltr'><strong>a</strong></span> <span class='ocrx_word' id='word_1_556' title='bbox 1342 4307 1797 4380; x_wconf 68' lang='lat' dir='ltr'><strong>praeceptoribus</strong></span> <span class='ocrx_word' id='word_1_557' title='bbox 1845 4317 1898 4365; x_wconf 89' lang='lat' dir='ltr'><strong>et</strong></span> <span class='ocrx_word' id='word_1_558' title='bbox 1929 4326 2024 4382; x_wconf 88' lang='lat' dir='ltr'><strong>po-</strong></span> 
     </span>
    </p>
   </div>
   <div class='ocr_carea' id='block_1_77' title="bbox 382 4398 2026 4475">
    <p class='ocr_par' dir='ltr' id='par_1_77' title="bbox 382 4398 2026 4475">
     <span class='ocr_line' id='line_1_78' title="bbox 382 4398 2026 4475; baseline 0 -18"><span class='ocrx_word' id='word_1_559' title='bbox 382 4403 519 4475; x_wconf 92' lang='lat' dir='ltr'><strong>pulo</strong></span> <span class='ocrx_word' id='word_1_560' title='bbox 554 4404 706 4458; x_wconf 88' lang='lat' dir='ltr'><strong>utin</strong></span> <span class='ocrx_word' id='word_1_561' title='bbox 765 4401 986 4459; x_wconf 81' lang='lat' dir='ltr'><strong>caeteris</strong></span> <span class='ocrx_word' id='word_1_562' title='bbox 1039 4398 1467 4472; x_wconf 88' lang='lat' dir='ltr'><strong>receptionibus</strong></span> <span class='ocrx_word' id='word_1_563' title='bbox 1514 4402 1847 4457; x_wconf 87' lang='lat' dir='ltr'><strong>cantantur.</strong></span> <span class='ocrx_word' id='word_1_564' title='bbox 1893 4405 2026 4473; x_wconf 54' lang='lat' dir='ltr'><strong>Sepv</strong></span> 
     </span>
    </p>
   </div>
   <div class='ocr_carea' id='block_1_78' title="bbox 380 4491 2020 4564">
    <p class='ocr_par' dir='ltr' id='par_1_78' title="bbox 380 4491 2020 4564">
     <span class='ocr_line' id='line_1_79' title="bbox 380 4491 2020 4564; baseline -0.001 -15"><span class='ocrx_word' id='word_1_565' title='bbox 380 4495 525 4550; x_wconf 88' lang='lat' dir='ltr'><strong>timo</strong></span> <span class='ocrx_word' id='word_1_566' title='bbox 563 4494 621 4548; x_wconf 90' lang='lat' dir='ltr'><strong>in</strong></span> <span class='ocrx_word' id='word_1_567' title='bbox 669 4493 831 4563; x_wconf 83' lang='lat' dir='ltr'><strong>toro;</strong></span> <span class='ocrx_word' id='word_1_568' title='bbox 883 4497 1001 4549; x_wconf 89' lang='lat' dir='ltr'><strong>stat</strong></span> <span class='ocrx_word' id='word_1_569' title='bbox 1040 4491 1120 4548; x_wconf 92' lang='lat' dir='ltr'><strong>ibi</strong></span> <span class='ocrx_word' id='word_1_570' title='bbox 1178 4492 1447 4564; x_wconf 90' lang='lat' dir='ltr'><strong>princeps</strong></span> <span class='ocrx_word' id='word_1_571' title='bbox 1512 4491 1887 4549; x_wconf 88' lang='lat' dir='ltr'><strong>Prasinorum</strong></span> <span class='ocrx_word' id='word_1_572' title='bbox 1921 4508 2020 4548; x_wconf 91' lang='lat' dir='ltr'><strong>seu</strong></span> 
     </span>
    </p>
   </div>
   <div class='ocr_carea' id='block_1_79' title="bbox 2137 3246 3780 3323">
    <p class='ocr_par' dir='ltr' id='par_1_79' title="bbox 2137 3246 3780 3323">
     <span class='ocr_line' id='line_1_80' title="bbox 2137 3246 3780 3323; baseline 0.001 -20"><span class='ocrx_word' id='word_1_573' title='bbox 2137 3252 2235 3303; x_wconf 86' lang='grc' dir='ltr'><strong>κοῦ</strong></span> <span class='ocrx_word' id='word_1_574' title='bbox 2266 3246 2448 3321; x_wconf 80' lang='grc' dir='ltr'>δήμου</span> <span class='ocrx_word' id='word_1_575' title='bbox 2476 3252 2584 3303; x_wconf 82' lang='grc' dir='ltr'><strong>τῶν</strong></span> <span class='ocrx_word' id='word_1_576' title='bbox 2630 3249 2933 3323; x_wconf 86' lang='grc' dir='ltr'>Πρασίνων,</span> <span class='ocrx_word' id='word_1_577' title='bbox 2981 3249 3072 3303; x_wconf 82' lang='grc' dir='ltr'><strong>καὶ</strong></span> <span class='ocrx_word' id='word_1_578' title='bbox 3120 3246 3265 3322; x_wconf 70' lang='grc' dir='ltr'>λέγει</span> <span class='ocrx_word' id='word_1_579' title='bbox 3316 3246 3553 3323; x_wconf 87' lang='grc' dir='ltr'>δρομικά</span> <span class='ocrx_word' id='word_1_580' title='bbox 3580 3248 3681 3322; x_wconf 77' lang='grc' dir='ltr'><strong>ἦχ.</strong></span> <span class='ocrx_word' id='word_1_581' title='bbox 3716 3250 3780 3303; x_wconf 89' lang='grc' dir='ltr'><strong>α’·</strong></span> 
     </span>
    </p>
   </div>
   <div class='ocr_carea' id='block_1_80' title="bbox 2140 3334 3781 3412">
    <p class='ocr_par' dir='ltr' id='par_1_80' title="bbox 2140 3334 3781 3412">
     <span class='ocr_line' id='line_1_81' title="bbox 2140 3334 3781 3412; baseline 0.001 -23"><span class='ocrx_word' id='word_1_582' title='bbox 2140 3360 2166 3389; x_wconf 79' lang='grc' dir='ltr'>ι(</span> <span class='ocrx_word' id='word_1_583' title='bbox 2197 3337 2261 3393; x_wconf 86' lang='grc' dir='ltr'>Ὁ</span> <span class='ocrx_word' id='word_1_584' title='bbox 2292 3336 2546 3412; x_wconf 87' lang='grc' dir='ltr'>ἀχρόνως</span> <span class='ocrx_word' id='word_1_585' title='bbox 2596 3341 2673 3409; x_wconf 79' lang='grc' dir='ltr'>τῷ</span> <span class='ocrx_word' id='word_1_586' title='bbox 2722 3336 2891 3410; x_wconf 83' lang='grc' dir='ltr'>Πατρὶ</span> <span class='ocrx_word' id='word_1_587' title='bbox 2923 3360 2953 3389; x_wconf 88' lang='grc'><strong>››</strong></span> <span class='ocrx_word' id='word_1_588' title='bbox 3003 3337 3094 3391; x_wconf 81' lang='grc' dir='ltr'><strong>καὶ</strong></span> <span class='ocrx_word' id='word_1_589' title='bbox 3142 3338 3208 3391; x_wconf 85' lang='grc' dir='ltr'>τὰ</span> <span class='ocrx_word' id='word_1_590' title='bbox 3256 3337 3399 3407; x_wconf 70' lang='grc' dir='ltr'>ἑξῆς.</span> <span class='ocrx_word' id='word_1_591' title='bbox 3450 3338 3531 3393; x_wconf 81' lang='grc' dir='ltr'>Τὰ</span> <span class='ocrx_word' id='word_1_592' title='bbox 3579 3334 3634 3391; x_wconf 77' lang='grc' dir='ltr'>δὲ</span> <span class='ocrx_word' id='word_1_593' title='bbox 3680 3343 3781 3405; x_wconf 78' lang='grc' dir='ltr'><strong>τῆς</strong></span> 
     </span>
    </p>
   </div>
   <div class='ocr_carea' id='block_1_81' title="bbox 2139 3423 3781 3503">
    <p class='ocr_par' dir='ltr' id='par_1_81' title="bbox 2139 3423 3781 3503">
     <span class='ocr_line' id='line_1_82' title="bbox 2139 3423 3781 3503; baseline 0 -25"><span class='ocrx_word' id='word_1_594' title='bbox 2139 3423 2412 3503; x_wconf 75' lang='grc' dir='ltr'>εὐφημίας</span> <span class='ocrx_word' id='word_1_595' title='bbox 2464 3423 2599 3480; x_wconf 78' lang='grc' dir='ltr'>ἀκτα</span> <span class='ocrx_word' id='word_1_596' title='bbox 2657 3423 2872 3496; x_wconf 82' lang='grc' dir='ltr'>’ᾲδονται</span> <span class='ocrx_word' id='word_1_597' title='bbox 2930 3425 3075 3499; x_wconf 85' lang='grc' dir='ltr'>παρά</span> <span class='ocrx_word' id='word_1_598' title='bbox 3112 3444 3169 3480; x_wconf 89' lang='grc' dir='ltr'><strong>τε</strong></span> <span class='ocrx_word' id='word_1_599' title='bbox 3223 3429 3331 3478; x_wconf 83' lang='grc' dir='ltr'>τῶν</span> <span class='ocrx_word' id='word_1_600' title='bbox 3390 3429 3637 3499; x_wconf 80' lang='grc' dir='ltr'>κρακτῶν</span> <span class='ocrx_word' id='word_1_601' title='bbox 3688 3423 3781 3478; x_wconf 74' lang='grc' dir='ltr'><strong>ναὶ</strong></span> 
     </span>
    </p>
   </div>
   <div class='ocr_carea' id='block_1_82' title="bbox 2138 3511 3783 3592">
    <p class='ocr_par' dir='ltr' id='par_1_82' title="bbox 2138 3511 3783 3592">
     <span class='ocr_line' id='line_1_83' title="bbox 2138 3511 3783 3592; baseline -0.001 -23"><span class='ocrx_word' id='word_1_602' title='bbox 2138 3514 2233 3569; x_wconf 81' lang='grc' dir='ltr'><strong>τοῦ</strong></span> <span class='ocrx_word' id='word_1_603' title='bbox 2268 3514 2425 3584; x_wconf 89' lang='grc' dir='ltr'>λαοῦ,</span> <span class='ocrx_word' id='word_1_604' title='bbox 2459 3514 2642 3577; x_wconf 85' lang='grc' dir='ltr'>καθὼς</span> <span class='ocrx_word' id='word_1_605' title='bbox 2674 3515 2765 3568; x_wconf 84' lang='grc' dir='ltr'><strong>καὶ</strong></span> <span class='ocrx_word' id='word_1_606' title='bbox 2796 3512 2851 3569; x_wconf 81' lang='grc' dir='ltr'>ἒν</span> <span class='ocrx_word' id='word_1_607' title='bbox 2879 3519 3000 3576; x_wconf 86' lang='grc' dir='ltr'>ταῖς</span> <span class='ocrx_word' id='word_1_608' title='bbox 3030 3513 3251 3576; x_wconf 89' lang='grc' dir='ltr'>λοιπαῖς</span> <span class='ocrx_word' id='word_1_609' title='bbox 3286 3511 3501 3590; x_wconf 82' lang='grc' dir='ltr'>δοχαῖς.</span> <span class='ocrx_word' id='word_1_610' title='bbox 3554 3516 3705 3592; x_wconf 88' lang='grc' dir='ltr'>Δοχή</span> <span class='ocrx_word' id='word_1_611' title='bbox 3740 3513 3783 3567; x_wconf 76' lang='grc' dir='ltr'>δ’</span> 
     </span>
    </p>
   </div>
   <div class='ocr_carea' id='block_1_83' title="bbox 2139 3600 3782 3680">
    <p class='ocr_par' dir='ltr' id='par_1_83' title="bbox 2139 3600 3782 3680">
     <span class='ocr_line' id='line_1_84' title="bbox 2139 3600 3782 3680; baseline -0.001 -21"><span class='ocrx_word' id='word_1_612' title='bbox 2139 3602 2214 3663; x_wconf 84' lang='grc' dir='ltr'><strong>εἰς</strong></span> <span class='ocrx_word' id='word_1_613' title='bbox 2271 3604 2333 3658; x_wconf 87' lang='grc' dir='ltr'>τὸ</span> <span class='ocrx_word' id='word_1_614' title='bbox 2383 3600 2774 3680; x_wconf 75' lang='grc' dir='ltr'>Φιλαδέλφιον.</span> <span class='ocrx_word' id='word_1_615' title='bbox 2821 3601 3045 3677; x_wconf 65' lang='grc' dir='ltr'>Δέχεται</span> <span class='ocrx_word' id='word_1_616' title='bbox 3092 3602 3307 3658; x_wconf 86' lang='grc' dir='ltr'>κάκεῖσε</span> <span class='ocrx_word' id='word_1_617' title='bbox 3350 3604 3377 3658; x_wconf 92' lang='grc' dir='ltr'><strong>ὁ</strong></span> <span class='ocrx_word' id='word_1_618' title='bbox 3427 3600 3782 3677; x_wconf 84' lang='grc' dir='ltr'>δημοκράτης</span> 
     </span>
    </p>
   </div>
   <div class='ocr_carea' id='block_1_84' title="bbox 2137 3688 3790 3767">
    <p class='ocr_par' dir='ltr' id='par_1_84' title="bbox 2137 3688 3790 3767">
     <span class='ocr_line' id='line_1_85' title="bbox 2137 3688 3790 3767; baseline 0 -21"><span class='ocrx_word' id='word_1_619' title='bbox 2137 3695 2248 3747; x_wconf 77' lang='grc' dir='ltr'><strong>τῶν</strong></span> <span class='ocrx_word' id='word_1_620' title='bbox 2280 3692 2540 3761; x_wconf 73' lang='grc' dir='ltr'>Βενὲτων,</span> <span class='ocrx_word' id='word_1_621' title='bbox 2572 3690 2738 3766; x_wconf 61' lang='grc' dir='ltr'><strong>¹ίῆγοτν</strong></span> <span class='ocrx_word' id='word_1_622' title='bbox 2766 3691 2789 3727; x_wconf 82' lang='grc'>⁴</span> <span class='ocrx_word' id='word_1_623' title='bbox 2819 3691 2848 3745; x_wconf 90' lang='lat'><strong>6</strong></span> <span class='ocrx_word' id='word_1_624' title='bbox 2880 3688 3201 3764; x_wconf 78' lang='grc' dir='ltr'>δομὲστικος</span> <span class='ocrx_word' id='word_1_625' title='bbox 3231 3696 3339 3747; x_wconf 78' lang='grc' dir='ltr'><strong>τῶν</strong></span> <span class='ocrx_word' id='word_1_626' title='bbox 3370 3689 3615 3767; x_wconf 82' lang='grc' dir='ltr'>σχολῶν,</span> <span class='ocrx_word' id='word_1_627' title='bbox 3651 3691 3790 3764; x_wconf 86' lang='grc' dir='ltr'><strong>μετά</strong></span> 
     </span>
    </p>
   </div>
   <div class='ocr_carea' id='block_1_85' title="bbox 2138 3777 3785 3855">
    <p class='ocr_par' dir='ltr' id='par_1_85' title="bbox 2138 3777 3785 3855">
     <span class='ocr_line' id='line_1_86' title="bbox 2138 3777 3785 3855; baseline -0.001 -20"><span class='ocrx_word' id='word_1_628' title='bbox 2138 3781 2230 3835; x_wconf 74' lang='grc' dir='ltr'>καὶ</span> <span class='ocrx_word' id='word_1_629' title='bbox 2280 3785 2377 3835; x_wconf 87' lang='grc' dir='ltr'><strong>τοῦ</strong></span> <span class='ocrx_word' id='word_1_630' title='bbox 2424 3783 2718 3855; x_wconf 87' lang='grc' dir='ltr'>περατικοῦ</span> <span class='ocrx_word' id='word_1_631' title='bbox 2768 3777 2953 3853; x_wconf 75' lang='grc' dir='ltr'>δήμου</span> <span class='ocrx_word' id='word_1_632' title='bbox 3000 3784 3109 3835; x_wconf 84' lang='grc' dir='ltr'>τῶν</span> <span class='ocrx_word' id='word_1_633' title='bbox 3152 3780 3413 3836; x_wconf 81' lang='grc' dir='ltr'>Βενέτων.</span> <span class='ocrx_word' id='word_1_634' title='bbox 3462 3780 3535 3834; x_wconf 84' lang='grc' dir='ltr'><strong>Τὰ</strong></span> <span class='ocrx_word' id='word_1_635' title='bbox 3586 3777 3643 3835; x_wconf 68' lang='grc' dir='ltr'>δὲ</span> <span class='ocrx_word' id='word_1_636' title='bbox 3682 3786 3785 3849; x_wconf 82' lang='grc' dir='ltr'><strong>τῆς</strong></span> 
     </span>
    </p>
   </div>
   <div class='ocr_carea' id='block_1_86' title="bbox 2139 3867 3786 3950">
    <p class='ocr_par' dir='ltr' id='par_1_86' title="bbox 2139 3867 3786 3950">
     <span class='ocr_line' id='line_1_87' title="bbox 2139 3867 3786 3950; baseline -0.002 -24"><span class='ocrx_word' id='word_1_637' title='bbox 2139 3869 2413 3950; x_wconf 77' lang='grc' dir='ltr'>εὐφημίας</span> <span class='ocrx_word' id='word_1_638' title='bbox 2464 3869 2599 3928; x_wconf 80' lang='grc' dir='ltr'>ἄκτα</span> <span class='ocrx_word' id='word_1_639' title='bbox 2646 3867 2865 3942; x_wconf 76' lang='grc' dir='ltr'>ᾅδονται</span> <span class='ocrx_word' id='word_1_640' title='bbox 2923 3871 3067 3945; x_wconf 86' lang='grc' dir='ltr'>παρά</span> <span class='ocrx_word' id='word_1_641' title='bbox 3113 3890 3171 3924; x_wconf 87' lang='grc' dir='ltr'><strong>τε</strong></span> <span class='ocrx_word' id='word_1_642' title='bbox 3226 3874 3331 3925; x_wconf 80' lang='grc' dir='ltr'><strong>τῶν</strong></span> <span class='ocrx_word' id='word_1_643' title='bbox 3389 3872 3635 3945; x_wconf 81' lang='grc' dir='ltr'>κρακτῶν</span> <span class='ocrx_word' id='word_1_644' title='bbox 3696 3867 3786 3922; x_wconf 85' lang='grc' dir='ltr'><strong>καὶ</strong></span> 
     </span>
    </p>
   </div>
   <div class='ocr_carea' id='block_1_87' title="bbox 2136 3955 3779 4035">
    <p class='ocr_par' dir='ltr' id='par_1_87' title="bbox 2136 3955 3779 4035">
     <span class='ocr_line' id='line_1_88' title="bbox 2136 3955 3779 4035; baseline -0.002 -20"><span class='ocrx_word' id='word_1_645' title='bbox 2136 3965 2238 4015; x_wconf 87' lang='grc' dir='ltr'><strong>τοῦ</strong></span> <span class='ocrx_word' id='word_1_646' title='bbox 2271 3958 2431 4028; x_wconf 89' lang='grc' dir='ltr'>λαοῦ,</span> <span class='ocrx_word' id='word_1_647' title='bbox 2460 3961 2640 4021; x_wconf 84' lang='grc' dir='ltr'>καθὼς</span> <span class='ocrx_word' id='word_1_648' title='bbox 2673 3961 2762 4014; x_wconf 78' lang='grc' dir='ltr'>καὶ</span> <span class='ocrx_word' id='word_1_649' title='bbox 2793 3959 2846 4015; x_wconf 67' lang='grc' dir='ltr'>ἂν</span> <span class='ocrx_word' id='word_1_650' title='bbox 2876 3964 2995 4022; x_wconf 90' lang='grc' dir='ltr'>ταῖς</span> <span class='ocrx_word' id='word_1_651' title='bbox 3026 3958 3247 4022; x_wconf 86' lang='grc' dir='ltr'>λοιπαῖς</span> <span class='ocrx_word' id='word_1_652' title='bbox 3287 3957 3504 4033; x_wconf 85' lang='grc' dir='ltr'>δοχαῖς.</span> <span class='ocrx_word' id='word_1_653' title='bbox 3557 3957 3711 4035; x_wconf 85' lang='grc' dir='ltr'>Δοχὴ</span> <span class='ocrx_word' id='word_1_654' title='bbox 3743 3955 3779 4013; x_wconf 89' lang='grc' dir='ltr'>ε’</span> 
     </span>
    </p>
   </div>
   <div class='ocr_carea' id='block_1_88' title="bbox 2137 4045 3783 4124">
    <p class='ocr_par' dir='ltr' id='par_1_88' title="bbox 2137 4045 3783 4124">
     <span class='ocr_line' id='line_1_89' title="bbox 2137 4045 3783 4124; baseline -0.001 -21"><span class='ocrx_word' id='word_1_655' title='bbox 2137 4047 2213 4110; x_wconf 80' lang='grc' dir='ltr'><strong>είς</strong></span> <span class='ocrx_word' id='word_1_656' title='bbox 2244 4049 2337 4104; x_wconf 89' lang='grc' dir='ltr'><strong>τὸν</strong></span> <span class='ocrx_word' id='word_1_657' title='bbox 2367 4051 2601 4124; x_wconf 85' lang='grc' dir='ltr'>Ταῦρον.</span> <span class='ocrx_word' id='word_1_658' title='bbox 2637 4047 2873 4123; x_wconf 71' lang='grc' dir='ltr'>Δέχεται</span> <span class='ocrx_word' id='word_1_659' title='bbox 2904 4048 3073 4103; x_wconf 82' lang='grc' dir='ltr'>ἐκεῖσε</span> <span class='ocrx_word' id='word_1_660' title='bbox 3103 4049 3130 4103; x_wconf 98' lang='lat'><strong>6</strong></span> <span class='ocrx_word' id='word_1_661' title='bbox 3164 4045 3453 4122; x_wconf 74' lang='grc' dir='ltr'>δήμαρχος</span> <span class='ocrx_word' id='word_1_662' title='bbox 3483 4052 3590 4101; x_wconf 77' lang='grc' dir='ltr'>τῶν</span> <span class='ocrx_word' id='word_1_663' title='bbox 3636 4052 3783 4120; x_wconf 86' lang='grc' dir='ltr'>Πρα-</span> 
     </span>
    </p>
   </div>
   <div class='ocr_carea' id='block_1_89' title="bbox 2137 4131 3785 4212">
    <p class='ocr_par' dir='ltr' id='par_1_89' title="bbox 2137 4131 3785 4212">
     <span class='ocr_line' id='line_1_90' title="bbox 2137 4131 3785 4212; baseline -0.001 -24"><span class='ocrx_word' id='word_1_664' title='bbox 2137 4136 2301 4189; x_wconf 89' lang='grc' dir='ltr'>σίνων</span> <span class='ocrx_word' id='word_1_665' title='bbox 2337 4136 2471 4209; x_wconf 86' lang='grc' dir='ltr'>μετὰ</span> <span class='ocrx_word' id='word_1_666' title='bbox 2509 4134 2604 4189; x_wconf 79' lang='grc' dir='ltr'><strong>τοῦ</strong></span> <span class='ocrx_word' id='word_1_667' title='bbox 2637 4131 2823 4208; x_wconf 76' lang='grc' dir='ltr'>δήμου</span> <span class='ocrx_word' id='word_1_668' title='bbox 2862 4139 2960 4190; x_wconf 88' lang='grc' dir='ltr'><strong>τοῦ</strong></span> <span class='ocrx_word' id='word_1_669' title='bbox 2993 4135 3235 4209; x_wconf 83' lang='grc' dir='ltr'>ῥουσίου.</span> <span class='ocrx_word' id='word_1_670' title='bbox 3269 4135 3353 4192; x_wconf 75' lang='grc' dir='ltr'>Τὰ</span> <span class='ocrx_word' id='word_1_671' title='bbox 3382 4133 3441 4188; x_wconf 73' lang='grc' dir='ltr'>δὲ</span> <span class='ocrx_word' id='word_1_672' title='bbox 3478 4140 3576 4203; x_wconf 85' lang='grc' dir='ltr'><strong>τῆς</strong></span> <span class='ocrx_word' id='word_1_673' title='bbox 3621 4132 3785 4212; x_wconf 77' lang='grc' dir='ltr'>εὐφη-</span> 
     </span>
    </p>
   </div>
   <div class='ocr_carea' id='block_1_90' title="bbox 2139 4221 3781 4300">
    <p class='ocr_par' dir='ltr' id='par_1_90' title="bbox 2139 4221 3781 4300">
     <span class='ocr_line' id='line_1_91' title="bbox 2139 4221 3781 4300; baseline -0.001 -23"><span class='ocrx_word' id='word_1_674' title='bbox 2139 4225 2265 4296; x_wconf 86' lang='grc' dir='ltr'>μίας</span> <span class='ocrx_word' id='word_1_675' title='bbox 2314 4221 2449 4278; x_wconf 79' lang='grc' dir='ltr'>ἂκτα</span> <span class='ocrx_word' id='word_1_676' title='bbox 2496 4221 2713 4294; x_wconf 80' lang='grc' dir='ltr'>ᾅδονται</span> <span class='ocrx_word' id='word_1_677' title='bbox 2765 4225 2911 4299; x_wconf 89' lang='grc' dir='ltr'>παρά</span> <span class='ocrx_word' id='word_1_678' title='bbox 2965 4243 3023 4279; x_wconf 88' lang='grc' dir='ltr'><strong>τε</strong></span> <span class='ocrx_word' id='word_1_679' title='bbox 3077 4229 3184 4279; x_wconf 79' lang='grc' dir='ltr'><strong>τῶν</strong></span> <span class='ocrx_word' id='word_1_680' title='bbox 3238 4226 3484 4300; x_wconf 82' lang='grc' dir='ltr'>κρακτῶν</span> <span class='ocrx_word' id='word_1_681' title='bbox 3538 4221 3627 4278; x_wconf 80' lang='grc' dir='ltr'><strong>καὶ</strong></span> <span class='ocrx_word' id='word_1_682' title='bbox 3685 4224 3781 4276; x_wconf 84' lang='grc' dir='ltr'><strong>τοῦ</strong></span> 
     </span>
    </p>
   </div>
   <div class='ocr_carea' id='block_1_91' title="bbox 2137 4309 3779 4388">
    <p class='ocr_par' dir='ltr' id='par_1_91' title="bbox 2137 4309 3779 4388">
     <span class='ocr_line' id='line_1_92' title="bbox 2137 4309 3779 4388; baseline -0.002 -20"><span class='ocrx_word' id='word_1_683' title='bbox 2137 4313 2164 4368; x_wconf 88' lang='lat'><strong>6</strong></span> <span class='ocrx_word' id='word_1_684' title='bbox 2196 4312 2353 4382; x_wconf 82' lang='grc' dir='ltr'>λαοῦ,</span> <span class='ocrx_word' id='word_1_685' title='bbox 2394 4311 2574 4377; x_wconf 81' lang='grc' dir='ltr'>καθὼς</span> <span class='ocrx_word' id='word_1_686' title='bbox 2602 4313 2690 4367; x_wconf 79' lang='grc' dir='ltr'><strong>καὶ</strong></span> <span class='ocrx_word' id='word_1_687' title='bbox 2722 4311 2776 4367; x_wconf 84' lang='grc' dir='ltr'>ἐν</span> <span class='ocrx_word' id='word_1_688' title='bbox 2805 4317 2925 4377; x_wconf 88' lang='grc' dir='ltr'>ταῖς</span> <span class='ocrx_word' id='word_1_689' title='bbox 2954 4310 3178 4379; x_wconf 88' lang='grc' dir='ltr'>λοιπαῖς</span> <span class='ocrx_word' id='word_1_690' title='bbox 3207 4310 3424 4379; x_wconf 80' lang='grc' dir='ltr'>δογαῖς.</span> <span class='ocrx_word' id='word_1_691' title='bbox 3459 4312 3621 4388; x_wconf 86' lang='grc' dir='ltr'>Δοχή</span> <span class='ocrx_word' id='word_1_692' title='bbox 3657 4310 3697 4380; x_wconf 71' lang='grc' dir='ltr'><strong>ζ’</strong></span> <span class='ocrx_word' id='word_1_693' title='bbox 3726 4309 3779 4365; x_wconf 82' lang='grc' dir='ltr'>ἐν</span> 
     </span>
    </p>
   </div>
   <div class='ocr_carea' id='block_1_92' title="bbox 2137 4399 3784 4478">
    <p class='ocr_par' dir='ltr' id='par_1_92' title="bbox 2137 4399 3784 4478">
     <span class='ocr_line' id='line_1_93' title="bbox 2137 4399 3784 4478; baseline 0.002 -22"><span class='ocrx_word' id='word_1_694' title='bbox 2137 4406 2216 4474; x_wconf 82' lang='grc' dir='ltr'>τῷ</span> <span class='ocrx_word' id='word_1_695' title='bbox 2247 4405 2524 4478; x_wconf 77' lang='grc' dir='ltr'>φουρνικῷ</span> <span class='ocrx_word' id='word_1_696' title='bbox 2556 4405 2665 4457; x_wconf 82' lang='grc' dir='ltr'><strong>τῶν</strong></span> <span class='ocrx_word' id='word_1_697' title='bbox 2696 4400 3037 4476; x_wconf 80' lang='grc' dir='ltr'>ἂρτοπωλῶν</span> <span class='ocrx_word' id='word_1_698' title='bbox 3067 4403 3088 4438; x_wconf 82' lang='grc'>⁸</span> <span class='ocrx_word' id='word_1_699' title='bbox 3120 4404 3252 4476; x_wconf 85' lang='lat'><strong>(72).</strong></span> <span class='ocrx_word' id='word_1_700' title='bbox 3286 4399 3784 4478; x_wconf 75' lang='grc' dir='ltr'>Ὑποστρεφόμενος</span> 
     </span>
    </p>
   </div>
   <div class='ocr_carea' id='block_1_93' title="bbox 2136 4487 3787 4565">
    <p class='ocr_par' dir='ltr' id='par_1_93' title="bbox 2136 4487 3787 4565">
     <span class='ocr_line' id='line_1_94' title="bbox 2136 4487 3787 4565; baseline -0.002 -20"><span class='ocrx_word' id='word_1_701' title='bbox 2136 4492 2301 4552; x_wconf 85' lang='grc' dir='ltr'>αὐτὸς</span> <span class='ocrx_word' id='word_1_702' title='bbox 2335 4487 2628 4565; x_wconf 83' lang='grc' dir='ltr'>δήμαρχος</span> <span class='ocrx_word' id='word_1_703' title='bbox 2667 4491 2802 4563; x_wconf 85' lang='grc' dir='ltr'>μετᾶ</span> <span class='ocrx_word' id='word_1_704' title='bbox 2833 4493 2931 4546; x_wconf 82' lang='grc' dir='ltr'><strong>τοῦ</strong></span> <span class='ocrx_word' id='word_1_705' title='bbox 2964 4487 3145 4564; x_wconf 83' lang='grc' dir='ltr'>δήμου</span> <span class='ocrx_word' id='word_1_706' title='bbox 3184 4495 3280 4545; x_wconf 82' lang='grc' dir='ltr'><strong>τοῦ</strong></span> <span class='ocrx_word' id='word_1_707' title='bbox 3313 4489 3554 4564; x_wconf 82' lang='grc' dir='ltr'>ῥουσίου,</span> <span class='ocrx_word' id='word_1_708' title='bbox 3585 4492 3787 4543; x_wconf 86' lang='grc' dir='ltr'>ποιοῦ-</span> 
     </span>
    </p>
   </div>
   <div class='ocr_carea' id='block_1_94' title="bbox 379 4564 2031 4656">
    <p class='ocr_par' dir='ltr' id='par_1_94' title="bbox 379 4578 2023 4653">
     <span class='ocr_line' id='line_1_95' title="bbox 379 4578 2023 4653; baseline -0.001 -14"><span class='ocrx_word' id='word_1_709' title='bbox 379 4583 681 4639; x_wconf 85' lang='lat' dir='ltr'><strong>excubitor</strong></span> <span class='ocrx_word' id='word_1_710' title='bbox 709 4597 841 4639; x_wconf 88' lang='lat' dir='ltr'><strong>cum</strong></span> <span class='ocrx_word' id='word_1_711' title='bbox 876 4579 1087 4653; x_wconf 89' lang='lat' dir='ltr'><strong>populo</strong></span> <span class='ocrx_word' id='word_1_712' title='bbox 1110 4580 1367 4637; x_wconf 89' lang='lat' dir='ltr'><strong>Prasino.</strong></span> <span class='ocrx_word' id='word_1_713' title='bbox 1404 4578 1852 4636; x_wconf 84' lang='lat' dir='ltr'><strong>Aoclamationis</strong></span> <span class='ocrx_word' id='word_1_714' title='bbox 1890 4597 2023 4637; x_wconf 87' lang='lat' dir='ltr'><strong>vero</strong></span> 
     </span>
    </p>
   </div>
   <div class='ocr_carea' id='block_1_95' title="bbox 2144 4564 3785 4656">
    <p class='ocr_par' dir='ltr' id='par_1_95' title="bbox 2144 4564 3785 4656">
     <span class='ocr_line' id='line_1_96' title="bbox 2144 4564 3785 4656; baseline -0.001 -22"><span class='ocrx_word' id='word_1_715' title='bbox 2144 4600 2222 4634; x_wconf 81' lang='grc' dir='ltr'><strong>σιν</strong></span> <span class='ocrx_word' id='word_1_716' title='bbox 2270 4582 2291 4617; x_wconf 75' lang='grc'>⁸</span> <span class='ocrx_word' id='word_1_717' title='bbox 2341 4582 2456 4653; x_wconf 83' lang='grc'><strong>(73)</strong></span> <span class='ocrx_word' id='word_1_718' title='bbox 2503 4564 2614 4634; x_wconf 59' lang='lat' dir='ltr'><strong>tas?</strong></span> <span class='ocrx_word' id='word_1_719' title='bbox 2661 4576 2859 4655; x_wconf 73' lang='grc' dir='ltr'>δοχήν.</span> <span class='ocrx_word' id='word_1_720' title='bbox 2912 4580 2992 4636; x_wconf 80' lang='grc' dir='ltr'><strong>Τὰ</strong></span> <span class='ocrx_word' id='word_1_721' title='bbox 3052 4577 3107 4635; x_wconf 67' lang='grc' dir='ltr'>δὲ</span> <span class='ocrx_word' id='word_1_722' title='bbox 3174 4586 3274 4640; x_wconf 61' lang='grc' dir='ltr'>τῖς</span> <span class='ocrx_word' id='word_1_723' title='bbox 3323 4578 3597 4656; x_wconf 75' lang='grc' dir='ltr'>εὐφημίας</span> <span class='ocrx_word' id='word_1_724' title='bbox 3650 4574 3785 4633; x_wconf 77' lang='grc' dir='ltr'>ἅκτα</span> 
     </span>
    </p>
   </div>
   <div class='ocr_carea' id='block_1_96' title="bbox 376 4670 2016 4742">
    <p class='ocr_par' dir='ltr' id='par_1_96' title="bbox 376 4670 2016 4742">
     <span class='ocr_line' id='line_1_97' title="bbox 376 4670 2016 4742; baseline 0.001 -17"><span class='ocrx_word' id='word_1_725' title='bbox 376 4675 507 4726; x_wconf 87' lang='lat' dir='ltr'><strong>acta</strong></span> <span class='ocrx_word' id='word_1_726' title='bbox 538 4688 570 4725; x_wconf 89' lang='lat' dir='ltr'><strong>a</strong></span> <span class='ocrx_word' id='word_1_727' title='bbox 600 4670 935 4727; x_wconf 85' lang='lat' dir='ltr'><strong>cantoribus</strong></span> <span class='ocrx_word' id='word_1_728' title='bbox 965 4674 1021 4726; x_wconf 89' lang='lat' dir='ltr'><strong>et</strong></span> <span class='ocrx_word' id='word_1_729' title='bbox 1050 4670 1258 4742; x_wconf 90' lang='lat' dir='ltr'><strong>populo</strong></span> <span class='ocrx_word' id='word_1_730' title='bbox 1299 4676 1361 4727; x_wconf 92' lang='lat' dir='ltr'><strong>ut</strong></span> <span class='ocrx_word' id='word_1_731' title='bbox 1392 4671 1446 4726; x_wconf 92' lang='lat' dir='ltr'><strong>in</strong></span> <span class='ocrx_word' id='word_1_732' title='bbox 1482 4670 1703 4727; x_wconf 68' lang='lat' dir='ltr'><strong>caeteris</strong></span> <span class='ocrx_word' id='word_1_733' title='bbox 1735 4670 2016 4742; x_wconf 90' lang='lat' dir='ltr'><strong>receptio-</strong></span> 
     </span>
    </p>
   </div>
   <div class='ocr_carea' id='block_1_97' title="bbox 377 4758 2018 4817">
    <p class='ocr_par' dir='ltr' id='par_1_97' title="bbox 377 4758 2018 4817">
     <span class='ocr_line' id='line_1_98' title="bbox 377 4758 2018 4817; baseline 0 -1"><span class='ocrx_word' id='word_1_734' title='bbox 377 4758 552 4816; x_wconf 90' lang='lat' dir='ltr'><strong>nibus</strong></span> <span class='ocrx_word' id='word_1_735' title='bbox 585 4763 913 4816; x_wconf 88' lang='lat' dir='ltr'><strong>cantantur.</strong></span> <span class='ocrx_word' id='word_1_736' title='bbox 949 4761 1161 4816; x_wconf 87' lang='lat' dir='ltr'><strong>Octava</strong></span> <span class='ocrx_word' id='word_1_737' title='bbox 1210 4760 1271 4816; x_wconf 89' lang='lat' dir='ltr'><strong>in</strong></span> <span class='ocrx_word' id='word_1_738' title='bbox 1302 4760 1571 4817; x_wconf 75' lang='lat' dir='ltr'><strong>Prsetorio</strong></span> <span class='ocrx_word' id='word_1_739' title='bbox 1593 4778 1612 4817; x_wconf 87' lang='lat'><em>:</em></span> <span class='ocrx_word' id='word_1_740' title='bbox 1652 4764 1770 4817; x_wconf 87' lang='lat' dir='ltr'><strong>stat</strong></span> <span class='ocrx_word' id='word_1_741' title='bbox 1798 4761 1876 4816; x_wconf 91' lang='lat' dir='ltr'><strong>ibi</strong></span> <span class='ocrx_word' id='word_1_742' title='bbox 1911 4762 2018 4816; x_wconf 90' lang='lat' dir='ltr'><strong>tri-</strong></span> 
     </span>
    </p>
   </div>
   <div class='ocr_carea' id='block_1_98' title="bbox 374 4848 2020 4928">
    <p class='ocr_par' dir='ltr' id='par_1_98' title="bbox 374 4848 2020 4928">
     <span class='ocr_line' id='line_1_99' title="bbox 374 4848 2020 4928; baseline 0.002 -24"><span class='ocrx_word' id='word_1_743' title='bbox 374 4849 572 4905; x_wconf 88' lang='lat' dir='ltr'><strong>bunus</strong></span> <span class='ocrx_word' id='word_1_744' title='bbox 602 4851 950 4905; x_wconf 83' lang='lat' dir='ltr'><strong>Venetorum</strong></span> <span class='ocrx_word' id='word_1_745' title='bbox 979 4863 1111 4928; x_wconf 82' lang='lat' dir='ltr'><strong>cum</strong></span> <span class='ocrx_word' id='word_1_746' title='bbox 1136 4848 1350 4919; x_wconf 92' lang='lat' dir='ltr'><strong>populo</strong></span> <span class='ocrx_word' id='word_1_747' title='bbox 1382 4849 1532 4905; x_wconf 90' lang='lat' dir='ltr'><strong>albo.</strong></span> <span class='ocrx_word' id='word_1_748' title='bbox 1571 4848 2020 4908; x_wconf 84' lang='lat' dir='ltr'><strong>Acclamationis</strong></span> 
     </span>
    </p>
   </div>
   <div class='ocr_carea' id='block_1_99' title="bbox 2131 4662 3784 4742">
    <p class='ocr_par' dir='ltr' id='par_1_99' title="bbox 2131 4662 3784 4742">
     <span class='ocr_line' id='line_1_100' title="bbox 2131 4662 3784 4742; baseline -0.002 -19"><span class='ocrx_word' id='word_1_749' title='bbox 2131 4662 2353 4738; x_wconf 77' lang='grc' dir='ltr'>ᾅδονται</span> <span class='ocrx_word' id='word_1_750' title='bbox 2385 4667 2531 4742; x_wconf 83' lang='grc' dir='ltr'>παρά</span> <span class='ocrx_word' id='word_1_751' title='bbox 2570 4688 2629 4722; x_wconf 89' lang='grc' dir='ltr'><strong>τε</strong></span> <span class='ocrx_word' id='word_1_752' title='bbox 2673 4672 2781 4722; x_wconf 80' lang='grc' dir='ltr'><strong>τῶν</strong></span> <span class='ocrx_word' id='word_1_753' title='bbox 2830 4672 3075 4741; x_wconf 80' lang='grc' dir='ltr'>κρακτῶν</span> <span class='ocrx_word' id='word_1_754' title='bbox 3126 4667 3216 4722; x_wconf 80' lang='grc' dir='ltr'><strong>καὶ</strong></span> <span class='ocrx_word' id='word_1_755' title='bbox 3253 4672 3349 4722; x_wconf 87' lang='grc' dir='ltr'><strong>τοῦ</strong></span> <span class='ocrx_word' id='word_1_756' title='bbox 3399 4665 3556 4735; x_wconf 83' lang='grc' dir='ltr'>λαοῦ,</span> <span class='ocrx_word' id='word_1_757' title='bbox 3604 4666 3784 4728; x_wconf 81' lang='grc' dir='ltr'>καθὼς</span> 
     </span>
    </p>
   </div>
   <div class='ocr_carea' id='block_1_100' title="bbox 2129 4753 3831 4836">
    <p class='ocr_par' dir='ltr' id='par_1_100' title="bbox 2129 4753 3831 4836">
     <span class='ocr_line' id='line_1_101' title="bbox 2129 4753 3831 4836; baseline -0.003 -22"><span class='ocrx_word' id='word_1_758' title='bbox 2129 4759 2221 4814; x_wconf 83' lang='grc' dir='ltr'><strong>καὶ</strong></span> <span class='ocrx_word' id='word_1_759' title='bbox 2260 4757 2311 4814; x_wconf 81' lang='grc' dir='ltr'>ἐν</span> <span class='ocrx_word' id='word_1_760' title='bbox 2352 4762 2472 4820; x_wconf 90' lang='grc' dir='ltr'>ταῖς</span> <span class='ocrx_word' id='word_1_761' title='bbox 2506 4755 2730 4821; x_wconf 86' lang='grc' dir='ltr'>λοιπαῖς</span> <span class='ocrx_word' id='word_1_762' title='bbox 2763 4753 2979 4836; x_wconf 86' lang='grc' dir='ltr'>δοχαῖς.</span> <span class='ocrx_word' id='word_1_763' title='bbox 3014 4759 3165 4833; x_wconf 78' lang='grc' dir='ltr'>Δοχὴ</span> <span class='ocrx_word' id='word_1_764' title='bbox 3199 4758 3241 4827; x_wconf 74' lang='grc' dir='ltr'><strong>ζ’</strong></span> <span class='ocrx_word' id='word_1_765' title='bbox 3273 4756 3327 4812; x_wconf 79' lang='grc' dir='ltr'>ἐν</span> <span class='ocrx_word' id='word_1_766' title='bbox 3357 4761 3437 4829; x_wconf 83' lang='grc' dir='ltr'>τῷ</span> <span class='ocrx_word' id='word_1_767' title='bbox 3469 4756 3641 4834; x_wconf 76' lang='grc' dir='ltr'>φόρῳ.</span> <span class='ocrx_word' id='word_1_768' title='bbox 3689 4754 3786 4811; x_wconf 78' lang='grc' dir='ltr'><strong>Δὲ-</strong></span> <span class='ocrx_word' id='word_1_769' title='bbox 3826 4768 3831 4773; x_wconf 83' lang='grc'><em>’</em></span> 
     </span>
    </p>
   </div>
   <div class='ocr_carea' id='block_1_101' title="bbox 2129 4844 3785 4923">
    <p class='ocr_par' dir='ltr' id='par_1_101' title="bbox 2129 4844 3785 4923">
     <span class='ocr_line' id='line_1_102' title="bbox 2129 4844 3785 4923; baseline -0.002 -21"><span class='ocrx_word' id='word_1_770' title='bbox 2129 4867 2289 4923; x_wconf 87' lang='grc' dir='ltr'>χεται</span> <span class='ocrx_word' id='word_1_771' title='bbox 2319 4845 2494 4902; x_wconf 72' lang='grc' dir='ltr'>ἐκεῖσε</span> <span class='ocrx_word' id='word_1_772' title='bbox 2532 4847 2560 4902; x_wconf 89' lang='lat'><strong>6</strong></span> <span class='ocrx_word' id='word_1_773' title='bbox 2614 4844 2971 4920; x_wconf 84' lang='grc' dir='ltr'>δημοκράτης</span> <span class='ocrx_word' id='word_1_774' title='bbox 3017 4850 3124 4902; x_wconf 80' lang='grc' dir='ltr'><strong>τῶν</strong></span> <span class='ocrx_word' id='word_1_775' title='bbox 3174 4846 3478 4922; x_wconf 85' lang='grc' dir='ltr'>Πρασίνων,</span> <span class='ocrx_word' id='word_1_776' title='bbox 3527 4845 3700 4919; x_wconf 73' lang='grc' dir='ltr'>ἤγουν</span> <span class='ocrx_word' id='word_1_777' title='bbox 3756 4846 3785 4900; x_wconf 88' lang='lat'><strong>6</strong></span> 
     </span>
    </p>
   </div>
   <div class='ocr_carea' id='block_1_102' title="bbox 1734 4974 2437 5037">
    <p class='ocr_par' dir='ltr' id='par_1_102' title="bbox 1734 4974 2437 5037">
     <span class='ocr_line' id='line_1_103' title="bbox 1734 4974 2437 5037; baseline 0 -7"><span class='ocrx_word' id='word_1_778' title='bbox 1734 4975 1974 5035; x_wconf 73' lang='lat' dir='ltr'><strong>VARI/E</strong></span> <span class='ocrx_word' id='word_1_779' title='bbox 2014 4974 2437 5037; x_wconf 86' lang='lat' dir='ltr'><strong>LECTIONES.</strong></span> 
     </span>
    </p>
   </div>
   <div class='ocr_carea' id='block_1_103' title="bbox 444 5094 1941 5171">
    <p class='ocr_par' dir='ltr' id='par_1_103' title="bbox 444 5094 1941 5171">
     <span class='ocr_line' id='line_1_104' title="bbox 444 5094 1941 5171; baseline 0.003 -18"><span class='ocrx_word' id='word_1_780' title='bbox 444 5104 462 5139; x_wconf 73' lang='grc' dir='ltr'><strong><em>ι</em></strong></span> <span class='ocrx_word' id='word_1_781' title='bbox 495 5097 593 5169; x_wconf 80' lang='grc' dir='ltr'><strong>ἠλ.</strong></span> <span class='ocrx_word' id='word_1_782' title='bbox 626 5099 1023 5171; x_wconf 83' lang='lat' dir='ltr'><strong>superscripto</strong></span> <span class='ocrx_word' id='word_1_783' title='bbox 1055 5106 1084 5160; x_wconf 78' lang='grc' dir='ltr'>θ</span> <span class='ocrx_word' id='word_1_784' title='bbox 1115 5098 1265 5167; x_wconf 91' lang='lat' dir='ltr'><strong>cod.,</strong></span> <span class='ocrx_word' id='word_1_785' title='bbox 1297 5094 1467 5164; x_wconf 74' lang='grc' dir='ltr'>ἦλθες</span> <span class='ocrx_word' id='word_1_786' title='bbox 1498 5099 1617 5155; x_wconf 89' lang='lat' dir='ltr'><strong>sive</strong></span> <span class='ocrx_word' id='word_1_787' title='bbox 1645 5098 1843 5168; x_wconf 69' lang='grc' dir='ltr'>ἤλθετε</span> <span class='ocrx_word' id='word_1_788' title='bbox 1873 5102 1941 5158; x_wconf 89' lang='lat' dir='ltr'><strong>R.</strong></span> 
     </span>
    </p>
   </div>
   <div class='ocr_carea' id='block_1_104' title="bbox 368 5185 1785 5268">
    <p class='ocr_par' dir='ltr' id='par_1_104' title="bbox 368 5185 1785 5268">
     <span class='ocr_line' id='line_1_105' title="bbox 368 5185 1785 5268; baseline 0.001 -20"><span class='ocrx_word' id='word_1_789' title='bbox 368 5191 502 5248; x_wconf 76' lang='lat' dir='ltr'><strong>add.</strong></span> <span class='ocrx_word' id='word_1_790' title='bbox 536 5186 628 5247; x_wconf 84' lang='lat' dir='ltr'><strong>ed.</strong></span> <span class='ocrx_word' id='word_1_791' title='bbox 705 5190 727 5224; x_wconf 82' lang='grc'><strong><em>⁸</em></strong></span> <span class='ocrx_word' id='word_1_792' title='bbox 755 5185 1116 5268; x_wconf 73' lang='grc' dir='ltr'>ἆφτοπουλῶν</span> <span class='ocrx_word' id='word_1_793' title='bbox 1146 5188 1273 5245; x_wconf 92' lang='lat' dir='ltr'><strong>cod.</strong></span> <span class='ocrx_word' id='word_1_794' title='bbox 1349 5185 1373 5221; x_wconf 75' lang='grc'>⁸</span> <span class='ocrx_word' id='word_1_795' title='bbox 1400 5190 1627 5243; x_wconf 85' lang='grc' dir='ltr'>ποιῶσιν</span> <span class='ocrx_word' id='word_1_796' title='bbox 1660 5199 1785 5248; x_wconf 84' lang='lat' dir='ltr'><strong>cod.</strong></span> 
     </span>
    </p>
   </div>
   <div class='ocr_carea' id='block_1_105' title="bbox 2035 5097 2471 5165">
    <p class='ocr_par' dir='ltr' id='par_1_105' title="bbox 2035 5097 2471 5165">
     <span class='ocr_line' id='line_1_106' title="bbox 2035 5097 2471 5165; baseline -0.009 -10"><span class='ocrx_word' id='word_1_797' title='bbox 2035 5104 2056 5138; x_wconf 75' lang='grc'>⁸</span> <span class='ocrx_word' id='word_1_798' title='bbox 2083 5098 2262 5165; x_wconf 84' lang='grc' dir='ltr'>καθὼς</span> <span class='ocrx_word' id='word_1_799' title='bbox 2296 5097 2348 5153; x_wconf 74' lang='grc' dir='ltr'>ἐν</span> <span class='ocrx_word' id='word_1_800' title='bbox 2381 5098 2471 5155; x_wconf 89' lang='lat' dir='ltr'><strong>ed.</strong></span> 
     </span>
    </p>
   </div>
   <div class='ocr_carea' id='block_1_106' title="bbox 2568 5091 3783 5172">
    <p class='ocr_par' dir='ltr' id='par_1_106' title="bbox 2568 5091 3783 5172">
     <span class='ocr_line' id='line_1_107' title="bbox 2568 5091 3783 5172; baseline 0 -22"><span class='ocrx_word' id='word_1_801' title='bbox 2568 5095 2592 5131; x_wconf 84' lang='grc'>³</span> <span class='ocrx_word' id='word_1_802' title='bbox 2622 5093 3024 5172; x_wconf 84' lang='grc' dir='ltr'>συναγάλλεσθε</span> <span class='ocrx_word' id='word_1_803' title='bbox 3070 5100 3163 5155; x_wconf 85' lang='lat' dir='ltr'><strong>ed.</strong></span> <span class='ocrx_word' id='word_1_804' title='bbox 3257 5097 3282 5132; x_wconf 83' lang='grc'>⁴</span> <span class='ocrx_word' id='word_1_805' title='bbox 3312 5096 3341 5150; x_wconf 91' lang='lat'><strong>6</strong></span> <span class='ocrx_word' id='word_1_806' title='bbox 3386 5099 3521 5154; x_wconf 78' lang='lat' dir='ltr'><strong>ante</strong></span> <span class='ocrx_word' id='word_1_807' title='bbox 3578 5091 3783 5168; x_wconf 70' lang='grc' dir='ltr'>δομίστ</span> 
     </span>
    </p>
   </div>
   <div class='ocr_carea' id='block_1_107' title="bbox 1433 5328 2719 5405">
    <p class='ocr_par' dir='ltr' id='par_1_107' title="bbox 1433 5328 2719 5405">
     <span class='ocr_line' id='line_1_108' title="bbox 1433 5328 2719 5405; baseline -0.002 -15"><span class='ocrx_word' id='word_1_808' title='bbox 1433 5331 1637 5390; x_wconf 85' lang='lat' dir='ltr'><strong>JOAN.</strong></span> <span class='ocrx_word' id='word_1_809' title='bbox 1671 5333 1789 5389; x_wconf 79' lang='lat' dir='ltr'><strong>JAC</strong></span> <span class='ocrx_word' id='word_1_810' title='bbox 1831 5332 2100 5405; x_wconf 73' lang='lat' dir='ltr'><strong>REISKII</strong></span> <span class='ocrx_word' id='word_1_811' title='bbox 2139 5328 2719 5392; x_wconf 79' lang='lat' dir='ltr'><strong>COMMENTARIUS.</strong></span> 
     </span>
    </p>
   </div>
   <div class='ocr_carea' id='block_1_108' title="bbox 446 5473 2022 5559">
    <p class='ocr_par' dir='ltr' id='par_1_108' title="bbox 446 5473 2022 5559">
     <span class='ocr_line' id='line_1_109' title="bbox 446 5473 2022 5559; baseline 0.002 -31"><span class='ocrx_word' id='word_1_812' title='bbox 446 5474 561 5559; x_wconf 62' lang='grc' dir='ltr'><strong>ς71)</strong></span> <span class='ocrx_word' id='word_1_813' title='bbox 608 5474 1190 5559; x_wconf 33' lang='lat' dir='ltr'><strong>Videtur‘carminis</strong></span> <span class='ocrx_word' id='word_1_814' title='bbox 1257 5473 1673 5559; x_wconf 71' lang='lat' dir='ltr'><strong>concitatioris,</strong></span> <span class='ocrx_word' id='word_1_815' title='bbox 1734 5474 2022 5559; x_wconf 49' lang='lat' dir='ltr'><strong>dactylici,</strong></span> 
     </span>
    </p>
   </div>
   <div class='ocr_carea' id='block_1_109' title="bbox 372 5545 2020 5619">
    <p class='ocr_par' dir='ltr' id='par_1_109' title="bbox 372 5545 2020 5619">
     <span class='ocr_line' id='line_1_110' title="bbox 372 5545 2020 5619; baseline 0.001 -17"><span class='ocrx_word' id='word_1_816' title='bbox 372 5546 631 5602; x_wconf 86' lang='lat' dir='ltr'><strong>celeriter</strong></span> <span class='ocrx_word' id='word_1_817' title='bbox 662 5548 954 5603; x_wconf 90' lang='lat' dir='ltr'><strong>currentis</strong></span> <span class='ocrx_word' id='word_1_818' title='bbox 1001 5563 1144 5613; x_wconf 86' lang='lat' dir='ltr'><strong>esse,</strong></span> <span class='ocrx_word' id='word_1_819' title='bbox 1198 5545 1366 5619; x_wconf 84' lang='lat' dir='ltr'><strong>quale</strong></span> <span class='ocrx_word' id='word_1_820' title='bbox 1414 5547 1652 5619; x_wconf 88' lang='lat' dir='ltr'><strong>abeunti</strong></span> <span class='ocrx_word' id='word_1_821' title='bbox 1699 5545 2020 5617; x_wconf 79' lang='lat' dir='ltr'><strong>acciuitur,</strong></span> 
     </span>
    </p>
   </div>
   <div class='ocr_carea' id='block_1_110' title="bbox 373 5618 1699 5688">
    <p class='ocr_par' dir='ltr' id='par_1_110' title="bbox 373 5618 1699 5688">
     <span class='ocr_line' id='line_1_111' title="bbox 373 5618 1699 5688; baseline 0.001 -16"><span class='ocrx_word' id='word_1_822' title='bbox 373 5623 653 5675; x_wconf 86' lang='lat' dir='ltr'><strong>nostrates</strong></span> <span class='ocrx_word' id='word_1_823' title='bbox 685 5619 939 5676; x_wconf 86' lang='lat' dir='ltr'><strong>dicerent</strong></span> <span class='ocrx_word' id='word_1_824' title='bbox 970 5634 1035 5688; x_wconf 73' lang='lat' dir='ltr'><strong>en</strong></span> <span class='ocrx_word' id='word_1_825' title='bbox 1071 5618 1278 5673; x_wconf 75' lang='lat' dir='ltr'><strong>MarsCh</strong></span> <span class='ocrx_word' id='word_1_826' title='bbox 1308 5618 1471 5673; x_wconf 89' lang='lat' dir='ltr'><strong>Conf.</strong></span> <span class='ocrx_word' id='word_1_827' title='bbox 1507 5635 1562 5688; x_wconf 93' lang='lat' dir='ltr'><strong>p.</strong></span> <span class='ocrx_word' id='word_1_828' title='bbox 1609 5618 1699 5673; x_wconf 84' lang='grc'>34.</span> 
     </span>
    </p>
   </div>
   <div class='ocr_carea' id='block_1_111' title="bbox 444 5687 2017 5763">
    <p class='ocr_par' dir='ltr' id='par_1_111' title="bbox 444 5687 2017 5763">
     <span class='ocr_line' id='line_1_112' title="bbox 444 5687 2017 5763; baseline 0.004 -22"><span class='ocrx_word' id='word_1_829' title='bbox 444 5689 569 5763; x_wconf 10' lang='grc'>(72),</span> <span class='ocrx_word' id='word_1_830' title='bbox 608 5688 684 5745; x_wconf 84' lang='grc' dir='ltr'>Μ.</span> <span class='ocrx_word' id='word_1_831' title='bbox 728 5687 1114 5763; x_wconf 73' lang='grc' dir='ltr'>ἀρτοπουλῶν,</span> <span class='ocrx_word' id='word_1_832' title='bbox 1175 5693 1448 5763; x_wconf 82' lang='lat' dir='ltr'><strong>neutrum</strong></span> <span class='ocrx_word' id='word_1_833' title='bbox 1509 5687 1682 5756; x_wconf 71' lang='lat' dir='ltr'><strong>male,</strong></span> <span class='ocrx_word' id='word_1_834' title='bbox 1716 5689 1825 5747; x_wconf 93' lang='lat' dir='ltr'><strong>boo</strong></span> <span class='ocrx_word' id='word_1_835' title='bbox 1857 5707 2017 5747; x_wconf 71' lang='lat' dir='ltr'><strong>novae</strong></span> 
     </span>
    </p>
   </div>
   <div class='ocr_carea' id='block_1_112' title="bbox 371 5759 2017 5833">
    <p class='ocr_par' dir='ltr' id='par_1_112' title="bbox 371 5759 2017 5833">
     <span class='ocr_line' id='line_1_113' title="bbox 371 5759 2017 5833; baseline 0.001 -17"><span class='ocrx_word' id='word_1_836' title='bbox 371 5759 719 5829; x_wconf 63' lang='lat' dir='ltr'><strong>Graoitatis,</strong></span> <span class='ocrx_word' id='word_1_837' title='bbox 769 5759 925 5816; x_wconf 83' lang='lat' dir='ltr'><strong>illud</strong></span> <span class='ocrx_word' id='word_1_838' title='bbox 1004 5761 1522 5833; x_wconf 79' lang='lat' dir='ltr'><strong>grammaticorum</strong></span> <span class='ocrx_word' id='word_1_839' title='bbox 1612 5763 2017 5818; x_wconf 85' lang='lat' dir='ltr'><strong>sanctionibus</strong></span> 
     </span>
    </p>
   </div>
   <div class='ocr_carea' id='block_1_113' title="bbox 2136 5479 2366 5531">
    <p class='ocr_par' dir='ltr' id='par_1_113' title="bbox 2136 5479 2366 5531">
     <span class='ocr_line' id='line_1_114' title="bbox 2136 5479 2366 5531; baseline -0.026 0"><span class='ocrx_word' id='word_1_840' title='bbox 2136 5479 2366 5531; x_wconf 82' lang='lat' dir='ltr'><strong>autum.</strong></span> 
     </span>
    </p>
   </div>
   <div class='ocr_carea' id='block_1_114' title="bbox 2175 5493 3785 5616">
    <p class='ocr_par' dir='ltr' id='par_1_114' title="bbox 2175 5493 3785 5616">
     <span class='ocr_line' id='line_1_115' title="bbox 2175 5493 3785 5616; baseline -0.006 -15"><span class='ocrx_word' id='word_1_841' title='bbox 2175 5493 2441 5616; x_wconf 41' lang='lat' dir='ltr'><strong>p(t#31?.M.</strong></span> <span class='ocrx_word' id='word_1_842' title='bbox 2501 5543 2765 5616; x_wconf 60' lang='lat' dir='ltr'><strong>manu).</strong></span> <span class='ocrx_word' id='word_1_843' title='bbox 2806 5543 3298 5614; x_wconf 87' lang='lat' dir='ltr'><strong>Frequentissime</strong></span> <span class='ocrx_word' id='word_1_844' title='bbox 3356 5545 3452 5616; x_wconf 74' lang='lat' dir='ltr'><strong>aut</strong></span> <span class='ocrx_word' id='word_1_845' title='bbox 3508 5537 3785 5616; x_wconf 78' lang='lat' dir='ltr'><strong>librarius</strong></span> 
     </span>
    </p>
   </div>
   <div class='ocr_carea' id='block_1_115' title="bbox 2132 5609 3784 5686">
    <p class='ocr_par' dir='ltr' id='par_1_115' title="bbox 2132 5609 3784 5686">
     <span class='ocr_line' id='line_1_116' title="bbox 2132 5609 3784 5686; baseline -0.007 -14"><span class='ocrx_word' id='word_1_846' title='bbox 2132 5609 2350 5682; x_wconf 79' lang='lat' dir='ltr'><strong>noster,</strong></span> <span class='ocrx_word' id='word_1_847' title='bbox 2385 5617 2488 5686; x_wconf 83' lang='lat' dir='ltr'><strong>aut</strong></span> <span class='ocrx_word' id='word_1_848' title='bbox 2518 5618 2723 5686; x_wconf 82' lang='lat' dir='ltr'><strong>auctor</strong></span> <span class='ocrx_word' id='word_1_849' title='bbox 2754 5614 2878 5686; x_wconf 89' lang='lat' dir='ltr'><strong>ipse</strong></span> <span class='ocrx_word' id='word_1_850' title='bbox 2916 5609 2986 5669; x_wconf 79' lang='lat' dir='ltr'><strong>ex</strong></span> <span class='ocrx_word' id='word_1_851' title='bbox 3017 5630 3176 5671; x_wconf 89' lang='lat' dir='ltr'><strong>more</strong></span> <span class='ocrx_word' id='word_1_852' title='bbox 3225 5614 3421 5686; x_wconf 74' lang='lat' dir='ltr'><strong>saeculi</strong></span> <span class='ocrx_word' id='word_1_853' title='bbox 3452 5609 3784 5686; x_wconf 85' lang='lat' dir='ltr'><strong>subjuncti-</strong></span> 
     </span>
    </p>
   </div>
   <div class='ocr_carea' id='block_1_116' title="bbox 2129 5683 3786 5757">
    <p class='ocr_par' dir='ltr' id='par_1_116' title="bbox 2129 5683 3786 5757">
     <span class='ocr_line' id='line_1_117' title="bbox 2129 5683 3786 5757; baseline -0.009 -11"><span class='ocrx_word' id='word_1_854' title='bbox 2129 5705 2269 5746; x_wconf 88' lang='lat' dir='ltr'><strong>vum</strong></span> <span class='ocrx_word' id='word_1_855' title='bbox 2314 5702 2417 5757; x_wconf 90' lang='lat' dir='ltr'><strong>pro</strong></span> <span class='ocrx_word' id='word_1_856' title='bbox 2469 5683 2793 5757; x_wconf 80' lang='lat' dir='ltr'><strong>indicativo</strong></span> <span class='ocrx_word' id='word_1_857' title='bbox 2833 5691 3095 5755; x_wconf 87' lang='lat' dir='ltr'><strong>usurpat,</strong></span> <span class='ocrx_word' id='word_1_858' title='bbox 3154 5690 3256 5742; x_wconf 90' lang='lat' dir='ltr'><strong>aut</strong></span> <span class='ocrx_word' id='word_1_859' title='bbox 3301 5684 3496 5757; x_wconf 82' lang='lat' dir='ltr'><strong>potius</strong></span> <span class='ocrx_word' id='word_1_860' title='bbox 3543 5701 3587 5733; x_wconf 89' lang='grc' dir='ltr'>ω</span> <span class='ocrx_word' id='word_1_861' title='bbox 3625 5684 3786 5757; x_wconf 77' lang='lat' dir='ltr'><strong>e_t_oo</strong></span> 
     </span>
    </p>
   </div>
   <div class='ocr_carea' id='block_1_117' title="bbox 2129 5747 3784 5832">
    <p class='ocr_par' dir='ltr' id='par_1_117' title="bbox 2129 5747 3784 5832">
     <span class='ocr_line' id='line_1_118' title="bbox 2129 5747 3784 5832; baseline -0.009 -16"><span class='ocrx_word' id='word_1_862' title='bbox 2129 5747 2467 5832; x_wconf 73' lang='lat' dir='ltr'><strong>promiscue</strong></span> <span class='ocrx_word' id='word_1_863' title='bbox 2496 5754 2738 5823; x_wconf 87' lang='lat' dir='ltr'><strong>habent,</strong></span> <span class='ocrx_word' id='word_1_864' title='bbox 2795 5762 2859 5811; x_wconf 91' lang='lat' dir='ltr'><strong>ut</strong></span> <span class='ocrx_word' id='word_1_865' title='bbox 2889 5747 3372 5828; x_wconf 58' lang='lat' dir='ltr'><strong>pat&#39;uit&#39;modo&#39;in</strong></span> <span class='ocrx_word' id='word_1_866' title='bbox 3406 5747 3784 5826; x_wconf 82' lang='grc' dir='ltr'>ἄρτοπουλῶν.</span> 
     </span>
    </p>
   </div>
  </div>
