4126 6314
242 344 347 407 129

1100 344 1203 406 DE
1243 341 1712 406 GERIMONIIS
1759 344 1996 407 AULE
2039 344 2519 409 ΒΥΖΑΝΤῙΝΒ
2558 348 2708 411 LIB.
2754 349 2802 411 Ι.

3539 352 3656 415 230

247 467 607 544 ἐκπούειτος,
642 473 797 546 μετὰ
848 477 948 530 τοῦ
986 476 1280 548 περατικοῦ
1320 470 1502 547 δήμου
1550 476 1661 528 τῶν
1702 475 1902 547 Πρασί-

2014 492 2148 533 voro
2181 483 2311 534 acta
2344 496 2376 534 a
2407 480 2746 537 cantoribus
2776 482 2834 537 et
2864 480 3077 553 populo
3109 479 3175 538 ut
3205 481 3265 537 in
3308 484 3532 541 caeteris
3564 502 3659 542 re-

245 585 363 620 νων.
402 563 477 617 Td.
508 559 566 618 δὲ
608 568 715 632 τῆς
760 562 1038 640 εὐφημίας
1078 559 1213 619 ἀκτα
1251 558 1471 634 ᾅδονται
1512 562 1660 634 παρὰ
1693 583 1753 617 τε
1789 563 1897 619 τῶν

244 656 485 729 κρακτῶν
537 651 631 707 καὶ
700 656 809 708 τοῦ
870 651 1029 722 λαοῦ,
1078 652 1257 716 καθὼς
1296 651 1385 707 καὶ
1425 649 1477 706 ἓν
1517 657 1635 713 ταῖς
1676 651 1899 712 λοιπαῖς

248 743 440 822 δοχαῖς
508 744 658 818 Δοχὴ
732 744 789 813 η’
857 741 910 798 ἐν
959 747 1039 814 τῷ
1077 740 1419 817 πραιτωρίῳ.
1462 741 1687 821 Δέχεται
1728 741 1898 796 ἐκεῖσε

249 837 277 889 ὁ
315 832 603 908 δήμαρχος
636 837 750 887 τῶν
793 831 1058 897 Βενέτων,
1104 832 1240 905 μετὰ
1280 835 1378 886 τοῦ
1418 828 1599 904 δήμου
1638 836 1736 886 τοῦ
1771 830 1898 887 λευ-

251 928 364 978 κοῦ.
424 925 510 980 Τὰ
573 918 631 976 δὲ
685 927 792 990 τῆς
861 920 1135 999 εὐφημίας
1192 916 1411 992 ᾅδονται
1472 919 1617 994 παρὰ
1670 940 1729 976 τε
1787 926 1897 976 τῶν

250 1016 490 1087 κρακτῶν
545 1009 637 1065 καὶ
695 1013 792 1064 τοῦ
859 1008 1018 1081 λαοῦ,
1075 1009 1256 1073 καθὼς
1300 1008 1390 1063 καὶ
1433 1007 1484 1064 ἰν
1521 1013 1640 1070 ταῖς
1674 1010 1897 1071 λοιπαῖς

254 1100 460 1180 δοχαῖς.
485 1100 571 1157 Ἐν
601 1095 657 1155 δὲ
675 1103 757 1172 τῷ
776 1097 1073 1170 τελευταίῳ
1104 1095 1252 1169 ἄκτῳ
1284 1096 1533 1173 λέγουσιν
1562 1099 1615 1152 οἱ
1645 1098 1893 1171 κράκται’

253 1216 278 1243 α
311 1187 505 1249 Καλῶς
560 1186 729 1257 ἦλθεν
784 1189 820 1255 ἠ
878 1186 1142 1260 ἀναίρεσις
1189 1190 1298 1241 τῶν
1350 1190 1451 1257 τῆς
1491 1188 1663 1262 ’Ἅγαρ
1703 1189 1832 1259 (74).
1869 1209 1897 1237 ››

252 1280 306 1338 Ὀ
336 1277 492 1341 λαός·
538 1300 566 1329 ιι
601 1275 984 1350 Πολυχρόνιον
1043 1277 1264 1346 ποιήσει
1325 1276 1353 1331 ὁ
1401 1275 1529 1335 Θεὸς
1584 1277 1683 1344 τήν
1740 1274 1896 1350 ἁγίαν

254 1366 525 1443 βασιλείαν
558 1387 656 1430 σας
685 1365 762 1430 εἰς
790 1361 978 1420 πολλὰ
1005 1358 1098 1434 ἔτη
1132 1364 1173 1420 ⁷.
1211 1388 1233 1419 ι
1272 1365 1421 1437 Δοχή
1465 1366 1510 1419 θ’
1542 1364 1593 1418 ἑν
1625 1368 1895 1441 τῷ.φουρ-

247 1462 383 1529 νικῷ
425 1460 531 1512 τοῦ
583 1453 811 1512 Μιλίου.
860 1453 1360 1530 Ὑποστρεφόμενος
1409 1453 1437 1507 ὁ
1494 1453 1657 1513 αὐτὸς
1688 1450 1898 1527 δήμαρ-

248 1566 348 1621 χος
375 1551 490 1601 τῶν
522 1543 764 1604 Βενέτων
816 1541 952 1616 μετὰ
995 1545 1092 1597 τοῦ
1142 1539 1324 1615 δήμου
1353 1539 1450 1597 τοῦ
1496 1540 1715 1609 λευκοῦ,
1746 1547 1897 1597 ποιεῖ

241 1637 411 1689 ἓκεῖσε
452 1631 655 1708 δοχήν.
698 1632 781 1690 Τά
812 1628 870 1685 δὶ
896 1636 996 1700 τῆς
1026 1629 1296 1705 εὐφημίας
1336 1627 1473 1684 ἄκτα
1501 1625 1721 1700 ᾅδονται
1752 1628 1898 1703 παρά

240 1745 293 1779 τε
342 1728 455 1779 τῶν
508 1725 755 1798 κρακτῶν
806 1720 899 1775 καὶ
949 1717 1045 1775 τοῦ
1096 1716 1255 1790 λαοῦ,
1313 1720 1494 1784 καθὼς
1525 1721 1617 1777 καὶ
1672 1719 1723 1775 ἐν
1777 1725 1895 1782 ταῖς

238 1812 465 1874 λοιπαῖς
499 1809 715 1886 δοχαῖς.
750 1809 847 1865 Καὶ
880 1806 1048 1864 πάλιν
1094 1808 1231 1881 μετά
1274 1809 1467 1885 μικρὸν
1500 1816 1600 1879 τῆς
1637 1810 1898 1880 τοιαύτης

2006 567 2372 637 ceptionibus
2405 572 2734 627 cantantur.
2771 571 3069 629 Postremo
3100 575 3366 629 cantores
3398 572 3609 629 Dicunt
3636 591 3650 628 :

2008 675 2035 703 «
2073 655 2315 712 Pulchre
2345 659 2502 713 venit
2530 659 2768 714 exitium
2818 662 3229 731 Agarenorum.
3261 683 3289 712 »
3341 661 3601 733 Papulus
3629 678 3642 717 :

2007 766 2034 793 «
2069 744 2403 815 Longaevam
2438 746 2590 802 Deus
2622 764 2844 803 sacram
2881 750 3237 818 majestalem
3275 759 3529 806 vestram
3587 752 3646 806 in

2008 832 2222 887 multos
2253 852 2437 891 annos
2473 835 2677 892 faciat!
2715 858 2741 886 η
2787 837 2950 893 Nona
2999 838 3057 892 in
3106 839 3321 895 fornice
3353 839 3528 896 Milii:
3563 855 3657 896 re-

1986 939 2205 985 ‘versus
2237 923 2388 978 idem
2422 923 2767 980 Venetorum
2801 925 3072 981 tribunus
3092 943 3222 983 cum
3249 929 3459 1000 papulo
3492 929 3648 999 albo,

2005 1009 2383 1080 imperatores
2413 1012 2492 1065 ibi
2521 1013 2767 1084 excipit.
2800 1014 3248 1072 Acclamationis
3294 1033 3430 1073 vero
3464 1025 3589 1073 acta
3617 1036 3650 1074 a

2006 1100 2456 1171 prtecentoribus
2485 1104 2542 1155 et
2578 1102 2789 1172 populo
2823 1106 2886 1157 ut
2928 1103 2988 1157 in
3027 1105 3247 1161 caeteris
3308 1106 3649 1177 receptioni-

2008 1187 2117 1242 bus
2146 1192 2477 1242 cantantur.
2514 1188 2638 1245 Non
2671 1190 2873 1260 procul
2905 1191 3039 1245 inde
3070 1192 3337 1264 princeps
3380 1194 3645 1250 Prasino-

2008 1292 2139 1332 rum
2171 1292 2269 1331 seu
2325 1277 2683 1332 domesticus
2739 1279 3137 1334 excubitorum
3194 1280 3407 1337 iterum
3455 1284 3642 1339 adest.

2008 1365 2458 1421 Acclamationis
2488 1382 2622 1421 vero
2655 1370 2783 1422 acta
2813 1383 2846 1423 a
2878 1368 3326 1438 praeceptoribus
3354 1374 3411 1426 et
3427 1372 3645 1443 populo

2011 1460 2072 1509 ut
2104 1454 2162 1508 in
2194 1455 2412 1509 caeteris
2460 1456 2890 1527 receptionibus
2940 1461 3271 1513 cantantur.
3305 1459 3431 1515 Non
3479 1460 3652 1531 longe

2008 1544 2144 1598 inde
2177 1546 2527 1598 Venetorum
2559 1544 2831 1617 princeps
2864 1562 2966 1601 seu
3008 1546 3370 1603 domesticus
3420 1549 3654 1606 schola-

2007 1648 2138 1688 rum
2167 1632 2380 1687 iterum
2414 1633 2471 1687 in
2520 1633 2793 1689 cancellis
2836 1634 3064 1690 chalces
3112 1635 3298 1691 adest.
3348 1638 3648 1698 Acclama-

2006 1720 2186 1775 tionls
2214 1737 2347 1777 vero
2371 1724 2499 1777 acta
2529 1739 2562 1775 a
2592 1722 2925 1779 cantoribus
2957 1727 3014 1778 et
3047 1723 3259 1796 populo
3293 1729 3358 1781 ut
3386 1727 3445 1782 in
3488 1732 3656 1786 caste-
3696 1734 3701 1735 ⁷

2007 1813 2088 1867 ris
2119 1812 2549 1883 reccptionibus
2584 1818 2910 1869 caatantur.

237 1901 413 1977 δοχῆς
472 1898 692 1975 δέχεται
750 1901 778 1955 ὁ
838 1896 1192 1973 δημοκράτης
1245 1905 1352 1953 τῶν
1416 1897 1714 1973 ΙΙρασίνων,
1772 1895 1943 1972 ἤγουν
1990 1900 2018 1954 ὁ
2076 1896 2397 1971 δομὲστικος
2434 1905 2543 1956 τῶν
2598 1896 2981 1958 ἐκσκουϐίτων.
3024 1900 3100 1957 Τὰ
3138 1899 3195 1957 δὶ
3231 1906 3331 1968 τῆς
3371 1903 3646 1983 εὐφημίας

235 1992 369 2048 ἇκτα
426 1987 653 2062 ᾅδονται
704 1990 852 2064 παρά
905 2008 963 2045 τε
1018 1992 1123 2044 τῶν
1162 1992 1410 2061 κρακτῶν
1462 1990 1552 2045 καὶ
1602 1993 1700 2044 τοῦ
1759 1988 1915 2060 λαοῦ,
1972 1991 2155 2052 καθὼς
2194 1992 2283 2046 καὶ
2326 1990 2380 2046 ἐν
2422 1996 2541 2053 ταῖς
2592 1992 2813 2054 λοιπαῖς
2872 1990 3086 2067 δοχαῖς.
3147 1991 3246 2047 Καὶ
3298 1993 3464 2050 πάλιν
3510 1999 3645 2070 μετὰ

234 2082 434 2157 μικρὸν
477 2088 580 2151 τῆς
616 2081 880 2151 τοιαύτης
928 2077 1103 2154 δοχῆς
1143 2076 1362 2157 δέχεται
1406 2081 1436 2135 ὁ
1485 2077 1844 2153 δημοκράτης
1898 2085 2005 2134 τῶν
2058 2080 2316 2136 Βενὲτων.
2365 2080 2537 2157 ἢγουν
2598 2084 2625 2137 ὁ
2684 2081 3009 2157 δομέστικος
3043 2089 3151 2139 τῶν
3202 2087 3446 2159 σχολῶν,
3476 2088 3553 2151 είς
3584 2091 3647 2145 τὸ

231 2172 546 2250 κάγκελλον
595 2179 694 2242 τῆς
734 2170 973 2248 χαλκῆς.
1013 2172 1097 2229 Τὰ
1141 2168 1199 2226 δὲ
1227 2177 1327 2240 τῆς
1373 2170 1646 2249 εὐφημίας
1695 2167 1829 2225 ἅκτα
1872 2167 2091 2240 ᾅδονται
2138 2171 2282 2246 παρά
2319 2191 2374 2227 τε
2404 2177 2510 2227 τῶν
2551 2179 2797 2249 κρακτῶν
2827 2176 2917 2229 καὶ
2946 2179 3044 2229 τοῦ
3075 2172 3234 2248 λαοῦ,
3266 2177 3447 2239 καθὼς
3478 2178 3570 2233 καὶ
3601 2179 3652 2235 ἐν

231 2270 352 2327 ταῖς
393 2262 625 2327 λοιπαῖς
654 2259 873 2337 δοχαῖς.

876 2397 1135 2454 ΚΕΦΑΛ.
1200 2396 1262 2465 ζ’.

382 2488 557 2545 Ἀκτα
584 2490 653 2560 τῇ
683 2485 847 2561 ἑορτῇ
877 2488 947 2559 τῇ
979 2488 1227 2561 Κυριακῇ
1258 2488 1355 2541 τοῦ
1398 2484 1752 2560 ’Λντίπασχα.

302 2578 538 2643 Ἰστέον,
588 2574 673 2631 ὅτι
722 2577 792 2651 τῇ
842 2577 1081 2649 Κυριακῇ
1120 2579 1220 2629 τοῦ
1264 2573 1607 2651 Ἀντίπασχα
1638 2576 1774 2648 (75),
1807 2571 1896 2628 ὅτε

235 2658 652 2737 ἀκουμὸίσωσιν
682 2664 735 2717 οἳ
768 2661 1021 2718 δεσπόται
1066 2661 1159 2717 επὶ
1206 2668 1306 2732 τῆς
1352 2660 1645 2735 τραπέζης,
1687 2664 1721 2731 ἠ
1757 2660 1894 2729 αὐτὴ

234 2753 383 2824 τάξις
434 2754 524 2808 καὶ
577 2750 878 2807 ἀκολουθία
925 2752 1132 2829 γίνεται
1178 2757 1278 2821 τῆς
1329 2748 1577 2825 δευτέρας
1630 2757 1731 2821 τῆς
1781 2748 1899 2805 δια-

237 2844 599 2917 καινησίμου,
630 2839 894 2912 δηλονότι
941 2840 1031 2895 καὶ
1077 2842 1132 2896 αἱ
1180 2838 1499 2914 ἀκτολογίαι
1526 2843 1635 2895 τῶν
1670 2835 1765 2895 δύο
1801 2860 1894 2912 με·

243 2938 371 3008 ρῶν,
431 2932 523 2987 καὶ
582 2929 777 3000 πάντα,
838 2929 1017 2994 καθὼς
1080 2927 1423 3005 προείρηται·
1480 2928 1627 2998 πλὴν
1686 2928 1737 2982 οἱ
1800 2928 1894 3001 μὲν

239 3025 454 3080 Βὲνετοι
506 3021 763 3096 λέγουσιν
804 3018 1131 3077 ἀπελατικὸν
1178 3017 1282 3096 ἤχ.
1333 3018 1504 3096 πλαγ.
1542 3017 1616 3075 δ’·
1669 3020 1897 3075 (ι’Λνα-

241 3114 487 3182 καινίςου
531 3111 567 3181 ἦ
618 3112 814 3179 κτίσις,
860 3110 1096 3186 Χριστὸς
1148 3107 1365 3179 ἀνέστη,
1417 3108 1635 3185 ἒόρταζε
1681 3113 1759 3180 τῷ
1790 3112 1899 3165 Κυ-

242 3201 345 3276 ρίῳ
393 3202 491 3263 τὰς
554 3200 748 3275 ἑορτάς
803 3219 921 3255 σου.
980 3196 1444 3277 Ἐσφραγισμένου
1497 3198 1597 3273 γὰρ
1651 3201 1750 3254 τοῦ
1792 3198 1896 3253 τά-

243 3311 370 3365 φου,
418 3289 447 3345 ὁ
489 3295 591 3358 τῆς
644 3293 790 3358 ζωῆς
838 3286 1005 3358 ἥλιος
1052 3286 1355 3360 ἀνατείλας,
1404 3286 1495 3344 καὶ
1546 3286 1732 3360 ὀφθεὶς
1758 3285 1898 3342 ἀπο-

245 3374 470 3437 στόλοις
500 3381 610 3431 τῶν
642 3376 820 3450 θυρῶν
853 3373 1276 3449 κεκλεισμένων,
1306 3373 1368 3429 τὸ
1402 3376 1621 3447 Πνεῦμα
1648 3374 1710 3429 τὸ
1742 3374 1896 3450 ἅγιον

242 3461 317 3520 δι’
346 3464 512 3521 αὐτοῦ
563 3462 876 3541 ὲγκαινίζει,
925 3464 1014 3519 καὶ
1065 3463 1287 3538 εἰρήνην
1336 3464 1618 3539 χαρίζεται
1650 3463 1796 3538 πάσῃ
1830 3467 1898 3539 τῇ

246 3554 567 3629 οἴκουμένῃ,
630 3555 721 3609 καὶ
769 3554 833 3609 τὸ
904 3550 1194 3630 βασιλεῦον
1239 3554 1437 3626 κράτος
1493 3553 1716 3627 ἀστέρος
1776 3552 1897 3607 ἀνα-

246 3642 385 3714 τολή
433 3648 535 3699 τοῦ
587 3642 786 3698 ἀδύτου
843 3646 1092 3718 νεουργεῖ
1137 3642 1272 3698 καὶ⁸
1312 3643 1426 3717 (76)
1480 3640 1790 3717 μεγαλύνει,
1825 3643 1899 3704 ὡς

2572 2398 2673 2454 82
2713 2398 2948 2456 CAPUT
2988 2399 3081 2456 VI.

2163 2485 2293 2541 Acta
2321 2487 2478 2556 feriae
2508 2488 2763 2547 secundm
2786 2488 3086 2545 Dominicis
3107 2499 3235 2561 post
3260 2491 3492 2547 Pascha.

2073 2573 2386 2632 Sciendum
2440 2581 2550 2645 est,
2582 2577 2883 2635 Dominica
2926 2580 3182 2636 secunda
3229 2584 3360 2652 post
3401 2581 3646 2653 Pascha,

2005 2664 2236 2734 quando
2279 2680 2491 2721 mensae
2542 2665 2765 2722 domini
2822 2667 3105 2737 assident,
3156 2668 3426 2725 eumdem
3473 2671 3653 2727 ritum

2004 2752 2278 2827 idemque
2320 2756 2580 2812 ofﬁcium
2632 2773 2698 2812 ac
2763 2758 3021 2814 secunda
3065 2758 3205 2815 feria
3262 2760 3654 2819 renovationis

2004 2843 2321 2901 observari.
2358 2844 2589 2902 Scilicet
2619 2850 2676 2902 et
2711 2848 2957 2903 duarum
3006 2847 3322 2904 factionum
3373 2850 3654 2907 acclama-

2006 2932 2193 2987 tiones
2248 2937 2306 2988 et
2362 2934 2562 2990 omnia
2619 2951 2749 3006 quae
2801 2953 2981 3008 supra
3011 2936 3303 2994 declarata
3358 2937 3648 2995 fuerunt:

2004 3021 2116 3078 nisi
2177 3022 2330 3094 quod
2385 3022 2591 3079 Veneti
2651 3024 3005 3096 apelaticum
3087 3027 3207 3081 toni
3279 3026 3501 3098 obliqui
3579 3026 3655 3083 IV

2003 3108 2238 3164 dicant:
2294 3131 2323 3161 «
2373 3114 2604 3168 Renova
2657 3117 2733 3181 te,
2783 3118 3073 3183 creatura,
3120 3112 3390 3169 Christus
3450 3131 3650 3173 resur-

2004 3198 2187 3253 rexit:
2223 3198 2450 3256 cclebra
2482 3200 2725 3257 Domino
2756 3202 2903 3257 festa
2947 3205 3069 3258 tua.
3104 3202 3144 3258 E
3172 3201 3439 3273 sepulcro
3466 3203 3652 3274 enim,

2004 3286 2195 3357 sigillo
2229 3289 2475 3358 munito,
2505 3290 2634 3344 vitaa
2663 3289 2759 3346 Sol
2808 3299 3038 3348 exortus
3086 3294 3198 3357 est,
3247 3298 3302 3347 et
3345 3291 3649 3363 apostolis,

2004 3375 2214 3432 clausis
2280 3377 2500 3447 januis,
2558 3378 2845 3450 apparuit.
2907 3380 3159 3449 Spiritus
3235 3383 3475 3435 sanctus
3553 3396 3656 3451 per

2002 3465 2199 3538 ipsum
2253 3471 2492 3522 renovat
2520 3475 2576 3521 et
2631 3483 2831 3538 pacem
2882 3468 3007 3523 orbi
3062 3469 3327 3523 universo
3384 3469 3657 3541 largitur,

2005 3556 2368 3625 majestatem
2386 3554 2795 3625 imperatorum
2810 3556 3017 3612 sideris
3040 3573 3345 3628 nunquam
3362 3557 3657 3613 ‘oeciden-
3761 3615 3773 3627 ,

2006 3641 2079 3697 tis
2137 3649 2298 3697 ortus
2332 3646 2571 3698 renovat
2613 3646 2670 3697 et
2717 3642 3072 3715 magniﬁcat,
3117 3647 3431 3715 procedens
3482 3645 3655 3701 hodie

246 3731 503 3809 λαμπρὸς
559 3730 749 3805 ἥλιος,
810 3732 1223 3808 προερχόμενος
1272 3732 1511 3804 σήμερον
1588 3730 1665 3791 εἷς
1720 3729 1895 3802 δόξαν,

2011 3735 2069 3786 ut
2099 3730 2445 3803 splendidus
2476 3730 2563 3785 sol
2595 3730 2667 3787 ad
2698 3730 3002 3800 honorem,
3034 3729 3279 3802 gloriam
3310 3736 3369 3787 et
3399 3733 3651 3788 salutem

246 3822 324 3885 εἷς
364 3821 659 3898 καύχημα,
692 3819 770 3885 εἷς
817 3820 1093 3896 ἀνέγερσιν
1141 3818 1450 3893 Ῥωμαίων·
1485 3843 1513 3871 ››
1563 3820 1630 3876 Οἱ
1672 3817 1729 3874 δὶ
1759 3822 1906 3895 Πρά-

252 3932 385 3967 σινοι
432 3907 613 3967 τόνδε·
667 3932 698 3963 κ
727 3908 1137 3983 ἈποβαΛόντες
1180 3902 1437 3982 σύμϐολα
1480 3905 1730 3984 λυπηρᾶς
1775 3931 1910 3968 κατ-

258 4000 450 4080 ηφείας
504 4001 557 4054 οἱ
606 3998 927 4069 ἀπόστολοι,
972 3998 1259 4076 χαίροντες
1300 3996 1581 4072 προῆλθον
1623 3997 1699 4061 εἰς
1745 3999 1911 4056 Γαλι-

255 4084 413 4142 λαίαν
459 4083 550 4139 καὶ
601 4080 743 4139 εἶδον
796 4083 853 4139 δν
896 4081 1123 4147 ἐπόθουν
1168 4083 1229 4139 ἐκ
1272 4087 1473 4159 νεκρῶν
1514 4083 1905 4160 ἐγηγερμένον.

254 4174 600 4252 Ἀπόῤῥητον
659 4172 900 4247 ἐδέξαντο
946 4175 1075 4248 παρ’
1131 4172 1297 4228 αὐτοῦ
1357 4173 1767 4250 μυσταγωγίαν,
1819 4175 1910 4231 καὶ

258 4270 329 4330 ὣς
382 4268 598 4330 ἀκτῖνες
645 4262 1040 4342 διαδραμόντες
1084 4265 1178 4320 τὸν
1226 4263 1432 4338 κόσμον
1493 4261 1908 4344 φαιδρόμορφον

257 4357 521 4433 ἐκήρυξαν
544 4362 645 4431 τῆς
676 4355 1021 4417 ἀναστάσεως
1051 4354 1153 4425 τὴν
1185 4353 1418 4429 ἡμέραν.
1453 4354 1643 4409 Αὐτῶν
1675 4356 1710 4424 ἡ
1741 4377 1910 4432 προσ-

257 4449 413 4503 τασία
487 4449 557 4520 τῇ
629 4447 785 4518 θεϊκῇ
842 4441 1145 4517 παντευχίᾳ
1196 4443 1313 4517 (77)
1371 4441 1513 4514 ὑμᾶς
1571 4438 1908 4521 διαφυλάξει,

260 4536 540 4610 δεσπόται,
608 4535 684 4597 εἰς
754 4531 1008 4609 εὐτυχίαν
1084 4533 1400 4606 Ῥωμαίων,
1463 4556 1490 4584 ››
1553 4530 1768 4604 Ἰστὲον,
1827 4534 1910 4588 ὅτι

264 4626 711 4705 ὖποστρεφόντων
733 4627 843 4680 τῶν
873 4621 1148 4680 δεσποτῶν
1181 4619 1369 4693 δείλης
1397 4621 1505 4676 ἀπὸ
1535 4620 1663 4686 τοὺς
1693 4621 1911 4700 Ἀγίους

262 4716 634 4778 Ἀποστόλους
672 4716 696 4751 ⁰
735 4715 811 4776 εἷς
867 4712 931 4769 τὸ
989 4711 1255 4769 παλάτιον
1311 4712 1481 4786 ταύτῃ
1537 4714 1605 4785 τῇ
1645 4711 1834 4787 δορτῇ,
1873 4715 1909 4783 ἡ

261 4806 392 4876 αὐτή
428 4808 581 4875 τάξις
620 4805 712 4859 καὶ
749 4800 1052 4866 ἀκολουθία
1109 4800 1320 4876 γίνεται
1377 4807 1478 4869 τῆς
1520 4797 1770 4876 δευτέρας
1808 4808 1910 4873 τῆς

261 4893 709 4968 διακαινησίμου,
752 4889 1015 4963 δηλονότι
1053 4890 1146 4945 καὶ
1186 4891 1242 4944 αἱ
1284 4886 1447 4963 δοχαὶ
1489 4886 1540 4943 ἐν
1581 4893 1701 4952 τοῖς
1731 4910 1914 4963 προει-

2017 3819 2434 3874 Romanorum.
2496 3840 2524 3869 »
2581 3818 2809 3875 Prasini
2869 3836 2997 3875 vero
3057 3819 3315 3875 dicunt:
3377 3843 3404 3871 «
3477 3821 3654 3892 Signa

2019 3908 2202 3964 tristis
2231 3907 2511 3963 maestitiae
2542 3907 2787 3980 apostoli
2810 3909 3224 3979 deposuerunt,
3259 3909 3320 3965 in
3354 3909 3647 3966 Galilaeam

2019 4014 2153 4059 cum
2199 3996 2410 4069 gaudio
2462 4013 2808 4069 processere,
2856 4001 2913 4053 et
2961 4013 3133 4069 quem
3179 3997 3657 4057 desideraverant

2019 4086 2433 4143 resuscitatum
2463 4103 2493 4143 e
2524 4086 2771 4143 mortuis
2797 4086 3086 4142 viderunt.
3121 4086 3403 4143 Doctrina
3456 4088 3660 4146 inetia—

2020 4176 2121 4235 bili
2155 4174 2225 4232 ab
2257 4192 2324 4232 eo
2356 4174 2590 4244 imbuti,
2621 4176 2816 4232 orbem
2864 4174 3019 4231 sicut
3067 4175 3211 4229 radii
3265 4181 3658 4247 penetrantes.

2019 4264 2385 4338 splendidam
2430 4262 2875 4321 resurrectionis
2908 4264 3062 4319 diem
3110 4265 3490 4321 nuntiarunt:
3527 4283 3663 4337 quo-

2019 4372 2151 4410 rum
2200 4353 2587 4426 patrocinium
2638 4370 2740 4425 per
2786 4353 3030 4424 gratiam
3079 4352 3334 4409 divinam
3381 4371 3507 4424 vos,
3552 4356 3660 4413 do-

2020 4444 2181 4512 mini,
2208 4445 2275 4500 ad
2301 4445 2688 4499 Romanorum
2714 4444 3046 4500 felicitatem
3060 4444 3384 4499 custodiat!
3422 4469 3443 4498 ι
3469 4446 3659 4503 Scien-

2019 4536 2160 4590 dum
2192 4539 2298 4600 est,
2320 4534 2575 4590 dominis
2602 4534 2674 4589 ab
2703 4534 2824 4589 aede
2846 4534 3218 4589 Sanctorum.
3244 4536 3659 4606 Apostolorum

2020 4626 2090 4680 ad
2125 4623 2406 4695 palatium
2438 4623 2544 4679 hoc
2600 4622 2746 4678 festo
2796 4622 3242 4691 revertentibus,
3278 4626 3548 4682 eumdem
3580 4626 3663 4681 ri—

2018 4718 2147 4771 tum
2180 4716 2237 4770 et
2282 4710 2548 4768 ordinem
2596 4727 2664 4769 ac
2720 4710 2779 4765 in
2825 4711 3079 4767 secundo
3130 4714 3515 4770 renovationis
3566 4714 3665 4772 ob-

2020 4802 2274 4861 servari:
2308 4800 2530 4857 scilicet
2558 4806 2614 4855 et
2650 4799 3018 4872 excipiuntur
3069 4801 3128 4857 in
3180 4801 3353 4859 dictis
3397 4802 3563 4868 locis,
3596 4820 3662 4862 ac

2022 4892 2467 4949 acclamationes
2524 4904 2699 4962 supra
2762 4894 3230 4947 commemoratae
3302 4892 3657 4948 recitantur:

1608 5016 1844 5075 VARI/ﬁ
1883 5016 2298 5078 LECTIONES.

321 5151 344 5187 ³
379 5143 478 5221 ἔτη
531 5148 691 5206 deest
726 5145 789 5203 in
828 5144 951 5201 cod.
1030 5143 1052 5179 ⁸
1090 5140 1181 5196 καὶ
1221 5157 1338 5199 om.
1383 5141 1509 5199 cod.
1587 5141 1608 5177 ⁹
1642 5144 1751 5197 τῶν
1789 5141 1954 5219 ἁγίων
1997 5140 2351 5200 Ἀπαστόλων
2394 5143 2547 5214 conj.
2588 5142 2782 5201 Leich.

1305 5267 1504 5325 JOAN.
1544 5268 1668 5325 JAC
1709 5270 1967 5328 REISKII
2004 5269 2587 5330 COMMENTARIUS.

320 5406 434 5478 (74)
464 5400 668 5478 Simile
696 5398 841 5454 illud
877 5397 1254 5478 Francorum,
1283 5393 1343 5478 nni
1375 5392 1565 5462 fallor,
1599 5395 1669 5449 de
1705 5394 1901 5451 Josse-
1931 5399 1981 5458 D
2015 5396 2318 5478 muneri”
2350 5393 2698 5478 οἷ’κουμὲνην.
2732 5395 2972 5478 Spiritus
2999 5397 3234 5478 sanctus.
3257 5406 3354 5471 per
3381 5405 3508 5478 eum
3536 5393 3657 5478 inf-

260 5465 356 5535 lino
385 5465 860 5537 Gorteniacense,
890 5484 1037 5524 mors
1059 5466 1279 5538 pallida
1300 5465 1731 5538 Saracenorum.

317 5552 454 5624 (75),
469 5548 581 5604 Est
610 5543 920 5624 Dominica
939 5537 1203 5624 prosime
1219 5555 1251 5592 ει
1269 5539 1412 5593 festo
1424 5537 1745 5603 Paschatls,
1765 5539 1905 5595 alias

251 5611 506 5684 ὑιάιόίε,
542 5617 636 5673 vel
665 5615 985 5686 quasime
1016 5611 1195 5686 dicta.

311 5680 428 5769 (76)
446 5680 529 5769 Μ..
548 5680 721 5769 deest
749 5684 981 5769 copula,
994 5698 1104 5769 q‘uo
1119 5680 1424 5769 aliquanto
1434 5680 1904 5769 vehementiam

244 5752 449 5829 oratio.
488 5766 567 5821 At
600 5752 893 5833 ἒγκαινίζει
924 5752 1276 5810 trahendum
1326 5752 1707 5819 sequentibus
1750 5769 1908 5810 com-

2017 5462 2313 5525 tiattolum
2342 5462 2642 5533 mundum.
2663 5470 2722 5524 in
2750 5462 2926 5523 rebus
2976 5466 3139 5521 novis
3187 5470 3239 5517 et
3292 5462 3558 5533 insuetis,
3590 5465 3654 5522 in

2014 5544 2132 5597 vita
2157 5555 2306 5595 nova
2336 5540 2658 5594 constituit.

2089 5611 2198 5684 (77)
2255 5611 2497 5666 Videtur
2552 5609 2895 5684 vocabulum
2949 5624 2981 5661 a
3033 5607 3137 5684 πᾶν
3196 5617 3379 5682 omne,
3433 5608 3495 5684 et
3532 5604 3655 5684 3e6-

2061 5678 2135 5736 εἰν
2163 5678 2362 5752 facere,
2396 5680 2787 5752 compositum
2817 5693 2963 5747 esse,
2996 5680 3171 5746 atque
3199 5678 3659 5743 omnipotentiam

2061 5701 2135 5736 ειν
2163 5701 2362 5751 lacere,
2396 5701 2490 5736 cor:

2016 5701 2121 5811 δεῖ
2150 5750 2490 5822 signiﬁcare.
