4154 6302
483 348 597 408 331

1541 351 2075 410 CONSTANTINI
2119 354 2816 420 PORPHYROGENITI

3767 366 3887 424 232

482 485 866 554 preterquam
899 482 1051 553 quod
1083 483 1284 537 Veneti
1321 488 1453 538 tono
1484 482 1720 552 obliquo
1754 483 1825 538 IV
1857 490 2111 540 canunt:

2234 489 2492 560 ρημένοις
2523 490 2713 550 τόποις
2762 489 2850 544 καὶ
2905 489 2959 543 αἱ
3012 487 3358 563 ὰκτολογίαι,
3402 493 3581 554 καθὼς
3622 494 3890 570 προείρη-

483 597 510 622 ‹‹
530 573 740 629 Tristis
756 573 1039 629 maestitiae
1065 572 1233 644 signa
1257 573 1502 643 apostoli
1527 573 1941 644 deposuerunt,
1965 580 2076 630 etc.
2099 599 2126 626 »

483 666 626 720 Item
686 669 820 718 tono
876 663 938 728 I;
1000 683 1027 710 »
1086 661 1160 730 Is,
1222 661 1321 732 qui
1369 665 1654 715 aeternum
1715 663 1890 731 Patri,
1933 685 1953 714 ι
2019 674 2124 720 etc.

2236 596 2344 630 ται.
2380 578 2530 645 Πλὴν
2563 577 2814 653 λέγουσιν
2864 579 2919 632 οἳ
2969 583 3182 634 Βένετοι
3214 577 3540 635 ἀπελατικὸν
3576 579 3677 657 ἤχ.
3711 585 3887 658 πλαγ.

2240 661 2322 718 δ’·
2388 688 2416 717 ‹‹
2457 667 2831 735 Ἀνακαινίζου
2880 670 2914 736 ἡ
2964 667 3136 728 κτίσις
3188 692 3214 719 ››
3263 669 3349 722 καὶ
3400 669 3466 724 τὰ
3518 670 3658 739 ἑξῆς.
3712 673 3780 728 Οἱ
3831 675 3890 728 δὲ

485 754 742 827 Ηράσινοι
800 754 882 829 ἢχ
936 749 1103 824 πλαγ.
1165 747 1241 803 δ’·
1306 745 1706 812 Ἀποϐαλόντες
1760 752 1826 805 τὰ
1886 749 2140 826 σύμϐολα
2211 753 2424 829 λυπρᾶς
2479 757 2769 833 κατηφείας
2815 781 2842 809 ››
2882 759 2970 812 καὶ
3030 760 3095 812 τὰ
3148 759 3289 828 ἑξῆς.
3350 758 3526 814 Ἀλλο
3589 761 3690 836 ἢχ.
3756 783 3789 816 α

483 865 511 892 «
553 842 614 898 Ὀ
653 841 906 915 ἀχρόνως
943 843 1023 910 τῷ
1066 837 1232 910 [Ιατρὶ
1276 861 1303 887 ››
1344 837 1431 891 καὶ
1473 839 1536 891 τὰ
1577 838 1716 908 ἑξῆς.

1103 937 1331 993 CAPUT
1373 938 1492 993 VII.

717 1031 782 1082 1n
814 1029 959 1096 feria
985 1045 1037 1081 ιν
1066 1027 1385 1098 septimanae
1416 1044 1469 1080 ιν
1511 1037 1627 1098 past
1660 1029 1884 1082 Pascha.

549 1117 884 1182 Sciendum,
902 1117 960 1170 in
984 1116 1091 1170 hac
1121 1116 1323 1170 mediae
1347 1120 1712 1170 Pentecostes
1736 1117 2126 1184 processione,

479 1205 924 1275 procedentibus
983 1206 1312 1274 iterumque
1355 1206 1779 1260 revertentibus
1843 1206 2125 1272 dominis,

477 1293 692 1350 similes
721 1294 1078 1364 receptiones
1107 1298 1161 1347 et
1191 1293 1637 1348 acclamationes
1667 1301 1730 1348 ut
1753 1293 1815 1349 in
1867 1293 2126 1350 secunda

476 1383 620 1438 feria
651 1383 1034 1439 renovationis
1069 1381 1332 1437 institui:
1369 1383 1479 1436 nisi
1513 1383 1668 1453 quod
1695 1381 1925 1438 Veneti
1985 1398 2120 1454 ape-

479 1471 713 1526 laticum
749 1471 869 1527 toni
902 1472 923 1525 Ι
956 1471 1188 1525 dicant:
1223 1493 1250 1520 ‹‹
1287 1470 1489 1539 Magne
1521 1476 1576 1526 et
1621 1472 1948 1527 venerande
1995 1471 2122 1542 Spi-

477 1561 644 1628 ritus,
677 1561 774 1629 qui
807 1561 864 1614 in
889 1558 1032 1613 coelo
1065 1575 1198 1613 cum
1231 1561 1401 1613 Patre
1433 1559 1532 1613 33
1580 1565 1642 1612 ut
1684 1559 1963 1615 Dominus
1995 1575 2121 1614 om-

474 1650 640 1703 nium
673 1648 1018 1712 celebratus,
1052 1647 1108 1700 in
1144 1651 1358 1716 templo
1391 1663 1526 1701 cum
1569 1647 1828 1702 Hebraeis
1879 1664 2119 1704 conver-

475 1754 632 1803 sans,
665 1736 910 1790 ﬂumina
955 1735 1253 1806 sapientia
1303 1735 1589 1790 scaturire
1628 1737 1815 1802 docet,
1866 1742 1923 1791 et
1943 1736 2120 1792 Altis-

473 1825 607 1881 simi
640 1825 935 1895 Sapientia
973 1824 1383 1879 admirandum
1416 1827 1472 1878 in
1528 1827 1764 1879 modum
1793 1825 2116 1880 exclamat:

2880 948 3142 1003 ΚΕΦᾹΛ.
3176 953 3244 1001 Z‘.

2479 1035 2562 1106 Τῇ
2605 1035 2766 1107 ἑορτῇ
2806 1041 2905 1102 τῆς
2945 1037 3468 1106 Μεσοπεντηκοστῆς
3511 1039 3638 1111 (78).

2308 1123 2428 1194 Χρή
2463 1119 2680 1189 εἰδέναι,
2713 1122 2796 1177 ὅτι
2844 1123 2932 1177 καί
2975 1128 3041 1197 τῇ
3083 1123 3406 1199 προελεύσει
3445 1126 3612 1201 ταύτῃ
3636 1135 3738 1197 τῆς
3773 1132 3887 1187 Ms-

2235 1218 2692 1280 σοπεντηκοστῆς,
2769 1213 2859 1266 καὶ
2934 1213 3209 1267 ἀπιόντων
3285 1220 3394 1268 τῶν
3458 1213 3733 1271 δεσποτῶν
3791 1219 3883 1272 καί

2231 1298 2400 1352 πάλιν
2435 1300 2901 1378 ὑποστρεφόντων,
2933 1303 3024 1356 καὶ
3057 1304 3110 1357 αἱ
3146 1301 3315 1377 δοχαὶ
3346 1305 3436 1358 καὶ
3467 1306 3521 1358 αἱ
3554 1306 3885 1383 ἀκτολογίαι

2231 1388 2422 1459 ὅμοιαι
2453 1390 2698 1462 γίνονται
2719 1397 2820 1459 τῆς
2853 1389 3101 1465 δευτέρας
3127 1399 3227 1460 τῆς
3252 1390 3695 1468 διακαινησίμου.
3727 1396 3882 1464 Πλὴν

2230 1479 2280 1531 o't
2317 1478 2410 1549 μὲν
2447 1481 2561 1535 ¹⁰.¹ῖ
2595 1480 2801 1533 Βένετοι
2855 1479 3104 1554 λέγουσιν
3156 1481 3262 1535 ἀπὸ
3313 1490 3498 1558 φωνῆς
3551 1484 3878 1539 ἀπελατικὸν

2228 1565 2326 1639 ῆχ.
2362 1573 2407 1619 α’
2431 1584 2443 1596 ο
2477 1591 2504 1617 ‹‹
2541 1571 2755 1639 Πνεῦμα
2787 1566 2925 1640 μέγα
2955 1569 3045 1621 καὶ
3078 1563 3392 1641 σεϐάσμιον,
3437 1571 3464 1623 ὁ
3506 1568 3618 1624 ἄνω
3651 1567 3878 1640 δοξαζό-

2231 1676 2385 1726 μενος
2443 1655 2535 1708 σὺν
2593 1661 2672 1727 τῇ)
2724 1656 2893 1730 Πατρὶ
2955 1656 3028 1717 ὡς
3086 1658 3302 1712 πάντων
3363 1659 3583 1732 Κύριος,
3632 1661 3686 1713 ἓν
3746 1661 3880 1733 ἱερῷ

2224 1741 2521 1816 συνόμιλος
2569 1741 2643 1798 ὢν
2686 1739 2963 1818 Ἑϐραίοις
3014 1742 3254 1800 διδάσκει
3304 1747 3502 1821 Σοφίας
3553 1748 3734 1821 βρύειν
3780 1749 3881 1803 νά-

2225 1853 2366 1902 ματα
2395 1834 2530 1904 (79),
2574 1832 2859 1906 ὑπερφυῶς
2908 1835 2941 1900 ἡ
2998 1833 3176 1905 Σοφία
3221 1838 3321 1887 τοῦ
3365 1835 3623 1906 Ὑψίστου
3657 1832 3882 1910 ἂναφω..

470 1915 755 1981 Accedite,
787 1913 1073 1979 sitientes,
1107 1918 1164 1968 et
1192 1913 1471 1984 Spiritus,
1507 1915 1608 1983 qui
1643 1918 1812 1983 potus
1844 1915 2116 1984 perennis

2234 1926 2346 1974 νῶνο
2410 1922 2477 1977 Οἱ
2535 1917 2799 1993 διψῶντες
2868 1923 3261 1997 προσέρχεσθε,
3312 1924 3398 1977 καὶ
3461 1921 3768 1997 δροσίζεσθε
3831 1933 3850 1963 ι

473 2006 581 2068 est,
614 2002 828 2059 haustu
859 2001 1204 2071 irrigamini.
1257 2001 1461 2071 P0puli
1495 2001 1757 2056 bibentes
1799 2001 2112 2064 exsultant,

473 2096 530 2146 et
562 2091 877 2162 potentiam
920 2095 1196 2155 vestram,
1231 2090 1476 2155 domini,
1517 2093 1583 2144 ad
1638 2089 1906 2160 gloriam,
1943 2092 2114 2145 bono-

474 2195 592 2235 rem
654 2183 710 2233 et
767 2179 1189 2234 incrementum
1274 2178 1668 2233 Romanorum
1743 2189 2112 2234 venerantur.

475 2267 696 2323 Prasini
755 2285 883 2322 vero
945 2283 1076 2322 voce
1135 2266 1254 2321 toni
1289 2267 1345 2321 I:
1405 2289 1433 2316 ‹‹
1496 2268 1779 2322 Mediator
1837 2273 2117 2322 creaturae

476 2357 678 2426 suique
729 2356 913 2410 Patris
963 2355 1227 2410 divinum
1259 2355 1534 2420 Verbum,
1570 2356 1626 2410 in
1663 2357 1850 2412 medio
1902 2357 2114 2426 templo

475 2443 583 2498 hoc
615 2445 760 2498 festo
791 2442 969 2498 libere
1000 2443 1293 2512 loquitur:
1345 2444 1445 2514 qui
1494 2460 1521 2497 e
1573 2443 1749 2498 latere
1798 2443 2115 2514 purissimo

473 2533 532 2585 in
565 2536 747 2586 totum
779 2533 974 2585 orbem
1025 2529 1269 2585 ﬂumina
1318 2531 1776 2585 immortalitatis
1824 2532 2116 2586 effusuras

474 2634 557 2686 es,
608 2635 761 2672 nunc
807 2617 1164 2682 sitientibus,
1217 2634 1245 2672 e
1297 2618 1491 2682 labiis,
1546 2618 1822 2672 doctrinae
1870 2618 2118 2674 ﬂumina

476 2707 813 2780 profondis;
851 2714 904 2761 at
955 2706 1290 2777 imperitum
1335 2707 1542 2778 vulgus
1577 2707 1820 2762 miratur
1852 2707 2112 2779 quidem,

477 2797 580 2852 sed
613 2811 924 2866 agnoscere
971 2799 1224 2862 recusat,
1274 2804 1366 2849 tua
1414 2793 1700 2865 sapientia
1747 2797 1946 2850 omnia
1993 2812 2117 2851 esse

477 2886 738 2940 confecta
768 2888 982 2953 tuaque
1012 2883 1433 2954 gubernatione
1463 2883 1767 2938 contineri.
1801 2884 1886 2938 Tu
1918 2884 2132 2954 igitur,

477 2974 652 3041 Deus,
687 2973 784 3044 qui
818 2989 995 3028 manu
1039 2977 1141 3026 tua
1188 2972 1453 3027 dominos
1503 2972 1814 3039 coronasti,
1848 2973 1917 3026 ad
1971 2971 2116 3026 lasti-

477 3062 613 3118 tiam
645 3067 1040 3118 Romanorum
1063 3076 1162 3116 eos
1193 3060 1441 3116 custodi.
1475 3082 1504 3110 ››
1524 3060 1836 3115 Sciendum
1863 3065 1973 3127 est,
2009 3060 2118 3115 hoc

2223 2014 2322 2063 τοῦ
2375 2009 2685 2082 [Ινεύματος
2734 2011 2833 2077 τήν
2897 2010 3075 2078 πόσιν,
3137 2011 3306 2065 έκεῖνο
3355 2012 3417 2066 τὸ
3445 2011 3670 2080 ἀείζωον
3700 2015 3879 2085 πόμα,

2224 2102 2303 2156 Τὸ.
2358 2098 2545 2169 πλήθη
2609 2097 2944 2172 ἀγάλλονται
2997 2100 3242 2169 πίνοντα,
3293 2102 3384 2155 καὶ
3441 2104 3753 2177 γεραίρουσι
3813 2106 3878 2158 τὸ

2222 2187 2419 2260 κράτος
2477 2188 2652 2260 ὑμῶν,
2714 2185 2991 2258 δεσπόται,
3054 2189 3128 2250 εἰς
3200 2187 3380 2262 δόξαν,
3442 2191 3519 2252 εἷς
3578 2191 3873 2266 καύχημα,

2225 2277 2298 2336 εἰς
2362 2276 2635 2350 ἀνύψωσιν
2699 2277 3005 2349 Ῥωμαίων.
3045 2302 3072 2328 ››
3139 2279 3204 2334 Οἱ
3255 2275 3311 2332 δὲ
3357 2279 3607 2353 Ηράσινοι
3649 2277 3874 2352 λέγουσι

2322 2363 2376 2419 δε
2416 2369 2460 2402 ‘9
2507 2364 2608 2440 ἤχ.
2643 2373 2686 2419 α’
2713 2392 2739 2417 ‹‹
2769 2367 2828 2422 Ὁ
2856 2367 3079 2438 μεσίτης
3119 2365 3190 2420 ὢν
3243 2365 3585 2440 πλάσματος,
3633 2369 3720 2422 καὶ
3767 2376 3882 2424 [Ια-

2222 2456 2347 2527 τρὸς
2389 2459 2484 2507 τοῦ
2519 2452 2678 2520 ἰδίου,
2719 2460 2827 2516 θεῖε
2878 2456 3039 2529 Λόγε,
3091 2460 3187 2510 τοῦ
3234 2460 3365 2510 ναοῦ
3404 2457 3602 2529 έορτῆς
3634 2458 3684 2512 έν
3724 2457 3875 2529 μέσῳ

2222 2541 2578 2616 παῤῥησιάζει
2630 2545 2763 2615 (80)·
2817 2544 2844 2596 ὁ
2915 2541 3136 2614 μέλλων
3187 2543 3244 2598 ἐκ
3295 2551 3394 2613 τῆς
3459 2543 3698 2619 πλευρᾶς
3766 2553 3877 2614 τῆς

2225 2629 2501 2704 ἀχράντου
2550 2631 2736 2703 ῥεῖθρα
2795 2631 3053 2705 προχέειν
3141 2633 3435 2710 ἀφθαρσίας
3501 2636 3548 2670 ²⁰
3605 2632 3722 2705 δλῳ
3793 2639 3877 2706 τῷ

2222 2721 2439 2792 κόσμῳ,
2469 2716 2556 2772 νυν
2596 2716 2865 2792 διψῶντας
2921 2720 3160 2788 ποτίζεις
3221 2721 3279 2775 έκ
3327 2721 3561 2799 χειλέων
3613 2719 3878 2777 διδασκα-

2227 2809 2346 2868 Αίας
2377 2808 2608 2879 νάματα,
2641 2809 2727 2861 καὶ
2772 2808 2798 2861 ὁ
2848 2807 3101 2868 ἀσύνετος
3150 2806 3327 2881 δῆμος
3361 2809 3623 2884 θαυμάζει
3655 2811 3776 2883 μέν,
3810 2811 3875 2866 οὐ

2228 2895 2483 2970 βούλεται
2534 2896 2578 2931 ²¹
2630 2893 2685 2949 δὲ
2748 2901 2968 2970 γνῶναι,
3039 2896 3122 2950 ὅτι
3191 2901 3259 2971 σῇ
3311 2897 3646 2975 ἐξείργασται
3713 2901 3878 2975 σοφίᾳ

2226 2987 2398 3040 πάντα
2427 2983 2516 3039 καὶ
2559 2986 2838 3059 συνέχεται
2881 2988 2947 3058 σῇ
2980 2980 3324 3059 κυϐερνήσει.
3377 2989 3450 3042 Σὺ
3501 2988 3594 3042 οὖν
3647 2985 3876 3058 δοξάσας

2222 2367 2313 2418 τόν

2224 3081 2302 3147 τῷ
2347 3074 2544 3152 στέφει,
2598 3075 2714 3141 Θεέ,
2765 3073 3026 3137 δεσπότας
3074 3078 3305 3151 παλάμῃ
3358 3099 3475 3148 σου,
3531 3077 3768 3156 φύλαττε
3798 3079 3876 3140 εἰς

475 3150 679 3205 mediae
710 3152 1075 3204 Pentecostes
1119 3149 1282 3214 festo,
1313 3148 1569 3204 dominis
1621 3163 1832 3202 mensae
1881 3165 2114 3202 accum-

2234 3162 2496 3237 ῖινέγερσιν
2545 3163 2859 3237 Ῥωμαίων.
2915 3189 2942 3215 ››
2995 3166 3119 3239 Χρή
3180 3163 3400 3236 εἷ’δέναι,
3447 3168 3531 3221 ὅτι
3589 3167 3755 3240 ταύτῃ
3803 3171 3874 3240 τῇ

475 3237 767 3302 bentibus,
801 3239 1068 3293 eumdem
1100 3236 1276 3291 ritum
1311 3241 1368 3292 et
1399 3253 1617 3292 morem
1651 3253 1717 3292 ac
1748 3237 1807 3291 in
1858 3239 2117 3293 secunda

473 3325 866 3382 renovationis
899 3325 1038 3380 feria
1069 3325 1380 3381 observari.

1079 3613 1314 3670 CAPUT
1356 3613 1502 3669 VIII.

978 3705 1041 3760 In
1064 3706 1204 3774 festo
1236 3704 1599 3759 Ascensionis.

545 3798 585 3850 Ι.
617 3795 926 3851 Sciendum
957 3797 1067 3859 est,
1102 3793 1250 3848 festo
1298 3792 1694 3857 Ascensionis,
1728 3792 1867 3846 dum
1903 3805 2119 3846 mensae

475 3883 697 3939 domini
730 3883 1105 3951 accumbunt,
1139 3882 1371 3936 eosdem
1423 3882 1565 3935 ritus
1619 3895 1686 3935 ac
1733 3881 1986 3934 secundo
2037 3895 2121 3932 re-

477 3971 806 4027 novationis
837 3970 947 4032 die,
982 3967 1206 4022 scilicet
1237 3975 1360 4020 tum
1395 3966 1841 4022 acclamationes
1863 3966 2118 4020 duarum

475 4061 818 4122 factionum,
850 4062 976 4111 tum
1007 4054 1120 4109 alia
1150 4054 1369 4120 omnia,
1407 4070 1533 4122 quae
1565 4069 1741 4121 supra
1773 4068 2122 4107 commemo-

474 4148 752 4214 ravimus,
776 4144 1065 4200 observari
1091 4160 1103 4209 ;
1131 4143 1244 4196 nisi
1264 4143 1417 4211 quod
1431 4141 1629 4195 Veneti
1653 4146 1790 4194 tono
1813 4140 2049 4209 obliquo
2075 4141 2118 4205 Ι,

478 4238 712 4292 dicant:
747 4258 773 4284 «
811 4233 882 4288 Ut
913 4245 1164 4302 perenne
1214 4229 1434 4284 ﬂumen
1484 4233 1560 4298 te,
1594 4230 1812 4284 fontem
1863 4243 2118 4296 sacrum,

478 4325 662 4380 solam
697 4319 1131 4378 sanctissimam
1165 4318 1263 4373 Dei
1303 4318 1563 4387 Matrem,
1593 4317 1909 4373 Christiani
1960 4316 2122 4370 inve-

2227 3253 2393 3326 έορτῇ
2446 3255 2543 3320 τῆς
2589 3257 3130 3324 Μεσοπεντηκοστῆς,
3172 3253 3257 3308 ἐπὶ
3306 3263 3406 3324 τῆς
3453 3254 3722 3330 τραπέζης
3763 3261 3872 3311 τῶν

2226 3339 2503 3397 δεσποτῶν
2549 3343 2954 3414 καθεζομένων,
3004 3345 3038 3411 ἡ
3091 3341 3223 3412 αὐτὴ
3267 3343 3412 3416 τάξις
3453 3343 3541 3398 καὶ
3576 3343 3876 3399 ἀκολουθία

2222 3432 2446 3505 γίνεται,
2493 3432 2673 3494 καθὼς
2721 3428 2809 3484 καί
2848 3429 2900 3484 έν
2956 3434 3028 3504 τῇ
3079 3427 3299 3506 δευτέρᾳ
3363 3435 3464 3498 τῆς
3532 3431 3876 3504 διακαινησί-

2231 3540 2359 3591 μου.

2864 3610 3124 3663 ΚΕΦΑΛ.
3166 3609 3246 3664 H'.

2620 3699 2698 3769 Τῇ
2739 3696 2902 3770 ἑορτῇ
2932 3703 3035 3765 τῆς
3075 3696 3487 3772 Ἀναληψίμου.

2302 3784 2373 3840 Α“.
2424 3783 2641 3855 Ἰστέον,
2695 3781 2777 3837 ὅτι
2845 3787 2913 3855 τῇ
2967 3784 3128 3857 ἑορτῇ
3182 3791 3283 3852 τῆς
3337 3784 3744 3859 Ἀναληψίμου,
3795 3788 3888 3842 ὃτε

2229 3867 2635 3946 ἀκουμϐίτωσιν
2666 3873 2718 3926 οἱ
2769 3869 3022 3926 δεσπόται
3073 3872 3161 3927 ἐπὶ
3211 3880 3313 3942 τῆς
3343 3873 3640 3947 τραπέζης,
3676 3878 3710 3944 ἡ
3745 3876 3886 3945 αὐτή

2226 3961 2373 4031 τάξις
2420 3962 2509 4016 καὶ
2559 3960 2858 4016 ἀκολουθία
2902 3961 3105 4034 γίνεται
3156 3969 3258 4031 τῆς
3306 3959 3558 4036 δευτέρας
3612 3971 3712 4033 τῆς
3763 3962 3888 4020 δια-

2226 4049 2581 4121 καινησίμου,
2632 4047 2888 4118 δηλονότι
2947 4052 3036 4103 καὶ
3101 4050 3155 4104 αἱ
3223 4051 3544 4125 ἀκτολογίαι
3614 4059 3722 4107 τῶν
3789 4051 3889 4108 δύο

2233 4142 2408 4210 μερῶν
2459 4136 2550 4192 καὶ
2594 4139 2787 4206 πάντα,
2842 4139 3024 4201 καθὼς
3085 4139 3429 4214 προείρηται.
3478 4140 3629 4210 Πλὴν
3684 4143 3734 4195 οἱ
3789 4145 3888 4215 μὲν

2232 4227 2439 4281 Βένετοι
2474 4224 2698 4302 λέγουσι
2728 4228 2828 4296 τὴν
2872 4229 3059 4303 φωνὴρ
3102 4225 3205 4302 ἤχ.
3256 4227 3423 4303 πλαγ.
3469 4232 3512 4283 α’
3537 4248 3549 4262 ·
3595 4255 3623 4281 ‹‹
3650 4237 3737 4292 Ὠς
3769 4231 3890 4286 ἀεί-

2234 4320 2371 4382 ζωον
2437 4315 2678 4390 ῥεῖθρον,
2751 4318 2941 4390 πηγὴν
3014 4316 3167 4390 ἁγίαν
3222 4319 3541 4393 Χριστιανοῖ
3597 4319 3892 4393 εὑρηκότες

477 4412 694 4466 nimus.
729 4411 1086 4463 Veneremur
1114 4411 1169 4462 te
1204 4412 1476 4477 tanquam
1512 4407 1838 4479 Deiparam,
1872 4408 1929 4460 et
1967 4405 2119 4461 obte-

2236 4405 2406 4477 μόνην
2441 4406 2518 4473 σὲ,
2550 4407 2648 4475 τὴν
2699 4406 2958 4482 πανάγιον
2989 4411 3086 4461 τοῦ
3128 4411 3267 4461 Θεοῦ
3309 4409 3558 4480 Μητέρα,
3601 4406 3895 4464 δυσωποῦ-

1853 4531 2094 4588 νΑΒΙιλΕ
2133 4529 2544 4587 LECTIONES.

553 4663 666 4717 ‘0.”
711 4662 806 4733 μὲν
847 4680 963 4719 om.
1005 4663 1095 4718 ed.

1175 4661 1218 4695 1⁸
1259 4656 1584 4732 δροσίζεσθε.
1627 4659 1731 4710 Τοῖ’)
1770 4678 1965 4729 πνευμ.
2005 4679 2056 4713 τ.
2098 4655 2223 4710 πόσ.
2267 4653 2344 4712 ἐκ.
2385 4677 2437 4714 τ.
2475 4655 2528 4712 ἀ.
2590 4657 2743 4728 πόμα
2783 4656 2851 4710 τὰ
2889 4654 3076 4727 πλήθη
3120 4660 3274 4729 conj-
3322 4660 3386 4715 R.
3465 4659 3511 4696 ¹⁹
3547 4679 3640 4714 τον
3682 4677 3896 4731 super-

483 4752 691 4822 scripto
733 4760 768 4805 Δ
811 4771 912 4824 pro
950 4748 1105 4804 τόνδε
1161 4752 1309 4818 cod.,
1370 4752 1521 4806 unde
1576 4749 1643 4816 Β,
1700 4746 1762 4800 τὸ
1818 4743 2081 4821 δρομικὸν
2138 4750 2291 4818 conj.
2371 4748 2417 4782 ²⁰
2456 4747 2715 4824 ἀφθοσίας
2771 4749 2862 4817 Βη,
2905 4747 3167 4823 ἀφθασίας
3210 4751 3362 4817 cod.,
3402 4747 3688 4811 ἀθανασίας
3731 4753 3894 4822 conj.

484 4845 704 4914 Leicb,
745 4840 1071 4920 ἀφθανασίας
1113 4843 1202 4896 ed.
1279 4843 1321 4877 ²¹
1368 4841 1553 4896 Verba
1591 4837 1653 4892 οὐ
1698 4837 1950 4912 βούλεται
1991 4837 2163 4892 πάντα
2203 4854 2320 4894 om.
2365 4840 2454 4894 ed.

1531 4982 1732 5038 JOAN.
1772 4983 1908 5037 JAC.
1955 4981 2219 5037 REISKII
2258 4981 2839 5037 COMMENTARIUS.

557 5114 675 5186 (78)
707 5112 838 5186 Dies
869 5105 1662 5186 vigesimaquintaaPascha,
1682 5103 2131 5186 velrteria‘quar-

486 5173 959 5256 ta‘se'ptimante"
995 5173 1212 5248 quartas
1271 5182 1429 5256 post“
1478 5176 1717 5256 Pasc_h_a.
1773 5173 2124 5256 [[ξροέλερςις

532 5246 999 5322 εσοπέντηκοστῆς
1014 5246 1373 5322 memoratur
1389 5247 1596 5322 Georg.
1614 5246 1894 5322 Monstch
1919 5263 1973 5322 p_.
1986 5247 2125 5322 _556,

532 5279 998 5322 εσοπεντηκοστης
1015 5279 1371 5305 ιιιυυιυιάιιιι
1389 5279 1596 5316 υῦυιὸ.
1616 5279 1894 5301 ινιυιιαυιιυ
1921 5279 1973 5315 μ.
1998 5279 2120 5314 υυυ³

484 5279 594 5383 Eeo
625 5329 684 5382 in
716 5345 779 5383 ea
811 5324 1148 5379 vulneratus
1180 5321 1365 5390 ipsam
1397 5317 1706 5386 abrogavit.
1738 5317 1916 5390 _Ad_S.
1948 5317 2120 5390 _Mocii

482 5400 902 5454 instituebatur
933 5413 987 5465 p.
1027 5393 1149 5447 464.
1183 5387 1572 5465 Chrysostomi
1605 5387 1789 5465 oratio
1838 5387 1896 5441 in
1948 5387 2128 5465 Μεσο-

483 5469 856 5542 πεντηκοστὴν
887 5459 1141 5542 liabetur
1195 5459 1340 5542 apud
1406 5459 1990 5542 bambeccium‘cod.
2037 5459 2125 5526 40,

487 5529 716 5610 n.201j'
750 5529 823 5594 Ut
853 5529 1374 5610 Msaonev'mxp—c'cjc
1400 5534 1623 5610 dicitur
1666 5529 1970 5610 dimidiata
2027 5545 2128 5600 pro

487 5601 761 5682 μέσηέοῖξ
803 5609 1088 5682 Πάσχατος
1129 5601 1219 5660 καὶ
1256 5607 1356 5682 τῇς
1381 5607 1794 5682 βεντηκοστῆς,
1838 5601 1919 5682 ἥρ.
1946 5676 1955 5682 Δ
1983 5617 2130 5671 quo-

487 5671 663 5753 que-1i;
693 5678 828 5752 μέση
852 5671 1258 5751 τοῦᾟάσχατος
1275 5671 2127 5753 diciturproeodemjntegro,

483 5744 584 5808 aut
614 5744 767 5822 quod
800 5744 988 5808 totum
1020 5744 1248 5822 tempus
1273 5748 1430 5805 inter
1480 5745 1698 5803 Pascha
1749 5748 1806 5800 et
1853 5744 2130 5800 Penteco-

2242 5108 2370 5160 sten
2411 5105 2778 5177 interciedens
2823 5105 3044 5177 Pascha
3088 5105 3408 5177 diceretur;
3443 5113 3497 5160 et
3527 5105 3656 5177 ipsa
3689 5107 3896 5163 Pente-

2236 5181 2413 5230 coste.
2447 5176 2658 5247 Pascha
2689 5178 2896 5247 rorata.
2930 5175 3061 5230 Vid.
3095 5175 3180 5229 Du
3215 5175 3406 5247 Gange
3438 5177 3496 5231 h.
3529 5175 3583 5231 vi

2309 5247 2420 5317 (79)
2469 5246 2698 5301 Veteres
2735 5244 3436 5318 plceivﬂfrequentabant
3476 5268 3489 5315 ;
3523 5247 3650 5302 novi
3693 5254 3894 5305 autem

2238 5333 2390 5390 saepe
2421 5321 2477 5370 et
2523 5317 2879 5387 permutant.
2933 5317 3063 5372 Vid.
3117 5317 3400 5375 Themisl.
3453 5335 3583 5390 pag.
3637 5320 3742 5373 260
3796 5321 3893 5377 ed.

2239 5389 2522 5442 Harduin.
2556 5397 2608 5443 et
2638 5390 2879 5460 ProcOp.
2913 5389 3130 5460 Anecd.
3163 5406 3226 5460 _p.
3265 5391 3352 5444 85.

2309 5461 2424 5529 (80)
2458 5461 2552 5532 Est
2582 5456 2840 5532 autpro'
2873 5456 3223 5532 παρῥησιάδῃ
3279 5477 3438 5515 more
3480 5460 3699 5515 librarii
3748 5480 3780 5526 η
3835 5466 3896 5516 et

2237 5548 2284 5581 ει
2319 5530 2648 5599 promiscue
2701 5530 2995 5597 habentis,
3037 5538 3138 5586 aut
3181 5530 3515 5587 atticismus
3557 5537 3662 5598 est,
3713 5547 3891 5600 quem

2240 5605 2451 5725 tajmezit
2481 5601 2539 5654 in
2581 5601 2688 5656 hoc
2738 5600 2975 5669 quidem
3023 5601 3170 5658 libro
3221 5603 3317 5658 vix
3374 5602 3766 5674 quaesiverim,
3801 5603 3896 5658 vix

2240 5687 2268 5725 a
2319 5686 2394 5725 m1
2457 5687 2574 5725 am.

2238 5673 2574 5726 admittam.
