4126 6314
293 387 412 445 233

1171 388 1270 449 DE
1313 389 1782 454 CERIMONIIS
1823 395 2056 456 AULIE
2102 397 2570 465 BYZANTIN/E
2615 406 2761 468 LIB.
2809 409 2855 468 Ι.

3598 423 3716 484 234

305 539 398 590 μεν
428 518 498 578 ὡς
528 519 840 590 Θεοτόκον,
874 522 964 576 καὶ
1013 518 1324 592 ἐξαιτοῦμεν
1369 522 1598 595 στόματι
1657 525 1900 600 ἀσιγήτῳ
1933 543 1948 558 ·

2070 533 2297 588 stamur
2327 550 2425 591 ore
2455 553 2758 612 nunquam
2789 539 2996 598 silente
3022 560 3035 599 :
3069 543 3178 601 alis
3207 549 3318 603 tua
3350 549 3714 610 intercessio-

302 609 515 683 πτέρυξι
558 615 657 676 τῆς
704 616 818 680 σῆς
864 605 1152 685 πρεσϐείας
1181 611 1209 665 6
1241 608 1391 665 δεῖνα
1437 613 1525 666 καὶ
1558 613 1586 667 6
1619 609 1764 668 δεῖνα
1795 633 1951 682 περι-

305 697 536 776 ῳῦλαττε
567 695 736 774 μέχρι
769 699 988 761 τέλους.
1022 725 1049 752 ‹‹
1087 701 1148 757 Ὁ
1205 697 1530 763 ἀπελατικὸς
1562 702 1664 776 ἤχ.
1700 698 1760 756 δ’·
1794 726 1821 751 ‹‹
1858 703 1950 770 Σὲ,

305 790 406 858 τήν
461 785 704 843 παστάδα
762 793 866 844 τοῦ
925 790 1185 864 Χριστοῦ,
1219 787 1288 843 δι’
1317 792 1384 858 ἧς
1441 788 1656 864 ἔλαμψε
1710 791 1950 866 Χριστὸς

304 879 438 933 κατὰ
485 877 653 950 σάρκα
698 882 822 939 τοῖς
885 879 1126 953 βροτοῖς,
1184 879 1436 952 αἰνοῦμεν
1494 880 1622 934 λαοὶ
1673 881 1945 951 ἐπαξίως·

304 966 706 1035 Θεοτόκε,τοί›ς
767 964 1029 1028 δεσπότας
1084 968 1158 1030 ὡς
1209 975 1499 1045 φωστῆρας
1546 970 1814 1044 περίσωζε
1871 970 1947 1030 εἰς

299 1057 566 1131 ἀνέγερσιν
614 1061 715 1112 τοῦ
757 1056 995 1131 κόσμου,
1023 1057 1112 1113 καὶ
1160 1060 1390 1116 Βενέτων
1438 1059 1515 1113 ἀεὶ
1569 1079 1626 1113 σε
1672 1061 1946 1131 κεκτημέ-

296 1169 398 1200 νων
425 1146 754 1221 κραταίωμα
811 1147 1085 1220 βοηθείας.
1123 1171 1150 1198 ››
1182 1149 1251 1204 Οἱ
1290 1145 1348 1202 δὲ
1406 1148 1661 1220 Πράσινοι
1723 1146 1942 1223 λέγουσι

296 1237 393 1304 τὴν
421 1238 610 1315 ςοωνὴν
643 1234 814 1309 πλαγ.
849 1234 914 1290 δ’·
958 1261 982 1290 ιι
1013 1237 1077 1293 Ἡ
1107 1238 1262 1314 πηγή
1295 1242 1395 1306 τῆς
1456 1241 1601 1306 ζωῆς
1629 1238 1942 1312 Ῥωμαίων,

300 1327 555 1397 Παρθένε,
621 1327 824 1400 Μήτηρ
881 1329 1016 1380 Θεοῦ
1081 1329 1178 1380 τοῦ
1237 1326 1444 1402 Λόγου,
1504 1329 1941 1402 συστρατήγησον

302 1414 437 1486 μόνη
467 1417 592 1474 τοῖς
624 1411 914 1475 δεσπόταις
945 1411 996 1468 ἐν
1027 1418 1097 1487 τῇ
1129 1415 1402 1492 πορφύρᾳ,
1432 1420 1549 1475 τοῖς
1595 1409 1855 1469 λαϐοῦσιν
1886 1415 1944 1469 ἐκ

299 1508 392 1558 σοῦ
446 1504 514 1558 τὸ
573 1502 896 1578 στέφος.ὅτι
957 1503 1109 1558 αὐτοί
1167 1524 1224 1557 σε
1263 1504 1546 1574 κέκτηνται
1604 1506 1942 1559 καταστάντα

297 1593 486 1666 θυρεὸν
519 1592 956 1667 ἆπροσμάχητον
988 1590 1040 1647 ἐν
1065 1597 1134 1666 τῇ
1167 1593 1437 1668 πορφύρᾳ.
1473 1616 1501 1643 ››
1533 1591 1714 1650 ’Ἄλλο
1744 1594 1846 1667 ἤχ.
1876 1590 1938 1651 δ’.

295 1706 324 1733 (ι
355 1683 692 1757 Καταφυγῆς
724 1679 922 1736 ἐλπίδα
969 1681 1059 1735 καὶ
1119 1681 1391 1754 σωτηρίας
1447 1682 1535 1736 καὶ
1596 1680 1939 1754 ἀντιλήψεως

290 1770 455 1833 κλέος
515 1771 574 1826 σὶ
628 1773 727 1841 τήν
787 1772 1058 1846 πάναγνον
1109 1773 1155 1807 ²²
1213 1771 1530 1845 Χριστιανοὶ
1584 1772 1934 1844 κεκτημένοι,

2064 619 2165 712 nis
2186 621 2252 676 N.
2286 623 2367 712 Ν.
2392 638 2662 697 perpetuo
2694 634 2873 686 tuere.
2899 653 2928 682 »
2960 634 3289 701 Apelaticus
3321 640 3442 694 toni
3476 641 3665 712 quarti
3693 659 3706 699 :

2064 730 2092 758 «
2124 710 2224 778 Te,
2258 711 2580 770 thalamum
2614 717 2852 786 Christi,
2885 737 2988 792 per
3013 739 3188 793 quam
3221 710 3546 783 secundum
3581 745 3706 784 car-

2059 814 2188 887 nem
2221 800 2482 857 Christus
2532 805 2872 862 hominibus
2913 814 3204 880 apparuit,
3241 815 3447 871 merito
3502 816 3705 887 populi

2057 885 2389 946 laudamus.
2423 893 2686 962 Deipara.
2719 896 3011 967 dominos,
3046 905 3110 954 ut
3157 899 3383 957 lumina
3422 885 3515 959 ad
3542 885 3700 960 salu-

2053 978 2169 1031 tem
2204 979 2382 1045 orbis,
2414 987 2470 1036 et
2498 981 2849 1040 Venetorum
2899 987 3004 1041 tibi
3053 1005 3283 1060 semper
3331 993 3701 1051 addictorum

2056 1065 2232 1120 robur
2261 1071 2314 1122 et
2341 1070 2694 1138 praesidium,
2728 1089 3021 1130 conserva.
3044 1098 3073 1125 »
3097 1078 3314 1132 Prasini
3341 1081 3543 1136 dicunt
3563 1087 3702 1138 tono

2054 1152 2291 1225 obliquo
2315 1155 2390 1210 IV
2415 1173 2428 1209 :
2455 1177 2480 1209 α
2505 1160 2652 1213 Fons
2686 1161 2814 1214 vitae
2847 1161 3266 1234 Romanorum,
3289 1165 3484 1237 Virgo,
3519 1169 3702 1225 Mater

2053 1241 2154 1298 Dei
2199 1243 2392 1310 Verbi,
2436 1245 2557 1301 sola
2596 1264 2730 1303 cum
2772 1250 3024 1306 dominis
3067 1254 3124 1308 in
3180 1272 3440 1325 purpura
3485 1258 3696 1326 milita,

2052 1336 2208 1403 quod
2234 1335 2342 1407 ipsi
2364 1341 2421 1393 te
2442 1338 2498 1392 in
2523 1339 2818 1408 omnibus,
2835 1346 3110 1413 tanquam
3129 1343 3409 1402 invictum
3426 1348 3697 1420 clypeum

2050 1423 2111 1476 in
2162 1440 2416 1492 purpura
2463 1433 2822 1497 receperunt.
2880 1451 2900 1478 ι
2947 1431 3113 1486 ΑΙίυει
3160 1437 3296 1488 tono
3345 1435 3410 1490 IV
3452 1452 3466 1490 :
3524 1458 3550 1488 ι
3597 1438 3701 1494 84

2050 1510 2383 1582 Christiani,
2426 1515 2522 1585 qui
2570 1521 2626 1570 te
2672 1518 3123 1587 sanctissimam,
3175 1521 3382 1592 refugii
3430 1540 3592 1595 spem
3643 1534 3702 1581 et

2049 1600 2247 1656 auxilii
2287 1603 2608 1674 salutisque
2653 1607 2899 1677 gloriam
2951 1611 3106 1665 nacti
3157 1627 3364 1667 sumus
3411 1617 3694 1685 tanquam

2049 1689 2413 1760 praesidium,
2445 1708 2704 1757 oramus.
2758 1696 3105 1752 tutelaribus
3155 1698 3264 1753 alis
3317 1716 3415 1756 eos
3443 1701 3699 1758 circum-

2050 1779 2316 1834 ambiasl
2351 1781 2472 1836 Tua
2503 1782 2659 1838 enim
2707 1783 2942 1851 virtute,
2977 1787 3050 1841 ab
3101 1786 3371 1844 hostibus
3401 1791 3696 1848 victoriam

286 1860 608 1934 ἐξαιτοῦμεν
657 1861 732 1923 ὡς
793 1859 1015 1932 σκέπην,
1074 1855 1484 1935 πρεσϐευτικαῖς
1543 1861 1763 1934 περίεπε
1808 1859 1932 1916 πτέ-
1962 1889 2012 1954 Β
2051 1871 2368 1937 reportant.
2397 1888 2428 1918 »

290 1949 408 2023 ρυξι
443 1969 458 1982 ο
494 1949 552 2004 σὲ
583 1951 689 2025 γὰρ
718 1952 1002 2020 κέκτηνται
1057 1947 1212 2025 ἰσχὺν
1260 1953 1376 2005 κατ’
1414 1949 1627 2024 ἐχθρῶν
1674 1971 1937 2026 τροπαιο-

286 2041 482 2118 φόρον.
520 2063 547 2093 »

357 2131 436 2186 Β’.
474 2129 691 2201 Ἰστέον,
726 2131 811 2184 ὅτι
861 2130 1030 2202 ταύτῃ
1085 2133 1152 2202 τῇ
1212 2130 1374 2203 ἐορτῆ
1419 2127 1651 2204 γίνονται
1682 2130 1737 2182 αἱ
1768 2125 1936 2208 δοχαὶ

283 2216 483 2280 οὕτως·
519 2215 665 2294 δοχή
699 2219 743 2273 α’
773 2213 964 2288 ἔξωθεν
995 2221 1095 2287 τῆς
1123 2219 1372 2291 καμάρας
1402 2220 1498 2271 τοῦ
1529 2213 1865 2288 ἐμϐόλου,ἐν
1889 2217 1934 2288 ᾧ

271 2307 366 2363 καὶ
426 2308 456 2362 6
513 2307 649 2362 κίων
712 2306 952 2363 ἵσταται.
988 2307 1214 2382 Δέχεται
1274 2306 1445 2361 ἐκεῖσε
1497 2307 1524 2360 6
1576 2302 1932 2380 δημοκράτης

276 2399 388 2453 τῶν
418 2398 683 2466 Βενέτων,
713 2397 881 2472 ἤγουν
915 2397 942 2450 6
974 2394 1294 2469 δομέστικος
1353 2399 1460 2450 τῶν
1517 2396 1761 2470 σχολῶν,
1797 2395 1932 2466 μετᾶ

272 2491 373 2541 τοῦ
433 2489 728 2561 περατικοῦ
787 2482 971 2558 δήμου
1016 2489 1123 2540 τῶν
1185 2485 1439 2541 Βενέτων.
1474 2485 1625 2558 Δοχή
1687 2485 1733 2557 β’
1759 2483 1834 2545 εἰς
1864 2484 1927 2538 τὸ

282 2574 521 2650 ἀγωγὸν,
551 2577 608 2630 ’sv
641 2575 687 2647 ᾧ
715 2575 778 2630 τὸ
809 2571 954 2645 ὕδωρ
1001 2573 1165 2648 ἐκρεῖ.
1191 2574 1416 2649 Δέχεται
1465 2572 1638 2628 ἐκεῖσε
1687 2574 1714 2628 ὁ
1757 2570 1928 2646 δημο-

282 2663 486 2738 κρᾶτης
518 2669 628 2720 τῶν
665 2663 970 2738 Πρασίνων,
1002 2662 1167 2738 ἤγουν
1211 2665 1238 2718 6
1289 2657 1659 2723 ἐκσκοῦϐιτος.
1694 2664 1844 2738 Δοχή
1877 2669 1929 2738 γ’

284 2755 361 2818 εἷς
389 2757 482 2810 τὸν
545 2755 695 2828 ἅγιον
753 2754 996 2810 Μώκιον.
1031 2750 1255 2827 Δέχεται
1317 2751 1487 2806 ἐκεῖσε
1545 2753 1572 2806 6
1632 2749 1928 2826 δήμαρχος

279 2851 387 2900 τῶν
419 2845 658 2902 Βενέτων
703 2843 839 2916 μετὰ
868 2846 966 2896 τοῦ
998 2839 1179 2914 δήμου
1209 2845 1306 2896 τοῦ
1355 2839 1574 2896 λευκοῦ.
1609 2841 1761 2915 Δοχή
1795 2838 1842 2894 δ’
1871 2843 1924 2896 ἐν

279 2941 357 3008 τῷ
389 2932 735 3005 Ἐξακιονίῳ,
770 2933 996 3007 Δέχεται
1022 2931 1192 2986 ἐκεῖσε
1232 2931 1259 2985 6
1292 2927 1584 3004 δήμαρχος
1627 2934 1734 2984 τῶν
1786 2936 1925 3008 Πρα-

280 3024 434 3079 σῖνων
496 3023 633 3097 μετὰ
677 3027 776 3077 τοῦ
830 3019 1012 3094 δήμου
1042 3025 1139 3076 τοῦ
1171 3021 1414 3095 ῥουσίου.
1449 3021 1598 3096 Δοχή
1632 3025 1670 3074 ε’
1699 3019 1774 3082 εῗίς
1827 3023 1918 3075 τὸν

276 3113 609 3190 Ξηρόλοφον
641 3111 861 3186 ἀντικρὺ
883 3115 977 3165 τοῦ
1007 3110 1298 3184 εὐκτηρίου
1323 3113 1418 3164 τοῦ
1450 3109 1604 3183 ἁγίου
1655 3108 1913 3165 Καλλινί-

275 3222 390 3257 κου.
425 3204 654 3276 Δέχεται
685 3201 901 3255 κακεῖσε
933 3200 960 3254 6
992 3196 1282 3273 δήμαρχος
1340 3201 1448 3252 τῶν
1501 3200 1732 3253 Βενέτων
1781 3199 1915 3272 μετὰ

274 3294 361 3346 καὶ
406 3295 506 3346 τοῦ
556 3287 739 3362 δήμου
787 3293 884 3342 τοῦ
932 3287 1151 3344 λευκοῦ.
1187 3287 1338 3360 Δοχή
1382 3287 1426 3350 ς’
1471 3286 1546 3348 εἷς
1603 3287 1694 3342 τὸν
1755 3291 1915 3347 Βοῦν.

274 3380 495 3455 Δέχεται
529 3379 703 3434 ἐκεῖσε
730 3379 758 3434 6
805 3374 1162 3450 δημοκράτης
1189 3377 1298 3430 τῶν
1351 3376 1650 3449 Ιιρσσίνων,
1683 3377 1850 3451 ἤγουν
1892 3378 1920 3432 δ

275 3465 597 3541 δομὲστικος
629 3471 736 3523 τῶν
772 3459 1159 3521 ἐκσκουϐίτων.
1193 3464 1346 3538 Δοχή
1380 3468 1422 3533 ζ’
1450 3462 1527 3525 εἷς
1558 3464 1624 3519 τὰ
1666 3464 1712 3509 ³³
1744 3467 1921 3538 Ἀμα-

277 3562 528 3632 στριανοῦ
559 3559 694 3629 (81).
728 3556 954 3629 Δέχεται
985 3552 1156 3608 ἐκεῖσε
1186 3554 1213 3608 6
1257 3549 1614 3625 δημοκράτης
1661 3558 1769 3607 τῶν
1820 3559 1918 3609 Βε-

278 3649 460 3716 νέτων,
493 3645 664 3719 ἤγουν
698 3646 726 3699 6
759 3641 1081 3715 δομέστικος
1129 3646 1236 3697 τῶν
1289 3642 1524 3717 σχολῶν
1563 3644 1714 3720 Δοχὴ
1762 3645 1812 3712 η’
1844 3641 1919 3704 εἰς

276 3737 335 3792 τὸ
386 3732 786 3804 Φιλαδελφιον.
818 3731 1321 3810 Ὑποστρειρόμενος
1376 3732 1403 3784 6
1463 3727 1756 3804 δήμαρχος
1810 3735 1919 3786 τῶν

275 3826 509 3882 Βενέτων
575 3823 713 3896 μετὸ⁴
766 3826 863 3876 τοῦ
915 3819 1096 3893 δήμου
1153 3823 1248 3874 τοῦ
1297 3816 1515 3882 λευκοῦ,
1548 3823 1696 3872 ποιεῖ
1750 3817 1923 3874 ἐκεῖσε

272 3912 468 3989 δοχὴν.
505 3915 659 3991 Δοχή
693 3913 735 3966 θ’
762 3911 837 3972 εἰς
866 3911 958 3964 τὸν
987 3911 1223 3983 Ταῦρον.
1258 3908 1484 3982 Δέχεται
1515 3905 1683 3961 ἐκεῖσε
1712 3909 1740 3962 6
1773 3904 1922 3979 δήμ-

275 4023 448 4079 αρχος
502 4007 614 4057 τῶν
667 4000 945 4075 Πρασίνων
998 3997 1132 4071 μετα
1174 4001 1272 4051 τοῦ
1321 3993 1503 4069 δήμου
1544 3999 1643 4048 τοῦ
1679 3996 1918 4071 ῥουσίου.

277 4094 429 4167 Δοχὴ
470 4099 500 4144 ι’
532 4090 585 4145 ἐν
635 4093 715 4161 τῷ
763 4092 1038 4166 φουρνικῷ
1085 4090 1190 4140 τῶν
1246 4085 1586 4157 ἀρτοπωλῶν
1637 4085 1731 4141 ’3‘.
1768 4086 1921 4140 Ὑπο-

276 4182 641 4259 στρεφόμενος
691 4179 719 4233 6
766 4174 1059 4255 δήμαρχος
1142 4179 1248 4230 τῶν
1310 4174 1589 4248 Πρασίνων
1651 4175 1784 4246 μετὰ
1823 4179 1921 4230 τοῦ

272 4267 454 4341 δήμου
484 4273 584 4324 τοῦ
617 4265 864 4343 ῥουσίου,
897 4270 1046 4319 ποιεῖ
1076 4263 1248 4318 ἐκεῖαε
1279 4263 1473 4338 δοχήν.
1491 4265 1648 4342 Λοχή
1686 4265 1752 4317 ια’
1771 4262 1922 4336 ἐντῷ

269 4361 448 4437 φὸρῳ.
507 4355 1009 4433 Ὑποστρεφόμενος
1066 4354 1094 4407 6
1145 4349 1439 4426 δήμαρχος
1484 4357 1592 4437 τῶν
1645 4351 1924 4426 Ηρασίνων

277 4436 408 4519 μετᾶ
437 4449 538 4501 τοῦ
569 4442 750 4514 δήμου
780 4447 878 4497 τοῦ
909 4441 1131 4515 ῥουσίου
1162 4446 1311 4496 ποιεῖ
1340 4441 1511 4494 ἐκεῖσε
1541 4436 1740 4515 δοχήν.
1767 4441 1920 4518 Δοχή

276 4537 341 4611 ιβ’
373 4535 429 4590 ἐν
463 4539 544 4607 τῷ
574 4533 914 4607 πραιτωρίῳ.
949 4530 1172 4605 Δέχεται
1204 4528 1372 4583 ἐκεῖσε
1404 4529 1431 4583 6
1479 4524 1770 4605 δήμαρχος
1814 4533 1924 4583 τῶν

2116 2132 2186 2189 ΙΙ.
2219 2132 2529 2190 Sciendum
2561 2139 2671 2202 est,
2703 2136 2812 2192 hoc
2859 2139 3008 2195 festo
3058 2141 3348 2212 principes
3395 2143 3472 2198 ita
3503 2143 3686 2217 excipi

2043 2220 2244 2277 solere.
2270 2222 2464 2278 Prima
2498 2225 2748 2296 receptio
2771 2226 2836 2280 fit
2853 2234 3016 2282 extra
3035 2243 3321 2286 cameram
3348 2232 3407 2286 in
3437 2235 3682 2304 porticu,

2043 2310 2140 2364 ubi
2174 2315 2232 2365 et
2259 2311 2535 2367 columna
2565 2319 2699 2368 stat.
2733 2315 2834 2370 Hic
2884 2316 3150 2386 princeps
3197 2319 3544 2377 Venetorum
3580 2340 3680 2380 seu

2039 2398 2397 2455 domesticus
2425 2400 2756 2457 scholarum
2789 2419 2920 2459 cum
2943 2407 3180 2462 Venetis
3202 2408 3384 2463 adest.
3413 2408 3683 2478 Receptio

2036 2489 2296 2543 secunda
2320 2491 2388 2543 ad
2422 2490 2859 2560 aqueductum,
2893 2509 2995 2564 per
3023 2511 3195 2566 quem
3243 2514 3397 2568 aqua
3440 2499 3629 2554 etﬂuit
3661 2517 3674 2554 :

2037 2583 2153 2632 stat
2181 2577 2256 2632 ibi
2293 2577 2562 2649 princeps
2591 2579 2965 2637 Prasinorum
2999 2599 3099 2638 seu
3133 2584 3454 2642 excubitor.
3487 2587 3682 2645 Tertia

2037 2665 2096 2720 in
2127 2666 2187 2721 S.
2221 2665 2409 2735 Mocii,
2442 2667 2541 2721 ubi
2577 2669 2917 2726 Venetorum
2952 2670 3224 2727 tribunus
3270 2691 3402 2729 cum
3455 2676 3667 2748 populo

2036 2753 2167 2808 albo
2197 2755 2381 2808 adest.
2414 2757 2630 2820 Quarta
2659 2758 2717 2811 in
2753 2758 3074 2827 Exacionio,
3109 2762 3205 2816 ubi
3238 2762 3509 2818 tribunus
3539 2765 3678 2820 Pra-

2035 2842 2296 2898 sinomm
2328 2859 2457 2898 cum
2492 2845 2736 2900 factione
2766 2863 2956 2902 russa.
2989 2849 3203 2912 Quinta
3232 2851 3292 2906 in
3343 2852 3676 2924 Xerol0pho

2033 2947 2064 2986 e
2112 2947 2346 3002 regione
2393 2932 2584 2987 sacelli
2631 2934 2686 2988 S.
2736 2935 2998 2990 Callinici
3041 2953 3056 2992 :
3108 2944 3226 2992 stat
3274 2938 3355 2994 ibi
3403 2941 3677 2996 tribunus

2031 3019 2404 3075 Prasinorum
2438 3037 2570 3076 cum
2605 3022 2816 3093 populo
2848 3023 3000 3082 albo.
3033 3025 3205 3080 Sexta
3236 3027 3291 3081 in
3319 3029 3440 3084 foro
3467 3030 3673 3085 Buvis:

2030 3106 2110 3162 ibi
2144 3108 2414 3178 princeps
2448 3108 2818 3177 Prasiporum
2852 3128 2950 3167 seu
2985 3112 3342 3169 domesticus
3375 3116 3675 3172 excubito-

2035 3212 2187 3251 rum.
2232 3196 2492 3268 Septima
2533 3197 2590 3252 in
2627 3199 2745 3254 foro
2777 3200 3145 3257 Amastriano
3180 3219 3192 3257 :
3225 3208 3341 3258 stat
3373 3203 3449 3258 ibi
3487 3205 3673 3259 Vene-

2033 3290 2224 3340 torum
2261 3287 2528 3356 princeps
2557 3302 2656 3342 seu
2689 3287 3044 3344 domesticus
3076 3290 3428 3346 scholarum.
3462 3294 3679 3349 Octava

2030 3374 2089 3427 in
2141 3374 2542 3446 Philadelphio
2593 3391 2606 3430 :
2661 3383 2951 3431 revertens
3002 3377 3355 3436 Venetorum
3403 3380 3678 3437 tribunus

2032 3477 2162 3516 cum
2216 3463 2426 3534 populo
2478 3463 2606 3519 albo
2655 3463 2733 3516 ibi
2782 3465 3074 3534 principes
3123 3467 3353 3538 excipit.
3406 3468 3573 3524 Nona
3617 3469 3677 3524 in

2031 3551 2219 3605 Tauro
2249 3568 2262 3606 :
2291 3553 2384 3604 ubi
2418 3553 2688 3606 tribunus
2720 3552 3084 3608 Prasinoruln
3116 3571 3247 3609 cum
3277 3556 3490 3627 populo
3516 3573 3678 3613 russo

2029 3642 2211 3696 adest.
2245 3642 2476 3696 Drcima
2507 3641 2564 3695 in
2612 3643 2834 3698 fornice
2880 3643 3162 3712 pistorum
3196 3661 3209 3698 :
3244 3654 3540 3701 revertens
3572 3647 3675 3700 tri-

2029 3730 2224 3784 bunus
2272 3729 2670 3797 Prasinorum,
2725 3747 2862 3786 cum
2912 3732 3119 3801 papulo
3170 3749 3339 3787 russo
3393 3735 3680 3804 principes

2031 3817 2264 3888 excipit.
2300 3817 2615 3875 Undecima
2666 3821 2724 3874 in
2758 3822 2876 3874 foro
2912 3837 2925 3875 :
2960 3827 3255 3875 revertens
3300 3824 3678 3876 Prasinorum

2030 3907 2323 3974 tribunus,
2357 3923 2488 3961 cum
2526 3908 2740 3979 populo
2773 3925 2939 3964 russo
2965 3916 3173 3980 praesto
3195 3920 3298 3966 est.
3333 3914 3680 3966 Duodecima

2031 3996 2090 4051 in
2127 3995 2386 4068 praetorio
2419 4011 2432 4051 :
2466 4002 2580 4050 stat
2613 3997 2694 4051 ibi
2724 3997 2998 4053 tribunus
3028 3997 3375 4054 Venetorum
3411 4015 3541 4055 cum
3577 4017 3676 4071 po-

2031 4085 2169 4156 pulo
2200 4087 2351 4141 albo.
2385 4084 2623 4142 Decima
2651 4089 2820 4141 tertia
2850 4087 2910 4142 in
2943 4088 3158 4142 fornice
3178 4087 3322 4142 Milii
3348 4105 3361 4144 ε
3388 4100 3679 4144 reverlens

2031 4175 2304 4230 tribunus
2335 4173 2687 4230 Venetorum
2740 4191 2874 4231 cum
2932 4175 3150 4246 populo
3199 4175 3332 4231 albo
3384 4178 3678 4248 principes

2032 4263 2263 4333 excipit.
2289 4264 2411 4318 Non
2447 4264 2644 4334 procul
2677 4265 2812 4319 inde
2845 4264 3114 4334 princeps
3153 4264 3551 4332 Prasinorum,
3575 4283 3674 4320 seu

2033 4352 2356 4419 excubitor,
2400 4368 2535 4406 cum
2587 4353 2922 4407 transitoria
2972 4353 3218 4408 factione
3264 4353 3522 4417 Prasina,
3573 4370 3677 4409 nec

2037 4457 2248 4512 magno
2280 4440 2470 4510 spatio
2501 4441 2802 4510 interjccto
2837 4447 3128 4496 revertens
3169 4442 3543 4496 Prasinorum
3577 4444 3681 4496 tri-

2035 4529 2232 4584 bunus
2262 4543 2390 4583 cum
2435 4529 2645 4600 populo
2678 4545 2869 4594 russo,
2902 4535 3037 4583 ante
3085 4529 3378 4585 Achilleas
3421 4530 3680 4586 thermas

274 4609 511 4682 Βενέτων
545 4623 680 4697 μετὰ
727 4625 825 4678 τοῦ
873 4617 1054 4693 δήμου
1100 4622 1196 4673 τοῦ
1229 4615 1446 4674 λευκοῦ.
1480 4619 1632 4692 Δοχή
1668 4619 1732 4692 ιγ’
1757 4615 1810 4671 ἐν
1839 4621 1918 4690 τῷ

2042 4619 2108 4673 ad
2142 4623 2365 4688 portam
2401 4617 2632 4672 Meletes
2681 4618 2863 4672 adest.
2900 4618 3244 4672 Venetorum
3296 4625 3488 4675 autem
3523 4620 3680 4691 prin-

272 4718 548 4792 φουρνικῷ
593 4717 690 4767 τοῦ
739 4709 964 4768 Μιλίου.
1017 4708 1512 4787 Ὑποστρεφόμενος
1550 4708 1578 4760 6
1630 4705 1924 4784 δήμαρχος

274 4808 378 4858 τῶν
413 4801 644 4858 Βενέτων
682 4801 817 4875 μετὰ
846 4803 943 4854 τοῦ
974 4795 1156 4870 δήμου
1184 4801 1280 4851 τοῦ
1314 4797 1532 4864 λευκοῦ,
1564 4801 1710 4850 ποιεῖ
1753 4797 1924 4870 ἐκεῖσε

277 4890 472 4967 ὃοχήν.
511 4891 612 4948 Καὶ
660 4888 828 4945 πάλιν
883 4889 1017 4960 μετά
1062 4886 1254 4962 μικρὸν
1301 4887 1400 4954 τῆς
1448 4883 1706 4956 τοιαύτης
1746 4883 1926 4958 δοχῆς

2033 4723 2170 4778 ceps
2218 4723 2320 4760 seu
2371 4705 2721 4760 domesticus
2769 4703 3102 4760 scholarum
3161 4722 3290 4762 cum
3341 4708 3678 4764 transitoria

2035 4796 2385 4850 Venetorum
2434 4793 2647 4865 papulo
2700 4793 2760 4848 in
2809 4794 3080 4850 cancellis
3137 4795 3368 4852 chalces
3427 4814 3524 4853 eos
3582 4814 3679 4852 ex-

2035 4886 2196 4956 cipit.

279 4979 492 5057 δὲγεται
548 4983 576 5036 6
635 4977 988 5052 δημοκρατης
1043 4981 1152 5032 τῶν
1201 4975 1497 5045 Πρασίνων,
1529 4975 1696 5050 ἤγουν
1757 4975 1785 5029 6
1842 4968 2219 5038 ἐκσκυῦϐιτος,
2282 4970 2416 5044 μετᾶ
2467 4973 2564 5024 τοῦ
2621 4975 2912 5046 περατικοῦ
2971 4969 3153 5047 δήμου
3210 4977 3317 5029 τῶν
3373 4972 3674 5048 Πρασῖνων,

278 5045 376 5128 κρέξ
433 5071 597 5127 πάλιν
663 5045 1042 5144 μετκμικ-ρὸν
1095 5045 1633 5142 ὑποστρεφόμενοςδ
1679 5060 1971 5138 δήμαρχος
2014 5066 2123 5118 τῶν
2172 5059 2450 5134 Ιίρασῖνων
2503 5062 2636 5133 μετὰ
2665 5045 2764 5116 του
2796 5059 2980 5133 δήμου
3008 5045 3105 5116 τοῦ
3136 5061 3381 5138 ῥουσίου,
3425 5045 3675 5116 ποιοῦσιν

277 5160 444 5217 ἐκεῖσε
502 5159 674 5236 δοχὴν
736 5157 957 5232 ἀντικρὺ
1011 5159 1109 5210 τοῦ
1140 5152 1450 5232 Ἀχιλλέως
1490 5153 1624 5228 πρὸς
1671 5153 1768 5221 τὴν
1814 5152 1997 5224 πύλην
2045 5153 2144 5220 τῆς
2196 5146 2468 5219 Μελέτης,
2500 5151 2588 5204 καὶ
2640 5149 2806 5205 πάλιν
2860 5150 2994 5223 μετὰ
3044 5151 3236 5225 μικρὸν
3283 5155 3382 5216 τῆς
3413 5148 3673 5216 τοιαύτης

1638 5279 1875 5336 νΑΒιλΕ
1914 5276 2211 5335 LECTION
2220 5276 2320 5332 ES.

346 5407 394 5442 ³³
422 5404 687 5477 πανάγεον
743 5409 808 5457 ut
853 5417 1030 5473 supra
1073 5401 1227 5472 conj.
1259 5397 1453 5454 Leich.
1531 5394 1578 5430 ³³
1609 5393 1684 5455 εἷς
1731 5392 1797 5449 τὰ
1844 5395 1937 5464 3.,
1969 5391 2046 5454 εἰς
2092 5393 2219 5448 cod.
2252 5407 2542 5464 superscr.
2572 5409 2623 5461 1,
2651 5389 2728 5452 εἰς
2771 5389 2862 5445 τὸν
2895 5393 2987 5448 ed.
3062 5392 3132 5427 ²³”
3163 5385 3525 5462 ἀρταπωλίων
3557 5390 3686 5445 cod.

1316 5522 1512 5580 JOAN.
1556 5519 1701 5577 JAC.
1743 5517 2011 5575 REISKII
2049 5514 2646 5574 COMMENTARIUS.

350 5665 463 5744 (8_i)
511 5662 784 5744 Quando
810 5659 1160 5744 cmnobium-
1192 5658 1450 5744 indicare
1486 5654 1709 5744 .volunt

287 5720 498 5796 ab‘héc
519 5720 620 5792 ἶνοι
647 5734 750 5789 illo
773 5732 1069 5789 structum
1111 5739 1210 5788 aut
1263 5729 1731 5789 denominatum,
1775 5720 1935 5776 adhi-

603 5865 872 5924 PATBOL.
920 5860 1030 5920 Gn.
1077 5858 1260 5920 CXII.

2045 5647 2185 5703 bent
2215 5655 2491 5720 neutrum
2540 5645 2761 5720 plurale
2801 5645 3006 5720 τάκ-οι
3050 5643 3118 5698 τὰ
3156 5643 3584 5720 Ἀμαστριανῶ,
3631 5641 3697 5696 τὰ

2052 5722 2286 5788 ἷέαρσοῦ,
2317 5720 2381 5771 τὰ
2413 5712 2729 5787 Ὀλυϐρίου,
2759 5724 2868 5772 etc.
2900 5715 3029 5772 Vid.
3065 5731 3196 5788 pag.
3232 5713 3369 5773 102.

3353 5843 3390 5896 8
