4126 6314
305 389 424 450 239

1392 382 1920 447 CONSTANTINI
1967 383 2664 444 POBPHYHOGENITI

3600 381 3720 442 240

306 521 593 592 Suprema
638 517 918 582 Trinitas,
949 519 1018 572 N.
1061 515 1131 570 N.
1173 530 1206 570 a
1253 514 1370 571 Deo
1419 514 1705 583 coronati,
1739 530 1952 569 corona

2063 509 2245 566 Ἀλλὸ
2294 509 2480 586 ἤχ.δ’·
2551 533 2572 561 τι
2613 512 2673 566 Ἣ
2739 511 3074 589 ὖπεράρχιος
3129 513 3238 585 (94)
3291 511 3480 586 Τριᾶςι
3524 508 3720 566 ὁὸεἷνα

308 616 500 665 vestra
548 614 822 680 perpetuo
870 604 1214 660 delectatur.
1267 603 1382 658 Hoc
1429 605 1586 658 enim
1638 604 1733 658 die
1785 608 1951 658 Pater

307 697 539 754 tabulas
577 695 726 751 Mosi
759 693 958 761 tradit,
996 692 1152 746 ﬁlius
1193 691 1476 762 Spiritum
1516 697 1782 748 sanctum
1816 707 1951 762 apo-

309 785 473 842 stolis
515 785 716 849 donat,
748 784 872 854 ipse
901 781 1152 853 Spiritus
1191 779 1251 834 in
1282 779 1504 852 linguis
1547 781 1735 852 igneis
1773 796 1952 851 appa-

310 880 417 931 ret.
467 873 775 943 Triplicato
825 874 1017 925 autem
1061 867 1210 924 festo
1257 874 1470 936 vestro,
1516 868 1759 934 domini,
1813 869 1957 924 cele-

309 963 511 1018 bratur
550 960 744 1025 hodie,
777 974 902 1029 quae
941 972 1046 1012 vos
1076 956 1393 1024 coronavit,
1437 956 1955 1012 consubstantialis

308 1051 582 1107 Trinitas.
633 1071 654 1097 ιι
699 1044 969 1116 Receptio
1013 1045 1240 1116 quinta,
1278 1046 1669 1114 Prasinorum,
1703 1045 1956 1114 hymnus

311 1144 432 1195 ton.
475 1137 552 1194 ΙΙΙ
579 1153 594 1192 :
620 1159 640 1185 ι
678 1135 884 1191 Portus
914 1134 1122 1190 divina;
1153 1133 1452 1201 doctrina,
1488 1135 1674 1190 sancti
1704 1135 1958 1203 Spiritus

304 1227 493 1302 gratia
522 1249 550 1275 ››
596 1224 937 1296 Apelaticus
985 1224 1242 1297 hymnus
1277 1241 1291 1278 :
1341 1246 1369 1274 «
1401 1226 1447 1279 A
1491 1229 1693 1280 sancto
1736 1224 1956 1295 Spiritu

303 1334 426 1382 vos,
461 1313 682 1371 domini
714 1316 1133 1380 Romanorum,
1165 1314 1428 1369 coronati
1461 1313 1618 1375 estis,
1652 1320 1710 1368 et
1740 1312 1798 1367 in
1831 1313 1956 1384 ipso

305 1407 586 1478 papulum
619 1409 908 1464 vestrum,
941 1401 1000 1457 in
1031 1403 1192 1457 omni
1220 1405 1462 1456 veritate
1491 1401 1746 1456 divinam
1783 1403 1960 1468 maje-

306 1499 519 1551 statem
555 1495 797 1548 adorare
828 1492 1065 1546 docetis.
1107 1510 1135 1540 »
1173 1489 1443 1560 Receptio
1490 1495 1675 1556 sexta,
1707 1489 1958 1544 Veneto-

306 1600 456 1647 rum,
481 1584 736 1655 hymnus
766 1585 902 1635 tono
927 1579 1037 1634 IV:
1071 1600 1098 1629 ‹‹
1133 1579 1338 1652 Specie
1369 1579 1522 1649 ignis
1544 1578 1818 1650 Spiritus,
1849 1583 1956 1649 etc.

303 1673 486 1738 Alius,
519 1670 756 1741 obliquo
787 1667 895 1724 IV:
933 1690 960 1717 »
998 1673 1146 1723 Deus
1180 1666 1436 1738 Spiritus
1475 1668 1646 1722 hodie
1677 1666 1958 1736 apostolis

308 1763 404 1818 31
452 1761 510 1814 in
551 1757 770 1828 linguis
801 1757 1047 1828 ﬁguram
1082 1756 1237 1827 ignis
1269 1755 1624 1810 habentibus
1665 1754 1958 1826 apparuit,

306 1854 366 1905 et
397 1864 515 1917 vos,
545 1865 576 1902 a
608 1847 724 1901 Deo
765 1845 1025 1901 coronati
1073 1843 1470 1914 imperatores,
1507 1860 1766 1916 purpura
1795 1860 1954 1900 coro-

308 1951 501 2008 naque
525 1938 774 2002 ornavit,
809 1949 875 1989 ac
906 1932 1101 1988 divino
1141 1931 1386 1987 consilio
1429 1931 1711 1987 Romanis
1743 1948 1844 2004 pro
1875 1932 1959 1989 di.

307 2028 528 2092 imitate
551 2024 836 2095 imperare
865 2027 1208 2093 potestatem
1239 2020 1416 2076 dedit.
1451 2021 1651 2076 Gloria
1691 2022 1826 2089 Deo,
1860 2019 1959 2092 qui

315 2132 416 2171 vos
460 2117 517 2170 in
552 2115 797 2170 salutem
841 2113 1237 2169 Romanorum
1276 2113 1593 2168 coronavit.
1630 2133 1656 2161 n
1691 2114 1753 2167 In
1805 2129 1958 2168 rece-

312 2205 509 2277 ptione
562 2209 726 2260 sexta
781 2204 856 2257 ita
909 2202 1263 2258 acclamatur
1307 2218 1320 2255 :
1381 2205 1650 2257 cantores
1701 2201 1957 2256 dicunt:

301 2316 332 2346 ‹‹
363 2294 592 2357 Multos,
621 2291 1128 2353 multos.multosl
1172 2312 1201 2341 ››
1236 2291 1534 2362 Populus:
1571 2310 1599 2340 «
1635 2292 1698 2345 In
1735 2290 1956 2346 multos

305 2399 514 2450 annos,
544 2383 601 2436 in
656 2379 910 2436 multos!
947 2401 974 2432 ι
1009 2381 1286 2435 Cantores
1323 2395 1336 2433 :
1371 2402 1398 2428 ‹‹
1428 2379 1666 2435 Creator
1694 2378 1956 2434 omnium

311 2476 368 2527 et
414 2469 721 2526 Dominus.
767 2489 795 2517 »
844 2467 1069 2523 Clamat
1109 2471 1166 2522 et
1216 2466 1468 2538 populus
1507 2478 1640 2522 ter:
1687 2487 1712 2518 α
1761 2467 1959 2538 Longa

310 2559 476 2614 vobis
519 2555 825 2628 tempora!
877 2576 907 2605 »
963 2556 1280 2610 Cantorts:
1339 2573 1362 2602 ι
1413 2554 1778 2610 Paracletum
1828 2572 1960 2610 san-

309 2651 470 2703 ctum
531 2660 646 2716 quc
684 2643 993 2714 Spiritum.
1036 2663 1066 2694 »
1115 2642 1342 2698 Clamat
1382 2647 1440 2697 et
1498 2642 1748 2714 populus
1805 2647 1894 2699 ter
1939 2657 1954 2696 :

311 2759 340 2786 «
375 2734 573 2806 Longa
600 2733 766 2788 vobis
797 2730 1098 2803 tempora!
1135 2752 1162 2779 »
1199 2730 1515 2787 Cantores:
1550 2754 1577 2781 «
1612 2731 1719 2796 Qui
1754 2731 1812 2786 in
1844 2730 1956 2786 lin-

306 2825 444 2897 guis
469 2819 866 2895 apostolorum
892 2820 1199 2877 demisit.»
1222 2819 1450 2875 Clamat
1468 2825 1525 2875 et
1556 2821 1805 2890 populus
1830 2826 1952 2877 ter:

308 2935 338 2963 ‹‹
373 2913 568 2981 Longa
599 2910 761 2966 vobis
800 2908 1093 2979 tempora!
1147 2928 1177 2962 ι»
1207 2908 1484 2964 Cantores
1515 2925 1528 2963 :
1566 2930 1593 2959 α
1642 2911 1840 2964 Annos
1870 2925 1957 2964 ve-

311 3005 485 3065 stros,
502 3003 898 3072 Augustarum
921 3005 978 3054 et
997 3000 1638 3071 porphyrogenitorum,
1655 2998 1899 3070 augeat!
1925 3020 1952 3048 ››

308 3090 536 3145 Clamat
563 3096 620 3144 et
652 3088 894 3160 populus
912 3094 998 3142 ter
1029 3105 1043 3143 :
1089 3109 1119 3138 ‹‹
1157 3092 1494 3158 ιιυηεειινοω
1533 3087 1686 3142 Deus
1727 3103 1952 3142 sacram

309 3179 680 3247 majestatem
744 3185 988 3232 vestram
1051 3191 1179 3232 esse
1229 3174 1473 3244 jubeatl
1519 3197 1546 3225 »
1597 3175 1838 3231 Trilexia
1893 3176 1950 3231 in

1984 1885 2054 1954 Β.

2065 600 2153 654 καὶ
2201 599 2228 653 6
2285 595 2431 654 δεῖνα
2477 600 2814 664 θεόστεπτοι,
2866 597 3186 672 ἀδιαιρέτως
3270 597 3324 652 ἐν
3385 603 3465 671 τῷ
3533 597 3716 676 στέφει

2067 689 2220 760 ὑμῶν
2277 685 2545 741 δείκνυται
2602 685 2916 741 εὖδοκαῦσα·
2973 685 3024 741 ἐν
3091 685 3259 758 ταύτῃ
3299 687 3402 762 γὰρ
3431 690 3500 760 τῇ
3533 687 3716 762 ἡμέρᾳ

2065 777 2250 848 Πατὴρ
2307 778 2402 838 τας
2456 774 2658 837 πλέκας
2720 777 2897 849 Μωσῇ
2956 774 3205 850 παρέχει,
3239 775 3365 836 Υἱὸς
3403 775 3466 829 τὸ
3499 778 3719 848 Πνεῦμα

2064 870 2180 925 τοῖς
2239 867 2508 936 μαθηταῖς
2560 861 2838 939 δωρεῖται,
2895 863 3029 919 αὐτὸ
3086 865 3148 918 τὸ
3201 867 3417 935 Πνεῦμα
3465 863 3720 936 πυρίναις

2065 952 2341 1030 γλώσσαις
2390 953 2729 1026 τυποόμενον
2780 954 3121 1030 φανεροῦται·
3180 951 3723 1027 τριπλασιαζομένης

2069 1041 2126 1099 δὲ
2192 1051 2292 1113 τῆς
2351 1044 2543 1117 ἑορτῆς
2604 1043 2778 1116 ὑμῶν,
2829 1041 3167 1117 Θεολογεῖται
3225 1044 3337 1114 (95)
3393 1047 3630 1117 σήμερον
3685 1045 3721 1111 ἡ

2067 1132 2362 1204 ὁμοούσιος
2395 1134 2560 1206 Τριάς
2609 1137 2640 1200 ἡ
2703 1130 2966 1209 στέφουσα
3023 1131 3182 1203 ὑμᾶς.
3213 1153 3241 1180 ››
3300 1131 3456 1204 Δοχή
3507 1132 3564 1198 ε’,
3611 1135 3720 1186 τῶν

2069 1221 2369 1295 Πρασίνων,
2403 1225 2553 1300 (ptavi;
2587 1223 2689 1296 ἤχ,
2723 1223 2792 1298 γ’·
2829 1247 2856 1272 ι(
2892 1221 3073 1294 Λιμὴν
3104 1225 3212 1275 τῶν
3255 1219 3414 1284 θείων
3448 1216 3720 1295 διδαγμά-

2065 1313 2259 1379 των,ἡ
2290 1315 2386 1365 τοῦ
2441 1310 2701 1384 παναγίου
2757 1309 3065 1383 Πνεόματος
3114 1310 3356 1383 χάρις.»
3423 1306 3725 1363 Ἀ’πελατι-

2066 1399 2180 1459 κός·
2226 1423 2252 1451 ‹‹
2310 1403 2399 1470 Τῷ
2454 1400 2597 1475 ἁγίῳ
2657 1397 2931 1470 Ῐινεόματι
2985 1397 3294 1474 ἐστέφθητε,
3356 1399 3407 1451 οἱ
3465 1393 3720 1452 δεσπόται

2067 1492 2175 1543 τῶν
2208 1486 2518 1560 Ῥωμαίων,
2549 1486 2641 1542 καὶ
2669 1487 2720 1542 έν
2752 1487 2900 1558 αὐτῷ
2956 1484 3209 1562 ὁδηγεῖτε
3239 1486 3330 1540 τὸν
3379 1483 3510 1539 λαὸν
3567 1486 3722 1557 ὑμᾶρν

2067 1579 2119 1636 ἐν
2153 1579 2295 1654 πάσῃ
2350 1586 2669 1655 προσκυνεῖν
2727 1577 2957 1650 ἀληθείᾳ
3015 1579 3076 1634 τὸ
3149 1579 3528 1653 τρισυπέρθεον
3585 1578 3720 1653 κρά-

2065 1689 2180 1730 τος,
2217 1693 2244 1719 ››
2277 1669 2432 1743 Δοχὴ
2469 1669 2537 1736 ς’,
2569 1674 2676 1722 τῶν
2713 1666 2972 1736 Βενέτων,
2995 1667 3151 1741 φωνὴ
3183 1665 3283 1742 ἤχ·
3322 1664 3384 1724 δ’.
3455 1689 3480 1719 α
3539 1666 3717 1740 Πυρὸς

2069 1757 2120 1811 έν
2153 1754 2283 1812 εἷ’δει
2332 1758 2395 1812 τὸ
2446 1761 2664 1830 Πνεῦμα
2709 1780 2736 1807 ››
2793 1755 2881 1812 καὶ
2931 1757 2997 1811 τὰ
3051 1757 3191 1826 ἑξῆς.
3232 1753 3418 1813 ’Ἄλλο
3449 1756 3613 1829 πλαγ.
3653 1752 3716 1809 δ”

2079 1870 2105 1900 ι
2163 1845 2290 1906 Θεὸς
2335 1846 2398 1900 τὸ
2449 1850 2685 1918 Πνεῦμα,
2738 1847 2976 1918 σήμερον
3006 1843 3303 1921 ἐγνωρίσθη
3326 1850 3442 1906 τοῖς
3475 1843 3718 1898 ἀποστό·

2069 1934 2190 1995 λοις
2222 1933 2272 1988 ἐν
2301 1931 2579 2008 γλώσσαις
2627 1933 3018 2010 πυριμόριροις,
3077 1933 3166 1987 καὶ
3213 1933 3372 2005 ὑμᾶς,
3406 1934 3742 1988 Θεόστεπτοι’

2069 2023 2366 2100 εὐεργέται,
2397 2028 2466 2097 τῇ
2525 2020 2807 2098 ἁλουργίδι
2865 2023 2957 2077 καὶ
3001 2027 3081 2093 τῷ
3125 2020 3574 2101 στέφειδοξάσας,
3607 2020 3721 2077 ἐδι-

2067 2109 2298 2162 καίωσεν
2361 2105 2625 2182 βουλήσει
2684 2107 2946 2180 Οεοκρίτῳ
2981 2104 3285 2180 βασιλεύειν
3318 2105 3549 2180 ἐπαξίως
3582 2109 3720 2164 Ῥω-

2070 2195 2270 2268 μαίων.
2303 2195 2438 2267 Δόξα
2496 2199 2613 2266 Θεῷ
2667 2199 2748 2266 τῷ
2808 2195 3058 2268 στέψαντι
3114 2195 3254 2267 ὑμᾶς
3312 2195 3390 2257 εἴς
3448 2197 3720 2272 ἀνέγερσιν

2065 2285 2381 2357 Ῥωμαίων.
2419 2307 2448 2334 ››
2479 2282 2815 2358 Ἀκτολογία
2852 2289 2953 2352 τῆς
3002 2279 3164 2352 ἕκτης
3205 2280 3402 2359 δοχῆς.
3465 2285 3723 2360 Λέγουσιν

2069 2372 2122 2427 o't
2171 2373 2420 2446 κράκται·
2457 2395 2486 2422 ο(
2519 2371 2732 2437 Πολλὰ,
2765 2370 2951 2426 πολλὰ
2980 2369 3188 2429 πολλαί.
3224 2397 3251 2423 ››
3275 2375 3336 2429 Ὀ
3371 2372 3526 2436 λαός·
3564 2398 3591 2426 ‹‹
3628 2377 3723 2439 Εἰς

2067 2461 2254 2518 πολλὰ
2283 2461 2400 2532 ἔτη,
2434 2462 2508 2522 εἷς
2533 2459 2744 2517 πολλά.
2781 2486 2808 2514 ››
2841 2462 2908 2518 Οἱ
2949 2459 3198 2537 κρᾶκταιο
3235 2486 3263 2514 ‹‹
3307 2464 3367 2520 Ὀ
3414 2469 3523 2518 τῶν
3583 2464 3721 2520 πάν-

2067 2573 2175 2605 των
2211 2551 2450 2620 Ποιητὴς
2481 2550 2568 2604 καὶ
2603 2548 2897 2619 Δεσπότης.
2931 2573 2958 2601 ››
3018 2553 3261 2625 Φθογγεῖ
3313 2552 3402 2606 καὶ
3427 2552 3455 2607 ὀ
3504 2553 3634 2615 Λαὸς
3663 2553 3726 2609 ἐκ

2065 2636 2272 2708 τρίτου·
2303 2661 2329 2688 ‹‹
2372 2635 2580 2691 Πολλοὶ
2625 2639 2756 2708 ὒμῖν
2791 2638 3008 2712 χρόνοι.
3060 2661 3088 2688 ››
3118 2639 3185 2694 Οἱ
3219 2639 3469 2714 κράκται.
3501 2664 3528 2691 ‹‹
3562 2641 3626 2698 Ὁ
3655 2641 3721 2697 τὸ

2065 2725 2418 2801 παράκλητον
2477 2727 2567 2780 καὶ
2628 2726 2783 2799 ἅγιον
2818 2731 3056 2799 Πνεῦμα.
3079 2750 3107 2777 ››
3147 2729 3381 2803 Φθογγεῖ
3409 2728 3497 2783 καὶ
3530 2731 3558 2785 6
3586 2729 3720 2795 λαὸς

2066 2816 2126 2872 ἐκ
2152 2824 2216 2892 γύ
2271 2842 2298 2868 ‹‹
2352 2815 2558 2872 Πολλοὶ
2607 2817 2734 2889 ὑμῖν
2775 2818 2989 2891 χρόνοι.
3035 2842 3062 2869 ››
3113 2819 3180 2875 Οἱ
3234 2819 3480 2892 κράκται.
3534 2845 3561 2872 (ι
3607 2823 3725 2879 Κα-

2062 2907 2348 2979 ταπέμψας
2401 2905 2452 2960 ἐν
2507 2904 2782 2980 γλώσσαις
2827 2911 2933 2960 τῶν
2989 2906 3336 2963 ἀποστόλων.
3396 2934 3418 2961 ι
3483 2915 3728 2986 Φθογγεῖ

2064 2994 2153 3048 καὶ
2206 2995 2233 3047 6
2293 2993 2425 3055 λαὸς
2474 2991 2534 3047 ἐκ
2588 2994 2791 3068 τρῖτου³
2835 3019 2860 3044 ‹‹
2916 2993 3127 3051 Πολλοὶ
3177 2996 3302 3067 ὑμῖν
3339 2995 3623 3071 χρόνοι.»
3656 3001 3726 3056 Oi.

2063 3081 2312 3156 κράκται·
2357 3106 2384 3135 ‹‹
2442 3083 2582 3142 Τοὺς
2633 3083 2867 3157 χρόνους
2922 3083 3075 3156 ὑμῶν
3121 3082 3394 3156 πληθυνεῖ
3449 3087 3540 3142 σὺν
3604 3095 3727 3150 ταῖς

2063 3171 2387 3247 αὑγοῦσταις
2434 3173 2523 3226 καὶ
2581 3178 2697 3235 τοῖς
2743 3175 3303 3250 πορφυρογεννήτοις.
3377 3199 3402 3227 υ
3485 3179 3728 3254 Φθογγεῖ

310 3267 581 3323 eumdem
634 3266 848 3321 festum
882 3265 1060 3331 diem,
1091 3265 1208 3320 obl.
1243 3267 1356 3320 1V:
1392 3287 1418 3313 α
1461 3263 1708 3334 Suscipe
1739 3281 1952 3333 servos,

2070 3260 2158 3315 καὶ
2190 3261 2218 3314 6
2250 3260 2379 3322 λαις
2415 3260 2475 3314 ἐκ
2503 3263 2569 3337 γ’·
2602 3285 2630 3312 ‹‹
2687 3259 3060 3336 Πολυχρόνιον
3093 3265 3312 3333 ποιήσει
3366 3264 3394 3318 6
3443 3265 3574 3327 Θεὸς
3627 3269 3728 3336 τήν

312 3353 573 3419 Domine,
605 3353 878 3425 pietatem
912 3358 1074 3408 tuam
1105 3359 1280 3408 cantu
1309 3351 1704 3409 celebraturos
1737 3371 1750 3420 ;
1785 3358 1958 3420 Deus,

313 3440 416 3512 qui
466 3457 576 3496 sua
607 3457 783 3496 manu
831 3447 1088 3497 vestrum
1137 3440 1409 3496 verticem
1452 3439 1671 3497 honore
1713 3457 1957 3496 corona-

312 3531 411 3583 vit.

2073 3350 2226 3424 ἁγίαν
2263 3348 2539 3424 βασιλείαν
2574 3371 2687 3412 σας.
2734 3373 2760 3401 ››
2792 3349 3053 3424 Τριλέξια
3101 3353 3212 3424 (96)
3272 3352 3348 3414 εἰς
3406 3354 3504 3421 τήν
3559 3354 3726 3424 αὐτ-ὴν

2070 3437 2286 3512 έορτήν¹
2337 3437 2511 3515 πλαγ.
2572 3436 2631 3493 δ’.
2696 3464 2722 3490 ‹‹
2783 3441 2933 3511 Δέξαι
2987 3438 3244 3507 δούλους,
3303 3441 3566 3514 Δέσποτα,
3626 3449 3724 3500 τοῦ

2070 3528 2252 3602 ὑμνεῖν
2282 3528 2344 3583 τὸ
2371 3523 2584 3589 εὐσεϐές
2617 3547 2735 3582 σου·
2774 3529 2802 3582 6
2847 3529 2976 3590 Θεὸς
3033 3530 3062 3584 6
3123 3528 3319 3603 στέψας
3379 3530 3724 3608 αὐτοχείρως

2067 3618 2165 3685 τὴν
2193 3618 2438 3694 κορυφήν
2471 3616 2620 3688 ὑμῶν
2655 3616 2872 3686 ἀξῖώσεί
2904 3619 3041 3690 (97),

1355 3717 1559 3774 JOAN.
1600 3718 1740 3774 JAC.
1783 3716 2048 3774 REISKII
2086 3714 2668 3772 COMMENTARIUS.

377 3809 492 3881 (94)
524 3811 647 3863 Vox
677 3807 956 3881 rarior,4a
988 3823 1138 3864 nova
1167 3807 1387 3865 Graecia
1427 3808 1697 3873 conficta,
1727 3809 1960 3864 videtur

308 3881 364 3933 id
399 3879 747 3950 signiﬁcare,
772 3879 912 3950 quod
946 3895 1109 3948 super
1137 3895 1296 3934 omne
1330 3881 1560 3933 initium
1589 3883 1827 3946 positum
1857 3885 1956 3944 est,

309 3951 466 4022 quod
503 3951 669 4006 initio
709 3957 890 4022 caret.
930 3959 991 4004 ut
1027 3967 1204 4022 supra
1234 3951 1323 4005 bis
1358 3950 1956 4022 habuimuseovivapg

307 4017 433 4095 χος,
466 4027 792 4076 coaeternus.
843 4019 988 4074 Nam
1030 4017 1266 4092 ἄναρχος
1321 4037 1464 4075 novo
1514 4020 1844 4091 signiﬁcatu
1878 4017 1958 4076 ibi

311 4105 468 4147 notat
503 4105 798 4148 aeternum.

381 4163 490 4234 (95)
536 4164 624 4234 Ad
687 4163 927 4217 verbum
959 4160 1184 4234 Adicitur
1234 4160 1469 4234 Tﬁi‘m'tas
1529 4159 1668 4214 Deus
1722 4160 1952 4234 consub-

307 4231 614 4301 sta'nlialis,
647 4234 700 4287 id
751 4241 858 4299 est,
893 4231 1217 4286 celebratur
1259 4231 1516 4286 Trinitas
1565 4232 1952 4295 sermonibus,

309 4307 406 4374 qui
449 4309 802 4367 asseverant,
836 4310 952 4357 tres
999 4319 1277 4374 perspnas
1317 4301 1618 4355 Trinitatis
1659 4318 1819 4374 aeque
1862 4302 1955 4356 rli-

307 4370 472 4430 vinas
522 4383 694 4444 atque
743 4370 1477 4444 consubstantiales‘esse.
1531 4370 1817 4444 Θεογολεῖν
1871 4377 1958 4428 οθῐ

305 4445 371 4500 de
398 4445 498 4500 Deo
539 4442 816 4499 sermones
849 4445 1050 4513 facere.
1099 4442 1436 4514 TheOphan.

305 4525 361 4570 et
402 4516 709 4570 Combelis.
743 4516 814 4569 ad
865 4515 1023 4570 illius
1072 4532 1126 4586 p.
1159 4515 1250 4580 59,
1295 4514 1604 4586 Theologis
1649 4517 1708 4570 in
1758 4516 1952 4586 specie

307 4601 500 4641 sermo
517 4593 575 4640 et
603 4586 924 4646 disputatio
950 4590 1020 4643 de
1040 4585 1236 4642 divina
1257 4585 1468 4641 Christi
1496 4585 1704 4641 natura
1720 4585 1808 4640 est
1829 4595 1950 4646 θεο-

307 4655 485 4730 λογίας.
521 4656 648 4711 Vid.
680 4655 864 4713 Vales.
889 4657 962 4713 ad
999 4659 1208 4714 Euseb.
1244 4674 1300 4728 p.
1337 4659 1390 4712 5.
1418 4658 1512 4713 Sic
1541 4655 1862 4730 κυνολογεῖν
1887 4659 1952 4730 de

304 4727 756 4801 Sirio‘sermqnes
785 4731 969 4799 facere
991 4730 1146 4801 apud
1181 4727 1522 4784 Athenaeum
1565 4731 1606 4785 Ι.
1643 4747 1698 4801 p.
1733 4727 1822 4794 2'3,
1849 4729 1949 4784 ubi

305 4799 418 4852 vid.
455 4798 632 4852 Casau
644 4798 774 4854 bon.

375 4868 488 4940 (96)
536 4868 660 4924 Non
709 4867 954 4939 reperio.
1005 4871 1106 4941 qui
1156 4885 1349 4925 vocem
1398 4870 1549 4926 hanc
1595 4871 1943 4942 exposuerit.

302 4939 562 5018 Videtur
595 4955 848 5018 carmen_
874 4939 1094 5003 notare,
1141 4944 1289 5018 quod
1334 4948 1433 5018 aut
1472 4947 1560 5018 ter
1603 4939 1946 5018 iterabatur,

301 5019 406 5067 aut
448 5013 640 5081 potius
683 5028 718 5066 a
756 5011 946 5065 tribus
975 5012 1312 5067 cantoribus
1354 5012 1530 5066 simul
1571 5011 1944 5080 recitabatur,

301 5088 366 5155 _ut
405 5080 753 5155 τετράλεκτα,
805 5097 928 5155 quia
973 5100 1006 5136 a
1058 5089 1308 5152 quatuor
1354 5083 1690 5140 cantoribus
1749 5086 1949 5141 recita-

300 5152 532 5209 bantur.
556 5153 685 5209 Vid.
726 5169 783 5223 p.
819 5153 940 5208 165.

369 5224 482 5295 (97)
517 5225 651 5280 Post
675 5222 824 5278 banc
848 5238 1042 5278 vocem
1076 5222 1543 5295 deesseraliquid,
1571 5224 1942 5295 manifestum

297 5300 404 5367 est.
428 5291 570 5367 Nam
599 5296 847 5367 debebat
867 5297 1066 5367 saltem
1093 5293 1232 5364 ὑμᾶς
1256 5294 1330 5354 εἰς
1356 5291 1592 5367 χρόνους
1631 5294 1819 5350 ἑκατὸν
1843 5297 1942 5363 τὴν

298 5361 451 5436 ῦμῶν
492 5361 691 5419 διέπειν
733 5363 1038 5429 πολιτείαν,
1083 5361 1145 5419 ut
1183 5384 1237 5436 p.
1277 5361 1502 5425 30.msed
1552 5373 1732 5421 multo
1775 5361 1944 5436 plura

294 5435 495 5506 deesse
517 5437 929 5506 deprehendet,
963 5439 1058 5505 qui
1092 5435 1397 5506 sequentia
1428 5454 1557 5491 cum
1593 5435 1940 5493 anteceden-

293 5505 450 5576 tibus
481 5505 697 5561 attente
721 5513 993 5562 conterat.
1022 5506 1161 5562 Nam
1183 5505 1315 5562 non
1358 5525 1564 5576 respon
1591 5516 1709 5564 Ient
1741 5510 1944 5564 inscri-

294 5575 843 5655 Pilt.l.t)l,h8t?dlttllud
881 5585 1153 5655 tractant.
1183 5575 1488 5655 _Promittit
1528 5581 1853 5655 inscriptio,
1886 5587 1942 5636 et

289 5645 547 5718 instituit
578 5647 819 5718 initium
852 5652 986 5706 noni
1021 5651 1252 5718 capitis.
1297 5645 1726 5707 enarrationem
1767 5645 1937 5708 Acto-

290 5729 414 5768 rum
457 5715 588 5772 festi
623 5722 1003 5775 Pentecostes.
1038 5715 1146 5777 Pro
1181 5723 1432 5778 maxima
1482 5738 1614 5778 vero
1654 5732 1812 5794 parte
1863 5723 1938 5778 ri-

1488 4459 1542 4513 p.
1573 4429 1665 4508 59',
1705 4445 1798 4507 77,
1829 4445 1954 4513 350,
1989 4429 2034 4493 D

2069 3814 2161 3883 tus
2194 3806 2582 3883 processionis
2616 3806 2904 3883 paschalis
2936 3808 3305 3883 exponitth
3338 3815 3534 3880 caput,
3563 3815 3720 3883 quod

2066 3879 2343 3952 deinceps
2367 3878 2689 3952 luculenter
2707 3881 2992 3934 cvincam.
3013 3881 3222 3952 [Incipit
3245 3881 3365 3936 hinc
3386 3878 3719 3952 argumenti

2068 3946 2452 4023 discrepantia
2484 3967 2518 4003 a
2545 3957 2592 4017 ς.
2646 3950 2790 4023 3,Aet
2835 3967 2967 4006 voce
3015 3946 3198 4021 Evasi;
3230 3953 3320 4009 cui
3358 3946 3720 4023 praEcessisse

2067 4019 2241 4095 etiam
2264 4020 2488 4095 aliqua,
2539 4021 3028 4095 manifestumex
3075 4039 3141 4079 eo
3185 4019 3292 4091 est,
3328 4019 3477 4095 quod
3531 4031 3717 4084 oratio

2066 4088 2222 4169 hiat;
2259 4088 2479 4169 Saltem
2529 4093 2787 4169 verbum‘
2824 4090 3135 4169 ἐπαίρουσιν
3180 4088 3285 4169 aut
3325 4088 3576 4169 σύρουσιν
3628 4099 3718 4156 vel

2067 4158 2261 4214 simile
2304 4161 2703 4237 _desideratur.
2753 4162 2860 4218 Sed
2919 4158 3103 4220 multo
3163 4165 3334 4237 plura
3391 4158 3599 4224 desunt
3644 4174 3720 4228 de

2068 4230 2433 4299 processione
2479 4249 2782 4303 procerum
2827 4251 2927 4290 seu
2968 4230 3252 4292 conventu
3301 4236 3361 4292 in
3406 4242 3602 4296 aulam
3643 4245 3715 4299 ad

2068 4304 2476 4371 imperatorem
2539 4303 2598 4359 in
2657 4305 3203 4374 Chrysotriclinum.
3257 4308 3424 4366 Clara
3479 4314 3718 4370 tandem

2068 4380 2301 4454 roses},
2341 4390 2412 4454 ex
2457 4392 2546 4438 eo,
2577 4379 3247 4454 quod-paginaaversa
3294 4381 3381 4437 vel
3433 4384 3721 4451 posterior

2068 4445 2208 4498 folii.
2244 4445 2592 4524 {ininjoce
2642 4445 2870 4524 ἀξιεῦσει
2903 4450 3224 4524 desinebat,
3255 4457 3314 4506 et
3358 4445 3573 4524 pagina
3617 4459 3718 4512 ad-

2059 4531 2222 4598 versa
2263 4515 2382 4570 folii
2425 4517 2492 4572 42
2541 4514 2863 4598 νοοσένρεν
2909 4520 3249 4598 incipiebat.
3285 4514 3538 4598 Debebat
3575 4541 3715 4598 ergo

2061 4585 2266 4642 folium
2309 4603 2512 4664 unum,
2554 4597 2656 4644 aut
2688 4592 2884 4664 potius
2934 4585 3114 4664 multo
3162 4593 3350 4664 plura,
3387 4595 3528 4652 forte
3569 4585 3714 4655 inte-

2058 4673 2160 4728 ger
2207 4659 2532 4735 quaternio,
2569 4677 2668 4716 seu
2691 4659 2905 4735 decem
2944 4663 3100 4727 folia,
3151 4659 3411 4735 periisse.
3449 4665 3613 4723 Patet
3642 4686 3712 4725 ex

2060 4746 2305 4786 numero
2336 4733 2615 4808 capitum,
2657 4734 2758 4808 qui
2789 4735 2862 4789 ab
2895 4733 3014 4808 hoc
3034 4733 3222 4808 capite
3252 4735 3388 4791 inde
3413 4739 3710 4808 discrepat

2056 4818 2088 4882 a_
2123 4807 2317 4882 nostra
2363 4801 2638 4882 editione.
2673 4801 2818 4882 Nam
2865 4805 3017 4882 quod
3053 4801 3204 4882 huic
3236 4809 3476 4882 editioni
3529 4801 3710 4882 caput

2055 4872 2348 4951 decimum
2387 4874 2576 4951 estid
2619 4880 2709 4929 est
2745 4876 2802 4930 in
2843 4872 3038 4931 codice
3076 4877 3284 4951 capitis
3319 4895 3415 4934 xix
3450 4872 3708 4951 pars'se-

2057 4944 2272 5019 cunda,
2303 4945 2457 5019 quod
2495 4945 2586 5019 hic
2631 4952 2718 5019 est
2747 4963 2805 5002 ιιι
2853 4954 3048 5019 caput,
3079 4944 3277 5019 id‘est
3321 4944 3507 5009 codici
3545 4953 3706 5015 viae-

2055 5014 2298 5096 simum,
2323 5014 2430 5096 hic
2461 5031 2536 5070 xii
2569 5016 2628 5096 in
2661 5017 2877 5096 Codice
2905 5014 3117 5096 inde}
3148 5017 3232 5075 sic
3267 5037 3501 5096 semper
3531 5014 3704 5096 porro

2055 5087 2308 5164 decurrit
2357 5087 2449 5141 hic
2493 5095 2632 5142 ordo
2674 5105 2776 5160 per
2805 5095 2992 5146 totum
3035 5089 3253 5164 librum
3300 5087 3582 5164 primum,
3614 5097 3706 5155 sic

2055 5163 2120 5212 ut
2167 5157 2636 5229 codexﬁsemper
2675 5157 2958 5216 'nostram
3017 5157 3333 5219 editionem
3389 5157 3703 5225 novenario

2053 5232 2317 5306 superet;
2363 5228 2463 5306 Ex.
2515 5228 2788 5306 c.__c_aput
2847 5231 3016 5306 nobis
3077 5233 3158 5306 3t
3211 5238 3306 5306 _est
3353 5237 3539 5293 codici
3591 5238 3704 5306 40;

2053 5299 2224 5354 nobis
2253 5299 2344 5364 9'2,
2368 5305 2457 5355 est
2477 5299 2661 5355 codici
2689 5299 2818 5356 101.
2855 5303 3076 5358 Mallem
3111 5304 3182 5358 ab
3210 5303 3319 5362 hoc
3351 5299 3702 5366 numerandi

2052 5370 2253 5447 ordine
2281 5373 2599 5427 discessum
2656 5389 2767 5427 non
2804 5374 3147 5447 tuisse._Sed
3194 5392 3377 5447 quum
3413 5396 3524 5434 non
3576 5386 3702 5436 tan-

2053 5446 2175 5495 tum
2224 5443 2497 5498 decessor
2524 5459 2729 5515 meus,
2762 5446 2860 5500 sed
2911 5453 2970 5501 et
3020 5443 3228 5515 Majus'
3257 5451 3338 5504 ita
3379 5449 3704 5509 instituerit

2052 5527 2360 5593 numerare
2387 5514 2618 5593 _capita,
2654 5521 2716 5593 ut
2760 5515 2815 5570 in
2851 5516 2976 5593 hac
3013 5514 3270 5593 editione
3315 5522 3697 5593 conspicitur,

2051 5582 2222 5661 debui
2255 5583 2444 5661 eos_in
2470 5582 2563 5638 illa
2597 5587 2813 5661 reliqua
2849 5587 2980 5642 libri
3015 5588 3181 5661 primi
3213 5598 3395 5660 parte.
3427 5582 3555 5661 quae
3583 5582 3697 5652 sub

2050 5655 2235 5710 oculis
2266 5655 2408 5710 meis
2438 5673 2648 5728 excusa
2679 5658 2808 5723 fuit,
2841 5655 3027 5728 sequi.
3060 5655 3696 5728 Ouid-autem'deside-

2051 5729 2234 5792 retur,
2249 5742 2350 5782 seu
2375 5727 2571 5797 qualia
2595 5730 2970 5786 tractaverint
2989 5738 3335 5803 argumenta
3355 5733 3455 5789 illa
3475 5735 3693 5807 capita,
