4126 6314
285 281 417 342 349

1190 280 1289 340 DE
1331 281 1785 343 CERIMONIIS
1829 283 2066 344 AULE
2111 283 2588 347 ΒΥΖΑΝΤΙΝΕ
2634 287 2783 348 LIB.
2832 290 2882 346 Ι.

3602 293 3726 376 250

291 414 513 467 ictam:
546 407 596 480 ἐξ
649 410 942 485 ἀριστερᾶς
993 410 1022 464 6
1072 407 1425 486 δρουγγάριος
1475 416 1574 479 τῆς
1633 411 1822 487 βίγλας
1873 414 1948 466 καί

2086 422 2196 480 tur,
2258 417 2488 482 transit,
2536 421 2591 472 et
2640 417 2700 472 in
2767 417 2957 474 medio
3007 417 3252 473 duarum
3313 416 3724 478 columnarum

297 499 800 574 πρωτοσπαθάριοι
865 494 1130 574 βαρϐάτοι
1174 500 1278 572 (9),
1326 499 1416 554 καὶ
1466 496 1889 575 δηριγευὸμενος
1937 502 1964 555 ὁ

298 587 563 667 βασιλεὺς
619 588 726 642 ὑπὸ
763 592 871 642 τῶν
915 587 1200 661 ἀρχόντων
1238 592 1335 642 τοῦ
1367 583 1782 657 κουϐουκλείου,
1822 587 1961 662 διέρ-

296 699 461 753 χεται
495 674 586 731 διὰ
620 680 718 732 τοῦ
759 675 1037 750 πόρτηκος
1073 680 1172 730 τοῦ
1215 675 1455 752 μεγάλου
1492 677 1796 746 τρικλίνου,
1838 671 1959 742 ἔνθα

290 771 326 837 ἡ
363 763 575 829 ἔκθεσις
609 766 725 839 (10)
755 769 864 819 τῶν
922 767 984 818 ιθ¹
1033 760 1339 820 ἀκουϐίτων
1376 764 1605 835 τίθεται,
1644 767 1736 822 καὶ
1777 765 1954 821 ἀπελ-

285 857 400 911 θὼν
437 853 659 910 ἵσταται
691 853 744 908 ἐν
791 853 941 926 μέσῳ
990 857 1098 909 τῶν
1146 851 1242 908 δύο
1291 856 1512 912 κιόνων.
1556 856 1660 912 Καὶ
1702 852 1954 930 δέχονται

283 946 457 1000 αὐτὸν
483 943 658 999 ἐκεῖσε
689 943 766 1006 εἷς
808 945 900 998 τὸν
942 939 1181 999 ὀνόποδα
1218 942 1501 1019 πατρίκιοί
1539 965 1597 999 τε
1637 945 1724 999 καὶ
1771 966 1957 1017 στρατ-

287 1034 442 1108 ηγοὶ,
483 1032 578 1088 καὶ
626 1034 1101 1108 προσκυνήσαντες
1148 1031 1241 1086 τὸν
1292 1031 1520 1107 βασιλέα
1575 1036 1648 1106 μὴ
1700 1033 1951 1096 πεσόντες

289 1125 444 1177 κάτω
473 1121 619 1177 νεύει
660 1122 688 1176 6
731 1121 1092 1193 πραιπόσὶτος
1138 1126 1220 1191 τῷ
1262 1128 1361 1190 τῆς
1407 1122 1805 1190 καταστάσεως,
1854 1123 1952 1177 κά-

275 1216 456 1272 κεῖνος
483 1209 662 1285 λέγει·
699 1233 727 1260 ‹‹
761 1207 1084 1265 Κελεύσατε·
1115 1231 1142 1262 ι
1190 1209 1343 1264 αὐτοὶ
1381 1207 1437 1265 δὲ
1483 1211 1566 1279 τὸ,
1599 1236 1625 1263 ‹‹
1670 1211 1764 1274 Εἰς
1804 1210 1948 1268 πολ-

287 1298 427 1360 λοὺς
473 1297 717 1373 χρόνους
754 1296 846 1352 καὶ
888 1297 1136 1372 ἀγαθούς.
1191 1323 1212 1349 n
1253 1299 1345 1354 Ἐν
1391 1296 1448 1353 δὲ
1487 1300 1653 1373 ταύτῃ
1694 1305 1763 1373 τῇ
1801 1297 1946 1376 δοχῇ

270 1387 538 1441 ἵστανται
599 1382 1158 1459 σπαθαροκανδιόάτοι
1219 1387 1310 1441 καὶ
1371 1387 1422 1441 οἱ
1471 1390 1759 1463 σπαθάριοι
1800 1385 1942 1444 ἔνθεν

2076 508 2211 560 stat.
2252 506 2308 559 ln
2345 506 2633 578 onopodio
2665 505 2890 576 patricii
2927 510 2984 561 et
3014 505 3251 578 strategi
3301 506 3711 578 imperatorem

2075 593 2418 664 suscipiunt,
2455 611 2637 666 coque
2671 599 2926 662 adorato,
2985 611 3098 651 non
3160 611 3343 668 prono
3399 601 3597 652 tamen
3653 598 3711 653 in

2066 685 2278 739 terram
2325 699 2584 754 corpore,
2641 683 2986 754 praepositus
3035 683 3441 740 cerimoniario
3472 685 3707 756 signum

2066 769 2179 835 dat,
2213 771 2312 841 qui
2344 772 2516 827 dicit:
2551 793 2579 821 «
2620 771 2829 829 Jubete
2857 790 2872 838 ;
2905 793 2934 821 ιδ
2967 772 3026 827 hi
3053 789 3222 829 vero:
3269 795 3297 825 ‹‹
3338 777 3404 828 In
3435 774 3620 830 multa
3649 779 3710 831 et

2067 857 2554 931 feliciatempora.
2588 879 2613 912 ιο
2639 865 2704 916 In
2726 860 2836 917 hac
2883 860 3253 934 imperatoris
3294 861 3537 918 solemni
3563 879 3713 920 rece-

2063 947 2257 1017 ptione
2289 948 2383 1004 hic
2421 953 2480 1005 et
2527 948 2647 1005 illic
2689 949 3264 1022 spatharocandidati
3323 959 3376 1007 et
3417 951 3708 1024 spatharii

2062 1040 2241 1104 stant,
2277 1036 2378 1108 qui
2409 1053 2508 1107 per
2565 1036 2748 1094 scalas
2797 1039 3147 1106 consistorii,
3198 1039 3282 1095 illi
3331 1039 3570 1110 quidem
3605 1056 3708 1112 per

2060 1125 2383 1191 sinistram,
2435 1126 2495 1181 hi
2544 1143 2646 1198 per
2691 1127 2951 1182 dextram
3008 1137 3258 1198 portam,
3313 1129 3699 1185 descendunt.

2059 1213 2292 1270 Patricii
2332 1218 2390 1270 et
2427 1215 2663 1286 strategi
2718 1231 2819 1286 per
2858 1215 3108 1271 mediam
3167 1221 3392 1287 portam
3445 1217 3701 1287 veniunt,

2057 1312 2111 1360 et
2144 1319 2349 1358 rursus
2377 1303 2472 1372 qui
2506 1305 2578 1360 ad
2610 1306 2872 1360 dextram
2903 1309 3100 1360 astant
3154 1319 3257 1375 per
3320 1306 3537 1376 gradus
3568 1307 3707 1362 sini-

2058 1394 2190 1445 stras
2231 1394 2410 1458 portae
2440 1389 2823 1446 descendunt.
2882 1391 3210 1462 Imperator
3265 1407 3299 1445 a
3328 1391 3703 1447 cubiculariis

1363 1477 1568 1534 JOAN.
1601 1478 1743 1536 JAC.
1778 1479 2042 1537 REISKII
2075 1477 2670 1535 COMMENTARIUS.

269 1574 520 1646 Graecae,
555 1574 660 1629 sed
697 1574 988 1630 Hebraicae
1037 1578 1138 1629 aut
1181 1575 1434 1630 Arabica
1485 1577 1730 1646 originis
1773 1563 1935 1639 £15173

265 1644 560 1714 meyitlah
582 1662 691 1701 vox
721 1648 873 1716 apud
901 1646 1132 1702 Judaaos
1164 1648 1488 1713 notissima,
1514 1644 1669 1704 unde
1691 1650 1762 1703 ad
1780 1651 1937 1705 Chri-

266 1723 514 1774 stianos
536 1718 792 1773 transiit.

345 1790 478 1854 Qua
508 1805 648 1844 vero
697 1788 936 1863 tandem
965 1804 1165 1863 ⁸ιῐιξιιιιι
1221 1788 1494 1844 tenebant
1549 1794 1608 1863 et
1656 1793 1934 1863 gerebant

262 1860 670 1930 imperatores
693 1859 989 1916 acaciam?
1021 1859 1190 1915 Modo
1219 1863 1437 1926 dextra,
1468 1862 1632 1916 modo
1660 1859 1931 1920 Sinistra.

259 1931 494 1987 Nullus
545 1934 701 1987 enim
751 1937 946 1988 certus
1011 1931 1072 1986 in
1121 1947 1188 1986 ea
1225 1949 1284 1986 re
1315 1936 1522 1987 modus
1571 1935 1932 2000 servabatur,

257 2005 368 2058 sed
420 2020 576 2058 usus
628 2012 750 2058 erat
779 2003 1036 2075 arbitrio.
1092 2003 1256 2073 Apud
1309 2002 1587 2058 Nostrum
1633 2021 1688 2075 p.
1733 2007 1796 2059 16
1850 2007 1932 2060 di-

253 2075 427 2129 citur
488 2075 808 2144 imperator
857 2074 1056 2128 dextra
1115 2090 1287 2128 manu
1354 2074 1644 2140 acaciam,’
1696 2076 1936 2132 sinistra

251 2162 511 2202 crucem
535 2149 768 2218 l'erre,et
787 2163 839 2214 p.
858 2146 928 2199 38
945 2150 1094 2218 gerit
1109 2147 1248 2216 imp.
1269 2147 1694 2202 anexcicaciam
1714 2151 1932 2218 dextra,

249 2219 600 2287 scipionem
661 2217 905 2272 humero
963 2217 1202 2271 sinistro
1269 2219 1668 2272 incubantem.
1722 2217 1936 2274 Contra

248 2304 402 2344 vero
439 2305 500 2359 p.
533 2288 643 2342 443
684 2292 807 2343 loco
858 2287 1029 2359 paulo
1079 2293 1213 2342 ante
1265 2287 1438 2343 citato
1481 2289 1710 2344 inverso
1763 2293 1935 2346 modo

249 2363 482 2433 dextra
503 2361 1040 2433 crlucemLsinistra
1072 2359 1544 2433 acaci‘am_ger_i_t.
1576 2360 1672 2417 Sic
1702 2375 1936 2433 quoque

248 2431 696 2503 Constantinus
747 2429 824 2485 M.
861 2431 916 2503 in
952 2429 1274 2500 Menologio
1336 2430 1622 2487 Basiliano
1679 2429 1932 2503 ιζιιξβ.

255 2503 396 2568 112,
467 2501 730 2573 pingitur
779 2502 1020 2556 sinistra
1063 2517 1237 2573 manu
1265 2507 1494 2557 tomum
1552 2501 1934 2560 convolutum

253 2589 510 2644 gerens.
550 2572 656 2628 Leo
685 2575 758 2628 M.
801 2577 994 2628 autem
1049 2572 1296 2643 primus,
1333 2573 1384 2628 si
1436 2577 1585 2628 recte
1616 2576 1934 2644 observavi,

259 2645 328 2700 in
378 2644 650 2699 nummis
690 2659 914 2705 eorum,
948 2644 1047 2715 qui
1078 2645 1330 2717 acaciam
1364 2650 1467 2717 aut
1506 2645 1621 2717 tale
1652 2646 1796 2716 quid
1833 2662 1933 2717 ge-

263 2721 440 2782 runt,
474 2717 533 2770 in
570 2731 816 2770 nummo
865 2721 1076 2786 quarto
1105 2715 1260 2785 apud
1292 2721 1373 2770 Du
1408 2715 1691 2786 Cangium
1727 2715 1932 2773 Famil.

267 2786 412 2857 Byz.
453 2804 508 2858 p.
545 2787 644 2851 77,
677 2793 792 2842 tam
827 2787 900 2841 ab
921 2788 1115 2843 antica
1158 2803 1331 2856 quam
1365 2788 1636 2856 apostica
1665 2787 1934 2844 volumen

271 2857 502 2923 dextra,
533 2874 767 2913 crucem
799 2857 1041 2913 sinistra
1069 2857 1235 2928 gerit.
1269 2857 1399 2912 Pari
1424 2859 1594 2913 modo
1624 2858 1844 2914 Phocas
1874 2861 1932 2915 in

276 2945 530 2984 nummo
559 2930 710 2997 apud
767 2934 851 2983 Du
883 2929 1167 3000 Cangium
1221 2946 1277 2993 p.
1314 2930 1434 2991 109,
1472 2930 1576 2984 Leo
1607 2934 1845 2986 lsaurus
1877 2948 1931 2998 p.

279 3001 406 3063 123,
461 3000 718 3056 Isaacius
769 3004 1020 3072 Angelus
1062 3017 1116 3071 p.
1161 3000 1289 3055 201.
1321 3000 1533 3056 Consul
1564 3000 1624 3072 in
1659 3001 1932 3072 tliptycho

278 3073 442 3159 regio
473 3073 634 3159 apud
659 3077 738 3126 Du
772 3071 1054 3159 Cangium
1083 3072 1223 3127 diss.
1247 3073 1318 3126 de
1349 3071 1608 3152 nummis
1631 3073 1745 3159 tab:
1772 3071 1932 3159 Isci-
1964 3093 2007 3159 α

279 3143 524 3211 pionem
583 3142 930 3209 eburneum,
990 3142 1656 3214 precursoremicrucis.
1712 3144 1932 3209 dextra,

291 3229 597 3283 mappam,
630 3215 801 3284 cujus
827 3213 1222 3269 succedanum
1274 3213 1470 3269 acacia
1537 3217 1671 3280 fuit,
1702 3214 1944 3270 sinistra

293 3291 473 3342 tenet.
511 3285 578 3340 Et
609 3287 694 3340 sic
725 3301 962 3356 quoque
991 3289 1192 3340 dextra
1220 3301 1474 3351 crucem,
1510 3286 1750 3340 sinistra
1781 3285 1944 3340 volu-

297 3372 430 3411 men
460 3362 620 3411 tenet
648 3355 1070 3412 Constantinus
1103 3361 1289 3410 Ducas
1314 3357 1368 3410 in
1404 3372 1643 3411 nummo
1673 3359 1824 3427 apud
1860 3358 1941 3412 Ilu

291 3427 576 3494 Congium
609 3428 778 3500 Fami
809 3445 863 3500 p.
899 3427 1019 3496 159,
1069 3428 1294 3500 Manuel
1332 3427 1664 3483 Comnenus
1724 3444 1778 3498 p.
1816 3428 1940 3498 168,

283 3499 550 3555 Isaacius
596 3498 860 3570 Angelus
908 3501 1094 3570 p.201.
1170 3498 1509 3555 Theodorus
1563 3500 1824 3570 Lascaris
1883 3517 1938 3570 p.

291 3571 422 3634 218,
479 3569 725 3626 Michael
771 3569 1127 3640 Paleologus
1184 3586 1242 3642 p.
1290 3570 1420 3640 233,
1471 3569 1698 3626 Manuel
1728 3569 1940 3627 Palseo-

287 3640 455 3696 loaus
488 3659 542 3696 ι).
575 3642 700 3696 242.

309 3659 455 3704 opus
488 3659 542 3710 p.
575 3645 700 3696 242.

355 3713 468 3769 Sed
503 3729 577 3768 ne
610 3711 786 3767 nimis
824 3712 925 3768 diu
957 3712 1221 3768 minutiis
1260 3711 1671 3778 inhaereamus,
1695 3713 1935 3768 demon-

282 3785 596 3840 strandum
629 3800 786 3839 nunc
817 3790 1105 3853 superest,
1135 3794 1351 3839 veteres
1385 3799 1616 3852 quoque
1648 3783 1940 3840 Romanos

281 3856 339 3910 in
386 3856 690 3923 publicum
742 3857 1118 3926 procedentes
1150 3857 1428 3911 alterutra
1467 3869 1641 3909 manu
1691 3854 1938 3924 aliquid,

280 3933 384 3982 aut
418 3926 814 3998 manipulum,
848 3933 948 3998 aut
974 3926 1247 3982 volumen
1299 3926 1806 3981 membranaceum
1839 3926 1937 3982 de-

285 4000 436 4070 ferre
489 3997 907 4070 consuevisse._
940 3997 1030 4052 Nil
1085 3998 1342 4070 profecto
1395 3998 1757 4066 frequentius
1797 4013 1934 4070 con-

284 4069 543 4141 spicitur
595 4084 652 4124 In
701 4068 944 4124 vetustis
1001 4068 1416 4141 marmoribus,
1475 4083 1648 4141 quam
1701 4068 1938 4124 sinistra

278 4140 458 4196 manu
499 4141 866 4212 manipulum
912 4148 1199 4204 tenentes,
1232 4140 1330 4210 qui
1364 4156 1586 4210 mappa:
1637 4140 1933 4195 interdum

273 4213 483 4266 similis
513 4219 620 4274 est,
664 4213 958 4268 interdum
1013 4212 1166 4266 clare
1209 4212 1606 4266 membranam
1657 4212 1934 4266 convolu-

279 4292 391 4338 tam
425 4283 683 4338 exhibet.
719 4283 927 4353 Aspice
957 4283 1096 4338 mihi
1128 4282 1534 4353 philosophum
1559 4282 1724 4353 apud
1750 4281 1933 4353 Mont-

271 4355 506 4410 faucon.
540 4360 583 4408 t.
629 4353 706 4408 lll
754 4351 995 4423 Antiqu.
1039 4351 1428 4422 Explicat.,_t.
1463 4354 1507 4419 Ι,
1565 4352 1664 4420 ﬁg.
1705 4352 1761 4413 2,
1793 4351 1932 4408 item

279 4425 513 4521 tabulas
535 4424 601 4521 κζ,
751 4425 984 4521 Lyciam
1008 4425 1095 4521 lll,
1120 4425 1249 4507 467,
1268 4426 1360 4478 92.
1396 4429 1624 4521 Ιῐιιιινιὶυ
1647 4426 1922 4521 constan-
1963 4457 2008 4521 D

285 4496 386 4567 tini
420 4496 498 4551 M.
532 4500 593 4567 et
619 4495 1207 4567 Theodosii‘uterque
1237 4497 1550 4566 imperator
1578 4499 1736 4549 tenet
1760 4503 1922 4567 rotula

282 4566 424 4638 lum.
459 4565 736 4638 Sculptor
754 4564 1168 4638 illiuslamin'te
1189 4564 1357 4622 tenete
1379 4582 1504 4638 quas
1526 4573 1752 4638 portam
1778 4565 1928 4620 basi-

283 4637 403 4692 lice
422 4638 484 4692 S.
514 4636 673 4692 Pauli
695 4647 858 4692 extra
879 4636 1092 4693 Urbem
1116 4640 1172 4691 in
1198 4639 1288 4694 via
1311 4636 1563 4694 Ostiensi
1593 4636 1931 4707 tegit,quam

283 4709 620 4777 Ciampinus
655 4714 697 4764 t.
731 4710 752 4763 Ι
797 4708 1058 4764 Monum.
1085 4708 1274 4765 Veter.
1328 4709 1582 4772 exhibet,
1632 4723 1778 4778 Opus
1819 4724 1923 4762 ste-

287 4782 392 4834 culi
421 4797 503 4846 xu,
537 4797 606 4835 ex
638 4779 968 4836 imitatione
1000 4783 1209 4836 veteris
1242 4782 1440 4844 moris,
1471 4797 1539 4834 an
1572 4778 1926 4850 suiquoque

283 4851 463 4906 adhuc
495 4852 749 4906 rotulum
791 4854 965 4905 talem
1009 4858 1236 4919 sancto,
1288 4868 1402 4906 non
1438 4849 1680 4905 memini
1715 4849 1923 4915 cui,’in

283 4939 480 4978 manus
521 4922 768 4991 dederit,
802 4938 912 4977 non
949 4928 1126 4992 patet.
1152 4923 1344 4978 littatzo
1368 4921 1625 4990 diptychi
1689 4921 1924 4976 Bosianl

285 4996 424 5064 apud
463 4997 852 5050 Monttaucon.
885 4992 924 5048 l.
959 4996 994 5048 Ι.
1029 4995 1148 5048 tab.
1198 4993 1399 5057 XXVI,
1430 4992 1922 5062 conspiciendum

283 5067 480 5136 przebet
513 5067 571 5120 in
607 5065 781 5120 tablio
813 5065 995 5136 pallii,
1038 5065 1191 5135 quod
1244 5066 1439 5133 regina
1494 5064 1639 5135 gerit
1694 5079 1923 5136 regem,

281 5135 544 5205 Francia,
573 5147 633 5190 ut
677 5134 835 5206 puto,
871 5134 1169 5207 gerentem
1203 5139 1260 5192 in
1293 5134 1517 5191 dextra"
1547 5134 1922 5207 manipulum

279 5210 351 5261 vel
383 5204 689 5276 mappam,
715 5208 774 5262 in
813 5204 1054 5263 sinistra
1086 5207 1408 5275 scipionem
1441 5207 1787 5269 eburneum,
1820 5204 1922 5275 qui

287 5280 347 5332 ad
381 5281 628 5333 formam
663 5280 848 5334 crucis
879 5279 1119 5345 accedit,
1143 5288 1196 5334 et
1233 5278 1292 5333 in
1315 5294 1539 5334 summo
1568 5277 1920 5333 fasciculum

286 5349 478 5405 ﬂorum
537 5367 670 5406 cum
722 5350 1170 5420 superimposito
1222 5367 1391 5420 pomo
1442 5349 1688 5415 praal‘ert.
1721 5347 1917 5420 Ciam-

285 5421 441 5488 pinus
481 5421 543 5477 in
592 5421 765 5476 modo
800 5419 1081 5476 laudatis
1143 5419 1538 5476 monumentis
1573 5427 1654 5476 tot
1683 5419 1923 5475 exhibet

287 5491 554 5564 imagines
579 5509 715 5547 cum
732 5491 950 5546 chartis
967 5493 1425 5548 membranaceis
1448 5498 1547 5547 aut
1567 5491 1625 5546 in
1652 5491 1918 5546 rotulttm

290 5563 615 5628 convolutis,
649 5568 750 5618 aut
803 5564 872 5618 ad
909 5573 1092 5618 instar
1151 5580 1376 5633 mappae
1434 5563 1783 5633 corrugatis,
1820 5566 1922 5619 aut

295 5635 562 5706 explicitis
616 5634 1108 5707 dependentibus,
1168 5642 1269 5707 aut
1319 5636 1569 5707 denique
1638 5633 1923 5690 ambabus

295 5705 501 5764 tantum
563 5707 842 5764 extremis
889 5705 1005 5762 oris
1063 5706 1409 5777 complicitis
1447 5705 1504 5765 et
1534 5721 1715 5762 manu
1763 5719 1920 5759 com-

1971 1727 2019 1794 s
2050 1721 2139 1794 te
2178 1719 2267 1794 23,
2308 1720 2398 1794 32..
2454 1719 2544 1794 36.
2574 1720 2716 1794 ,76;
2765 1723 2806 1775 t-

2049 1574 2572 1650 pressishreliquo
2626 1581 2770 1650 toto
2809 1577 2942 1650 sinu
2993 1577 3375 1650 dependente,
3428 1582 3491 1634 ut
3527 1595 3690 1650 paene

2047 1646 2242 1718 pigeat
2299 1646 2431 1702 illas
2475 1646 2706 1703 tabulas
2757 1646 3228 1714 indicare;_vid.
3288 1650 3432 1705 tomi
3478 1646 3546 1710 l.'
3577 1653 3698 1706 tab.

2869 1718 2939 1786 II,
2999 1719 3118 1792 tab.
3179 1720 3267 1784 43,
3328 1721 3416 1792 47.
3465 1720 3556 1786 50,
3604 1722 3698 1792 52,

2045 1791 2141 1854 53,
2205 1790 2296 1861 54.
2357 1791 2518 1845 Conf.
2569 1793 2761 1845 Murat
2843 1790 3113 1860 Inscript.
3176 1806 3231 1861 p.
3311 1791 3467 1845 1461.
3527 1790 3698 1847 Com;

2052 1877 2227 1916 mune
2247 1860 2387 1916 olim
2422 1866 2653 1932 utrique
2685 1861 2847 1916 sexui
2877 1860 3190 1931 gestamen
3208 1868 3331 1916 erat
3374 1861 3508 1916 talis
3538 1871 3700 1917 rotu-

2052 1931 2168 1996 lus,
2214 1948 2490 2004 successu
2544 1931 2819 2004 temporis
2863 1938 3059 1988 autem
3103 1935 3312 2002 partim
3356 1937 3700 1990 manserunt

2055 2004 2196 2085 viris
2226 2003 2430 2085 retuli,
2477 2020 2580 2075 per
2623 2003 2987 2085 aliquantum
3039 2005 3337 2085 temporis,
3368 2004 3598 2085 _partim_
3637 2005 3697 2060 iu

2056 2073 2550 2132 chirothc-carum.
2592 2073 2805 2144 partim
2838 2074 3091 2145 denique
3123 2073 3179 2128 in
3214 2073 3553 2130 baculOrum
3584 2075 3699 2130 im-

2055 2146 2474 2214 peraturiorum
2508 2146 3090 2216 (Commendo-Sueba)
3119 2146 3502 2216 gestationem
3529 2146 3692 2201 abie-

2045 2222 2198 2270 runt.
2236 2216 2483 2271 Feminae
2503 2229 2694 2287 autem
2720 2233 2816 2284 pro
2840 2217 3044 2271 rotulis
3075 2221 3455 2287 sumpserunt
3484 2217 3542 2271 in
3577 2234 3696 2273 ma—

2046 2304 2161 2342 nus
2184 2289 2523 2355 ventilabra,
2552 2284 2784 2360 ῥιπίδια,
2809 2289 2963 2359 quod
2993 2303 3181 2360 neque
3198 2284 3452 2359 antiquis
3475 2294 3698 2360 tempo-

2046 2360 2213 2413 ribus
2243 2364 2404 2413 extra
2433 2357 2606 2413 usum
2649 2368 2792 2414 erat.
2826 2357 2988 2413 tlerte
3039 2357 3101 2414 S.
3132 2357 3496 2414 Pudentiana
3535 2357 3692 2427 apud

2044 2428 2410 2500 Ciampinum
2445 2434 2486 2483 t.
2523 2429 2594 2500 ll,
2627 2432 2744 2500 tab.
2785 2430 2875 2494 49,
2907 2435 3065 2484 tenet.
3113 2428 3341 2500 aliquid
3396 2430 3454 2485 in
3485 2446 3692 2500 manu,

2045 2503 2200 2572 quod
2234 2499 2464 2556 ﬂabello
2495 2499 2690 2557 simile
2718 2509 2849 2572 est,
2881 2499 3238 2572 manipulum
3282 2517 3358 2556 an
3389 2499 3696 2558 chirotheé

2044 2571 2506 2643 camAappellem
2565 2573 2646 2637 id,
2704 2571 2858 2643 quod
2917 2571 3285 2643 Longobardi
3343 2572 3584 2642 quidam
3632 2574 3694 2629 iti

2044 2641 2244 2698 tabula
2275 2643 2644 2698 Modoetianaa
2675 2641 3099 2714 coronationis,
3129 2644 3280 2714 regis
3323 2641 3694 2714 Langobardi

2045 2714 2195 2782 apud
2229 2714 2526 2786 Horatium
2562 2714 2844 2786 Blancum
2868 2714 2939 2786 ad
2966 2713 3208 2769 Paulum
3240 2713 3564 2786 Diacon’um
3598 2731 3696 2786 ge-

2045 2791 2205 2857 runt,
2264 2784 2539 2857 ambigo._
2568 2785 2674 2840 Pro
2729 2785 2962 2857 rotulis__
2993 2787 3293 2857 gerebant_
3327 2784 3693 2857 imperatores

2045 2856 2252 2927 CPtani
2307 2854 2566 2922 extremi,
2644 2863 2846 2911 ruente
2906 2854 3020 2911 illo
3085 2854 3359 2927 imperio,
3397 2854 3690 2927 ’νάρθηκας

2045 2925 2282 2981 ferulas.
2315 2928 2515 2982 Codin.
2568 2943 2704 2990 xvu,
2736 2928 2825 2982 34.
2869 2928 3032 2982 Hunc
3065 2925 3190 2982 nati'
3212 2927 3404 2982 baculi
3427 2925 3691 2983 summo-

2045 3013 2172 3052 rum
2207 2997 2550 3053 militarium
2597 2999 2837 3062 ducum,
2869 2998 2962 3066 qui
2995 3015 3030 3054 a
3066 2998 3532 3054 commendando
3587 3015 3694 3056 seu

2047 3069 2331 3136 imperato
2365 3070 2849 3125 Catamandosta'be
2884 3069 3270 3139 appellantur.

2123 3139 2196 3209 t9)
2229 3140 2476 3206 Barbati,
2522 3140 2560 3195 il
2590 3146 2676 3196 est
2713 3156 2821 3195 non
2851 3140 3104 3196 castrati.
3141 3141 3284 3197 Nam
3309 3145 3367 3196 et
3396 3140 3694 3197 eunucho-

2052 3226 2181 3264 rum
2219 3211 2361 3283 bene
2410 3211 2578 3266 multi
2612 3219 2780 3267 erant
2827 3211 3300 3283 protospatbarii.

2121 3283 2229 3350 (10)
2278 3282 2423 3345 Quid
2484 3283 2770 3351 significet
2818 3279 2912 3338 hic
2963 3279 3069 3338 loci
3130 3279 3331 3346 ἔκθεσι,
3382 3300 3498 3338 non
3542 3282 3688 3338 bene

2050 3353 2204 3409 novi.
2243 3354 2618 3425 Probabiliter
2650 3363 2838 3409 tamen
2871 3354 3124 3410 reddidit
3161 3357 3232 3410 cl.
3278 3354 3547 3410 Leichius
3590 3371 3693 3425 ap-

2045 3424 2564 3496 paratus.Videtur
2602 3441 2812 3495 nempe
2841 3430 3158 3496 apparatus
3191 3425 3562 3493 ferculorum,
3593 3424 3690 3480 stt-

2051 3493 2356 3568 pellectilis
2388 3511 2574 3568 aurea
2603 3493 3008 3568 etargen'teaa,
3046 3497 3341 3568 vicorum,
3401 3502 3536 3563 etc.,
3569 3513 3690 3567 quos

2049 3565 2307 3638 convivis
2329 3567 2540 3637 apponi
2599 3565 2912 3638 debebant.
2959 3567 3486 3638 publicoiaspectui
3515 3565 3691 3633 expo-

2049 3637 2197 3691 situs
2225 3638 2545 3706 designari.
2595 3638 2859 3692 Occurrit
2888 3637 3007 3692 huic
3039 3653 3142 3691 vox
3172 3637 3501 3706 signiﬁcatu
3544 3639 3690 3692 sub-

2047 3707 2404 3771 obscuriore,
2437 3711 2537 3763 sed
2573 3707 2773 3774 simili,
2820 3709 2972 3778 apud
3023 3709 3297 3778 Scriptor.
3322 3713 3474 3778 lpost
3501 3707 3690 3778 Theo-

2049 3779 2220 3848 phan.
2277 3772 2768 3852 p.4107,_antep.
2828 3772 2955 3852 ἓεγα
3031 3772 3480 3852 σῆςίβασιλικῆς
3537 3775 3691 3852 ἐκθέ-

2047 3866 2202 3915 σεως,
2264 3850 2363 3905 uhi
2409 3850 2653 3905 vertitur
2717 3850 2910 3917 regia!
2945 3850 3371 3918 magniﬁcentia
3418 3850 3686 3918 supellex.

2047 3921 2190 3992 forte
2215 3921 2468 3992 supellex
2521 3924 2898 3977 ostentationis
2938 3920 3197 3992 aspectui
3237 3926 3440 3992 exponi
3493 3920 3686 3976 solita.

2043 3991 2148 4046 Illa
2178 3991 2328 4048 certe
2387 3995 2623 4048 notione
2670 3991 3023 4048 vocabulum
3076 3994 3179 4047 hoc
3227 3993 3518 4047 veteribus
3571 3995 3685 4046 fre-

2042 4064 2454 4134 quentabatur,
2505 4072 2558 4119 et
2607 4066 2926 4132 smpissime
2969 4063 3272 4134 Athenaeus
3332 4055 3536 4116 ἔκθεσιν
3584 4080 3689 4134 ap-

2041 4133 2251 4204 pelleat
2280 4151 2408 4190 eam
2442 4133 2785 4191 mensulam
2835 4133 3296 4207 παρατραπὲζιον,
3345 4133 3684 4207 credentium

2041 4207 2464 4279 posterioribus
2493 4207 2732 4279 dictam,
2756 4207 2815 4261 in
2849 4205 2964 4277 qua
2995 4205 3238 4279 calyces,
3263 4207 3430 4279 disci,
3464 4205 3683 4273 lances,

2039 4281 2096 4347 et
2127 4278 2348 4347 reliqua
2380 4277 2696 4332 triclinaris
2742 4280 2999 4345 supellex
3039 4277 3372 4347 conspectui
3433 4293 3685 4347 expone-

2039 4345 2214 4421 batur
2253 4345 2658 4421 convivarum.
2692 4418 2707 4421 _
2734 4351 2880 4421 Apte
2935 4349 3032 4402 ille
3095 4366 3148 4418 p.
3186 4345 3339 4421 1‘42:
3397 4345 3684 4421 Ποτήρίιυν

2040 4414 2268 4492 πολλῷν
2296 4416 2531 4492 ἒκθέσεις
2581 4427 2635 4474 et
2685 4414 2990 4492 βριιὶμάτων
3038 4414 3397 4473 πάντι-ιδαπῶν
3448 4414 3685 4490 «spatii-

2039 4506 2149 4560 σεις
2189 4489 2406 4556 jungit.
2445 4491 2606 4560 Idem,
2640 4489 2695 4560 ρ.
2724 4489 2863 4555 ⁷197,
2892 4489 3386 4560 κλίνηνηιεηδαιη,
3421 4489 3688 4547 nominat

2039 4558 2174 4622 πρὸς
2204 4560 2303 4633 τὴν
2334 4563 2442 4613 τῶν
2482 4557 2721 4613 κυλίκιον
2772 4560 2862 4633 noti
2905 4558 3184 4633 ποτηρίων
3233 4565 3339 4614 τῶν
3369 4581 3426 4615 τε
3475 4559 3687 4616 λοιπῶν

2035 4633 2144 4703 τῶν
2194 4631 2329 4703 πρὸς
2386 4637 2485 4699 τῆν
2543 4633 2744 4703 χοῇσιν
2821 4630 3098 4700 ἀνηκόντιυ
3157 4635 3681 4703 κατασκευασμάτων

2039 4696 2267 4787 ἔκθεσιν,
2326 4710 2404 4784 et.
2442 4696 2506 4772 'p.
2546 4696 2690 4788 Eli-2,
2751 4696 2971 4791 domat?
3025 4704 3443 4791 ~xsxocpnpévn
3497 4696 3682 4791 ’στρω-

2037 4776 2199 4852 μναῖς
2229 4792 2288 4826 τε
2318 4772 2408 4826 καὶ
2449 4771 2682 4849 γραφαῖς
2724 4773 2810 4852 καὶ
2865 4771 3111 4849 ἀνδριᾶσι
3149 4771 3238 4828 καὶ
3270 4771 3685 4852 ὰργυρωμσῖτων

2032 4843 2260 4906 ἐκθὲσει,
2292 4843 2832 4912 ornatam'stragula
2861 4843 3023 4913 veste,
3055 4853 3106 4902 et
3136 4843 3373 4916 picturis
3416 4843 3478 4902 "et
3501 4843 3683 4917 signis

2032 4920 2082 4969 el
2113 4918 2750 4989 argenteasupellecttle
2793 4919 3154 4974 ostensionali
3180 4924 3478 4989 spectatum
3507 4935 3675 4989 εξεμο-

2030 4986 2356 5061 sita.Hinc
2385 4988 2700 5061 intelligas,
2733 5005 2906 5061 quam
2963 4986 3262 5059 eleganter
3309 4991 3490 5046 Graeci
3537 4986 3682 5042 ἐκτί-

2031 5056 2211 5110 θεσθαι
2261 5059 2456 5114 dicant
2504 5056 2607 5129 pro
2661 5056 2957 5116 declarare
3015 5056 3194 5116 animi
3255 5063 3346 5115 sui
3407 5076 3594 5126 sensa,
3627 5064 3683 5115 et

2034 5129 2224 5201 Latini
2258 5133 2468 5201 pariter
2518 5147 2810 5198 exponere,
2844 5135 2998 5187 velut
3049 5130 3471 5201 supellectilem
3516 5147 3683 5200 pom-

2033 5200 2283 5274 paticatn
2318 5201 2375 5257 in
2408 5201 2564 5257 clara
2595 5203 2720 5259 luce
2768 5209 2826 5257 et
2875 5200 3184 5274 conspectu
3239 5216 3466 5274 ponere.
3523 5202 3680 5274 idem

2030 5271 2350 5344 Athenmus
2395 5290 2450 5344 p.
2506 5274 2642 5344 211,
2698 5274 2990 5329 dictionem
3023 5269 3317 5344 alicuius,
3362 5271 3454 5344 ait
3495 5269 3540 5322 εἰ
3589 5271 3681 5325 καὶ

2033 5341 2363 5416 μακροτέρα,
2395 5341 2554 5416 ’ἐστὶν
2609 5341 2930 5414 ἐκθήσομαι,
2976 5345 3232 5416 etiamsi
3300 5341 3519 5407 longior
3585 5345 3680 5414 sit,

2031 5421 2240 5482 tamen,
2275 5414 2434 5470 velut
2468 5414 2722 5483 signum,
2756 5418 2813 5469 in
2863 5415 3041 5470 medio
3071 5427 3361 5483 exponam,
3417 5419 3678 5483 contem-

2031 5480 2256 5553 platum
2291 5493 2348 5539 et
2370 5480 2724 5554 judicatum,
2775 5486 2904 5554 Vid.
2941 5489 3010 5539 ad
3047 5502 3102 5554 p.
3137 5480 3264 5545 420,
3295 5480 3562 5554 dicenda.
3600 5486 3682 5542 De

2029 5550 2145 5611 alia
2167 5550 2594 5618 significatione
2627 5550 2779 5610 vocis
2809 5550 3177 5621 ἔκθεσιςξρυδ
3203 5550 3494 5621 signiﬁcat
3521 5555 3684 5611 ιιιὺιι.

2030 5628 2112 5682 las
2148 5642 2342 5681 census
2363 5624 2580 5694 publice
2599 5631 2924 5693 propositas,
2958 5632 3015 5679 et
3039 5639 3164 5694 quas
3196 5637 3266 5677 ex
3296 5621 3500 5674 codem
3525 5621 3690 5682 fonte

2030 5697 2313 5765 manavit,
2343 5696 2537 5748 dicam
2566 5695 2638 5748 ad
2669 5695 2996 5752 Taxidium.
