4154 6302
386 404 502 463 2'79

1453 388 1984 456 CONSTANTINI
2027 381 2731 476 PORPHYBOGENITI

3672 371 3794 433 280

386 543 458 596 ιω
501 537 757 610 Deipara
796 535 1137 593 diaconissas
1175 533 1358 590 eadem
1397 531 1540 602 petit
1567 529 1902 599 imperator,
1931 524 2026 581 ubi

2154 541 2198 576 τε
2226 523 2334 572 τῶν
2382 513 2744 592 ἀρτοπωλίων
2793 514 2842 550 ⁸⁸
2882 511 2973 568 καὶ
3028 513 3126 567 τοῦ
3178 509 3401 584 ταύρου,
3460 499 3791 562 καταλαϐὼν

390 642 624 686 cereum
691 622 1184 699 processioualem
1243 619 1452 687 reddit,
1511 622 1567 673 et
1619 615 1693 672 ad
1750 615 2040 671 Philadelo

393 717 601 789 phium
651 731 840 786 usque
887 726 1249 786 progressus,
1280 725 1313 764 a
1343 708 1545 763 dextra
1579 705 1892 762 deﬂectens
1945 720 2045 774 per

396 805 614 876 Olybrii
654 808 710 860 et
749 801 1188 860 Constantianas
1234 797 1494 853 thermas
1544 811 1731 866 usque
1759 795 1830 849 ad
1861 791 2044 849 sancti

393 892 684 966 Polyeucti
714 890 895 961 vadit,
923 888 1024 945 ubi
1065 887 1240 943 etiam
1281 901 1509 942 cereum
1569 888 1773 951 mutat,
1818 881 2046 952 alioque

394 1000 427 1038 a
459 979 764 1053 praeposito
806 981 1064 1050 accepto,
1108 990 1208 1048 per
1254 975 1499 1031 mediam
1545 975 1616 1030 ad
1660 973 1758 1028 SS.
1802 975 2045 1042 Aposto-

394 1071 482 1127 los
515 1069 655 1137 abit,
687 1071 744 1124 et
774 1067 1106 1123 narthecem
1140 1066 1464 1137 ingressus,
1498 1065 1559 1119 in
1589 1061 1738 1118 sella
1760 1061 2044 1127 assidens,

395 1159 786 1233 patriarcham
819 1160 1133 1228 exspectat.
1167 1154 1274 1219 Qui
1309 1157 1618 1226 postquam
1652 1168 1783 1207 cum
1816 1167 2048 1223 proces-

398 1250 560 1306 sione
591 1248 846 1314 advenit,
894 1244 1089 1302 clerici
1156 1258 1499 1298 communes
1556 1241 1657 1296 46
1716 1244 1774 1296 et
1830 1238 2048 1311 politici

397 1355 500 1410 per
541 1339 804 1393 dextram
858 1338 1104 1406 portam,
1149 1329 1538 1403 imperatoriis
1579 1328 1923 1401 proximam,
1955 1343 2049 1383 or-

398 1427 576 1499 phani
616 1441 717 1498 per
783 1422 1059 1493 mediam,
1136 1421 1422 1491 templum
1489 1419 1918 1490 ingrediuntur:
1971 1417 2052 1471 sic

402 1517 578 1573 etiam
612 1511 992 1584 metropolitm
1024 1516 1081 1566 et
1111 1508 1369 1581 episcopi
1426 1523 1528 1580 per
1568 1511 1762 1576 portas
1792 1505 2049 1578 impera-

401 1604 582 1659 torias
614 1600 880 1674 ingressi,
912 1600 1342 1672 imperatorem,
1384 1613 1499 1652 non
1533 1611 1716 1668 prono
1751 1599 1949 1650 tamen
1990 1594 2053 1649 in

402 1695 619 1747 terram
653 1705 908 1761 corpore,
943 1688 1199 1742 adorant.
1236 1684 1758 1757 Appropinquante
1805 1682 2053 1756 patriar-

407 1779 536 1846 cha,
571 1778 890 1848 imperator
917 1774 1118 1846 surgit,
1165 1777 1411 1844 postque
1452 1777 1719 1828 mutuam
1760 1771 2056 1826 adoratio—

410 1884 542 1922 nem
612 1871 670 1921 et
734 1863 1156 1932 salutationem,
1228 1863 1300 1917 ad
1375 1869 1567 1932 portas
1647 1861 2052 1932 imperatorias

410 1954 644 2023 abeunt,
663 1952 760 2008 ubi
791 1952 1117 2023 patriarcha
1144 1965 1339 2022 preces
1362 1949 1635 2006 introitus
1667 1949 1848 2003 divini
1876 1947 2055 2003 ofﬁcii

410 2042 716 2096 instituere
756 2040 980 2111 incipit.
1025 2040 1349 2110 Imperator
1377 2042 1570 2093 autem
1613 2053 1746 2092 cum
1792 2037 2056 2093 accensis

408 2131 588 2186 cereis
649 2137 938 2200 precatus,
979 2143 1078 2183 eos
1139 2128 1466 2198 praeposito,
1519 2127 1613 2181 hic
1653 2126 2057 2182 cerimoniario

405 2220 602 2287 tradit,
655 2226 708 2273 et
767 2216 1095 2287 precatione
1149 2217 1332 2284 ﬁnita,
1392 2217 1707 2288 imperator
1764 2231 2060 2271 sacrosan-

409 2320 569 2364 ctum
602 2305 978 2378 Evangelium
1011 2323 1077 2361 ac
1121 2307 1515 2362 venerandam
1555 2321 1786 2362 crucem
1830 2305 2057 2373 adorat,

416 2412 636 2469 perque
666 2395 925 2450 medium
953 2394 1230 2465 templum
1255 2399 1312 2450 et
1339 2395 1610 2450 ambonis
1649 2395 1804 2449 latus
1836 2394 2058 2466 digres-

413 2501 537 2551 sus,
571 2483 813 2550 soleam,
845 2482 1169 2553 patriarcha
1199 2484 1538 2550 sacrarium,
1569 2483 1774 2538 intrat.
1808 2483 2062 2553 Impera-

410 2581 496 2629 tos
522 2575 711 2627 autem
739 2571 811 2626 ab
843 2586 1049 2626 sacras
1088 2571 1325 2642 januas,
1375 2577 1444 2626 ut
1485 2570 1596 2641 ipsi
1647 2569 1906 2625 solemne
1950 2572 2058 2632 est,

413 2665 708 2736 precatus,
742 2675 990 2730 moxque
1020 2660 1082 2716 in
1112 2660 1434 2716 sacrarium
1465 2659 1786 2730 ingressus,
1833 2674 2059 2715 sacram

414 2766 679 2806 mensam
709 2753 1040 2818 veneratur,
1072 2756 1124 2806 et
1164 2753 1462 2822 acceptum
1510 2765 1543 2804 a
1576 2748 1888 2820 preposito
1926 2765 2064 2821 apo-

416 2839 712 2898 combium
742 2837 802 2894 in
845 2855 912 2895 ea
941 2838 1189 2910 reponit.

2143 613 2235 667 τὸν
2282 610 2404 665 ναὸν
2450 615 2550 679 τῆς
2607 606 2873 682 παναγίας
2933 603 3198 660 Θεοτόκου
3253 607 3361 657 τῶν
3423 598 3796 666 διακονίσσης,

2148 697 2460 756 ἐπιδίδωσιν
2495 699 2522 753 6
2557 698 2814 773 βασιλεὺς
2862 695 2924 750 τὸ
2972 691 3291 759 λιτανίκιον,
3335 690 3426 746 καὶ
3485 689 3650 763 μέχρι
3700 690 3801 742 τοῦ

2149 788 2512 872 φιλαδελφίου
2543 785 2796 854 δίελθὼν,
2837 784 3072 872 ἐκκλίνει
3113 784 3176 872 το
3216 779 3415 872 δεξιὸν,
3449 779 3612 854 μέρος
3665 780 3802 852 (64),

2148 866 2241 934 καὶ
2273 876 2548 954 διέρχεται
2592 874 2680 931 διά
2731 895 2789 930 τε
2836 877 2944 930 τῶν
2995 866 3289 946 Ὀλυϐρίοὺ
3336 871 3426 923 καὶ
3475 872 3582 923 τῶν
3643 872 3806 922 Κων-

2152 971 2475 1024 σταντιανῶν
2511 965 2677 1043 μέχρι
2709 967 2804 1018 τοῦ
2854 960 3010 1036 ἁγίου
3061 958 3429 1025 Πολυεύκτου,
3485 954 3803 1024 ὑπαλλάξας

2155 1055 2211 1113 δὲ
2267 1057 2480 1112 κάκεῖσε
2537 1042 2755 1130 κηρίον,
2805 1053 2895 1106 καὶ
2945 1045 3130 1106 λαϐὼν
3187 1045 3370 1122 ἕτερον
3417 1045 3611 1120 κηρίον
3657 1042 3808 1118 παρά

2151 1151 2249 1202 τοῦ
2300 1143 2686 1218 πραιποσίτου,
2747 1138 3025 1216 διέρχεται
3079 1140 3178 1208 τήν
3238 1140 3408 1210 μέσην
3470 1135 3638 1209 μέχρι
3696 1137 3808 1188 τῶν

2151 1235 2352 1312 Ἀγίων
2407 1231 2784 1302 Ἀποστόλων,
2834 1230 2924 1285 καὶ
2970 1227 3224 1284 εἰσελθὼν
3272 1227 3349 1288 εἰς
3396 1226 3488 1280 τὸν
3538 1224 3808 1299 νάρθηκα,

2155 1311 2437 1392 καθέζεται
2497 1323 2585 1377 ἐπὶ
2646 1318 2868 1376 σελλίου
2916 1319 3234 1393 προσμένων
3283 1315 3375 1371 τὸν
3429 1311 3807 1388 πατριάρχην.

2155 1414 2256 1468 Καὶ
2286 1417 2383 1467 τοῦ
2415 1411 2763 1485 πατριάρχου
2794 1401 3198 1466 καταλαϐόντος
3232 1403 3366 1478 μετὰ
3394 1408 3494 1471 τῆς
3536 1399 3720 1470 λιτῆς,
3753 1399 3809 1452 οἱ

2161 1503 2255 1577 μὲν
2287 1501 2463 1556 κοινοὶ
2505 1503 2612 1571 (65)
2657 1496 2908 1571 κληρικιῖ
2957 1494 3046 1550 καὶ
3095 1494 3146 1548 οἱ
3196 1489 3476 1547 πολιτικοὶ
3522 1489 3810 1577 εἷσέρχον-

2156 1613 2244 1647 ται
2285 1591 2362 1653 είς
2392 1590 2482 1644 τὸν
2510 1589 2638 1643 ναὸν
2670 1585 2758 1642 διὰ
2785 1589 2883 1654 τῆς
2932 1583 3172 1655 πλησίον
3223 1579 3390 1651 οὔσης
3435 1583 3546 1634 τῶν
3593 1576 3813 1653 βασιλι-

2158 1686 2268 1735 κῑὺν
2318 1677 2509 1734 πυλῶν
2557 1675 2732 1748 δεξιᾶς
2771 1673 2978 1744 πύλης,
3017 1674 3085 1728 τὰ
3124 1669 3182 1726 δὲ
3221 1670 3428 1745 ὀρφανὰ
3468 1670 3581 1742 (66)
3635 1666 3812 1740 εἷσέρ-

2163 1789 2353 1848 χονται
2387 1765 2479 1822 διὰ
2505 1773 2607 1836 τῆς
2639 1764 2808 1840 μέσης
2839 1763 3043 1833 πύληςο
3079 1761 3339 1819 ὡσαύτως
3373 1758 3462 1814 καὶ
3493 1757 3546 1848 0:t
3584 1775 3814 1848 Δμητρο-

2160 1843 2385 1914 πολῖται
2478 1856 2568 1910 καὶ
2659 1854 2949 1909 ἰπίσκοποι
3043 1850 3429 1923 εἷσερχόμενοι
3518 1843 3609 1900 διὰ
3697 1848 3808 1898 τῶν

2170 1943 2470 2022 βασιλικῶν
2519 1941 2734 2010 πυλῶν,
2775 1944 3139 2018 προσκυνοῦσι
3178 1941 3259 2010 τῷ
3301 1933 3538 2011 βασιλεῖ,
3593 1933 3670 2006 μή
3719 1933 3819 1988 πί-

2166 2021 2391 2094 πτοντες
2456 2033 2626 2091 κάτω.
2696 2029 3105 2101 Πλησιᾶζοντος
3168 2024 3224 2081 δὲ
3280 2029 3377 2080 τοῦ
3442 2021 3814 2100 πατριάρχου,

2168 2122 2444 2178 ἀνίσταται
2494 2122 2522 2175 6
2582 2117 2839 2196 βασιλεὺς
2893 2118 2983 2172 καὶ
3042 2115 3514 2191 προσκυνήσαντες
3572 2110 3816 2189 ἀμφότε-

2171 2233 2255 2289 ροι
2312 2209 2601 2281 ἀλλήλους
2657 2210 2745 2264 καὶ
2804 2207 3200 2280 ἀσπασάμενοι,
3257 2203 3588 2275 ἀπέρχονται
3645 2200 3817 2289 μέχρι

2169 2286 2279 2357 τῶν
2319 2299 2621 2375 βασιλικῶν
2671 2297 2878 2365 πυλῶν,
2927 2295 3018 2351 καὶ
3049 2297 3077 2349 6
3113 2294 3205 2367 μὲν
3251 2291 3600 2375 πατριάρχης
3650 2286 3824 2362 ἄρχε-

2168 2409 2258 2442 ται
2289 2374 2468 2442 τελεῖν
2489 2387 2588 2454 τὴν
2621 2384 2792 2460 εὐχήν
2825 2391 2926 2452 τῆς
2958 2378 3172 2436 εἰσόδου
3220 2385 3321 2447 τῆς
3372 2375 3517 2441 θείας
3565 2374 3819 2446 λειτουρ-

2170 2478 2314 2554 γίας.
2344 2479 2403 2534 Ὁ
2436 2475 2491 2530 δὲ
2543 2475 2799 2550 βασιλεὺς
2853 2475 2992 2547 ἅψας
3041 2469 3247 2545 κηροὺς
3290 2470 3337 2505 ⁸⁸
3387 2468 3477 2522 καὶ
3525 2465 3817 2538 εὐξάμενος

2175 2563 2492 2622 ἐπιδίδωσιν
2526 2564 2722 2626 αὐτοὺς
2752 2568 2831 2634 τῷ
2858 2559 3229 2636 πραιποσίτῳ,
3261 2559 3352 2614 καὶ
3395 2557 3558 2618 αὐτὸς
3605 2559 3686 2629 τῷ
3713 2561 3816 2625 τῆς

2170 2655 2572 2723 καταστάσεως,
2629 2654 2719 2708 καὶ
2774 2657 2872 2708 τοῦ
2927 2651 3278 2727 πατριάρχου
3351 2645 3666 2707 τελέσαντος
3712 2645 3818 2713 τήν

2173 2746 2368 2820 εὐχὴν,
2429 2743 2789 2820 προσκυνεῖὸ
2832 2740 3086 2816 βασιλεὺς
3148 2739 3210 2794 τὸ
3267 2736 3532 2812 ἄχραντον
3593 2732 3826 2808 Εὐαγγέο

2173 2833 2293 2890 λιον
2325 2833 2414 2889 καὶ
2470 2834 2562 2888 τὸν
2619 2832 2800 2906 τίμιον
2858 2830 3104 2904 στάυρὸν,
3165 2825 3254 2882 καὶ
3313 2823 3588 2901 διέρχεται
3648 2823 3812 2896 μέσον

398 2933 498 2985 τοῦ
534 2933 664 2984 ναοῦ
691 2926 780 2983 διὰ
808 2936 910 2998 τῆς
955 2926 1191 3003 πλαγίας
1228 2930 1324 2981 τὸῦ
1369 2922 1650 2999 ἅμϐωνος,
1696 2923 1914 3002 ἔρχεται
1960 2927 2035 2988 εἷς
2083 2927 2180 2994 τήν
2224 2923 2456 2995 σωλέαν,
2507 2923 2597 2978 καὶ
2647 2924 2675 2978 6
2729 2923 2823 2996 μὲν
2877 2921 3224 2995 πατριάρχης
3275 2915 3575 2991 εἲσέρχεται
3625 2913 3703 2976 εἷς
3755 2914 3822 2969 τὸ

398 3021 806 3093 θυσίαστήριον.
838 3019 900 3075 Ὁ
933 3015 989 3071 δὲ
1018 3016 1274 3092 βασιλεὺς
1307 3018 1618 3090 εὐξάμενος,
1668 3016 1742 3077 ὡς
1792 3017 2018 3079 ε’ἰθισται
2071 3017 2243 3089 αὐτῷ,
2296 3012 2597 3092 ἔμπροσθεν
2643 3018 2753 3069 τῶν
2801 3013 2974 3090 ἁγίων
3025 3013 3226 3084 θυρῶν,
3274 3009 3575 3084 εἰσέρχεται
3623 3004 3698 3068 εἷς
3748 3004 3815 3060 τὸ

399 3109 804 3183 θυσιαστήριον,
834 3107 924 3162 καὶ
953 3107 1332 3181 προσκυνήσας
1360 3107 1458 3174 τὴν
1493 3106 1643 3181 ἁγίαν
1674 3105 1961 3181 τράπεζαν,
1993 3107 2082 3160 καὶ
2132 3102 2316 3161 λαϐὼν
2351 3105 2498 3180 παρᾶ
2548 3109 2644 3160 τοῦ
2691 3107 2737 3142 ⁸⁸
2784 3101 3147 3179 πραιποσίτου
3197 3093 3560 3174 ἂποκόμϐιον,
3607 3095 3832 3166 τίθησιν

395 3196 524 3252 αύτό
557 3195 610 3251 έν
643 3201 712 3270 τῇ
745 3195 870 3271 ἁγίᾳ
897 3193 1158 3270 τραπέζῃ.

465 3292 533 3343 V.
569 3289 879 3358 Imperator
905 3286 1114 3343 deinde
1134 3303 1334 3358 preces
1367 3287 1425 3343 in
1457 3291 1836 3344 monumento
1855 3287 2040 3344 Patris

2225 3289 2300 3343 E‘.
2334 3287 2640 3360 Εὖξάμενος
2673 3284 2729 3342 δὲ
2760 3287 2838 3348 εἰς
2865 3285 2958 3341 τὸν
2989 3285 3157 3363 τάφον
3189 3287 3286 3339 τοῦ
3319 3302 3378 3337 τε
3405 3279 3608 3354 πατρὸς
3631 3280 3796 3350 ἡμῶν

398 3375 589 3430 nostri
639 3375 1033 3448 Chrysostomi
1089 3380 1147 3431 et
1205 3376 1459 3448 theologi
1528 3377 1714 3432 sancti
1778 3375 2041 3449 Gregorii

398 3464 615 3532 fundit,
693 3464 992 3535 cereisque
1052 3463 1309 3520 accensis
1397 3469 1658 3538 uterque,
1724 3466 2042 3538 imperator

392 3555 448 3606 et
497 3550 841 3621 patriarcha,
887 3568 988 3622 per
1034 3551 1337 3608 sinistrum
1400 3553 1639 3608 sacrarii
1669 3555 1824 3611 latus
1866 3571 2034 3626 egre-

393 3638 654 3710 diuntur,
687 3641 980 3710 sanctique
1033 3641 1397 3696 Constantini
1436 3641 1769 3712 sepulcrum
1810 3647 2036 3712 petunt,

392 3727 493 3782 ubi
525 3729 738 3800 pariter
768 3745 899 3784 cum
940 3727 1119 3784 cereis
1161 3729 1418 3785 accensis
1467 3731 1681 3802 precati
1729 3731 2038 3787 discedunt

391 3815 461 3870 ad
529 3817 1035 3874 sanctissimorum
1093 3817 1578 3887 patriarcharum,
1623 3819 1931 3891 Nicephori
1979 3825 2037 3877 et

390 3904 692 3976 Methodii,
733 3906 995 3976 sepulcra
1043 3905 1256 3961 abituri
1315 3921 1328 3960 :
1383 3907 1482 3960 ubi
1530 3907 1836 3978 imperator
1873 3915 2035 3980 post-

390 4007 563 4061 quam
596 4008 728 4047 cum
760 3993 938 4048 cereis
969 3993 1306 4048 ardentibus
1347 3997 1619 4063 precatus
1671 4001 1781 4060 est,
1825 4013 2032 4052 monu-

389 4083 587 4134 menta
638 4081 1053 4152 imperatorum
1094 4083 1287 4149 intrat,
1346 4087 1402 4137 et
1449 4083 1529 4137 ibi
1579 4099 1807 4155 quoque
1854 4086 2033 4140 cereis

388 4168 670 4237 accensis,
704 4169 939 4224 abeunt.
975 4170 1114 4225 Inde
1163 4173 1422 4241 uterque,
1482 4171 1796 4243 imperator
1841 4177 1897 4228 et
1927 4191 2033 4245 pa-

385 4254 660 4323 triarcha,
693 4273 790 4326 per
821 4258 1126 4313 sinistrum
1159 4257 1312 4312 latus
1335 4259 1538 4330 templi
1560 4277 1660 4315 seu
1693 4276 2028 4333 gynaeceum

385 4343 636 4398 sacrario
658 4343 968 4399 obversum
991 4350 1316 4411 transeunt,
1339 4350 1397 4401 et
1419 4350 1725 4418 postquam
1745 4365 1806 4404 se
1827 4354 2030 4406 mutua

384 4429 721 4485 adoratione
750 4431 1100 4499 salutarunt,
1137 4435 1468 4504 patriarcha
1500 4437 1570 4491 ad
1603 4436 1865 4493 divinum
1897 4439 2026 4495 ofﬁ-

383 4513 540 4569 cium
608 4515 1018 4575 celebrandum
1084 4521 1270 4591 redit;
1327 4522 1641 4594 imperator
1690 4533 1879 4581 autem
1927 4544 2028 4600 per

2150 3375 2550 3447 Χρυσοστόμου
2582 3377 2695 3449 (67)
2725 3375 2815 3430 καὶ
2845 3378 2947 3429 τοῦ
2991 3371 3254 3447 θεολόγου
3299 3373 3396 3426 τοῦ
3420 3419 3422 3421 .
3445 3368 3605 3441 ἁγίου
3651 3372 3798 3441 Γρη-

2152 3463 2364 3539 γορίου,
2412 3463 2502 3518 καὶ
2556 3462 2783 3537 ἅψαντες
2836 3460 3063 3536 κηροὺς,
3122 3459 3435 3537 ἐξέρχονται
3491 3455 3798 3534 ἀμφότεροι

2149 3551 2179 3605 6'
2224 3573 2282 3607 τε
2333 3549 2589 3627 βασιλεὺς
2628 3552 2717 3605 καὶ
2758 3553 2786 3606 6
2825 3549 3172 3625 πατριάρχης
3212 3546 3301 3603 διὰ
3353 3552 3456 3616 τῆς
3513 3544 3797 3619 ἀριστερᾶς

2146 3638 2385 3715 πλαγίας
2440 3644 2537 3695 τοῦ
2600 3639 3010 3714 θυσιαστηρίου,
3067 3638 3156 3692 καὶ
3217 3637 3550 3710 ἀπέρχονται
3613 3631 3666 3688 έν
3722 3636 3793 3706 τῇ

2147 3734 2294 3802 σορῷ
2347 3733 2445 3784 τοῦ
2502 3727 2686 3804 Ἀγίου
2736 3726 3161 3796 Κωνσταντίνου,
3210 3724 3424 3780 κάκεῖσε
3487 3723 3792 3795 εὐξάμενοι,

2144 3818 2234 3873 καὶ
2276 3814 2507 3895 ἅψαντες
2559 3819 2785 3894 κηροὺς,
2838 3817 3172 3893 ἐξέρχονται,
3221 3814 3310 3871 καὶ
3354 3815 3690 3890 ἀπέρχονται
3735 3812 3789 3869 ἐν

2142 3913 2259 3970 τοῖς
2289 3910 2482 3985 τάφοις
2537 3913 2645 3963 τῶν
2695 3908 3013 3984 ἁγιωτάτων
3062 3908 3422 3984 πατριαρχῶν
3470 3903 3789 3980 Νικηφόρου

2143 3996 2232 4049 καὶ
2264 3994 2548 4051 Μεθοδίου·
2583 3998 2720 4070 ἅψας
2754 3994 2810 4051 δὲ
2839 3995 3054 4051 κάκεῖσε
3097 3994 3302 4069 κηροὺς
3332 3995 3361 4049 6
3394 3990 3650 4068 βασιλεὺς
3695 3990 3788 4046 καὶ

2143 4084 2451 4156 εὐξάμενος,
2486 4084 2787 4159 εἷσέρχεται
2829 4085 2882 4139 έν
2935 4089 3052 4148 τοῖς
3096 4085 3287 4161 τάφοις
3333 4086 3442 4137 τῶν
3493 4080 3786 4156 βασιλέων.

2140 4170 2228 4226 καὶ
2262 4165 2398 4244 ἅψας
2431 4170 2644 4226 κάκεῖσε
2675 4169 2901 4246 κηροὺς,
2935 4169 3273 4246 ἐξέρχονται.
3325 4169 3427 4227 Καὶ
3474 4166 3787 4243 διέρχονται

2141 4260 2441 4336 ἀμφότεροι
2487 4259 2516 4314 ὅ
2563 4280 2621 4315 τε
2674 4259 2928 4334 βασιλεὺς
2975 4259 3066 4314 καὶ
3098 4259 3126 4313 6
3157 4258 3504 4334 πατριάρχης
3552 4255 3639 4312 διὰ
3686 4260 3786 4312 τοῦ

2139 4347 2422 4422 ἀριστεροῦ
2477 4350 2671 4424 μέρους
2717 4352 2815 4404 τοῦ
2869 4353 3022 4418 ναοῦ,
3073 4345 3238 4422 ἤγουν
3287 4351 3385 4403 τοῦ
3441 4347 3782 4422 γυναικίτου,

2140 4435 2358 4514 ἅντικρυ
2415 4444 2511 4494 τοῦ
2562 4439 2969 4513 θυσιαστηρίου,
3017 4439 3107 4492 καὶ
3155 4439 3622 4512 προσκυνήσαντες
3671 4436 3785 4508 ἀμ-

2139 4527 2360 4602 φότεροι
2391 4527 2676 4599 ἀλλήλους
2711 4528 2737 4583 ὁ
2773 4525 3030 4604 βασιλεὺς
3055 4527 3147 4582 καὶ
3181 4528 3207 4582 6
3239 4525 3607 4603 πατριάρχης,
3649 4525 3783 4581 ὑπο-

1736 4649 1978 4705 VARI/E
2020 4651 2431 4708 LECTIONES.

451 4743 496 4779 “
517 4744 614 4828 καὶ
645 4744 816 4833 ἀνθῷν
843 4766 892 4800 τ.
930 4747 1048 4821 μέσ.
1084 4747 1357 4826 διέρχεται
1389 4749 1479 4807 διά
1507 4773 1564 4808 τε
1590 4757 1696 4809 τῶν
1729 4754 2091 4829 ἀρτοπωλίων
2144 4761 2296 4829 cod.,
2349 4756 2695 4833 ἀρτοπολίων
2726 4761 2817 4817 ed.

383 4812 548 4869 αὐτοῦ
579 4834 672 4888 πρ.
705 4817 797 4874 ed.

2913 4759 2961 4794 ⁸⁵
2989 4758 3213 4832 κηροὺς,
3248 4757 3353 4829 εύξ.
3389 4759 3480 4816 ed.
3570 4758 3617 4793 ⁸⁸
3649 4760 3775 4834 παρ’

1422 4939 1618 4996 JOAN.
1659 4941 1784 4998 JAG
1825 4943 2090 5000 REISKII
2129 4943 2726 5002 COMMENTARIUM.

486 5059 598 5142 (εν)
647 5059 1022 5142 Summum
1062 5059 1216 5142 πρός,
1506 5067 1660 5142 quod
1705 5065 1857 5142 ιειςω
1910 5072 2018 5137 εει,
2055 5077 2102 5142 υ

387 5133 553 5206 vergit
582 5131 734 5206 {ead
753 5131 1006 5206 dextram
1034 5131 1276 5206 plagam.
1311 5133 1438 5187 Vid.
1474 5131 1562 5206 ad.
1599 5152 1655 5206 p.
1705 5138 1815 5192 116.

448 5200 790 5282 ςθδλῦιθιθίοξ
821 5200 1161 5282 communes
1191 5204 1460 5282 videntur
1484 5200 1781 5282 mihiideo
1804 5208 1886 5282 sic
1915 5226 2017 5280 ap-

376 5271 598 5349 pellari,
635 5274 783 5349 quod
818 5278 936 5349 tam
971 5275 1325 5349 imperatori.
1361 5292 1531 5346 quam
1559 5277 1688 5332 urbi
1711 5271 2014 5349 servirent,

376 5347 429 5392 et
463 5356 665 5417 neque
690 5344 952 5417 palatini,
996 5341 1295 5417 βασιλικοί,
1335 5341 1520 5417 neque
1580 5349 1806 5415 urbani,
1857 5341 2020 5403 πολιζ

377 5411 544 5474 τικοί,
569 5414 668 5466 sed
693 5411 1218 5470 amboru’m'usibus
1241 5411 1508 5472 destinati
1535 5425 1754 5474 essent.
1774 5411 2021 5478 Possunt

379 5482 580 5556 tamen
605 5497 833 5556 quoque
863 5489 1140 5556 sequior“
1162 5487 1375 5552 clerici,
1409 5506 1512 5544 seu
1545 5490 1767 5548 vilioris
1796 5494 2017 5550 ordinis

378 5564 527 5630 esse.
555 5551 644 5630 _l_ta
671 5551 848 5630 p.'9:7,
878 5551 1164 5630 t6ixow8v
1203 5561 1300 5612 τοῦ
1339 5556 1549 5630 κλήρου
1590 5561 1816 5619 videtur
1855 5566 2017 5621 turba

376 5620 749 5694 miscellanea,
777 5620 897 5694 ίτεω
922 5629 1057 5684 σιενί
1085 5646 1232 5686 esse.

443 5690 554 5760 (66)
586 5690 884 5750 Subintell.
917 5695 1126 5756 παιδία.

2137 5139 2147 5150 .
2206 5068 2318 5150 (67)
2354 5070 2434 5150 Qa
2461 5069 2864 5150 Chrysostomi
2894 5075 2950 5128 et
2978 5072 3337 5150 Constantini
3375 5073 3476 5150 M_._
3489 5073 3776 5150 sepulcris

2133 5141 2190 5215 i_n
2223 5141 2343 5215 teda
2375 5142 2517 5215 Sus.
2544 5141 2952 5215 Apostolorum
2985 5160 3037 5197 v.
3065 5148 3144 5199 Du
3175 5144 3374 5215 Gange
3395 5143 3523 5200 CPli
3549 5143 3769 5200 Christ.

2133 5210 2200 5286 L._
2221 5211 2323 5286 III._
2340 5214 2544 5286 p.__108.
2569 5210 2658 5286 sq.
2684 5214 2828 5286 Cum
2851 5213 2997 5286 illud
3019 5210 3468 5286 templum'olim
3491 5219 3647 5270 esset
3660 5231 3773 5286 pa-

2129 5282 2462 5356 triarchalis
2501 5282 2761 5356 ecclesia,
2797 5282 3188 5356 humabantur
3216 5287 3276 5340 in
3307 5301 3373 5341 eo
3407 5282 3767 5356 patriarcha,

2129 5353 2341 5428 quales,
2359 5356 2522 5409 fueru
2535 5361 2596 5428 nt
2622 5354 2934 5428 Gregorius
2955 5356 3344 5428 Nazianzenus
3361 5353 3770 5428 etChrysostoé

2127 5425 2464 5498 mus_;_item
2508 5425 2866 5496 Nicephorus
2909 5433 2965 5481 et
3005 5426 3355 5491 Methodius,
3386 5425 3635 5498 quorum
3667 5427 3768 5483 ille

2125 5495 2199 5568 ab
2226 5495 2587 5568 _8Q6_usque
2617 5495 2686 5550 ad
2729 5498 2895 5563 815,;
2933 5498 3024 5552 hic
3063 5505 3258 5552 autem
3307 5499 3378 5554 ab
3404 5495 3529 5553 ’842
3576 5514 3766 5568 usque

2125 5566 2195 5619 ad
2219 5564 2616 5640 846thronum
2637 5570 2841 5621 tenuit.
2859 5568 3036 5640 Erant
3056 5569 3273 5623 ibidem
3293 5585 3526 5640 quoque
3549 5564 3764 5639 magna

2123 5649 2199 5711 er
2225 5638 2383 5704 parte
2413 5635 2786 5711 imperatores
2813 5639 3023 5711 CPtani
3053 5640 3288 5711 sepulti,
3311 5635 3568 5710 quorum
3601 5635 3760 5695 urna

2122 5706 2289 5761 Libro
2321 5723 2383 5773 ιι,
2413 5706 2547 5778 Cap.
2582 5710 2651 5765 43
2681 5709 2865 5764 nostri
2893 5706 3540 5767 codicis‘recens‘entur.
