4154 6302
514 333 632 393 295

1563 325 2080 391 CONSTANTINI
2124 328 2834 393 PORPHYROGENITI

3800 337 3924 397 296

516 465 654 530 tica,
712 463 1021 534 ipsumque
1075 462 1147 517 ad
1205 462 1259 517 S.
1332 459 1734 532 Cbristopbori
1795 459 2150 516 conducunt.

2265 459 2331 513 τὰ
2383 458 2434 527 έξ
2485 456 2638 521 ἔθους
2685 462 2781 514 τοῦ
2830 456 3053 534 μέρους,
3097 457 3349 515 ἆποκινεῖ
3408 461 3503 533 μὲν
3555 462 3584 515 ὁ
3633 461 3915 537 βασιλεὺς,

517 552 830 609 Sciendum
864 555 973 619 est,
1005 549 1295 621 principes
1327 550 1573 605 duarum
1615 548 1938 604 factionum
1970 552 2160 604 trans-

517 644 817 699 itoriarum
849 644 906 696 et
947 641 1212 696 tribunos
1242 638 1515 709 politicaa,
1574 638 1837 710 singulos
1877 653 1981 709 pro
2040 637 2160 693 suis

515 731 887 799 factionibus,
919 730 976 785 in
1010 730 1199 801 prima
1227 732 1458 784 tantum
1490 728 1841 800 receptione,
1901 744 2018 784 non
2051 743 2158 783 au-

517 827 632 879 tem
664 822 724 877 in
755 821 995 888 caeteris,
1028 819 1290 875 libellum
1322 819 1586 886 tradere;
1620 819 1730 875 hoc
1745 819 1903 874 enim
1934 822 2156 874 tantum

516 911 697 968 semel
726 910 849 965 ﬁeri
900 909 1065 964 solet.
1100 907 1325 964 Politici
1378 908 1608 964 Venetae
1639 907 1911 963 factionis
1967 906 2155 978 impe-

515 1005 763 1057 ratorem
796 998 855 1053 in
887 998 942 1053 S.
975 996 1376 1069 Cbristopbori
1397 998 1713 1068 excipiunt,
1750 996 1851 1052 ubi
1882 995 2156 1051 tribunus

514 1086 850 1159 imperatori
874 1084 1137 1141 libellum
1160 1084 1261 1140 dat
1287 1101 1300 1138 :
1330 1085 1596 1155 actisque
1618 1082 1826 1150 ﬁnitis,
1846 1082 2159 1153 imperator

512 1177 651 1245 abit,
685 1192 861 1248 quem
893 1174 1065 1231 factio
1097 1174 1452 1239 conducens,
1510 1172 1792 1239 dromica,
1826 1171 1873 1226 si
1898 1170 2155 1241 jusserit,

510 1273 568 1325 et
589 1266 873 1340 apelatica
902 1264 1122 1321 recitat.
1168 1263 1287 1319 Hoc
1335 1261 1577 1333 singulas
1634 1263 1913 1317 factiones
1970 1261 2154 1331 impe-

510 1360 763 1411 ratorem
795 1352 1166 1416 comitantes,
1198 1352 1257 1405 in
1288 1351 1416 1420 ejus
1457 1350 1782 1421 receptione
1813 1349 2145 1405 observant.

513 1443 763 1515 Populus
795 1441 1142 1497 transitoria:
1163 1440 1430 1496 factionis
1458 1438 1711 1495 Prasias:
1744 1439 2154 1510 imperatorem

515 1533 585 1588 ad
621 1533 681 1587 S.
713 1529 933 1603 Olybrii
963 1529 1198 1599 excipit,
1232 1529 1506 1600 princeps
1526 1529 1655 1598 ejus
1685 1527 1945 1583 libellum
1976 1526 2154 1582 tradit

511 1622 823 1694 ipsumque
854 1620 927 1674 ad
960 1616 1443 1689 pbiladelphium,
1479 1617 1574 1673 ubi
1604 1616 1940 1672 transitoria
1968 1614 2154 1671 Vene-

510 1714 707 1765 torum
760 1706 932 1763 factio
963 1706 1150 1774 adest,
1181 1705 1476 1761 conducit.
1519 1706 1648 1761 Hac
1699 1719 1834 1761 eum
1874 1705 1933 1759 in
1966 1703 2157 1775 pbila-

513 1798 750 1870 delphio
808 1797 1022 1868 excipit
1066 1801 1122 1852 et
1174 1811 1363 1867 usque
1407 1796 1477 1851 ad
1509 1796 1782 1853 Prasinos
1815 1795 2064 1868 politicas
2095 1795 2153 1849 in

517 1886 780 1942 modium
813 1885 996 1953 ducit,
1034 1902 1066 1939 a
1097 1884 1309 1955 quibus
1343 1883 1407 1940 in
1463 1886 1658 1940 modio
1716 1885 2016 1954 excipitur,
2053 1882 2154 1938 ubi

511 1976 787 2032 tribunus
810 1974 1151 2045 imperatori
1183 1972 1446 2028 libellum
1470 1973 1668 2043 tradit,
1700 1978 1758 2029 et
1785 1972 2063 2029 omnibus
2093 1974 2157 2026 ut

511 2080 691 2135 supra
719 2064 940 2120 dictum
972 2067 1065 2119 est
1094 2061 1369 2134 peractis,
1402 2063 1474 2117 ad
1505 2066 1759 2133 taurum,
1794 2061 1892 2117 ubi
1926 2059 2156 2130 politica

512 2154 858 2210 Venetorum
885 2151 1079 2218 factio,
1110 2166 1243 2207 eum
1268 2150 1554 2222 perducit.
1590 2150 1720 2205 Haec
1742 2150 2154 2221 imperatorem

511 2242 573 2298 in
602 2246 768 2297 tauro
799 2240 1013 2312 excipit
1033 2244 1091 2294 et
1114 2239 1187 2294 ad
1237 2240 1508 2295 tabernas
1550 2240 1857 2311 pistorum,
1919 2240 2015 2296 ubi
2047 2256 2155 2311 po—

511 2332 672 2388 litica
701 2332 873 2387 factio
904 2331 1274 2386 Prasinorum
1307 2329 1491 2398 adest,
1544 2331 1801 2400 deducit,
1862 2346 1989 2401 quae
2020 2345 2154 2385 eum

512 2422 574 2477 in
604 2422 727 2477 foro
766 2419 1113 2475 transitoria
1164 2418 1429 2474 factionis
1476 2419 1750 2487 Prasinae,
1795 2420 1854 2475 in
1894 2420 2156 2475 substru-

513 2512 704 2568 ctione
735 2510 884 2566 milii
924 2509 1172 2581 politicm
1214 2508 1487 2565 factionis
1528 2506 1773 2564 Prasinaa
1830 2509 2058 2581 excipit.
2089 2509 2155 2564 In

511 2599 795 2671 zeuxippo
816 2614 947 2654 cum
980 2596 1318 2653 transitoria
1339 2599 1695 2652 Venetorum
1720 2597 1913 2664 factio,
1945 2598 2156 2653 deinde

514 2690 574 2745 in
606 2687 825 2759 cbalce,
858 2686 1089 2757 excipit.
1124 2686 1252 2741 Mox
1298 2701 1503 2742 omnes
1548 2686 1796 2757 pedibus
1851 2686 2154 2755 incedunt,

2272 547 2425 603 αύτοῖ
2459 546 2515 603 δὲ
2546 550 2598 603 οἱ
2626 553 2723 603 τοῦ
2757 550 2955 625 μέρους
2983 551 3419 624 προπορεύονται
3440 548 3713 625 ἔμπροσθε
3732 552 3781 587 ⁷⁷
3802 556 3919 626 (95)

2270 640 2367 692 τοῦ
2402 636 2690 712 βασιλέως,
2742 637 2991 712 λέγοντες
3042 636 3299 713 δρομικὰ,
3332 640 3377 694 εἰ
3420 638 3476 694 δὲ
3507 639 3715 696 κελεύει
3748 643 3776 695 6
3811 642 3919 718 βα-

2272 725 2454 787 σιλεὺς
2518 727 2610 781 καὶ
2675 725 2998 798 ἀπελατικὰ,
3086 727 3456 799 ἀποσώζοντες
3523 731 3616 784 τὸν
3688 729 3917 805 βασιλέα

2272 816 2438 893 μέχρι
2484 820 2581 870 τοῦ
2626 816 2779 892 ἁγίου
2822 816 3229 891 Χριστοφόρου.
3266 818 3384 893 Χρή
3414 816 3473 873 δὲ
3502 815 3721 888 εἰδέναι,
3746 818 3832 874 ὅτι
3863 821 3919 875 οἱ

2271 898 2615 975 δημοκράται
2662 907 2771 958 τῶν
2828 900 2925 958 δύο
2978 909 3155 978 μερῶν
3204 909 3312 959 τῶν
3365 911 3669 976 περατικῶν
3715 906 3803 961 καὶ
3856 908 3914 961 οῖ

2270 988 2554 1065 δήμαρχοι
2619 998 2719 1061 τῆς
2777 991 3091 1065 πολιτικῆς,
3146 991 3372 1055 ἕκαστος
3429 994 3603 1049 αὐτῶν
3661 995 3798 1051 κατὰ
3852 996 3917 1051 τὸ

2272 1078 2433 1154 μέρος
2465 1081 2668 1148 αὐτῶν,
2701 1080 2754 1135 έν
2794 1084 2863 1155 τῇ
2908 1083 2955 1136 α’
3003 1080 3151 1161 δοχῇ
3195 1080 3499 1138 ἐπιδιδόασι
3533 1079 3916 1158 λιϐελλάριον,

2268 1167 2319 1223 έν
2354 1167 2411 1223 δὲ
2437 1176 2555 1231 ταῖς
2588 1169 2811 1233 λοιπαῖς
2853 1167 3050 1245 δοχαῖς
3082 1167 3414 1247 λιὸελλάρια
3451 1172 3555 1226 οὐκ
3583 1170 3912 1229 ἐπιδιδόασι.

2266 1257 2401 1330 πρὸς
2434 1257 2569 1326 ἅπαξ
2619 1259 2719 1332 γὰρ
2753 1262 2913 1313 τοῦτο
2962 1259 3052 1314 καὶ
3104 1260 3294 1333 μόνον.
3344 1262 3408 1317 Ἦ
3441 1258 3498 1316 δὲ
3528 1260 3789 1331 πολιτική
3815 1265 3916 1316 τοῦ

2270 1348 2471 1419 μέρους
2498 1350 2607 1401 τῶν
2638 1346 2870 1403 Βενέτων
2921 1348 3057 1421 μετᾶ
3104 1349 3195 1403 καὶ
3233 1352 3329 1404 τοῦ
3379 1346 3673 1424 δημάρχου
3719 1346 3917 1425 δέχον-

2264 1455 2350 1489 ται
2380 1435 2472 1489 τὸν
2507 1432 2737 1509 βασιλέα
2779 1436 2833 1489 έν
2878 1440 2959 1509 τῷ
3008 1438 3148 1511 ἁγίῳ
3197 1439 3577 1515 Χριστοφόρῳ,
3609 1437 3698 1492 καὶ
3729 1436 3916 1493 έπιδί-

2268 1523 2431 1580 δωσιν
2464 1528 2491 1580 6
2525 1524 2813 1601 δήμαρχος
2834 1532 2914 1600 τῷ
2938 1526 3156 1602 βασιλεῖ
3187 1524 3567 1603 λιόελλάριον,
3597 1530 3911 1595 τελέσαντες

2266 1612 2323 1669 δὲ
2350 1616 2418 1669 τὰ
2456 1613 2610 1682 ἄκτα,
2638 1616 2883 1672 ἆποκινεῖ
2930 1617 2958 1670 6
3010 1616 3285 1691 βασιλεὺς,
3319 1619 3381 1673 τὸ
3421 1615 3479 1673 δὲ
3512 1618 3675 1695 μέρος
3708 1617 3915 1675 διασώ-

2265 1708 2341 1772 ζει
2399 1702 2494 1758 τὸν
2551 1704 2800 1779 βασιλέα,
2866 1703 3119 1779 λέγοντες
3188 1702 3496 1781 ἔμπροσθεν
3563 1706 3822 1783 δρομικὰ,
3864 1708 3911 1764 εἰ

2264 1790 2496 1861 κελεύει,
2556 1792 2645 1847 καὶ
2696 1791 3017 1848 ἀπελατικά·
3071 1799 3234 1850 τοῦτο
3294 1793 3351 1850 δέ
3405 1797 3555 1851 τελεῖ
3594 1796 3650 1852 ἓν
3689 1795 3917 1855 ’ἑκαστον

2269 1880 2432 1954 μέρος
2460 1879 2513 1935 έν
2543 1884 2612 1954 τῇ
2642 1881 2812 1936 αὐτοῦ
2844 1878 2989 1956 δοχῇ
3021 1882 3088 1941 ⁷⁸.
3141 1885 3507 1954 Διασώζοντες
3536 1886 3626 1940 τὸν
3663 1885 3912 1961 βασιλέα,

2266 1966 2520 2043 δέχονται
2573 1968 2745 2023 ἐκεῖσε
2792 1974 2899 2025 τῶν
2943 1976 3247 2045 περατικῶν
3304 1979 3481 2048 μερῶν
3543 1975 3824 2050 Πρασίνων
3885 1977 3914 2031 ὁ

2266 2056 2395 2120 λαὸς
2437 2059 2530 2113 τὸν
2567 2056 2793 2134 βασιλέα
2839 2057 2893 2113 έν
2943 2066 3065 2123 τοῖς
3108 2066 3206 2115 τοῦ
3256 2058 3572 2139 Ὀλυϐρίου,
3616 2067 3707 2121 καὶ
3739 2063 3917 2121 ἐπιδί-

2265 2143 2428 2200 δωσιν
2481 2147 2509 2200 6
2566 2144 2923 2220 δημοκράτης
2978 2153 3060 2220 τῷ
3121 2148 3339 2224 βασιλεῖ
3392 2148 3770 2229 λιὸελλάριον,
3824 2154 3914 2210 καὶ

2265 2234 2591 2305 διασώζουσι
2639 2237 2731 2291 τὸν
2788 2238 3013 2312 βασιλέα
3065 2240 3231 2313 μέχρι
3280 2245 3381 2296 τοῦ
3410 2241 3775 2324 φιλαδελφίου
3803 2249 3910 2300 τῶν

2263 2330 2565 2401 περατικῶν
2603 2332 2783 2399 μερῶν
2826 2332 2933 2382 τῶν
2986 2328 3237 2387 Βενέτων.
3291 2332 3389 2386 Καὶ
3437 2328 3655 2407 δέχεται
3687 2335 3715 2389 6
3746 2354 3917 2410 περα-

2267 2415 2416 2476 τικὸς
2447 2411 2626 2487 δῆμος
2652 2419 2762 2469 τῶν
2796 2415 3030 2472 Βενέτων
3059 2417 3151 2473 τὸν
3185 2419 3412 2492 βασιλέα
3441 2418 3493 2474 ἐν
3524 2427 3607 2494 τῷ
3637 2421 3915 2480 Φιλαδελ-

2265 2504 2395 2577 φίῳ,
2447 2501 2775 2572 διασώζουσι
2821 2502 2878 2560 δὲ
2920 2502 3023 2568 ἕως
3063 2512 3174 2562 τῶν
3222 2508 3502 2583 Πρασίνων
3547 2518 3649 2580 τῆς
3689 2512 3919 2569 πολιτιο

2263 2599 2366 2662 κῆς
2413 2597 2511 2646 τοῦ
2560 2591 2776 2665 μοδίου,
2836 2596 2926 2649 καὶ
2994 2593 3247 2671 δέχονται
3303 2600 3396 2653 τὸν
3460 2599 3685 2674 βασιλέα
3741 2601 3793 2655 έν
3841 2607 3922 2675 τῷ

2270 2679 2470 2754 μοδίῳ,
2519 2682 2609 2736 καὶ
2656 2679 2969 2739 ἐπιδίδωσιν
3012 2686 3040 2740 6
3084 2684 3376 2766 δήμαρχος
3428 2685 3784 2767 λιόδλλάριον
3836 2691 3917 2765 τῷ

484 2846 485 2849 η
515 2778 675 2836 solus
706 2780 1023 2849 imperator
1052 2791 1202 2848 equo
1231 2775 1486 2841 vehitur,
1517 2782 1571 2830 et
1602 2774 1739 2830 inde
1779 2777 1851 2831 ab
1884 2777 2153 2833 omnibus

2272 2769 2508 2846 βασιλεῖ,
2555 2770 2647 2825 καὶ
2692 2771 3005 2838 τελέσαντες
3052 2774 3276 2845 ἅπαντα,
3311 2778 3385 2838 ὡς
3415 2779 3756 2854 προείρηται,
3792 2777 3921 2835 δια-

513 2868 765 2940 stipatus
787 2874 848 2922 ut
879 2866 1098 2921 dictum
1148 2873 1255 2934 est,
1286 2880 1383 2934 per
1416 2864 1671 2921 cortinas
1702 2882 1890 2938 usque
1947 2866 2018 2921 ad
2075 2866 2153 2920 in-

2271 2859 2505 2929 σώζουσι
2535 2860 2627 2914 τὸν
2663 2860 2889 2935 βασιλέα
2924 2865 3092 2938 μέχρι
3120 2865 3217 2919 τοῦ
3255 2866 3456 2941 ταύρου
3494 2874 3597 2938 τῆς
3622 2867 3920 2938 πολιτικῆς

513 2958 785 3015 teriorem
808 2973 1079 3029 magnam
1114 2959 1343 3027 portam
1400 2956 1829 3025 excubitorum,
1877 2955 1975 3011 ubi
2007 2955 2153 3011 scri-

2267 2953 2364 3003 τοῦ
2400 2949 2597 3023 μέρους
2643 2955 2749 3004 τῶν
2801 2954 3054 3011 Βενέτων.
3106 2954 3210 3010 Καὶ
3257 2953 3512 3031 δέχονται
3559 2959 3653 3013 τὸν
3693 2957 3923 3033 βασιλέα

514 3044 722 3100 barum
755 3043 1040 3115 promotio
1062 3042 1416 3107 instituitur,
1434 3041 1663 3113 transit,
1697 3058 1846 3113 equo
1861 3042 2153 3097 descendit

2270 3036 2321 3092 έν
2379 3042 2459 3109 τῷ
2511 3039 2695 3113 ταύρῳ
2751 3041 2840 3094 καὶ
2884 3038 3239 3111 διασώζουσιν
3273 3043 3375 3107 ἓως
3415 3050 3522 3100 τῶν
3575 3047 3923 3121 ἀρτοπολίων

511 3148 731 3205 perque
759 3131 1035 3187 excubias
1056 3134 1193 3186 ante
1222 3133 1338 3186 tres
1360 3130 1688 3186 consistorii
1723 3136 1915 3201 portas
1956 3132 2153 3201 dispo-

2267 3130 2367 3191 τῆς
2422 3126 2715 3192 πολιτικῆς
2768 3132 2864 3184 τοῦ
2926 3129 3124 3204 μέρους
3164 3136 3271 3187 τῶν
3332 3134 3632 3209 Πρασίνων,
3689 3136 3781 3191 καὶ
3836 3134 3921 3192 δέ·

509 3203 652 3277 sitas
709 3220 828 3275 abit
884 3223 1184 3275 senatores
1225 3219 1413 3275 fausta
1459 3218 1793 3290 imperatori
1850 3224 2153 3291 precantes

2265 3215 2456 3271 χονται
2485 3218 2579 3272 τὸν
2614 3216 2841 3293 βασιλέα
2887 3217 2938 3273 έν
3110 3221 3265 3297 φόρῳ
3297 3203 3404 3277 τῶν
3436 3203 3739 3301 περατικῶν
3770 3227 3920 3301 lipa-

511 3310 884 3366 subsistunt:
927 3310 977 3364 is
1007 3325 1141 3364 vero
1195 3308 1448 3363 mediam
1483 3312 1711 3380 portam
1762 3309 1834 3363 ad
1868 3310 2153 3381 templum

2266 3304 2445 3377 σίνων,
2479 3305 2530 3359 ἐν
2553 3310 2631 3377 τῷ
2665 3304 2945 3381 πλακωτῷ
2973 3310 3019 3345 ⁷9
3047 3313 3161 3382 (97)
3206 3315 3302 3366 τοῦ
3346 3312 3537 3387 μιλίου
3565 3321 3665 3383 τῆς
3695 3315 3917 3371 πολιτι-

510 3398 745 3454 Domini
792 3398 1098 3453 ducentem
1155 3395 1505 3468 ingreditur,
1539 3396 1635 3452 ubi
1669 3398 1889 3469 patricii
1919 3403 1977 3453 et
2007 3404 2154 3455 stra-

505 3488 644 3560 tegi,
678 3488 778 3559 qui
836 3493 893 3543 et
933 3486 1046 3557 ipsi
1101 3488 1294 3542 fausta
1350 3486 1688 3557 imperatori
1741 3492 2151 3559 apprecantur,

503 3578 738 3633 adsunt.
773 3578 894 3642 Quo
923 3591 1143 3631 aeneam
1177 3578 1404 3646 portam
1439 3574 1635 3644 templi
1670 3576 1897 3631 Domini
1928 3576 2153 3646 ingres-

504 3680 591 3729 so,
625 3662 963 3719 cubicularii
986 3663 1197 3734 januas
1227 3662 1424 3717 statim
1489 3662 1772 3718 claudunt
1812 3668 1868 3718 et
1900 3664 2151 3734 impera-

504 3752 616 3809 tori
648 3753 996 3821 acclamant,
1030 3750 1131 3823 qui
1177 3756 1497 3823 postquam
1547 3752 1895 3823 praepositus
1955 3756 2148 3824 togam

505 3860 607 3899 seu
641 3844 847 3899 tiaram
880 3860 914 3899 a
952 3841 1143 3913 capite
1199 3841 1329 3911 ejus
1373 3842 1648 3912 dempsit,
1700 3841 1894 3909 intrat,
1929 3843 2023 3899 5|
2075 3843 2149 3898 ad

504 3937 738 3988 sanctas
762 3933 975 4002 januas
997 3930 1263 3985 subsistit
1292 3934 1349 3984 et
1379 3934 1664 3998 precatur.
1711 3930 1834 3993 Quo
1865 3931 2016 3985 facto
2049 3947 2150 4001 per

504 4020 791 4091 porticum
814 4017 1020 4089 templi
1056 4017 1149 4072 Dei
1183 4016 1572 4083 hemicyclum
1597 4016 1901 4071 triconchii
1936 4034 2147 4090 perque

502 4101 790 4170 porticum
852 4097 1241 4169 quadraginta
1288 4101 1623 4150 sanctorum
1684 4112 1924 4151 aureum
1979 4100 2148 4153 tricli-

2262 3396 2362 3462 κῆς
2398 3392 2597 3467 μέρους
2626 3399 2732 3450 τῶν
2794 3397 3093 3470 Πρασίνων,
3127 3396 3381 3469 δέξωνται
3442 3403 3533 3457 τὸν
3599 3402 3827 3477 βασιλέα
3858 3403 3910 3459 έν

2262 3483 2340 3555 τῷ
2373 3483 2645 3555 ζευξίππῳ
2690 3488 2798 3539 τῶν
2848 3491 3151 3560 περατικῶν
3202 3494 3379 3565 μερῶν
3423 3492 3681 3562 Βενέτων,
3715 3489 3913 3567 δέχον-

2260 3592 2346 3625 ται
2397 3572 2488 3626 τὸν
2540 3570 2769 3646 βασιλέα
2815 3572 2867 3629 ἔν
2916 3579 2985 3641 τῇ
3026 3576 3235 3652 χαλκῇ.
3288 3580 3386 3633 Καὶ
3427 3580 3627 3644 εὐθέως
3657 3583 3917 3650 πεζεύου-

2262 3679 2343 3713 σιν
2391 3660 2501 3731 (98)
2553 3661 2799 3729 ἅπαντες,
2855 3662 2943 3717 καὶ
2994 3664 3137 3736 μένει
3176 3658 3409 3742 ἔφιππος
3460 3688 3622 3738 μονος
3677 3669 3703 3722 6
3755 3672 3917 3744 βασι-

2262 3746 2410 3811 λεύς’
2444 3749 2686 3815 κάκεῖθεν
2718 3748 3140 3828 δηριγευόμενος
3184 3756 3288 3810 ὑπὸ
3338 3757 3575 3826 πάντων,
3610 3758 3685 3820 ὡς
3717 3759 3912 3832 προεί-

2260 3860 2443 3914 ρηται,
2488 3837 2760 3918 διέρχεται
2815 3839 2901 3897 διὰ
2945 3848 3052 3898 τῶν
3102 3845 3366 3918 κορτίνων
3416 3849 3581 3923 μέχρι
3624 3855 3724 3917 τῆς
3758 3846 3911 3905 ἔνδον

2262 3928 2512 4005 μεγάλης
2540 3929 2724 4000 πύλης
2752 3935 2861 3986 τῶν
2893 3929 3280 4005 έκσκουὸίτων,
3327 3934 3379 3991 ἐν
3425 3937 3463 4011 ᾖ
3493 3938 3701 4012 γίνεται
3735 3940 3770 4006 ἡ
3803 3943 3909 3994 τῶν

2259 4013 2556 4102 σκριϐόνων
2604 4014 2880 4093 προϐολή,
2922 4021 3012 4076 καὶ
3052 4022 3262 4091 πεζεύει
3293 4021 3465 4079 ἐκεῖσε
3500 4027 3591 4080 καὶ
3633 4023 3909 4102 διέρχεται

2258 4101 2348 4159 διὰ
2392 4109 2499 4159 τῶν
2550 4102 2914 4163 ἐκσκουϐίτων
2965 4102 3269 4185 ἔμπροσθεν
3321 4117 3435 4168 τῶν
3500 4118 3668 4187 τριῶν
3720 4115 3911 4172 πυλῶν

502 4190 666 4244 nium
732 4190 930 4254 intrat,
994 4186 1091 4240 ubi
1156 4182 1492 4239 cubicularii
1552 4199 1752 4239 omnes
1800 4189 2041 4242 stantes.
2082 4190 2145 4244 In

2265 4197 2351 4248 τοῦ
2382 4196 2793 4269 κονσιστωρίου,
2840 4197 3058 4270 μένουσι
3084 4182 3166 4255 -δὲ
3214 4199 3325 4256 ἐκεῖ
3368 4204 3419 4256 οἱ
3471 4182 3571 4272 τῆς
3600 4204 3912 4278 συγκλήτου

500 4279 680 4332 multa
717 4277 959 4346 bonaque
986 4282 1253 4344 tempora,
1286 4272 1617 4343 imperatori
1643 4273 1992 4344 acclamant,
2013 4292 2147 4333 mox

503 4364 906 4436 egrediuntur.

2260 4283 2692 4357 ὑπερευχόμενοι
2742 4286 2833 4341 τὸν
2881 4286 3126 4361 βασιλέα,
3177 4288 3268 4343 καί
3318 4290 3621 4367 εἷ’σέρχεται
3672 4293 3700 4347 6
3757 4294 3915 4368 βασι-

2176 4358 2219 4422 D
2251 4368 2380 4435 λεὺς
2406 4373 2505 4441 τήν
2560 4373 2726 4445 μέσην
2774 4358 2954 4447 πύλην
3012 4379 3112 4446 τὴν
3169 4358 3561 4454 εἱσάγουσέιιῗδθ
3606 4358 3767 4455 πρὸς.
3802 4384 3907 4452 τὴν

501 4448 790 4520 ἐκκλησίαν
814 4452 910 4503 τοῦ
940 4447 1163 4523 Κυρίου,
1201 4449 1418 4521 μένουσι
1480 4444 1537 4502 δὶ
1594 4447 1763 4504 ἐκεῖσε
1820 4451 1872 4505 οἳ
1928 4454 2203 4529 πατρίκιοι
2260 4458 2351 4513 καὶ
2410 4460 2462 4513 οἱ
2520 4444 2816 4536 στρατηγοὶ
2878 4444 3309 4540 ὑπερευήχόμενοί
3359 4468 3450 4522 καὶ
3500 4444 3659 4524 αὐτοὶ·
3692 4470 3787 4524 τὸν
3823 4444 3917 4545 βα-

502 4539 674 4595 σιλέα.
727 4539 824 4593 Καὶ
875 4536 1211 4602 εἰσελθόντος
1259 4542 1357 4595 τοῦ
1406 4538 1672 4614 βασίλὲωε
1728 4541 1801 4603 εἷς
1857 4544 1954 4612 τὴν
2014 4544 2232 4621 χαλκῆν
2287 4548 2469 4620 πύλην
2516 4554 2612 4605 τοῦ
2663 4553 2892 4625 Κυρίου,
2939 4536 3211 4611 κλείουσιν
3264 4556 3460 4622 εὐθέως
3511 4558 3606 4621 τὰς
3647 4536 3917 4634 θύρας-οἱ

1850 4701 2089 4757 VARle
2132 4704 2544 4763 LECTIONES.

570 4812 613 4847 ’³⁷
645 4804 961 4883 ἔμπρωσθεν
995 4811 1087 4868 ed.
1164 4811 1208 4846 ⁷⁸
1240 4808 1407 4888 δοχῇ,
1442 4807 1583 4869 διασ.
1632 4834 1683 4872 τ.
1738 4812 1984 4886 βασιλέα.
2035 4812 2299 4894 Δέχονται
2348 4822 2445 4877 ed.
2527 4818 2576 4854 ⁷⁹
2623 4818 2820 4896 πλάκφ
2871 4827 2951 4897 τῷ
2998 4826 3087 4881 ed.
3166 4825 3213 4863 ⁸ο
3242 4825 3424 4899 πύλην
3466 4829 3783 4905 εἰσάγουσαν
3816 4832 3912 4889 ed.

1553 4962 1758 5022 JOAN.
1789 4968 1931 5024 JAC.
1968 4968 2231 5027 REISKII
2264 4971 2843 5033 COMMENTARIUS.

574 5091 693 5161 (95)
750 5089 843 5145 Sic
894 5088 969 5144 M.
1032 5104 1158 5161 quia
1239 5088 1674 5161 saepeiexbibet
1730 5090 1877 5148 tales
1927 5094 2148 5152 formas

503 5156 732 5232 absque
763 5178 814 5235 ν,
867 5156 1087 5235 vocum
1133 5156 1437 5235 ἀπελατικᾲ
1466 5165 1525 5215 et
1572 5156 1811 5235 δρομικὰ
1872 5165 2016 5235 fines
2050 5184 2148 5235 per

501 5230 916 5304 compendium
950 5233 1157 5287 litterae
1190 5230 1215 5299 ξ
1273 5232 1468 5304 simile
1490 5230 1737 5302 scriptas
1774 5230 2153 5304 exhibebant

504 5302 743 5372 caedem,
778 5310 843 5360 ut
872 5304 1119 5359 dubium
1151 5305 1247 5372 sit,
1280 5302 1618 5375 singularis,
1644 5320 1710 5358 an
1735 5303 1976 5374 pluralis
2009 5326 2150 5377 prag-

502 5378 637 5432 ferri
669 5378 891 5432 debeat.

576 5448 688 5518 (96)
720 5446 1119 5520 construenda
1160 5446 1241 5501 sic
1280 5450 1417 5520 sunt
1461 5445 1634 5501 verba
1692 5446 1861 5517 paulo
1893 5448 2154 5520 implica-

500 5518 672 5581 tiora,
721 5518 893 5592 μέχρι,
948 5521 1054 5592 τῶν
1103 5517 1441 5592 ’περατικῶν
1511 5520 1687 5592 μερῶν
1744 5520 1854 5592 τῶν
1912 5517 2151 5592 Βενέτων

502 5591 611 5640 τῶν
642 5586 741 5663 τοᾷ
794 5586 1415 5663 ’Φιλαδελφίουζωᾳιιε
1460 5586 1530 5644 ad
1581 5586 1863 5645 Paraticas
1914 5591 2046 5663 [seu
2077 5595 2150 5650 ri-

503 5608 611 5640 των
642 5608 741 5640 του
801 5608 1047 5643 ΨιΛαοεΛ
1098 5608 1201 5658 ιου,
1240 5608 1415 5660 usque
1460 5608 1530 5644 aa
1582 5608 1863 5645 rerauca:
1921 5608 2046 5663 [seu
2077 5610 2145 5650 ri-

503 5660 732 5734 penses]
759 5666 1008 5717 catervas
1053 5608 1392 5732 auctorum,
1435 5676 1559 5733 qua:
1588 5664 1736 5717 stant
1765 5663 1822 5716 in
1856 5662 2145 5721 Philadel-

2255 5098 2431 5185 phia;
2458 5101 2611 5185 Idem
2647 5118 2877 5185 quoque
2936 5107 3251 5163 tenendum
3302 5109 3369 5185 de
3428 5109 3683 5168 dictione
3733 5107 3910 5185 μέχρι

2258 5170 2627 5244 τοῦγΤαύρου,
2660 5170 2799 5241 etc.;
2820 5191 2944 5244 quae
2978 5192 3111 5233 mox
3141 5180 3413 5236 occurrit.

2331 5242 2443 5322 (97)
2475 5240 2773 5322 Πλακωτὸν
2807 5240 3032 5322 videtur
3060 5250 3234 5305 solum
3277 5266 3405 5307 esse
3445 5254 3666 5322 magni:
3704 5252 3914 5322 tabulis

2259 5315 2445 5370 saxeis
2464 5320 2579 5390 aut
2608 5321 2932 5373 marmorei:
2972 5320 3444 5390 (Quadersteinen)
3474 5315 3727 5379 stratum.
3763 5321 3917 5377 ΙΙλά-

2258 5402 2350 5468 ξξς
2387 5386 2543 5441 enim
2603 5392 2736 5468 sunt
2766 5386 3135 5468 tabulae'latse
3168 5401 3223 5468 e_t
3269 5386 3442 5450 vastae
3484 5411 3693 5451 saxeae.
3737 5398 3827 5451 Ita
3848 5412 3911 5468 p.

2256 5456 2349 5580 βξ,
2409 5459 2797 5532 μαρμαρωτὸν,
2867 5461 3037 5533 (0cm,
3120 5465 3297 5520 solum
3366 5483 3711 5523 memorum
3762 5456 3915 5523 strn-

2320 5544 2395 5580 m.

2281 5541 2395 5583 um.

2326 5598 2442 5680 (βξ)
2472 5600 2635 5682 ΑιιιεΔ
2656 5600 2906 5659 Chalcen
2938 5620 3074 5682 ergo
3134 5606 3558 5682 descenderant
3612 5625 3682 5665 ex
3711 5611 3911 5682 equis,

2256 5675 2355 5739 qui
2397 5675 2805 5742 imperatorem
2839 5675 3248 5747 procedentem
3300 5680 3357 5735 in
3390 5682 3647 5750 equestri
3685 5675 3914 5756 pompa
