4154 6302
394 467 510 530 307

1489 451 1837 515 CONSTAN
1850 448 2009 509 TINI
2049 447 2367 511 POllPHY
2378 445 2735 508 ltOGENITl

3685 431 3808 495 308

407 601 468 658 in
503 601 691 658 fronte
735 597 1050 656 osculatur.
1083 593 1242 658 Quod
1283 592 1595 664 postquam
1626 591 1682 644 et
1719 587 1779 642 in
1812 584 2053 658 reliquis

2185 581 2490 660 ρωτίσματα
2512 581 2580 649 91,
2620 579 2710 634 καὶ
2758 577 3086 652 έκμάσσουσι
3135 576 3178 612 ’³
3214 572 3281 627 τά
3325 568 3530 626 τούτων
3585 569 3819 640 μέτωπα

407 691 465 748 fa
481 695 663 760 ctum,
695 692 752 746 et
781 684 1016 758 singula
1046 683 1364 754 imperator
1392 676 1687 735 osculatus
1717 682 1823 744 est,
1857 674 2059 731 statim

415 779 688 852 orphani,
711 782 775 833 ut
796 791 924 832 mos
946 779 1052 838 est,
1074 773 1312 836 canunt,
1331 771 1389 823 et
1412 764 1773 822 solemnibus
1800 777 2063 834 apocom-

414 869 529 924 hiis
572 869 644 924 ab
685 867 1036 938 imperatore
1067 857 1340 930 acceptis,
1372 856 1699 921 discedunt,
1741 857 2060 925 paratoque

413 956 699 1023 convivio,
764 951 878 1009 cibi
943 950 1266 1005 aﬁ‘eruntur
1313 963 1326 1002 :
1378 945 1696 1017 imperator
1747 956 1935 999 aurea
1994 956 2059 995 ac

415 1043 758 1101 venerandae
785 1055 1000 1097 mensae
1032 1053 1163 1094 cum
1198 1035 1560 1108 proceribus,
1595 1049 1742 1104 quos
1771 1029 1958 1087 vocari
1991 1045 2057 1084 eo

414 1133 508 1188 die
532 1131 736 1203 jussit,
771 1128 1082 1187 accumbit.

2170 653 2278 722 6'15
2306 653 2670 741 πρεσϐύτερος
2692 663 2741 699 9³
2773 663 2864 718 καὶ
2921 657 3348 740 ὀρφανοτρόφος,
3397 653 3488 709 καὶ
3521 653 3817 741 ἀσπάζεται

2168 758 2197 811 6
2232 755 2486 833 βασιλεὺς
2541 740 2603 809 τὸ
2644 753 2776 809 αὐτὸ
2825 753 3080 829 φώτισμα
3119 749 3170 804 ἐν
3225 751 3306 819 τῷ
3353 745 3611 833 μετώπῳ.
3651 740 3821 833 Τελε-

2169 829 2396 910 σθέντων
2429 841 2486 899 δὲ
2514 843 2719 898 τούτων
2771 840 2941 896 καὶέν
2985 845 3102 900 τοῖς
3154 837 3376 895 λοιποῖς
3427 832 3583 887 πέντε
3639 829 3819 908 φωτί-

2169 955 2336 1008 σμασι
2377 932 2468 988 καὶ
2510 929 2890 1004 ἄσπασαμένου
2937 927 3072 983 αὐτὰ
3123 929 3224 981 τοῦ
3277 921 3568 999 βασιλέως,
3618 917 3818 982 εὺθέως

2169 1005 2548 1101 φωνοϐολοῦσι
2594 1021 2661 1075 τὰ
2719 1015 2922 1098 ὅρφανα
2978 1017 3052 1078 ὼς
3099 1013 3326 1101 εἷ’θισται
3373 1011 3578 1101 αὺτοῖς,
3616 1007 3707 1062 καὶ
3739 1005 3818 1061 εἴ·

2170 1097 2389 1190 ληφύτα
2432 1103 2751 1183 ἀποκόμϐια
2810 1106 2956 1181 παρὰ
3000 1108 3096 1160 τοῦ
3149 1100 3420 1178 βασιλέως
3477 1097 3815 1190 ἐξέρχονται,

532 1185 929 1294 ἓξᾷξῃξῆθὲντος
960 1219 1057 1270 τοῦ
1087 1211 1404 1286 κλητωρίου
1438 1213 1575 1284 (14),
1604 1208 1843 1284 γίνονται
1899 1207 2104 1281 μίνσαι,
2135 1203 2224 1259 καὶ
2263 1185 2542 1271 καθέζεται
2576 1201 2604 1254 6
2638 1196 2894 1273 βασιλεὺς
2922 1194 2982 1252 ἔν
3036 1197 3106 1267 τῇ
3148 1190 3308 1266 τιμίᾳ
3357 1190 3536 1264 χρυσῇ
3581 1185 3822 1260 τραπέζῃ

421 1307 556 1382 μετὰ
583 1307 674 1363 καὶ
706 1306 1016 1383 ἀρχόντων,
1049 1303 1138 1364 οὕς
1171 1296 1232 1355 ἅν
1260 1298 1466 1374 καλέσῃ
1542 1298 1591 1334 9‘
1625 1302 1696 1372 τῇ
1728 1299 1865 1371 αὐτῇ
1897 1294 2098 1369 ἡμέρᾳ.

1041 1393 1268 1451 CAPUT
1306 1392 1461 1448 XIII.

840 1488 911 1542 De
936 1483 1272 1557 patriarchae
1303 1480 1644 1537 invitatione.

496 1575 849 1647 Praepositus
878 1572 972 1629 die
1003 1576 1217 1645 quarta
1252 1569 1401 1626 feriae
1432 1569 1573 1625 hora
1605 1568 1796 1638 prima
1824 1564 2070 1636 impera-

425 1668 609 1720 torem
643 1663 800 1719 adire
831 1665 888 1718 et
917 1677 1174 1734 querere
1201 1657 1388 1729 debet,
1412 1674 1485 1714 an
1510 1653 1896 1728 patriarcham
1927 1652 2071 1709 invi-

426 1753 539 1808 tari
578 1751 807 1822 jubeat,
843 1753 907 1805 ut
944 1752 1174 1821 postero
1204 1748 1295 1803 die
1323 1761 1459 1802 cum
1499 1742 1771 1800 omnibus
1799 1742 2075 1799 sacerdo-

2803 1379 3069 1435 ΚΕΦΑΔ.
3102 1377 3183 1430 11³.

2383 1470 2510 1543 Περὶ
2542 1471 2642 1533 τῆς
2685 1471 2782 1522 τοῦ
2814 1465 3158 1540 πατριάρχου
3191 1457 3612 1543 προσπλήσεως.

2246 1559 2364 1634 Χρή
2389 1541 2480 1613 τὸν
2529 1557 2890 1632 πρλιπόσιτοο
2921 1556 2990 1626 τῇ
3031 1551 3213 1626 ἡμέρᾳ
3257 1552 3356 1622 τῇς
3405 1542 3661 1621 τετράδος
3706 1541 3827 1619 ὥρᾳ

2177 1649 2369 1722 πρώτῃ
2429 1644 2690 1710 εἰσελθεῖν
2753 1644 2888 1717 πρὸς
2939 1642 3032 1696 τὸν
3087 1637 3315 1716 βασιλέα
3351 1636 3440 1692 καὶ
3493 1636 3829 1707 ὑπομνῆσαι,

2179 1737 2222 1792 εἰ
2255 1734 2357 1811 ἄρα
2402 1734 2647 1791 κελεύσει
2676 1732 3094 1807 προσκληθῆναι
3128 1733 3220 1784 τὸν
3270 1725 3642 1801 πατριάρχην,
3676 1724 3828 1784 ὅπως

432 1815 612 1907 tibusv,
643 1815 802 1911 quos
827 1815 1021 1895 secum
1063 1837 1348 1894 adducere
1386 1835 1551 1901 solet,
1593 1833 1666 1888 ad
1698 1848 1919 1904 agapen
1963 1830 2074 1885 im-

2185 1825 2358 1883 ἐλθὼν
2406 1830 2474 1900 τῇ
2525 1824 2777 1898 ἐπαύριον
2827 1825 2854 1877 ὁ
2901 1820 3249 1897 πατριάρχης
3302 1817 3435 1891 μετὰ
3475 1815 3690 1870 πάντων
3718 1816 3828 1867 τῶν

431 1928 606 1985 ratori
649 1927 903 1984 dandam
943 1927 1130 1998 adque
1160 1924 1363 1997 epulas
1395 1939 1525 1980 cum
1564 1938 1629 1978 eo
1668 1922 1728 1977 in
1760 1920 2069 1993 splendida

431 2033 606 2074 aurea
636 2032 838 2073 mensa
865 2014 1243 2072 celebrandas
1272 2013 1516 2086 antiquo
1545 2013 1663 2070 ritu
1692 2021 1748 2070 et
1776 2028 1953 2084 supra
1981 2027 2072 2066 ac-

434 2112 628 2163 curate
667 2104 927 2177 exposito
966 2110 1176 2177 presio
1206 2102 1302 2159 sit.
1337 2103 1455 2160 Hoc
1491 2119 1620 2159 vero
1659 2101 1912 2176 singulis
1951 2101 2070 2155 die-

434 2194 565 2263 bus,
599 2193 818 2266 quibus
849 2193 1161 2265 imperator
1191 2193 1261 2248 ad
1304 2207 1530 2249 caenam
1562 2192 1790 2248 invitari
1828 2189 2074 2262 patriar-

435 2283 608 2339 cham
634 2282 896 2354 jusserit,
928 2281 1266 2338 observatur
1298 2297 1312 2337 :
1344 2280 1531 2352 pridie
1561 2281 1718 2337 enim
1751 2278 2010 2336 invitatio
2040 2294 2074 2333 a

437 2373 710 2428 mandato
743 2371 826 2439 ﬁt,
857 2374 915 2427 et
948 2369 1295 2441 [repositus
1343 2369 1772 2426 cubicularium
1802 2385 1867 2424 ac
1897 2366 2070 2424 silen-

433 2459 668 2517 tiarium
709 2459 909 2528 mittit,
942 2459 1042 2530 qui
1087 2458 1480 2530 patriarcham
1515 2474 1649 2516 cum
1696 2457 1819 2515 suis
1857 2456 2074 2516 comiti-

438 2549 550 2605 bus
573 2549 644 2606 ad
677 2547 881 2618 epulas
911 2548 1215 2607 advocant.

1049 2863 1284 2922 CAPUT
1322 2865 1471 2921 XIV.

444 2951 796 3026 Obseruantia
824 2951 912 3009 die
944 2953 1145 3024 quinta
1172 2954 1488 3026 septimanae
1517 2961 1913 3024 renovationis,
1943 2958 2077 3015 dum

666 3025 926 3080 salutatio
947 3027 1005 3079 in
1035 3040 1199 3082 aureo
1227 3027 1474 3080 triclinio
1503 3029 1832 3083 instituitur.

511 3113 562 3167 1.
581 3113 909 3168 Procedunt
923 3129 1126 3169 omnes
1145 3113 1290 3169 albis
1307 3115 1521 3171 tunicis
1538 3117 1744 3186 induti,
1759 3117 1969 3190 singuli
1989 3136 2076 3175 or-

435 3201 570 3256 dine
589 3217 699 3256 suo
715 3205 779 3255 ut
795 3217 968 3273 supra
985 3201 1205 3256 dictum
1224 3209 1333 3272 est,
1347 3207 1403 3258 et
1419 3170 1743 3276 ingreditur
2109 3170 2152 3240 Ο

433 3287 759 3344 triclinium
773 3288 1336 3360 processio.Mittitur
1347 3307 1478 3347 vero
1492 3309 1525 3346 a
1539 3294 1810 3349 mandato
1824 3310 1924 3365 per
1939 3312 2075 3366 prie-

436 3375 692 3446 positum
711 3376 1105 3432 cubicularius
1127 3394 1192 3433 ac
1214 3378 1589 3450 silentiarius,
1607 3385 1669 3436 ut
1685 3382 2075 3450 patriarcham

437 3465 735 3535 advocent,
760 3466 859 3537 qui
889 3482 1022 3522 cum
1054 3467 1305 3539 advenit,
1331 3485 1430 3540 per
1450 3471 1710 3542 apsidem
1743 3472 1921 3528 intrat
1951 3490 2077 3544 per-

435 3567 550 3624 que
572 3553 856 3624 porticum
883 3555 1185 3613 triconchii
1218 3561 1275 3612 et
1297 3559 1539 3629 januam
1562 3560 1748 3617 aerarii
1770 3562 1838 3616 ad
1863 3563 2078 3634 gradus

437 3640 641 3712 pergit,
665 3641 762 3700 55
784 3657 1034 3716 eumque
1057 3662 1161 3718 per
1182 3647 1368 3704 scalas
1390 3647 1634 3706 lausiaci
1656 3651 2075 3708 descensurum

435 3729 778 3787 cubicularii
793 3748 995 3790 omnes
1009 3735 1324 3808 excipiunt,
1340 3754 1556 3810 perque
1569 3740 1822 3796 medium
1836 3741 2076 3797 lausiaci

435 3827 660 3886 euntes,
683 3820 742 3876 in
775 3823 1120 3893 tripetonem
1153 3825 1394 3892 ducunt,
1419 3827 1517 3882 ubi
1550 3844 1742 3884 coram
1775 3829 2075 3902 horologio

435 3911 567 3963 stat.
602 3908 683 3963 Ibi
713 3926 1043 3982 scamnum,
1074 3913 1166 3968 cui
1205 3913 1455 3970 aulaeum
1498 3915 1828 3987 instratum,
1861 3919 2077 3981 reposi-

436 4005 558 4052 tum
590 4003 712 4067 est;
744 3999 818 4068 ei,
850 4007 1160 4074 postquam
1192 4004 1487 4074 ingressus
1517 4009 1626 4074 est,
1659 4007 1890 4062 insidet.
1923 4011 2070 4064 Prae-

437 4087 663 4156 positus
684 4103 816 4144 vero
859 4091 1013 4145 venit
1041 4097 1096 4146 et
1125 4093 1458 4163 imperatori
1490 4094 1802 4149 adventum
1835 4096 2072 4165 patriar-

437 4173 557 4228 chae
586 4177 833 4242 nuntiat,
869 4177 968 4246 qui
999 4180 1200 4234 statim
1233 4185 1467 4252 sumpto
1498 4181 1778 4238 dibetesio
1809 4200 1938 4248 suo,
1969 4184 2071 4239 tzi-

435 4265 682 4321 tzacium
717 4266 906 4322 induit
937 4285 950 4322 :
983 4268 1102 4338 ille,
1135 4275 1366 4343 accepto
1398 4273 1470 4327 ab
1502 4274 1848 4346 imperatore
1885 4276 2072 4347 signo,

2179 1914 2452 1980 εἰωθότων
2516 1913 2660 1985 αὐτῷ
2706 1911 2894 1988 ἱερέων
2955 1911 3092 1985 πρὸς
3141 1909 3203 1964 τὸ
3263 1904 3453 1962 δοῦναι
3505 1903 3720 1980 ἀγάπην
3752 1904 3831 1973 τῷ

2180 2003 2398 2081 βασιλεῖ
2449 2003 2539 2059 καὶ
2591 2005 2879 2078 ἀριστῆσαι
2928 1999 2980 2055 ἔν
3033 2002 3102 2072 τῇ
3145 1997 3302 2071 τιμία
3349 1997 3530 2070 χρυσῇ
3581 1989 3825 2068 τραπέζῃ

2181 2094 2316 2168 μετὰ
2367 2098 2462 2148 τοῦ
2523 2091 2791 2168 βασιλέως
2840 2091 2977 2146 κατά
3018 2090 3118 2158 τήν
3167 2087 3218 2157 ἐξ
3265 2087 3445 2162 ἀρχῆς
3495 2082 3586 2137 καὶ
3625 2081 3831 2137 ’ἀνωθεν

2176 2181 2621 2260 παραδεδομένην
2659 2177 2959 2255 ἀκρίϐειαν.
3007 2183 3180 2234 Τοῦτο
3231 2174 3289 2232 δὲ
3326 2175 3561 2232 τελεῖται
3621 2171 3672 2227 ἒν
3734 2169 3831 2242 οἵᾳ

2179 2272 2227 2328 δ’
2256 2259 2315 2328 ἂν
2357 2274 2539 2348 ἡμέρᾳ
2586 2270 2819 2345 κελεύσῃ
2867 2271 2895 2324 6
2946 2266 3199 2344 βασιλεὺς
3251 2267 3540 2340 ἀριστῆσαι
3585 2262 3702 2335 μετ’
3731 2259 3829 2315 αύ-

2177 2367 2273 2419 τοῦ
2321 2363 2414 2418 τὸν
2455 2361 2829 2439 πατριάρχην.
2877 2359 2990 2433 Πρὸ
3044 2358 3146 2432 γὰρ
3199 2360 3323 2429 μιᾶς
3361 2351 3574 2427 ἡμέρας
3621 2351 3831 2427 γίνεται
3940 2362 3946 2368 ·

2177 2454 2212 2521 ἡ
2245 2450 2584 2524 πρόσκλησις
2616 2449 2722 2504 ἀπὸ
2753 2448 3078 2514 κελεύσοως,
3111 2446 3200 2501 καὶ
3236 2440 3562 2499 ἀποστέλλει
3605 2443 3634 2496 6
3676 2459 3833 2508 πραι-

2177 2542 2402 2603 πόσιτος
2441 2533 2903 2612 κουόικουλάριον
2957 2537 3046 2590 καὶ
3101 2532 3484 2606 σιλεντιάριον,
3521 2531 3611 2585 καὶ
3659 2548 3836 2602 προσ-

2177 2628 2472 2685 καλοῦνται
2537 2627 2632 2683 τὸν
2701 2626 3040 2701 πατριάργην
3114 2625 3248 2697 μετὰ
3319 2626 3426 2677 τῶν
3516 2620 3607 2674 σὺν
3681 2617 3831 2690 αύτῷ

2179 2712 2621 2790 προειρημένῶν.

2799 2801 3060 2856 ΚΕΦΔΑ.
3101 2799 3201 2854 ΙΔ’.

2180 2895 2294 2950 Οσα
2316 2889 2437 2970 βδεῖ.
2476 2887 2911 2970 παραφυλάττειν
2977 2894 3042 2970 τῆ
3123 2891 3313 2970 ε’,τῇς
3381 2881 3832 2970 δξακαινησίμου,

2250 2966 2347 3090 τῇ
2413 2955 2702 3036 ἀσπασμοῦ
2771 2955 3106 3034 τελουμένου
3171 2955 3258 3011 ἐπὶ
3358 2959 3454 3010 τοῦ
3530 2955 3832 3032 χρυσοτριὲ

2253 3055 2288 3089 κ
2351 3055 2465 3089 νου.

2252 3125 2329 3179 Λ”
2387 3123 2763 3199 Προέρχονται
2809 3119 3004 3183 πάντες
3054 3117 3402 3194 ἡλλαγμένοι
3463 3114 3570 3171 ἀπὸ
3623 3113 3837 3172 λευκῶν

2185 3211 2509 3289 χλανιδίων,
2569 3211 2789 3274 ἕκαστος
2845 3212 2978 3285 μετὰ
3016 3211 3114 3280 τὴν
3158 3211 3270 3282 (15)
3310 3205 3472 3262 αἰ)τοῦ
3530 3205 3702 3279 τάξιν,
3762 3205 3840 3268 ὠς

2185 3302 2435 3375 ἀνωτέρω
2487 3299 2722 3376 εἷ’ρηται,
2772 3299 2862 3357 καὶ
2894 3296 3196 3372 εἰσέρχεται
3229 3298 3263 3365 ἡ
3306 3292 3625 3369 προέλευσις
3657 3293 3709 3347 ἐν
3751 3297 3836 3365 τῷ

2187 3393 2551 3464 ιῐουττινιανῷ
2595 3386 2883 3464 τρικλίνῳ·
2919 3383 3344 3444 Ἀποστέλλεται
3394 3380 3451 3437 δὲ
3498 3382 3603 3436 ἀπὸ
3645 3380 3834 3437 κελεὺ-

2187 3500 2321 3542 σεως
2353 3476 2441 3533 διὰ
2468 3484 2565 3534 τοῦ
2604 3478 2968 3553 πραιποσίτου
3016 3470 3473 3548 κουϐικουλάριος
3505 3472 3594 3527 καὶ
3644 3469 3832 3526 σιλεν-

2185 3569 2416 3642 τιάριος,
2449 3567 2539 3622 καὶ
2569 3565 3006 3642 προσκαλοῦνται
3046 3565 3137 3619 τὸν
3171 3563 3538 3638 πατρῐάρχηνο
3590 3559 3835 3617 καταλα-

2187 3651 2379 3720 ϐόντος
2431 3654 2486 3712 δὲ
2524 3661 2620 3712 τοῦ
2659 3655 3030 3730 πατριάρχου,
3079 3651 3384 3730 εἰσέρχεται
3433 3649 3521 3706 διὰ
3555 3656 3656 3719 τῆς
3700 3649 3834 3725 ἀψί-

2187 3742 2299 3815 δος,
2331 3745 2421 3800 καὶ
2454 3742 2690 3825 διελφὼν
2744 3741 2832 3798 διὰ
2868 3748 2974 3798 τῶν
3007 3738 3335 3797 διαϐατικῶν
3367 3744 3464 3796 τοῦ
3503 3739 3832 3816 τρικόγχου,

2186 3833 2490 3914 εἰσέρχεται
2526 3832 2613 3889 διὰ
2661 3837 2757 3889 τοῦ
2811 3831 3114 3908 μονοθύρου
3162 3835 3258 3886 τοῦ
3307 3827 3511 3884 εἰδικοῦ
3554 3829 3642 3883 καὶ
3703 3849 3840 3883 κατ-

2185 3923 2404 3998 έρχεται
2437 3924 2504 3978 τὰ
2559 3919 2846 3998 βασμίδια,
2879 3922 2968 3977 καὶ
3013 3918 3314 3994 μέλλοντος
3363 3920 3528 3974 αὐτοῦ
3567 3918 3835 3993 κατέρχε-

2184 4015 2304 4067 σθαι
2332 4011 2400 4066 τὰ
2449 4011 2646 4067 σκαλία
2688 4017 2785 4066 τοῦ
2844 4010 3163 4078 λαυσιακοῦ,
3217 4007 3467 4084 δέχονται
3500 4009 3546 4044 9⁵
3587 4007 3746 4062 αὐτὸν
3781 4006 3836 4060 οἱ

2181 4104 2277 4155 τοῦ
2325 4095 2717 4155 κόυϐουκλείου
2757 4102 3006 4169 ἅπαντες,
3037 4097 3127 4154 καὶ
3179 4095 3483 4162 διελθόντες
3530 4096 3690 4170 μέσον
3739 4093 3833 4150 διὰ

2182 4192 2278 4242 τοῦ
2308 4186 2627 4258 λαυσιακοῦ,
2661 4188 2972 4263 εἰσάγουσιν
2995 4187 3154 4244 αὐτὸν
3189 4188 3242 4241 οἱ
3289 4190 3385 4241 τοῦ
3432 4181 3831 4241 κουόουκλείου

2184 4277 2236 4330 έν
2264 4281 2345 4348 τῷ
2392 4277 2703 4351 τριπέτωνι,
2735 4276 2825 4331 καὶ
2863 4275 3082 4332 ’ίσταται
3131 4269 3431 4352 ἔμπροσθεν
3476 4277 3571 4328 τοῦ
3620 4273 3836 4348 ὡρολο-

1804 4372 2042 4431 VARle
2083 4375 2500 4432 LECTIONES.

509 4464 552 4499 ⁹¹
586 4469 1029 4542 παρακρατοῦντα
1072 4464 1389 4546 φωτίσματα
1435 4469 1584 4592 censi.
1637 4468 1831 4528 Leicb.
1887 4471 2244 4546 παρακρατῶν
2296 4472 2551 4549 φώτισμα
2597 4475 2723 4531 cod.
2767 4478 2824 4530 et
2871 4474 2962 4530 ed.
2995 4472 3045 4508 9'
3090 4470 3432 4545 ἐκμάσσωσιν
3465 4471 3590 4527 cod.
3633 4470 3678 4507 ⁸³
3710 4468 3737 4523 ὁ
3770 4465 3829 4524 δὶ

517 4530 630 4591 εσϐ.
661 4539 752 4594 ed.
831 4537 878 4573 9‘
904 4535 1132 4612 κελεύσῃ
1165 4541 1252 4595 ed.
1329 4539 1374 4574 ’°
1404 4538 1492 4593 καὶ
1558 4538 1773 4614 έχονται
1806 4543 1932 4596 cod.

437 4530 630 4608 πρεσϐ.
661 4530 777 4594 ὸά.’
831 4537 878 4573 9‘
904 4530 1132 4612 κελεύσῃ
1165 4530 1260 4595 ed:
1329 4539 1374 4574 ⁸⁵
1404 4538 1492 4593 καὶ
1525 4530 1773 4612 δέχονται
1806 4543 1932 4596 cod.

1484 4636 1682 4693 JOAN.
1722 4639 1858 4693 JAC.
1901 4638 2159 4695 REISKII
2199 4640 2776 4698 COMMENTARIUS.

441 4734 744 4819 jAssentior
800 4735 906 4819 cl._
933 4737 1186 4819 beichio
1235 4741 1677 4819 παρακρατοῦντα
1750 4740 2077 4819 emendant,
2112 4745 2158 4807 [)
2189 4744 2471 4819 notarium
2522 4744 2714 4814 ipsius.
2746 4745 3020 4819 Quorum
3068 4743 3418 4819 _nomina_ut
3469 4740 3837 4819 impleverant

441 4806 558 4874 (ρνο
588 4808 994 4882 παρακρᾳτῷν).
1029 4808 1197 4863 Redit
1224 4806 1377 4882 enim
1412 4806 1480 4865 ad
1515 4810 2076 4882 orphanotropbum,

441 4892 558 5002 Son
597 4877 668 4931 ad
713 4877 1041 4932 ostiarium.
1088 4884 1224 4935 Post
1261 4880 1515 4956 φώτισμα
1555 4877 1785 4938 videtur
1819 4877 1885 4935 ἕν’
1925 4877 2078 4936 θκοίεὲ

484 4963 618 5002 isse.

484 4963 618 5004 1888.

516 5020 627 5090 (14)
655 5021 956 5093 Moserat,
990 5024 1052 5093 ut
1091 5019 1147 5074 in
1175 5028 1456 5093 rcramate,
1489 5037 1589 5076 seu
1632 5022 2081 5093 dejejunatione,

445 5088 517 5143 de
566 5088 681 5165 qua
722 5089 875 5165 alias
907 5091 1050 5165 dixi,
1081 5088 1448 5165 ordinaretur
1476 5088 1787 5165 convivium
1821 5096 1951 5165 (hoc
1999 5099 2084 5149 est

446 5158 692 5236 στριχεῖν
723 5158 1157 5236 τὸίκλητώριον)
1191 5179 1292 5218 seu
1327 5158 1836 5236 denomiuarenlur
1881 5171 1937 5219 et
1974 5180 2083 5220 no-

444 5230 710 5305 minatim
761 5230 1133 5289 clamarentur
1169 5236 1255 5303 (ut
1285 5252 1404 5291 aevo
1437 5235 1622 5290 medio
1653 5235 1946 5305 dicebant)
1976 5250 2079 5290 seu

442 5302 833 5376 invitarentur
867 5305 936 5358 ad
973 5302 1393 5376 prandendum
1444 5321 1573 5360 cum
1596 5310 1898 5376 Augusto,
1929 5302 2078 5374 quos

441 5372 564 5442 ipse
595 5375 782 5431 vellet.
819 5372 1008 5430 Simili
1042 5379 1234 5444 modo,
1269 5385 1330 5431 ut
1369 5377 1543 5431 tradit
1575 5372 1736 5431 Ordo»
1761 5372 2075 5441 Romanus,

441 5447 744 5516 postquam
781 5447 1033 5516 pontifex
1073 5447 1418 5503 celebrasset
1448 5449 1686 5502 missam
1737 5453 1794 5501 et
1841 5446 2079 5502 dixisset

443 5514 626 5588 Agnus
670 5514 1211 5582 Det—nomenclator
1249 5524 1425 5588 atque
1463 5533 1596 5572 cum
1636 5534 1701 5574 eo
1741 5517 2076 5574 sacellarius

442 5586 500 5663 et
545 5589 1192 5663 notariusgvicedomini
1239 5586 1599 5644 ascéndebant
1640 5589 1711 5663 ait
1747 5590 1924 5643 altare
1951 5595 2078 5663 ante

440 5654 639 5716 faciem
688 5660 984 5728 pontiﬁcis,
1033 5666 1097 5715 ut
1141 5667 1410 5716 annuerat
1457 5663 1534 5714 eis
1569 5661 1805 5715 scribere
1849 5661 2077 5714 nomina

442 5738 653 5803 eorum,
689 5730 783 5796 qui
820 5731 1098 5803 invitandi
1135 5738 1294 5788 erant
1335 5734 1450 5786 sive
1477 5731 1549 5786 ad
1577 5748 1815 5787 mensam
1856 5731 2074 5801 pontiﬁ-

441 5801 518 5850 cis
582 5811 682 5866 per
750 5801 1226 5871 nomenclatorem,
1281 5805 1393 5859 sive
1452 5803 1520 5858 ad
1594 5803 1937 5872 vicedomini,
1993 5803 2076 5857 vel

2188 4807 2554 4885 ἐπλήρωσαν,’
2601 4807 2810 4870 οῐηηὶθῖ
2851 4811 3369 4885 perscripserunt],
3441 4811 3840 4868 descendebant

2188 4883 2258 4938 ad
2291 4883 2655 4950 incitandum,
2687 4889 2739 4939 et
2768 4884 3022 4940 redibant
3051 4887 3126 4938 ad
3153 4883 3348 4938 sedem.

2261 4955 2382 5025 (15)
2423 4955 2622 5011 Posset
2668 4956 2844 5011 videri
2891 4954 3027 5008 κατὰ
3069 4955 3167 5023 τήν
3199 4955 3310 5025 leg.
3355 4969 3484 5008 esse
3532 4961 3592 5008 ut
3642 4969 3698 5024 p.
3738 4953 3836 5022 55,

2192 5027 2290 5079 sed
2329 5025 2460 5096 μετά
2492 5043 2623 5081 cum
2670 5027 3000 5083 accusativo
3043 5041 3194 5095 saepe
3233 5025 3398 5081 novis
3436 5025 3666 5096 Graecis
3691 5040 3834 5096 con-

2197 5094 2464 5164 struitur,
2500 5097 2598 5150 ubi
2648 5098 2892 5153 debebat
2941 5112 3070 5164 cum
3120 5094 3372 5164 genitivo
3413 5094 3692 5151 construi.
3747 5095 3832 5150 Ita

2190 5165 2343 5222 infra
2393 5162 2458 5238 p.
2500 5169 2622 5233 162,
2677 5169 2812 5237 μετά
2847 5165 2910 5220 τὸ
2950 5162 3316 5238 κωδικέλλιον
3349 5176 3435 5222 est
3469 5168 3528 5221 in
3574 5170 3670 5231 M.,
3703 5181 3829 5221 cum

2189 5235 2493 5313 codicillo;
2552 5255 2626 5313 ρ..
2663 5235 2782 5293 162.
2841 5237 2974 5310 μετᾶ
3019 5235 3246 5313 φτιιτλίιιι2
3292 5255 3416 5293 cum
3454 5238 3707 5306 facibus;
3770 5253 3831 5308 p.

2190 5309 2317 5383 171,
2368 5308 2520 5383 μετὰΔ
2549 5306 2676 5370 τοὺς
2723 5306 2850 5383 τῶν
2878 5306 3054 5383 μερῶῇ
3109 5309 3476 5383 προῦχοντας,
3525 5324 3647 5363 cum
3684 5306 3832 5377 prd:-

2183 5382 2346 5452 [σι-ζέε
2369 5380 2638 5450 partium.
2661 5382 2788 5452 Pari
2821 5380 2992 5436 modo
3021 5380 3209 5436 Latini
3242 5380 3471 5452 quoque
3500 5396 3629 5434 cum
3663 5394 3835 5452 accu-

2187 5450 2369 5523 sativo
2397 5453 2680 5523 jungunt.
2736 5451 2869 5505 Cum
2897 5464 3108 5507 sanctos
3145 5449 3332 5507 estin
3373 5449 3510 5523 saxo
3541 5450 3692 5523 apud
3726 5449 3834 5503 Fa-

2185 5519 2463 5594 brottum.
2515 5519 2644 5594 pag.
2691 5523 2818 5587 329,
2859 5528 2916 5578 et
2961 5523 3185 5577 Corsin.
3227 5522 3494 5594 ,Append,
3526 5523 3597 5594 ad
3646 5519 3832 5594 Notas

2187 5589 2529 5663 graecorum
2557 5589 2618 5663 pf
2647 5593 2751 5663 734,
2782 5594 2881 5663 ubi
2926 5610 3028 5662 pro
3080 5589 3349 5649 Luteknia
3393 5592 3501 5663 leg.
3536 5590 3828 5663 Euteknia.

2184 5661 2286 5735 Est
2315 5661 2498 5733 igitur
2534 5661 2668 5734 μετά
2694 5664 2794 5732 τήν
2827 5661 2990 5718 αὐτοῦ
3032 5663 3177 5735 τάξιν
3215 5680 3340 5722 cum
3378 5662 3486 5733 (vel
3517 5663 3603 5732 in)
3632 5661 3834 5718 ordine

2182 5734 2409 5806 quisque
2435 5749 2548 5790 suo.
