4126 6314
445 461 565 523 315

1520 451 2049 515 CONSTANTINI
2093 451 2789 517 PORPHYROGENITI

3729 453 3861 516 316

448 594 522 651 iis
542 593 722 661 vasis,
745 609 874 665 quas
897 590 1232 650 cucumaria
1262 591 1564 658 vocantur,
1590 590 1788 659 potum
1822 588 2067 643 sumunt

2208 605 2316 640 των
2374 582 2431 640 δὶ
2492 589 2602 641 τῶν
2656 581 3128 663 κουϐικουλαρίων
3175 587 3241 641 τὰ
3288 586 3664 661 κουκουμάρια
3710 588 3854 661 (23),

446 688 572 740 Mos
610 683 768 739 enim
809 685 920 749 est,
959 685 1023 736 ut
1060 681 1198 735 dum
1239 679 1555 748 imperator
1594 692 1726 732 cum
1760 674 2089 747 patriarcha

447 773 775 829 convivium
806 770 1077 835 celebrat,
1100 764 1436 824 cubicularii
1462 765 1800 822 cucumaria
1820 766 2084 821 afferant.

446 861 560 930 Sic,
593 861 676 916 uti
714 859 932 915 dictum
973 860 1080 924 est,
1123 871 1333 910 mensas
1375 854 1679 926 prafectus
1719 854 1897 909 intrat
1933 857 1989 909 et
2026 853 2083 908 in

444 949 647 1006 limine
678 955 974 1018 portarum
1000 948 1405 1015 argontearum
1437 942 1728 999 subsistit.
1754 943 1885 999 Mox
1904 942 2085 1014 impe-

445 1046 597 1095 rator
629 1035 963 1109 praeposito,
996 1034 1088 1090 hic
1127 1049 1341 1089 mensa
1373 1033 1664 1104 praefecto,
1696 1034 1932 1104 signum
1963 1033 2081 1100 dat,

443 1127 545 1198 qui
562 1133 867 1197 postquam
888 1124 1080 1180 velum
1106 1140 1281 1179 manu
1306 1122 1578 1195 pulsavit,
1601 1121 1905 1178 silentiarii
1934 1120 2083 1177 illud

443 1231 675 1272 sursum
717 1213 949 1279 tollunt,
988 1217 1045 1268 et
1087 1211 1262 1269 amici
1304 1212 1749 1284 ingrediuntur;
1794 1228 1892 1282 per
1929 1210 2080 1267 hanc

441 1303 828 1376 septimanam
869 1302 1024 1358 enim
1067 1301 1125 1356 in
1169 1316 1523 1372 unoquoque
1559 1300 1804 1356 introitu
1836 1304 1893 1356 et
1922 1299 2079 1355 exitu

440 1392 703 1463 ejusdem
733 1390 843 1447 veli
873 1408 907 1446 a
936 1389 1274 1447 silentiariis
1298 1394 1583 1461 portatur.
1606 1388 1859 1462 lngressi
1884 1395 2076 1444 autem

439 1481 614 1537 amici
655 1480 992 1537 venerandae
1030 1494 1217 1534 aureas
1264 1493 1476 1535 mensa
1517 1478 1887 1549 imperatoris
1916 1492 2078 1549 aeque

444 1585 511 1625 ac
549 1568 831 1641 appositis
878 1566 1115 1633 tabulis,
1159 1567 1417 1639 dumque
1464 1566 1679 1623 missus
1719 1570 1778 1622 et
1814 1565 2076 1637 reliquus

438 1661 756 1729 apparatus
778 1657 837 1712 in
859 1654 1224 1713 cosnaculum
1249 1657 1593 1725 afferuntur,
1609 1656 1888 1723 assident,
1911 1656 2078 1711 dum.

440 1763 553 1819 que
586 1745 802 1818 singuli
831 1745 1051 1802 missus
1084 1745 1291 1801 tabulae
1329 1747 1735 1817 imponuntur,
1760 1744 2077 1817 imperator

438 1835 826 1909 palriarcham
874 1835 943 1890 ad
989 1850 1188 1891 eorum
1236 1834 1696 1891 benedictionem
1744 1834 1968 1890 invitat.
2018 1834 2074 1891 Is

436 1925 617 1998 igitur
655 1924 972 1997 unicuique
1013 1924 1508 1997 metropolitarum
1543 1940 1643 1997 pro
1683 1940 1792 1980 sua
1830 1924 2072 1997 pmcel-

435 2015 613 2072 lentia
635 2018 691 2071 et
711 2015 993 2087 dignitate
1013 2016 1071 2070 id
1094 2015 1352 2087 injungit
1381 2031 1447 2069 ac
1481 2014 1784 2082 benedicit,
1806 2014 2077 2085 omnique

436 2120 648 2161 mensae
687 2104 801 2160 ritu
837 2109 1092 2175 peracto,
1124 2108 1374 2177 surgunt
1410 2108 1468 2161 et
1497 2103 1834 2176 imperatori
1881 2104 2075 2160 fausta

434 2194 652 2266 precati
684 2194 933 2250 abeunt:
959 2193 1119 2251 solus
1148 2194 1462 2265 imperator
1481 2209 1614 2249 cum
1636 2193 1968 2265 patriarcha
2001 2194 2069 2249 ad

435 2299 693 2340 mensam
726 2288 1001 2341 remanet.
1028 2284 1344 2356 Postquam
1376 2300 1512 2339 vero
1543 2283 1735 2339 adhuc
1766 2282 1946 2340 semel
1981 2300 2075 2355 po-

434 2382 556 2431 tum
572 2393 896 2448 sumpsere,
912 2377 1215 2448 imperator
1236 2392 1441 2448 sagum
1460 2392 1632 2431 suum
1648 2374 1868 2429 induit:
1889 2374 2072 2429 vocati

432 2464 765 2521 sacerdotes
808 2464 1050 2532 intrant,
1096 2469 1152 2520 et
1199 2464 1529 2537 patriarcha
1576 2462 1917 2534 omophorio
1963 2477 2069 2517 suo

430 2551 491 2606 in
536 2552 692 2607 dicta
730 2568 963 2608 camera
1012 2569 1113 2624 per
1154 2553 1486 2609 sacerdotes
1528 2551 1792 2615 indutus,
1824 2550 1965 2605 abit.
2000 2549 2069 2604 Hi

430 2639 688 2697 stichum
730 2641 972 2707 faciunt,
1015 2641 1223 2698 deinde
1264 2640 1595 2713 patriarcha
1633 2655 1844 2711 panem
1896 2638 2069 2694 bene-

430 2728 654 2786 dictum
694 2730 1031 2801 imperatori
1068 2730 1266 2799 tradit,
1307 2730 1638 2786 sacerdotes
1667 2727 2067 2801 egrediuntur,

428 2826 481 2875 et
512 2826 822 2892 postquam
864 2821 1181 2892 imperator
1208 2824 1266 2876 et
1297 2818 1626 2893 patriarcha
1656 2834 1720 2874 se
1750 2818 2066 2874 adorarunt

427 2912 485 2964 et
552 2909 902 2979 salutaruut,
969 2910 1066 2967 ille
1131 2912 1202 2967 ad
1270 2927 1442 2967 suum
1516 2908 1853 2965 cubiculum
1921 2907 2062 2975 abit,

425 2998 820 3069 patriarcham
861 3016 993 3056 vero
1032 3000 1284 3072 praefecti
1321 2998 1590 3055 cubiculo
1628 3008 1680 3055 et
1720 2995 2063 3053 cubicularii

424 3089 725 3159 excipiunt
760 3089 1073 3161 ipsumque
1112 3103 1296 3161 usque
1335 3090 1407 3145 ad
1449 3086 1787 3158 spatharicii
1838 3090 2062 3156 portam

422 3176 789 3233 comitantur.

2199 676 2418 730 πίνουσι
2447 675 2583 750 πρὸς
2622 676 2778 746 ἅπαξ.
2829 678 2913 749 Τῇ
2962 677 3064 752 γὰρ
3090 677 3257 746 τάξει
3294 675 3463 751 ταύτῃ
3500 675 3851 751 εἰσέρχονται

2193 764 2259 819 τὰ
2313 763 2691 838 κουκουμάρια
2745 762 2835 819 διὰ
2884 770 2990 819 τῶν
3047 760 3551 840 κουϐικουλαρίων,
3610 764 3768 835 ἡνίκα
3818 765 3851 819 6

2197 851 2454 928 βασιλεὺς
2505 854 2641 926 μετὰ
2687 856 2787 908 τοῦ
2830 855 3181 931 πατριάρχου
3224 855 3434 928 ἀριστᾷ·
3487 853 3587 908 Καὶ
3618 854 3717 908 εἶθ’
3749 851 3853 907 οἷς-

2192 963 2323 1011 τως,
2381 944 2457 1005 ὡς
2514 943 2864 1017 προείρηται,
2944 943 3246 1017 εἰσέρχεται
3307 944 3335 997 6
3392 949 3491 1011 τῆς
3545 942 3846 1017 τραπέζης,

2189 1032 2281 1085 καὶ
2306 1029 2521 1087 *ίσταται
2554 1030 2610 1086 ἐν
2640 1035 2719 1104 τῷ
2767 1029 2914 1104 οὐδῷ
2956 1033 2976 1067 ³
3024 1037 3133 1086 τῶν
3184 1033 3429 1107 ἀργυρῶν
3460 1029 3673 1089 πυλῶν.
3706 1032 3848 1089 Εἶτα

2186 1121 2322 1175 νεύει
2381 1122 2409 1175 ὁ
2471 1118 2726 1196 βασιλεὺς
2784 1125 2865 1193 τῷ
2922 1121 3295 1194 πραιποσίτῳ,
3345 1121 3592 1183 κάκεῖνος
3630 1125 3712 1193 τῷ
3740 1123 3844 1189 τῆς

2186 1209 2480 1285 τραπέζης.
2532 1214 2646 1268 Τοῦ
2694 1208 2751 1265 δὲ
2797 1216 2900 1280 τῆς
2947 1210 3220 1284 τραπέζης
3268 1210 3521 1280 νόξαντος
3561 1210 3624 1265 τὸ
3668 1211 3848 1286 βῆλον

2191 1299 2328 1371 μετὰ
2370 1306 2470 1368 τῆς
2516 1300 2729 1375 χειρὸς,
2794 1299 3038 1374 αἴρουσιν
3088 1299 3220 1355 αὐτὸ
3265 1298 3618 1374 σιλεντιάριοι
3673 1298 3844 1375 ὅπερ·

2186 1391 2295 1459 θεν,
2326 1389 2418 1442 καὶ
2450 1388 2787 1463 εῗσέρχονται
2838 1389 2889 1443 οἱ
2940 1388 3114 1466 φίλοι·
3150 1387 3240 1444 διὰ
3269 1389 3368 1465 γὰρ
3396 1398 3497 1458 τῆς
3530 1384 3840 1463 ἑϐδομάδος

2185 1474 2236 1531 ἒν
2264 1477 2461 1551 ἑκάστῃ
2497 1475 2692 1549 είσόδῳ
2723 1477 2813 1533 καὶ
2848 1476 3017 1551 ἐξόδῳ
3048 1482 3146 1533 τοῦ
3189 1477 3356 1533 αὐτοῦ
3392 1477 3568 1552 βήλου
3603 1478 3708 1533 ὑπὸ
3738 1475 3837 1533 δύο

2184 1565 2555 1642 σιλεντιαρίων
2618 1567 2958 1642 βαστάζεται.
3016 1565 3372 1629 Εἷσελθόντες
3427 1564 3483 1621 δὲ
3546 1568 3598 1621 οἱ
3647 1565 3829 1644 φίλοι,

2182 1654 2496 1724 καθέζονται
2526 1655 2578 1710 ἐν
2605 1659 2674 1729 τῇ
2718 1656 2882 1729 τιμία
2928 1659 3111 1731 χρυσῇ
3142 1655 3382 1732 τραπέζῃ
3407 1660 3505 1712 τοῦ
3538 1654 3835 1730 βασιλέως,

2183 1743 2441 1807 ὡσαύτως
2495 1744 2586 1800 καὶ
2644 1742 2694 1799 ἒν
2752 1749 2869 1807 τοῖς
2928 1745 3411 1821 παρατραπεζίοις,
3454 1746 3712 1809 ὡσαύτως
3742 1745 3836 1800 καὶ

2183 1830 2234 1887 ἐν
2280 1838 2400 1895 ταῖς
2440 1839 2549 1888 τῶν
2594 1832 2923 1906 κλητωρίων
2969 1831 3351 1904 είσοδιεξόδοις
3404 1834 3610 1908 μίνσων
3654 1854 3713 1889 τε
3743 1833 3835 1889 καὶ

2185 1918 2395 1976 λοιπῶν
2440 1924 2644 1997 χρειῶν
2674 1923 2812 1996 (24)·
2865 1921 2918 1977 ἓν
2964 1919 3022 1977 δὲ
3068 1927 3138 1997 τῇ
3184 1921 3380 1996 εἰσόδῳ
3426 1928 3524 1979 τοῦ
3574 1923 3686 1986 ἑνὸς
3718 1923 3839 1978 ἱκά-

2188 2030 2316 2065 στου
2378 2011 2571 2086 μίνσου
2624 2011 2678 2067 έν
2733 2018 2803 2087 τῇ
2863 2015 3104 2089 τραπέζῃ
3162 2014 3308 2088 ἀξιοῖ
3361 2016 3389 2069 6
3451 2013 3707 2091 βασιλεὺς
3738 2014 3832 2069 τὸν

2184 2103 2533 2177 πατριάρχην
2583 2104 2718 2177 πρὸς
2764 2104 2825 2158 τὸ
2875 2101 3202 2178 εὐλογῆσαι.
3252 2107 3314 2161 '0
3375 2100 3433 2159 δὲ
3484 2102 3833 2179 πατριάρχης

2183 2189 2543 2266 προτρέπεται
2591 2192 2728 2246 κατὰ
2789 2189 2978 2265 μίνσον
3042 2193 3122 2248 ivi
3180 2193 3388 2266 ἑκάστῳ
3441 2190 3830 2268 μητροπολίτῃ

2181 2282 2320 2337 κατὰ
2347 2282 2447 2350 τὴν
2498 2283 2689 2336 ἑαυτοῦ
2744 2280 3136 2357 προκαθεδρίαν
3175 2283 3267 2339 καὶ
3315 2282 3557 2358 εὖλογεῖ,
3601 2283 3691 2339 καὶ
3722 2284 3832 2338 πά·

2179 2391 2279 2441 σης
2326 2373 2425 2439 τῆς
2472 2376 2570 2426 τοῦ
2615 2372 2907 2447 τραπεζίου
2956 2371 3281 2435 ἀκολουθίας
3330 2372 3697 2442 τελεσθείσης,
3737 2374 3834 2428 ἂν·

2182 2459 2441 2530 ίστανται,
2491 2459 2583 2514 καὶ
2625 2460 3044 2534 ὁπερευξάμενοι
3091 2462 3181 2517 τὸν
3236 2460 3463 2537 βασιλέα
3492 2460 3828 2538 ἐξέρχονται,

2176 2548 2267 2602 καὶ
2302 2546 2450 2619 μένει
2482 2548 2510 2603 6
2546 2546 2801 2622 βασιλεὺς
2853 2550 2990 2621 μετᾶ
3040 2550 3207 2623 μόνου
3255 2556 3354 2607 τοῦ
3392 2554 3741 2628 πατριάρχου
3773 2550 3829 2608 έν

2173 2640 2243 2711 τῇ
2294 2636 2553 2711 τραπέζῃ.
2616 2638 2838 2700 Πιὸντες
2887 2637 2945 2693 δὶ
2991 2638 3157 2695 πάλιν
3208 2643 3344 2716 πρὸς
3391 2642 3526 2712 ἅπαξ
3581 2641 3828 2697 ἀνίσταν-

2172 2746 2283 2795 ται,
2328 2725 2420 2780 καὶ
2474 2724 2668 2788 εὐθέως
2709 2727 2737 2781 6
2786 2725 3053 2802 βασιλεὺς
3092 2726 3488 2804 περιϐάλλεται
3534 2731 3599 2786 τὸ
3638 2730 3824 2806 σαγίον

2173 2814 2361 2885 αὐτοῦ,
2418 2814 2856 2891 προσκληθέντες
2904 2814 2962 2872 δὲ
3008 2819 3099 2873 καὶ
3144 2821 3196 2874 οἱ
3243 2820 3408 2895 ἱερεῖς
3457 2819 3822 2896 εἰσέρχονται,

2170 2905 2263 2959 καὶ
2291 2900 2770 2980 περιϐαλλόμενος
2801 2906 2830 2959 6
2859 2909 3209 2982 πατριάρχης
3259 2909 3321 2965 τὸ
3371 2908 3687 2987 ὠμοφόριον
3720 2910 3824 2965 αὗ-

2168 2997 2265 3049 τοῦ
2313 2992 2364 3047 έν
2413 2998 2482 3068 τῇ
2532 2992 2904 3070 προλεχθείσῃ
2950 2996 3173 3070 καμάρᾳ
3219 2994 3309 3052 διὰ
3354 2996 3463 3053 τῶν
3492 3000 3701 3074 ἱερέων,
3732 2999 3821 3070 ἐξ·

2171 3080 2412 3159 έρχεται.
2463 3083 2567 3138 Καὶ
2614 3086 2831 3137 ποιοῦσι
2880 3083 2974 3138 τὸν
3023 3085 3234 3160 στίχον,
3266 3087 3356 3141 καὶ
3403 3088 3537 3160 μετὰ
3574 3089 3666 3143 τὸν
3701 3088 3822 3143 στί-

2171 3190 2277 3249 χον
2325 3167 2641 3225 ἐπιδίδωσιν
2693 3173 2721 3226 6
2770 3173 3123 3248 πατριάρχης
3174 3179 3252 3247 τῷ
3292 3174 3509 3249 βασιλεῖ
3536 3174 3817 3254 εὐλογίας,

419 3264 511 3319 καὶ
568 3265 859 3341 έξέρχοντα
914 3268 965 3322 οἱ
1023 3269 1207 3341 ἱερεῖς,
1265 3268 1355 3322 καὶ
1412 3268 1877 3341 προσκυνήσαντες
1944 3263 2243 3342 ἀμφότεροι
2300 3258 2730 3332 ἀλλήλουςδτε
2790 3262 3043 3337 βασιλεὺς
3092 3265 3181 3320 καὶ
3240 3266 3268 3321 6
3323 3266 3670 3343 πατριάρχης
3723 3268 3818 3324 καὶ

421 3352 815 3427 ἂσπασάμενοι,
861 3357 888 3410 6
942 3357 1033 3429 μὲν
1080 3354 1333 3431 βασιλεὺς
1383 3356 1688 3435 εἰσέρχεται
1734 3354 1787 3409 ἐν
1830 3358 1910 3425 τῷ
1951 3356 2177 3407 κοιτῶνι
2224 3349 2412 3423 αὑτοῦ,
2452 3351 2545 3406 τὸν
2578 3347 2636 3406 δὲ
2664 3352 3011 3427 πατριάρχην
3046 3348 3305 3415 λαϐόντες
3336 3354 3389 3408 οἱ
3427 3353 3691 3430 ἄρχοντες
3721 3359 3820 3410 τοῦ

419 3439 810 3499 κουόουκλείου
840 3443 929 3499 καί
960 3446 1012 3499 οἱ
1037 3440 1513 3520 κουϐικουλάριοι,
1546 3442 1903 3513 διασώζουσιν
1930 3440 2087 3497 αὐτὸν
2124 3438 2291 3514 μέχρι
2317 3445 2418 3509 τῆς
2448 3438 2631 3511 πύλης
2660 3443 2758 3495 τοῦ
2786 3442 3145 3518 σπαθαρικίου
3184 3445 3320 3516 (25).

1032 3536 1266 3593 CAPUT
1306 3535 1424 3592 XV.

514 3641 861 3700 Obseruando
897 3643 959 3700 in
988 3643 1183 3715 vigilia
1211 3643 1536 3716 septimanae
1564 3644 1959 3701 renovationis.

484 3769 699 3826 Omnes
730 3769 948 3826 tunicis
973 3770 1123 3827 albis
1153 3770 1365 3841 induti,
1391 3773 1454 3827 ut
1485 3771 1706 3827 dictum
1738 3777 1845 3839 est,
1871 3771 1929 3827 in
1962 3788 2057 3844 pa-

413 3858 614 3915 latium
680 3858 1054 3929 conveniunt,
1132 3877 1247 3933 quo
1313 3865 1533 3933 aperto,
1591 3861 1692 3918 58
1762 3861 2056 3934 processio

414 3964 627 4004 novum
661 3947 1007 4018 triclinium,
1032 3950 1187 4020 quod
1217 3949 1532 4005 Justiniani
1565 3958 1819 4020 vocatur,
1851 3951 2054 4006 intrat.

414 4039 563 4093 Hora
594 4042 789 4094 autem
823 4038 1182 4107 adveniente,
1207 4039 1572 4095 cmnaculum
1604 4045 1843 4110 paratur
1873 4042 2057 4097 fercu-

410 4126 581 4197 laque
616 4132 1011 4199 apponuntur.
1048 4127 1239 4183 Vocati
1263 4129 1332 4183 ad
1363 4128 1690 4183 convivium
1724 4129 1897 4186 amici
1929 4146 2055 4185 ma-

412 4225 574 4281 nent,
638 4216 823 4271 caeteri
883 4232 1089 4272 omnes
1146 4216 1387 4272 domum
1446 4220 1673 4288 petunt.
1736 4218 2055 4290 Imperator

411 4317 705 4373 egressus,
760 4320 947 4359 aureis
1006 4321 1218 4360 mensa
1268 4305 1327 4360 in
1376 4321 1552 4363 aureo
1612 4306 1860 4364 triclinio
1916 4324 2051 4363 cum

410 4392 635 4460 amicis,
681 4409 831 4465 quos
879 4394 1068 4449 vocari
1107 4394 1310 4465 jussit,
1364 4396 1579 4451 assidet
1625 4395 1684 4451 hi
1736 4400 1855 4453 toto
1913 4412 2051 4454 con-

408 4479 545 4534 vivii
594 4480 796 4535 ordine
854 4489 1103 4554 peracto,
1157 4490 1405 4557 surgunt
1453 4489 1509 4541 et
1555 4501 1759 4543 omnes
1810 4486 2049 4543 domum

409 4570 644 4625 abeunt.
670 4569 983 4626 Sciendum
1006 4579 1112 4643 est,
1138 4575 1411 4630 eumdem
1446 4590 1665 4631 morem
1697 4580 1755 4632 et
1786 4576 2050 4648 sequenti

409 4659 502 4713 die
533 4674 632 4713 seu
667 4659 919 4716 Sabbato
950 4662 1075 4731 ejus
1107 4663 1448 4734 septimanae
1480 4665 1761 4722 obtinere.

2788 3532 3050 3587 ΚΕΦΔΛ.
3094 3533 3195 3589 ΙΕ“.

2308 3617 2448 3673 ’Ὀσα
2497 3613 2581 3671 δεῖ
2630 3615 3070 3745 παραὲυλάττειν
3118 3624 3187 3695 τῇ
3236 3624 3552 3695 παρασκευῇ
3579 3629 3679 3691 τῆς

2816 3690 3214 3745 ιακαινησίιιου.

2816 3690 3214 3764 ιακαινησίμου.

2236 3776 2606 3852 Προέρχονται
2656 3776 2887 3842 ’ἅπαντες
2932 3778 2984 3835 ἐν
3037 3785 3118 3853 τῷ
3168 3780 3421 3855 παλατίῳ
3469 3781 3818 3859 ἠλλαγμένοι

2164 3865 2263 3921 ἀοὸ
2323 3863 2533 3921 λευκῶν
2594 3865 2920 3941 χλανιδίων,
2977 3870 3051 3923 ὡς
3121 3870 3464 3945 προείρηται·
3518 3870 3819 3944 ἀνοίξαντα

2166 3950 2224 4009 δὲ
2262 3958 2359 4009 τοῦ
2408 3952 2681 4009 παλατίου
2734 3955 3037 4032 εἰσέρχεται
3085 3960 3121 4027 ἡ
3162 3957 3485 4031 προέλευσις
3516 3957 3569 4014 ἒν
3600 3964 3679 4033 τῷ
3710 3960 3816 4034 νέῳ

2161 4043 2428 4119 τρικλίνῳ
2461 4050 2541 4118 τῷ
2588 4043 2917 4119 καλουμένῳ
2950 4049 3330 4121 Ἰουστινιανῷ.
3384 4045 3815 4122 Καταλαὸούσης

2164 4128 2222 4185 δὶ
2249 4138 2353 4202 τῆς
2407 4130 2576 4207 ὥρας,
2628 4140 2927 4209 στοιχεῖται
2952 4137 2975 4171 ⁴
3022 4138 3083 4192 τὸ
3126 4137 3464 4212 κλητώριον,
3505 4140 3605 4203 εἶθ’
3636 4140 3812 4203 οὕτως

2163 4224 2408 4300 γίνονται
2461 4223 2663 4298 μίνσαι.
2707 4226 2809 4283 Καὶ
2860 4228 2911 4281 οἱ
2963 4229 3057 4302 μὶν
3108 4228 3399 4299 κληθέντες
3428 4230 3807 4310 φίλοιπένουο

2161 4334 2266 4383 σιν,
2318 4315 2369 4368 οἱ
2420 4311 2478 4368 δὲ
2529 4313 2714 4371 λοιποὶ
2769 4312 2997 4380 ἅπαντες
3045 4319 3377 4395 ἀπέρχονται
3409 4319 3462 4375 έν
3494 4325 3609 4383 τοῖς
3641 4321 3817 4385 οἲκοις

2161 4402 2362 4459 αὐτῶν.
2419 4407 2479 4460 Ὁ
2526 4400 2584 4458 δὲ
2646 4404 2902 4479 βασιλεὺς
2959 4403 3191 4477 ἐξελθὼν
3237 4409 3516 4479 καθέζεται
3574 4408 3661 4463 ἐπὶ
3715 4416 3815 4479 τῆς

2160 4495 2371 4567 χρυσῆς
2403 4493 2675 4568 τραπέζης
2726 4492 2780 4549 ἐν
2828 4500 2907 4568 τῷ
2951 4498 3393 4575 χρυσοτρικλίνῳ
3426 4500 3560 4572 μετᾶ
3588 4503 3695 4554 τῶν
3721 4501 3814 4579 φί-

2161 4589 2293 4650 Λων,
2325 4582 2401 4634 ὧν
2432 4580 2680 4637 ἐκέλευσε
2709 4591 3008 4654 κληθῆναι,
3054 4586 3144 4640 καὶ
3192 4589 3371 4658 πάσης
3413 4594 3514 4658 τῆς
3557 4593 3655 4644 τοῦ
3682 4608 3812 4665 τρα-

2158 4668 2346 4739 πεζίου
2406 4669 2732 4734 ἀκολουθίας
2800 4672 3167 4746 τελεσθείσης,
3215 4675 3523 4732 ἀνίστανται
3571 4678 3659 4732 καὶ
3706 4678 3816 4733 άπ-

410 4739 667 4842 έρχονται
697 4740 921 4842 ’ἐκαῇσέος
953 4745 1003 4801 έν
1035 4752 1151 4808 τοῖς
1183 4748 1355 4813 οἷ’κοις
1386 4751 1584 4809 αὐτῶν.
1619 4754 1810 4811 Ἰστέον
1844 4750 1902 4808 δὲ
1948 4754 2038 4808 καὶ
2077 4760 2261 4826 τοῦτο,
2293 4757 2375 4813 ὅτι
2405 4760 2440 4828 ἡ
2473 4758 2609 4827 αὗτή
2639 4760 2789 4831 τάξις
2820 4760 3227 4838 παρακολουθεῖ
3255 4764 3344 4819 καὶ
3374 4762 3461 4820 ἐπὶ
3491 4770 3559 4840 τῇ
3600 4761 3807 4842 αὔριον,

406 4830 573 4909 ⁴ἤγουν
601 4833 664 4887 τὸ
696 4828 977 4889 Σάϐϐατον
1004 4842 1103 4905 τῆς
1134 4838 1302 4906 αὐσῆς
1334 4834 1661 4915 ἑϐδομάδος.

1761 4942 2001 4999 VARI/ﬁ
2039 4944 2453 5004 LECTIONES.

478 5002 501 5037 ³
520 5000 574 5056 ἐν
603 5006 673 5077 τῇ
705 5000 815 5076 ὁδῷ
843 5005 936 5061 ed.
1013 5007 1035 5042 ⁴
1062 5004 1331 5081 στείχεται
1363 5010 1455 5068 ed.

1432 5109 1634 5165 JOAN.
1673 5111 1814 5168 JAC.
1868 5112 2125 5169 REISKII
2177 5114 2768 5174 COMMENTARIUS.

403 5353 961 5432 cucumistraxisse2
988 5355 1140 5432 vasis
1167 5353 1341 5432 ensis
1366 5359 1728 5432 ventricosis,
1754 5363 1812 5417 in
1838 5363 2049 5432 quibus

404 5437 558 5506 aqua
608 5425 829 5506 solebat
876 5426 1146 5506 calefieri.
1196 5429 1326 5506 _Lin.
1375 5432 1460 5501 12,
1509 5448 1610 5506 pro
1652 5428 1764 5504 ὁδῷ
1809 5425 1917 5506 leg.
1960 5439 2048 5489 est

404 5489 859 5569 od§§i_e_codice,
894 5503 955 5553 ut
986 5516 1162 5568 supra
1186 5500 1306 5569 jam
1338 5489 1562 5558 monu-i.

474 5565 741 5645 (24)-Ηδεο
772 5570 947 5645 verba
978 5565 1079 5625 aut
1101 5565 1214 5627 huc
1238 5588 1351 5645 non
1377 5576 1689 5645 pertinent,
1712 5581 1813 5632 aut
1835 5576 2043 5633 mutila

403 5640 708 5714 sulntkﬂgo
730 5644 884 5714 certe
914 5656 1029 5695 non
1062 5644 1313 5713 percipio
1343 5640 1475 5714 quid
1510 5647 1618 5703 sibi
1649 5640 1844 5704 velint.
1878 5649 2040 5704 Εἰσοο

404 5698 669 5791 διέξοδοί
690 5713 776 5791 est
822 5726 927 5791 vox
979 5698 2038 5791 novae;graecitcompositionis:ta-

404 5778 611 5831 troilus
649 5786 701 5833 ει
741 5779 942 5836 exitus.
990 5778 1377 5859 Intelligimus
1418 5778 1598 5863 igitur
1634 5807 1703 5849 ex
1741 5791 1849 5851 hoc
1887 5778 2035 5861 loco,

2157 5386 2475 5464 antequam
2518 5386 3107 5464 consumerentur-{et
3138 5388 3525 5461 patriarcbam
3557 5406 3802 5464 consue-

2153 5457 2304 5531 visse
2328 5457 2713 5531 metmpolitis
2731 5458 2787 5531 id
2804 5459 3089 5527 delegare,
3104 5457 3162 5514 et
3176 5476 3355 5515 unum
3382 5467 3511 5531 post
3531 5460 3798 5528 alterum,

2154 5473 2304 5508 vrsse
2328 5473 2713 5581 metroifionns
2731 5473 2787 5512 ιο
2804 5473 3089 5527 delegare,
3104 5473 3162 5514 et
3176 5476 3355 5515 unum
3382 5473 3511 5531 post
3531 5473 3791 5528 alterum,

2154 5523 2421 5611 rsingulos
2461 5543 2493 5581 a
2575 5528 2835 5611 singulos
2880 5531 3119 5611 missus,
3162 5532 3486 5611 secundum
3527 5532 3791 5589 ordinem

2151 5595 2564 5672 Ecclesiarum,
2596 5595 2805 5672 quibus
2835 5595 3137 5672 praeerant,
3166 5603 3467 5660 excitasse.

2221 5666 2328 5750 (2H5)
2375 5666 2798 5750 §patbaricium
2837 5666 3091 5728 'videtur
3124 5666 3310 5750 statio
3358 5678 3480 5750 aut
3505 5673 3786 5750 habitatio

2145 5736 2576 5814 spathariorum
2639 5740 2841 5810 fuisse,
2890 5759 3068 5814 prope
3120 5744 3373 5814 Circum,
3424 5748 3490 5799 ut
3536 5760 3604 5798 ex
3654 5745 3785 5804 aliis

2142 5806 2333 5867 Nostri
2363 5809 2507 5868 locis
2536 5815 2711 5885 patet.
