4126 6314
233 190 343 250 325

1078 193 1178 257 DE
1220 193 1671 257 CERIMONIIS
1713 191 1959 256 AULAE
1998 193 2477 257 BYZANTINJE
2520 194 2669 257 LIB.
2716 197 2767 256 Ῑ.

3529 204 3646 269 326

230 327 350 391 τῶν,
411 326 703 400 φοροῦντες
760 321 853 378 καὶ
912 324 980 380 τὰ
1037 325 1235 381 σπαθία
1310 324 1510 397 αὐτῶν,
1565 321 1871 400 διέρχονται

1987 327 2378 399 imperatoriis
2408 326 2591 400 portis
2622 326 2911 400 ingresso,
2940 330 3249 389 vestitores
3281 334 3508 392 intrant
3539 343 3642 393 tu-

229 410 443 466 δπισθεν
474 416 578 466 τοῦ
624 411 922 487 βασιλέως,
968 414 1044 476 ὡς
1091 414 1317 470 εἴθισται
1347 414 1554 471 αὐτοῖς.
1586 415 1647 471 Ὀ
1687 412 1745 469 δὲ
1781 420 1881 483 τῆς

231 501 603 561 καταστάσεως
648 501 909 565 εἰσελθὼν
948 499 1115 573 δηλοῖ
1158 508 1239 576 τῷ
1284 500 1652 578 πραιποσίτῳ,
1693 503 1768 563 ὡς
1799 503 1883 557 ὃτι

229 587 444 665 ἤγγισεν
489 590 518 642 6
570 590 765 665 καιρὸς
811 593 911 656 τῆς
962 588 1125 661 λιτῆς
1176 593 1312 664 μετά
1366 596 1464 648 τοῦ
1516 592 1883 667 πατριάρχου,

234 679 261 733 6
290 675 345 732 δὲ
372 678 739 753 πραιπόσιτος
779 678 1036 744 εἰσελθὼν
1085 679 1253 752 δηλοῖ
1281 687 1360 755 τῷ
1409 681 1644 757 βασιλεῖ.
1686 683 1797 737 Τοῦ
1828 677 1885 735 δὲ

235 765 508 845 βασιλέως
546 766 863 842 ἐξελθόντος
906 768 968 825 ἐκ
1002 774 1101 826 τοῦ
1152 775 1415 833 κοιτῶνος
1462 767 1632 825 αὒτοῦ
1672 768 1724 825 έν
1765 773 1883 831 τοῖς

230 858 699 933 κακηχουμενίοις
749 858 973 935 ὕπερθεν
1023 865 1132 915 τῶν
1186 858 1493 934 βασιλικῶν
1533 856 1744 929 πυλῶν,
1776 858 1880 913 εἰσ-

230 948 491 1023 έρχονται
539 949 593 1003 οἱ
640 950 968 1026 βεστήτορες
1015 950 1105 1005 καὶ
1155 949 1571 1006 ὁπαλλάσσουσι
1608 950 1708 1019 τήν
1739 945 1885 1023 χλα-

230 1035 349 1091 νίδα
398 1037 499 1092 τὸν
555 1036 806 1113 βασιλέα,
844 1039 913 1093 τὰ
961 1036 1020 1094 δὲ
1068 1037 1241 1094 ἐκεῖσε
1287 1040 1600 1115 κρεμάμενα
1650 1037 1798 1112 βῆλα
1827 1035 1880 1091 ἐν

224 1130 342 1189 τοῖς
389 1126 863 1201 κατηχουμενίοις
910 1122 1359 1204 κουϐικουλάριοι
1390 1131 1661 1185 ποιοῦσιν.
1694 1124 1880 1197 Ἐξελ-

228 1215 390 1279 θόντα
422 1212 485 1270 δὲ
510 1216 603 1270 τὸν
644 1214 871 1290 βασιλέα
896 1214 957 1271 ἐκ
992 1220 1102 1272 τῶν
1148 1216 1337 1292 βήλων
1382 1218 1474 1272 καὶ
1508 1213 1878 1291 δηριγευόμε-

223 1324 311 1360 νον
336 1305 384 1340 ιι
417 1304 525 1359 ὑπὸ
552 1307 663 1358 τῶν
694 1303 980 1379 ἀρχόντων
1030 1309 1129 1361 τοῦ
1175 1301 1594 1375 κουόουκλείου,
1626 1302 1878 1379 δέχονται

223 1392 399 1449 έκεῖσε
450 1388 556 1463 ἔξω
605 1396 705 1447 τοῦ
763 1392 942 1467 βήλου
992 1393 1273 1469 πατρίκιοί
1319 1414 1379 1449 τε
1427 1394 1518 1449 καὶ
1561 1393 1877 1467 στρατηγοὶ,

218 1486 306 1539 καὶ
361 1484 617 1546 πεσόντες
675 1482 1057 1560 προσκυνοῦσι,
1122 1484 1213 1540 καὶ
1261 1485 1403 1540 νεύει
1446 1486 1474 1539 6
1517 1482 1879 1560 πραιπόσιτος

217 1573 324 1628 ἀπὸ
356 1572 662 1638 κελεύσεως
690 1573 781 1628 τὸν
833 1580 932 1643 τῆς
973 1573 1370 1643 καταστάσεως,
1418 1573 1667 1635 κάκεῖνος
1700 1571 1873 1648 λέγει’

1993 416 2306 489 nicamque
2334 416 2772 489 imperatoriam
2805 420 3056 487 mutant,
3085 418 3205 476 vela
3236 426 3428 478 autem
3461 424 3520 478 in
3552 441 3642 481 ca-

1992 506 2357 563 techumenis
2384 506 2727 563 cubicularii
2756 510 3127 579 suspendunt
3166 526 3590 585 egressumque
3610 530 3641 570 e

1995 596 2137 652 velis
2166 596 2573 669 imperatorem
2607 600 2665 653 et
2696 614 2729 652 a
2758 598 3044 669 pra-rectis
3066 598 3336 657 cubiculo
3357 602 3641 674 stipatum

1994 686 2218 757 patricii
2252 692 2309 741 et
2347 687 2581 757 strategi
2623 693 2782 742 extra
2810 686 2999 743 velum
3041 689 3341 761 excipiunt
3370 695 3429 746 et
3457 708 3640 764 prono

1993 773 2053 829 in
2103 778 2320 830 terram
2360 774 2523 829 vultu
2569 774 2817 831 adorant
2850 792 2863 830 :
2899 779 3245 849 praepositus
3285 796 3318 835 a
3359 782 3639 837 mandato

1994 861 2400 919 cerimoniario
2434 863 2667 935 signum
2702 866 2799 921 dat
2828 868 2884 921 et
2915 867 3056 922 dicit
3088 884 3102 922 :
3132 888 3160 917 ιι
3188 867 3463 937 ,ἶιώοὶοςι
3500 870 3584 926 illi
3620 888 3634 927 :

1992 973 2022 1002 «
2052 951 2116 1007 In
2148 951 2332 1007 multa
2373 952 2641 1025 bonaque
2676 958 2960 1024 tempora,
2989 979 3016 1010 η
3048 955 3395 1013 acclamant.
3430 959 3521 1014 Sic
3563 959 3635 1015 ab

1990 1041 2265 1097 omnibus
2294 1041 2523 1097 tunicas
2553 1042 2744 1097 aureis
2776 1047 3095 1114 segmentis
3124 1047 3493 1117 gestantibus
3523 1049 3635 1104 sti-

1991 1136 2183 1202 patus,
2224 1146 2328 1202 per
2367 1130 2657 1186 cochleam
2700 1131 3017 1202 descendit,
3053 1135 3152 1189 ubi
3194 1136 3384 1208 ipsum
3427 1155 3632 1195 rursus

1990 1221 2048 1274 in
2081 1218 2440 1289 plenitudine
2469 1220 2597 1290 ejus
2620 1220 2849 1291 patricii
2873 1225 2929 1275 et
2943 1223 3177 1294 strategi
3198 1240 3331 1280 cum
3358 1226 3630 1284 universo

1988 1311 2196 1365 senatu
2246 1308 2561 1379 excipiunt,
2606 1312 2662 1364 et
2701 1311 3007 1379 postquam
3062 1325 3264 1367 omnes
3302 1312 3361 1368 in
3411 1318 3629 1372 terram

1986 1394 2380 1467 prociderunt,
2423 1394 2767 1466 praepositus
2807 1412 2842 1450 a
2887 1397 3154 1452 mandato
3199 1397 3516 1456 silentiario
3547 1401 3630 1457 si-

1985 1499 2162 1554 gnum
2212 1484 2347 1550 dat;
2399 1482 2493 1538 hic
2537 1483 2681 1538 dicit
2721 1499 2735 1538 :
2786 1502 2809 1532 σ
2849 1483 3097 1554 Jubete;
3151 1508 3181 1536 »
3228 1485 3339 1557 ipsi
3391 1488 3625 1560 pariter.

1987 1593 2016 1623 ‹‹
2050 1572 2112 1627 In
2144 1570 2328 1627 multa
2359 1572 2626 1642 bonaque
2654 1577 2925 1644 tempora,
2950 1596 2979 1623 »
3016 1575 3065 1630 ei
3098 1576 3446 1634 acclamant.

217 1687 245 1714 α
277 1662 618 1719 Κελεύσατει
654 1687 681 1716 ‹‹
730 1664 884 1719 αὐτοὶ
937 1662 996 1718 δὶ
1040 1664 1433 1741 ὖπερεύχονται
1480 1664 1565 1734 τὸ,
1622 1687 1649 1715 ι(
1694 1663 1790 1724 Εἰς
1839 1659 2085 1722 πολλοὺς
2134 1660 2224 1716 καὶ
2275 1660 2514 1737 ἀγαθοὺς
2545 1661 2795 1736 χρόνους.
2834 1684 2859 1715 ε
2895 1664 2992 1719 Καὶ
3038 1661 3463 1742 δηφιγευόμενος
3522 1670 3626 1725 ὑπὸ

214 1752 431 1808 πάντων
462 1754 775 1831 φορούντων
806 1753 875 1808 τὰ
902 1748 1258 1829 χρυσόταῦλα
1294 1754 1475 1808 αύοῶν
1508 1749 1789 1831 χλανίδια,
1822 1750 2143 1829 κατέρχεται
2181 1750 2273 1805 τὸν
2326 1748 2585 1828 κοχλιᾶν,
2619 1751 2709 1806 καὶ
2760 1748 3013 1830 δέχοντάι
3063 1755 3224 1809 αὐτὸν
3270 1755 3434 1812 πάλιν
3485 1758 3629 1813 έκεῖ-

217 1863 296 1913 σε,
340 1842 519 1918 ἤγουν
567 1842 619 1896 έν
667 1847 749 1915 τῷ
794 1843 1132 1919 πληρώματι
1175 1844 1273 1897 τοῦ
1319 1840 1583 1919 κοχλιοῦ,
1614 1841 1895 1916 πατρίκιοί
1944 1860 2002 1895 τε
2048 1839 2137 1893 καὶ
2198 1839 2494 1915 στρατηγοὶ
2541 1842 2632 1895 σὺν
2685 1841 2828 1915 πάσῃ
2868 1845 2938 1915 τῇ
3004 1841 3317 1917 συγκλήτῳ,
3358 1847 3447 1901 καὶ
3486 1848 3626 1902 πάν-

212 1954 321 1989 των
376 1934 673 2005 πεσόντων,
715 1931 853 1988 νεύει
896 1934 924 1988 6
972 1933 1335 2006 πραιπόσιτος
1381 1933 1487 1988 ἀπὸ
1534 1930 1834 1994 κελεύσεως
1880 1934 1959 2004 τῷ
2002 1931 2373 2008 σιλεντιαρίῳ,
2401 1931 2650 1995 κάκεῖνος
2701 1930 2872 2008 λέγει’
2911 1957 2939 1986 ιι
2993 1932 3291 1991 Κελεύσατε
3323 1955 3337 1968 '
3388 1962 3418 1990 »
3468 1940 3623 1997 αὐτοὶ

215 2019 269 2076 δὲ
297 2022 698 2099 ύπερεύχονται
727 2039 740 2053 ·
779 2044 807 2074 α
841 2021 934 2083 Εἰς
964 2020 1218 2083 πολλοὺς
1250 2020 1339 2075 καὶ
1370 2019 1607 2096 ἀγαθοὺς
1635 2022 1891 2096 χρόνους.
1928 2042 1957 2071 ››

285 2113 359 2166 I".
414 2109 853 2185 Δηριγευόμενος
900 2108 955 2165 δὲ
1003 2111 1031 2165 6
1077 2108 1329 2185 βασιλεὺς
1378 2109 1486 2165 ἀπὸ
1533 2114 1643 2165 τῶν
1673 2107 1866 2182 ἒκεῖσε,

2050 2110 2147 2165 ΙΙΙ.
2186 2111 2289 2167 His
2338 2112 2753 2169 comitantibus
2793 2113 3110 2187 imperator
3148 2132 3250 2187 per
3280 2119 3621 2179 narthecem

215 2198 498 2276 διέρχεται
548 2197 636 2254 διὰ
682 2204 781 2254 τοῦ
829 2198 1121 2275 νάρθηκος,
1169 2201 1260 2254 καὶ
1308 2196 1537 2269 ἐξελθὼν
1578 2200 1678 2269 τήν
1710 2196 1870 2253 οὖσαν

1976 2201 2208 2265 transit,
2232 2207 2286 2256 et
2315 2216 2345 2256 e
2376 2209 2540 2273 porta
2569 2202 2765 2274 magni
2789 2204 2988 2276 templi
3014 2204 3397 2276 imperatoriis
3426 2211 3623 2267 obver-

214 2288 442 2363 ἂντικρυ
503 2293 612 2345 τῶν
681 2287 982 2364 βασιλικῶν
1043 2286 1234 2344 πυλῶν
1291 2291 1391 2342 τοῦ
1451 2286 1691 2363 μεγάλου
1738 2290 1868 2342 ναοῦ

1976 2305 2042 2343 ea
2072 2289 2369 2360 prodiens,
2403 2306 2504 2362 per
2538 2292 2750 2359 gradus
2781 2293 3097 2363 descendit,
3135 2299 3193 2349 et
3222 2297 3291 2352 ad
3324 2297 3618 2356 sinistram

211 2379 423 2449 πύλην,
489 2376 814 2452 κατέρχεται
870 2378 939 2432 τά
983 2374 1281 2452 γραδήλια,
1348 2375 1438 2431 καὶ
1498 2375 1747 2439 ἐκκλίνας
1813 2375 1863 2445 ἐξ

1973 2377 2297 2448 declinans,
2340 2394 2439 2450 per
2468 2385 2715 2451 portam,
2750 2396 2851 2451 per
2881 2398 3055 2453 quam
3100 2385 3297 2454 egredi
3327 2385 3385 2441 in
3426 2394 3618 2443 omni-

208 2469 521 2542 ἀριστερᾶς,
564 2464 843 2541 ἐξέρχεται
869 2468 968 2536 τὴν
1000 2464 1206 2538 πύλην,
1254 2464 1325 2520 δι’
1355 2465 1422 2535 ἧς
1450 2463 1682 2529 εἴθισται
1714 2465 1862 2537 αύτῷ

207 2559 326 2613 καθ’
376 2556 608 2626 ἑκάστην
653 2554 977 2629 προέλευσιν
1024 2552 1357 2630 διέρχεσθαι,
1404 2554 1495 2609 καὶ
1527 2555 1733 2624 ἀπαντᾷ
1760 2555 1861 2623 τὴν

206 2645 369 2716 λιτήν
422 2644 475 2701 έν
640 2646 805 2719 μέσῃ,
855 2644 943 2700 καὶ
982 2643 1123 2718 ἆψας
1172 2642 1377 2718 γηροὺς
1412 2643 1504 2698 καὶ
1545 2640 1857 2716 εὒξάμενος,

202 2740 505 2811 προσκυνεῖ
545 2734 639 2790 τὸν
689 2735 873 2807 τίμιον
924 2733 1014 2790 καὶ
1073 2733 1344 2803 ζωοποιὸν
1387 2734 1616 2807 σταυρὸν
1661 2731 1750 2786 καὶ
1797 2732 1859 2787 τὸ

199 2824 476 2901 ἄχραντον
529 2822 882 2899 Εὖαγγέλιον,
928 2823 1043 2878 εἶτα
1098 2824 1567 2897 προσκυνήσαντες
1624 2820 1861 2897 ἀμφότε-

200 2934 311 2991 ροι,
360 2912 395 2968 ὅ
446 2933 505 2968 τε
540 2912 797 2987 βασιλεὺς
824 2910 915 2966 καὶ
964 2912 991 2966 6
1039 2911 1409 2986 πατριάρχης,
1442 2908 1717 2985 διέρχεται
1756 2904 1859 2983 ἔμ-

196 3003 436 3077 προσθεν
496 3008 596 3070 τῆς
665 3000 847 3071 λιτῆς,
909 2996 1339 3075 δηριγευόμενος
1398 2996 1501 3054 ὕπὸ
1557 3002 1664 3054 τῶν
1719 2998 1857 3053 κατὰ

197 3095 515 3163 συνήθειαν,
562 3089 651 3146 διὰ
694 3094 792 3146 τοῦ
839 3088 1132 3165 λουτῆρος,
1189 3089 1279 3145 καὶ
1340 3086 1585 3144 ἀνελθὼν
1627 3090 1695 3143 τά
1742 3086 1855 3142 εἷ’σ-

196 3183 404 3256 άγοντα
450 3177 729 3256 γραδήλια
776 3178 829 3233 έν
869 3183 949 3250 τῷ
992 3178 1245 3252 νάρθηκι,
1286 3177 1586 3252 εἰσέρχεται
1636 3175 1712 3238 εἷς
1760 3175 1852 3231 τὸν

196 3272 361 3326 αὐτὸν
411 3271 660 3346 νάρθηκα
706 3270 795 3323 καὶ
843 3266 1122 3337 καθέζεται
1166 3265 1254 3322 ἐπὶ
1295 3264 1520 3321 σελλίου
1560 3269 1769 3341 χρυσοῦ
1800 3264 1851 3334 ἐξ

198 3364 489 3439 ἀριστερᾶς
546 3368 646 3430 τῆς
695 3360 1021 3435 εἷσαγούσης
1078 3359 1185 3415 ἀπὸ
1250 3363 1360 3414 τῶν
1410 3358 1624 3434 βάθρων
1682 3359 1852 3432 μέσης

1971 2466 2085 2522 bus
2108 2467 2575 2537 processionibus
2595 2469 2762 2533 solet,
2786 2468 2921 2535 exit,
2950 2470 3012 2525 in
3040 2472 3228 2526 media
3259 2475 3617 2543 processioni

1970 2556 2243 2625 occurrit,
2286 2561 2343 2612 et
2372 2573 2504 2613 cum
2537 2558 2716 2613 cereis
2747 2558 3093 2615 ardentibus
3126 2568 3413 2633 precatus,
3444 2580 3617 2621 vene-

1970 2646 2211 2701 randam
2252 2650 2309 2700 et
2338 2646 2627 2701 viviticam
2668 2662 2893 2703 crucem
2937 2653 3320 2721 sanctumque
3358 2655 3613 2725 Evange-

1970 2733 2112 2789 lium
2144 2732 2368 2790 adorat.
2404 2733 2716 2804 Postquam
2756 2751 2889 2791 vero
2930 2735 3247 2809 imperator
3284 2742 3341 2794 et
3371 2742 3612 2812 patriar-

1969 2822 2079 2879 cha
2109 2837 2173 2878 se
2202 2821 2450 2879 invicem
2480 2824 2821 2891 adorarunt,
2854 2823 2950 2880 ille
2981 2842 3112 2881 cum
3147 2826 3394 2884 solemni
3426 2830 3609 2886 comi-

1967 2919 2086 2968 tatu
2138 2927 2239 2981 per
2270 2911 2675 2983 baptisterium
2723 2918 2859 2969 ante
2898 2915 3323 2985 processionem
3379 2921 3607 2986 transit,

1964 3004 2021 3057 et
2067 3007 2375 3071 postquam
2426 3017 2528 3072 per
2575 3000 2788 3057 scalam
2838 3004 3129 3059 narthecia
3177 3007 3457 3076 ascendit,
3505 3008 3601 3063 6|

1962 3089 2157 3162 ipsum
2189 3089 2523 3147 narthecem
2554 3088 2735 3147 intrat
2762 3090 2959 3163 ibique
2982 3093 3052 3148 ad
3075 3092 3376 3151 sinistram
3402 3096 3605 3153 media

1963 3180 2163 3248 portae,
2206 3193 2334 3247 qua
2381 3193 2414 3233 a
2462 3176 2638 3232 scalis
2685 3177 2865 3246 ducit,
2912 3178 2970 3235 in
3022 3179 3160 3235 sella
3208 3197 3385 3239 aurea
3422 3184 3604 3255 sedet,

1963 3282 2151 3337 usque
2180 3266 2319 3320 dum
2352 3266 2684 3338 patriarcha
2719 3283 2853 3322 cum
2887 3270 3257 3339 processione
3285 3273 3601 3344 advenerit,

1961 3358 2325 3426 exspectans.
2376 3356 2496 3420 Quo
2541 3356 2709 3422 facto,
2759 3356 2902 3412 dum
2950 3360 3276 3415 veneranda
3323 3377 3459 3417 crux
3504 3378 3606 3434 per

194 3452 407 3523 πύλης,
440 3448 807 3525 ἐκδεχόμενος
857 3448 1054 3524 μέχρις
1105 3447 1166 3503 ἂν
1213 3443 1495 3523 καταλάϐῃ
1527 3449 1556 3503 6
1586 3447 1847 3523 πατριάρ-

1972 3444 2264 3501 sinistram
2297 3448 2521 3512 portam
2562 3443 2727 3499 scalas
2768 3444 3107 3516 ingressura
3136 3455 3244 3514 est,
3276 3450 3466 3520 surgit
3493 3451 3604 3507 im-

195 3563 306 3620 χης
338 3540 478 3615 μετά
508 3540 690 3608 λιτῆς.
720 3540 821 3595 Καὶ
864 3538 1060 3593 τούτου
1099 3538 1391 3613 γινομένου
1421 3537 1509 3592 καὶ
1544 3536 1851 3611 μέλλοντος

193 3636 290 3687 τοῦ
351 3628 543 3703 τιμίου
600 3632 832 3701 σταυροῦ
892 3627 1231 3702 εἷσέρχεσθαι
1277 3630 1378 3697 τήν
1427 3626 1705 3700 εὑώνυμον
1744 3630 1852 3681 τῶν

194 3718 521 3797 γραδηλίων
577 3715 780 3789 πύλην,
834 3715 1109 3773 ἀνίσταται
1158 3718 1186 3771 6
1244 3714 1519 3792 βασιλεὺς,
1554 3716 1646 3770 καὶ
1695 3715 1852 3771 ἀνελ-

195 3808 386 3870 θόντος
418 3812 518 3863 τοῦ
550 3807 894 3881 πατριάρχου
922 3807 990 3861 τὰ
1016 3802 1317 3881 γραδήλια,
1348 3804 1645 3879 ἀπέρχεται
1689 3805 1717 3859 ὁ
1752 3804 1853 3880 βα-

196 3897 387 3960 σιλεὺς
428 3896 564 3969 μετά
607 3899 707 3951 τοῦ
753 3895 1121 3971 πατριάρχου,
1167 3894 1257 3949 καὶ
1307 3895 1352 3931 ¹²
1392 3890 1639 3948 ’ίστανται
1670 3892 1851 3973 ἀμφό-

192 4008 349 4063 τεροι
380 3985 436 4041 έν
468 3989 549 4057 τῷ
581 3982 726 4056 ούδῷ
759 3987 806 4021 ¹³
845 3988 953 4040 τῶν
1008 3982 1308 4059 βασιλικῶν
1334 3981 1546 4051 πυλῶν,
1579 3984 1667 4037 καὶ
1699 3983 1727 4037 6
1758 3983 1852 4056 μὲν

198 4076 463 4153 βασιλεὺς
496 4075 635 4150 ἅψας
660 4074 865 4150 κηροὺς
898 4071 1139 4149 εὔχεται,
1172 4074 1200 4128 ὁ
1233 4070 1291 4129 δὲ
1323 4072 1673 4149 πατριάρχης
1702 4070 1854 4129 τελεῖ

193 4169 295 4236 τὴν
344 4165 521 4240 εύχήν
575 4170 676 4233 τῆς
735 4160 947 4219 εἰσόδου
1000 4169 1101 4233 τῆς
1154 4164 1299 4227 θείας
1348 4162 1710 4238 λειτουργίας,
1760 4162 1850 4217 καὶ

197 4255 491 4328 εύξάμενος
524 4255 553 4309 6
586 4251 843 4330 βασιλεὺς
871 4250 1153 4308 ἐπιδίδωσι
1193 4252 1260 4308 τὰ
1308 4252 1475 4327 κηρία
1502 4253 1582 4324 τῷ
1612 4272 1851 4326 πραιπο-

198 4347 351 4418 σίτῳ·
387 4342 737 4413 τελεσθείσης
770 4340 827 4397 δὶ
856 4341 946 4397 καὶ
990 4349 1092 4412 τῆς
1144 4342 1319 4417 εὐχῆς
1353 4344 1418 4413 ιθ,
1469 4346 1761 4415 προσκυνεῖ
1787 4341 1850 4396 τὸ

198 4435 473 4509 ἄχραντον
526 4429 862 4509 Εύαγγέλιον
923 4429 1013 4485 καὶ
1060 4429 1153 4486 τὸν
1206 4429 1392 4503 τίμιον
1448 4432 1695 4505 σταυρόν.
1746 4429 1850 4487 Καὶ

198 4517 609 4595 ἐπιλαϐομένου
638 4524 735 4575 τοῦ
771 4518 1043 4594 βασιλέως
1070 4525 1173 4589 τῆς
1220 4520 1410 4594 χειρὸς
1449 4520 1546 4575 τοῦ
1586 4520 1851 4595 πατριάρ-

203 4632 322 4686 χου,
356 4609 676 4684 διέρχονται
723 4610 884 4683 μέσον
933 4612 1030 4664 τοῦ
1076 4612 1207 4664 ναοῦ
1254 4609 1344 4664 καὶ
1393 4606 1482 4663 διὰ
1528 4611 1626 4677 τῆς
1674 4605 1847 4678 δεξιᾶς

1965 3536 2211 3605 perator,
2244 3536 2301 3586 et
2332 3533 2681 3587 ascendente
2713 3534 3038 3602 patriarcha
3078 3552 3181 3607 per
3216 3537 3457 3605 scalam,
3490 3540 3604 3596 im-

1963 3625 2190 3692 perator
2218 3637 2352 3675 cum
2386 3620 2716 3691 patriarcha
2746 3623 2983 3689 recedit,
3015 3629 3072 3679 et
3102 3627 3272 3681 ambo
3304 3627 3360 3682 in
3403 3627 3606 3686 limine

1959 3709 2462 3784 imperatoriarum
2499 3713 2791 3778 portarum
2834 3712 3183 3782 subsistunt,
3217 3715 3313 3770 ubi
3352 3716 3606 3788 impera-

1958 3805 2051 3857 tor
2079 3799 2311 3872 quidem
2358 3813 2493 3853 cum
2524 3799 2788 3855 accensis
2819 3802 3000 3857 cereis
3038 3808 3323 3874 precatur,
3357 3806 3603 3878 patriar-

1958 3890 2072 3947 cha
2111 3896 2303 3944 autem
2334 3901 2531 3958 preces
2569 3886 2842 3944 introitus
2873 3890 3054 3946 divini
3083 3892 3257 3948 ofﬁcii
3290 3894 3513 3963 recitat,
3546 3900 3605 3952 et

1959 3986 2225 4051 precatus
2274 3975 2589 4047 imperator
2616 3993 2810 4034 cereos
2841 3981 3150 4051 praeposito
3179 3982 3357 4039 tradit
3389 4000 3401 4038 :
3439 3984 3603 4040 ﬁnita

1959 4067 2310 4141 precatione,
2355 4069 2621 4121 sanctum
2669 4067 3043 4139 Evangelium
3093 4087 3157 4126 ac
3207 4074 3601 4131 venerandam

1959 4174 2187 4214 crucem
2228 4156 2449 4211 adorat.
2482 4153 2615 4211 Mox
2646 4158 3032 4227 patriarcham
3068 4176 3241 4216 manu
3296 4162 3604 4233 prehendit

1959 4263 2194 4319 unaque
2222 4261 2353 4301 cum
2385 4259 2451 4299 co
2494 4259 2593 4315 per
2643 4246 2897 4304 medium
2929 4248 3212 4322 templum
3245 4254 3303 4306 et
3332 4252 3599 4310 dextrum

1958 4335 2227 4393 ambonis
2269 4333 2425 4389 latus
2469 4334 2686 4389 soleam
2736 4336 2936 4403 intrat,
2968 4342 3027 4393 et
3056 4339 3127 4394 ad
3158 4356 3350 4396 sacras
3386 4341 3600 4411 januas

1960 4425 2269 4495 progressi,
2301 4425 2630 4496 patriarcha
2668 4423 3015 4491 sacrarium,
3060 4444 3221 4499 neque
3250 4446 3317 4485 ac
3347 4431 3601 4502 impera-

1957 4521 2068 4585 tor,
2120 4518 2430 4585 postquam
2482 4517 2751 4584 precatus
2805 4517 2895 4568 est
2941 4519 2999 4569 et
3046 4530 3242 4572 cereos
3293 4519 3599 4590 praeposito

1963 4604 2143 4669 dedit,
2188 4603 2534 4673 ingreditur.
2585 4600 2919 4657 Sacrarium
2976 4602 3334 4676 ingressum,
3386 4613 3601 4664 metro-

198 4699 433 4776 πλαγίας
465 4704 563 4754 τοῦ
613 4692 870 4771 ἄμϐωνος
917 4697 1259 4777 εἰσέρχονται
1306 4700 1361 4752 ἐν
1409 4701 1479 4771 τῇ
1525 4696 1729 4768 σωλέᾳ,
1758 4696 1886 4767 καὶς

1972 4694 2152 4770 politae
2182 4696 2417 4747 sanctas
2441 4691 2655 4760 juanas
2691 4706 2791 4760 pro
2825 4706 2983 4746 more
3013 4692 3317 4763 inclinant,
3351 4700 3408 4752 et
3439 4702 3599 4767 post-

200 4789 547 4845 ἀπελθόντων
582 4786 749 4866 μέχρι
795 4790 901 4843 τῶν
950 4786 1089 4863 ἁγίω
1121 4788 1322 4861 θυρῶν,
1368 4787 1397 4842 6
1451 4787 1544 4861 μὲν
1578 4786 1843 4862 πατριάρ-

1972 4799 2131 4859 [nam
2163 4796 2362 4837 cruces
2392 4781 2475 4836 eis
2506 4779 2710 4835 afﬁxas
2734 4779 3016 4851 adoravit,
3042 4785 3362 4839 sacrarium
3398 4786 3596 4853 intrat,

1553 4936 1797 4993 VARI/ﬁ
1835 4930 2245 4991 LECTIONES.

268 5068 310 5104 “
342 5061 779 5139 δηρέγευομένων
814 5061 964 5139 cod.,
998 5066 1053 5119 et
1086 5078 1215 5120 mox
1248 5057 1501 5139 δέχονται
1531 5061 1690 5117 αὑτὸν
1723 5059 1801 5117 ἐκ.
1881 5061 1926 5099 ¹²
1955 5060 2021 5115 τὰ
2054 5053 2416 5135 γραδήΑια-
2445 5054 2812 5130 πατριάρχου,
2845 5054 2933 5108 καὶ
2965 5072 3080 5113 om.
3114 5057 3203 5113 ed.
3285 5056 3327 5091 ¹³
3371 5061 3438 5131 τῇ
3490 5054 3601 5129 ὁδῷ

198 5138 280 5194 ed.
364 5131 500 5189 ¹⁴’δὶ
528 5131 628 5203 τῆς
659 5131 828 5208 εὐχῆς
858 5136 947 5192 ed.

1221 5280 1423 5339 JOAN.
1464 5282 1612 5339 JAC.
1655 5278 1924 5337 REISKII
1962 5276 2556 5337 COMMENTARIUS.

195 5410 478 5479 deserere.
516 5403 869 5479 Psuloﬂante
905 5408 1103 5479 tamen
1138 5422 1194 5479 p.
1237 5406 1443 5479 59,,ait
1489 5404 1840 5479 βαστάζοντερ

195 5476 507 5554 διστράλια,
565 5477 860 5554 φοροῦντες
907 5473 998 5554 an?
1045 5473 1454 5554 :exou‘rc'rpza
1489 5473 1844 5554 ἀὐτῶνπυδὶ

200 5546 497 5625 βαστάζειν
518 5546 718 5621 pdtihs
750 5548 1015 5601 videatur
1045 5546 1155 5604 dici
1203 5546 1473 5605 debuisse
1514 5548 1583 5603 de
1614 5548 1796 5604 scutis
1830 5564 1844 5615 ;

1954 5404 2069 5460 nisi
2099 5405 2243 5458 forte
2265 5414 2590 5473 nonAmanu
2622 5415 2690 5454 ea
2713 5398 3081 5473 lihrav_erint,_
3091 5399 3150 5452 et
3170 5390 3394 5473 librata
3422 5401 3611 5469 gesta-

1954 5476 2162 5541 verint,
2197 5472 2295 5529 sed
2326 5488 2357 5526 e
2386 5469 2526 5526 loris
2554 5469 2944 5542 dependentia
2971 5485 3038 5525 ex
3068 5468 3369 5524 humeris.
