4126 6314
425 266 539 326 327

1502 259 2032 322 CONSTANTINI
2077 261 2771 322 POBPHYBOGENITI

3711 253 3845 314 323

423 397 811 468 precatusque
838 393 1150 450 instratum
1175 393 1328 450 sacri
1355 391 1574 460 altaris,
1603 396 1669 447 ut
1690 392 1858 460 solet,
1877 395 2061 448 mutat

2181 411 2290 467 χης
2323 391 2626 466 εἰσέρχεται
2671 388 2746 452 εἷς
2795 389 2858 444 τὸ
2912 385 3319 460 θυσιαστήριον,
3379 384 3407 437 6
3467 380 3523 438 δὲ
3565 383 3837 459 βασιλεὺς

423 485 592 556 eique
624 483 1033 555 apocombium
1065 482 1329 552 imponit,
1362 485 1571 537 etcum
1605 479 1935 551 patriarcha
1965 497 2069 552 per

427 573 695 630 dextrum
727 570 965 628 sacrarii
1006 570 1157 626 latus
1187 570 1256 626 ad
1299 574 1528 625 sanctas
1561 569 1778 639 januas
1817 569 2067 626 bematis

427 662 696 720 discedit.
732 665 954 720 Interea
999 659 1325 731 patriarcha
1373 658 1445 714 ad
1475 659 1888 715 celebrandum
1921 660 2065 715 divi-

426 769 569 810 num
603 752 858 808 ofﬁcium
900 751 960 808 in
991 749 1244 806 sacrario
1277 752 1494 816 manet,
1525 748 1841 822 imperator
1869 753 2065 806 autem

425 842 561 898 inde
616 855 910 912 egressus,
966 855 1064 910 per
1122 837 1274 894 latus
1319 839 1575 911 gynaecei
1634 839 1864 909 transit,
1924 840 2065 895 dum

425 931 653 986 interim
704 928 934 999 patricii
977 937 1136 984 extra
1180 931 1405 1000 portam
1439 927 1686 985 cochlea
1732 944 1866 985 cum
1915 933 2067 986 stra-

423 1019 590 1092 tegis,
623 1017 1052 1085 cerimoniario,
1095 1017 1435 1073 silentiariis
1492 1026 1545 1074 et
1601 1021 1830 1089 senatu,
1875 1019 2067 1075 fausta

423 1103 759 1175 imperatori
790 1104 1262 1175 apprecantibus,
1294 1105 1553 1162 adstant.

2179 479 2468 554 εὐξάμενος
2511 483 2601 537 καὶ
2649 478 2870 544 ἐπιδοὺς
2919 478 2997 552 τῷ
3045 476 3390 553 πραιποσίτῳ
3433 474 3560 538 τοὺς
3589 476 3830 549 κηροὺς,

2177 569 2498 645 εἰσέρχεται·
2547 569 2736 627 Ἡνίκα
2783 567 2841 623 δὲ.
2893 566 3085 641 μέλλει
3139 566 3474 641 εἰσέρχεσθαι
3509 563 3583 626 εἷς
3627 564 3689 618 τὸ
3724 564 3827 617 θυ-

2177 663 2515 735 σιαστήριον,
2565 659 2943 736 έπιῤῥέπουσιν
3003 659 3055 713 οἱ
3117 655 3520 730 μητροπολῖται
3567 655 3704 709 κατᾶ
3756 653 3829 710 τὸ

2174 742 2292 811 ἔθος
2322 751 2387 805 τὰ
2419 750 2544 824 ἆγια
2576 748 2733 824 θύρια
2786 749 2922 823 πρὸς
2973 747 3062 802 τὸν
3115 745 3362 822 βασιλέα,
3395 743 3482 799 καὶ
3512 745 3831 819 προσκυνή-

2175 859 2269 900 σας
2320 839 2347 892 ὁ
2402 838 2654 913 βασιλεὺς
2697 839 2824 902 τοὺς
2873 836 2952 892 ἐπ’
3003 835 3190 897 αὐταῖς
3228 835 3613 910 πεπαρμένους
3662 853 3834 886 σταυ-

2176 925 2327 999 ροὺς,
2375 927 2679 1003 εἰσέρχεται
2723 928 2798 990 εἰς
2852 928 2914 981 τὸ
2954 927 3357 999 θυσιαστήριον,
3401 922 3491 980 καὶ
3535 921 3838 996 εὐξάμενος

2177 1015 2490 1087 ὑπαλλάξας
2541 1018 2640 1087 τήν
2687 1016 2843 1091 ἂγίαν
2896 1014 3184 1088 τράπεζαν,
3235 1014 3309 1076 ὡς
3373 1013 3600 1068 εἴθισται
3651 1011 3833 1083 αὐτῷ,

2173 1105 2383 1176 τίθησιν
2417 1105 2500 1161 ἐπ’
2532 1106 2670 1180 αὐτῇ
2718 1099 3067 1177 ἀποκόμϐιον
3113 1104 3203 1158 γαὶ
3249 1100 3522 1178 διέρχεται
3559 1101 3694 1175 μετὰ
3721 1105 3828 1156 τοῦ

422 1190 764 1268 πατριάρχου
804 1188 893 1246 διὰ
937 1197 1037 1261 τῆς
1086 1189 1328 1267 πλαγίας
1376 1197 1473 1246 τοῦ
1523 1191 1909 1264 θυσιαστηρίου
1957 1192 2017 1248 ἐκ
2064 1191 2253 1265 δεξιῶν
2307 1197 2474 1272 μέχρι
2521 1201 2630 1251 τῶν
2691 1195 2859 1273 ἁγίων
2927 1197 3102 1269 θυρῶν
3156 1198 3252 1248 τοῦ
3321 1195 3594 1267 βήματος.
3646 1193 3744 1246 Καὶ
3796 1192 3828 1246 6

423 1281 519 1354 μὲν
562 1280 913 1354 πατριάρχης
965 1279 1110 1353 μένει
1159 1279 1209 1334 ἐν
1255 1284 1334 1352 τῷ
1381 1281 1752 1355 θυσιαστηρίῳ
1795 1281 1933 1356 πρὸς
1982 1282 2044 1337 τὸ
2091 1281 2368 1338 ἐκτελέσαι
2412 1285 2514 1354 τήν
2565 1284 2710 1348 θείαν
2761 1283 3128 1356 Λειτουργίαν,
3179 1283 3206 1335 ὁ
3257 1277 3312 1335 δὲ
3367 1279 3620 1355 βασιλεὺς
3668 1277 3832 1349 ἐξελ-

417 1370 524 1433 θὼν
579 1368 640 1424 ἐκ
680 1373 776 1424 τοῦ
827 1369 1216 1442 θυσιαστηρίου
1262 1365 1535 1443 διέρχεται
1589 1367 1678 1423 διὰ
1723 1375 1824 1438 τῆς
1872 1369 2112 1445 πλαγίας
2157 1376 2254 1426 τοῦ
2310 1372 2641 1446 γυναικίτου,
2674 1373 2727 1427 οἱ
2777 1369 2835 1426 δὲ
2883 1371 3158 1447 πατρίκιοι
3187 1368 3438 1424 ἵστανται
3483 1362 3676 1440 ἔξωθεν
3723 1374 3833 1437 τῆς

415 1456 593 1524 πύλης
645 1460 742 1519 τῆς
797 1456 1117 1532 εἶσαγούσης
1159 1457 1236 1520 εἰς
1283 1459 1376 1512 τὸν
1425 1456 1661 1532 κοχλιὰν
1717 1460 1852 1532 μετὰ
1897 1464 2242 1537 στρατηγῶν,
2292 1468 2392 1532 τῆς
2438 1462 2813 1522 καταστάσεώς
2865 1481 2920 1516 τε
2967 1461 3058 1515 καὶ
3109 1457 3508 1532 σιλεντιαρίων,
3543 1457 3676 1531 μετά
3721 1464 3832 1527 τῆς

417 1547 726 1623 συγκλήτου
758 1547 1188 1621 ὓπερευχόμενοι
1218 1546 1309 1601 τὸν
1345 1545 1593 1620 βασιλέα.

488 1637 582 1692 IV.
616 1637 738 1703 Hic,
776 1655 808 1692 a
839 1637 1122 1708 praefectis
1153 1637 1408 1693 cubiculi
1441 1642 1497 1694 et
1526 1637 1918 1709 imperatoriis
1950 1637 2061 1693 mi-

2241 1640 2312 1696 A'.
2361 1641 2420 1698 Ὀ
2471 1636 2527 1694 δὲ
2575 1639 2850 1714 βασιλεὺς,
2897 1637 3320 1716 δηριγευόμενος
3353 1637 3456 1692 ὑπὸ
3486 1657 3543 1692 τε
3580 1642 3689 1692 τῶν
3720 1635 3827 1712 ἀρ-

417 1725 624 1782 nistris
671 1726 947 1797 stipatus,
981 1743 1080 1796 per
1124 1731 1409 1783 secretam
1458 1727 1756 1784 cochleam
1800 1727 2062 1784 ascendit

413 1819 471 1871 et
499 1814 808 1888 capellam,
840 1815 937 1870 ubi
968 1819 1024 1871 et
1053 1815 1310 1872 divinam
1339 1814 1639 1889 liturgiam
1670 1815 1941 1886 celebrat,
1972 1815 2064 1871 in-

412 1903 695 1978 greditur,
728 1904 950 1977 ibique,
974 1905 1023 1961 si
1054 1904 1166 1977 ipsi
1199 1905 1404 1977 placet,
1429 1904 1848 1978 patriarcham,
1876 1921 2064 1978 usque

416 1997 558 2051 dum
580 1997 836 2066 tempus,
855 2011 969 2065 quo
992 2011 1204 2050 mensae
1227 1995 1539 2062 accumbit,
1555 1994 2062 2067 appropinquavit,

416 2087 714 2158 exspectat
748 2101 762 2140 :
793 2084 885 2140 sin
918 2084 1137 2154 minus,
1169 2100 1273 2156 per
1311 2084 1776 2152 catechumenia,
1809 2101 1842 2140 a
1890 2083 2064 2140 dictis

416 2174 687 2246 stipatus,
720 2174 932 2230 transit
957 2189 1251 2246 suumque
1287 2173 1620 2230 cubiculum
1653 2175 1817 2245 petit.
1843 2179 2065 2246 Appro-

412 2263 739 2336 pinquante
786 2263 1030 2320 convivii
1063 2267 1350 2336 tempore,
1387 2262 1593 2319 iisdem
1626 2261 2063 2329 comitantibus,

409 2370 440 2410 e
471 2353 744 2410 cubiculo
767 2355 841 2410 ad
864 2353 1326 2422 catechumenia,
1349 2355 1452 2410 ubi
1480 2362 1534 2410 et
1552 2354 1886 2411 veneranda
1909 2369 2068 2409 men-

415 2459 480 2498 sa
509 2460 616 2498 sua
647 2447 788 2512 stat,
827 2442 1107 2514 procedit.
1135 2443 1237 2498 62
1273 2443 1583 2499 Invitatum
1634 2444 1704 2498 ad
1739 2442 2063 2498 convivium

419 2531 811 2602 patriarcham
861 2530 1110 2602 prafecti
1143 2530 1410 2586 cubiculo
1451 2547 1582 2586 cum
1623 2531 1994 2588 cubiculariis
2034 2547 2067 2586 a

421 2619 699 2674 mandato
727 2617 788 2674 in
821 2618 1072 2685 cochlea,
1100 2635 1200 2688 per
1228 2635 1404 2690 quam
1439 2619 1694 2688 primum
1727 2619 2064 2691 imperator,

423 2712 734 2779 antequam
783 2708 1174 2780 processionis
1220 2714 1458 2779 tempus
1495 2712 1752 2778 venerat,
1786 2711 2066 2764 ascende-

421 2802 534 2866 rat,
557 2798 853 2869 excipiunt
873 2812 1126 2869 eumque
1149 2812 1252 2870 per
1278 2797 1699 2854 catechumena
1728 2798 2024 2854 adducunt
2051 2813 2065 2852 :

422 2887 725 2960 ingressus
773 2902 905 2943 cum
938 2887 1289 2958 imperatore
1317 2890 1609 2943 versatur.
1643 2887 1864 2942 latrant
1892 2886 2067 2942 etiam

418 2977 750 3032 sacerdotes
780 2983 833 3031 et
866 2975 1124 3032 stichum
1166 2975 1410 3042 faciunt,
1442 2980 1792 3048 acceptoque
1815 2976 2066 3047 patriar-

417 3066 538 3124 chas
585 3067 946 3139 omophorio,
991 3070 1243 3135 exeunt;
1292 3066 1606 3138 imperator
1644 3071 1702 3122 et
1745 3065 2067 3137 patriarcha

416 3171 630 3212 mensae
661 3157 941 3212 assident.
967 3155 1074 3222 Qui
1106 3157 1415 3225 postquam
1447 3155 1649 3222 semel,
1672 3159 1736 3211 ut
1764 3154 1906 3226 ipsis
1937 3171 2064 3212 mos

416 3248 524 3312 est,
556 3247 761 3316 potum
806 3257 1133 3314 sumpsere,
1169 3243 1387 3298 intrant
1435 3242 1628 3309 amici,
1675 3243 2063 3314 omnibusque

417 3348 633 3390 mensae
680 3332 893 3388 ritibus
941 3329 1202 3400 servatis,
1249 3334 1497 3402 surgunt
1544 3334 1600 3387 et
1641 3331 2058 3402 egrediuntur;

415 3438 550 3478 mox
589 3421 906 3493 imperator
942 3436 1173 3492 quoque
1221 3422 1278 3475 et
1307 3419 1654 3490 patriarcha,
1687 3420 1787 3491 qui
1836 3434 2064 3476 reman-

390 3513 630 3579 serant,
653 3527 686 3566 a
707 3509 988 3578 convivio,
1013 3513 1315 3580 postquam
1339 3508 1532 3564 adhuc
1554 3507 1732 3564 semel
1757 3509 2055 3578 biberunt,

411 3603 680 3671 surgunt.
730 3599 826 3655 Sic
885 3594 1262 3670 posteaquam
1314 3613 1377 3654 se
1422 3597 1668 3654 invicem
1719 3599 2055 3665 adorarunt,

408 3687 740 3761 patriarcha
792 3688 1104 3759 egreditur,
1132 3703 1308 3758 quem
1365 3686 1439 3742 ad
1489 3687 1704 3742 dictam
1762 3686 2056 3743 cochleam

411 3777 667 3849 praefecti
696 3777 960 3832 cubiculo
990 3777 1346 3832 conducunt.
1374 3775 1696 3848 Imperator
1726 3793 1758 3832 a
1788 3775 2057 3832 cubiculo

409 3865 694 3937 praefectis
748 3869 805 3920 et
862 3865 1250 3935 imperatoriis
1310 3864 1598 3920 ministris
1655 3865 1930 3936 stipatus,
1982 3865 2054 3920 ad

410 3970 583 4010 suum
629 3953 968 4011 cubiculum
999 3953 1133 4020 abit,
1168 3959 1398 4023 tempus
1437 3953 1824 4023 processionis
1854 3970 2056 4024 exspe-

409 4047 595 4098 ctans.
645 4045 767 4109 Quo
820 4041 1342 4114 appropinquante,
1391 4057 1422 4096 e
1481 4040 1748 4098 cubiculo
1815 4059 1924 4098 suo
1982 4043 2053 4098 ad

408 4132 827 4188 catechumena
849 4147 1026 4202 super
1046 4131 1452 4200 imperatorias
1476 4133 1668 4199 portas
1691 4130 1832 4198 abit,
1856 4131 2055 4201 ibique

407 4227 644 4288 vestem,
673 4236 848 4292 quam
881 4219 988 4274 hoc
1017 4218 1258 4275 induere
1290 4217 1433 4274 festo
1465 4217 1626 4287 solet,
1661 4219 1878 4274 sumit:
1913 4237 2054 4290 prae-

410 4308 636 4379 positus
665 4309 870 4363 tiaram
906 4306 1082 4378 capiti
1115 4307 1238 4377 ejus
1267 4307 1537 4378 imponit,
1568 4307 1694 4378 ipse
1720 4324 1752 4363 a
1784 4307 2052 4366 cubiculo

2177 1728 2392 1802 χόντιον
2434 1733 2530 1784 τοῦ
2560 1724 2951 1784 κουϐουκλείου
2997 1729 3085 1784 καὶ
3135 1733 3244 1782 τῶν
3299 1724 3595 1803 βασιλικῶν
3625 1727 3830 1781 οἰκεια-

2175 1821 2308 1888 κῶν,
2341 1817 2627 1893 ἀνέρχεται
2658 1815 2746 1873 διά
2790 1823 2886 1873 τοῦ
2923 1822 3190 1891 μυστικοῦ
3237 1816 3476 1895 κοχλιοῦ
3529 1815 3616 1870 καὶ
3648 1815 3828 1888 εἰσερ-

2393 1907 2407 1928 9
2524 1907 2538 1926 \
2957 1907 2970 1924 ἢ
3269 1905 3293 1924 Ἰ
3494 1905 3507 1923 \
3593 1907 3607 1923 ι

2175 1926 2330 1982 χεται
2364 1928 2441 1971 εις
2485 1929 2548 1963 το
2594 1928 3010 1982 παρακυπτικον
3073 1910 3208 1981 (36),
3267 1918 3393 1971 ενθα
3421 1927 3510 1961 και
3549 1927 3646 1974 την
3681 1905 3831 1960 θείαν

2176 1992 2521 2072 λειτουργίαν
2577 1995 2746 2052 τελεῖ·
2807 1995 2896 2051 καὶ
2955 1997 3000 2050 εἰ
3062 1997 3156 2069 μὲν
3213 1993 3426 2051 κελεύει
3465 1997 3492 2050 6
3541 1991 3826 2070 βασιλεὺς,

2176 2083 2457 2160 ἐκδέχεται
2509 2083 2678 2140 ἐκεῖσε
2725 2085 2815 2140 τὸν
2864 2085 3235 2160 πατριάρχην,
3290 2081 3487 2160 μέχρις
3537 2083 3594 2138 ἂν
3652 2103 3826 2138 κατα-

2176 2167 2320 2246 λάϐῃ
2353 2177 2449 2228 τοῦ
2480 2169 2807 2246 ἀκουμϐίσαι
2841 2176 2955 2246 (37)
2985 2173 3144 2227 αὐτὸν
3193 2172 3243 2228 έν
3296 2176 3360 2246 τῇ
3392 2170 3649 2247 τραπέζῃ,
3683 2169 3730 2225 εἴ
3766 2167 3826 2224 δὲ

2179 2263 2254 2335 μή
2288 2282 2372 2338 γε,
2403 2260 2677 2339 διέρχεται
2700 2259 2789 2316 διά
2816 2267 2925 2317 τῶν
2954 2260 3436 2338 κατηχουμενίων,
3463 2258 3822 2337 δηριγευόμε-

2175 2370 2266 2412 νος
2323 2350 2425 2405 ὑπὸ
2497 2355 2603 2405 τῶν
2662 2352 3068 2427 πρειρημένων,
3127 2350 3218 2406 καὶ
3277 2350 3570 2425 ἀπέρχεται
3632 2347 3681 2402 έν
3741 2352 3824 2420 τῷ

2175 2443 2397 2494 κοιτῶνι
2431 2437 2612 2494 αὐτοῦ.
2655 2439 2844 2497 Ἡνίκα
2894 2437 2950 2494 6‘s
2996 2433 3280 2512 καταλάϐῃ
3309 2440 3336 2492 6
3365 2442 3460 2493 τοῦ
3503 2437 3828 2511 κλητωρίου

2176 2527 2383 2601 καιρὸς,
2431 2525 2707 2602 ἐξέρχεται
2747 2528 2774 2580 ὁ
2828 2526 3085 2602 βασιλεὺς
3135 2526 3240 2582 ἀπὸ
3287 2531 3383 2582 τοῦ
3431 2530 3694 2589 κοιτῶνος
3723 2525 3825 2580 αὖ·

2174 2618 2292 2683 τοῦ,
2328 2612 2754 2691 δηριγευόμενος
2787 2615 2874 2670 ὑπ’
2907 2615 3100 2686 αὐτῶν,
3148 2615 3238 2671 καὶ
3287 2616 3584 2693 ἀπέρχεται
3618 2613 3669 2669 ἓν
3701 2618 3822 2676 τοῖς

2175 2704 2659 2778 κατηχουμενίοις,
2709 2703 2761 2758 ἐν
2805 2706 2887 2766 οἷς
2929 2704 3019 2759 καὶ
3067 2707 3101 2774 ἡ
3153 2706 3314 2778 τιμία
3343 2704 3578 2780 τράπεζα
3602 2701 3826 2758 ’ίσταται

2178 2793 2366 2849 αὐτοῦ.
2427 2800 2525 2848 Και
2583 2790 2650 2861 δὴ
2709 2787 3115 2856 καταλαϐόντος
3173 2798 3270 2849 τοῦ
3327 2792 3674 2868 πατριάρχου
3714 2791 3826 2847 ἀπὸ

2175 2880 2594 2956 προσκλήσεως,
2639 2878 2888 2955 δέχονται
2940 2880 3096 2936 αὐτὸν
3143 2879 3410 2957 ἄρχοντες
3441 2885 3538 2936 τοῦ
3573 2875 3820 2936 κουϐου-

2176 2969 2368 3025 κλείου
2413 2969 2548 3042 μετά
2587 2966 3061 3045 κουϐικουλαρίων
3097 2971 3140 3006 ¹⁵
3179 2971 3284 3025 ἀπὸ
3331 2968 3630 3031 κελεύσεως
3661 2968 3712 3025 ὲν
3742 2974 3826 3043 τῷ

2177 3058 2404 3134 κοχλιᾷ,
2451 3057 2520 3114 δι’
2570 3060 2632 3114 οὗ
2672 3059 2906 3129 ἀνῆλθεν
2951 3062 2977 3116 ὁ
3023 3060 3281 3136 βασιλεὺς
3325 3060 3376 3116 ἐν
3428 3062 3671 3137 πρώτοις
3717 3063 3829 3136 πρὸ

2171 3153 2269 3205 τοῦ
2319 3147 2645 3204 καταλαϐεῖν
2698 3151 2796 3219 τὴν
2867 3148 3050 3223 λιτὴν,
3105 3151 3196 3206 καὶ
3244 3153 3609 3231 ἀποφέρουσιν
3660 3151 3824 3208 αὐτὸν

2171 3235 2259 3293 διὰ
2289 3239 2395 3294 τῶν
2425 3240 2883 3318 κατηχουμένων,
2914 3243 3002 3295 καὶ
3045 3238 3303 3296 εἰσελθὼν
3337 3243 3545 3296 ἑνοῦται
3592 3245 3670 3315 τῷ
3719 3242 3817 3318 βα-

2170 3325 2335 3384 σιλεῖ.
2368 3325 2726 3401 Είσέρχονται
2776 3326 2832 3382 δὲ
2887 3329 2978 3382 καὶ
3027 3329 3079 3383 o't
3129 3330 3290 3404 ἱερεῖς
3337 3329 3426 3385 καὶ
3466 3335 3688 3386 ποιοῦσι
3722 3332 3819 3387 τὸν

2170 3417 2383 3491 στίχον,
2409 3416 2499 3472 καὶ
2533 3412 2789 3480 λαϐόντες
2839 3417 2890 3474 οἱ
2929 3417 3082 3473 αὐτοὶ
3131 3421 3294 3493 ἱερεῖς
3325 3424 3424 3475 τοῦ
3467 3421 3817 3498 πατριάρχου

2166 3506 2228 3561 τὸ
2258 3506 2601 3585 ὠμοφόριον,
2630 3504 2966 3582 ἐξέρχονται,
2998 3508 3088 3561 καὶ
3127 3508 3445 3578 καθέζονται
3489 3509 3816 3588 ἀμφότεροι,

2167 3593 2196 3651 ὅ
2252 3616 2310 3650 τε
2372 3594 2624 3670 βασιλεὺς
2673 3595 2761 3650 καὶ
2821 3596 2848 3650 ὁ
2900 3599 3274 3672 πατριάρχης,
3330 3595 3381 3652 ἒν
3430 3601 3498 3672 τῇ
3544 3598 3808 3673 τραπέζῃ.

2167 3685 2409 3740 Πιὸντων
2440 3681 2496 3739 δὲ
2527 3685 2602 3746 ὡς
2650 3681 2877 3739 εἷ’θισται
2915 3684 3099 3748 αὐτοῖς
3147 3686 3282 3760 πρὸς
3333 3687 3490 3758 ἅπαξ,
3537 3686 3818 3765 εἰσέρχον-

2161 3795 2250 3830 ται
2283 3775 2334 3829 οἱ
2367 3772 2541 3853 φίλοι,
2593 3775 2684 3828 καὶ
2732 3774 2909 3844 πάσης
2959 3781 3060 3844 τῆς
3107 3779 3203 3830 τοῦ
3250 3780 3543 3849 τραπεζίου
3586 3775 3816 3832 ἀκολου-

2165 3864 2279 3928 θίας
2352 3863 2715 3934 τελεσθείσης.
2784 3862 3097 3919 ἀνίσταντάι
3156 3865 3244 3919 καὶ
3324 3863 3658 3944 ἐξέρχονται,
3716 3867 3808 3922 καὶ

2167 3955 2314 4025 μένει
2345 3956 2372 4008 6
2408 3952 2662 4027 βασιλεὺς
2695 3954 2829 4027 μὲτᾶ
2874 3958 2970 4009 τοῦ
3018 3956 3364 4030 πατριάρχου
3395 3954 3446 4010 ἐν
3481 3961 3559 4029 τῷ
3588 3955 3819 4027 κλητω-

2165 4041 2285 4115 ρίῳ,
2315 4043 2532 4104 πιόντες
2575 4039 2630 4096 δὲ
2677 4042 2846 4098 πάλιν
2881 4043 3180 4122 ἀμφότεροι
3212 4045 3346 4120 πρὸς
3378 4044 3535 4115 ἃπαξ,
3567 4045 3815 4101 ἀνίσταν-

2161 4149 2270 4186 ται.
2311 4131 2450 4186 Εἶτα
2494 4134 2962 4205 προσκυνήσαντες
3007 4131 3295 4203 ἀλλήλους
3329 4134 3358 4188 6'
3386 4155 3445 4189 τε
3471 4136 3517 4170 ιδ
3560 4135 3815 4211 βασιλεὺς

2159 4217 2301 4273 καὶὸ
2329 4219 2699 4296 πατριάρχης,
2732 4221 2760 4275 6
2808 4221 2902 4294 μὲν
2950 4223 3300 4302 πατριάρχης
3348 4222 3650 4300 ἐξέρχεται,
3699 4222 3817 4280 δια-

2162 4308 2398 4377 σώζουσι
2449 4307 2506 4364 δὲ
2536 4309 2698 4364 αὐτὸν
2747 4311 3009 4388 ἄρχοντες
3061 4316 3158 4366 τοῦ
3214 4308 3610 4369 κουϐουκλείου
3644 4315 3811 4390 μέχρι

410 4396 684 4467 stipatus,
707 4394 920 4450 dictam
944 4395 1362 4452 occidentalem
1395 4395 1692 4452 cochleam
1726 4397 1904 4468 subit,
1936 4413 2057 4455 om-

2171 4401 2260 4454 τοῦ
2289 4397 2695 4472 προειρημένου
2738 4398 3004 4473 κοχλιοῦ.
3051 4405 3112 4458 Ὀ
3162 4399 3218 4456 δὲ
3253 4402 3504 4476 βασιλεὺς
3536 4401 3814 4480 δηριγευό-

407 4501 512 4542 nes
568 4500 699 4540 vero
755 4484 815 4539 in
875 4484 1030 4555 sagis
1090 4485 1398 4558 purpureis
1454 4485 1515 4542 in
1573 4486 1848 4543 narthece
1894 4496 2050 4544 extra

405 4571 656 4632 cochleae
687 4576 912 4646 portam
955 4590 1073 4632 una
1111 4590 1244 4631 cum
1285 4575 1570 4647 praefectis
1609 4575 1882 4633 cubiculo
1913 4593 2047 4634 eum

2163 4508 2322 4561 μενος
2354 4488 2456 4543 ὑπὸ
2485 4492 2592 4542 τῶν
2637 4488 2919 4564 ἀρχόντων
2964 4494 3062 4545 τοῦ
3093 4486 3485 4548 κουϐουκλείου
3523 4494 3612 4548 καὶ
3651 4495 3810 4569 βασι-

2159 4574 2331 4632 λικῶν
2381 4574 2695 4650 οἶκειακῶν,
2743 4577 3040 4653 ἀπέρχεται
3108 4578 3160 4635 ἐν
3208 4585 3292 4654 κῷ
3333 4586 3560 4637 κοιτῶνι
3613 4583 3804 4655 αὐτοῦ,

1747 4741 1988 4799 νΑιιιΑς
2029 4743 2444 4802 LECTIONES.

477 4863 523 4899 ¹⁵
550 4856 1024 4936 κουϐικουλαρίων
1055 4865 1122 4923 Ρι.
1155 4881 1223 4922 ex
1252 4867 1593 4940 compendio
1625 4868 1774 4938 cod.,
1805 4861 2271 4943 κουϐικουλαρίου
2301 4871 2395 4926 ed.
2473 4867 2520 4903 ¹⁸
2547 4887 2606 4922 τε
2636 4885 2754 4927 om.
2787 4870 2878 4927 ed.

1411 5009 1611 5066 JOAN.
1650 5011 1790 5070 JAC.
1835 5012 2105 5070 REISKII
2146 5011 2742 5070 COMMENTARIUS.

475 5172 590 5245 (36)
638 5171 825 5245 supra
863 5171 988 5242 jam
1029 5172 1116 5243 egi
1160 5172 1230 5229 de
1268 5170 1377 5227 hac
1407 5187 1606 5245 Avoce._
1632 5172 1716 5229 Cl.
1767 5173 2056 5245 interpres

407 5241 500 5316 hic
527 5241 816 5316 capellam
843 5241 1031 5311 vertit,
1065 5241 1221 5316 quod
1254 5259 1368 5316 non
1401 5243 1747 5315 improbem.
1780 5241 2056 5316 Quamvis

408 5314 562 5369 enim
596 5314 849 5388 proprie
890 5314 1204 5388 fenestram,
1248 5314 1399 5388 unde
1452 5314 1719 5388 prospici,
1752 5324 1804 5388 et
1852 5315 2056 5388 despici

409 5386 926 5457 queal,signiﬁcct,
979 5387 1177 5456 procul
1228 5387 1405 5441 dubio
1453 5386 1646 5441 tamen
1686 5386 1765 5441 ibi
1811 5387 2050 5457 capella,

408 5456 904 5530 oratoriumuerat,
939 5459 996 5514 in
1028 5474 1142 5530 quo
1173 5458 1492 5530 imperator
1521 5457 1716 5530 divino
1744 5456 1925 5513 cultui
1957 5474 2052 5514 va-

403 5531 584 5579 caret.
622 5527 808 5601 Facile
841 5529 949 5585 hoc
978 5527 1288 5601 intelligat,
1321 5530 1422 5601 qui
1465 5529 1791 5601 Lipsienseﬁs
1823 5533 2052 5601 nostras

405 5609 605 5650 sacras
626 5599 776 5653 aedes
806 5609 859 5654 et
891 5602 946 5656 in
981 5602 1051 5658 iis
1081 5599 1427 5659 numerosas
1444 5599 1697 5673 capellas
1716 5599 1944 5657 viderit.
1972 5601 2052 5657 De

2165 5175 2404 5247 capellis
2432 5175 2548 5249 vid.
2572 5174 2658 5249 Du
2689 5174 2882 5249 Gange
2909 5175 3096 5249 Gloss.
3130 5177 3252 5249 Lat.
3286 5176 3344 5235 h.
3379 5195 3433 5234 v.

2236 5243 2357 5324 (37)_
2388 5245 2600 5324 Sci|.m6
2649 5243 2974 5324 καιρὸὶτοῦ
3017 5243 3584 5324 ἀκουμϐίσαικαυῑίο
3625 5251 3808 5324 καιρὸς

2165 5313 2303 5394 dicite
2334 5313 2688 5394 ἆκουμϐίσαι.
2724 5313 2790 5359 '—
2821 5313 3176 5390 Frequenter
3206 5323 3336 5377 novi
3358 5313 3549 5377 (ἀπ’φοί
3580 5325 3678 5375 τοῦ
3707 5313 3805 5394 pro

2162 5384 2302 5465 ᾤστε
2325 5384 2547 5465 ponunt
2582 5391 2652 5445 ad
2687 5405 2908 5465 morem
2943 5384 3275 5448 sanctorum
3304 5384 3806 5465 evangelistarum,

2161 5460 2281 5516 imo
2315 5463 2510 5531 potius
2530 5461 3063 5536 vetustissjmorum
3086 5469 3143 5536 et
3165 5460 3515 5536 optimorum
3540 5460 3806 5536 quorum;

2161 5529 2636 5657 ggeﬁucttorum,
2657 5533 2758 5604 qui
2788 5529 2926 5586 ὥστε
2955 5538 3059 5591 aut
3085 5529 3240 5590 ἕνεκᾶ
3261 5529 3804 5608 subintelligendum

2340 5619 2418 5657 un
2451 5641 2466 5656 .

2160 5617 2466 5658 omittunt.
