4126 6314
204 267 311 328 329
1038 265 1143 325 DE
1189 260 1650 325 CERIMONIIS
1693 262 1868 325 AUL.

1979 262 2438 328 ΒΥΖΑΝἸῚΝίΕ
2479 269 2628 329 LIB.
2675 269 2723 330 Ι.
3499 287 3617 348 330

208 396 566 472 ἐκδεχόμενος
596 397 694 451 τὸν
724 395 934 470 καιρόν.
968 390 1378 456 Καταλαϐόντος
1420 391 1476 447 δὲ
1521 396 1618 448 105
1666 396 1858 467 καιροῦ⁹

1979 395 2285 468 excipiunt.
2334 399 2706 472 Praepositus,
2749 403 2914 474 signo
2953 407 3026 463 ab
3065 410 3414 480 imperatore
3457 416 3613 482 dato,

209 492 300 553 τῆς
331 486 739 560 προελεύσεως,
783 484 1058 564 ἐξέρχεται
1102 485 1206 540 ἀπὸ
1244 488 1340 540 105
1388 487 1648 543 κοιτῶνος
1697 483 1863 537 αὐτοῦ

1979 485 2380 543 cerimoniario
2403 491 2627 561 annuit,
2661 492 2712 548 is
2744 493 2887 550 dicit
2921 513 2932 551 :
2968 519 2996 547 «
3026 498 3249 554 Jubete.
3283 522 3311 550 »

211 578 261 634 ἒν
287 584 401 640 τοῖς
445 575 920 652 κατηχουμενίοις
964 577 1189 651 ὕπερθεν
1232 581 1332 644 τῆς
1382 578 1492 628 τῶν
1542 571 1843 647 βασιλικῶν
1887 571 2079 628 πυλῶν
2127 577 2214 629 καὶ
2263 577 2601 635 ὕπαλλάσσει
2649 582 2747 650 τήν
2807 585 3030 655 στολήν,
3075 584 3142 655 ἤν
3183 588 3409 644 εἳθισται
3463 594 3612 662 αὐτῷ

213 669 260 724 έν
297 667 470 741 ταύτῃ
526 671 599 740 τῇ
654 667 824 740 έορτῇ
881 659 1336 740 περιϐεϐλῆσθαι.
1395 663 1491 716 Καὶ
1550 658 1736 716 λαϐὼν
1795 661 1822 715 ὁ
1878 662 2238 735 πραιπόσιτος
2285 668 2384 736 τήν
2434 671 2622 746 τιάραν
2676 674 2739 744 ¹“¹,
2795 671 3098 744 ἐπιτίθησιν
3152 676 3317 748 αὐτὴν
3366 678 3458 734 ἐπὶ
3515 658 3616 750 τὴν

210 755 447 834 κεφαλὴν
480 758 578 810 105
613 753 907 829 βασιλέως,
940 754 1029 809 καὶ
1061 751 1487 828 δηριγευόμενος
1521 751 1549 804 6
1581 750 1836 825 βασιλεὺς
1871 750 1975 804 ὑπὸ
2025 753 2141 822 (38)
2191 759 2286 808 τοῦ
2334 754 2758 832 κουϐουκλείου,
2810 762 3130 838 κατέρχεται
3180 767 3281 821 ὑπὸ
3331 773 3432 823 τοῦ
3479 790 3620 844 προ-

213 841 505 920 ειρημένου
543 841 767 898 δυτικσῦ
813 841 1075 918 κοχλιοῦ,
1123 840 1352 902 ἅπαντες
1400 839 1456 894 δὲ
1505 839 1681 893 αὐτῶν
1729 838 1835 892 ἀπὸ
1891 839 2091 914 σαγίων
2145 842 2446 914 ἀληθινῶν,
2496 847 2585 901 καὶ
2638 848 2894 926 δέχονται
2951 853 3112 908 αὐτὸν
3162 852 3213 909 ἓν
3265 862 3346 928 τῷ
3391 838 3617 932 νάρθηκι

205 935 395 1004 ἔξωθεν
439 940 542 1002 τῆς
591 929 776 1002 πύλης
820 935 916 986 τοῦ
967 930 1131 986 αὐτοῦ
1178 929 1417 1004 κοχλιοῦ
1463 928 1722 988 ὡσαύτως
1771 927 1862 981 καὶ
1915 927 1967 980 οἱ
2015 931 2112 981 105
2160 927 2558 990 κουϐουκλείου
2630 936 2916 1013 ἄρχοντες.
2988 943 3086 996 Καὶ
3136 927 3327 1000 λαϐὼν
3372 927 3541 1019 νεῦμα
3589 949 3618 1001 ὁ

209 1023 573 1097 πραιπόσιτος
603 1021 750 1095 παρᾶ
771 1025 868 1076 1o5
899 1019 1192 1096 βασιλέως,
1220 1019 1358 1074 νεύει
1388 1023 1468 1090 τῷ
1499 1025 1598 1086 τῆς
1630 1017 2028 1084 καταστάσεως,
2051 1018 2294 1081 κάκεῖνος
2330 1020 2499 1097 λέγει’
2539 1046 2564 1078 α
2599 1024 2914 1085 Κελεύσατε.
2950 1053 2979 1081 ››

277 1115 364 1170 Ε’.
398 1113 500 1167 Καὶ
544 1109 968 1188 δηριγευόμενος
1012 1110 1100 1165 ὑπ’
1151 1108 1322 1164 αότῶν
1357 1110 1384 1163 ὁ
1420 1106 1675 1183 βασιλεὺς
1717 1106 1865 1179 ἐξέρ-

212 1223 369 1277 χεται
396 1203 500 1270 τὴν
533 1201 694 1255 οὖσαν
727 1201 864 1272 πρὸς
895 1200 962 1254 τὰ
1004 1196 1280 1273 γραδήλια
1324 1199 1491 1270 μέσην
1535 1194 1716 1265 πύλην
1767 1198 1864 1250 105

209 1295 486 1366 νάρθηκος
517 1289 856 1346 καὶῖππεύει
886 1287 1057 1343 ἐκεῖσε
1088 1287 1168 1364 ἐφ’
1194 1286 1367 1341 ’ίππου
1418 1285 1614 1341 λευκοῦ
1660 1283 1864 1357 ἐστρω-

213 1383 378 1456 μένου
420 1381 529 1437 ὑπὸ
571 1379 942 1456 σελοχαλίνου
995 1376 1202 1452 χρυσοῦ
1245 1374 1497 1431 διαλίθου
1548 1377 1864 1450 χειμευτοῦ,

211 1470 598 1548 ἠμφιεσμένου
639 1470 745 1524 ἀπὸ
798 1469 1116 1544 μαργάρων,
1165 1467 1218 1522 οἱ
1260 1463 1318 1518 δὲ
1367 1463 1554 1519 λοιποὶ
1606 1464 1864 1538 ἄρχοντες

209 1561 535 1616 ἱππεύουσιν
569 1555 670 1631 ἔξω
712 1565 811 1628 τῆς
867 1554 1070 1627 πύλης.
1120 1557 1209 1612 Ἐν
1254 1553 1312 1608 δὲ
1358 1557 1427 1626 τῇ
1475 1549 1716 1624 περιόδῳ
1768 1550 1865 1605 τοῦ

214 1648 492 1725 βασιλέως
530 1647 766 1702 τελεῖται
809 1649 842 1715 ἡ
891 1652 990 1715 τῆς
1040 1642 1412 1719 προελεύσεως
1460 1640 1606 1714 τάξις
1658 1640 1760 1694 ὑπὸ
1811 1660 1866 1694 τε

209 1744 318 1795 τῶν
378 1737 633 1816 ἐφίππων
691 1736 784 1791 καὶ
827 1740 1005 1803 πεζῶν
1057 1732 1315 1794 ὡσαύτως
1364 1731 1453 1786 καὶ
1500 1735 1607 1785 τῶν
1663 1735 1864 1803 μερῶν,

212 1829 267 1884 ὅν
316 1829 526 1903 τρόπον
571 1827 826 1901 ἀνωτέρω
876 1829 945 1898 τῇ
996 1821 1220 1898 δευτέρᾳ
1264 1829 1364 1891 τῆς
1445 1819 1864 1892 διακαινησίμου

211 1924 318 1974 τῶν
351 1916 550 1992 Ἀγίων
583 1911 935 1973 Ἀποστόλων
965 1911 1055 1968 ἐπὶ
1096 1911 1280 1984 λεπτῷ
1322 1909 1623 1983 έξεθέμεθα.
1675 1908 1866 1978 Ἐξελ-

216 2009 408 2072 θόντος
446 2004 504 2060 δέ
535 2009 632 2061 105
665 2003 935 2078 βασιλέως
976 2001 1027 2056 έν
1074 2005 1143 2074 τῇ
1192 1999 1358 2073 πύλῃ,
1410 1997 1461 2053 έν
1591 1996 1865 2076 διέρχεται

216 2095 266 2151 έν
301 2097 508 2169 ἑκάστῃ
560 2092 902 2169 προελεύσει,
948 2093 1118 2167 ἤγουν
1166 2092 1235 2163 τῇ
1287 2087 1418 2162 οὔσῃ
1464 2089 1598 2163 πρὸς
1647 2088 1865 2161 ἄρκτον,

218 2183 471 2260 δέχονται
505 2183 668 2238 αὐτὸν
713 2180 886 2236 ἒκεῖσε
933 2179 984 2234 ἒν
1029 2180 1268 2254 πρώτοις
1317 2178 1344 2231 ὁ
1395 2174 1713 2249 δομέστικος
1757 2178 1866 2229 τῶν

218 2274 445 2348 σγολῶν
497 2273 633 2346 μετά
679 2275 778 2326 105
842 2273 1133 2344 περατικοῦ
1185 2265 1367 2340 δήμου
1431 2271 1539 2319 τῶν
1609 2262 1864 2331 Βενέτων,

217 2361 506 2419 ἐπιδίδωσι
542 2360 600 2416 δὲ
630 2355 986 2432 λιϐελλάριον
1017 2361 1095 2428 τῷ
1147 2353 1385 2430 βασιλεῖ,
1438 2358 1618 2429 φορῶν
1667 2351 1863 2428 χλανί-

219 2451 335 2508 διον
366 2452 412 2488 ίδ
441 2451 662 2506 Βένετον
698 2459 1127 2524 χρυσοϋφαντον,
1158 2444 1246 2500 καὶ
1279 2441 1532 2512 διασώζει
1563 2443 1654 2496 τὸν
1709 2443 1864 2516 βασι-

218 2544 314 2600 λέα
344 2544 409 2598 τὸ
439 2542 572 2598 αὐτὸ
609 2542 772 2615 μέρος
808 2541 1099 2614 μέχριτοῦ
1143 2535 1458 2606 έξακιονίου.
1494 2535 1556 2591 Ὀ
1597 2532 1654 2588 δὲ
1701 2531 1866 2605 δομέ-

217 2653 402 2695 στικος
432 2636 540 2686 τῶν
594 2624 963 2684 ἐκσκουϐίτωγ
1017 2626 1149 2700 μετὰ
1195 2629 1292 2678 105
1343 2626 1635 2698 περατικοῦ
1684 2618 1865 2693 δήμου

216 2729 322 2777 τῶν
357 2721 647 2794 Πρασίνων
681 2715 930 2793 δέχονται
956 2716 1049 2771 τὸν
1083 2711 1313 2790 βασιλέα
1341 2711 1394 2768 ἐν
1439 2716 1518 2784 τῷ
1564 2710 1864 2782 έξακιονίῳ,

218 2813 303 2866 καὶ
340 2806 682 2870 ἐπιδιδόντος
711 2812 809 2862 105
853 2803 1202 2880 δημοκράτου
1248 2797 1628 2875 λιϐελλάριον,
1663 2797 1868 2854 διασώ-

219 2909 401 2971 ζουσιν
432 2899 596 2953 αὐτὸν
631 2895 795 2971 μέχρι
828 2902 928 2965 τῆς
966 2895 1222 2967 μονήτας·
1267 2895 1426 2970 φορεῖ
1465 2887 1524 2944 δὲ
1566 2890 1652 2944 καὶ
1695 2890 1723 2943 6
1765 2885 1864 2958 δη-

219 2989 508 3064 μοκράτης
550 2982 790 3064 χλανίδα
831 2982 1090 3058 Πράσινον
1139 2992 1545 3059 χρυσοϋφαντον
1595 2976 1731 3034 κατὰ
1768 2978 1866 3046 τήν

219 3078 520 3152 ἀναλογίαν
552 3077 665 3147 (39)
697 3077 794 3130 τοῦ
837 3073 1032 3149 μέρους
1064 3073 1108 3108 ¹⁹
1136 3069 1326 3127 αὐτοῦ.
1371 3067 1466 3122 Καὶ
1499 3070 1595 3136 τῆς
1645 3065 1867 3121 πολιτι-

217 3175 317 3236 κῆς
346 3168 410 3222 τὸ
447 3165 613 3239 μέρος
646 3166 753 3218 τῶν
787 3159 1064 3236 Πρασίνων
1109 3155 1359 3233 δέχονται
1395 3157 1489 3213 ,τὸν
1538 3153 1767 3229 βασίλέα
1812 3154 1864 3208 έν

2045 1109 2113 1166 V.
2147 1111 2403 1183 Stipatus
2435 1116 2508 1171 ab
2533 1116 2680 1187 ipsis
2712 1119 3048 1193 imperator,
3078 1140 3180 1194 per
3208 1126 3457 1182 mediam
3491 1143 3620 1183 nar-

1975 1198 2162 1256 thecis
2187 1207 2433 1272 portam,
2462 1205 2638 1261 scalis
2671 1209 3017 1280 proximam,
3039 1213 3176 1279 exit,
3207 1221 3263 1270 et
3292 1215 3371 1270 ibi
3400 1232 3615 1286 equum

1949 1287 2197 1356 album,
2233 1308 2430 1360 aureo,
2470 1295 2722 1365 gemmis
2751 1300 2809 1351 et
2836 1301 3171 1370 margaritis
3217 1308 3421 1359 ornato
3453 1305 3616 1360 albo-

1975 1392 2087 1446 que
2117 1378 2390 1451 ephippio
2421 1381 2796 1452 instructum,
2834 1388 3172 1443 conscendit
3199 1405 3212 1442 :
3246 1390 3453 1463 reliqui
3479 1409 3618 1462 pras-

1975 1467 2107 1522 fecti
2137 1471 2299 1524 extra
2329 1475 2550 1541 portam
2591 1475 2760 1546 equis
2784 1477 3096 1534 vehuntur.
3129 1482 3356 1536 Interea
3385 1497 3616 1550 proces-

1975 1555 2157 1612 sionis
2185 1559 2324 1615 ordo
2371 1565 2493 1616 tum
2525 1563 2597 1618 ab
2639 1564 2711 1619 iis
2755 1566 2855 1635 qui
2889 1568 3077 1638 equis,
3119 1572 3241 1625 tum
3292 1571 3364 1626 ab
3403 1571 3472 1626 iis
3516 1571 3616 1642 qui

1975 1646 2223 1718 pedibus
2253 1651 2591 1718 procedunt,
2613 1669 2778 1724 aeque
2808 1671 2874 1709 ac
2894 1673 2925 1709 a
2957 1656 3328 1726 factionibus,
3357 1659 3618 1716 observa-

1975 1742 2088 1804 tur,
2123 1740 2187 1791 ut
2216 1754 2390 1808 supra
2419 1739 2490 1796 de
2525 1742 2780 1796 secunda
2817 1742 2909 1797 die
2936 1745 3272 1816 septimanae
3305 1749 3621 1804 renovatio-

1976 1825 2066 1880 nis
2106 1833 2440 1883 sanctorum
2490 1830 2887 1901 apostolorum
2919 1833 3174 1890 breviter
3216 1838 3616 1907 exposuimus.

1976 1913 2388 1984 Imperatorem
2429 1918 2652 1974 scilicet
2690 1921 2761 1974 ad
2807 1929 3028 1990 portam
3061 1939 3163 1994 per
3193 1941 3368 1994 quam
3402 1925 3462 1980 in
3493 1927 3620 1981 sin-

1973 2003 2126 2073 gulis
2163 2006 2634 2075 processionibus
2666 2010 2896 2079 prodire
2925 2011 3093 2080 solet,
3125 2028 3228 2068 seu
3264 2015 3617 2084 septentrio-

1975 2089 2188 2157 nalem,
2221 2092 2322 2147 08
2362 2109 2688 2164 egressum,
2729 2095 3023 2167 imprimis
3063 2099 3394 2156 scholarum
3429 2102 3621 2157 dome-

1974 2179 2176 2249 sticus,
2221 2182 2479 2238 tunicam
2509 2187 2802 2251 )Venetam
2848 2203 2989 2242 auro
3034 2187 3314 2244 intextam
3356 2195 3616 2262 gestans,

1975 2282 2107 2322 cum
2149 2270 2488 2326 transitoria
2517 2273 2862 2329 Venetorum
2903 2276 3077 2332 turba
3105 2278 3338 2348 excipit,
3371 2281 3422 2335 ei
3451 2277 3618 2335 libel-

1973 2354 2098 2410 lum
2130 2357 2327 2426 tradit,
2358 2363 2416 2414 et
2456 2360 2626 2416 factio
2657 2363 2859 2417 eadem
2892 2365 2963 2419 ad
2995 2364 3401 2422 hexacionium
3434 2367 3618 2438 impe-

1974 2450 2221 2499 ratorem
2261 2446 2592 2502 comitatur.
2639 2449 3002 2506 Domesticus
3037 2453 3439 2509 excubitorum
3485 2471 3618 2510 cum

1974 2532 2306 2589 transitoria
2337 2535 2710 2594 Prasinorum
2749 2539 2920 2596 turba
2963 2539 3376 2612 imperatorem
3418 2543 3478 2597 in
3518 2542 3620 2596 be-

1972 2621 2236 2678 xacionio
2267 2623 2497 2694 excipit,
2528 2634 2582 2682 et
2619 2632 2931 2700 postquam
2962 2629 3014 2686 ei
3053 2629 3324 2685 tribunus
3354 2630 3617 2686 libellum

1974 2709 2234 2778 tradidit,
2267 2711 2465 2783 ipsum
2496 2715 2567 2768 ad
2610 2720 2904 2772 monetam
2937 2733 3123 2788 usque
3153 2719 3477 2774 comitatur.
3501 2719 3623 2774 Tri-

1973 2796 2169 2853 bunus
2230 2799 2358 2871 ipse
2421 2802 2680 2860 tunicam
2746 2805 3048 2862 Prasinam
3112 2823 3254 2862 auro
3317 2807 3620 2874 intextam,

1975 2891 2236 2958 respectu
2268 2889 2339 2944 ad
2373 2906 2540 2946 suam
2574 2892 2882 2949 factionem
2907 2894 3128 2961 habito,
3153 2899 3361 2966 gestat.
3391 2895 3620 2951 Politici

1975 2974 2245 3032 factionis
2292 2976 2550 3036 Prasinaa
2599 2982 3011 3054 imperatorem
3063 2983 3122 3038 in
3183 2989 3421 3040 moneta
3466 2986 3621 3041 exci-

1975 3065 2159 3136 piunt,
2212 3067 2315 3124 ubi
2355 3070 2706 3126 demarchus
2753 3072 3016 3129 libellum
3067 3073 3401 3145 imperatori
3433 3075 3619 3143 oll'ert,

1976 3168 2228 3227 eumque
2252 3157 2427 3214 factio
2457 3160 2661 3216 eadem
2693 3162 2764 3216 ad
2797 3162 3046 3233 primam
3078 3177 3368 3218 cameram
3400 3163 3620 3219 xerolo-

216 3224 547 3330 τέμονήὶτῃι,
595 3252 682 3305 καὶ
735 3224 1046 3304 ἐπιδίδωσιν
1099 3248 1127 3301 6
1173 3224 1476 3320 δήμαρχος
1525 3249 1604 3316 τῷ
1651 3242 1867 3318 βασιλεῖ

1979 3243 2078 3312 phi
2111 3224 2395 3317 perducit,
2429 3248 2663 3305 tribuno
2706 3224 2969 3306 tunicam
3002 3249 3303 3306 Prasinam
3337 3255 3618 3323 gestante.

219 3342 578 3421 λιὸελλάριον
610 3340 699 3396 καὶ
731 3339 985 3408 διασώζει
1015 3338 1108 3392 τὸν
1147 3333 1374 3410 βασιλέα
1419 3334 1480 3388 τὸ
1530 3331 1659 3387 αὐτὸ
1703 3332 1866 3407 μέρος

219 3431 388 3510 μέχρι
416 3440 519 3501 τῆς
552 3432 778 3506 πρώτης
817 3428 1066 3502 καμάρας
1108 3429 1205 3481 105
1255 3422 1590 3501 ξηρὸλόφου,
1640 3424 1870 3510 φοροῦν-

219 3507 438 3586 τος-*τοῦ
473 3518 770 3594 δημάρχου
803 3513 1040 3592 χλανίδα
1066 3513 1358 3590 Πράσινον.
1392 3511 1496 3568 Καὶ
1530 3518 1628 3580 τῆς
1650 3507 1867 3565 πολιτι-

217 3619 317 3682 κῆς
344 3611 410 3666 τὸ
445 3611 610 3685 μέρος
654 3609 701 3644 ²⁰
741 3610 851 3662 τῶν
903 3603 1140 3661 Βενέτων
1190 3600 1445 3677 δέχονται
1494 3600 1588 3654 τὸν
1643 3597 1872 3674 βασιλέα

220 3701 271 3756 ὲν
303 3707 373 3774 τῇ
405 3684 629 3772 καμάρα
655 3701 752 3752 105
803 3693 1117 3770 ξηρολόφου
1165 3694 1235 3762 ³1,
1285 3693 1584 3768 φοροῦντος
1627 3691 1724 3742 105
1772 3684 1873 3756 δη-

223 3794 448 3866 μάρχου
487 3785 726 3866 χλανίδα
780 3783 1032 3855 Βέτετον,
1092 3779 1379 3838 ἐπιδίδωσι
1425 3777 1482 3834 δὲ
1528 3781 1606 3851 τῷ
1659 3776 1874 3853 βασιλεῖ

220 3877 611 3954 λιϐελλάριον,
643 3878 734 3932 καὶ
769 3874 1127 3944 διασώζουσιν
1155 3871 1206 3925 οἱ
1233 3873 1331 3925 105
1367 3869 1561 3942 μέρους
1590 3867 1682 3922 τὸν
1719 3868 1872 3941 βασι-

219 3970 319 4027 λέα
355 3973 529 4045 μέχρι
559 3974 659 4037 τῆς
693 3966 863 4040 μέσης
910 3967 1007 4018 105
1057 3959 1395 4039 ξηρολόφοψ
1438 3963 1538 4028 τῆς
1574 3955 1876 4045 πολιτικῆς

218 4061 280 4116 τὸ
316 4044 482 4137 μέρος
514 4061 562 4095 ³³
587 4061 695 4112 τῶν
723 4055 1012 4130 Πρασίνων
1046 4049 1297 4125 δέχονται
1321 4048 1413 4103 τὸν
1447 4044 1671 4122 βασιλέα
1719 4044 1770 4099 ἐν
1803 4049 1872 4118 τῇ

225 4149 360 4223 μέσῃ
390 4135 395 4137 ν
422 4151 521 4203 105
566 4145 878 4221 ξηρολόφου
926 4142 1014 4197 καὶ
1066 4137 1421 4208 διασώζουσιν
1487 4136 1651 4191 αὐτὸν
1683 4135 1874 4223 ⁸μέχρι

221 4219 314 4293 105
335 4219 506 4312 βοός.
537 4219 648 4304 Τῆς
675 4219 975 4299 πολιτικῆς
1004 4231 1067 4284 τὸ
1093 4229 1260 4304 μέρος
1286 4231 1394 4281 τῶν
1422 4225 1654 4282 Βενέτων
1681 4219 1875 4301 δέχον-

224 4349 311 4383 ται
337 4328 433 4382 τὸν
471 4323 699 4401 βασιλέα
728 4323 780 4377 έν
811 4325 890 4394 τῷ
925 4318 1018 4394 βοΐ
1053 4318 1143 4374 καὶ
1189 4313 1516 4384 διασώζουσι
1568 4313 1735 4388 μέχρι
1781 4315 1878 4367 105

225 4396 618 4489 ἆμαστριανοῦ,
651 4411 744 4467 καὶ
788 4408 1003 4484 δέχεται
1047 4407 1218 4462 ἐκεῖσε
1265 4406 1293 4458 ὁ
1334 4396 1694 4488 ,ἐκσκούϐιτος
1743 4399 1879 4471 μετὰ

225 4510 316 4560 105
345 4508 645 4578 περατικοῦ
683 4501 878 4574 μέρους
915 4503 1023 4552 τῶν
1080 4495 1387 4570 Πρασίνων,
1436 4492 1525 4548 καὶ
1575 4489 1879 4560 διασώζου-

1978 3330 2202 3388 Politici
2251 3335 2472 3391 Venetae
2523 3337 2815 3404 factionis,
2869 3340 3036 3408 cujus
3095 3339 3368 3411 princeps
3416 3339 3620 3396 habitu

1977 3421 2202 3482 Veneto
2240 3424 2491 3496 insignis
2520 3430 2629 3496 est,
2662 3426 3068 3495 imperatorem
3100 3426 3159 3482 in
3200 3444 3428 3483 camera
3455 3445 3622 3483 xero-

1977 3515 2138 3590 lopbi
2168 3513 2404 3585 excipit,
2436 3514 2488 3568 ei
2528 3513 2792 3570 libellum
2823 3514 3020 3582 tradit,
3063 3515 3385 3570 factionarii
3424 3520 3618 3572 autem

1980 3605 2056 3662 ad
2086 3603 2345 3660 medium
2371 3601 2672 3674 xerolophi
2704 3602 3077 3658 comitantur.
3115 3603 3335 3658 Politici
3366 3603 3618 3660 Prasinae

1983 3695 2042 3750 in
2082 3693 2272 3749 media
2307 3690 2607 3760 xerolophi
2645 3698 2948 3763 exceptum
2984 3693 3054 3746 ad
3086 3691 3274 3747 forum
3315 3692 3481 3746 bovis
3520 3693 3619 3748 de-

1983 3784 2226 3840 ducunt.
2269 3779 2354 3834 Ibi
2401 3794 2532 3835 eum
2580 3778 2798 3852 politici
2838 3779 3194 3836 Venetorum
3234 3780 3530 3850 excipiunt
3565 3786 3622 3836 et

1983 3873 2054 3929 ad
2087 3867 2510 3927 amastrianum
2543 3884 2731 3940 usque
2759 3868 3002 3938 ducunt,
3036 3869 3134 3924 ubi
3160 3884 3294 3926 eum
3324 3869 3623 3925 excubitor

1983 3974 2115 4015 cum
2155 3954 2494 4012 transitoria
2542 3955 2920 4011 Prasinorum
2968 3955 3139 4012 turba
3185 3953 3399 4026 excipit
3452 3959 3508 4011 et
3555 3957 3622 4012 ad

1984 4045 2454 4120 pbiladelphium
2485 4060 2669 4116 usque
2701 4045 3096 4117 prosequitur.
3130 4043 3484 4100 Transitoria
3514 4044 3626 4100 Ve-

1985 4141 2120 4194 neta
2170 4135 2584 4207 imperatorem
2633 4134 2693 4188 in
2745 4132 3141 4205 philadelphio
3187 4133 3403 4204 excipit
3451 4137 3508 4188 et
3554 4134 3625 4188 ad

1987 4224 2246 4281 modium
2279 4223 2460 4292 ducit,
2493 4223 2592 4279 ubi
2626 4238 2760 4279 eum
2793 4222 3014 4294 politici
3042 4222 3299 4278 Prasinaa
3335 4221 3630 4293 excipiunt

1986 4319 2044 4370 et
2087 4314 2157 4368 ad
2198 4317 2428 4366 taurum
2485 4312 2733 4376 ducunt,
2794 4312 2950 4367 unde
2995 4311 3229 4384 politica
3279 4311 3629 4366 Venetorum

1988 4401 2164 4459 factio
2205 4401 2276 4455 ad
2320 4401 2594 4455 tabernas
2640 4399 2919 4470 pistorum
2963 4400 3295 4455 comitatur.
3356 4400 3451 4455 Sic
3497 4415 3630 4455 eum

1987 4506 2156 4563 porro
2202 4489 2448 4545 Prasina
2504 4488 2674 4544 factio
2734 4489 2804 4542 ad
2857 4491 3070 4557 torum,
3129 4488 3368 4560 politica
3413 4488 3632 4544 Veneta

231 4616 304 4649 σιν
354 4594 522 4648 αὐτὸν
584 4592 751 4665 μέχρι
807 4593 904 4644 105
962 4581 1344 4666 φιλαδελφίουο
1399 4586 1504 4637 τῶν
1567 4584 1868 4656 περατικῶν

1982 4583 2057 4639 ad
2087 4581 2421 4655 pratorium
2443 4585 2501 4636 et
2523 4596 2724 4636 rursus
2756 4580 2828 4635 ad
2859 4580 3133 4652 millium,
3157 4581 3373 4637 Veneta
3399 4581 3635 4652 politica

234 4689 410 4758 μερῶν
443 4683 493 4720 ²³
523 4679 762 4739 Βενέτων
807 4676 1059 4753 δέχονται
1105 4676 1196 4730 τὸν
1253 4670 1480 4758 βασιλέα
1527 4670 1580 4726 ἐν
1628 4674 1708 4741 τῷ
1751 4670 1876 4746 φιλ-

230 4756 474 4848 eadem
513 4770 603 4825 καὶ
634 4767 962 4837 διασώζουσι
997 4765 1163 4839 μέχρι
1209 4764 1306 4816 105
1363 4756 1584 4833 μοδίου·
1633 4760 1735 4828 τῆς
1783 4779 1880 4814 πο-

232 4861 448 4934 λιτικῆς
480 4862 544 4918 τὸ
579 4860 745 4936 μέρος
773 4862 881 4915 τῶν
910 4854 1188 4932 Πρασίνων
1223 4849 1478 4926 δέχονται
1513 4850 1604 4905 τὸν
1653 4848 1879 4925 βασιλέα

1989 4673 2061 4730 ad
2131 4687 2419 4729 cameram
2483 4668 2630 4726 milii
2690 4669 3080 4743 prosequitur.
3131 4669 3356 4726 Politici
3429 4669 3636 4727 Veneti

1987 4760 2401 4831 imperatorem
2432 4757 2492 4814 in
2538 4757 2700 4816 milio
2731 4775 2832 4816 seu
2873 4759 2933 4814 in
2971 4775 3198 4815 camera
3243 4757 3541 4830 excipiunt
3578 4761 3636 4812 et

1989 4865 2177 4922 usque
2214 4848 2287 4904 ad
2347 4847 2542 4904 locum
2589 4864 2877 4905 marmore
2923 4847 3314 4905 incrustatum
3363 4848 3580 4902 ducunt
3617 4861 3629 4898 :

1579 4995 1828 5052 VARI/E
1870 4993 2283 5053 LECTIONES.

303 5136 346 5172 ¹⁷
384 5133 579 5208 στιάρα
622 5132 752 5208 cod.

845 5129 891 5201 if
921 5122 1210 5201 χλανίδιον
1232 5127 1304 5201 _R.
1337 5139 1406 5201 οξ
1426 5121 1806 5201 complecti”
1827 5117 2084 5201 χλανίδα.
2104 5121 2193 5177 ed.

2290 5117 2696 5204 “105-papam
2745 5120 2834 5176 ed.
2934 5119 2982 5152 ²⁰
3009 5117 3071 5171 τὸ
3121 5115 3284 5195 μέρος
3333 5115 3487 5186 conj.
3537 5120 3629 5181 R.,

233 5209 324 5260 105
359 5189 561 5279 μέρούς
593 5206 684 5261 ed.
761 5202 802 5237 ³⁸
835 5189 999 5255 αύέδῦ
1030 5199 1152 5273 ξηρ.
1183 5197 1276 5254 ed.
1354 5193 1400 5228 ²²
1426 5194 1523 5246 105
1549 5189 1746 5264 μέρους
1776 5189 1878 5246 ed"
1945 5191 1991 5227 ³³
2026 5190 2190 5265 μέρος
2220 5195 2330 5245 τῶν
2362 5189 2516 5262 conj.
2553 5189 2616 5248 Β.

1280 5336 1482 5396 JOAN.
1523 5333 1651 5390 JAC
1689 5332 1955 5392 REISKII
1992 5333 2582 5393 COMMENTARIUS.

309 5484 420 5568 <58)
453 5482 550 5568 sic
598 5482 677 5568 i2,
706 5478 903 5568 ρρςιίςφ
949 5482 1083 5568 est;
1119 5464 1891 5568 secesserant

242 5539 578 5613 moiiinl‘ra.
615 5551 934 5624 Sequentia
962 5567 1080 5607 non
1121 5545 1263 5624 satis
1294 5557 1438 5624 sana
1463 5540 1758 5624 videntur.
1791 5539 1888 5596 Ja-

241 5611 369 5684 σοιιῖ
399 5611 603 5684 tamen
637 5611 925 5678 in’codiee
953 5634 1182 5694 quoque
1213 5616 1366 5674 sicut
1392 5614 1454 5670 in
1484 5611 1762 5670 editione.

529 5754 806 5815 Panos.
847 5748 956 5809 Gn.
1004 5745 1180 5809 CXII.

2071 5468 2185 5540 (39)
2213 5465 2472 5538 Respicit
2499 5465 2611 5540 hoc
2640 5463 2714 5540 ad
2741 5455 3362 5540 ﬂpdetvov._Habebat_
3388 5458 3649 5540 tunicam

1999 5530 2267 5611 viridem,
2297 5530 2362 5593 ut
2389 5538 2576 5608 quoad
2609 5530 2860 5593 colorem
2893 5549 3011 5588 sum
3041 5530 3282 5587 factioni
3318 5530 3531 5590 similis
3562 5548 3657 5587 es-

2001 5616 2109 5668 set.

3302 5729 3370 5785 il
