4126 6314
230 301 344 362 333
1108 300 1210 360 DE
1253 298 1704 363 CERIMONIIS
1749 302 1893 363 AUI

2032 304 2512 369 ΒΥΖΑΝΤΙΝΑΞ
2557 306 2701 366 LIB.
2753 305 2800 367 Ι.
3537 313 3658 372 334

236 433 549 510 εἰσέρχεται
598 430 800 508 τάχιον
850 427 928 492 εἷς
971 429 1033 486 τὸ
1085 427 1379 504 χελάνδιον
1421 433 1535 503 (42)
1578 433 1696 505 μεθ’
1735 432 1808 486 ὦν
1837 435 1893 488 ἄν

2009 435 2388 495 chelandium
2422 440 2598 496 intrat
2627 446 2681 496 et
2711 455 2900 510 usque
2938 437 3230 495 brachiale
3258 453 3444 496 aurea
3477 449 3652 512 portae

239 519 467 591 γελεύει,
514 520 609 574 καὶ
651 519 954 597 ἀπέρχεται
1014 519 1184 593 μέχρι
1242 524 1340 574 106
1409 517 1745 594 βραχιαλίου
1801 527 1902 591 τῆς

243 613 448 687 χρυσῆς
479 608 722 685 πόρτης,
772 608 988 664 κάκεῖσε
1030 607 1260 678 ἐξελθὼν
1306 609 1411 663 ἀπὸ
1459 612 1556 664 τοῦ
1606 607 1901 685 χελανδίου

242 700 425 768 αὐτοῦ,
461 695 680 753 δίδοται
715 697 985 753 σιλέντιον
1014 699 1121 769 (43)
1154 695 1241 752 διὰ
1268 701 1364 752 τοῦ
1386 699 1770 772 παραιποσίτοι
1795 699 1900 755 ἀπὸ

241 790 542 852 κελεύσεως
601 794 722 851 τοῖς
789 787 964 844 ἒκεῖσε
1028 786 1284 864 ἄρχουσι,
1351 788 1440 844 καὶ
1519 785 1899 858 ὑπεξελθόντες

244 879 436 954 μικρὸν
474 877 725 933 ’ἰστανται
766 878 815 932 ος
857 879 1126 952 ἄρχοντες
1180 881 1278 932 106
1326 872 1743 944 κουϐουκλείου,
1795 899 1897 954 φο·

239 973 458 1043 ροῦντες
529 967 696 1042 σαγία
752 966 1010 1037 ἀληθινὰ,
1050 964 1298 1039 κυκλικῷ
1353 970 1431 1038 τῷ
1485 968 1756 1044 σχήματι·
1807 967 1895 1024 καὶ

241 1059 548 1132 εἰσέρχεται
581 1059 610 1111 6
665 1054 921 1132 βασιλεὺς
965 1055 1127 1128 μέσον
1175 1057 1223 1092 ³⁵
1277 1055 1450 1112 αὐτῶν
1504 1055 1592 1110 καὶ
1649 1057 1895 1134 στέφεται

240 1149 344 1204 ὑπὸ
374 1154 475 1205 106
504 1148 875 1223 πραιποσίτου
905 1145 997 1203 διά
1025 1147 1089 1203 τὸ
1120 1148 1290 1218 ὃλως,
1323 1148 1397 1210 ὡς
1439 1147 1694 1222 ἀνωτέρω
1740 1147 1897 1224 εἴρη-

242 1259 353 1309 ται,
412 1236 695 1314 ἔμπροσθε
760 1239 808 1274 ²⁶
868 1231 1154 1313 βαρϐἀτων
1222 1237 1298 1309 μή
1371 1236 1672 1315 στέφεσθαι·
1741 1234 1896 1292 ἕνεκα

235 1328 337 1402 γὰρ
367 1328 580 1398 ταύτης
609 1333 712 1397 τῆς
739 1325 919 1389 αἰτίας
958 1327 1058 1396 τὴν
1103 1322 1374 1395 κυκλικὴν
1416 1325 1601 1381 στάσιν
1649 1325 1896 1382 ἐκτελοῦα

238 1439 319 1472 σιν
351 1419 403 1472 οἳ
434 1417 842 1494 προῤῥηθὲντες
876 1417 1141 1494 ἄρχοντες
1185 1419 1282 1470 106
1329 1410 1744 1471 κουϐουκλείου.
1797 1415 1894 1470 Καὶ

238 1508 342 1571 εἶθ’
372 1506 552 1570 οὕτως
586 1504 800 1562 ἱππεύει
831 1505 939 1560 ἀπὸ
967 1509 1078 1561 τῶν
1108 1504 1279 1560 ἐκεῖσε
1326 1503 1431 1558 ἂπὸ
1481 1504 1892 1578 σκαραμαγγίου

240 1589 640 1670 χρυσοκλάϐου
670 1594 760 1651 καὶ
794 1591 1070 1670 διέρχεται
1104 1591 1193 1648 διὰ
1218 1596 1316 1648 τοῦ
1365 1591 1536 1648 ἐκεῖσε
1583 1591 1736 1654 ὄντος
1787 1591 1895 1648 λει-

239 1685 426 1753 μῶνος
457 1682 569 1753 (44)
601 1679 692 1734 καὶ
741 1682 836 1733 τοῦ
889 1677 1273 1753 παρατειχίου,
1323 1677 1412 1732 καὶ
1461 1676 1754 1752 ἀπέρχεται
1805 1677 1895 1750 μέ-

241 1788 338 1844 χρι
367 1776 470 1838 τῆς
504 1766 804 1843 ἐξαγούσης
849 1767 1059 1842 πόρτης
1107 1768 1355 1823 ἀπέναντι
1399 1769 1496 1834 τῆς
1543 1773 1752 1842 πηγῆς,
1802 1767 1892 1822 καὶ

237 1857 460 1934 δέχεται
492 1857 656 1914 αὐτὸν
698 1857 869 1914 ἐκεῖσε
917 1853 1018 1927 ἔξω
1063 1864 1163 1926 τῆς
1213 1856 1382 1923 αὐτῆς
1430 1857 1638 1932 πόρτης
1668 1858 1696 1912 6
1729 1853 1892 1931 δομέο

236 1969 421 2013 στικος
475 1953 586 2004 τῶν
638 1950 944 2024 νουμέρων,
986 1952 1172 2027 φορῶν
1228 1947 1419 2022 σαγίον
1460 1947 1746 2018 ἀληθινὸν,
1793 1948 1892 2021 βα-

235 2039 444 2108 στάζων
507 2037 596 2094 καὶ
651 2038 937 2111 θυμιατόν.
987 2037 1087 2093 Καὶ
1134 2037 1241 2092 ἀπὸ
1286 2040 1392 2091 τῶν
1444 2034 1616 2092 ἒκεῖσε
1653 2033 1890 2112 ἀπέρχε-

230 2148 322 2183 ται
363 2128 538 2204 μέχρι
577 2134 679 2197 τῆς
724 2126 998 2204 Παναγίας
1044 2125 1312 2182 Θεοτόκου
1349 2132 1450 2196 τῆς
1507 2131 1701 2202 Ιιηγῆς
1749 2127 1889 2199 (45),

229 2217 325 2272 καὶ
364 2218 475 2292 πρὸ
513 2221 614 2272 106
653 2215 914 2272 εἰσελθεῖν
957 2217 1050 2272 τὸν
1106 2213 1333 2291 βασιλέα
1387 2215 1487 2283 τὴν
1545 2213 1648 2284 ἔξω
1702 2212 1888 2284 πύλην

232 2307 556 2378 πεζεύουσιν
601 2305 656 2362 o'i
702 2327 763 2362 τε
810 2306 1088 2382 πατρίκιοι
1137 2305 1227 2362 καὶ
1259 2307 1294 2374 ἡ
1326 2303 1637 2380 σύγκλητος
1688 2299 1888 2377 ἅπασα,

230 2396 326 2452 καὶ
377 2393 815 2472 δηριγευόμενος
876 2395 967 2451 ὑπ’
1024 2392 1198 2450 αὐτῶν
1239 2395 1267 2450 6
1311 2391 1592 2469 βασιλεὺς,
1649 2391 1886 2463 ἔφιππος

231 2488 398 2550 υύτὸς
443 2487 639 2559 μόνος,
701 2486 1008 2562 εἰσέρχεται
1073 2485 1242 2561 μέχρι
1291 2489 1388 2540 τοῦ
1443 2482 1743 2558 λουτῆρος,
1799 2482 1890 2538 καὶ

227 2577 516 2633 κατελθὼν
549 2575 720 2632 ἐκεῖσε
758 2580 855 2632 106
898 2573 1097 2644 ἵππου,
1138 2573 1442 2649 εἷ’σέρχεται
1491 2571 1580 2630 διὰ
1626 2579 1728 2643 τῆς
1776 2571 1888 2627 εἴσ-

2013 525 2157 594 abit,
2193 528 2292 583 ubi
2324 544 2355 585 e
2384 527 2694 586 chelandio
2724 529 3044 595 descendit,
3076 532 3216 584 tunc
3247 543 3347 599 per
3379 532 3661 600 preposi-

2011 617 2136 670 tum
2163 632 2196 671 a
2219 619 2492 675 mandato
2515 619 2841 689 imperatur
2864 618 3221 690 proceribus,
3246 621 3310 672 ut
3335 618 3396 672 in
3417 633 3661 689 conspe-

2009 708 2168 760 ctum
2221 706 2586 778 imperatoris
2632 707 2890 778 veniant,
2935 708 3035 763 66
3087 712 3143 763 et
3186 723 3389 779 parum
3439 709 3662 778 egressi

2009 793 2306 866 principes
2347 797 2626 866 cubiculi,
2656 799 2879 854 ferente
2919 814 3056 868 saga
3095 814 3406 869 purpurea,
3441 797 3502 852 in
3543 798 3656 853 eir-

2007 882 2139 937 culo
2169 885 2419 942 adstant.
2453 890 2767 959 Imperator
2799 903 2902 960 per
2933 888 3037 944 bos
3073 887 3291 943 medios
3330 887 3654 958 ingressus,

2006 989 2041 1028 a
2077 977 2387 1046 praeposito
2425 983 2756 1047 coronatur,
2803 984 3109 1052 propterea
3153 979 3328 1050 quod,
3371 983 3437 1034 ut
3477 994 3654 1048 supra

2003 1062 2253 1120 relatum
2284 1069 2395 1132 est,
2429 1082 2735 1139 nunquam
2765 1069 3004 1125 omnino
3033 1085 3230 1124 coram
3265 1068 3523 1124 barbatis
3553 1084 3646 1124 co-

2002 1157 2246 1208 ronatur
2266 1170 2282 1208 :
2305 1153 2456 1212 hanc
2487 1156 2636 1212 enim
2672 1157 2744 1212 ob
2777 1171 3013 1214 causam
3041 1157 3178 1212 dicti
3209 1157 3462 1228 prmfecti
3493 1156 3654 1212 cubi-

2003 1239 2136 1297 culo
2161 1242 2220 1298 in
2251 1242 2470 1300 circulo
2502 1246 2757 1301 adstant.
2780 1245 2872 1300 Sic
2898 1253 3098 1317 postea
3126 1245 3282 1314 inde,
3315 1261 3647 1300 scaraman-

2002 1329 2098 1402 gio
2146 1331 2326 1388 clavis
2374 1335 2568 1390 aureis
2617 1335 2887 1400 indutus,
2931 1349 3076 1405 equo
3123 1336 3382 1406 procedit
3429 1350 3650 1406 perque

2002 1424 2237 1490 pratum
2275 1421 2358 1476 ibi
2401 1423 2576 1478 situm
2619 1427 2676 1479 et
2716 1423 3063 1494 pomoerium
3109 1424 3177 1479 ad
3222 1426 3474 1495 portam,
3517 1439 3650 1494 quis

2003 1506 2150 1563 fonti
2189 1509 2431 1566 obversa
2473 1516 2581 1581 est,
2616 1512 2760 1580 abit,
2791 1519 3069 1583 extraque
3098 1511 3250 1568 hanc
3286 1511 3650 1567 domesticus

2003 1614 2374 1656 numerorum
2418 1617 2553 1657 eum
2597 1602 2828 1674 excipit,
2877 1621 3018 1676 sago
3067 1619 3361 1676 purpureo
3407 1603 3652 1658 Indutus

2001 1691 2059 1744 et
2086 1687 2456 1746 thuribulum
2489 1695 2749 1763 gestans.
2789 1693 2930 1748 Inde
2971 1693 3045 1748 ad
3082 1692 3478 1748 Sanctissimae
3510 1690 3644 1746 Dei-

2007 1793 2160 1848 ρει-ω
2205 1779 2276 1834 ad
2323 1779 2558 1835 Fontem
2601 1781 2739 1846 abit,
2775 1781 2895 1848 ubi,
2927 1786 3242 1852 antequam
3285 1784 3506 1850 portam
3552 1795 3650 1833 ex-

2005 1866 2273 1922 teriorem
2304 1867 2502 1935 intrat,
2529 1868 2751 1940 patricii
2773 1873 2830 1925 et
2852 1875 3152 1926 senatores
3173 1883 3377 1924 omnes
3401 1867 3648 1939 pedibus

2000 1955 2337 2026 procedunt,
2377 1956 2692 2029 imperator
2739 1959 2811 2014 ab
2863 1959 2936 2014 iis
2985 1957 3252 2028 stipatus,
3295 1956 3454 2014 solus
3500 1971 3648 2027 equo

2000 2044 2071 2098 ad
2128 2044 2534 2111 baptisterium
2595 2047 2810 2117 prodit,
2869 2050 2927 2102 et
2983 2055 3292 2119 postquam
3351 2045 3430 2100 ibi
3491 2061 3643 2116 equo

1997 2131 2318 2197 descendit,
2361 2148 2464 2201 per
2500 2135 2760 2190 dextram
2803 2140 3031 2205 portam
3077 2134 3404 2207 baptisterii
3443 2134 3643 2199 intrat,

1998 2218 2263 2288 patriciis
2293 2219 2372 2274 ibi
2404 2225 2564 2276 extra
2583 2230 2806 2293 portam
2841 2223 3086 2278 cochleae
3118 2225 3514 2282 manentibus.
3541 2229 3652 2284 lm-

1998 2311 2246 2378 perator,
2292 2308 2546 2365 cubiculi
2593 2311 2876 2379 praefectis
2919 2313 3344 2378 comitantibus,
3393 2331 3496 2385 per
3541 2333 3642 2373 co.

1998 2394 2220 2450 obieam
2237 2397 2519 2464 ascendit,
2537 2413 2754 2469 perque
2765 2404 3080 2469 augustum
3100 2400 3443 2470 triclinium,
3459 2405 3558 2460 ubi
3573 2421 3642 2461 eo

1997 2483 2090 2540 die
2110 2484 2282 2541 etiam
2303 2485 2634 2543 convivium
2657 2487 3005 2558 celebratur,
3031 2504 3246 2560 perque
3268 2495 3642 2551 metatoriam

1997 2573 2323 2645 digressus,
2353 2574 2690 2631 cubiculum
2722 2577 2926 2634 intrat.

231 2668 475 2744 ἀγούσης
507 2664 691 2736 πύλης
722 2663 894 2739 δεξιᾶς
923 2670 1022 2721 106
1054 2663 1349 2737 λουτῆρας,
1383 2662 1474 2718 καὶ
1509 2659 1754 2736 μένουσιν
1777 2661 1957 2746 Δἐκεῖσε
1993 2660 2272 2736 πατρίκιοι
2303 2655 2404 2732 ἔξω
2432 2667 2533 2729 τῆς
2576 2663 2761 2735 πύλης
2805 2669 2901 2720 τοῦ
2951 2663 3212 2741 κοχλιοῦ.
3263 2669 3325 2725 Ὁ
3373 2667 3431 2724 δὲ
3481 2673 3638 2746 βασι-

229 2753 360 2816 λεὺς
395 2752 818 2829 δηριγευόμενος
869 2755 970 2809 ὑπὸ
1015 2757 1120 2808 τῶν
1172 2751 1456 2828 ἀρχόντων
1511 2754 1609 2806 106
1657 2744 2074 2816 κουϐουκλείου,
2120 2749 2410 2824 ἀνέρχεται
2460 2748 2552 2804 διὰ
2595 2755 2692 2806 τοῦ
2743 2751 2908 2807 αὐτοῦ
2951 2751 3211 2828 κοχλιοῦ,
3263 2757 3354 2810 καί
3405 2744 3636 2814 διελθὼν

228 2841 319 2899 διὰ
386 2847 488 2899 106
551 2849 738 2899 στενοῦ
813 2842 1114 2919 τρικλίνου,
1164 2839 1216 2896 ἐν
1248 2841 1294 2913 ᾧ
1341 2841 1430 2896 καὶ
1475 2839 1540 2896 τὸ
1587 2837 1804 2914 ἄριστον
1873 2840 1945 2912 τῇ
2015 2837 2156 2912 αύτῇ
2222 2839 2403 2912 ἡμέρᾳ
2458 2838 2720 2913 τελεῖται,
2769 2841 2860 2896 καὶ
2910 2839 3001 2896 διὰ
3044 2846 3142 2897 τοῦ
3201 2847 3632 2923 μητατωρικίου.

226 2933 538 3008 εἰσέρχεται
565 2932 618 2989 ὲν
649 2937 728 3006 τῷ
755 2937 1004 2990 κοιτῶνι.

301 3023 382 3080 Β’.
416 3020 770 3092 ’Δπαλλάξας
812 3019 873 3076 δὲ
899 3021 961 3077 τὸ
991 3019 1207 3095 στέμμα
1248 3017 1338 3076 διὰ
1364 3023 1466 3076 106
1496 3018 1882 3094 πραιποσίτου,

2057 3019 2126 3075 II.
2168 3019 2297 3090 Hic,
2344 3023 2655 3092 postquam
2697 3023 3040 3094 prepositus
3079 3038 3353 3080 coronam
3383 3042 3416 3081 a
3446 3026 3636 3098 capite

231 3113 386 3186 μένει
424 3109 602 3166 ἐκεῖσε
636 3112 732 3166 τὸν
785 3111 971 3187 καιρὸν
1033 3109 1384 3185 προσμένων,
1444 3105 1709 3164 ἀλλάσσει
1751 3104 1807 3162 δὲ
1843 3107 1888 3145 ³⁷

236 3201 432 3256 λευκὸν
508 3195 856 3270 διϐητήσιον.
917 3194 1338 3259 Καταλαϐόντος
1403 3195 1460 3253 δὶ
1511 3201 1610 3252 106
1673 3199 1888 3270 καιροῦ,

246 3289 334 3344 καὶ
371 3286 648 3359 δηλωθείς
687 3289 716 3343 6
757 3287 1117 3364 πρᾱιπόσιτος
1155 3287 1300 3363 παρά
1335 3291 1434 3342 106
1470 3293 1570 3355 τῆς
1616 3288 1890 3340 καταστα-

246 3397 410 3447 σεως,
443 3377 604 3440 αὐτὸς
637 3376 894 3434 εἰσελθὼν
935 3375 1108 3448 δηλοῖ
1132 3380 1212 3448 τῷ
1243 3373 1479 3450 βασιλεῖ,
1504 3375 1596 3430 καὶ
1643 3371 1892 3438 δοθέντος

249 3468 532 3524 σιλεντίου
572 3467 679 3522 ἀπὸ
737 3465 1036 3529 κελεύσεως
1093 3463 1184 3521 διὰ
1236 3468 1334 3521 106
1379 3471 1478 3533 τῆς
1527 3463 1894 3532 κατασάσεως,

250 3557 580 3633 ἀνέρχονται
622 3557 676 3612 οἱ
717 3555 997 3633 πατρίκιοι
1046 3553 1137 3610 διὰ
1165 3559 1260 3610 106
1304 3554 1472 3610 αὐτοῦ
1521 3553 1758 3628 κοχλιοῦ
1804 3551 1895 3606 καὶ

255 3645 594 3720 εἰσέρχονται
645 3643 698 3700 έν
750 3649 830 3716 τῷ
877 3643 1264 3718 προειρημένῳ
1311 3647 1480 3714 στενῷ
1523 3639 1805 3716 τρικλίνῳ.
1836 3640 1896 3697 Ὀ

255 3731 309 3790 ὃὶ
372 3733 634 3809 βασιλεὺς
685 3728 1159 3809 περιϐαλλόμενος
1219 3729 1474 3806 χλανίδα,
1538 3731 1614 3791 ὡς
1669 3729 1897 3794 ε’ἰθισται

254 3824 429 3895 αὐτῷ,
462 3821 744 3898 ἆξίρχεται
779 3821 838 3878 ἐκ
879 3827 980 3878 τοῦ
1018 3825 1308 3890 κοιτῶνος,
1339 3818 1428 3875 καὶ
1477 3815 1898 3894 δηριγευόμενος

255 3912 358 3968 ὑπὸ
412 3917 526 3968 τῶν
599 3911 889 3991 ἀρχόντων
953 3915 1052 3968 106
1119 3903 1535 3976 κουϐουκλείου,
1600 3908 1899 3983 ἀπέρχεται

255 4001 427 4077 μέχρι
456 4007 561 4070 τῆς
592 3999 778 4072 πύλης
801 4004 896 4056 106
925 3997 1327 4079 προλεχθέντος
1366 4001 1551 4053 στενοῦ
1591 3994 1896 4072 τρικλίνου,

1997 3109 2265 3181 dempsit,
2313 3113 2594 3176 remanet,
2636 3113 2870 3182 tempus
2917 3118 3275 3184 exspectans,
3321 3114 3639 3186 albumque

2000 3195 2346 3252 dibetesium
2378 3196 2590 3254 induit.
2613 3199 2900 3272 Tempore
2926 3199 3202 3270 instante,
3223 3202 3477 3258 monitus
3499 3220 3534 3258 a
3554 3218 3640 3258 ce-

2001 3285 2337 3343 rimoniario
2362 3287 2728 3358 prapositus,
2746 3288 2869 3359 ipse
2889 3289 3209 3361 ingressus,
3229 3291 3286 3345 id
3310 3291 3641 3356 imperatori

2003 3373 2236 3442 indicat,
2260 3373 2515 3445 datoque
2537 3375 2770 3431 silentio
2791 3393 2826 3431 a
2846 3378 3302 3433 cerimoniarum
3334 3380 3643 3451 magistro,

2005 3478 2108 3534 per
2134 3463 2402 3518 eamdem
2425 3462 2719 3518 cochleam
2747 3465 3071 3520 scendunt
3093 3467 3321 3537 patricii
3345 3473 3402 3522 et
3423 3468 3648 3523 dictum

2004 3555 2320 3623 angustum
2343 3550 2662 3607 triclinium
2688 3552 3114 3624 ingrediuntur.
3144 3556 3471 3624 Imperator
3491 3557 3652 3611 tuni-

2004 3657 2096 3708 ca,
2120 3643 2185 3694 ut
2205 3639 2318 3708 ipsi
2341 3639 2602 3696 solemne
2622 3645 2729 3711 est,
2771 3641 3035 3708 indutus,
3081 3659 3112 3699 e
3134 3645 3406 3700 cubiculo
3431 3648 3653 3717 egredi-

2010 3738 2120 3794 tur,
2143 3728 2510 3799 stipatusque
2542 3729 2616 3783 ab
2648 3731 2779 3800 ejus
2812 3732 3118 3802 prafectis,
3141 3734 3210 3788 ad
3243 3738 3466 3805 portam
3509 3734 3650 3790 dicti

2007 3817 2241 3889 angusti
2273 3816 2512 3874 triclinii
2540 3819 2684 3888 obit,
2716 3819 2816 3876 ubi
2857 3820 3085 3891 patricii
3124 3837 3256 3878 eum
3291 3827 3349 3878 et
3383 3824 3648 3894 strategi,

2011 3906 2238 3963 tunicas
2269 3906 2460 3963 aureis
2489 3907 2667 3964 clavis
2697 3912 3014 3980 gestantes,
3045 3911 3362 3983 excipiunt,
3389 3912 3652 3982 ﬂexoque

2011 4013 2164 4070 genu
2206 3997 2348 4053 dum
2393 3995 2796 4069 imperatorem
2835 4004 3207 4070 venerantur,
3247 3999 3588 4073 prepositus
3619 4018 3654 4058 a

1589 4123 1832 4180 VARLE
1871 4121 2180 4179 LECTION
2187 4120 2290 4179 ES.

323 4247 368 4282 ³⁸
400 4246 565 4320 μέσον
596 4246 748 4318 conj.
784 4243 876 4312 R.,
912 4241 1089 4316 μέσων
1122 4243 1248 4300 cod.
1282 4248 1337 4300 et
1363 4241 1454 4298 ed.
1530 4240 1578 4276 ²⁶
1608 4235 1913 4313 ἔμπροσθεν
1941 4240 2034 4296 ed.
2111 4238 2156 4273 ³⁷
2189 4233 2245 4291 δὲ
2269 4253 2387 4294 om.
2420 4238 2548 4294 cod.

1287 4375 1484 4433 JOAN.
1525 4375 1671 4432 JAC.
1714 4373 1975 4430 REISKII
2014 4370 2605 4428 COMMENTARIUS.

255 4505 461 4576 πλοῦς,
512 4507 671 4575 navi,
712 4509 916 4563 itinere
959 4505 1519 4578 miargitiniohnempe
1571 4515 1672 4571 per
1718 4501 1915 4578 sinum
1948 4503 1994 4567 Ι)
2024 4499 2374 4554 conventum
2407 4511 2716 4578 procerum
2746 4513 2942 4578 coram
2972 4497 3346 4578 imperatore,
3357 4505 3426 4578 et
3454 4503 3669 4578 oratio-

258 4567 602 4637 Cerati'num
635 4567 704 4634 ad
747 4578 948 4649 Pegas.
982 4577 1053 4632 Et
1081 4576 1139 4632 in
1171 4567 1364 4630 dativo
1404 4567 1659 4649 formant
1690 4568 1827 4649 nlo}
1855 4575 1921 4649 ut
2031 4585 2188 4649 nem,
2221 4567 2746 4649 quam‘imperator
2774 4567 2834 4649 in
2867 4567 3078 4649 senatu
3108 4567 3339 4649 recitat.
3356 4574 3431 4628 De
3462 4575 3671 4649 quibus

261 4667 291 4705 a
331 4654 486 4720 νοῦς,
530 4651 589 4705 in
634 4637 986 4721 ςοιιὶι.”νοος
1019 4649 1253 4721 κει-νοῦ,
1282 4649 1353 4721 _et
1402 4644 1464 4721 in
1505 4643 1702 4700 dativo
1751 4646 1830 4713 νῷ
1873 4646 1930 4721 et
2039 4639 2206 4721 alibiA
2238 4637 2447 4721 agendi
2500 4638 2661 4721 locus
2719 4639 2854 4721 erit.
2891 4639 3296 4721 ’Υπεξὲρχεσθαι
3353 4637 3674 4721 μικρρν-ἔμ-

262 4723 367 4775 νοῒ.
409 4707 722 4793 Ρῖοριοιῗῖεε
754 4707 981 4776 rectius
1009 4707 1249 4775 fecisset"
1282 4716 1746 4793 Rhodomannus
1777 4707 1930 4793 apud
2037 4707 2392 4793 προσρενὶεῐ
2430 4710 2731 4793 paululum
2776 4711 2930 4767 ultra
2957 4707 3372 4793 illum'iooum,
3407 4707 3498 4772 ubi
3531 4707 3676 4772 che—

270 4780 588 4850 Diodoru'm
636 4793 903 4848 Siculum
942 4793 1008 4846 in
1050 4787 1505 4860 excerptislibri
1539 4803 1656 4851 xxx,
1692 4780 1934 4860 non:at—
2041 4780 2322 4860 landium,
2365 4780 2460 4860 vel
2502 4780 2786 4860 liburnica
2832 4783 3090 4856 appellit,
3125 4780 3433 4858 procedere
3480 4803 3672 4844 coram

263 4865 574 4920 trectando
611 4865 766 4928 quod
803 4863 1050 4935 probum
1083 4866 1210 4916 erat
1228 4855 1375 4913 πλοῖ
1402 4857 1490 4911 καὶ
1521 4861 1667 4935 πεζῇ.
1693 4875 1779 4935 p.,_
1804 4857 1934 4935 _862,

265 4937 382 5008 ﬂpe
416 4936 564 4992 edit.
612 4929 987 5008 Wesseling,
1010 4934 1209 5008 Potest
1241 4945 1532 5008 quoque_a
1560 4929 1939 5008 1:161j._id_est
2048 4997 2066 5008 Α
2109 4929 2552 5008 μϋγὶσειυτρς

264 5005 552 5078 πλόησις,
572 5003 828 5075 πλεῦσις,
852 4995 1944 5078 nisigatiaﬁefivaiifrequentissime
2044 4996 2224 5078 fuisse
2252 4995 2325 5078 σε
2355 5011 2470 5066 quo
2500 4995 2617 5078 vid.
2650 4997 2736 5078 D_u
2768 5000 2956 5078 pange
2984 5002 3108 5078 σει.
3141 5000 3370 5078 Cbriet._
3389 4995 3518 5078 pag.
3552 5000 3677 5078 _i_73,

265 5066 560 5136 feminina
592 5078 654 5134 in
688 5098 725 5146 η
760 5066 1166 5148 ter-minantia
1191 5090 1294 5148 per
1340 5092 1357 5126 ι
1399 5066 1736 5148 efferuntur.
1787 5069 1937 5148 φρικί
2044 5067 2148 5124 lib.
2176 5083 2253 5122 1v.
2277 5066 2500 5148 Nomen
2519 5069 2658 5148 ejus
2678 5071 2736 5125 in
2770 5066 3137 5148 bootauctore
3166 5075 3221 5126 et
3251 5066 3682 5148 antiquioribus

263 5151 322 5206 in
353 5149 674 5221 Antbolog.
697 5142 754 5221 p.
769 5150 1000 5218 75(382,
1012 5142 1393 5221 mpm—opim,
1407 5142 1558 5221 and,
1574 5149 1631 5202 et
1647 5143 1762 5221 alia
1777 5142 1939 5221 talia.

333 5223 452 5293 (52)
491 5221 598 5277 Est
621 5212 910 5293 Borrupta
939 5212 1339 5293 pronuntiatio
1358 5212 1594 5293 “veteris
1622 5217 1782 5293 vocis
1811 5212 1942 5287 ἀγε-

269 5287 468 5365 λάόιόν
505 5293 582 5350 ab
615 5291 790 5365 ἄγειν,
811 5287 1002 5362 haefe,
1025 5290 1190 5365 navis
1220 5287 1504 5365 actuaria,
1527 5288 1680 5365 u_nde
1713 5301 1947 5365 quoque
2046 5297 2114 5365 γε

269 5362 524 5433 ἀκάτιον,
563 5359 758 5427 navis,
793 5359 920 5433 quae
962 5361 1140 5433 remis
1182 5361 1396 5432 agitur.
1429 5359 1593 5414 Conf.
1626 5363 1711 5415 Du
1752 5361 1945 5433 Cange

275 5429 529 5508 utroque
565 5435 707 5508 διν.
735 5429 1043 5491 Βνὶιειιὶαιε
1071 5437 1159 5508 est
1186 5429 1368 5503 génus
1401 5429 1847 5502 propugnaculi,
1879 5432 1950 5484 de

278 5523 390 5578 qua
421 5505 567 5564 voce
597 5506 759 5578 idem
791 5505 1178 5562 conferendas
1210 5509 1430 5560 auctor.

339 5580 460 5652 (t3)
494 5577 607 5636 Hic
641 5577 754 5633 loci
795 5582 884 5652 est
907 5579 1228 5652 imperatur
1260 5571 1787 5652 proceribus,_ut_§n
1816 5583 1948 5652 90n-

277 5643 527 5723 spéctum
578 5649 942 5721 imperatoris
984 5643 1230 5704 ueniant.
1262 5643 1426 5703 Ilias
1465 5650 1631 5704 notat
1667 5643 1954 5702 silentium

2040 4855 2386 4920 imperatore
2413 4851 2610 4908 statim
2643 4851 2933 4911 secuturo.

2115 4923 2716 4999 (“ﬂideturpraturn
2742 4926 2849 4982 hoc
2871 4928 3094 4984 celebre
3116 4929 3256 4984 illud
3283 4928 3674 4999 Pbiiopatium

2047 5139 2404 5213 nonreperi,
2430 5144 2490 5213 at
2516 5139 2576 5213 in
2605 5141 3028 5213 recentioribus
3059 5139 3684 5213 frequenter—occurrit.

2119 5212 2232 5338 ‘45)
2254 5209 2336 5266 De
2357 5209 2576 5294 palatio
2604 5211 2847 5280 Pegano,
2869 5217 2927 5267 et
2946 5213 3066 5268 aede
3094 5209 3359 5296 Deiparaa.
3381 5213 3454 5268 ad
3483 5216 3687 5284 Pegas,

2196 5283 2463 5338 Fontem.
2512 5283 2628 5338 vid.
2678 5281 2766 5338 Du
2817 5285 3004 5338 Canae
3053 5284 3181 5338 CPIi
3231 5282 3440 5338 Christ.
3489 5282 3583 5338 IV.
3631 5299 3687 5338 ι).

2196 5283 2463 5347 Fontem.
2512 5283 2628 5338 vid.
2678 5281 2766 5338 Du
2817 5285 3004 5350 Cange
3053 5281 3440 5338 CPIi'Christ.
3489 5281 3589 5353 Ινξ
3675 5323 3690 5338 .

2237 5354 2362 5408 173.
2411 5353 2544 5418 ’[De
2594 5353 2962 5418 imperatoris
3020 5352 3388 5418 processione
3450 5349 3538 5405 ἐπὶ
3593 5299 3693 5418 τξν

2053 5355 2195 5426 i72,_
2237 5354 2373 5426 173.
2411 5353 2544 5426 ’LDe
2592 5349 2962 5426 imperatoris
3020 5352 3388 5426 prociessione
3450 5349 3538 5405 ἐπὶ
3569 5349 3624 5426 '1

2051 5423 2240 5492 πηγὴν
2287 5423 2403 5480 vid.
2452 5423 2534 5479 Du
2589 5423 2802 5480 Fresne
2851 5433 2967 5479 not.
3015 5425 3085 5478 ad
3143 5425 3354 5477 Ducam
3401 5438 3530 5491 pag.
3575 5423 3699 5478 105.

2055 5492 2256 5567 Habuit
2327 5494 2665 5564 Nicephoru:
2743 5495 3060 5567 μετάστασιν
3095 5502 3299 5567 _extra
3374 5492 3567 5567 CPiiu,
3635 5492 3704 5567 ad

2053 5566 2238 5641 πηγάς
2292 5581 2390 5641 seu
2411 5561 2646 5641 jontes,
2699 5561 3040 5641 Luitprand.
3081 5561 3292 5641 litigat.
3346 5578 3404 5633 p.
3456 5565 3583 5623 143.
3631 5565 3714 5622 De

2055 5629 2272 5709 templo
2301 5636 2385 5692 eis
2411 5629 2594 5707 Pegas
2623 5629 2678 5695 ν.
2709 5629 2961 5694 Bandur.
2997 5650 3050 5704 p.
3081 5629 3265 5706 7283'
