4126 6314
399 395 520 457 335
1471 381 1996 446 CONSTANTINI
2037 381 2741 444 PORPHYROGENITI
3695 376 3823 435 336

402 531 680 588 mandato
701 525 936 598 signum
959 522 1364 581 cerimoniario
1385 523 1486 577 dat
1515 525 1574 576 et
1592 519 1737 575 dicit
1766 535 1780 573 :
1813 540 1842 568 «
1874 517 2054 572 Jube-

2181 515 2259 568 καὶ
2293 511 2544 588 δέχονται
2575 514 2738 568 αὐτὸν
2763 510 2934 568 ἒκεῖσε
2963 510 3022 566 οἳ
3051 532 3110 566 τε
3150 509 3429 583 πατρίκιοι
3479 508 3569 562 καὶ
3616 514 3826 582 στρατ-

403 626 460 676 te
485 638 498 687 ;
526 641 553 669 »
568 617 652 672 illi
672 633 684 671 :
705 595 1001 672 «il—nmulta
1013 615 1564 682 bonaquetempora.
1583 631 1612 659 »
1627 609 1788 673 Inde,
1804 605 2057 662 cubiculi

2181 603 2294 676 ηγοὶ
2371 604 2474 657 ἀπὸ
2549 597 2952 676 χρυσοτάϐλων
3031 597 3354 674 χλανιδίων,
3409 596 3500 651 καὶ
3539 595 3824 663 πέσύντες,

416 686 701 779 praefectis
721 708 779 760 et
809 708 1010 760 senatu
1041 699 1474 766 comitantibus,
1501 714 1602 770 per
1621 697 1942 761 cochleam,
1959 711 2061 766 per

2181 692 2302 747 νεύει
2338 695 2366 748 6
2396 692 2755 768 πραιπόσιτος
2785 692 2888 746 ἀπὸ
2937 689 3235 750 κελεύσεως
3277 692 3356 759 τῷ
3401 693 3501 756 τῆς
3546 686 3825 740 καταστά-

2171 802 2304 844 σεως
2334 782 2423 836 καὶ
2455 779 2619 857 λέγει·
2660 804 2687 832 ‹‹
2718 779 3040 837 Κελεύσατε·
3087 802 3114 829 ››
3165 776 3321 832 αὐτοὶ
3373 773 3429 829 δὲ
3479 775 3822 852 ὑπερεύχον-

2168 893 2277 926 ται·
2307 896 2334 924 ‹‹
2366 871 2460 934 Εἰς
2505 871 2750 932 πολλοὺς
2798 871 2888 924 καὶ
2932 870 3166 945 ἀγαθοὺς
3207 869 3464 944 χρόνους.
3500 891 3527 919 ››
3579 865 3682 924 Καὶ
3716 864 3822 936 δη-

2172 963 2524 1039 ριγευόμενος
2552 962 2658 1017 ἀπὸ
2685 964 2793 1017 τῶν
2830 961 3001 1017 ἐκεῖσε
3034 962 3138 1016 ὑπό
3176 980 3236 1015 τε
3259 965 3366 1016 τῶν
3396 958 3681 1033 ἀρχόντων
3718 960 3821 1012 τοῦ

2171 1048 2562 1108 κουϐουκλείου
2604 1053 2692 1106 καὶ
2744 1059 2844 1122 τῆς
2891 1050 3222 1126 συγκλήτου,
3271 1048 3592 1123 κατέρχεται
3633 1045 3701 1101 δι’
3755 1047 3822 1101 οὗ

2171 1141 2261 1197 καὶ
2287 1140 2489 1211 ἀνῆλθε
2517 1140 2779 1215 κοχλιοῦ,
2811 1141 2897 1195 καὶ
2936 1138 3189 1215 δέχονται
3237 1139 3403 1194 πάλιν
3459 1136 3513 1192 ἐν
3540 1141 3621 1209 τῷ
3657 1135 3825 1206 πλη-

2175 1230 2390 1303 ρώματι
2427 1231 2524 1283 τοῦ
2562 1225 2800 1303 κοχλιοῦ
2840 1229 2892 1281 οἳ
2952 1247 3010 1281 τε
3059 1225 3339 1299 πατρίκιοι
3379 1225 3470 1279 καὶ
3520 1223 3829 1298 στρατηγοὶ

2175 1318 2287 1390 ἅμα
2325 1321 2393 1390 τῇ
2435 1315 2750 1391 συγκλήτῳ,
2811 1315 2901 1370 καὶ
2960 1312 3127 1370 πάλιν
3183 1310 3367 1370 λαϐὼν
3408 1318 3578 1386 νεῦμα
3619 1314 3647 1368 6
3679 1332 3828 1386 πρα-

2174 1407 2401 1467 πόσιτος
2451 1407 2596 1480 παρὰ
2642 1409 2741 1459 τοῦ
2795 1402 3084 1478 βασιλέως,
3133 1405 3271 1458 νεύει
3319 1408 3400 1474 τῷ
3449 1401 3829 1477 σιλεντιαρίῳ,

2174 1493 2420 1556 κάκεῖνος
2456 1492 2626 1567 λέγει’
2677 1518 2704 1546 ‹‹
2741 1492 3062 1551 Κελεύσατε⁹
3100 1517 3128 1545 ››
3173 1492 3328 1548 αὐτοὶ
3378 1489 3437 1547 δὲ
3490 1491 3832 1566 ὑπερεύχον-

408 813 581 868 quam
635 794 997 859 ascenderat,
1060 804 1263 845 rursus
1319 787 1642 854 descendit,
1700 787 1876 857 inque
1933 785 2061 854 ejus

407 884 668 940 inferiori
700 885 864 953 parte
895 877 1121 951 patricii
1151 882 1208 932 et
1244 875 1486 948 strategi
1520 892 1641 931 una
1678 891 1812 930 cum
1855 880 2058 930 senatu

407 990 539 1029 eum
570 970 886 1041 excipiunt,
908 972 964 1023 et
986 982 1191 1024 rursus
1225 965 1394 1037 signo
1428 965 1499 1020 ab
1522 965 1873 1036 imperatore
1905 978 2059 1033 prea-

408 1060 598 1131 posito
632 1060 787 1125 dato,
821 1057 873 1112 is
903 1055 1220 1112 silentiario
1251 1053 1476 1115 annuit.
1513 1054 1614 1125 qui
1675 1052 1817 1108 dicit
1851 1067 1864 1105 :
1898 1072 1927 1100 «
1965 1050 2070 1105 Ju-

405 1149 626 1217 bste;»
651 1145 806 1203 atilli
834 1163 848 1202 :
873 1146 974 1200 66
1012 1166 1041 1195 ‹‹
1074 1147 1137 1200 In
1171 1143 1358 1199 multa
1395 1142 1666 1214 bonaque
1703 1145 1990 1212 tempora,
2033 1162 2060 1189 υ

405 1235 739 1307 imperatori
780 1235 1126 1290 acclamant.
1169 1231 1295 1298 Qui,
1355 1231 1500 1303 ipsis
1549 1229 1993 1294 comitantibus,
2034 1244 2065 1283 ο

410 1331 580 1396 porta
603 1323 930 1395 baptisterii
959 1320 1278 1393 egreditur,
1310 1320 1451 1374 dum
1485 1317 1926 1375 cerimoniarius
1957 1333 2060 1389 pro

410 1431 572 1471 more
595 1414 702 1485 ipsi
725 1411 1012 1469 acclamat
1037 1427 1050 1465 :
1077 1431 1102 1461 ι
1128 1407 1385 1480 Caplate,
1408 1409 1663 1475 Domini,
1688 1428 1717 1457 »
1750 1407 2066 1477 statimque

410 1519 545 1558 eum
569 1502 844 1556 tribunus
871 1499 1221 1554 Venetorum
1252 1512 1351 1552 seu
1383 1497 1738 1552 domesticus
1767 1495 2059 1550 sholarum

413 1607 546 1646 cum
589 1589 714 1646 suis
753 1587 985 1660 excipit,
1016 1587 1189 1657 eique
1227 1603 1260 1640 a
1299 1583 1701 1641 cerimoniario
1754 1584 2064 1651 adductus,

413 1694 614 1735 cruces
635 1694 666 1732 e
696 1677 845 1733 rosis
874 1681 1170 1732 contextae
1203 1675 1404 1730 tradit:
1441 1673 1612 1744 paulo
1634 1675 1765 1744 post
1796 1673 2066 1745 princeps

415 1766 770 1822 Venetorum
792 1769 850 1820 et
881 1765 1006 1835 ipse
1029 1780 1060 1817 ιι
1079 1760 1485 1818 cerimoniario
1515 1762 1826 1827 adductus,
1868 1777 2067 1818 cruces

417 1857 467 1912 ei
485 1861 542 1911 et
555 1854 868 1911 fasciculos
883 1853 1116 1922 ﬂorum,
1133 1856 1198 1951 ut
1213 1852 1436 1907 dictum
1449 1851 1760 1951 est,ofl'ert,
1784 1867 1899 1951 quo
1915 1851 2065 1908 facto
2097 1886 2145 1951 B

418 1945 678 2000 nolarius
702 1942 973 1998 factionis
986 1942 1115 2011 ejus
1141 1940 1368 1996 iambos
1392 1941 1521 1995 festi
1544 1940 1786 1996 orditur.
1805 1940 1869 1995 In
1899 1946 2064 1997 exte-

415 2035 551 2092 riori
577 2038 740 2105 porta
763 2033 1034 2089 tribunus
1054 2031 1429 2087 Prasinorum
1452 2047 1556 2086 seu
1579 2031 1945 2087 domesticus
1977 2047 2067 2087 ex-

417 2124 750 2180 cubitorum
782 2123 963 2186 adest,
989 2121 1089 2191 qui
1119 2137 1152 2174 a
1181 2119 1588 2175 cerimoniario
1619 2120 1930 2189 adductus,
1960 2119 2065 2174 im-

417 2211 668 2282 peratori
690 2227 890 2266 cruces
911 2225 940 2264 e
964 2207 1112 2264 rosis
1137 2212 1432 2264 contextus
1459 2211 1515 2263 et
1537 2207 1708 2264 ﬂores
1738 2209 1949 2263 odoros
1980 2209 2064 2264 of-

417 2301 546 2356 fert.
558 2301 850 2356 Postremo
864 2299 1136 2354 tribunus
1150 2297 1526 2352 Prasinorum
1543 2297 1954 2369 imperatorem
1970 2313 2064 2354 ex-

419 2389 582 2460 cipit,
607 2389 928 2458 eademque
961 2403 1086 2456 quae
1118 2386 1308 2441 caeteri
1342 2385 1696 2440 munuscula
1726 2387 1840 2457 ipsi
1861 2388 2058 2442 tradit.

2142 1604 2261 1652 ,ται
2299 1583 2392 1638 τὸν
2438 1578 2684 1638 ϐασιλέα·
2743 1607 2771 1633 ‹‹
2813 1581 2908 1644 Εἷς
2960 1581 3210 1644 πολλοὺς
3253 1581 3342 1636 καὶ
3395 1579 3629 1655 ἀγαθοὺς
3686 1579 3829 1654 χρό-

2175 1693 2323 1734 νους.
2374 1697 2401 1725 ››
2461 1674 2566 1728 Καὶ
2629 1670 3052 1748 δηριγευόμενος
3113 1671 3202 1725 ὑπ’
3253 1671 3430 1725 αὐτῶν
3473 1670 3500 1723 6
3543 1668 3824 1744 βασιλεὺς,

2177 1758 2453 1838 ἐξέρχεται
2489 1763 2588 1831 τήν
2625 1760 2807 1830 πύλην
2851 1765 2948 1815 τοῦ
2994 1759 3288 1834 λουτῆρας,
3335 1762 3639 1836 φωνοῦντος
3689 1758 3828 1813 κατὰ

2176 1849 2238 1904 τὸ
2269 1850 2496 1922 σύνηθες
2529 1854 2625 1906 τοῦ
2651 1857 2751 1920 τῆς
2790 1850 3168 1911 καταπάσεῶς
3208 1849 3292 1919 τὸ,
3345 1871 3373 1899 ‹‹
3406 1848 3679 1918 Καπλάτε,
3727 1847 3830 1902 Δό-

2182 1959 2337 2010 μηνι,
2375 1939 2516 1993 »καὶ
2549 1937 2766 2012 δέχεται
2807 1936 3001 2000 εὐθέως
3053 1938 3081 1992 ὁ
3131 1934 3490 2012 δημοκράτης
3531 1940 3638 1992 τῶν
3673 1934 3831 1992 Βενέ-

2174 2053 2305 2100 των,
2338 2032 2510 2107 ἢγουν
2543 2032 2570 2085 ὁ
2603 2027 2922 2103 δομέστικος
2949 2035 3056 2085 τῶν
3105 2028 3352 2105 σχολῶν,
3402 2029 3493 2085 καὶ
3535 2027 3830 2085 ἐπιδίδωσι

2174 2124 2253 2191 τῷ
2287 2119 2504 2195 βασιλεῖ
2543 2121 2910 2194 κρατούμενος
2947 2122 2990 2156 ²⁸
3033 2120 3136 2174 ὑπὸ
3166 2123 3266 2173 τοῦ
3315 2121 3361 2156 ³9
3406 2123 3506 2185 τῆς
3554 2120 3828 2175 καταστά-

2179 2229 2336 2278 σεως,
2369 2208 2632 2282 σταυροὺς
2667 2205 3064 2281 ῥοδοπλόκους,
3097 2207 3188 2261 καὶ
3223 2208 3336 2278 μετ’
3371 2206 3560 2284 ὀλίγον
3604 2204 3828 2282 δέχεται

2176 2298 2204 2351 6
2232 2295 2524 2372 δήμαρχος
2557 2301 2662 2351 τῶν
2698 2295 2953 2364 Βενέτων,
3005 2293 3378 2369 κρατούμενος
3421 2293 3478 2349 δὲ
3524 2297 3615 2350 καὶ
3664 2295 3828 2357 αὐτὸς

2175 2387 2275 2442 ὑπὸ
2340 2391 2438 2441 τοῦ
2503 2392 2603 2456 τῆς
2666 2385 3065 2453 καταστάσεως,
3125 2381 3409 2439 ἐπιδίδωσι
3462 2389 3545 2457 τῷ
3604 2382 3831 2458 βασιλεῖ

420 2475 682 2547 σταυροὺς
731 2473 820 2529 καὶ
865 2470 1131 2547 ὀσφράδια
1179 2474 1316 2544 (46),
1367 2473 1442 2534 ὡς
1488 2472 1832 2546 προείρηται,
1881 2473 1971 2527 καὶ
2043 2474 2240 2540 εὐθέως
2300 2475 2526 2548 ἄρχεται
2577 2475 2605 2528 ὁ
2671 2472 2922 2549 νοτόὶριος
2980 2477 3078 2528 τοῦ
3145 2473 3311 2530 αὐτοῦ
3379 2472 3576 2548 μέρους
3641 2471 3829 2548 λέγειν

417 2561 546 2623 τοὺς
588 2557 824 2632 ἰάμϐους
852 2567 952 2628 τῆς
981 2561 1199 2632 ἑορτῆς.
1225 2560 1312 2614 Ἑν
1366 2559 1423 2612 6‘s
1468 2563 1537 2630 τῇ
1585 2554 1686 2631 ἔξω
1739 2561 1887 2634 πύλῃ
1941 2559 2160 2636 δέχεται
2212 2565 2240 2617 6
2286 2560 2638 2637 δημοκράτης
2686 2568 2794 2618 τῶν
2845 2562 3147 2638 Πρασίνων,
3196 2559 3367 2638 ἤγουν
3419 2563 3447 2616 ὁ
3496 2559 3821 2636 δομέστικος

418 2653 526 2703 τῶν
577 2643 968 2719 ἐκσκουϐίτων,
1028 2642 1314 2700 ἐπιδίδωσι
1360 2643 1416 2700 δὲ
1465 2648 1555 2700 καὶ
1605 2647 1763 2710 αὐτὸς
1811 2653 1891 2720 τῷ
1942 2651 2159 2724 βασιλεῖ
2206 2651 2571 2725 κρατούμενος
2623 2651 2726 2707 ὑπὸ
2771 2654 2868 2706 τοῦ
2925 2658 3024 2720 τῆς
3090 2650 3486 2719 καταστάσεως,
3555 2653 3820 2724 σταυροὺς

422 2735 805 2811 ροδοπλύκους
835 2736 925 2791 καὶ
959 2731 1247 2814 ὀσφράδια.
1282 2735 1416 2790 Εἶτα
1441 2732 1660 2810 δέχεται
1706 2737 1733 2790 6
1785 2733 2076 2813 δήμαρχος
2124 2743 2232 2794 τῶν
2283 2740 2581 2814 Πρασίνων,
2630 2738 2915 2796 ἐπιδίδωσι
2955 2738 3011 2795 δὲ
3057 2741 3149 2795 καὶ
3193 2739 3352 2802 αὐτὸς
3400 2745 3479 2812 τῷ
3511 2739 3731 2814 βασιλεῖ
3749 2762 3827 2803 ως

427 2826 518 2880 καὶ
551 2827 602 2880 οἱ
634 2827 741 2901 πρὸ
772 2825 956 2884 αὐτοῦ.

497 2918 598 2973 ΙΙΙ.
623 2919 678 2972 Is
701 2915 1006 2989 paululum
1031 2932 1064 2971 a
1085 2915 1463 2972 Prasinorum
1489 2916 1737 2973 factione
1759 2917 2074 2987 digressus,

426 3025 459 3062 a
499 3021 678 3077 supra
716 3005 1056 3062 memoratis
1081 3007 1353 3074 stipatus,
1387 3005 1816 3076 processionem
1862 3007 2077 3077 excipit

424 3110 680 3164 cumque
730 3093 910 3151 cereis
962 3093 1224 3150 accensis
1279 3110 1475 3149 coram
1526 3096 1854 3150 veneranda
1903 3113 2076 3154 cruce

425 3187 694 3253 precatur
715 3187 772 3236 et
793 3186 1059 3237 sanctum
1083 3180 1464 3252 Evangelium
1487 3198 1552 3238 ac
1572 3181 1762 3253 ipsam
1794 3199 2071 3240 veneran-

425 3272 561 3326 dam
605 3285 834 3326 crucem
879 3270 1099 3325 adorat.
1133 3270 1200 3325 Et
1238 3270 1342 3337 sic,
1375 3275 1686 3341 postquam
1727 3287 1790 3327 se
1822 3272 2070 3330 invicem
2106 3237 2149 3305 C

426 3360 745 3414 adorarunt
788 3357 1153 3429 osculatique
1192 3362 1344 3426 sunt,
1387 3359 1700 3429 imperator
1745 3360 2072 3430 revertitur,

427 3452 484 3504 et
505 3464 538 3502 a
561 3446 850 3518 przefectis
873 3445 1160 3516 cubiculo,
1187 3445 1469 3518 patriciis,
1495 3447 1760 3519 strategis
1782 3457 1836 3504 et
1865 3455 2072 3507 senatu

430 3538 700 3607 stipatus,
745 3536 1172 3608 processionem
1222 3537 1509 3608 praecedit,
1557 3553 1774 3609 perque
1822 3540 2076 3596 mediam

427 3624 756 3697 baptisterii
798 3630 1022 3696 portam
1063 3625 1379 3695 digressus,
1421 3626 1758 3682 narthecem
1802 3626 1984 3684 intrat
2021 3632 2078 3685 et

427 3714 488 3770 in
521 3713 660 3769 sella
689 3714 876 3784 sedet,
898 3730 1085 3785 usque
1105 3714 1245 3769 dum
1269 3713 1559 3784 processio
1582 3730 1715 3770 cum
1749 3715 2078 3788 patriarcha

429 3803 643 3870 veniat,
671 3809 1031 3874 exspectans.
1059 3805 1184 3869 Qua
1213 3803 1500 3870 veniente,
1535 3803 1842 3876 imperator
1871 3806 2075 3879 surgit,

430 3901 483 3948 et
506 3897 810 3963 postquam
841 3908 904 3948 se
924 3892 1170 3948 invicem
1196 3895 1514 3949 adorarunt
1534 3894 1898 3966 osculatique
1918 3902 2076 3966 sunt,

431 3981 644 4036 abeunt
689 3984 746 4036 et
789 3981 848 4036 in
898 3981 989 4035 via
1019 3980 1523 4051 imperatoriarum
1556 3987 1858 4052 portarum
1887 3984 2082 4040 subsi-

2259 2921 2332 2977 Γ”.
2366 2921 2470 2976 Καὶ
2505 2919 2696 2993 μικρὸν
2735 2916 3039 2988 ὑπεξελθὼν
3087 2919 3115 2973 ὁ
3159 2917 3415 2994 βασιλεὺς
3449 2919 3555 2974 ἀπὸ
3589 2923 3687 2989 τῆς
3736 2918 3830 2977 δο-

2189 3008 2297 3081 χῆς
2325 3010 2431 3062 τῶν
2465 3007 2774 3084 ΙΙρασένων,
2799 3005 3229 3084 δηριγευόμενος
3263 3008 3365 3063 ὑπὸ
3417 3014 3528 3064 τῶν
3577 3008 3838 3085 ἀνωτέρω

2188 3096 2511 3170 εἰρημένων,
2567 3095 2784 3172 δέχεται
2842 3099 2940 3166 τήν
2993 3099 3175 3169 Λιτήν,
3237 3099 3327 3152 καὶ
3385 3097 3526 3171 ἅψας
3609 3100 3839 3174 κηροὺς,

2188 3181 2407 3261 εὔχεται
2455 3183 2508 3239 ἒν
2556 3191 2634 3258 τῷ
2682 3185 2851 3258 τιμίῳ
2899 3190 3113 3260 στατρῷ
3181 3187 3268 3242 καὶ
3331 3192 3622 3262 προσκυνεῖ
3668 3188 3730 3242 τό
3777 3209 3837 3243 τε

2187 3275 2458 3352 ἄχραντον
2493 3273 2824 3352 Εὐαγγέλιον
2866 3275 2956 3330 καὶ
3009 3274 3166 3330 αὐτὸν
3216 3275 3307 3329 τὸν
3350 3276 3536 3348 τίμιον
3579 3278 3831 3352 σταυρόν.

2187 3362 2285 3417 Καὶ
2343 3362 2437 3417 εἶθ’
2493 3364 2665 3425 οὕτως
2714 3367 3110 3436 προσκυνοῦσιν
3166 3363 3462 3440 ἀμφότεροι
3521 3362 3831 3435 ἀλλήλους,

2187 3451 2278 3506 καὶ
2327 3453 2719 3526 ἀσπασάμενοι,
2756 3450 3075 3529 ὑποστρέφει
3129 3453 3155 3505 6
3211 3449 3491 3526 βασιλεὺς,
3536 3453 3627 3507 καὶ
3678 3450 3842 3527 δηρι-

2188 3539 2482 3616 γευόμενος
2513 3541 2614 3596 ὑπὸ
2637 3546 2747 3596 τῶν
2779 3541 3061 3616 ἀρχόντων
3109 3544 3209 3595 τοῦ
3256 3536 3677 3613 κουϐουκλείου,
3723 3563 3840 3596 πα-

2189 3630 2412 3704 τρικίων
2443 3651 2502 3685 τε
2525 3628 2615 3684 καί
2646 3633 2968 3705 στρατηγῶν
3011 3629 3100 3684 καὶ
3149 3637 3249 3698 τῆς
3303 3629 3639 3705 συγκλήτου,
3692 3627 3842 3704 διέρ-

2192 3739 2349 3795 χεται
2391 3717 2692 3793 ἔμπροσθεν
2728 3725 2830 3788 τῆς
2885 3718 3066 3787 λιτῆς,
3125 3718 3213 3772 καὶ
3277 3717 3534 3782 εἰσελθὼν
3591 3715 3680 3773 διὰ
3733 3727 3839 3788 τῆς

2197 3808 2363 3882 μέσης
2395 3806 2576 3878 πύλης
2605 3812 2702 3863 τοῦ
2735 3808 3029 3882 λουτῆρος,
3063 3806 3366 3882 εἰσέρχεται
3398 3807 3450 3861 ἐν
3478 3811 3556 3878 τῷ
3601 3807 3836 3881 νάρθηκι

2191 3898 2282 3952 καὶ
2328 3896 2604 3966 καθέζεται
2675 3895 2761 3950 ἐπὶ
2829 3893 3053 3951 σελλίου
3103 3897 3452 3970 προσμένων,
3517 3894 3712 3972 μέχρις
3773 3895 3836 3949 ἂν

2193 3979 2474 4057 καταλάϐῃ
2502 3985 2536 4052 ἡ
2570 3981 2698 4051 λιτή
2733 3983 2868 4056 μετά
2892 3987 2990 4038 τοῦ
3035 3983 3396 4057 πατριάρχου.
3449 3983 3546 4036 Καὶ
3596 3980 3835 4037 καταλα-

1798 4106 2031 4162 VARIZE
2069 4108 2482 4166 LECTIONES.

501 4196 548 4272 ²ξ⁵
578 4189 862 4272 ἐπιδίδωσι
893 4227 961 4235 ——
990 4192 1359 4268 κρατούμενος
1397 4193 1550 4264 conj.
1585 4194 1805 4264 Leich.,
1845 4191 2152 4252 ἐπιδιδοῦσι
2182 4229 2250 4241 -
2279 4198 2638 4272 κρατούμενοι
2670 4200 2796 4258 cod.
2873 4199 2919 4235 '9
2953 4198 3055 4254 61:6
3081 4202 3179 4252 τοῦ
3211 4199 3366 4270 conj.
3402 4198 3494 4267 R.,
3535 4197 3622 4252 61:’
3662 4194 3831 4251 αὐτοῦ

434 4268 562 4324 eod.
595 4271 653 4323 et
682 4267 775 4322 ed.

1465 4373 1669 4432 JOAN.
1709 4374 1853 4432 JAC.
1898 4375 2164 4434 REISKII
2207 4378 2799 4437 COMMENTARIUS.

508 4500 619 4572 (46)
666 4492 992 4572 Ὁσφράδιαε
1035 4498 1158 4572 Mos
1201 4498 1702 4572 phiciimperatori
1753 4501 1811 4556 in
1868 4502 2076 4558 diebus

437 4569 955 4639 festis’proce'denti
979 4569 1285 4627 fasciculos
1315 4569 1527 4628 florum
1559 4573 1833 4628 afferendi
1865 4592 1899 4629 a
1927 4574 2080 4630 Grie-

437 4642 524 4697 cis
563 4641 636 4712 ad
675 4639 922 4697 Venetos
963 4643 1237 4712 manavit,
1279 4643 1608 4699 Graecorum
1647 4643 1786 4699 olim
1829 4646 2081 4702 vasallos

437 4720 491 4766 et
522 4711 732 4788 socios,
757 4715 984 4788 et‘apud
1009 4730 1106 4768 eos
1130 4715 1318 4788 adhuc
1343 4715 1585 4772 obtinet.
1605 4715 1713 4788 Die
1735 4732 1944 4788 nempe
1975 4722 2083 4773 As-

438 4783 725 4867 censionis
768 4781 1014 4867 Christi,
1045 4800 1158 4867 quo
1204 4785 1544 4867 Venetorum
1586 4787 1722 4867 dua,
1765 4793 1830 4843 ut
1873 4781 2078 4867 notum

439 4859 547 4920 est,
581 4854 758 4909 maris
797 4854 1075 4926 Adriatici
1108 4855 1422 4926 imperium
1465 4854 1793 4926 reipublicae
1825 4876 1944 4915 sua:
1981 4862 2080 4916 de-

439 4928 700 4996 sponsat,
735 4923 1065 4995 patriarcha
1093 4923 1406 4996 Gra'densis
1444 4923 1577 4983 duci
1608 4930 1668 4984 in
1701 4946 1857 4986 mare
1889 4934 2080 4988 evecto

439 4995 746 5053 fasciculos
777 4995 1008 5063 ﬂorum,
1032 4995 1134 5051 sed
1163 5001 1284 5051 arte
1313 4999 1620 5065 factorum,
1643 5017 1760 5055 non
1791 5007 1946 5058 terra
1971 5019 2084 5057 na-

438 5071 1072 5144 torum,_prtesentat.__
1103 5067 1415 5144 Keyslerus_
1460 5071 1518 5124 in
1577 5071 1878 5144 Itinerario
1946 5090 2076 5144 pag.

442 5139 601 5201 1098,
641 5137 725 5192 sic
762 5147 992 5211 narrat:
1030 5137 1360 5209 Unteriveges
1397 5138 1596 5193 kommt.
1631 5141 1730 5196 der
1771 5137 2076 5211 Patria-r05,

437 5212 678 5266 welcher
698 5226 772 5263 an
792 5209 998 5264 diesem
1019 5215 1244 5277 Morgen
1264 5211 1404 5265 nach
1425 5212 1604 5264 emam
1623 5213 1770 5267 alter:
1804 5209 2081 5270 Gebrauch

439 5282 538 5335 der
577 5281 664 5335 die
707 5283 958 5347 mc'essige
997 5281 1292 5335 Lebensart
1330 5282 1427 5336 der
1468 5281 1798 5338 Geistlichen
1827 5301 1930 5339 von
1958 5301 2080 5340 ver-

439 5367 726 5421 gaugenen
765 5351 951 5406 Zeiten
997 5353 1134 5406 noch
1177 5354 1232 5406 in
1279 5352 1568 5407 Auden/aen
1611 5355 1826 5422 erhazlt,
1857 5359 1918 5410 in
1958 5357 2081 5411 dem

440 5421 656 5494 Kloster
682 5423 788 5494 ider
835 5423 1371 5478 Olivetanermonche
1408 5425 1514 5494 auf
1557 5423 1654 5479 der
1697 5421 1838 5481 Insel
1877 5427 1928 5481 S.
1976 5429 2080 5482 He-

443 5491 589 5569 len_a_
614 5493 713 5569 mAi!
755 5491 1488 5569 ϐαιιᾳηιεημηφιῖαεδενέ
1532 5495 1783 5569 tractiret
1827 5499 2077 5569 worden,

439 5560 601 5639 nebst
621 5564 797 5639 ginem
820 5564 1142 5639 ⁵ἹῖΙιιιίιρείιιθιο
1170 5565 1410 5639 Clarisey
1442 5568 1659 5639 aafdas
1687 5560 2075 5639 Bucentorum;

441 5633 554 5711 and
582 5631 867 5711 base/territi
883 5637 987 5692 den
1009 5638 1146 5711 θυαε
1167 5637 1319 5711 nebat
1341 5631 1437 5711 der
1465 5631 1730 5711 Signoria
1755 5641 1858 5711 mit
1886 5631 2076 5698 Ιίιῖηειῖ

441 5699 551 5758 lica
585 5705 935 5773 ver/ertz'gten
968 5699 1198 5767 Blur'nen
1224 5708 1354 5766 oder
1379 5699 1670 5781 Βοιιᾳῖιθιε,
1702 5710 1902 5769 welche
1925 5712 2076 5770 diem

2110 4508 2155 4573 D
2187 4505 2427 4579 hernae}:
2481 4510 2577 4579 bey
2635 4507 2796 4562 ihrer
2848 4505 3226 4578 Zuriickkunft
3281 4522 3354 4579 an
3408 4507 3535 4575 gate
3588 4502 3836 4579 Ereulzde

2190 4577 2462 4634 schicken.
2485 4574 2650 4634 Forte
2679 4579 2815 4634 inde
2844 4574 3510 4660 quoquemanavitlmos
3533 4574 3688 4631 sedis
3718 4575 3834 4630 Ro-

2195 4665 2382 4704 manae
2400 4665 2592 4705 rosam
2608 4666 2842 4705 auream
2862 4649 2920 4704 in
2940 4649 3242 4705 Dominica
3263 4650 3472 4703 Laetare
3487 4662 3834 4702 consecran-

2194 4720 2273 4789 di,
2305 4737 2479 4791 quam
2522 4737 2671 4792 papa
2712 4721 2839 4788 fert,
2871 4719 3248 4792 eticardinali
3285 4720 3360 4792 de
3386 4717 3690 4792 comitatu
3713 4718 3837 4792 cui-

2193 4788 2341 4863 eam'
2361 4788 2552 4863 ι’θεὶνέ
2581 4788 2677 4847 aut
2709 4791 2954 4863 principi
2976 4792 3128 4863 dono
3152 4789 3346 4863 mittit,
3369 4789 3450 4863 de
3463 4805 3580 4859 qua
3597 4788 3716 4863 vid.
3737 4789 3828 4863 Ρη

2191 4861 2384 4934 Gange
2422 4859 2612 4919 Gloss.
2656 4859 2780 4918 Lat.
2820 4879 2875 4919 ν.
2898 4859 3073 4934 Rosa.
3096 4859 3370 4934 Libellus
3396 4859 3688 4934 _Fa_sconi_s
3727 4859 3836 4915 Co-

2193 4931 2354 4990 mitis
2371 4935 2808 5006 Andegavensie
2829 4935 2984 5004 apud
3006 4932 3368 4989 Holstenium
3386 4931 3620 5006 Colle_ct.
3640 4932 3831 4987 Rom.:

2194 5006 2293 5062 Ubi
2325 5006 2467 5062 mihi
2493 5002 2683 5077 ﬂorem
2717 5002 2971 5072 auream,
3007 5019 3167 5075 quem
3195 5021 3366 5077 manu
3398 5002 3638 5077 gerebat,
3673 5017 3834 5077 quem

2191 5092 2286 5147 ego
2340 5077 2404 5132 ob
2451 5074 2775 5132 memoriam
2820 5083 2874 5131 et
2919 5091 3166 5132 amarem
3218 5074 3373 5130 illius
3433 5075 3650 5147 Osanna
3704 5074 3832 5144 [seu

2195 5145 2490 5204 Dominica
2521 5148 2874 5220 Palmarum]
2904 5148 3302 5220 semp_er_mijt_i
3319 5218 3328 5220 _
3351 5145 3595 5220 meisque
3622 5161 3832 5220 succos:

2190 5220 2403 5274 scribus
2475 5219 2827 5290 deferendum
2856 5215 3189 5290 'consiitui,
3226 5218 3369 5272 Vide
3427 5215 3578 5290 infra
3634 5215 3830 5290 Nostri

2191 5307 2248 5361 p.
2278 5291 2396 5358 100,
2421 5292 2521 5346 ubi
2541 5287 2865 5362 imperator
2893 5290 3142 5362 Sabbato
3167 5289 3226 5344 S.
3250 5289 3468 5354 Lazari,
3490 5303 3594 5342 seu
3625 5288 3722 5357 qui
3757 5287 3832 5343 fe-

2190 5372 2373 5434 stum,
2398 5361 2734 5434 Palmarum
2780 5363 3070 5434 praecedit,
3115 5361 3331 5415 dicitur
3367 5363 3520 5434 inter
3559 5374 3828 5434 proceres

2189 5433 2448 5521 singulos
2493 5432 2593 5521 ἆνά
2633 5424 2969 5521 ἐῶς’βαὶρὲ
3013 5424 3241 5521 ἔχοχτος
3278 5424 3826 5521 τφοιμικςοφυλλανκαὶ

2188 5498 2452 5579 σάμ-ψυχα
2481 5504 2586 5579 καὶ
2615 5500 2788 5579 ἕτερα
2812 5498 3002 5579 ἐύώδῃ
3045 5498 3202 5572 ἕνθη,
3248 5498 3342 5579 οἷα
3371 5501 3400 5554 ὁ
3434 5498 3558 5579 τύτέ
3595 5498 3825 5572 παρέχει

2186 5572 2686 5650 καιρὸς”.ςίηαιιιο.ς
2725 5572 3035 5650 fasciculos
3081 5590 3110 5631 ε
3154 5576 3332 5650 ramis
3395 5572 3732 5650 palmarum,
3781 5578 3832 5625 et

2187 5642 2358 5703 herba
2396 5642 2690 5717 maiorana
2716 5642 2770 5705 et
2796 5647 2933 5704 aliis
2969 5642 3426 5715 suaveolentibui,
3467 5642 3660 5716 qualia
3689 5649 3827 5698 tem-

2182 5733 2286 5790 pus
2312 5721 2486 5793 (erat,
2509 5719 2856 5777 distribuere.
