4154 6302
325 362 435 422 33⁵1
1247 370 1346 431 DE
1390 372 1737 434 CERIMON
1745 374 1844 435 IIS
1885 377 1972 437 AI

2083 376 2122 432 E
2165 377 2639 442 ΒΥΖΑΝΤΙΝᾸΕ
2683 384 2828 442 LIB.
2876 385 2922 443 Ι.
3661 399 3777 457 338

334 489 537 563 ϐούσης
587 500 701 564 τῆς
760 497 970 569 λιτῆς,
1021 497 1286 556 ἀνίσταται
1334 501 1361 555 6
1413 501 1688 576 βασιλεὺς,
1719 505 1809 559 καὶ
1840 525 1972 578 προσ

2083 558 2094 574 ,
2121 513 2304 580 stunt,
2331 511 2424 566 ubi
2459 513 2788 585 imperator,
2821 519 3130 589 postquam
3161 535 3355 577 cereos
3386 539 3419 577 a
3450 529 3757 597 praeposito

339 586 671 655 κυνήσαντες
737 585 1060 664 ἆμφότεροι
1115 590 1204 644 καὶ
1260 589 1627 664 ἀσπασάμενοι
1688 593 1972 669 ἀπέρχοντι

2129 599 2372 670 accepit,
2394 607 2682 670 precatur,
2700 585 3031 674 patriarcha
3053 623 3250 678 preces
3273 585 3541 668 introitus
3561 585 3768 674 divinas

347 675 433 730 καὶ
478 673 738 729 ’ἱστανται
793 675 854 731 ἐν
904 681 984 750 τῷ
1031 676 1173 750 οὐδῷ
1210 680 1257 715 ³ο
1299 683 1406 734 τῶν
1453 680 1749 754 βασιλικῶν
1802 681 1972 739 πυλῶπ

2125 683 2378 760 liturgiaa
2410 690 2623 748 fundit.
2659 673 2994 764 Imperator,
3026 673 3338 768 postquam
3362 706 3631 770 precatus
3663 710 3767 769 est,

352 765 439 820 καὶ
468 759 661 821 λαϐὼν
697 765 924 840 κηροὺς
955 769 1097 844 παρά
1139 773 1236 824 τοῦ
1281 771 1640 845 πραιποσίτου
1672 773 1700 826 6
1734 771 1972 846 βασιλεὺι

2123 792 2319 832 cereos
2381 781 2704 848 praeposito,
2768 781 2862 838 hic
2929 785 3378 844 cerimoniarum
3455 792 3767 864 magistro,

358 853 568 929 εῦχεται
623 853 832 920 ἐκεῖσε,
885 857 913 909 6
961 853 1018 910 δὲ
1062 855 1407 932 πατριάρχης
1455 857 1663 914 ἐκτελεῖ
1706 861 1805 928 τὴν
1839 860 1972 936 εὐχή

2121 864 2317 932 tradit,
2348 869 2408 921 et
2438 873 2745 938 postquam
2771 871 3102 942 patriarcha
3125 890 3324 945 preces
3355 853 3768 952 ﬁnivit,vimpe-’

358 951 450 1012 τῆς
496 940 722 998 εἰσόδου
769 950 876 1012 τῆς
925 943 1066 1007 Θείας
1114 944 1475 1020 λειτουργίας.
1528 947 1834 1021 Εὖξάμενος
1881 946 1937 1003 δὲ

2119 955 2277 1006 rator
2307 964 2745 1013 sacrosanctum
2812 959 3189 1032 Evangelium
3255 981 3321 1020 ac
3377 940 3761 1024 venerandam

363 1031 640 1108 βασιλεὺς,
702 1029 992 1088 ἐπιδίδωσι
1051 1035 1176 1098 τοὺς
1230 1034 1436 1110 κηροὺς
1496 1040 1575 1108 τῷ
1639 1039 1972 1111 πραιποσίτιι.

2116 1055 2348 1096 crucem
2382 1043 2588 1099 adorat
2622 1061 2634 1099 :
2672 1062 2964 1118 manuque
2996 1051 3336 1120 patriarcha;
3371 1055 3680 1126 prehensa,
3704 1063 3761 1113 et

355 1123 596 1182 κάκεῖνος
656 1126 738 1192 τῷ
801 1129 903 1190 τῆς
950 1123 1349 1193 καταστάσεως,
1399 1124 1488 1178 καὶ
1535 1125 1852 1187 τελέσαντος
1909 1131 2006 1182 τοῦ

351 1211 701 1287 πατριάρχου
758 1212 860 1279 τὴν
919 1211 1109 1286 εὐχὴν,
1187 1219 1483 1286 προσκυνεῖ
1539 1215 1567 1268 ὁ
1631 1213 1882 1288 βασιλεὺς
1939 1218 2001 1272 τὸ

351 1301 626 1375 ἄχραντον
689 1297 1028 1375 Εὐαγγέλιον
1084 1302 1174 1355 καὶ
1228 1302 1320 1356 τὸν
1374 1302 1556 1375 τίμιον
1616 1305 1862 1380 σταυρὸν,
1911 1305 2001 1361 καί

349 1385 759 1462 ἐπιλαϐόμενος
803 1393 903 1454 τῆς
951 1391 1138 1465 χειρὸς
1185 1391 1281 1445 τοῦ
1328 1392 1674 1467 πατριάρχου
1721 1397 1809 1449 καὶ
1841 1392 2002 1470 δηρι-

344 1479 646 1553 γευόμενος
706 1479 809 1533 ὑπὸ
856 1483 963 1534 τῶν
1009 1480 1420 1554 προειρημένων
1464 1483 1702 1549 πάντων,
1749 1480 1998 1562 διέρχον-

339 1590 425 1623 ται
457 1567 775 1643 ἆμφότεροι
811 1568 973 1640 μέσον
1005 1565 1092 1622 διὰ
1135 1572 1232 1622 τοῦ
1281 1573 1410 1623 ναοῦ
1458 1569 1546 1624 καὶ
1580 1567 1669 1624 διὰ
1693 1577 1792 1640 τῆς
1825 1568 1998 1641 δεξιᾶς

337 1657 582 1731 πλαγίας
634 1661 736 1710 τοῦ
785 1651 1060 1728 ἄμϐωνος,
1112 1656 1450 1732 εἰσέρχονται
1507 1658 1828 1736 ἀμφότεροι,
1870 1661 1900 1715 6'
1938 1683 1996 1716 τε

341 1745 606 1821 βασιλεὺς
655 1744 747 1799 καὶ
805 1746 834 1799 6
889 1744 1256 1820 πατριάρχης,
1289 1745 1340 1800 ἔν
1379 1750 1448 1819 τῇ
1481 1746 1661 1819 σωλέᾳ
1687 1749 1777 1803 καί
1809 1750 1863 1802 οἱ
1896 1748 1996 1825 ἅρ-

2115 1129 2188 1184 ab
2209 1145 2302 1184 om
2314 1129 2486 1186 nibus
2507 1139 2638 1188 ante
2656 1134 2827 1190 dictis
2847 1137 3060 1206 stipati,
3077 1155 3180 1208 per
3203 1141 3453 1198 medium
3478 1145 3757 1215 templum

2113 1223 2169 1273 et
2199 1219 2469 1274 dextrum
2503 1221 2770 1276 ambonis
2799 1221 2954 1278 latus
2985 1225 3252 1297 digressi,
3286 1231 3539 1302 utrique,
3573 1233 3755 1304 impe-

2112 1314 2266 1363 rator
2326 1313 2381 1364 et
2438 1310 2791 1380 patriarcha,
2851 1311 3066 1368 soleam
3124 1316 3349 1372 intrant
3408 1335 3423 1374 :
3485 1321 3752 1378 cubiculo

2111 1402 2304 1453 autem
2339 1400 2590 1470 praefecti
2640 1417 2705 1455 ac
2754 1401 2958 1472 reliqui
3003 1407 3162 1459 extra
3208 1405 3426 1463 soleam
3481 1411 3752 1482 utrinque

2108 1487 2426 1555 adstantes,
2469 1493 2728 1544 manent.
2772 1491 2868 1545 67
2918 1491 3234 1564 Postquam
3283 1511 3415 1552 vero
3449 1498 3520 1552 ad
3560 1515 3751 1554 sacras

2098 1576 2318 1645 januas
2349 1592 2678 1648 pervenere,
2702 1579 3032 1650 patriarcha
3064 1583 3382 1638 sacrarium
3414 1584 3610 1652 intrat,
3645 1587 3749 1642 im-

2105 1668 2334 1735 perator
2365 1667 2436 1720 ad
2480 1669 2713 1722 sanctas
2755 1669 2971 1738 januas
3013 1671 3309 1740 subsistit,
3339 1673 3437 1728 ubi
3479 1689 3609 1729 cum
3651 1691 3744 1729 ac-

2103 1753 2298 1809 censis
2344 1753 2523 1809 cereis
2567 1762 2857 1825 precatur,
2893 1757 3094 1828 eisque
3130 1761 3437 1830 preeposito
3475 1763 3740 1832 redditis,

337 1855 535 1911 χοντες
576 1838 681 1890 τοῦ
729 1828 1144 1905 κουϐουκλείου,
1189 1836 1240 1890 οἱ
1291 1834 1348 1890 δὲ
1397 1835 1584 1891 λοιποὶ
1618 1836 1863 1909 μένουσιν
1894 1836 1972 1908 ἔξω

2103 1857 2301 1898 sacras
2325 1843 2539 1912 januas
2568 1844 2792 1914 adorat,
2818 1850 3013 1915 postea
3044 1828 3361 1904 sacrari—um
3383 1851 3554 1904 intrat
3575 1850 3742 1905 ﬂexos

329 1931 433 1992 τῆς
501 1921 724 1984 σωλέας
791 1922 1015 1985 ἑστῶτες
1082 1921 1224 1988 ἔνθεν
1291 1924 1527 1984 κάκεῖσε.
1594 1924 1874 1989 Ἐλθόντες
1937 1925 1994 1982 δὲ

333 2013 503 2088 μέχρι
534 2017 653 2067 τῶν
701 2013 868 2088 άγίων
917 2017 1116 2088 θυρῶν,
1149 2014 1178 2068 6
1211 2015 1308 2086 μὲν
1357 2014 1702 2092 πατριάρχης
1735 2016 1988 2091 εἰσέρχε-

313 2122 403 2156 ται
437 2101 515 2162 εἷς
562 2102 631 2155 τὸ
693 2106 1106 2176 θυσιαστήριον,
1161 2100 1192 2156 6'
1244 2122 1302 2156 τε
1362 2101 1614 2177 βασιλεὺς
1640 2101 1855 2159 ’ίσταται
1887 2102 1985 2176 ἔμ-

319 2201 554 2264 προσθεν
588 2193 701 2244 τῶν
751 2190 923 2266 ἁγίων
977 2192 1176 2264 θυρῶν,
1225 2191 1314 2245 καὶ
1362 2190 1498 2264 ’ἅψας
1528 2193 1733 2265 κηροὺς
1761 2191 1981 2266 εὔχεται

318 2279 417 2332 καὶ
463 2275 782 2333 ἐπιδίδωσιν
829 2277 1028 2340 αὐτοὺς
1074 2283 1154 2351 τῷ
1201 2281 1572 2354 πραιποσίτῳ,
1601 2279 1693 2334 καὶ
1739 2300 1982 2354 προσκυ-

2103 1946 2215 1999 que
2247 1946 2397 2003 genu
2437 1935 2696 1987 sanctam
2737 1932 2995 1988 tabulam
3027 1939 3351 2003 veneratus,
3387 1938 3440 1992 ei
3469 1954 3737 2008 apocom-

2099 2017 2262 2074 bium
2293 2018 2564 2090 imponit,
2595 2023 2651 2074 et
2681 2035 2712 2075 e
2741 2022 2996 2078 sacrario
3025 2038 3312 2093 egressus,
3344 2038 3476 2080 cum
3508 2023 3736 2081 solonni

2097 2108 2374 2164 comitatu
2407 2125 2509 2180 per
2538 2109 2805 2165 dextrum
2836 2110 3042 2182 templi
3069 2111 3222 2167 latus
3258 2111 3577 2182 digreditur
3606 2130 3732 2185 per-

2093 2211 2208 2267 que
2236 2196 2449 2252 dictam
2473 2195 2766 2252 cochleam
2795 2197 2869 2253 ad
2889 2198 3326 2257 catechumenia
3345 2200 3468 2256 abit
3487 2206 3544 2256 et
3562 2201 3731 2257 solito

2089 2282 2216 2340 loco
2239 2287 2503 2339 sanctam
2535 2285 2830 2356 liturgiam
2857 2285 3132 2344 celebrat.

326 2371 502 2438 νήσας
554 2368 649 2429 τὰς
699 2369 854 2444 ἁγίας
916 2370 1102 2444 θύρας,
1161 2371 1465 2445 εἰσέρχεται
1517 2372 1592 2434 εἷς
1646 2371 1710 2427 τὸ
1769 2373 2150 2447 θυσιαστήριον
2207 2372 2298 2427 καὶ
2356 2379 2650 2448 προσκυνεῖ
2694 2380 2795 2444 τῆν
2851 2375 3004 2449 ἁγίαν
3057 2377 3320 2450 τράπεζαν
3365 2379 3452 2432 καὶ
3483 2377 3730 2450 ἐπιτίθη-

329 2479 413 2512 σιν
466 2457 551 2513 ἐπ’
596 2460 724 2534 αὐτῇ
778 2455 1150 2532 ἀποκόμϐιον,
1208 2463 1298 2517 καὶ
1351 2461 1586 2534 ἐξελθὼν
1641 2462 1701 2518 ἐκ
1748 2468 1844 2518 τοῦ
1896 2465 2304 2538 θυσιαστηρίου,
2357 2461 2788 2538 δηριγευόμενος
2829 2465 2932 2520 ὑπὸ
2977 2469 3084 2519 τῶν
3137 2466 3188 2536 ἐξ
3235 2463 3411 2540 ἔθους,
3452 2466 3726 2544 διέρχεται

333 2548 423 2603 διά
467 2553 558 2604 106
597 2547 772 2620 δεξιοῦ
823 2552 1021 2626 μέρους
1060 2557 1158 2606 τοῦ
1201 2558 1330 2609 ναοῦ
1379 2555 1471 2608 καὶ
1521 2552 1807 2629 ἀνέρχεται
1856 2551 1943 2607 διὰ
1991 2557 2088 2609 τοῦ
2131 2555 2536 2626 προειρημένου
2586 2554 2824 2628 κοχλιοῦ
2871 2554 2921 2608 ἐν
2964 2561 3079 2618 τοῖς
3120 2557 3606 2631 κατηχουμενίοις,
3637 2562 3727 2614 καὶ

325 2639 563 2696 ἀπελθὼν
589 2641 744 2697 τελεῖ
776 2642 830 2696 ἓν
860 2646 941 2714 τῷ
974 2642 1266 2717 εἷθισμένῳ
1293 2645 1449 2717 τόπῳ
1477 2645 1576 2714 τὴν
1607 2644 1750 2707 θείαν
1783 2643 2152 2720 λειτουργίαν.

386 2732 455 2788 A'.
489 2733 594 2788 Καὶ
636 2731 692 2786 έν
729 2737 810 2804 τῷ
839 2738 1015 2808 καιρῷ
1057 2740 1156 2804 τῆς
1208 2734 1351 2798 θείας
1381 2736 1667 2797 κοινωνίας
1697 2734 1967 2790 ἆποστέλυ

309 2818 385 2874 λει
437 2822 467 2874 6
515 2823 889 2895 πραιπόσιτος
929 2823 1036 2877 ἀπὸ
1081 2821 1381 2879 κελεύσεως
1431 2821 1847 2896 σιλεντιαρίους,
1877 2824 1967 2878 καὶ

303 2909 758 2982 προσκαλοῦνται
809 2912 903 2966 τὸν
965 2912 1332 2987 πατριάρχην,
1385 2912 1476 2967 καὶ
1533 2910 1817 2989 ἀνέρχεται
1877 2909 1967 2966 διὰ

301 3003 392 3052 τοῦ
422 3000 600 3054 αὐτοῦ
630 3003 896 3074 κοχλιοῦ,
930 2999 1022 3054 καὶ
1075 2997 1306 3064 διελθὼν
1353 2997 1442 3055 διὰ
1475 3005 1584 3056 τῶν
1610 3020 1964 3074 κατηχουμε-

303 3089 451 3158 νίων,
514 3089 825 3164 ἀπέρχεται
883 3087 936 3143 ἐν
991 3093 1071 3162 τῷ
1127 3091 1344 3160 συνήθει
1383 3091 1560 3162 τόπῳ,
1598 3085 1723 3144 ἔνθα
1767 3091 1858 3144 καὶ
1899 3091 1962 3144 τὸ

308 3179 651 3251 ἀντιμίσιον,
683 3179 775 3233 καὶ
827 3184 1081 3234 κοινωνεῖ
1126 3180 1153 3233 6
1203 3179 1464 3242 Βασιλεὺς
1511 3178 1571 3234 ἐκ
1599 3183 1706 3234 τῶν
1732 3183 1830 3235 τοῦ
1859 3200 1960 3234 πα-

2149 2754 2244 2809 IV.
2286 2755 2569 2825 Tempore
2609 2770 2782 2810 sacras
2827 2755 3254 2812 communionis
3303 2760 3648 2829 prmpositus
3688 2777 3722 2816 ιι

2077 2841 2352 2897 mandato
2383 2841 2734 2898 silentiarios
2769 2843 2968 2911 mittit,
2999 2844 3096 2913 qui
3128 2845 3513 2914 patriarcham
3545 2847 3717 2903 advo-

2071 2934 2208 2984 cant
2237 2950 2250 2997 ;
2285 2929 2335 2985 is
2383 2947 2484 3000 per
2532 2933 2792 2987 eamdem
2825 2931 3119 2988 cochleam
3179 2935 3462 2998 ascendit,
3497 2951 3716 3008 perque

2073 3018 2514 3074 catechumenia
2543 3019 2864 3091 digressus,
2896 3021 2966 3075 ad
2996 3019 3188 3076 locum
3223 3028 3585 3094 consuetum,
3618 3025 3716 3078 ubi

2069 3107 2489 3163 antimensium
2521 3108 2838 3180 repositum
2867 3113 2974 3178 est,
2999 3109 3275 3180 procedit,
3299 3113 3398 3166 ubi
3421 3128 3452 3166 e
3477 3113 3716 3183 patriar-

2071 3194 2190 3250 cha
2223 3196 2492 3252 manibus
2520 3197 2826 3268 imperator
2857 3197 3286 3267 communicat;
3320 3215 3454 3255 mox
3475 3201 3718 3272 patriar-

309 3268 583 3343 τριάρχου
615 3272 848 3342 χειρῶν,
897 3268 989 3322 καὶ
1039 3268 1140 3332 εἶθ’
1187 3267 1362 3329 οὕτως
1393 3267 1689 3343 ἀπέρχεται
1718 3269 1746 3323 6
1771 3289 1966 3343 πατρι-

2083 3281 2176 3337 3ha
2207 3283 2348 3348 abit,
2375 3290 2429 3338 et
2462 3267 2693 3356 utrique
2723 3285 2782 3339 in
2817 3285 3167 3341 antimensio
3190 3291 3322 3342 ante
3345 3267 3590 3356 portam,
3616 3290 3715 3345 ubi

315 3357 514 3431 ἀρχης,
547 3357 643 3410 καὶ
677 3357 927 3412 ’ἰστανται
973 3357 1018 3392 ³¹
1063 3356 1114 3411 έν
1163 3360 1244 3428 τῷ
1293 3357 1580 3428 ἀντιμισίῳ
1609 3360 1688 3427 τῷ
1716 3351 1830 3410 ὄντι
1862 3357 1964 3411 ἀπ-

313 3444 484 3499 έναντι
528 3452 636 3514 τῆς
680 3443 886 3515 πύλης,
937 3442 988 3499 ἐν
1035 3446 1079 3516 ᾧ
1128 3447 1239 3516 (47)
1294 3445 1486 3517 ἀριστᾷ
1513 3448 1581 3518 τῇ
1613 3444 1751 3517 αὐτῇ
1784 3444 1964 3518 ἡμέρᾳ

314 3534 340 3586 6
380 3533 666 3608 βασιλεὺς,
716 3533 806 3588 καὶ
855 3537 1199 3588 κοινωνοῦσιν
1254 3531 1426 3588 ἐκεῖσε
1474 3534 1525 3587 οἱ
1574 3534 1818 3603 συνήθεις
1866 3531 1966 3605 ἄρ-

315 3641 523 3697 χοντες,
580 3622 675 3677 καὶ
729 3622 826 3676 εἷθ’
885 3622 1059 3684 οὕτως
1107 3624 1427 3696 κατέρχεται
1476 3622 1503 3675 6
1543 3621 1890 3696 πατριάρχης
1920 3624 1966 3658 θ’

311 3715 446 3784 πρὸς
496 3712 562 3766 τὸ
602 3708 884 3766 ’ἐκτελέσαι
935 3713 1037 3780 τήν
1087 3711 1230 3774 θείαν
1279 3709 1638 3785 λειτουργίαν.
1671 3711 1732 3766 Ὁ
1772 3708 1829 3763 δὲ
1862 3711 1964 3783 βα-

322 3798 501 3862 σιλεὺς
561 3799 864 3874 ἀπέρχεται
914 3796 1004 3854 διὰ
1047 3804 1146 3854 τοῦ
1195 3797 1500 3872 τρικλίνου,
1551 3797 1602 3853 ἑν
1647 3798 1693 3869 ᾧ
1751 3797 1962 3871 ἀριστᾷ,

318 3891 406 3944 καὶ
456 3889 770 3964 εἰσέρχεται
817 3889 869 3944 ἐν
913 3889 992 3961 τῷ
1036 3893 1254 3944 κοιτῶνι
1293 3888 1481 3944 αὐτοῦ.
1525 3887 1876 3957 Τελεσθείσης
1909 3884 1965 3941 δὲ

316 3985 414 4047 τῆς
481 3977 629 4040 θείας
706 3975 1072 4054 λειτουργίας,
1131 3975 1559 4032 ἀποστέλλονται
1615 3975 1962 4049 σιλεντιάριοι

316 4067 461 4140 παρά
497 4070 600 4121 τοῦ
641 4065 1009 4142 πραιποσίτου
1067 4065 1173 4121 ἀπὸ
1219 4065 1539 4134 κελεύσεως,
1588 4065 1679 4120 καὶ
1718 4084 1964 4138 προσκα-

313 4154 538 4209 λοῦνται
589 4154 685 4209 τὸν
733 4156 1105 4230 πατριάρχην.
1148 4158 1208 4213 Ὁ
1255 4152 1312 4209 δὲ
1360 4155 1706 4230 πατριάρχης
1737 4153 1965 4227 ἀνέρχε-

314 4266 419 4315 ται,
476 4244 853 4318 κρατούμενος
917 4244 1022 4300 ὑπὸ
1085 4248 1195 4300 τῶν
1263 4241 1660 4318 σιλεντιαρίων,
1721 4241 1811 4297 διὰ
1865 4245 1962 4296 τοῦ

313 4331 722 4408 προειρημένου
772 4330 1013 4410 κοχλιοῦ
1061 4333 1150 4387 καὶ
1200 4331 1503 4406 εἰσέρχεται
1563 4331 1614 4385 έν
1674 4335 1790 4393 τοῖς
1831 4351 1962 4385 κατ-

319 4422 700 4496 ῃχουμενίοις,
731 4420 948 4475 κάκεῖσε
989 4421 1182 4494 μικρὸν
1232 4419 1686 4495 προσμείναντος,
1718 4418 1962 4494 εἰσέρχε-

316 4530 400 4564 ται
432 4513 459 4566 6
483 4509 846 4584 πραιπόσιτος
901 4509 991 4564 καὶ
1041 4507 1208 4580 δηλοῖ
1235 4513 1313 4581 τῷ
1369 4509 1606 4585 βασιλεῖ,
1635 4510 1722 4563 καὶ
1771 4503 1956 4562 λαϐὼν

2075 3369 2184 3426 hoc
2252 3371 2344 3427 die
2408 3372 2721 3443 imperator
2776 3373 3104 3428 convivium
3162 3375 3302 3444 agit,
3359 3377 3713 3445 subsistunt,

2074 3462 2132 3514 et
2179 3474 2284 3529 pro
2329 3474 2488 3514 more
2519 3460 2773 3530 preteeti
2819 3458 3072 3514 cubiculi
3111 3462 3568 3531 communicant,
3599 3480 3714 3534 quo

2072 3546 2244 3612 facto,
2266 3546 2594 3616 patriarcha
2615 3548 2685 3601 ad
2708 3547 2962 3602 divinam
2983 3547 3281 3618 liturgiam
3306 3549 3714 3616 perficiendam

2073 3651 2136 3690 se
2184 3633 2485 3690 convertit.
2529 3635 2846 3705 Imperator
2894 3639 3082 3688 autern
3131 3649 3231 3702 per
3278 3635 3622 3704 triclinium,
3654 3639 3715 3693 in

2074 3737 2191 3792 quo
2220 3727 2502 3789 cmnatur,
2535 3722 2848 3794 egreditur,
2881 3727 2937 3777 et
2971 3737 3144 3776 suum
3185 3721 3517 3776 cubiculum
3550 3726 3714 3794 petit.

2072 3809 2279 3866 Divina
2327 3809 2570 3881 liturgia
2626 3810 2808 3878 finita,
2859 3809 3214 3865 silentiarios
3274 3810 3621 3880 prmpositus
3680 3830 3712 3867 a

2073 3899 2346 3953 mandato
2400 3899 2596 3967 mittit,
2646 3898 2747 3969 qui
2798 3897 3186 3968 patriarcham
3237 3902 3554 3956 arcessant.
3595 3902 3650 3954 Is
3682 3916 3716 3955 a

2073 3987 2412 4042 silentiariis
2453 3986 2687 4050 ductus.
2727 4003 2827 4059 per
2859 3987 3070 4041 dictam
3115 3985 3412 4042 cochleam
3447 3989 3714 4044 ascendit

2073 4079 2128 4131 et
2176 4076 2595 4131 catechumena
2638 4076 2838 4143 intrat,
2894 4075 2992 4130 ubi
3040 4082 3352 4146 postquam
3403 4073 3708 4146 paululum

2071 4165 2441 4236 exspectavit,
2467 4163 2832 4235 praepositus,
2855 4163 3186 4234 imperatori
3217 4162 3276 4216 id
3308 4163 3708 4231 nuntiaturus,

2075 4252 2421 4322 ingreditur,
2469 4251 2753 4320 signoque
2782 4249 2853 4303 ab
2884 4251 3226 4319 imperatore
3262 4249 3417 4313 dato,
3449 4265 3581 4305 cum
3612 4265 3706 4305 cu-

2071 4339 2250 4395 biculi
2276 4339 2560 4409 prmfeotis
2581 4337 2889 4409 egreditur,
2912 4341 2977 4391 ut
2998 4336 3382 4406 patriarcbam
3408 4337 3704 4403 advocent,

2068 4427 2170 4497 qui
2199 4425 2269 4480 ad
2300 4415 2706 4495 imperatorem
2738 4426 2798 4478 in
2819 4440 2885 4479 eo
2917 4422 3192 4490 triclinio,
3229 4423 3326 4477 ubi
3359 4423 3532 4480 etiam
3563 4441 3704 4480 con-

2067 4514 2286 4568 vivium
2330 4516 2598 4583 paratum
2632 4520 2739 4579 est,
2772 4511 3011 4576 accedit,
3054 4511 3150 4565 ubi
3182 4511 3362 4567 sticho
3395 4513 3572 4581 dicto,
3605 4531 3704 4583 pa-

313 4604 480 4671 νεῦμα
522 4598 671 4674 παρά
714 4604 812 4653 τοῦ
862 4599 1152 4672 βασιΛέως,
1205 4596 1477 4676 ἐξέρχεται
1530 4599 1663 4670 μετά
1707 4601 1814 4653 τῶν
1863 4595 1957 4668 ἀρ-

2083 4601 2325 4657 ;riarcha
2355 4599 2658 4670 paululum
2689 4599 2938 4654 discedit
2967 4613 3258 4668 suumque
3296 4601 3702 4672 om0phorium

313 4687 524 4760 χόντων
582 4689 682 4740 τοῦ
746 4681 1164 4753 κουϐουκλείου,
1229 4686 1320 4740 καὶ
1377 4683 1811 4759 προσκαλοῦνται
1866 4687 1957 4741 τὸν

316 4776 686 4850 πατριάρχην,
717 4775 807 4828 καὶ
839 4772 1048 4829 ἑνοῦται
1092 4778 1170 4845 τῷ
1217 4772 1433 4847 βασιλεῖ
1475 4772 1525 4827 ἐν
1555 4778 1635 4846 τῶ
1662 4773 1951 4848 τρικλίνῳ,

314 4860 362 4916 έν
397 4864 442 4934 ᾧ
470 4865 562 4917 καὶ
592 4864 655 4918 τὸ
686 4861 1002 4937 κλητώριον
1031 4863 1381 4935 ἡτοίμασται,
1425 4862 1515 4916 καὶ
1559 4863 1819 4917 εἰπόντων
1859 4864 1952 4919 τὸν

317 4952 523 5026 στίχον,
560 4952 916 5026 ὑπεξέρχεται
971 4950 1170 5026 μιλρὸν
1205 4952 1232 5004 ὁ
1262 4949 1608 5026 πατριάρχης
1636 4950 1724 5006 καὶ
1755 4947 1954 5007 ἐκϐάλ-

315 5037 395 5094 λει
436 5041 500 5096 τὸ
561 5041 886 5114 ὠμοφόριον
942 5038 1129 5108 αὐτοῦ,
1185 5040 1442 5100 ὡσαύτως
1499 5039 1645 5094 καὶὸ
1705 5038 1958 5114 βασιλεὺς

318 5123 574 5184 ἐκϐάλλει
611 5130 676 5184 16
734 5127 916 5202 σαγίον
976 5127 1160 5183 αὐτοῦ.
1213 5126 1310 5182 Καὶ
1366 5126 1675 5197 καθέζονται
1723 5129 1957 5205 ἀμφότε-

2071 4706 2172 4745 seu
2221 4688 2538 4757 humerale,
2569 4701 2730 4758 aeque
2777 4701 2844 4742 ac
2886 4685 3203 4757 imperator
3249 4702 3458 4758 sagum
3506 4705 3703 4758 suum,

2063 4777 2319 4848 deponit.
2335 4776 2497 4831 Tunc
2517 4775 2688 4830 ambo
2709 4789 2919 4830 mensa
2944 4775 3314 4841 accumbunt,
3329 4781 3384 4831 et
3406 4781 3704 4847 postquam

2063 4865 2242 4922 semel
2274 4865 2567 4927 biberunt,
2599 4863 2768 4918 amici
2802 4862 3046 4928 intrant,
3067 4867 3125 4917 et
3158 4862 3240 4917 sic
3272 4879 3502 4935 quoque
3533 4864 3703 4919 factio

2065 4958 2302 5024 utraque
2342 4952 2402 5006 in
2444 4950 2852 5022 baptisterium
2893 4951 3212 5014 descendit,
3253 4955 3329 5019 et,
3361 4951 3705 5020 imperatore

2063 5041 2389 5097 convivium
2412 5039 2757 5106 celebrante,
2782 5039 2894 5109 ipsi
2911 5043 3221 5094 consuetas
3256 5037 3702 5093 acclamationes

2065 5128 2399 5195 ordiuntur,
2438 5128 2703 5201 cibisque
2740 5125 2955 5193 allatis,
3007 5125 3316 5196 imperator
3364 5125 3703 5195 apocombia

1635 5229 1873 5285 νΑΡιΙιΕ
1910 5227 2203 5284 LECTION
2210 5228 2310 5283 ES.

373 5329 420 5365 ³⁸
457 5328 510 5383 ἐν
540 5333 611 5402 τῇ
655 5325 766 5402 ὁδῷ
797 5330 890 5386 ed.
965 5327 1009 5364 “
1034 5324 1248 5380 *ίσταται
1279 5326 1407 5382 cod.
1482 5325 1531 5361 ³³
1561 5326 1784 5382 Verba:
1837 5324 1864 5377 6
1914 5323 2261 5399 πατριάρχης
2311 5355 2382 5368 -
2424 5320 2516 5379 καὶ
2561 5319 2868 5397 εἷσέρχεται
2916 5321 3133 5378 absunt
3178 5319 3251 5376 ab
3290 5318 3406 5387 ed.,
3437 5318 3572 5375 add.
3605 5321 3696 5390 R.,

306 5419 364 5476 in
395 5427 516 5479 not.

1338 5507 1536 5564 JOAN.
1579 5507 1728 5562 JAC.
1773 5505 2039 5562 REISKlI
2077 5503 2672 5561 COMMENTARIUS.

383 5608 492 5674 (47,
526 5610 613 5664 Ita
643 5607 719 5664 M.
753 5610 810 5664 et
829 5609 1018 5680 potest
1045 5602 1343 5676 explicari.
1382 5603 1468 5658 ’Ev
1493 5599 1540 5672 ᾧ
1570 5605 1732 5659 notat
1760 5602 1857 5657 ubi
1883 5600 2162 5672 temporis
2191 5599 2279 5656 vel
2311 5598 2444 5655 loci.
2477 5595 2872 5653 Nihilominus
2903 5597 3096 5649 tamen
3117 5592 3285 5648 credo
3304 5593 3400 5646 τοῦ
3418 5591 3696 5666 τρικλίνου

314 5698 616 5755 excidisse.
