4154 6302
398 377 518 438 347
1467 375 1963 439 CONSTANTIN
1970 378 1998 437 Ι
2041 375 2735 440 PORPHYROGENI'I‘I
3683 375 3804 436 348

401 509 514 566 cha
560 505 878 564 sacrarium
924 503 1092 560 oratii
1129 504 1325 561 Sancti
1365 505 1522 573 Elite,
1555 509 1710 579 quod
1741 507 1802 565 in
1833 511 2036 566 eadem

2164 509 2378 572 ἳπαντες
2432 509 2483 563 οἰ
2537 515 2640 578 τῆς
2693 505 3056 581 συγκλήτου),
3105 508 3195 561 καὶ
3245 507 3452 583 γίνεται
3503 509 3538 576 ἡ
3577 508 3804 563 εἰωθυῖα

405 597 564 653 Nova
594 594 847 650 Ecclesia
886 601 993 662 est,
1033 609 1136 664 pro
1187 609 1347 650 more
1380 595 1680 667 ingressis,
1725 599 2045 669 patriarcha

2163 597 2571 668 ἰκκλθσιαστική
2604 596 2905 652 ἀκολουθία
2945 602 3046 666 τῆς
3078 593 3309 654 εἰσόδου.
3344 599 3467 652 Τῶν
3499 595 3557 650 δὲ
3603 594 3803 652 δεσπο-

406 686 630 758 primus
679 685 895 753 intrat;
945 683 1044 737 πο
1083 682 1304 739 domini
1345 700 1476 740 vero
1513 694 1674 740 extra
1711 703 1906 744 sacras
1945 689 2043 759 ja-

2159 688 2416 743 τῶνκατά
2458 687 2520 741 τὸ
2570 686 2763 750 εἰωθὸς
2813 684 3089 740 εἰσιόντων
3135 687 3272 758 μετὰ
3307 689 3402 739 τοῦ
3449 685 3799 760 πατρεάρχου

408 792 555 831 nuas
603 771 920 839 constituti,
951 786 1146 828 cereos
1185 789 1219 827 ιι
1259 773 1564 845 praeposito
1603 776 1900 847 accipiunt
1927 781 2044 833 ter-

2159 777 2232 839 εἰς
2267 770 2330 831 τὸ
2370 778 2748 849 θυσιαστήριον
2801 777 2907 846 (61)
2975 778 3071 829 τοῦ
3128 773 3417 850 εὐκτηρίου
3462 778 3559 829 τοῦ
3607 774 3799 849 Ἀγίου

409 880 520 935 que
570 879 723 935 genu
771 862 916 917 ﬂexo
965 862 1036 916 ad
1086 862 1266 918 Deum
1316 869 1647 934 precantur.
1699 866 1827 921 Mox
1857 873 2048 923 orato-

2161 863 2348 920 Ἠλιοῦ
2378 872 2477 934 τῆς
2511 865 2678 933 αὐτῆς
2720 863 2854 925 Νέας
2907 861 3256 933 Ἐκκλησίας,
3307 864 3334 917 ὁ
3397 864 3492 936 μὶν
3533 862 3801 937 πατριάρ-

405 953 557 1008 rium
588 951 834 1022 ingressi
859 953 991 1006 ante
1013 950 1211 1007 omnia
1229 968 1425 1008 sacras
1447 954 1678 1022 januas,
1703 958 1899 1025 postea
1914 971 2045 1012 sar.-

2161 974 2265 1028 χης
2302 955 2740 1030 προεισέρχεται,
2775 953 2826 1007 οἰ
2859 950 2918 1007 δὶ
2965 950 3240 1021 δεσπόται,
3280 954 3556 1024 ἱστάμενοι
3609 951 3801 1021 ἔξωθεν

408 1047 569 1098 ctum
596 1040 796 1096 altaris
827 1041 1137 1096 instratum
1168 1044 1226 1097 et
1255 1042 1569 1113 repositam
1600 1043 1680 1099 ibi
1703 1045 1888 1100 sancti
1921 1061 2048 1117 pro-

2163 1049 2261 1098 τῶν
2293 1043 2456 1118 ἁγίων
2487 1045 2689 1118 θυρῶν,
2724 1037 3070 1114 λαμϐάνουσι
3094 1041 3296 1115 κηροὺς
3339 1040 3442 1095 ἀπὸ
3481 1046 3588 1095 τῶν
3637 1062 3803 1115 πραι-

409 1129 594 1202 phetas
615 1134 836 1185 vestem
859 1127 1215 1200 osculantur,
1233 1133 1290 1186 et
1309 1131 1672 1202 apocombio,
1693 1149 1868 1187 sacras
1891 1150 2049 1188 men-

2168 1133 2418 1202 ιτοσίτων,
2471 1132 2562 1185 καὶ
2613 1128 2701 1185 διὰ
2747 1137 2847 1198 τῆς
2893 1136 3119 1204 τρισσῆς
3162 1132 3580 1201 προσκυνήσεως
3630 1131 3808 1184 ἀπευ-

408 1235 485 1274 sas
533 1218 801 1289 imposito
858 1233 959 1288 per
1001 1218 1230 1274 bemata
1286 1225 1612 1288 transeunt,
1657 1227 1710 1276 et
1758 1222 1938 1277 cereis
1985 1221 2045 1276 in

2168 1224 2478 1299 [aptotoﬁct
2508 1221 2588 1291 τῷ
2620 1224 2755 1290 Θεῷ.
2789 1220 2919 1275 Εἶτα
2960 1219 3336 1293 εἰσερχόμενοι
3387 1218 3440 1273 ἐν
3488 1223 3567 1290 τῷ
3615 1221 3808 1273 θυσια-

409 1306 660 1378 singulis
709 1307 1040 1362 bematibus
1091 1308 1375 1377 accensis,
1434 1309 1677 1364 instrata
1733 1327 1834 1380 pro
1891 1326 2049 1365 more

2161 1309 2382 1382 στηρίῳ,
2433 1307 2484 1362 ἐν
2531 1309 2772 1383 πρώτοις
2833 1308 2928 1379 μὲν
2983 1307 3302 1376 ἀσπάζονται
3349 1308 3418 1362 τὰ
3458 1309 3588 1382 ἅγια
3620 1309 3801 1380 θύρια,

409 1396 762 1452 osculantur.
822 1396 923 1451 Per
991 1411 1326 1467 gynaeceum
1389 1398 1585 1469 ipsum
1652 1404 2048 1467 transeuntes,

2166 1399 2270 1453 εἶτα
2298 1399 2397 1466 τὴν
2428 1404 2529 1466 τῆς
2569 1399 2722 1472 ἁγίας
2768 1396 3040 1470 τραπέζης
3089 1394 3312 1465 ένδυτὴν
3364 1397 3452 1450 καὶ
3490 1399 3588 1465 τήν
3630 1394 3806 1450 ἐκεῖσε

409 1501 600 1542 cereos
639 1485 709 1539 ad
759 1484 1012 1556 efﬁgiem
1071 1484 1290 1553 Basilii,
1336 1485 1701 1558 imperatoris
1749 1487 2045 1543 Christum

2164 1487 2524 1557 ἀποκειμένην
2564 1489 2660 1540 τοῦ
2702 1486 2860 1559 ἁγίου
2909 1487 3194 1561 προφήτου
3257 1483 3547 1556 μηλωτήν,
3578 1486 3669 1539 καὶ
3715 1506 3804 1539 τι-

407 1573 682 1642 amantis,
731 1572 1080 1643 accendunt,
1121 1577 1178 1628 et
1213 1573 1337 1629 vale
1384 1576 1726 1644 patriarchae
1765 1575 1941 1647 dicto,
1976 1579 2047 1634 ad

2162 1575 2328 1637 θέντες
2361 1569 2703 1648 ἀποκόμϐιον
2731 1573 2819 1629 ἐπὶ
2848 1580 2948 1642 τῆς
2987 1575 3148 1650 ἁγίας
3204 1574 3496 1647 τραπέζης,
3548 1571 3802 1652 διέρχον-

407 1665 604 1720 Ιοουω
627 1661 1015 1729 elevatiorem,
1041 1663 1140 1718 ubi
1170 1667 1399 1719 orantes
1428 1666 1775 1733 consistunt,
1808 1667 2046 1738 abeunt,

2163 1685 2246 1718 ται
2279 1661 2368 1718 δίά
2408 1669 2514 1718 τῶν
2578 1663 2838 1737 βημάτων
2890 1665 3024 1734 (62),
3059 1663 3315 1722 ἅπτοντος
3360 1661 3563 1736 κηροὺς
3599 1669 3719 1727 καθ’
3747 1662 3803 1719 ἓν

409 1753 545 1810 inde
589 1751 662 1807 ad
713 1751 1070 1821 narthecem,
1121 1751 1218 1822 qui
1265 1769 1441 1823 prope
1485 1769 1643 1810 mare
1689 1772 1790 1812 seu
1841 1774 2046 1814 cavum

2164 1750 2381 1807 ἕκαστον
2441 1755 2619 1826 βῆμα,
2677 1750 3043 1823 ἀσπαζόμενοι
3091 1752 3229 1805 κατὰ
3274 1751 3335 1805 τὸ
3366 1750 3554 1812 εἰωθὸς
3582 1750 3676 1811 τάς
3721 1750 3804 1806 ἐν·

407 1856 708 1898 recessum
756 1855 937 1895 sacrae
984 1854 1196 1896 mensae
1229 1850 1335 1909 est,
1369 1841 1467 1897 ubi
1509 1842 1666 1899 sellae
1712 1845 1913 1916 posita:
1951 1861 2046 1901 ve-

2165 1837 2341 1900 δυτάς.
2397 1839 2497 1894 Καὶ
2551 1836 2901 1916 διερχόμενοι
2943 1835 3033 1892 διά
3086 1844 3184 1893 τοῦ
3242 1837 3407 1892 αὐτοῦ
3466 1838 3805 1914 γυναικίτου,

407 1932 649 2001 lumque
670 1945 1046 2001 suspensum.
1072 1930 1400 1999 discedunt,
1423 1936 1609 1988 vestes
1640 1950 1780 1990 suas
1797 1938 2047 2003 mutant,

2172 1930 2388 1984 Ξὶπτουσι
2439 1929 2642 2002 κηροὺς
2690 1927 2765 1988 εἰς
2813 1928 2911 1995 τήν
2971 1927 3148 1983 εἰκόνα
3199 1926 3486 1983 Βασιλείου
3543 1930 3655 2000 (63)
3713 1932 3812 1982 τοῦ

407 2023 464 2075 et
494 2020 678 2076 sancti
705 2017 997 2091 Evangelii
1019 2019 1326 2076 lectionem
1350 2026 1767 2093 exspectantes,
1793 2024 2047 2093 adstant,

2175 2016 2525 2097 ριΑοχρίστου
2566 2018 2859 2086 Δεσπότου,
2908 2016 2998 2070 καὶ
3048 2013 3244 2078 εὐθέως
3294 2016 3815 2094 ἀποχαιρετίζοντες

409 2109 778 2180 acceptisque
817 2126 850 2164 a
889 2109 1215 2181 praepositis
1248 2110 1448 2178 cereis,
1492 2117 1760 2168 sanctum
1792 2113 2049 2185 Evange-

2174 2109 2250 2163 τὸν
2283 2107 2656 2181 πατριάρχην,
2701 2105 3040 2179 εἰσέρχονται
3072 2105 3125 2159 έν
3163 2111 3245 2177 τῷ
3295 2104 3466 2160 ἐκεῖσε
3507 2126 3814 2180 προσευχα-

408 2199 558 2255 lium
590 2198 856 2254 audiunt.
889 2198 1080 2255 Finita
1108 2204 1367 2266 extensa,
1400 2201 1722 2269 consident,
1755 2210 1807 2258 et
1838 2218 2048 2258 mensa-1

2168 2193 2264 2269 δίῳ
2294 2199 2428 2269 (64),
2467 2195 2710 2250 κάκεῖθεν
2762 2188 3100 2255 ἐκϐαίνοντες
3157 2193 3232 2255 εἰς
3275 2193 3366 2248 τὸν
3416 2195 3552 2268 πρός
3581 2195 3682 2263 τήν
3715 2197 3808 2249 θά-

409 2287 716 2359 prtefectus
769 2302 902 2342 cum
943 2286 1304 2344 tricliniariis
1357 2289 1428 2344 ad
1487 2289 1818 2346 convivium
1869 2291 2049 2358 ducit,

2173 2286 2361 2340 λασσαν
2405 2287 2520 2358 (65)
2566 2286 2831 2359 νάρθηκα,
2865 2282 2918 2338 ἐν
3054 2283 3145 2338 καὶ
3199 2284 3267 2337 τά
3325 2280 3516 2338 σελλία
3565 2281 3813 2337 ’ἰστανται

409 2377 566 2448 quod
611 2376 735 2444 ipse
783 2390 1034 2447 magnus
1082 2376 1391 2445 imperator
1420 2379 1670 2433 ordinat.
1719 2379 1808 2434 Sic
1853 2384 2049 2452 postea

2171 2375 2253 2430 καὶ
2308 2374 2372 2428 τὸ
2427 2372 2600 2448 βῆλον
2641 2373 2929 2448 κρέμαται,
2979 2370 3392 2427 ἀπαλλάσσουσι
3462 2372 3556 2434 τὰς
3605 2373 3811 2427 ἑαυτῶν

411 2464 633 2521 domini
663 2467 886 2520 secreto
925 2481 1026 2534 per
1055 2467 1327 2520 eumdem
1374 2467 1705 2523 narthecem
1749 2471 1807 2522 et
1845 2470 2051 2540 mysti-

2168 2463 2454 2539 χΛανιδας,
2501 2463 2592 2518 καὶ
2652 2463 2889 2518 ἵστανται
2953 2459 3306 2537 ἐκδεχόμενοι
3358 2464 3458 2530 τήν
3505 2465 3602 2518 τοῦ
3645 2462 3808 2536 ἁγίου

413 2568 544 2609 cum
589 2568 921 2619 ascensum,
954 2553 1050 2622 qui
1091 2554 1171 2608 ibi
1211 2559 1319 2622 est,
1353 2571 1568 2626 perque
1605 2557 1874 2625 superius
1904 2557 2052 2613 sola-

2169 2551 2509 2627 Εὐαγγελίου
2558 2550 2878 2626 ἀνάγνωσιν,
2940 2550 3037 2606 εἷθ’
3077 2549 3250 2608 οὕτως
3292 2545 3662 2624 λαμϐάνοντες
3703 2571 3809 2620 κη-

407 2642 560 2698 rium
610 2643 869 2713 ejusdem
914 2642 1204 2697 narthecis
1258 2645 1328 2698 ad
1379 2643 1658 2715 palatium
1716 2646 2047 2705 discedunt.

2174 2645 2291 2704 soi):
2350 2643 2494 2716 παρά
2547 2645 2654 2695 τῶν
2701 2641 3095 2714 πραιποσίτων,
3156 2640 3412 2694 ἀκούουσι
3482 2644 3577 2694 τοῦ
3657 2639 3814 2713 ἀγίου

405 2729 715 2786 Sciendum
743 2734 849 2797 est,
885 2729 1258 2801 imperatores
1287 2731 1394 2786 hoc
1427 2731 1572 2787 festo
1603 2731 1660 2786 in
1709 2735 2045 2791 mutatoriis

2176 2730 2530 2808 Εὐαγγελίου.
2581 2730 2728 2787 Μετά
2785 2727 2841 2784 δὲ
2889 2731 2988 2798 τήν
3055 2728 3322 2784 ἀπόλυσιν
3398 2735 3498 2798 τῆς
3571 2728 3816 2790 ἐκτενοῦς

407 2835 626 2875 mensae
657 2820 929 2874 assidere.

2171 2821 2498 2891 καθέζονται,
2539 2820 2630 2876 καὶ
2705 2820 2907 2894 εἰσάγει
2952 2821 2980 2873 ὁ
3033 2826 3134 2887 τῆς
3179 2820 3459 2892 τραπέζης
3523 2819 3662 2890 μετά
3720 2817 3811 2871 καί

402 2914 512 2963 τῶν
561 2905 899 2982 ἀρτοκλινῶν
955 2908 1018 2962 τὸ
1060 2905 1396 2982 κλητώριον,
1445 2909 1534 2965 καὶ
1590 2916 1801 2985 στοιχεῐ
1853 2912 1980 2966 αὐτὸ
2039 2912 2067 2966 ὁ
2121 2912 2288 2988 μέγας
2352 2907 2631 2983 βασιλεὺς,
2691 2910 2777 2964 καί
2828 2909 2925 2971 εἶθ’
2974 2906 3145 2962 οὕτως
3183 2908 3234 2962 οἰ
3283 2904 3536 2962 δεσπόται
3569 2904 3820 2982 διέρχον-

411 3019 500 3053 ται
560 3001 833 3070 μυστικῶς
893 2995 981 3051 διὰ
1019 3001 1114 3052 τοῦ
1145 2999 1314 3052 αὐτοῦ
1353 2998 1621 3073 νάρθηκος
1660 3000 1752 3054 καὶ
1804 3005 1900 3054 τοῦ
1951 3001 2123 3056 ἐκεῖσε
2184 3002 2445 3072 μυστ-ικοῦ
2493 2992 2810 3068 ἀναϐασίου,
2840 2997 2930 3051 καὶ
2964 2995 3054 3052 διά
3103 3001 3199 3051 τοῦ
3256 2996 3530 3052 ἄνωτάτου
3584 2995 3823 3064 ἡλιακοῦ

409 3090 507 3139 τοῦ
566 3087 734 3140 αὐτοῦ
791 3087 1058 3159 νάρθηκος
1117 3085 1452 3160 εἰσέρχονται
1510 3089 1560 3141 οἰ
1620 3085 1874 3143 δεσπόται
1933 3089 2009 3151 εἰς
2065 3090 2125 3146 τὸ
2184 3089 2468 3142 παΛάτιον.
2525 3089 2745 3160 Ἰστέον³
2805 3086 2890 3140 ὅτι
2943 3087 3113 3158 ταύτῇ
3173 3093 3238 3155 τῆ
3301 3087 3464 3160 ἑορτῇ
3523 3086 3655 3158 μετά
3705 3089 3817 3138 τῶν

415 3173 734 3248 ἁλλαξίμων
766 3175 1076 3244 καθέζονται
1101 3175 1152 3227 οἰ
1185 3172 1434 3229 δεσπόται
1468 3175 1554 3229 ἐπὶ
1594 3175 1885 3251 τραπέζης,

1045 3264 1271 3322 CAPUT
1301 3266 1421 3323 XX.
2084 3279 2128 3342 ο

2084 3279 2128 3342 c
2799 3267 3061 3322 ΚΕΦΑΛ.
3096 3266 3169 3322 Κ’.

414 3357 612 3431 Mensis
664 3354 798 3431 Maii
827 3354 1022 3431 primo
1078 3357 1319 3431 enormia
1365 3358 1524 3412 Non;
1568 3358 1806 3431 ecclesiae
1835 3377 1852 3412 :
1892 3363 1945 3414 et
1991 3359 2054 3415 de

2185 3357 2314 3429 ίίηνὶ
2356 3355 2520 3431 Μαΐῳ
2566 3357 2612 3410 α’
2661 3355 2727 3412 τὰ
2781 3355 3024 3431 ἐγκαίνια
3072 3362 3172 3424 τῆς
3233 3355 3390 3431 Νέας,
3450 3351 3549 3431 ὅσα
3591 3350 3674 3408 δεῖ
3718 3374 3825 3408 πα-

485 3426 690 3508 ritibus
721 3429 792 3508 in_
807 3424 945 3507 festo
974 3427 1346 3482 encwniorum
1374 3432 1541 3485 Novae
1569 3430 1775 3499 Magna:
1805 3431 2060 3487 Ecclesia!

2239 3424 2793 3508 papulsitt‘eivutﬁm
2821 3424 3008 3508 ⁷ἑορτῆ
3039 3498 3055 3508 _
3111 3431 3220 3508 τῶν
3273 3424 3614 3508 Μέγκαινίων
3721 3432 3822 3494 τῆς

486 3450 690 3554 νῗῑοιιδ
721 3450 792 3552 ":1
807 3450 945 3507 [εδιυ
974 3450 1346 3482 encwnwrum
1374 3450 1541 3485 uavw
1569 3450 1775 3499 magna:
1805 3450 2060 3487 scelestas

486 3517 518 3553 0
558 3515 752 3555 servan
797 3515 862 3552 zs.

1690 3450 1775 3484 na:
1805 3450 2060 3487 ισσιειςιω
2275 3450 2597 3508 αφυΑαττειν
2673 3450 2742 3499 τῃ
2848 3450 3008 3500 εορτη
3111 3450 3220 3482 των
3298 3499 3300 3502 ν
3327 3450 3330 3477 ι

2239 3450 2377 3562 ᾗέας
2399 3502 2448 3536 39
2479 3503 2588 3573 (66)
2619 3498 2880 3572 Μεγάλης
2907 3498 3236 3568 Ἐκκλησίας
3265 3498 3330 3550 ⁴⁰.

488 3589 531 3644 Ι.
564 3588 759 3643 Pridie
798 3587 971 3643 unius
1014 3587 1128 3643 diei
1161 3587 1376 3645 domini
1411 3590 1738 3662 praepositis
1775 3589 2057 3658 indicant,

2237 3592 2322 3647 A"
2361 3589 2471 3663 Πρὸ
2535 3591 2659 3661 μιᾶς
2705 3586 2912 3660 ἡμέρας
2963 3584 3277 3640 κελεύουσιν
3323 3585 3374 3638 οἱ
3418 3581 3674 3638 δεσπόται
3704 3588 3824 3644 τοῖς

418 3685 686 3734 senatum
718 3693 950 3733 omnem
974 3676 1215 3733 mutatis
1237 3677 1493 3733 vestibus
1521 3681 1783 3750 sequenti
1816 3682 1908 3735 die
1939 3697 2058 3752 pro-

2179 3675 2568 3752 πραιποσίτοις,
2600 3674 2883 3750 προελθεῖν
2914 3673 3000 3730 ἐπὶ
3044 3678 3109 3748 τῇ
3163 3672 3347 3749 αὔριον
3399 3674 3533 3746 μετά
3590 3669 3819 3743 ἀλλαξί-

418 3783 720 3824 cessurum
743 3783 868 3823 esse
900 3784 913 3826 :
950 3784 1075 3839 quae
1107 3771 1411 3838 postquam
1438 3767 1650 3837 illuxit,
1674 3769 1827 3825 circa
1860 3769 2058 3826 horam

2178 3789 2287 3840 μων
2335 3770 2504 3821 πᾶσαν
2554 3766 2652 3833 τήν
2704 3764 3037 3838 σῦγκπητον,
3085 3762 3174 3817 καὶ
3219 3767 3287 3837 τῇ
3317 3758 3481 3826 ἕωθεν
3516 3761 3640 3834 περί
3672 3760 3818 3835 ὥραν

419 3857 734 3912 secundam
783 3857 1129 3912 matutinam
1180 3855 1521 3927 praepositos
1571 3858 1788 3913 intrare
1828 3859 2059 3929 jubent,

2183 3856 2417 3928 Ξευτέραν
2451 3853 2762 3909 κελεύουσιν
2795 3853 2846 3908 οἰ
2880 3850 3134 3907 δεσπόται
3168 3851 3425 3906 εἰσελθεῖν
3477 3850 3606 3911 τούς
3657 3869 3823 3923 πραι-

419 3963 532 4017 quo
564 3947 733 4012 tacto,
765 3961 894 4001 cum
932 3944 1134 4016 paucis
1173 3944 1551 4000 cubiculariis
1592 3961 1710 4000 una
1749 3962 1877 4001 cum
1914 3963 2059 4018 papa

2184 3945 2450 4008 τοσίτους,
2484 3942 2573 3996 καὶ
2607 3940 2673 4010 δὴ
2707 3943 2915 3997 τούτων
2946 3940 3300 4004 εἰσελθόντων
3338 3941 3470 4012 μετά
3494 3938 3583 3993 καὶ
3618 3937 3824 4013 ὀλίγων

419 4040 475 4090 et
537 4035 917 4090 heteriarcha
958 4033 1194 4098 abeunt,
1255 4041 1306 4087 et
1347 4033 1736 4102 patriarcbam
1784 4051 1916 4089 cum
1955 4052 2059 4090 me:

2185 4037 2267 4086 τοῦ
2322 4026 2737 4103 κουϐουκλείου,
2799 4032 3133 4105 ἂπέρχονται
3195 4031 3307 4102 ἅμα
3365 4032 3461 4083 τοῦ
3503 4029 3680 4082 παπία
3732 4028 3825 4081 καὶ

419 4123 707 4194 tropolitis
749 4126 804 4178 et
835 4120 1056 4192 reliquo
1086 4121 1216 4190 ejus
1247 4119 1438 4174 ofﬁcio
1468 4119 1784 4176 adducunt.
1819 4121 1926 4185 Qui
1965 4139 2059 4194 per

2186 4124 2268 4176 τοῦ
2327 4120 2730 4195 ἒταιρειάρχου,
2791 4119 2878 4173 καὶ
2941 4118 3218 4192 εἰσάγουσι
3299 4117 3391 4173 τὸν
3475 4116 3826 4191 πατριάρχην

1775 4245 2011 4301 VABLE
2050 4245 2464 4301 LECTIONES.

490 4348 535 4383 ³ο
564 4345 698 4407 Νέας
725 4362 840 4403 om.
873 4345 966 4402 ed.
1043 4344 1088 4379 ‘°
1118 4345 1324 4400 ΣΧΟΛ.
1357 4341 1568 4411 Ἰστέον,
1602 4343 1684 4396 δτι
1715 4343 1804 4396 καὶ
1835 4340 1969 4413 αὕτη
2002 4344 2037 4412 ἡ
2070 4343 2230 4417 ἑορτὴ
2256 4340 2650 4417 έκαινουργήθη
2689 4340 2774 4397 ἐπὶ
2810 4341 3102 4398 Βασιλείου
3135 4338 3415 4397 δεσπότου.

1446 4471 1640 4530 JOAN.
1682 4471 1824 4529 JAC.
1866 4471 2126 4529 REISKII
2164 4470 2761 4528 COMMENTARIUS.

422 4586 657 4644 clesiam
689 4589 743 4642 et
774 4586 1058 4655 Deiparan
1091 4585 1266 4641 Phari
1287 4582 1560 4649 Bucoleo,
1593 4585 1814 4658 portus,
1842 4581 2068 4658 medius
2103 4587 2147 4650 ι)
2215 4652 2227 4658 _
2251 4581 2383 4658 (64)
2405 4581 2648 4658 Videtur
2690 4577 3090 4658 προσευχάδιον
3123 4581 3334 4658 cellula
3378 4582 3578 4653 fuisse,
3612 4585 3827 4658 ligneis

421 4663 773 4715 recensetur.
802 4652 990 4716 Ph'otii
1013 4659 1331 4714 orationem
1364 4658 1421 4711 in
1446 4652 1662 4712 Novam
1696 4653 2001 4708 ecclesiam
2037 4671 2070 4708 a
2180 4652 2418 4708 elathris
2440 4653 2686 4719 munita,
2712 4652 3008 4723 quales’ad
3035 4653 3300 4723 singulas
3323 4652 3826 4715 sanctorum'ima-

423 4729 635 4786 Basilio
657 4747 760 4785 suo
792 4735 1052 4798 tempore
1083 4736 1367 4785 structam
1400 4728 1582 4782 edidit
1615 4725 1966 4798 Lambecius
1993 4726 2063 4779 ad
2180 4724 2344 4798 gines
2371 4724 2626 4798 singulae;
2646 4730 2832 4792 erant,
2866 4723 3090 4798 similes
3121 4725 3514 4798 confessoriis,
3549 4735 3650 4782 aut
3679 4747 3824 4784 con-

421 4802 622 4858 Codin.
658 4819 713 4874 p.
757 4801 878 4868 187,
903 4795 1056 4856 unde
1087 4802 1314 4873 repetiit
1347 4799 1649 4854 Bandurus
1677 4795 1820 4868 imp.
1845 4797 2064 4852 Orient.
2175 4795 2547 4874 t'essionibus,
2573 4796 2671 4874 ubi
2696 4795 3437 4874 sacerdotesconfessiones
3465 4795 3824 4874 audiunttin

419 4875 462 4930 Ι.
489 4867 800 4946 νι,ρ.’ί17,
832 4867 995 4944 seqq.
1154 4867 1186 4946 ’ν
1630 4887 1670 4946 _'
1766 4867 1777 4868 ί
1947 4939 1957 4946 ﬁ
2178 4867 2530 4946 uostrarium
2590 4872 2646 4946 e_t
2697 4867 3145 4946 Romanensium
3204 4867 3484 4923 ecclesiis.
3543 4871 3674 4927 Vid.
3735 4873 3823 4946 Du

492 4937 608 5018 (6i)
652 4946 728 5002 Ex
773 4937 879 5000 hoc
915 4937 1046 5018 loco
1101 4945 1256 5015 patet
1307 4940 1766 5018 unumquodque
1811 4939 2066 5018 orarium
2174 4939 2591 5018 ροηδε-61088..
2704 4954 2756 5018 v.
2789 4937 3060 5018 Quaedam
3095 4943 3292 4992 tamen
3324 4955 3544 5018 eorum,
3578 4959 3704 5012 qum
3737 4945 3819 4999 ibi

419 5006 682 5087 qualium
707 5018 764 5071 in
789 5033 903 5072 nna
925 5006 1244 5087 eademque
1263 5006 1702 5087 ecclesia-plura
1727 5015 1912 5078 erant,
1935 5028 2066 5080 par-
2175 5006 2332 5087 citat,
2358 5009 2812 5087 _loca__videntur
2851 5011 3075 5087 docere,
3107 5006 3506 5087 προσευχάδιον
3539 5006 3667 5087 esse
3698 5031 3824 5070 sca-

421 5080 506 5144 tes
536 5089 789 5145 ecclesiae
821 5103 1027 5145 omnes
1057 5080 1349 5152 habuisse,
1383 5089 1448 5138 ut
1479 5080 1838 5147 narthecem,
1866 5098 2062 5152 naum,
2176 5080 2325 5135 bella
2358 5080 2605 5154 humilia
2627 5083 2735 5136 sub
2759 5086 3090 5154 sanctorum
3124 5080 3476 5154 imaginibus
3509 5086 3716 5154 posita,
3748 5089 3824 5143 ad

419 5159 936 5218 Sacriﬁcatorium.
1337 5151 1341 5152 ν
1579 5222 1584 5223 ί
1799 5222 1826 5223 η
2051 5151 2055 5152 ί
2175 5169 2301 5223 quae
2334 5153 2683 5207 infirmiores
2733 5167 2922 5222 genua
2954 5151 3267 5223 ﬂectebant
3291 5151 3612 5223 precantes.
3661 5157 3824 5216 Talia

489 5235 600 5300 (62)
634 5236 777 5288 Cum
821 5233 1006 5286 dicata
1037 5233 1193 5285 esset
1232 5227 1353 5283 haec
1385 5222 1633 5300 ecclesia
1662 5222 1926 5300 pluribus
1959 5239 2062 5278 nu-
2173 5222 2594 5300 suntscabella
2624 5224 2984 5300 nostratibus
3017 5222 3133 5300 aris
3157 5222 3435 5300 apposita,
3461 5227 3531 5281 ad
3566 5243 3694 5297 quae
3725 5245 3824 5300 ge-

418 5295 699 5370 minibus,
723 5304 947 5360 Christo
976 5301 1280 5366 Salvatori,
1308 5298 1586 5370 Deiparae,
1608 5295 2063 5370 Archistratego,
2172 5295 2578 5370 nuagilectunt,
2610 5295 2713 5370 qui
2741 5295 3567 5370 communionemaocipiunt.

416 5379 470 5427 S.
506 5363 762 5441 Nicolao,
796 5379 852 5432 S.
896 5373 1048 5442 Elite,
1081 5363 1368 5428 debebant
1414 5363 1657 5424 totidem
1699 5363 2062 5442 oratoriawin
2175 5436 2187 5442 _
2243 5367 2356 5437 (65)
2402 5366 2598 5442 Qualls
2626 5363 2752 5420 _hic
2800 5363 3041 5442 θάλασσα
3087 5363 3471 5442 signiﬁcetur,
3530 5372 3632 5442 aut
3687 5372 3823 5440 quis

417 5460 508 5520 ea,
533 5453 588 5520 et
613 5450 670 5502 in
707 5436 1057 5520 unoquoque
1081 5443 1313 5516 singula
1337 5444 1563 5496 bemata
1592 5453 1693 5493 seu
1718 5437 2062 5494 sacriﬁcato-
2175 5436 2720 5520 hornuhm‘verborum
2754 5453 2970 5520 sensus
2996 5437 3092 5520 sit,
3130 5436 3307 5520 fateor
3339 5455 3431 5520 m_e
3462 5441 3703 5520 nescire.

418 5509 507 5570 rid
539 5518 741 5573 fuisse,
843 5509 860 5520 ’
962 5509 978 5517 “
1177 5509 1207 5516 ⁷
2243 5509 2360 5578 (66)
2388 5509 2525 5569 Νέας
2576 5510 2800 5563 addunt
2829 5511 2900 5563 M.
2935 5513 3123 5563 Recte-
3156 5509 3280 5563 Non
3311 5510 3463 5565 enim
3506 5513 3576 5565 de
3607 5511 3818 5578 Magna

491 5589 604 5658 (63)
652 5589 723 5643 Ut
769 5589 1086 5646 conditoris
1143 5584 1418 5643 ecclesiae.
1468 5581 1947 5658 Solebant__enim
2000 5581 2059 5637 in
2169 5579 2427 5634 Ecclesia
2457 5582 2549 5658 _sic
2601 5581 2804 5658 dicta,_
2833 5597 2935 5634 seu
2967 5579 3303 5658 §._Soph_ia,
3363 5581 3421 5635 in
3470 5581 3578 5636 hoc
3621 5584 3816 5654 capite

418 5650 674 5732 ecclesiis
707 5660 990 5732 imagines
1024 5660 1387 5732 conditorum
1422 5654 1725 5732 collocare.
1750 5651 1882 5707 Vid.
1917 5657 2060 5708 Bao-
2170 5666 2362 5706 sermo
2385 5655 2493 5718 est,
2526 5654 2622 5706 sed
2659 5652 2728 5706 de
2759 5651 2933 5706 Neva.
2967 5650 3092 5708 Vid.
3128 5668 3180 5722 p.
3211 5652 3301 5705 7i.

417 5729 572 5785 chin.
605 5732 676 5786 ad
707 5725 923 5804 Agnéll.
958 5731 1218 5788 Pontiﬁc.
1251 5729 1506 5785 Ravenn.
1541 5742 1597 5800 p.
1627 5725 1716 5779 68.
