4126 6314
271 327 382 389 349

1134 324 1236 385 DE
1279 321 1736 385 CERIMONIIS
1777 321 2016 385 AUL/E
2055 322 2533 384 BYZANTINE
2574 323 2723 383 LIB.
2774 326 2823 383 Ι.

3568 328 3688 388 350

277 460 404 530 μετὰ
454 457 549 512 καὶ
578 461 692 513 τῶν
744 452 1171 531 μητροπολιτῶν
1224 455 1315 510 καὶ
1363 458 1464 520 τῆς
1518 454 1719 524 λοιπῆς
1759 434 1958 523 αὖτοῦ,

2050 457 2298 528 porticus
2319 454 2631 511 triconchii
2651 456 2976 528 ingressus,
2991 457 3049 512 in
3063 471 3290 514 camera
3301 459 3497 514 Sancti
3507 460 3686 517 Theo-

272 547 467 616 τάξεως
499 547 571 604 ⁴¹.
607 545 712 606 Καὶ
741 548 842 600 τοῦ
871 543 1214 620 πατριάρχου
1261 542 1650 618 εἰσερχομένου
1700 541 1789 598 διὰ
1814 548 1924 598 τῶν

277 631 604 691 διαϐατικῶν
653 638 753 690 τοῦ
808 633 1136 709 τρικόγχου,
1187 631 1408 710 ἔρχεται
1457 633 1544 688 καὶ
1591 633 1824 704 κάθηται
1866 631 1920 688 ἓν

275 727 340 797 τῇ
366 726 590 800 καμάρᾳ
621 725 667 762 ⁴²
699 726 808 798 (67)
865 727 960 778 rei;
990 724 1179 798 ’Λγίου
1228 721 1535 797 Θεοδώρου,
1566 721 1779 778 κᾶκεῖσε
1825 742 1920 778 πε-

277 809 639 888 ριϐάλλονται
695 812 792 876 τὰς
849 807 1071 867 ἑαυτῶν
1101 808 1389 886 χλανίδας,
1435 811 1526 866 καὶ
1569 809 1923 886 ἐξερχόμενοι

276 899 464 974 ἔξωθεν
496 907 597 957 τοῦ
630 900 812 978 βήλου
855 903 954 969 τῆς
985 901 1154 966 αὐτῆς
1183 899 1432 975 καμάρας
1472 897 1736 955 Ἱστανται.
1765 901 1832 957 Οἱ
1867 897 1923 955 δὶ

274 991 629 1064 ⁴κραιπόσιτοι
689 989 1039 1066 ἐξερχόμενοι
1099 987 1374 1065 εἰσάγουσι
1425 989 1517 1044 τὸν
1574 989 1922 1066 πατριάρχην

277 1082 328 1136 οἱ
358 1077 416 1135 δὲ
448 1077 707 1134 δεσπόται
750 1083 944 1134 τοῦτον
996 1077 1133 1132 κατὰ
1178 1077 1241 1130 τὸ
1292 1075 1485 1139 εἰωθὸς
1533 1077 1921 1150 ἀσπαζόμενοι,

275 1170 593 1238 καθέζονται
651 1172 766 1240 μετ’
812 1165 980 1221 αὐτοῦ
1018 1165 1070 1220 ἐν
1114 1170 1194 1237 τῷ
1241 1163 1688 1240 χρυσοτρικλίνῳ
1729 1166 1921 1240 μικρὸν

274 1259 472 1329 τι,καί
541 1255 744 1318 εὐθέως
810 1256 1015 1330 γίνεται
1084 1257 1506 1328 μεταστάσιμον,
1557 1255 1646 1310 καὶ
1713 1256 1764 1309 οἱ
1828 1255 1922 1328 μὶν

279 1348 576 1424 μάγιστροι
633 1344 724 1400 καὶ
775 1343 1066 1399 ἀνθύπατοι
1124 1344 1215 1398 καὶ
1263 1343 1538 1412 πατρίκιοι
1592 1345 1682 1398 καὶ
1733 1343 1926 1399 λοιποὶ

277 1435 651 1512 συγκλητικοὶ
710 1435 1072 1509 κατέρχονται
1121 1431 1174 1487 ἐν
1222 1437 1302 1504 τῷ
1356 1433 1584 1508 νάρθηκι
1637 1440 1736 1502 τῆς
1785 1433 1925 1495 Νέας

274 1523 547 1600 Μεγάλης
582 1522 933 1594 Ἐκκλησίας,
967 1525 1018 1578 οἱ
1049 1520 1107 1578 δὲ
1132 1527 1231 1577 τοῦ
1261 1518 1652 1577 κουϐουκλείου
1701 1522 1928 1585 ἃπαντες

271 1613 600 1689 διέρχονται
633 1610 722 1668 διὰ
749 1617 846 1668 τοῦ
904 1610 1218 1687 ὡρολογίου
1273 1612 1364 1665 καὶ
1395 1612 1440 1648 ⁴³
1491 1617 1588 1667 τοῦ
1629 1631 1928 1687 χρυσοτρι-

269 1702 470 1760 κλίνου
520 1704 611 1758 καὶ
652 1710 754 1773 τῆς
799 1703 1048 1778 καμάρας
1093 1705 1191 1756 τοῦ
1240 1700 1471 1756 πανθὲου
1511 1702 1727 1758 καὶτοῦ
1753 1699 1928 1778 φύλα-

2032 545 2160 601 dori
2209 545 2390 612 sedet,
2445 547 2539 600 71
2591 544 2823 604 tunicas
2852 562 2991 602 sues
3028 546 3270 610 comites
3310 548 3439 619 ejus
3482 546 3562 603 ibi
3595 549 3684 605 in-

2031 635 2242 704 duunt,
2274 637 2332 692 et
2359 641 2521 690 extra
2553 634 2752 690 velum
2773 635 2900 706 ejus
2930 650 3173 691 camerae
3203 636 3513 708 progressi,
3545 638 3688 692 sub-

2030 729 2268 784 sistunt.
2340 724 2645 797 Prmpositi
2728 728 2924 782 autem
2989 726 3229 798 egressi,
3289 726 3682 798 patriarcham

2028 814 2348 884 adducunt,
2381 830 2556 886 quem
2604 813 2829 870 domini
2871 830 2972 885 pro
3019 830 3180 872 more
3227 815 3496 884 osculati,
3545 832 3680 872 eum

2032 919 2100 960 eo
2127 903 2434 976 paululum
2463 903 2525 959 in
2555 919 2730 959 aureo
2760 903 3015 960 triclinio
3045 904 3370 975 consident,
3392 909 3451 960 et
3481 904 3684 961 statim

2033 993 2286 1064 receptio
2317 991 2664 1059 instituitur,
2687 994 2746 1047 et
2775 993 3044 1063 magistri
3075 992 3336 1064 quidem.
3369 1010 3686 1065 proconsu-

2032 1083 2139 1149 les,
2163 1081 2390 1153 patricii
2421 1087 2476 1136 et
2505 1081 2697 1137 caeteri
2719 1084 3021 1137 senatores
3051 1081 3112 1137 in
3142 1082 3483 1138 narthecem
3511 1083 3682 1139 Novo

2035 1172 2259 1244 Magna)
2275 1170 2546 1227 Ecclesiae
2568 1170 2967 1237 descendunt;
2985 1170 3325 1227 cubicularii
3339 1187 3472 1228 vero
3485 1188 3690 1228 omnes

2036 1277 2139 1333 per
2189 1260 2556 1333 horologium
2613 1274 2973 1330 aureumque
3015 1259 3359 1327 triclinium,
3389 1277 3683 1318 cameram

2037 1349 2276 1422 panthei
2317 1354 2374 1406 et
2418 1348 2742 1404 custodiam
2783 1350 3114 1416 transeunt,
3159 1362 3303 1419 eque
3343 1349 3688 1422 monotbyrc

2037 1440 2282 1512 egressi,
2305 1439 2379 1494 ad
2408 1437 2689 1508 templum
2713 1437 2938 1493 Sancta
2969 1437 3224 1508 Deiparse
3248 1437 3416 1509 phari
3446 1438 3684 1493 abeunt.

2040 1527 2267 1584 Domini
2305 1534 2606 1598 surgentes
2640 1525 2766 1581 sine
2797 1542 3011 1598 pompa
3041 1542 3156 1582 una
3187 1542 3320 1583 cum
3355 1525 3689 1598 patriarcha

2040 1633 2141 1689 per
2160 1616 2394 1690 longam
2419 1616 2705 1686 porticum
2728 1615 2990 1671 cubiculi
3023 1617 3096 1671 ad
3123 1615 3410 1687 templum
3430 1616 3689 1672 Sanctis-

2039 1708 2198 1764 simae
2234 1707 2488 1778 Deiparts
2519 1705 2686 1778 phari
2717 1705 2950 1773 abeunt,
2982 1712 3037 1762 et
3063 1705 3174 1777 ipsi
3206 1706 3434 1776 quidem
3462 1705 3519 1760 in
3555 1721 3690 1760 nar-

271 1813 393 1861 κος,
456 1792 549 1847 καὶ
597 1787 934 1853 ἐκϐαίνοντες
981 1792 1045 1846 τὸ
1098 1792 1414 1867 μννόθυρον,
1475 1790 1690 1846 ἀπίασιν
1739 1791 1790 1846 ἐν
1848 1796 1928 1864 τῷ

2050 1796 2208 1852 theca
2263 1795 2619 1860 subsistunt,
2674 1793 3001 1866 patriarcha
3057 1810 3192 1849 vero
3246 1794 3310 1850 in
3366 1794 3689 1850 oratorium

271 1886 389 1954 ναῷ
411 1888 516 1950 τῆς
578 1881 893 1958 Ὑπεραγίας
956 1881 1222 1936 Θεοτόκου
1270 1884 1365 1934 τοῦ
1396 1877 1594 1959 φάρου,
1627 1882 1717 1936 καὶ
1750 1882 1801 1935 οἳ
1838 1882 1930 1954 μὲν

278 1970 548 2027 δεσπόται
579 1971 930 2045 ἀνιστάμενοι
962 1969 1295 2047 εἰσέρχονται
1358 1971 1492 2044 μετὰ
1523 1975 1621 2026 τοῦ
1678 1971 1937 2046 πατριάρ-

275 2082 388 2136 χου
452 2066 730 2134 μυστικῶς
781 2057 870 2115 διὰ
906 2064 1005 2115 τοῦ
1067 2060 1352 2135 μάκρωνος
1407 2057 1503 2115 τοῦ
1552 2065 1814 2122 κοιτῶνος
1860 2060 1936 2121 εἰς

282 2153 381 2206 τὸν
409 2152 540 2206 ναὸν
573 2152 674 2220 τὴς
706 2149 1021 2225 ’Υπεραγίας
1049 2149 1316 2204 Θεοτόκου
1353 2155 1450 2206 τοῦ
1510 2151 1706 2225 φάρου,
1764 2149 1849 2204 καὶ
1887 2151 1938 2204 οἰ

281 2240 554 2297 δεσπόται
588 2238 830 2296 ἵστανται
861 2237 916 2294 ἐν
973 2239 1052 2312 τῷ
1099 2239 1352 2313 νάρθηκι,
1403 2239 1430 2292 ὁ
1482 2236 1539 2293 δὶ
1588 2239 1937 2314 πατριάρχης

282 2332 598 2406 εἰσέρχεται
667 2329 746 2393 εἰς
800 2330 861 2386 τὸ
917 2329 1335 2403 ξθυσιαστήριον,
1394 2327 1482 2383 καὶ
1529 2334 1629 2398 τῆς
1687 2327 1937 2390 εἰωθυίας

286 2422 468 2500 εὐχῆς
495 2416 862 2491 τελουμένης,
896 2417 1238 2492 ἀπάρχονται
1282 2418 1333 2471 οἱ
1377 2415 1577 2492 ψάλται
1623 2417 1686 2472 τὸ
1734 2415 1942 2492 τροπά-

289 2528 434 2585 ριον⁶
470 2511 499 2565 ὁ
533 2505 592 2563 BI
634 2506 983 2582 πατριάρχης
1037 2507 1396 2586 ἐξερχόμενος
1453 2508 1559 2562 ἀπὸ
1604 2511 1703 2563 τοῦ
1753 2517 1940 2570 θυσιαο

2049 1886 2249 1953 intrat,
2282 1883 2650 1954 solemnique
2691 1884 3019 1956 precatione
3050 1885 3304 1953 peracta,
3334 1882 3531 1954 psaltm
3571 1887 3692 1938 tro-

2048 1975 2280 2048 parium
2323 1973 2631 2044 incipiunt.
2686 1972 2904 2028 Deinde
2951 1971 3284 2044 patriarcha
3332 1989 3400 2028 ex
3438 1972 3691 2028 oratorio

2049 2079 2341 2135 egressus,
2376 2065 2645 2118 sanctum
2676 2060 3055 2132 Evangelium
3087 2065 3342 2133 gestans,
3365 2065 3564 2132 portas
3588 2062 3696 2117 im-

2049 2151 2362 2218 peratorias
2409 2151 2756 2223 ingreditur,
2788 2150 3148 2206 subdiacono
3191 2167 3423 2206 crucem
3455 2166 3694 2221 proces-

2050 2241 2335 2299 sionalem
2367 2242 2606 2307 ferente,
2641 2239 2864 2296 domini
2894 2244 3112 2308 autem,
3149 2240 3328 2296 cereis
3369 2257 3404 2296 a
3441 2240 3698 2312 patriar-

2050 2332 2162 2388 cha
2217 2330 2490 2402 acceptis,
2548 2337 2632 2385 ter
2687 2345 2820 2386 cum
2880 2329 3026 2402 ipsis
3079 2331 3260 2385 Deum
3318 2331 3584 2395 adorant,
3643 2336 3700 2386 et

2051 2420 2428 2492 Evangelium
2480 2432 2845 2489 crucemque,
2895 2435 2928 2474 a
2971 2418 3331 2475 subdiacono
3389 2417 3700 2488 incensati,

2052 2509 2411 2566 osculantur.

284 2601 542 2676 στηρίοο.
599 2599 877 2676 βαστάζων
922 2597 984 2653 τὸ
1035 2600 1184 2673 ἅγιον
1232 2598 1595 2676 Εὐαγγίλιον,
1642 2597 1861 2677 ἔρχεται
1902 2597 1978 2660 εἰς
2021 2599 2118 2661 τὰς
2171 2598 2458 2675 βασιλικάς
2513 2597 2707 2667 πόλας,
2760 2595 3024 2668 δηλονότι
3059 2601 3157 2651 τοῦ
3207 2594 3566 2652 ὁποδιακόνου
3609 2597 3702 2672 βα-

284 2692 582 2760 στάζοντος
633 2687 722 2742 τὸν
784 2686 1059 2742 λιτανικὸν
1119 2687 1365 2762 σταυρὸν,
1427 2688 1479 2742 οὶ
1538 2685 1594 2742 δὲ
1653 2685 1908 2742 δεσπόται
1970 2683 2309 2760 λαμϐάνουσι
2367 2688 2514 2763 παρὰ
2557 2691 2666 2742 τῶν
2703 2684 3077 2761 πραιποσίτων
3106 2686 3332 2761 κηροὺς,
3361 2685 3453 2740 καὶ
3485 2683 3574 2740 διὰ
3600 2691 3701 2754 τῆς

278 2787 516 2853 τρισσῆς
563 2779 698 2852 μετὰ
742 2781 852 2832 τῶν
901 2781 1086 2851 κηρῶν
1136 2779 1556 2849 προσκυνήσεως
1605 2775 2068 2851 ἀπευχαριστοῦσι
2124 2781 2204 2850 τῷ
2261 2783 2400 2849 Θεῷ,
2440 2778 2528 2833 καὶ
2579 2778 2904 2846 ἀσπάζονται
2937 2775 3001 2831 τό
3030 2796 3089 2830 τε
3119 2774 3456 2852 Εὐαγγὲλιον
3487 2777 3577 2833 καί
3608 2775 3698 2832 τὸν

287 2869 542 2944 σταυρὸν,
574 2867 910 2940 θυμιώμενοι
948 2867 1051 2921 ὑπὸ
1081 2871 1178 2921 τοῦ
1210 2865 1484 2922 διακόνου.

361 2965 439 3015 Β¹.
475 2955 576 3011 Καὶ
633 2954 1150 3032 παρακρατοόμενος
1210 2957 1237 3010 ὁ
1284 2954 1540 3030 βασιλεύς
1576 2956 1680 3012 ὑπὸ
1712 2960 1808 3011 τοῦ
1839 2976 1941 3011 πα-

2127 2957 2198 3014 Il.
2235 2961 2556 3030 Imperator
2584 2975 2618 3012 a
2648 2957 2978 3030 patriarcha
3007 2959 3396 3025 sustentatus,
3429 2973 3460 3012 e
3485 2958 3705 3028 templo

291 3049 569 3123 τριάρχου
599 3044 876 3120 ἓξὲρχεται
901 3043 1006 3100 ἀπὸ
1051 3052 1153 3115 τῆς
1197 3044 1515 3116 ἐκκλησίας,
1549 3045 1638 3100 καὶ
1689 3044 1942 3116 ἐξιόντων

292 3140 396 3208 τὴν
426 3135 614 3207 πύλην
644 3138 746 3205 τὴν
789 3133 1076 3210 ἔξάγουσαν
1112 3135 1188 3196 εἰς
1233 3136 1324 3190 τὸν
1365 3134 1598 3204 ἡλιακὸν
1629 3135 1699 3208 ⁴⁶,
1724 3129 1947 3207 λαμϐά-

291 3247 474 3282 νουσιν
508 3226 560 3280 οἰ
593 3222 849 3279 δεσπόται
893 3224 1040 3297 παρὰ
1075 3227 1184 3278 τῶν
1230 3222 1605 3298 πραιποσίτων
1664 3223 1828 3293 κηρία
1860 3222 1946 3278 λι-

293 3315 513 3371 τανίκια
559 3315 635 3382 ⁵⁵,
693 3313 783 3368 καὶ
850 3310 1157 3387 διέρχονται
1217 3310 1585 3375 λιτανεύοντες
1641 3310 1729 3365 διὰ
1782 3313 1946 3385 μέσου

293 3409 392 3460 τοῖ’)
442 3404 684 3472 ἡλιακοῦ
741 3402 834 3458 καὶ
889 3405 988 3456 τοῦ
1047 3404 1322 3455 στενωποῦ
1366 3404 1464 3454 τοῦ
1509 3399 1945 3475 μονοθόρου,καί

295 3494 662 3568 κατέρχονται
717 3493 780 3546 τὸ
836 3485 1169 3546 καταϐάσιον
1223 3494 1320 3544 τοῦ
1390 3487 1802 3565 βουκολέοντος,
1854 3490 1946 3544 καὶ

296 3581 608 3642 ἐκνεόοντες
643 3576 808 3650 δεξιᾷ,
830 3579 1193 3654 κατέρχονται
1219 3579 1355 3652 πρὸς
1410 3577 1502 3633 τὸν
1549 3577 1795 3652 νάρθηκα
1849 3583 1950 3646 τῆς

296 3672 437 3732 Νὲας
492 3667 828 3738 Ἑκκλησίας
882 3667 1075 3742 (ἐκεῖσε
1131 3667 1234 3744 γὰρ
1289 3665 1536 3721 ⁹ίστανται
1580 3668 1634 3720 οἳ
1679 3673 1780 3736 τῆς
1822 3687 1947 3742 συγ-

297 3757 565 3831 κλήτου),
594 3757 688 3813 καὶ
745 3756 942 3829 γίνεται
992 3758 1026 3825 ἡ
1071 3755 1371 3819 ἀκολουθία
1417 3761 1516 3823 τῆς
1575 3753 1788 3809 εἰσόδου
1841 3758 1946 3808 τῶν

296 3846 610 3925 ἐγκαινίων.
643 3851 761 3902 Σῶν
793 3844 851 3901 δὲ
882 3843 1155 3901 δεσποτῶν
1200 3845 1336 3898 κατὰ
1382 3843 1444 3899 τὸ
1505 3842 1696 3906 εἰωθὸς
1756 3842 1947 3898 εἰσιόν-

295 3958 406 3991 των
430 3936 684 4008 μετᾶτοῦ
714 3937 1058 4010 πατριάρχου
1091 3933 1168 3996 εἰς
1225 3933 1288 3988 τὸ
1328 3935 1730 4008 θυσιαστήριον,
1761 3933 1790 3986 ὁ
1853 3931 1945 4006 μὲν

296 4026 657 4102 πατριάρχης
681 4025 1121 4102 προεισέρχεται,
1157 4025 1206 4076 οἱ
1238 4020 1295 4076 δὲ
1338 4020 1618 4090 δεσπόται,
1671 4020 1948 4095 ἱστάμενοι

296 4110 494 4185 ἔξωθεν
539 4117 648 4168 τῶν
685 4113 859 4187 ἁγίων
903 4115 1098 4187 θυρῶν,
1159 4108 1502 4187 λαμϐάνουσι
1559 4112 1688 4174 τοὺς
1744 4111 1952 4185 κηροὺς

301 4204 448 4280 παρὰ
497 4207 608 4258 τῶν
666 4203 1041 4278 πραιποσίτων
1091 4202 1183 4259 καὶ
1230 4200 1318 4258 διὰ
1365 4211 1465 4273 τῆς
1526 4205 1754 4277 τρισσῆς
1818 4203 1951 4275 μετά

296 4299 404 4348 τῶν
464 4296 653 4368 κηρῶν
701 4295 1119 4367 προσκυνήσεως
1177 4293 1647 4368 ἀπευχαριστοῦσι
1695 4297 1776 4364 τῷ
1808 4296 1946 4364 Θεῷο

299 4384 412 4438 εἶτα
469 4377 852 4456 εἰσερχόμενοι
910 4382 963 4437 ἐν
1016 4386 1094 4453 τῷ
1151 4383 1544 4456 θυσιαστηρίῳ,
1604 4380 1656 4436 ἒν
1713 4385 1954 4456 πρῶτοις

302 4473 752 4548 μὲνάσπάξονται
793 4473 856 4528 τὸ
907 4475 1035 4551 ἅγια
1077 4475 1257 4548 θύρια,
1318 4474 1436 4528 εἶτα
1493 4475 1591 4542 τὴν
1652 4475 1749 4542 τῆς
1796 4473 1955 4547 ἁγίας

299 4563 573 4637 τραπέζης
618 4560 866 4631 ἐνδυτήν,
897 4563 988 4617 καὶ
1027 4564 1264 4625 τιθέντες
1320 4558 1668 4637 ἄπὸκόμϐιον
1717 4562 1804 4617 ἐπὶ
1854 4567 1954 4630 τῆς

303 4651 451 4725 ἁγίας
538 4648 832 4724 τραπέζης,
920 4647 1235 4725 διέρχονται
1307 4649 1396 4705 διά
1470 4656 1578 4705 τῶν
1667 4651 1954 4723 βημάτων,

307 4738 562 4798 ’ἁπτοντες
595 4737 800 4811 κηροῦς
829 4741 946 4802 καθ’
974 4735 1067 4793 ἕνα
1123 4739 1344 4793 ’ἑκαστον
1383 4741 1492 4813 (67)
1552 4741 1618 4816 βῆ
1633 4761 1726 4812 μα,
1786 4739 1958 4795 ἂσπά-

309 4829 527 4900 ζόμενοι
558 4828 696 4882 κατά
723 4828 786 4881 τὸ
811 4826 1003 4891 εἰωθὸς
1029 4829 1123 4890 τὰς
1171 4825 1408 4897 ἐνδυτᾶις,
1455 4829 1543 4884 καὶ
1605 4827 1959 4904 διερχόμενοι

309 4915 396 4972 διὰ
432 4920 531 4972 τοῦ
580 4915 918 4991 γυναικίτου,
981 4911 1209 4973 ἅπτουσι
1257 4916 1462 4992 κηροὺς
1524 4919 1598 4980 εἰς
1648 4922 1743 4990 τὴν
1778 4916 1959 4975 εἰκόνα

2055 3047 2369 3119 egreditur,
2424 3051 2483 3102 et
2530 3050 2838 3119 postquam
2896 3062 3000 3118 per
3047 3049 3276 3116 portam
3315 3045 3388 3101 ad
3430 3044 3706 3100 solarium

2057 3136 2364 3193 ducentem
2407 3136 2694 3201 exierunt,
2725 3135 2950 3192 domini
2997 3151 3194 3191 cereos
3241 3133 3707 3206 processionales

2057 3243 2091 3280 a
2122 3226 2450 3298 praepositis
2481 3225 2797 3297 accipiunt,
2829 3228 2886 3280 et
2912 3225 2976 3280 in
3008 3224 3378 3295 processione
3425 3240 3529 3296 per
3579 3239 3706 3279 me-

2057 3315 2214 3370 dium
2261 3315 2546 3371 solarium
2602 3314 3022 3385 angustiasque
3071 3314 3404 3386 monothyri
3440 3313 3704 3369 abeunt:

2059 3407 2254 3474 postea
2283 3420 2386 3474 per
2418 3404 2766 3459 descensum
2809 3401 3175 3458 bucoleontis
3216 3403 3504 3474 progressi
3544 3406 3602 3457 et
3641 3404 3711 3459 ad

2059 3493 2322 3548 dextram
2358 3509 2420 3548 se
2451 3492 2824 3560 inclinantes,
2856 3493 2926 3546 ad
2961 3492 3297 3547 narthecem
3329 3493 3496 3547 Novas
3528 3493 3712 3549 eccle-

2058 3582 2158 3638 sia:
2192 3599 2254 3638 se
2285 3581 2614 3648 conferunt,
2648 3581 2747 3635 ubi
2782 3588 3077 3636 senatores
3104 3581 3341 3647 adsunt,
3375 3584 3430 3635 et
3455 3581 3713 3638 ofﬁcium

2064 3671 2342 3726 introitus
2392 3670 2785 3725 encaeniorum
2834 3669 3176 3725 celebratur.
3210 3668 3472 3724 Dominis
3517 3672 3713 3725 autem

2059 3775 2194 3816 cum
2229 3757 2566 3829 patriarcha
2595 3757 2916 3814 sacrarium
2949 3773 3051 3829 pro
3074 3772 3234 3812 more
3265 3756 3567 3826 ingressis,
3609 3773 3708 3827 pa-

2058 3849 2316 3906 triarcha
2361 3849 2655 3921 praecedit,
2689 3849 2910 3904 domini
2949 3852 3144 3904 autem
3193 3853 3356 3905 extra
3399 3863 3590 3903 sacras
3611 3848 3710 3918 ja-

2057 3955 2210 3995 nuas
2232 3939 2557 4007 constituti,
2575 3952 2770 3994 cereos
2791 3954 2824 3992 a
2844 3937 3173 4010 pra-positis
3189 3936 3712 4008 accipiunt,terque

2059 4045 2210 4100 genu
2243 4029 2388 4084 ﬂexo
2419 4027 2604 4083 Deum
2637 4028 2903 4092 adorant,
2931 4043 3060 4082 mox
3088 4026 3409 4082 sacrarium
3436 4026 3707 4098 ingressi,

2060 4117 2251 4189 primo
2291 4116 2529 4189 quidem
2561 4133 2758 4172 sacras
2781 4117 3019 4188 januas,
3048 4115 3256 4171 deinde
3297 4130 3527 4170 sacrum
3558 4113 3709 4170 alta-

2064 4207 2144 4262 ris
2165 4205 2482 4262 instratum
2515 4204 2878 4273 osculantur,
2912 4209 2970 4260 et
2999 4204 3339 4276 apocomhio
3367 4203 3512 4259 inibi
3539 4219 3711 4274 repo-

2066 4297 2198 4362 sito,
2228 4312 2333 4368 per
2372 4297 2623 4362 bemata,
2655 4296 2838 4351 cereis
2869 4295 2928 4351 in
2968 4310 3322 4367 unoquoque
3361 4294 3586 4351 bemate
3613 4311 3715 4350 ac-

2065 4387 2282 4454 censis,
2304 4386 2637 4452 discedunt,
2663 4400 2826 4440 sacra
2848 4384 3092 4440 instrata
3121 4400 3224 4456 pro
3255 4399 3418 4440 more
3445 4385 3712 4440 osculan-

2069 4482 2184 4544 tur,
2217 4491 2435 4547 perque
2464 4489 2800 4546 gynaeceum
2831 4472 3097 4543 digressi,
3128 4489 3325 4529 cereos
3353 4475 3425 4528 ad
3457 4474 3712 4546 efﬁgiem

2063 4563 2280 4630 Basilii,
2321 4562 2689 4636 imperatoris
2727 4561 3025 4618 Christum
3058 4563 3332 4631 amantis,
3377 4563 3474 4619 72
3505 4579 3712 4620 accen-

2067 4655 2234 4718 dunt,
2289 4653 2597 4723 statimque
2631 4651 2756 4709 vale
2798 4651 3138 4722 patriarchae
3179 4653 3353 4721 dicto,
3392 4653 3586 4711 locum
3617 4670 3716 4709 ex-

2067 4742 2312 4808 celsum,
2363 4742 2462 4798 ubi
2507 4746 2739 4798 orantes
2780 4745 2936 4797 stare
2980 4742 3184 4804 solent,
3229 4747 3450 4815 petunt,
3483 4743 3618 4798 inde
3649 4744 3721 4798 ad

2068 4831 2403 4887 narthecem
2454 4847 2632 4904 prope
2683 4847 2842 4886 mare
2890 4830 3094 4888 altaris
3142 4833 3487 4899 ascendunt,
3523 4831 3619 4886 ubi
3666 4839 3722 4886 et

2071 4920 2229 4978 sellae
2261 4925 2420 4978 stant
2450 4926 2506 4978 et
2534 4920 2728 4978 velum
2759 4937 3117 4995 suspensum
3141 4927 3250 4991 est,
3279 4936 3538 4991 suasque
3567 4919 3722 4976 tuni-

1671 5048 1906 5106 VARL‘E
1947 5047 2360 5106 LECTIONES.

373 5161 420 5198 ⁴¹
453 5162 659 5242 Eligit.
695 5161 916 5242 Ἰστὲον,
945 5162 1050 5242 In:
1097 5164 1125 5218 ὁ
1177 5162 1584 5242 ῥειρερεμνδάριος
1641 5163 1809 5235 δηλοῖ
1840 5163 1942 5242 Δοιτῷ
1998 5165 2174 5237 παπίᾳ
2225 5167 2327 5242 τὴν
2368 5169 2464 5222 τοῦ
2521 5161 3110 5242 πατριάρχου-ἄφιξιν.
3187 5164 3236 5203 ⁴³
3265 5161 3513 5242 καμάρᾳ,
3549 5161 3722 5242 Plura

307 5233 398 5289 hic
426 5235 716 5342 excidiase
745 5241 915 5342 putat
945 5235 1014 5290 R.
1035 5230 1206 5319 aqua;
1350 5230 1799 5342 12‘21'legu‘n‘t'ur’,‘
1839 5230 1974 5293 inde
2021 5257 2054 5294 a
2100 5230 2254 5342 vers:
2283 5230 2358 5342 ξ,
2407 5241 2504 5342 rei?
2535 5230 3225 5342 xpgznspiﬂtﬁqusque‘
3247 5230 3414 5342 θίξιν.
3449 5232 3538 5303 12,
3568 5230 3620 5286 ἐν
3651 5235 3720 5305 τῇ

307 5323 524 5342 .,,,..,,,,,,
695 5324 784 5342 νη.
821 5323 888 5342 ..η
920 5323 949 5342 ι.
978 5325 1075 5342 ._.,,..
1111 5324 1406 5342 νηηηηη,
1471 5330 1563 5342 ..λη
1639 5327 1665 5342 ο
1694 5327 1759 5342 ι...
1810 5326 1904 5342 η...
1940 5327 2062 5342 οη,
2096 5327 2168 5342 ν...
2205 5327 2230 5342 η
2524 5329 2585 5342 ,Α
2746 5327 2775 5342 ι,
3031 5325 3237 5342 "mm..-
3268 5322 3298 5342 ο

310 5305 544 5378 καμάρᾳ.
623 5305 669 5342 ⁸⁸
695 5297 787 5360 κᾶὶ
820 5316 950 5364 ante
978 5297 1075 5360 τοῦ
1097 5297 1582 5382 ’χρυσοτρικλίνουυ
1598 5297 1906 5366 delendum
1939 5327 2064 5367 esse
2096 5318 2279 5382 putat,
2309 5297 2374 5367 Ρί.
2452 5313 2498 5345 ⁸⁸*
2524 5297 2591 5364 τό
2615 5308 2714 5378 ἡλ.
2746 5297 2836 5365 ed.
2911 5309 2958 5345 “
2983 5297 3237 5360 λιταῦικὰ
3268 5306 3357 5361 ed.

1299 5427 1500 5485 JOAN.
1539 5429 1682 5484 JAC.
1726 5428 1984 5484 REISKII
2024 5427 2622 5485 COMMENTARIUS.

379 5539 610 5612 (67)7lta
641 5539 834 5595 solent
855 5541 984 5612 novi
1015 5542 1196 5598 Graeci
1232 5543 1440 5600 soloece
1474 5560 1575 5612 pro
1597 5545 1712 5598 καθ’
1740 5538 1792 5597 ἔν
1838 5541 1960 5598 ἕκα-

322 5629 461 5674 στον.
495 5611 724 5688 Pariter:
746 5627 802 5680 p.
971 5614 1216 5686 legimus
1240 5615 1322 5688 TD_
1352 5611 1417 5668 δά
1455 5611 1623 5688 ἅρμα,
1671 5613 1840 5688 ἤγουν
1868 5615 1960 5688 ..τὸ

323 5680 638 5755 σκουτάριον
695 5679 1055 5754 βαστάζουσιν
1119 5685 1440 5758 σπαροάριοι
1491 5679 1622 5741 ’δόό
1679 5679 1795 5740 καθ’
1868 5679 1962 5739 ἕνα

2069 5547 2197 5618 (pro
2252 5543 2370 5596 καθ’
2409 5541 2489 5613 ἓν)
2530 5539 2772 5609 ἕκαστος,
2817 5539 3102 5616 Spathariz’
3134 5535 3241 5598 duo
3288 5537 3496 5605 gerunt
3541 5550 3736 5593 arma:

2069 5632 2164 5673 seu
2192 5618 2426 5682 scutum,
2457 5618 2832 5688 unusquisque
2860 5629 3055 5668 unum.
