4126 6314
401 401 515 461 351

1461 396 1981 459 CONSTANTIN]
2026 395 2716 460 PORPHYROGENITI

3691 407 3823 465 352

410 549 508 590 cas
535 537 794 603 mutant,
823 540 876 589 et
898 533 1043 589 sacri
1072 531 1363 604 Evangelii
1388 529 1696 586 lectionem
1728 534 2048 600 exspectan-

2175 527 2464 585 Βασιλείου
2516 531 2613 582 106
2671 528 3040 603 φιλοχρίστου
3099 529 3383 602 δεσπότου,
3453 532 3542 587 καὶ
3617 533 3822 591 εὐθέως

415 629 522 694 tes,
581 625 836 689 adstant,
870 638 1070 693 quam,
1117 637 1314 675 cereos
1368 636 1399 673 a
1446 618 1771 690 prapositis
1819 618 2060 675 traditos

423 729 601 770 manu
635 716 922 779 tenentes,
953 709 1310 765 auscultant.
1346 706 1538 762 Finita
1567 715 1827 773 extensa,
1861 707 2058 762 consi-

424 803 580 868 dent,
613 801 913 872 praefectus
935 815 1150 854 mensas
1181 813 1314 852 cum
1344 795 1702 852 tricliniariis
1732 795 2058 853 convivium

423 895 608 962 parat,
658 889 811 961 quod
860 890 986 960 ipse
1026 903 1276 958 magnus
1314 885 1628 956 imperator
1665 885 1916 941 ordinat.
1965 885 2061 941 Sic

420 979 638 1034 domini
660 995 760 1049 per
779 977 1052 1032 eumdem
1082 975 1416 1032 narthecem
1449 981 1503 1030 et
1531 979 1814 1030 secretam
1846 973 2061 1029 scalam

419 1083 632 1138 perque
678 1067 955 1121 solarium
998 1066 1268 1137 superius
1307 1064 1416 1120 soli
1463 1063 1731 1136 digressi,
1784 1063 2059 1134 palatium

417 1157 657 1211 intrant.
682 1155 999 1212 Sciendum
1033 1159 1142 1223 est,
1175 1155 1496 1210 secundum
1530 1153 1703 1224 hujus
1732 1152 1844 1207 diei
1876 1153 2052 1208 ritum

415 1248 472 1300 et
492 1245 689 1300 Sancti
708 1244 1004 1301 Michaelis
1028 1244 1237 1300 festum
1259 1251 1458 1299 octavo
1483 1243 1695 1298 mensis
1711 1241 2052 1299 Novembris

415 1333 636 1389 instuiti
670 1333 873 1390 solere.
921 1333 1020 1389 ubi
1080 1332 1523 1394 observandum,
1567 1332 1673 1387 hoc
1721 1329 2052 1402 archangeli

414 1422 625 1477 festum
655 1421 714 1476 in
747 1421 998 1478 oratorio
1020 1421 1243 1494 templi,
1264 1422 1457 1476 Sancti
1487 1421 1708 1477 scilicet
1729 1419 2052 1486 Michaelis,

419 1513 510 1568 die
540 1512 694 1568 dicto
723 1513 1024 1570 celebrari.

2170 617 2680 692 ἀποχαιρετίζοντες
2748 619 2840 672 τὸν
2913 619 3288 694 πατριάρχην,
3361 621 3696 700 εἰσέρχονται
3766 623 3826 676 ἐν

2169 710 2248 778 τῷ
2281 705 2450 761 ἐκεῖσε
2496 703 2902 781 προσευχαδίῳ,
2951 709 3195 772 κάκεῖθεν
3242 705 3576 772 ἐκϐαίνοντες
3615 712 3689 773 εἰς
3728 714 3831 766 τὸν

2168 796 2305 870 πρὸς
2354 797 2456 864 τὴν
2515 794 2789 850 θάλασσαν
2837 797 3103 870 νάρθηκα,
3153 797 3206 852 ἐν
3257 799 3302 869 ᾧ
3348 800 3438 854 καὶ
3506 801 3573 854 τά
3621 798 3822 856 σελλία

2163 884 2410 940 ’ἵστανται
2462 885 2552 940 καὶ
2600 885 2661 939 τὸ
2718 883 2892 959 βῆλον
2944 885 3232 960 κρέμαται,
3263 887 3353 942 καὶ
3393 887 3816 945 ἀπαλλάσσουσι

2168 976 2265 1036 τὰς
2297 976 2499 1028 ἑαυτῶν
2551 971 2844 1048 χλανίδας,
2889 975 2979 1029 καὶ
3025 973 3275 1031 ’ίστανται
3325 975 3680 1052 ἐκδεχόμενοι
3709 981 3815 1048 τὴν

2167 1067 2264 1118 τοῦ
2296 1062 2452 1139 ἁγίου
2486 1059 2828 1138 Εὐαγγελίου
2871 1063 3196 1138 ἀνάγνωσιν
3248 1066 3344 1129 εἶθ’
3391 1065 3564 1128 οὕτως
3598 1064 3826 1140 λαμϐά-

2163 1175 2343 1216 νοντες
2387 1154 2592 1227 κηροὺς
2638 1157 2784 1227 παρὰ
2827 1158 2932 1208 τῶν
2985 1155 3384 1229 πραιποσίτων,
3428 1155 3684 1211 ἀκούουσι
3714 1161 3820 1211 τοῦ

2164 1245 2322 1319 ἁγίου
2361 1241 2726 1320 Εὐαγγελίου.
2778 1243 2924 1298 Μετᾶ
2974 1241 3031 1298 δὲ
3075 1246 3175 1314 τήν
3224 1244 3487 1300 ἀπόλυσιν
3539 1253 3641 1315 τῆς
3674 1244 3826 1300 ἐκτε-

2161 1338 2287 1395 νοῦς
2337 1331 2507 1408 εὒχῆς
2554 1333 2896 1404 καθέζονται,
2946 1331 3034 1386 καὶ
3085 1331 3287 1410 εἰσάγει
3321 1335 3348 1388 ὁ
3391 1340 3493 1402 τῆς
3537 1338 3820 1408 τραπέζης

2167 1425 2302 1495 μετα
2332 1421 2420 1476 καὶ
2465 1425 2573 1476 τῶν
2619 1420 2958 1496 ἀρτοκλινῶν
3011 1422 3071 1475 τὸ
3117 1421 3450 1496 κλητώριον,
3483 1424 3572 1477 καὶ
3605 1428 3827 1498 στοιχεῖ

2163 1511 2294 1566 αὐτὸ
2325 1512 2354 1565 ὁ
2389 1511 2560 1584 μέγας
2623 1510 2898 1584 βασιλεύς.
2960 1511 3059 1566 Καὶ
3102 1512 3198 1566 εἷθ’
3260 1510 3432 1573 οὕτως
3474 1514 3526 1566 οἱ
3558 1509 3822 1568 δεσπόται

419 1599 732 1676 διέρχονται
767 1607 1039 1674 μυστικῶς
1099 1599 1188 1656 διὰ
1240 1606 1336 1657 106
1393 1601 1558 1657 αὐτοῦ
1601 1602 1870 1676 νάρθηκος
1927 1601 2016 1654 καὶ
2066 1605 2163 1655 106
2216 1605 2477 1674 μυστικοῦ
2528 1595 2839 1670 ἀναϐασίου,
2890 1601 2978 1655 xui
3030 1597 3118 1655 διὰ
3145 1606 3242 1657 τοῦ
3272 1601 3549 1658 ἀνωτάτου
3581 1601 3825 1673 ἡλιακοῦ

415 1688 512 1744 τοῦ
561 1691 726 1744 αὐτοῦ
793 1691 1065 1765 νάρθηκος
1130 1691 1468 1766 εἰσέρχονται
1518 1691 1594 1752 εἰς
1642 1692 1704 1744 τὸ
1758 1689 2044 1746 παλάτιον.
2107 1692 2223 1766 Χρὴ
2285 1687 2502 1759 εἰδέναι,
2554 1691 2636 1744 ὅτι
2685 1689 2826 1744 κατά
2871 1693 2970 1759 τήν
3019 1691 3164 1763 τάξιν
3215 1691 3415 1762 ταύτης
3462 1699 3561 1760 τῆς
3617 1693 3824 1767 έορτῆς

415 1780 500 1833 καὶ
563 1780 654 1834 τὸν
713 1780 885 1834 τύπον
947 1779 1273 1837 ἐπιτελεῖται
1332 1781 1420 1835 καὶ
1478 1783 1512 1850 ἡ
1568 1781 1728 1854 ἐορτή
1777 1784 1874 1833 τοῦ
1932 1780 2379 1854 ἀρχιστρατήγου
2441 1778 2572 1851 μηνὶ
2630 1777 2931 1853 Νοεμϐρίῳ
2987 1782 3038 1849 η’
3095 1781 3205 1852 (68)
3261 1778 3478 1836 Εἰδέναι
3511 1779 3568 1836 δὲ
3599 1779 3700 1850 δεῖ,
3735 1782 3827 1836 ὅτι

411 1873 577 1942 ταύτῃ
610 1873 678 1941 τῇ
711 1869 871 1944 ἐορτῇ
929 1871 1024 1926 106
1081 1871 1528 1948 ἀρχιστρατήγου
1585 1869 1636 1925 ἐν
1693 1875 1772 1942 τῷ
1828 1869 2098 1942 εὐκτηρίῳ
2151 1872 2248 1922 106
2296 1873 2448 1938 vuo6,
2506 1865 2676 1942 ἤγουν
2733 1873 2832 1924 106
2891 1870 3358 1948 ἀρχιστρατήγου,
3419 1870 3746 1926 ἐπιτελεῖται
3781 1873 3818 1940 ἡ

400 1957 625 2030 τοιαύτη
659 1961 844 2037 ἑορτή.

1008 2054 1239 2110 CAPUT
1277 2053 1426 2110 XXI.

2757 2049 3020 2106 ΚΕΦΑΛ.
3055 2050 3182 2106 KA'.

450 2144 775 2202 Obervanda
803 2147 862 2199 in
887 2145 1027 2214 festo
1047 2149 1100 2200 et
1124 2144 1470 2215 processio":
1494 2141 1686 2198 Sancti
1707 2139 1990 2196 Demetrii.

475 2317 522 2376 Ι.
553 2319 745 2376 Pridie
774 2316 953 2373 unius
995 2313 1108 2370 diei
1139 2312 1360 2371 domini
1401 2309 1730 2384 praepositis
1761 2307 2045 2375 indicant,

406 2411 503 2467 die
540 2411 818 2480 sequente
861 2420 993 2460 cum
1032 2401 1325 2458 allaximis
1381 2407 1650 2456 senatum
1709 2397 2046 2454 universum

407 2500 663 2574 prodire,
705 2511 876 2551 mane
913 2497 1111 2549 autem
1141 2491 1298 2546 circa
1326 2490 1526 2544 horam
1557 2487 1869 2543 secundum
1904 2502 2047 2556 preu-

411 2588 635 2660 positos
663 2583 890 2656 ingredi
928 2582 1160 2652 jubent,
1193 2595 1308 2648 quo
1343 2578 1516 2643 facto,
1546 2593 1679 2632 cum
1713 2574 1915 2646 paucis
1945 2591 2047 2629 cu-

403 2675 722 2742 biculariis,
739 2689 887 2745 papa
897 2683 947 2726 el
963 2666 1338 2726 hetaeriarcha
1348 2666 1492 2722 abeu
1502 2669 1646 2732 nt,et
1657 2662 2044 2735 patriarcbam

403 2782 536 2822 cum
573 2761 960 2835 metrOpolitis
1004 2766 1058 2816 et
1087 2757 1313 2829 reliquo
1345 2756 1474 2826 ejus
1505 2754 1697 2811 ofﬁcio
1728 2753 2045 2809 adducunt.

405 2855 514 2921 Qui
561 2869 665 2925 per
706 2851 994 2924 porticum
1035 2846 1317 2904 triconchi
1363 2847 1685 2917 ingressus,
1719 2843 1778 2898 in
1819 2858 2050 2898 camera

404 2943 566 3000 aurei
595 2939 856 3010 triclinii,
881 2955 1007 3010 qua
1040 2937 1308 3010 proxima
1337 2935 1590 3008 pantheo
1620 2937 1728 2998 est,
1763 2931 2046 2988 considet.

405 3032 705 3106 Praepositi
751 3034 945 3086 autem
995 3026 1239 3096 ingressi
1278 3022 1726 3097 imperatoribus
1774 3021 1900 3090 ejus
1949 3021 2048 3074 ad-

402 3127 642 3178 ventum
690 3118 984 3184 nuntiant,
1017 3116 1114 3186 qui
1145 3118 1416 3185 surgunt,
1446 3119 1500 3168 et
1529 3125 1823 3168 cameram
1853 3107 2048 3164 Sancti

403 3209 690 3267 Theodori
743 3206 1015 3277 ingressi,
1050 3205 1277 3260 tunicas
1315 3218 1450 3257 suae
1490 3201 1762 3266 induunt,
1793 3202 1850 3254 et
1889 3202 2049 3252 extra

401 3300 593 3355 velum
610 3299 740 3368 ejus
752 3291 1742 3364 camereegressi,adstant.Interea
1754 3285 2048 3358 praepositi

401 3388 795 3461 patriarcham
828 3385 1146 3447 adducunt,
1179 3395 1352 3452 quem
1384 3378 1604 3435 domini
1636 3393 1737 3447 pro
1769 3391 1930 3431 more
1961 3391 2046 3431 os-

403 3478 674 3534 culantur
721 3483 776 3530 et
825 3471 1127 3543 paululum
1179 3471 1239 3525 in
1281 3484 1453 3524 aureo
1501 3465 1754 3522 triclinio
1804 3481 1937 3520 cum
1979 3479 2044 3519 eo

399 3567 720 3634 consident,
753 3563 1046 3633 rebusque
1077 3559 1356 3616 omnibus
1377 3558 1522 3613 bene
1553 3554 1857 3623 ordinatis,
1891 3571 2037 3626 pras-

399 3655 575 3727 positi
609 3654 852 3718 intrant,
874 3648 1127 3707 dominis
1156 3647 1217 3702 id
1245 3643 1586 3713 nuntiaturi,
1614 3643 1715 3715 qui
1742 3642 2038 3698 confestim

399 3761 532 3800 cum
592 3741 924 3815 patriarcha
981 3745 1250 3810 surgunt,
1307 3739 1365 3791 et
1417 3735 1528 3789 ritu
1587 3732 1732 3805 ipsis
1791 3730 2038 3788 solemni

399 3834 640 3904 egressi,
671 3847 772 3903 per
800 3829 1170 3900 tripetonem,
1205 3827 1550 3891 lausiacum,
1580 3822 2036 3886 Justinianeum,

399 3925 594 3998 scycla
622 3928 680 3979 et
703 3922 1017 3978 exteriores
1048 3918 1325 3976 Marciani
1354 3917 1611 3988 porticus
1642 3919 2039 3981 transeuntes,

399 4015 716 4071 oratorium
739 4011 931 4068 Sancti
953 4010 1128 4077 Petri,
1159 4008 1314 4079 quod
1354 4007 1434 4060 ibi
1464 4006 1644 4061 situm
1671 4009 1780 4072 est,
1815 4010 2036 4074 petunt.

2151 2138 2293 2194 ’Όσα
2332 2134 2415 2192 δεῖ
2443 2134 2883 2213 παραφυλάττειν
2919 2143 2987 2212 τῇ
3039 2139 3199 2212 ἑορτῇ
3231 2139 3322 2194 καὶ
3352 2138 3668 2216 προελεύσει
3701 2145 3802 2196 106

2606 2224 2801 2303 ’Δγίου
2850 2227 3175 2301 Δημητρίου
3207 2231 3339 2302 (69).

2227 2316 2303 2374 Δ’.
2339 2316 2453 2388 Πρὸ
2487 2319 2614 2388 μιᾶς
2670 2316 2884 2389 ἡμέρας
2929 2314 3245 2372 κελεύουσιν
3296 2320 3348 2373 οἱ
3399 2317 3652 2375 δεσπόταί
3684 2326 3810 2384 τοῖς

2155 2404 2540 2476 πραιποσίτοις
2570 2407 2668 2459 106
2715 2403 3003 2477 προελθεῖν
3049 2406 3138 2460 ἐπὶ
3181 2407 3279 2475 τὴν
3310 2409 3424 2480 (70)
3453 2405 3638 2482 αὔριον
3671 2411 3812 2482 μετά

2157 2491 2474 2564 ἀλλαξίμων
2507 2493 2606 2561 τήν
2643 2492 2948 2568 σύγκλητον
2998 2500 3196 2563 πᾶσαν,
3247 2496 3334 2550 xui
3377 2499 3444 2569 τῇ
3482 2494 3646 2552 ἕωθεν
3680 2499 3806 2573 περὶ

2158 2576 2274 2652 ὥρα
2322 2577 2570 2656 δευτέραν
2615 2579 2929 2636 κελεύουσιν
2977 2583 3028 2636 oi
3079 2579 3335 2638 δεσπόται
3384 2582 3646 2639 εἰσελθεῖν
3676 2584 3810 2649 τοὺς

2157 2667 2572 2741 πραιποσίτους,
2601 2669 2691 2722 καὶ
2734 2665 2800 2738 δὴ
2851 2669 3059 2725 τούτων
3093 2671 3471 2744 εἰσελθόντων,
3507 2673 3642 2746 μετά
3690 2673 3812 2728 ὀλί-

2158 2778 2272 2832 γων
2318 2761 2414 2812 106
2466 2752 2865 2813 κουϐουκλείου
2915 2757 3270 2836 ἀπέρχονται,
3313 2761 3426 2835 ἃμα
3472 2766 3568 2816 τοῦ
3625 2765 3807 2819 παπία

2156 2847 2246 2902 καὶ
2292 2851 2389 2903 τοῦ
2438 2848 2844 2924 έταιρειάρχου,
2883 2849 2972 2904 καὶ
3025 2849 3295 2926 εἰσάγουσι
3325 2853 3418 2906 τὸν
3457 2854 3810 2928 πατριάρχην

2162 2935 2294 3008 μετά
2322 2936 2412 2990 καὶ
2441 2940 2548 2990 τῶν
2586 2936 3013 3010 μητροπολιτῶν
3045 2940 3135 2993 xui
3165 2943 3264 3004 τῆς
3297 2938 3505 3010 λοιπῆς
3545 2943 3590 2978 ⁴⁶
3633 2941 3802 2996 αὐτοῦ

2156 3023 2374 3094 τάξεως.
2426 3022 2525 3078 Καὶ
2573 3028 2672 3079 106
2720 3025 3066 3100 πατριάρχου
3123 3028 3534 3102 εἰσερχομένου,
3578 3027 3664 3084 διὰ
3693 3034 3804 3085 τῶν

2159 3108 2487 3167 διαϐατικῶν
2544 3117 2641 3167 τοῦ
2697 3115 3001 3189 τρικόγχου
3057 3116 3381 3192 εἰσέρχεται,
3431 3118 3521 3173 καὶ
3569 3120 3804 3189 κάθηται

2158 3201 2209 3256 ἐν
2254 3206 2322 3275 τῇ
2369 3205 2589 3276 καμάρᾳ
2633 3206 2730 3256 106
2777 3205 3238 3279 ’χρυσοτρικλίνου
3277 3206 3344 3280 τῇ
3394 3205 3528 3282 οὔσῃ
3571 3210 3707 3283 πρὸς
3737 3210 3804 3263 τὸ

2155 3289 2400 3346 πάνθεον.
2463 3293 2528 3348 Οἱ
2589 3289 2647 3346 δὲ
2699 3294 3049 3367 πραιπόσιτοι
3111 3295 3484 3370 εἰσερχόμένοι
3542 3297 3805 3374 ἀναγγέλ-

2157 3379 2312 3434 λουσι
2369 3386 2485 3442 τοῖς
2543 3376 2828 3443 δεσπόταις
2883 3384 2982 3450 τήν
3043 3388 3139 3438 τοῦ
3202 3387 3546 3460 πατριάρχου
3597 3386 3802 3460 ἄφιξιν,

2154 3470 2244 3524 καὶ
2295 3469 2492 3534 εὐθέως
2549 3469 2854 3526 ἀνίστανται
2914 3473 2965 3526 οἱ
3025 3471 3280 3529 δεσπόται
3327 3476 3417 3529 καὶ
3463 3475 3804 3552 εἰσέρχονται

2149 3559 2200 3613 ἐν
2233 3565 2300 3633 τῇ
2333 3560 2552 3633 καμάρᾳ
2584 3563 2682 3614 τοῦ
2725 3560 2913 3636 ’Λγίου
2945 3559 3254 3637 Θεοδώρου,
3285 3564 3500 3620 κάκεῖσε
3529 3561 3804 3640 περιϐάλ-

2151 3647 2337 3703 λονται
2369 3649 2464 3710 τὰς
2510 3649 2710 3704 ἑαυτῶν
2756 3648 3052 3727 χλανίδας,
3083 3655 3174 3707 καὶ
3223 3652 3574 3728 ἐξερχόμενοι
3606 3650 3798 3728 ἔξωθεν

2145 3742 2243 3791 106
2296 3736 2474 3812 βήλου
2521 3745 2623 3807 τῆς
2669 3739 2837 3808 αὐτῆς
2869 3741 3119 3816 καμάρας
3149 3743 3418 3799 ἳστανται.
3449 3745 3515 3801 Οἱ
3548 3741 3605 3799 δέ
3634 3765 3798 3816 πραι-

2147 3828 2367 3882 πόσιτοι
2398 3827 2748 3905 ἐξερχόμενοι
2781 3828 3052 3905 εἰσάγουσι
3104 3833 3196 3886 τὸν
3229 3835 3602 3908 πατριάρχην·
3637 3836 3692 3888 οἱ
3733 3831 3794 3889 δὲ

2149 3914 2403 3971 δεσπόται
2446 3921 2638 3970 τοῦτον
2685 3918 2821 3972 κατά
2865 3918 2928 3972 τὸ
2976 3917 3168 3982 εἰωθὸς
3216 3921 3604 3993 ἀσπαζόμενοι,
3664 3924 3793 3977 καθ-

2149 4005 2360 4073 έζονται
2395 4007 2505 4076 μετ’
2541 4003 2706 4059 αὐτοῦ
2737 4005 2825 4060 ἐπὶ
2856 4011 2952 4061 106
2995 4007 3456 4082 χρυσοτρικλίνου
3495 4012 3686 4085 μικρόν
3714 4033 3792 4080 τι,

397 4102 488 4156 καὶ
520 4100 608 4155 ὅτε
636 4103 809 4156 πάντα
858 4096 1040 4157 καλῶς
1091 4093 1528 4167 εὖτρεπισθῶσιν,
1576 4089 1908 4164 εἰσέρχονται
1955 4092 2007 4143 oi
2063 4093 2417 4166 πραιπόσιτοι
2467 4090 2760 4160 δηλοῦντες
2805 4100 2921 4156 τοῖς
2972 4094 3278 4166 δεσπόταις,
3327 4099 3415 4152 καί
3466 4099 3658 4160 εὐθέως
3707 4101 3796 4155 ἀν-

397 4191 639 4244 ἰστανται
672 4189 724 4241 οἱ
757 4184 1008 4240 δεσπόται
1046 4183 1178 4254 μετὰ
1207 4183 1304 4234 106
1335 4180 1702 4253 πατριάρχου,
1752 4177 1839 4231 καὶ
1891 4175 2233 4252 ἐξερχόμενοι
2282 4181 2418 4234 κατὰ
2465 4181 2556 4234 τὸν
2605 4177 2836 4244 εἰωθότα
2878 4185 3096 4246 τούτοις
3137 4187 3328 4254 τόπον,
3364 4184 3676 4262 διέρχονται
3707 4187 3798 4244 διὰ

395 4283 494 4332 106
523 4278 856 4352 τριπέτωνος
887 4273 977 4326 xui
1004 4274 1101 4326 τοῦ
1135 4272 1430 4324 λαυσιακοῦ
1459 4268 1548 4323 καὶ
1579 4269 1673 4321 106
1704 4267 2085 4322 Ἰουστινιανοῦ
2115 4267 2204 4321 καὶ
2245 4273 2351 4323 τῶν
2403 4267 2620 4323 σκύλων
2665 4270 2755 4324 καὶ
2799 4275 2904 4326 τῶν
2939 4270 3038 4342 ἔξω
3072 4269 3397 4330 διαϐατικῶν
3429 4281 3526 4331 τοῦ
3557 4279 3802 4352 Μαρκια-

399 4371 515 4431 v06,
547 4366 635 4419 καὶ
668 4364 1002 4436 ἀπέρχονται
1035 4358 1086 4413 ἐν
1117 4363 1197 4431 τῷ
1227 4357 1396 4413 ἐκεῖσε
1427 4356 1699 4431 εὐκτηρίῳ
1730 4359 1826 4410 106
1855 4355 2043 4431 Ἀγίου
2076 4357 2414 4413 Ἀποστόλου
2449 4357 2672 4433 Πέτρου.

475 4457 569 4510 73
607 4455 678 4510 ΙΙ.
714 4453 1024 4508 Sciendum
1076 4456 1186 4513 est,
1237 4449 1492 4504 dominis
1531 4463 1660 4503 cum
1705 4447 2036 4519 patriarcha
2069 4449 2111 4512 D

395 4562 463 4600 ex
504 4560 678 4599 aureo
718 4540 972 4597 triclinio
1018 4539 1478 4612 procedentibus,
1519 4543 1652 4592 ante
1683 4541 1882 4608 portas
1914 4538 2036 4606 ejus

393 4642 694 4704 argenteas
725 4631 1026 4688 eunuchos
1077 4630 1567 4701 protospatharios
1597 4633 1653 4682 et
1685 4626 2036 4696 lagothetam

391 4740 598 4779 cursus
628 4721 845 4793 publici
876 4737 1006 4778 cum
1041 4719 1508 4792 protoscriniario
1561 4723 1619 4774 et
1648 4717 1836 4789 primo
1872 4723 2031 4771 nota-

2215 4447 2286 4502 B'.
2322 4447 2535 4516 Ἰστέον,
2596 4449 2704 4516 ὅτι,
2763 4455 2870 4504 τῶν
2928 4447 3197 4507 δεσποτῶν
3252 4452 3626 4530 ἐξερχομένων
3685 4456 3794 4512 ἀπὸ

2145 4539 2240 4589 106
2270 4537 2731 4611 χρυσοτρικλίνου
2766 4539 2901 4611 μετά
2929 4540 3018 4594 καί
3061 4546 3157 4596 τοῦ
3207 4547 3574 4619 πατριάρχου,
3605 4543 3792 4600 ’ἰσταν-

2145 4645 2200 4678 αι
2251 4623 2469 4699 ἀντικρὺ
2517 4631 2624 4680 τῶν
2673 4627 2920 4703 ἀργυρῶν
2971 4628 3159 4684 πυλῶν
3201 4636 3297 4685 τοῦ
3330 4633 3793 4708 χρυσοτρικλίνου

2142 4714 2194 4767 οἱ
2240 4711 2488 4788 εὐνοῦχοι
2537 4719 3041 4792 πρωτοσπαθάριοι,
3094 4719 3123 4773 ὅ
3170 4741 3227 4776 τε
3285 4720 3589 4796 λογοθέτης
3621 4724 3664 4760 ⁴⁷
3691 4727 3795 4780 106

1759 4867 2009 4924 VARUE
2050 4865 2459 4922 LECTIONES.

464 5000 510 5037 ⁸⁸
540 4997 758 5057 λοιποῖς
790 4995 879 5053 ed.
957 4993 1001 5029 ‘7
1031 4994 1059 5048 ὁ
1091 4991 1282 5069 λογοθ.
1317 4993 1404 5050 ed.

1391 5118 1586 5174 JOAN.
1626 5120 1769 5176 JAC.
1813 5119 2080 5175 REISKII
2118 5117 2706 5176 COMMENTARIUS.

462 5253 578 5326 (68)
599 5247 1038 5336 Atquinrubric'a
1073 5243 1420 5336 marginalia
1445 5243 1504 5336 in
1535 5247 1611 5298 M.
1638 5243 1739 5334 dat
1765 5243 2041 5336 hancfn‘o;

394 5314 719 5395 ἲοὴι,’μηνί
768 5318 1061 5395 Νοεμορίῳ
1116 5317 1161 5368 α’
1208 5314 1313 5369 τοῦ
1374 5314 1868 5388 Ἀρχιστρατῆγου.
1927 5316 2035 5369 Sed

395 5394 610 5452 rectius
641 5394 794 5466 quod
828 5395 883 5447 in
919 5402 1068 5466 textu
1101 5397 1208 5444 est.

465 5467 578 5536 (69)
621 5455 678 5521 Si
718 5464 1039 5520 Demetrius
1083 5460 1238 5532 apud
1287 5460 1515 5536 (ἂι-φοοδ
1566 5473 1776 5527 magno
1825 5456 1899 5536 in.
1933 5455 2036 5512 ho-

392 5527 530 5592 nore
561 5527 670 5602 est,
709 5546 764 5591 et
793 5537 944 5589 inter
986 5527 1268 5604 martyres
1290 5530 1601 5604 militares,
1635 5545 1748 5604 seu
1782 5527 2032 5604 militum

391 5600 667 5676 patronos
696 5616 750 5661 et
779 5607 1064 5676 bellorum
1097 5600 1551 5676 presides_c_t‘in_
1572 5600 1782 5676 pugnis
1812 5602 2031 5670 adjuto-

392 5672 484 5733 res
517 5682 838 5746 reputatur.
857 5675 926 5728 V.
955 5672 1192 5730 Cedren.
1220 5689 1350 5746 pag.
1372 5672 1770 5746 7/18,C.Idem
1801 5687 2032 5746 quoque

391 5765 450 5820 p.
474 5744 604 5815 744,
627 5747 710 5801 ait
739 5762 921 5817 aegros
952 5746 1141 5802 sanari
1163 5744 1406 5818 cupidos
1438 5744 1510 5800 ad
1541 5745 1670 5814 ejus
1693 5745 2029 5817 sepulcrum

2149 5244 2304 5322 apud
2344 5243 3233 5322 Thessalonicam_confluxissc.
3267 5250 3396 5304 Vid.
3433 5251 3661 5308 Heinec.
3699 5258 3796 5322 Ill,

2320 5321 2382 5396 ct
2428 5317 2597 5396 Go_ar.
2633 5320 2704 5396 ad
2736 5319 3032 5396 Codintp.
3075 5322 3271 5396 68,_n.
3314 5322 3479 5396 29:_l:2
3508 5323 3699 5380 Nostri
3741 5315 3796 5396 pi

2294 5393 2472 5465 patet,
2506 5388 2660 5465 haud
2696 5397 2897 5465 procul
2932 5386 3064 5465 fano
3090 5386 3352 5465 iDeiparaa
3385 5394 3552 5448 Phari
3584 5386 3791 5465 fuisse,

2147 5461 2202 5537 et
2233 5457 2318 5509 Du
2367 5460 2558 5537 Gange
2589 5463 2657 5515 ad
2697 5457 2854 5537 Alex.
2903 5478 2956 5532 p.
3008 5463 3134 5537 259.
3185 5457 3268 5537 i'n_
3293 5469 3546 5519 extremo
3581 5457 3797 5537 angulo

2145 5527 2530 5603 Propontidis,
2563 5547 2594 5584 ο
2623 5534 2856 5603 regione
2885 5527 3131 5601 Scutari,
3161 5533 3422 5590 collocat.

2143 5598 2419 5722 mggan.
2443 5597 2529 5654 ἐπὶ
2559 5605 2651 5675 τῇ,
2685 5597 2750 5661 ut
2771 5620 2973 5676 supra,
2995 5606 3098 5661 sed
3119 5597 3378 5660 alterum
3410 5622 3640 5676 quoque
3669 5625 3785 5664 non

2207 5685 2383 5729 ﬁlum.
