4126 6314
243 324 352 384 353
1115 314 1218 373 DE
1261 308 1723 373 CERIMONIIS
1764 309 1920 370 AUL

2039 309 2518 372 ΒῩΖΑΝΤΙΝιΕ
2557 313 2705 374 LIB.
2756 316 2805 374 Ι.
3538 318 3658 377 354

250 455 451 532 δρόμου
487 451 635 524 μετᾶ
665 449 754 503 καὶ
782 451 880 503 τοῦ
922 445 1432 521 πρωτοασηκρήτης
1471 443 1560 498 καὶ
1602 445 1698 497 τοῦ
1745 462 1894 517 πρω·

2032 443 2252 514 ἱοωω,
2302 445 2598 504 ministros
2642 453 2834 504 autem
2877 445 3119 503 triclinii
3153 447 3314 503 aurei
3351 463 3526 519 prope
3554 450 3662 504 ho-

248 531 564 616 τονοταρίου
594 542 668 608 ⁸⁸,
697 537 784 592 ἐπὶ
817 533 875 591 δὲ
899 536 962 590 τὸ
996 534 1156 609 μέρος
1200 537 1296 588 τοῦ
1338 531 1648 608 ὡρολογίου
1699 531 1751 586 οἱ
1802 535 1900 586 τοῦ

2032 533 2294 606 'ologium
2323 538 2570 592 adstare.
2608 537 2782 594 Porro
2823 537 3120 604 dominos,
3151 554 3221 593 ex
3247 537 3425 592 aeneis
3472 539 3658 608 portis

254 629 739 711 χρυσοτρικλίνου.
781 625 1006 694 Ἰστὲον,
1047 624 1129 679 ὅτι
1169 621 1418 711 ἐξιόντων
1457 625 1565 676 τῶν
1631 621 1904 711 δεσποτῶν

2032 625 2075 678 id
2131 624 2452 682 lausiacum
2497 643 2784 698 egressos,
2823 627 3185 684 manclavitaa
3227 632 3284 682 et
3313 627 3660 682 cubicularii

373 716 593 795 χαλκᾶς
635 714 814 776 πύλας
861 715 998 789 πρὸς
1046 713 1138 767 τὸν
1191 709 1481 766 λαυσιακὸν
1530 711 1598 782 ⁴⁹,
1650 707 1904 787 δέχονται

2032 728 2208 768 ιωηθε
2256 715 2554 786 excipiunt
2600 720 2657 771 et
2703 716 3076 772 comitantur.
3141 717 3298 772 Intra
3344 715 3503 788 scyla
3555 731 3659 771 seu

262 813 306 867 οἱ
335 813 427 864 τοῦ
463 800 781 880 μαγλαϐίου
809 803 858 838 ⁵ο
888 804 974 857 καὶ
1012 802 1065 856 οἱ
1093 805 1190 856 τοῦ
1220 795 1620 855 κουϐουκλείου
1653 799 1906 868 ἅπαντες,

2032 816 2065 854 n
2119 806 2378 858 extrema
2429 803 2787 861 Justinianei
2847 805 3092 862 triclinii
3147 813 3306 877 parte
3363 805 3656 877 magistri,

259 902 496 962 κᾶκεῖθεν
530 891 884 968 δηριγεόουσι
923 891 1053 954 τοὺς
1097 888 1380 950 δεσπότας.
1427 887 1642 958 Ἰστέον,
1693 887 1778 942 ὅτι
1819 881 1910 940 ἔν-

2032 892 2384 947 iroconsules
2437 897 2495 947 et
2545 894 2828 951 ofﬁciales
2891 897 3125 966 adsunt,
3183 899 3240 951 et
3296 901 3665 953 transeuntes

269 987 352 1044 δον
393 990 502 1041 τῶν
563 982 802 1049 σκύλων,
843 979 1011 1057 ἤγουν
1056 980 1131 1040 εἷς
1177 981 1278 1047 τήν
1337 978 1502 1050 ἄκραν
1541 981 1640 1032 τοῦ
1679 977 1909 1032 Ἰουστι-

264 1080 465 1144 νιανοῦ,
491 1073 746 1128 ἵστανται
790 1072 842 1124 οἳ
891 1091 950 1125 τε
1003 1070 1294 1144 μάγιστροι
1337 1067 1427 1122 καὶ
1477 1066 1769 1131 ἀνθύπατοι
1819 1066 1906 1120 καὶ

264 1168 311 1220 οἱ
353 1162 725 1242 όφφικιάλιοι,
773 1159 862 1214 καὶ
909 1162 1017 1213 τῶν
1065 1150 1341 1212 δεσποτῶν
1390 1154 1782 1232 διερχομὲνων,
1827 1155 1909 1209 πί-

263 1241 487 1311 πτουσιν
522 1251 608 1307 ἐπ’
660 1247 910 1328 ἐδάφους,
959 1246 1184 1308 τούτους
1235 1249 1685 1320 προσκυνοῦντες.
1739 1245 1805 1302 Οἱ
1856 1241 1914 1297 δὲ

269 1341 550 1410 δεσπόται,
595 1339 776 1403 καθὼς
833 1334 1175 1411 προείρηται,
1237 1331 1551 1408 διέρχονται
1607 1331 1774 1408 μέχρι
1818 1336 1913 1386 τοῦ

260 1431 459 1507 Ἀγίου
484 1425 830 1488 ’Δποστόλου
852 1425 1081 1500 Πέτρου,
1103 1425 1131 1478 6
1155 1421 1211 1478 δὲ
1230 1425 1580 1500 πατριάρχης
1613 1422 1916 1495 εἰσέρχεται

263 1520 343 1582 εἷς
370 1521 436 1574 τὸ
482 1518 887 1591 θυσιαστήριον,
935 1512 1026 1568 καὶ
1073 1519 1173 1582 τῆς
1222 1512 1473 1576 εἰωθυίας
1518 1511 1688 1585 εὐχῆς
1731 1509 1920 1566 τελου-

266 1609 462 1681 μένης,
527 1605 869 1680 ἀπάρχονται
929 1603 980 1657 οἱ
1035 1600 1240 1676 ψάλται
1279 1601 1340 1656 τὸ
1390 1601 1707 1676 τροπάριον.
1765 1601 1824 1657 Ὀ
1863 1597 1919 1653 δὲ

260 1697 624 1772 πατριάρχης
657 1693 1017 1771 ἐξερχόμενος
1053 1692 1158 1746 ἀπὸ
1204 1693 1300 1745 τοῦ
1352 1690 1764 1763 θυσιαστηρίου,
1819 1688 1920 1763 βα-

2012 977 2302 1048 dominos,
2323 982 2691 1051 procidentes
2711 985 2771 1039 in
2796 989 3034 1055 terram,
3049 986 3315 1042 adorant.
3333 985 3422 1041 Illi
3445 991 3666 1050 autem,

2015 1072 2082 1124 ut
2111 1085 2292 1139 supra
2321 1069 2688 1126 observatum
2720 1077 2830 1142 est,
2871 1075 2945 1128 ad
2975 1075 3172 1131 Sancti
3218 1075 3478 1146 Apostoli
3511 1075 3665 1131 Petri

2013 1159 2253 1226 abeunt,
2305 1159 2402 1215 ubi
2453 1161 2804 1232 patriarcha‘
2836 1165 3160 1220 sacrarium
3219 1165 3565 1237 ingreditur,
3609 1169 3666 1220 et

2017 1253 2150 1319 post
2199 1265 2395 1321 preces
2450 1250 2741 1307 solemnes
2787 1257 3051 1322 peractas
3101 1253 3302 1325 psaltes
3345 1256 3663 1327 traparium

2018 1336 2328 1408 incipiunt.
2377 1338 2715 1397 Patriarcha
2745 1339 2953 1396 deinde
2985 1357 3053 1397 ex
3082 1343 3360 1414 sacrario,
3393 1348 3662 1400 sanctum

2019 1427 2394 1498 Evangelium
2443 1445 2615 1485 manu
2649 1435 2875 1497 tenens,
2919 1431 2991 1486 ad
3042 1436 3237 1503 portas
3270 1433 3667 1502 imperatorias

2019 1515 2286 1585 ejusdem
2367 1517 2601 1573 oratorii
2675 1517 2959 1588 procedit,
3018 1519 3374 1577 subdiacono
3440 1535 3673 1576 crucem

2023 1605 2510 1674 processionalem
2560 1609 2918 1678 prieferente.
2969 1609 3206 1665 Domini
3236 1627 3434 1667 cereos
3466 1629 3498 1666 a
3528 1628 3678 1684 prae-

2023 1693 2225 1764 positis
2255 1695 2568 1766 accipiunt,
2603 1701 2806 1768 terque
2836 1713 2989 1768 genu
3021 1698 3190 1767 ﬂexo,
3230 1701 3301 1755 ad
3335 1701 3518 1756 Deum
3546 1718 3678 1773 pre-

265 1787 479 1856 στάζων
507 1785 572 1839 τὸ
603 1780 753 1858 ἅγιον
785 1779 1144 1857 Εὐαγγέλιον,
1179 1777 1396 1855 ἔρχεται
1439 1779 1514 1840 εἷς
1554 1779 1649 1841 τὰς
1703 1775 1917 1853 βασιλι-

2032 1791 2248 1851 cantur,
2279 1787 2419 1838 tunc
2452 1783 2831 1857 Evangelium
2863 1789 2920 1842 et
2948 1803 3183 1843 crucem
3227 1789 3589 1860 osculantur,
3621 1800 3676 1846 et

262 1876 360 1937 κάς
410 1872 594 1935 πύλας
639 1876 736 1927 τοῦ
781 1870 944 1925 αὐτοῦ
1010 1866 1319 1944 εὐκτηρίου,
1383 1864 1642 1938 δηλονότι
1687 1867 1777 1922 καὶ
1819 1870 1916 1921 τοῦ

267 1961 636 2023 ῦποδιάκονος
667 1962 710 1997 ⁸¹
744 1962 855 2033 (71)
899 1959 1261 2034 βαστάζοντος
1290 1956 1381 2012 τὸν
1430 1955 1704 2011 λιτανικὸν
1753 1975 1917 2010 σταυ-

271 2055 387 2125 ρόν.
421 2052 490 2110 Οἱ
544 2048 601 2104 δὲ
649 2046 905 2104 δεσπόται
954 2041 1296 2120 λαμϐάνουσι
1347 2045 1491 2118 παρὰ
1533 2049 1637 2099 τῶν
1680 2063 1920 2119 πραιπο-

266 2141 436 2196 σίτων
476 2137 687 2213 κηροὺς
743 2137 834 2192 καὶ
891 2133 980 2190 διὰ
1042 2141 1142 2204 τῆς
1197 2141 1443 2209 τρισσῆς,
1505 2134 1921 2208 προσκυνήσεως

266 2230 746 2306 ἂπευχαριστοῦσι
775 2230 856 2298 τῷ
887 2229 1021 2296 Θεῷ,
1061 2224 1151 2278 καὶ
1181 2224 1512 2293 ἀσπάζονται
1541 2223 1602 2277 τό
1636 2243 1695 2277 τε
1743 2221 1922 2294 Εὐάγ-

266 2317 462 2394 γέλιον
496 2318 588 2372 καὶ
616 2317 709 2371 τὸν
743 2314 996 2388 σταυρὸν,
1030 2313 1367 2386 θυμιώμενοι
1405 2313 1624 2366 6116106
1648 2307 1920 2378 διάκονος,

269 2409 365 2462 καὶ
414 2410 936 2481 παρακρατοὺμενος
983 2403 1011 2456 6
1062 2400 1319 2477 βασιλεὺς
1367 2402 1468 2456 ὑπὸ
1523 2404 1620 2456 τοῦ
1667 2397 1926 2473 πατριάρ-

271 2517 409 2572 χου,
442 2495 718 2570 ἐξέρχεται
750 2493 857 2548 ἀπὸ
897 2498 996 2560 τῆς
1033 2489 1350 2560 ἐκκλησίας.
1396 2489 1614 2558 Ἰστέον,
1662 2490 1770 2560 ὃτι,
1819 2487 1924 2542 ἀπὸ

283 2586 379 2658 μὲν
413 2589 512 2639 τοῦ
543 2583 730 2657 Ἀγίου
763 2582 968 2656 Πέτρου
995 2578 1357 2656 ἐξερχομὲνης
1387 2586 1486 2648 τῆς
1518 2577 1697 2648 λιτῆς,
1729 2573 1923 2651 λέγου-

282 2696 367 2735 σιν
400 2675 453 2728 οἱ
487 2671 693 2746 ψάλται
743 2671 806 2726 τὸ
853 2669 1149 2745 τροπάριον
1195 2673 1292 2722 τοῦ
1345 2669 1618 2744 μάρτυρος
1662 2667 1797 2741 πρὸς
1839 2666 1927 2738 τὸ,

279 2789 307 2814 ‹‹
341 2763 535 2818 Λαϐὼν
561 2761 814 2836 ἐτέχθης,
843 2784 872 2813 n
919 2759 1051 2834 ὅπερ
1103 2757 1326 2830 ἐποίησε
1371 2759 1523 2813 Λὲων
1556 2759 1584 2813 ὁ
1615 2759 1928 2832 σοφώτατος

277 2856 368 2908 καί
404 2852 612 2928 ἀγαθὸς
647 2848 926 2924 βασιλεὺς,
957 2847 1349 2922 εἰσερχομένης
1397 2843 1455 2901 δὲ
1499 2853 1600 2916 τῆς
1649 2844 1808 2914 λιτῆς
1853 2843 1930 2906 εἰς

282 2945 343 2996 τὸ
395 2938 876 3016 χρυσοτρίκλινον,
937 2937 1277 3011 ἀπάρχονται
1351 2935 1414 2990 16
1469 2933 1761 3010 τροπάριον
1825 2937 1930 2988 τῶν

282 3030 599 3105 ἐγκαινίων,
629 3025 800 3105 ἤγουν
830 3027 916 3099 τὸ,
952 3050 972 3078 α
1010 3025 1145 3095 Δόξα
1173 3045 1280 3096 σοι,
1311 3025 1515 3099 Χριστὲ
1545 3025 1573 3080 6
1603 3023 1753 3092 Θεὸς,
1795 3023 1930 3078 ἀπο·

289 3121 500 3177 στόλων
551 3119 837 3195 καύγημα.
889 3139 919 3168 ››
962 3115 1063 3170 Καὶ
1111 3112 1491 3189 διερχόμενος,
1551 3114 1668 3179 ὅθεν
1705 3113 1933 3188 ξκάκεῖσε

286 3211 475 3284 ἀπῄει,
511 3207 791 3283 διέρχεται
822 3203 912 3260 διὰ
963 3206 1129 3278 μέσου
1166 3208 1264 3258 τοῦ
1312 3203 1792 3280 χρυσοτρικλίνου,
1841 3201 1932 3258 καὶ

285 3297 566 3373 ἐξερχεται
601 3295 738 3370 μετὰ
769 3301 873 3363 τῆς
903 3293 1064 3364 λιτῆς
1087 3294 1184 3356 τὰς
1220 3292 1545 3355 ἀνατολικᾶς
1593 3292 1793 3362 πύλας,
1841 3293 1928 3347 καὶ

290 3389 339 3441 οἱ
389 3388 484 3459 μὲν
541 3384 827 3459 μάγιστροι
888 3381 978 3438 καὶ
1029 3381 1322 3436 ἀνθύπατοι
1367 3381 1456 3436 καὶ
1515 3380 1792 3456 πατρίκιοι
1843 3380 1933 3436 καὶ

291 3473 638 3553 ὀφφικιάλιοι
678 3471 926 3528 ’ίστανται
976 3471 1196 3546 ἀντικρὺ
1247 3474 1344 3525 τοῦ
1389 3475 1518 3526 ναοῦ
1581 3475 1677 3526 τοῦ
1743 3471 1934 3547 ’Δγίου

295 3564 639 3639 Δημητρίου,
687 3560 860 3637 ἤγουν
904 3566 1002 3616 τοῦ
1044 3561 1326 3635 ἀριστεροῦ
1373 3561 1593 3632 μέρους,
1639 3561 1691 3616 οἱ
1736 3558 1792 3616 δὲ
1837 3565 1935 3616 106

293 3649 689 3710 κουϐουκλείου
718 3653 853 3707 κατὰ
882 3650 1201 3711 ἀνατολικᾶς
1231 3654 1328 3705 τοῦ
1366 3650 1616 3720 ἡλιακοῦ,
1650 3651 1701 3705 οἱ
1745 3648 1802 3705 δὲ
1849 3647 1933 3704 δε-

291 3743 484 3798 σπόται
519 3743 657 3816 μετὰ
676 3745 774 3798 τοῦ
825 3741 1170 3816 πατριάρχου
1220 3738 1272 3794 ἐν
1323 3737 1402 3811 τῷ
1456 3739 1785 3813 προπυλαίῳ
1833 3747 1936 3808 τῆς

2028 1869 2271 1927 diacono
2303 1872 2661 1944 incensante,
2685 1874 3024 1946 imperator,
3049 1877 3387 1946 patriarchas
3419 1878 3675 1948 innixus,

2028 1975 2058 2014 e
2088 1959 2306 2032 templo
2337 1963 2650 2034 egreditur.
2671 1963 3112 2019 Observandum
3131 1981 3360 2037 quoque
3381 1971 3490 2035 est,
3515 1984 3680 2039 pom-

2031 2064 2103 2119 pa
2153 2067 2182 2104 a
2213 2052 2410 2106 Sancti
2451 2051 2605 2108 Petri
2652 2053 3024 2124 procedente,
3057 2059 3320 2111 cantores
3353 2057 3678 2128 troparium

2032 2140 2324 2210 martyris,
2356 2141 2508 2212 quod
2545 2142 2678 2211 Leo,
2701 2142 3173 2212 sapientissimus
3205 2148 3261 2200 et
3289 2146 3540 2217 optimus
3570 2147 3680 2203 im-

2034 2231 2286 2299 perator,
2305 2231 2654 2300 composuit,
2677 2246 2864 2301 usque
2886 2232 2957 2287 ad
2984 2232 3193 2288 verba:
3227 2253 3248 2283 α
3275 2234 3482 2290 Latens
3505 2241 3678 2291 natus

2035 2334 2097 2374 es
2122 2336 2136 2386 ;
2170 2340 2199 2368 ››
2230 2318 2594 2390 ingrediente
2615 2323 2806 2375 autem
2831 2321 3201 2392 processione
3229 2323 3552 2380 triclinium
3579 2341 3679 2381 au-

2035 2423 2226 2477 reum,
2247 2407 2572 2477 troparium
2595 2408 2985 2464 encaeniorum
3009 2409 3230 2465 scilicet
3256 2427 3270 2464 :
3295 2433 3324 2461 «
3347 2412 3537 2468 Gratia
3556 2413 3682 2482 tibi,

2034 2495 2259 2551 Christe
2287 2501 2466 2566 Deus,
2498 2497 2893 2566 apostolorum
2926 2497 3128 2567 gloria,
3162 2500 3419 2555 recitare.
3452 2523 3480 2551 »
3512 2501 3689 2572 Impe-

2040 2587 2198 2640 rator
2245 2583 2402 2653 inde,
2461 2601 2576 2656 quo
2633 2585 2876 2654 abierat,
2924 2585 3246 2657 digressus,
3295 2604 3394 2659 per
3426 2590 3686 2646 medium

2038 2671 2507 2745 chrysotriclium
2565 2675 2757 2747 pergit
2815 2679 2871 2732 et
2939 2692 3008 2730 ex
3065 2677 3445 2734 orientalibus
3504 2680 3686 2751 portis

2038 2779 2170 2818 cum
2214 2763 2582 2834 processione
2621 2763 2931 2836 egreditur,
2972 2767 3110 2821 dum
3144 2766 3366 2823 interea
3394 2769 3684 2842 magistri,

2041 2850 2436 2924 proconsules,
2488 2852 2716 2924 patricii
2748 2859 2806 2908 et
2847 2853 3127 2911 ofﬁciales
3159 2871 3191 2911 e
3228 2855 3457 2927 regione
3487 2857 3690 2929 templi

2041 2940 2240 2996 Sancti
2256 2940 2527 2997 Demetrii
2548 2958 2650 2998 seu
2665 2943 2735 2997 ad
2755 2941 3052 2998 sinistram
3077 2949 3326 3015 partem,
3341 2946 3685 3002 cubicularii

2039 3046 2172 3087 vero
2221 3031 2293 3086 ad
2340 3030 2652 3087 orientales
2684 3030 2900 3102 solarii,
2932 3031 3154 3088 domini
3186 3049 3317 3089 cum
3351 3035 3682 3106 patriarcha

2045 3119 2106 3174 in
2135 3119 2283 3176 atrio
2324 3119 2527 3190 templi
2560 3123 2738 3185 stant,
2773 3137 2838 3175 ac
2887 3119 3248 3178 solemnibus
3293 3124 3684 3181 encaeniorum

2046 3209 2260 3266 ritibus
2290 3209 2556 3280 peractis,
2589 3209 2861 3266 introitus
2893 3210 2977 3266 ﬁt.
3001 3210 3340 3267 Patriarcha
3369 3214 3688 3270 sacrarium

2041 3299 2246 3366 intrat,
2279 3297 2501 3353 domini
2533 3312 2634 3368 per
2663 3298 2919 3354 mediam
2951 3299 3259 3356 ecclesiam
3293 3306 3692 3370 transeuntes,

2043 3384 2442 3456 egrediuntur,
2464 3389 2521 3440 et
2548 3385 2609 3440 in
2639 3389 2942 3454 tetrasero,
2970 3389 3118 3460 quod
3144 3388 3221 3445 ibi
3245 3394 3353 3459 est,
3383 3391 3691 3448 lectionem

2045 3475 2340 3548 Evangelii
2383 3475 2662 3543 audituri,
2705 3477 2964 3533 adstant.
3015 3479 3219 3536 Postea
3249 3497 3352 3552 per
3382 3487 3694 3553 argenteas

2050 3563 2337 3619 mucronis
2368 3579 2469 3620 seu
2517 3563 2774 3634 porticus
2815 3564 3075 3635 oblongas
3117 3568 3333 3637 januas
3377 3571 3691 3640 progressi,

2047 3652 2282 3708 tunicas
2339 3669 2478 3708 suas
2523 3651 2795 3722 induunt,
2845 3670 3158 3725 arcumque
3212 3656 3531 3714 triclinium
3597 3660 3692 3714 in-

2047 3739 2258 3813 gressi,
2317 3757 2423 3812 pro
2479 3756 2639 3796 more
2695 3741 3025 3811 consident,
3087 3745 3188 3798 14
3245 3747 3303 3800 et
3356 3745 3518 3802 brevi
3565 3751 3700 3817 post

1660 3890 1902 3946 VARIxE
1943 3889 2349 3947 LECTIONES.

368 4046 411 4080 ⁵³
438 4041 733 4118 ᾅνοταρίου
763 4044 855 4100 ed'
887 4044 962 4102 cf.
995 4045 1063 4101 lt.
1097 4045 1170 4102 ad
1193 4060 1250 4116 p.
1281 4043 1372 4115 24,
1404 4044 1473 4100 23
1501 4047 1558 4100 et
1585 4043 1678 4113 99,
1706 4045 1760 4098 2.

297 4112 554 4170 διακόνου
581 4112 672 4172 ed.
750 4143 760 4150 -

1861 4041 1908 4078 ⁴⁹
1933 4039 1996 4096 τὸ
2028 4038 2187 4098 λαυσ.
2219 4043 2309 4098 ed.

2415 4043 2459 4079 so
2510 4042 2561 4096 οξ
2615 4040 2785 4117 μαγλ.
2820 4045 2912 4100 ed.
3006 4044 3049 4082 ⁵¹
3110 4042 3467 4102 ὑποδιαγόνου
3498 4054 3555 4107 et
3603 4053 3699 4121 20,

1339 4262 1540 4322 JOAN.
1580 4261 1730 4318 JAC.
1773 4260 2032 4317 REISKII
2070 4258 2667 4316 COMMENTARIUS.

299 4479 407 4513 κων

343 4528 566 4604 ost_13,
608 4531 668 4586 in
701 4533 772 4587 M.
817 4535 908 4587 est
946 4528 1123 4603 διάκο,
1165 4528 1320 4604 Quod
1362 4528 1613 4604 διάκονος
1654 4528 1802 4599 esse,
1836 4547 1951 4586 non

335 4601 584 4676 ιακόνου,
636 4618 715 4676 εκ
755 4613 992 4660 accentu
1037 4601 1424 4676 intelligitur,
1456 4603 1547 4676 Nil
1594 4604 1953 4676 frequentius

301 4674 410 4730 hac
439 4673 631 4728 forma
659 4673 916 4730 diacones
945 4673 1284 4742 diaconibui,
1319 4678 1377 4731 in
1411 4674 1575 4731 libris
1605 4673 1952 4730 ecclesiasti-

307 4746 389 4818 cis
434 4744 766 4818 Graecorum
797 4746 1252 4818 Latinorumque
1284 4745 1461 4802 medii
1508 4745 1635 4801 aevi.
1684 4744 1815 4800 Vid.
1871 4745 1955 4799 Du

307 4816 497 4888 Gange
518 4832 587 4890 v._
602 4816 837 4890 quttqr
855 4817 991 4890 (leg.
1015 4816 1304 4890 Appa'etor,
1327 4817 1780 4890 conductorpro
1800 4820 1958 4871 certa

308 4887 619 4957 mercede),
656 4887 754 4942 ubi
787 4887 1006 4961 legitﬁr
1037 4887 1069 4944 :‘
1088 4887 1441 4961 prohibemus
1469 4888 1692 4961 clericis
1729 4896 1780 4944 et
1812 4903 1957 4958 prae-

306 4961 466 5030 cipue
493 4959 833 5031 presbyteris
856 4959 914 5015 et
942 4959 1281 5026 diacdnibus,
1302 4977 1372 5016 ne
1399 4961 1585 5031 officia
1602 4959 1686 5014 vel
1706 4973 1961 5031 commer-

309 5029 404 5086 σία
451 5030 760 5085 saecularia
806 5041 1096 5088 exerceant
1143 5035 1384 5088 maxime
1430 5029 1739 5086 inhonesta.
1792 5029 1960 5086 Tales

307 5101 514 5158 formas
547 5101 991 5173 perfrequentes
1013 5105 1071 5158 in
1103 5102 1336 5160 illorum
1371 5101 1720 5173 speculorum
1751 5117 1961 5156 monu-

311 5173 557 5243 mentis,
606 5176 672 5227 ut
720 5172 850 5243 pag.
884 5175 1010 5242 234,
1059 5174 1348 5231 habemus
1395 5172 1584 5243 ὅπερες
1624 5189 1726 5243 pro
1765 5186 1961 5243 operae,

310 5240 555 5302 κλάδους
603 5240 1004 5318 συνόμόθρονας
1030 5263 1086 5317 p.
1118 5246 1224 5318 223
1253 5245 1381 5318 (ubi
1417 5240 1548 5302 vide
1589 5240 1828 5315 notata),
1859 5258 1963 5314 pro

314 5313 776 5385 συνομοθρόνους.
808 5313 874 5370 P.
897 5313 1276 5399 235ίπούερας
1305 5333 1410 5388 pro
1438 5331 1653 5389 pueros,
1685 5313 1965 5385 tan—quam

316 5403 352 5443 a
392 5383 665 5458 ’πούερεςτΔ
696 5389 867 5458 Apud
915 5389 1236 5458 Scriptores
1284 5392 1415 5458 post
1452 5386 1792 5458 Theophan.
1831 5401 1964 5458 pag.

316 5404 352 5443 ο,
392 5404 644 5458 πουερες.
696 5404 867 5459 Apua
915 5404 1236 5452 Scriptores
1284 5404 1415 5458 poet
1452 5404 1792 5457 '1'ne0pnan.
1834 5404 1964 5456 pag.

313 5459 444 5525 226,
493 5465 585 5530 est
631 5454 856 5518 ἄποικες
899 5476 1000 5530 pro
1030 5456 1271 5530 ἄποικοι.
1309 5459 1470 5515 Infra
1501 5477 1575 5530 p._
1593 5457 1716 5526 172,
1748 5455 1965 5529 φιάλεσι

373 4388 488 4466 (71)
533 4387 909 4466 Nomocanon
959 4387 1302 4466 Qoteleriap.
1356 4407 1430 4466 n-_
1464 4390 1566 4444 115
1609 4387 1794 4466 :"an
1838 4384 1951 4466 δια·
1981 4390 2026 4455 1)
2059 4402 2161 4457 pro
2209 4388 2420 4466 κρέταῖς
2450 4385 2956 4466 Διξλιιιλζῐιᾏκριτεξιί,
2990 4387 3204 4466 legitur
3250 4391 3310 4447 in
3355 4393 3708 4466 Anthologia

489 4457 717 4534 ggpeﬁer
735 4458 844 4534 716v
895 4458 1060 4534 ἱερέα,
1107 4461 1181 4530 μὴ
1217 4459 1608 4534 εἰσακούσεται.
1643 4460 1737 4516 Sic
1777 4460 1948 4531 paulo
2059 4473 2192 4534 pag.
2223 4457 2295 4512 65
2323 4459 2406 4534 (n.
2433 4457 2574 4534 _319,
2604 4457 2682 4534 _3),
2720 4457 2916 4534 Περσες
2950 4457 3285 4534 ρΓΟἾΙέρσαι
3308 4466 3468 4534 apud
3510 4457 3704 4522 Mala].

2056 4529 2098 4584 t.
2131 4529 2398 4602 li,p._19.
2427 4529 2687 4583 Buriclies
2711 4533 2768 4583 et
2797 4545 3031 4602 marine:
3053 4529 3409 4602 pro'burichi
3437 4543 3491 4591 et
3511 4538 3708 4592 manni

2059 4599 2748 4682 apudllieronyrpumLV.
2774 4603 2858 4682 Qu
2882 4599 3070 4672 Gange
3097 4619 3159 4682 νἑ
3177 4605 3471 4682 Burria/ms,
3491 4613 3706 4682 patere:

2104 4669 2163 4726 ro
2190 4681 2416 4744 ραιθνῳ,
2448 4669 2606 4744 idem
2649 4669 2736 4744 Du
2776 4671 2970 4744 Gange
3012 4669 3067 4744 v.
3120 4674 3429 4733 Canthara:
3455 4669 3708 4735 e'Gestis

2093 4740 2386 4796 nndcentii
2411 4741 2510 4824 ill,
2545 4740 2786 4797 choleres
2815 4740 3232 4824 _prb‘cholerae,
3265 4749 3322 4804 id
3353 4757 3436 4805 est
3463 4769 3706 4824 κρασεις,

2061 4811 2358 4890 humores,
2406 4811 2886 4890 temperamenti.
2937 4815 3099 4890 paces
3147 4834 3251 4890 pro
3302 4811 3512 4890 Dacw,‘
3551 4811 3708 4876 unde

2062 4885 2374 4964 Dae‘efiani:
2415 4882 2553 4964 _Vid.
2605 4883 2850 4964 Salinas.
2885 4886 2959 4942 ad
3007 4882 3605 4964 Scr.'IjIjst.ﬂAu'g.it.
3640 4891 3711 4953 ll,

2064 4973 2121 5082 ﬁ.
2152 4955 2279 5022 398,
2313 4953 2573 5012 Vicissim
2618 4952 2877 5046 μυριάδαι
2913 4975 3014 5029 pro
3047 4957 3304 5032 μυριάδες
3327 4952 3714 5046 ,Τὴθόρὴαηεε

2108 5027 2242 5082 abet
2290 5041 2421 5082 0&2.
2468 5026 2594 5082 339.
2644 5025 2955 5082 ὰποσπαδαι
2988 5036 3156 5082 Anna
3186 5032 3439 5082 Alexmd.
3500 5050 3555 5082 η.
3586 5034 3714 5082 Δ5Ο.

2108 5027 2242 5082 abet
2283 5041 2421 5106 pag.
2468 5025 2955 5106 339,6110611a'z8dt
2988 5025 3440 5106 lannaAlexiad.
3586 5034 3715 5100 450,

2071 5043 2421 5152 nanetdpag.
2468 5043 2594 5094 66:1,
2644 5043 2955 5082 αποσπαοαι
2988 5043 3156 5086 Anna
3185 5043 3440 5090 Alexiad.
3499 5050 3555 5106 p.
3586 5043 3715 5100 450,

2071 5097 2258 5182 μαθημα
2297 5114 2344 5152 03
2367 5173 2376 5182 ‘
2397 5113 2497 5182 pro
2538 5098 2824 5182 lampades
2854 5103 3005 5182 apud
3038 5101 3379 5182 Pollionem,
3412 5110 3478 5161 ut
3524 5121 3555 5160 e
3579 5107 3717 5182 vett.

2066 5167 2234 5224 libris
2285 5167 2507 5248 notavit
2537 5167 3295 5248 Salmasius,_"Appa1oispm
3328 5167 3430 5246 pro
3474 5179 3721 5230 armato-

2067 5257 2181 5309 ηδ,
2215 5240 2341 5316 _qui_
2389 5256 2526 5316 cum
2576 5242 2762 5316 armis
2819 5240 3058 5316 saltant.
3119 5240 3348 5298 Παὶᾶνοὶ
3409 5263 3510 5316 pro
3552 5249 3720 5298 παιᾶ-

2068 5331 2177 5378 νες,
2211 5312 2397 5384 laudes
2425 5316 2475 5384 et
2493 5312 2690 5382 jubili,
2723 5313 3104 5384 Pachymeres
3133 5316 3235 5371 lib.
3283 5317 3355 5383 II,
3388 5312 3722 5372 Sandalibus

2070 5400 2175 5455 pro
2203 5382 2479 5461 sandatiis
2513 5387 2607 5461 est
2639 5385 2793 5461 apud
2826 5382 2913 5440 Dn
2944 5385 3230 5461 Cange_h._
3246 5382 3371 5461 _v._’:
3422 5386 3571 5461 dior?
3599 5389 3722 5461 αρε-

2070 5452 2216 5525 icopi
2246 5456 2305 5510 in
2324 5452 2652 5509 sandalibux
2675 5452 2908 5510 missam
2929 5452 3177 5511 celebret.
3209 5455 3377 5510 Mitto
3405 5455 3521 5512 alia
3547 5452 3727 5516 innu-

318 5545 424 5671 ρνο
454 5525 682 5606 φιάλαις
711 5525 995 5612 tanquam
1037 5549 1070 5588 ει
1099 5527 1289 5608 φίαλες
1331 5547 1432 5602 pro
1461 5525 1674 5606 φιάλαι.
1710 5525 1969 5586 Domine:
2073 5543 2234 5583 mera
2264 5526 2445 5595 hujus
2488 5526 2721 5649 generis
2759 5542 2886 5596 quis
2919 5525 3242 5581 coacervari
3273 5533 3537 5595 possent.
3589 5531 3726 5589 Vid.

342 5617 446 5671 pro
475 5603 713 5671 domini)
733 5607 786 5657 et
804 5605 1042 5671 lemma
1061 5603 1229 5659 estin
1254 5603 1457 5660 charta
1485 5603 1637 5671 apud
1658 5601 1747 5658 Du
1777 5602 1971 5671 Gange
2074 5614 2204 5669 qua:
2228 5597 2300 5653 ad
2332 5612 2390 5666 p.
2412 5593 2484 5648 22
2544 5595 2698 5653 dico.

342 5617 446 5686 pro
468 5596 713 5686 'domiui)
730 5607 786 5686 et
804 5596 1042 5686 feming
1061 5596 1153 5686 est
1166 5603 1229 5686 in
1254 5596 1457 5660 charta
1473 5596 1747 5686 'apudoDu
1777 5602 1971 5685 Gange
2074 5614 2204 5669 qua:
2228 5597 2300 5653 ad
2332 5612 2390 5666 Ρ·
2412 5596 2448 5648 2

315 5671 372 5730 v'.
405 5673 688 5742 Acofrare.
730 5671 940 5747 Κρισίν,
976 5673 1279 5743 iudicibus,
1310 5692 1345 5731 a
1373 5671 1730 5732 nominativo
1767 5671 1968 5744 κρῖτές,

2544 5595 2698 5653 dico.
