4126 6314
362 280 473 341 365

1232 280 1332 340 DE
1373 277 1828 341 CEBIMONIIS
1873 275 2108 338 AULxE
2146 279 2636 344 BYZANTINIE
2680 287 2832 348 LIB.
2883 293 2931 350 Ι.

3658 299 3775 362 366

363 404 659 486 σκρίϐωνες
694 406 994 484 μέλλοντες
1025 403 1413 484 προϐληθῆναι
1443 412 1489 449 ⁸⁷
1517 414 1586 485 τῇ
1641 410 1786 482 τάξει
1823 408 2010 483 ταύτῃ,

2125 410 2473 505 ingreditur,
2507 416 2564 474 in
2599 423 2764 490 porta
2795 428 2849 478 et
2887 425 3206 498 strongylo,
3231 427 3333 482 ubi
3363 444 3506 486 crux
3539 439 3591 488 el
3618 432 3782 505 logo-

364 502 580 561 στάντος
635 503 740 554 :06
783 497 1056 572 βασιλέως
1121 499 1282 572 μέσον
1321 508 1421 571 τῆς
1475 500 1677 572 πύλης,
1728 498 1927 574 εἰσάγει
1983 498 2011 553 6

365 589 684 663 δομέσκικος
706 594 815 645 τῶν
844 583 1208 644 ἒκσκουϐίτων
1261 591 1352 644 καὶ
1383 592 1411 645 6
1454 597 1555 658 τῆς
1612 589 2008 658 καταστάσεως,

366 683 680 754 κρατοῦντες
749 679 843 735 τὸν
911 673 1207 752 σκρίϐωνα.
1269 681 1370 736 Καὶ
1422 675 1606 735 λαϐὼν
1667 680 1694 733 6
1756 675 2012 753 βασιλεὺς

366 770 501 845 παρά
527 773 626 824 :06
659 767 1024 843 πραιποσίτου
1056 770 1118 824 τὸ
1154 769 1372 844 βεργίον
1421 771 1556 842 (82),
1590 765 1873 824 ἐπιδίδωσι
1930 764 2008 836 τῷ

2121 501 2292 602 theta:
2333 509 2526 602 stant;
2556 508 2634 564 ibi
2666 527 2899 584 quoque
2946 530 3143 570 cereos
3172 517 3459 586 accendit,
3492 501 3776 595 stansque

2122 598 2179 646 in
2212 598 2494 668 strongyli
2540 616 2792 668 camera,
2839 605 2888 658 si
2936 605 3034 675 qui
3085 608 3330 663 comites
3382 610 3620 682 adsunt,
3667 615 3770 686 qui

2120 686 2442 774 promoveri
2474 687 2695 758 volunt,
2725 691 2808 746 eis
2841 691 2933 748 his
2957 695 3294 753 cerimoniis
3327 715 3536 754 novam
3572 700 3774 774 digni-

2120 773 2298 827 tatem
2342 774 2638 845 impertire
2668 780 2833 836 solet.

365 855 656 934 σκρίὸωνι·
720 861 837 914 εἶτα
905 854 1091 913 λαϐὼν
1156 860 1218 914 τὸ
1279 860 1521 935 βεργίον,
1566 857 1862 933 ἀπέρχεται
1911 856 2001 910 καὶ
2062 854 2273 955 ἵσταται
2330 859 2383 914 έν
2440 870 2508 939 τῇ
2576 867 2718 938 τάξει
2775 871 2958 929 αὐτοῦ.
3003 874 3104 930 Καὶ
3172 875 3449 932 κατελθὼν
3506 879 3569 934 τὸ
3631 879 3774 955 μέγα

363 947 658 1004 πούλπιτον
725 949 753 1003 6
817 947 1071 1024 βασιλεὺς
1119 949 1207 1003 καὶ
1257 948 1333 1011 εἷς
1390 949 1486 1012 τὰς
1526 947 1736 1028 σχολὰς
1778 943 2034 1007 εἴσελθὼν
2090 939 2241 1000 ἔνδον
2293 956 2396 1019 τῆς
2452 953 2634 1024 πύλης
2665 957 2742 1020 εἷς
2799 961 2860 1014 τὸ
2919 963 3279 1040 στρογγύλον,
3323 965 3504 1024 ἔνθαδ
3539 939 3767 1045 πέυρὲς

358 1036 566 1092 ἵσταται
614 1038 708 1091 καὶ
763 1038 818 1092 οἱ
871 1042 974 1092 :06
1016 1037 1360 1112 λογοθεσίου,
1392 1039 1544 1093 ἅπτει
1591 1037 1804 1092 κάκεῖσε
1842 1031 2072 1108 κηροὺς,
2105 1034 2194 1088 καὶ
2246 1039 2372 1100 στὰς
2402 1041 2474 1112 κέν
2521 1048 2589 1118 τῇ
2631 1048 2848 1122 καμάρᾳ
2893 1031 2993 1105 τοῖς
3041 1031 3403 1130 σῖτ’ρογγιέλου,
3447 1057 3493 1112 εἶ
3529 1058 3626 1132 μέν
3668 1031 3771 1117 ξιτ,

361 1127 594 1198 κόμητες
627 1128 678 1180 οἳ.
714 1123 1009 1199 μέλλοντες
1049 1123 1454 1203 προϐληθῆναι,
1482 1122 1895 1202 προϐάλλονται
1927 1120 2124 1184 οὕτως.

427 1219 499 1278 I".
534 1222 844 1293 Kpa:o60w
887 1218 916 1272 ὅ
963 1239 1022 1273 τε
1053 1215 1380 1290 δομέστικος
1430 1223 1539 1274 τῶν
1585 1217 1808 1298 σχολῶν
1837 1218 1925 1271 καὶ
1979 1219 2006 1272 6

359 1311 452 1374 τῆς
482 1308 866 1370 καταστάσεως
893 1306 984 1362 τὸν
1031 1306 1305 1381 μέλλοντα
1337 1303 1722 1384 προϐληθῆναι
1766 1306 2004 1380 κόμητα,

427 1398 440 1418 ἱ
483 1395 508 1416 ’9
787 1399 800 1417 Ῑ
850 1397 862 1414 \
1042 1398 1056 1416 ς
1173 1399 1186 1414 δ
1437 1397 1448 1416 Ι
1635 1395 1658 1415 ἢ
1947 1396 1958 1412 \

359 1418 443 1453 και
474 1418 697 1472 αγουσιν
741 1418 902 1453 αυτον
959 1417 1096 1471 προς
1133 1418 1226 1453 τον
1262 1398 1489 1472 βασιλεα
1521 1418 1534 1432 ο
1571 1400 1599 1454 6
1630 1399 1687 1453 οὲ
1747 1396 2005 1472 βασιλευς

361 1482 540 1543 λαϐὼν
579 1488 726 1562 παρά
754 1491 852 1541 :06
908 1487 1273 1560 πραιποσίτου
1304 1487 1590 1563 ὠρατίωνα
1641 1489 1779 1561 (83),
1829 1483 2004 1541 ἐπιδί-

361 1573 520 1632 δωσιν
571 1575 742 1648 αὐτῷ,
773 1575 1070 1652 ἀπέρχεται
1108 1577 1199 1632 καὶ
1242 1575 1458 1633 ’ίσταται
1499 1577 1551 1632 ἐν
1607 1580 1676 1650 τῇ
1714 1577 1857 1648 τάξει
1917 1574 2007 1630 αύ-

355 1670 448 1722 :06
471 1685 483 1698 '
518 1665 733 1739 ὁμοίως
771 1663 828 1721 δὲ
867 1665 952 1722 ἐάν
986 1666 1088 1722 εἰσι
1119 1667 1209 1722 κιὶ
1242 1664 1555 1740 δομέστικοι
1595 1669 1630 1736 ἢ
1672 1667 1758 1722 καὶ
1792 1667 2004 1741 προτή-

2191 1220 2288 1277 lll.
2322 1226 2689 1284 Domesticus
2728 1232 3063 1290 scholarum
3103 1242 3160 1292 et
3189 1239 3634 1298 ccrimoniarius
3667 1260 3767 1300 co-

2119 1312 2322 1370 mitem
2355 1320 2809 1386 promovendum
2841 1323 3240 1394 suscipiuntet
3258 1329 3328 1382 ad
3353 1329 3766 1401 imperatorem

2117 1401 2370 1459 ducunt:
2392 1406 2493 1476 qui
2526 1417 2818 1480 acceptam
2842 1428 2874 1466 a
2893 1414 3204 1483 praeposito
3223 1418 3546 1475 orationem
3581 1423 3632 1476 ei
3652 1426 3770 1478 tra-

2117 1491 2227 1556 dit,
2259 1497 2395 1550 tunc
2427 1497 2542 1552 abit
2569 1503 2625 1554 et
2655 1499 2845 1557 locum
2877 1519 3050 1559 suum
3099 1511 3366 1576 occupat.
3400 1509 3687 1565 Similiter
3716 1511 3770 1567 si

2115 1581 2418 1640 domestici
2452 1591 2553 1640 aut
2584 1596 2936 1658 protectores
2987 1597 3362 1664 prornm'endi
3404 1605 3563 1667 sunt,
3597 1615 3630 1653 a
3659 1598 3768 1654 do-

2115 1670 2355 1728 mestico
2385 1671 2722 1730 scholarum
2756 1682 2812 1731 et
2853 1679 3262 1736 cerimoniario
3292 1683 3512 1754 stipati,
3545 1686 3618 1740 ad
3652 1687 3766 1741 im-

355 1776 564 1830 κτωρες
606 1753 899 1828 μέλλοντες
931 1752 1341 1830 προϐληθῆναι,
1371 1755 1740 1831 κρατούμενοι
1792 1755 1896 1812 ὑπό
1945 1776 2002 1810 τε

2125 1764 2438 1832 peratorem
2491 1760 2809 1832 ducuntur,
2873 1766 2966 1820 78
3027 1769 3126 1836 qui
3177 1752 3385 1826 allatas
3433 1789 3466 1826 a
3497 1752 3764 1829 Vcaniclei

355 1850 452 1901 τοῦ
484 1842 816 1919 δομεστίκου
846 1851 956 1900 τῶν
988 1845 1212 1922 σχολῶν
1242 1848 1450 1901 καὶτοῦ
1479 1853 1580 1916 τῆς
1610 1845 2007 1915 καταστάσεως,

356 1933 577 2010 ἄγονται
610 1935 746 2010 πρὸς
772 1936 866 1989 τὸν
903 1933 1150 2007 βασιλέα,
1184 1936 1212 1990 6
1246 1933 1302 1990 δὲ
1336 1934 1589 2010 βασιλεὺς
1633 1930 1816 1990 λαϐὼν
1866 1935 2012 2008 παρά

354 2027 454 2078 :06
503 2023 820 2078 κανικλείου
873 2024 941 2078 τὰ
987 2024 1034 2060 ⁵⁸
1083 2024 1305 2103 χαρτία,
1335 2026 1426 2078 οἷα
1471 2028 1578 2079 τῶν
1629 2023 2012 2090 ὑπάτων,ἐπι-

363 2109 556 2168 δίδωσι
587 2118 705 2177 τοῖς
732 2107 1231 2187 προϐαλλομένοις,
1263 2113 1353 2168 καὶ
1412 2113 1735 2176 ἀπελθόντες
1763 2111 2012 2168 ’ίστανται

361 2202 417 2257 ἒν
451 2207 521 2276 τῇ
551 2204 695 2275 τάξει
754 2202 931 2257 αὐτῶν
956 2203 1024 2262 5’.
1055 2203 1112 2256 '0
1169 2200 1227 2258 δὲ
1288 2201 1542 2277 βασιλεὺς
1593 2198 1870 2278 διέρχεται
1924 2199 2014 2256 διὰ

358 2299 470 2349 τῶν
503 2291 748 2370 σχολῶν,
780 2293 869 2348 καὶ
920 2293 972 2348 ἐν
1016 2297 1085 2368 τῇ
1131 2293 1352 2368 πέμπτῃ
1398 2292 1581 2372 σχολῇ
1631 2292 1824 2364 ἐλθὼν,
1857 2294 2010 2348 ἅπτει

362 2385 533 2440 ἐκεῖσε
585 2384 662 2447 εἰς
717 2385 808 2439 τὸν
867 2385 1094 2460 σταυρὸν
1147 2384 1375 2459 κηροὺς,
1424 2383 1513 2438 καὶ
1563 2384 1786 2444 στάντος
1843 2381 2011 2437 αὖ)τοῦ

363 2473 416 2530 έν
445 2479 516 2548 τῇ
557 2481 658 2543 τῆς
705 2475 963 2546 πέμπτης
1015 2472 1233 2549 σχολῆς
1284 2471 1457 2548 πύλῃ,
1493 2470 1709 2551 δέχεται
1767 2473 1924 2528 αὐτὸν
1983 2474 2010 2527 ὁ

362 2563 654 2638 περατικὸς
709 2559 887 2635 δῆμος
918 2564 965 2599 ⁸ο
1004 2567 1110 2617 τῶν
1170 2562 1395 2638 σχολῶν
1452 2563 1541 2617 καὶ
1601 2559 1882 2617 ἐπιδίδωσι
1930 2563 2010 2634 τῷ

366 2652 586 2728 βασιλεῖ
615 2654 643 2708 6
696 2650 1017 2725 δομέστικος
1064 2657 1171 2707 τῶν
1211 2651 1432 2728 σχολῶν
1481 2648 1861 2728 λιϐελλάριον,
1894 2655 1922 2708 6
1955 2651 2013 2708 δὲ

369 2738 623 2815 βασιλεὺς
666 2736 855 2794 δίδωσι
914 2744 992 2812 τῷ
1047 2739 1417 2812 πραιποσίτῳ,
1461 2741 1488 2793 6
1540 2740 1595 2794 δὲ
1651 2741 2012 2814 πραιπόσιτος

361 2824 827 2903 κουϐικουλαρίῳ,
860 2829 947 2884 καὶ
979 2833 1076 2884 :06
1109 2826 1433 2901 δομεστίκου
1463 2827 1553 2884 καὶ
1610 2834 1708 2883 :06
1765 2836 1864 2899 τῆς
1912 2849 2014 2883 κα-

359 2920 668 2981 ταστάσεως
725 2919 964 2974 στάντων
997 2917 1050 2974 ἐν
1081 2923 1160 2990 τῷ
1210 2917 1367 2991 τόπῳ
1408 2918 1603 2988 αὐτῶν,
1637 2917 2012 2997 εὖφημοῦντος

360 3009 447 3066 καὶ
504 3013 603 3065 :06
654 3005 836 3081 δήμου
865 3009 955 3062 τὸν
1011 3006 1260 3083 βασιλέα,
1294 3008 1322 3062 6
1365 3005 1690 3081 δομέστικος
1720 3014 1827 3064 τῶν
1885 3028 2015 3084 σχο-

363 3097 473 3154 λῶν
503 3096 932 3175 κατασφραγίζει
986 3097 1120 3170 μετά
1156 3099 1255 3166 τῆς
1304 3104 1552 3172 χροακῆς
1590 3100 1702 3170 (84)
1732 3095 1898 3153 αὺτοῦ
1948 3101 2013 3167 ἧς

365 3192 521 3267 φρεῖ
551 3184 840 3262 χλανίδος
885 3186 982 3240 Καὶ
1029 3189 1124 3240 τοῦ
1175 3182 1356 3257 δήμου
1405 3184 1781 3248 ἐκτελέσαντος
1827 3186 1920 3249 τὰς
1961 3189 2011 3259 ἑξ

366 3275 518 3338 ἔθους
576 3277 876 3352 εὐφημίας,
904 3273 1180 3350 διέρχεται
1247 3271 1336 3330 διὰ
1392 3278 1499 3328 τῶν
1541 3273 1764 3353 σχολῶν
1801 3277 1892 3331 καὶ
1934 3276 2014 3348 ἐξ·

368 3364 586 3442 έρχεται
641 3366 740 3434 την
784 3363 1032 3439 μεγάλην
1081 3363 1263 3433 πύλην
1321 3369 1424 3432 τῆς
1467 3361 1705 3437 χαλκῆς,
1751 3365 1863 3419 εἶτα
1930 3363 2011 3420 δι-

367 3452 570 3510 οδεύων
637 3451 726 3509 διὰ
778 3461 878 3524 τῆς
939 3453 1128 3526 μέσης,
1161 3451 1468 3526 εἰσέρχεται
1520 3449 1607 3506 διὰ
1663 3456 1759 3507 τοῦ
1816 3453 2015 3530 αὔγου-

2119 1851 2385 1921 prasl‘ecto
2417 1851 2667 1919 chartas,
2700 1853 2946 1924 iis,quas
2977 1857 3247 1914 consules
3278 1860 3765 1931 accipiunt,simi-

2117 1938 2224 2006 les,
2257 1941 2584 1996 candidatis
2615 1943 2816 2008 tradit,
2846 1944 2958 2013 ipsi
3003 1945 3285 2002 abeuntes
3317 1947 3376 2003 in
3408 1965 3514 2004 suo
3558 1951 3761 2008 ordine

2117 2029 2469 2086 consistunt.
2505 2031 2827 2101 Imperator
2857 2050 2958 2104 per
2987 2034 3218 2091 scholas
3249 2037 3570 2108 digressus,
3598 2045 3760 2111 post-

2117 2134 2290 2189 quam
2323 2120 2589 2189 quintam
2609 2120 3065 2192 intravit,cereos
3092 2123 3173 2179 ibi
3195 2125 3252 2180 in
3277 2142 3447 2183 cruce
3467 2129 3755 2197 accendit,

2117 2211 2482 2278 stantemque
2539 2208 2598 2263 in
2657 2220 2822 2281 porta
2876 2211 3088 2268 scholas
3149 2214 3368 2284 quintis
3419 2217 3759 2272 transitoria

2117 2295 2445 2352 scholarum
2462 2298 2633 2352 factio
2651 2300 3019 2372 excipit,earu
3032 2317 3204 2374 mque
3222 2304 3581 2360 domesticus
3595 2303 3758 2361 libel-

2116 2383 2238 2440 lum
2273 2384 2626 2454 imperatori,
2658 2386 2708 2442 is
2741 2389 3071 2460 praeposito,
3106 2393 3449 2464 praepositus
3470 2393 3758 2451 cubicula-

2117 2473 2203 2530 rio
2235 2474 2430 2542 tradit,
2458 2480 2516 2529 et
2544 2476 2863 2533 domestico
2885 2495 2951 2533 ao
2979 2479 3384 2536 cerimoniario
3405 2482 3466 2538 in
3495 2483 3619 2538 loco
3651 2499 3756 2538 suo

2116 2564 2472 2632 constitutis,
2505 2569 2562 2618 et
2594 2565 2841 2620 factione
2872 2567 3209 2638 imperatori
3237 2570 3616 2638 acclamante,
3650 2574 3755 2627 do-

2117 2653 2394 2708 mesticus
2441 2652 2770 2710 scholarum
2818 2655 3013 2712 tunica
3061 2672 3168 2713 sua
3219 2659 3528 2730 variegata,
3579 2676 3757 2730 quam

2117 2744 2482 2815 geritcrucis
2513 2745 2745 2816 signum
2771 2745 2906 2801 facit
2937 2752 3240 2818 postquam
3265 2749 3436 2804 factio
3467 2749 3759 2805 solemnes

2119 2833 2565 2889 acclamationes
2585 2835 2934 2906 peregit,per
2963 2834 3194 2892 scholas
3225 2838 3761 2909 transit,digressus

2120 2939 2222 2996 per
2251 2921 2542 2989 scholas,e
2573 2939 2779 2994 magna
2806 2931 2968 2996 porta
2997 2923 3226 2980 chalces
3260 2926 3761 2999 procedit,perque

2124 3012 2376 3068 mediam
2429 3013 2738 3078 transiens,
2773 3020 3121 3085 augusteum
3173 3014 3372 3070 intrat.
3407 3018 3480 3071 At
3527 3016 3763 3088 reliquae

2047 3121 2090 3188 α
2122 3107 2316 3174 partes
2344 3101 2669 3158 transitorii
2703 3101 3072 3158 Prasinorum
3096 3119 3162 3158 ac
3185 3103 3534 3160 Venetorum
3569 3105 3765 3174 populi

2123 3196 2182 3248 et
2208 3193 2346 3262 ipsae
2377 3191 2719 3261 acclamant,
2746 3191 3077 3263 libellisque
3100 3193 3499 3260 traditis,dum
3533 3194 3764 3269 signum

2125 3281 2316 3336 crucis
2350 3280 2864 3350 laciunt,princeps
2895 3280 3268 3336 Prasinorum
3291 3299 3425 3338 cum
3453 3282 3766 3338 factionum

2124 3369 2377 3426 tribunis
2408 3369 2606 3424 omnia
2637 3385 2702 3424 eo
2725 3370 3126 3439 ordine,quem
3159 3371 3512 3428 domesticus
3543 3370 3772 3428 schola-

2128 3475 2260 3512 rum
2293 3457 2564 3523 servavit,
2598 3457 2843 3527 peragit.

366 3544 617 3604 στίωνος.
651 3543 720 3599 Αἱ
777 3539 834 3596 δὲ
883 3541 1073 3596 λοιπαὶ
1133 3539 1298 3618 δοχαὶ
1348 3543 1445 3595 :06
1494 3543 1785 3614 περατικοῦ
1827 3538 2008 3614 δήμου
2047 3547 2152 3598 τῶν
2195 3541 2473 3616 Πρασίνων
2522 3540 2611 3595 καὶ
2662 3539 2843 3613 δήμου
2883 3547 2988 3598 τῶν
3022 3541 3256 3597 Βενέτων
3285 3543 3375 3597 καὶ
3406 3543 3557 3598 αὐτοὶ
3609 3543 3776 3621 εὔφη..

371 3636 554 3704 μσῦσι,
582 3632 671 3686 καὶ
724 3627 1055 3690 ἐπιδιδόντες
1085 3630 1151 3685 τὰ
1183 3625 1532 3703 λιὸελλάρια,
1566 3632 1844 3691 ποιοῦντες
1882 3631 1972 3685 καὶ
2003 3631 2245 3706 σταυρία,
2272 3632 2300 3685 6
2344 3627 2702 3703 δημοκράτης
2742 3633 2852 3684 τῶν
2902 3631 3181 3703 Πρασίνων
3231 3629 3321 3685 καὶ
3370 3632 3423 3685 οἱ
3471 3629 3566 3685 δύο
3627 3628 3771 3705 δήμ-

365 3739 532 3796 αρχοι
555 3724 666 3775 τῶν
703 3723 882 3792 μερῶν
915 3717 1224 3774 ἐκτελοῦσιν
1257 3720 1464 3773 ἅπαντα
1493 3716 1832 3786 ἀκολούθως,
1867 3719 1924 3772 ’ὀν
1963 3721 2164 3794 τρόπον
2198 3719 2286 3774 καὶ
2327 3720 2354 3773 ὁ
2387 3715 2708 3790 δομέστικος
2739 3721 2846 3772 τῶν
2876 3716 3096 3793 σχολῶν
3127 3717 3440 3789 ἐξετέλεσεν.

439 3811 509 3866 Δ’.
545 3809 650 3867 Καὶ
681 3807 1019 3872 εἰσελθόντος
1043 3812 1143 3863 τοῦ
1177 3806 1448 3881 βασιλέως
1480 3806 1585 3880 πρὸ
1615 3810 1711 3861 :06
1751 3807 2018 3882 νάρθηκος

365 3895 517 3956 ἔνδον
557 3902 655 3954 :06
706 3899 909 3973 βήλου,
949 3892 1219 3969 λαμϐάνει
1249 3895 1279 3951 6'
1307 3895 1679 3970 πραιπόσιτος
1709 3896 1773 3951 τὸ
1805 3897 2021 3969 στέμμα

369 3989 472 4044 ἀπὸ
525 3996 626 4058 τῆς
683 3987 927 4068 κεφαλῆς
964 3991 1062 4043 :06
1123 3985 1416 4063 βασιλέως,
1449 3985 1756 4061 εἰσέρχεται
1796 3988 1824 4043 6
1869 3987 2020 4062 βασι-

371 4078 496 4140 λεὺς
528 4077 582 4134 ἐν
612 4081 692 4149 τῷ
718 4079 970 4152 νάρθηκι,
1002 4076 1091 4132 καὶ
1133 4074 1350 4151 δέχεται
1382 4074 1547 4132 αὐτὸν
1589 4077 1616 4130 6
1651 4080 2017 4152 πατριάρχης,

369 4169 485 4224 εἶτα
541 4169 1008 4242 προσκυνήσαντες
1087 4164 1373 4235 ἀλλήλους
1457 4164 1546 4219 καὶ
1622 4165 2018 4238 ἀσπασάμενοι,

367 4259 734 4332 κρατήσαντες
778 4253 1045 4326 ἀλλήλων
1091 4255 1187 4315 τὰς
1245 4260 1458 4328 χεῖρας,
1491 4251 1802 4330 διέρχονται
1848 4250 2014 4330 μέχρι

2201 3809 2293 3866 lV.
2323 3811 2676 3880 Imperatore
2703 3813 2836 3863 ante
2883 3809 3218 3865 narthecem
3267 3810 3418 3865 intra
3448 3809 3641 3866 velum
3677 3809 3772 3866 in-

2127 3915 2351 3970 gresso,
2387 3898 2729 3969 prmpositus
2763 3914 3035 3954 coronam
3076 3915 3111 3954 a
3161 3899 3348 3970 capite
3395 3899 3769 3967 imperatoris

2129 3989 2332 4054 demit,
2355 3988 2451 4060 qui
2485 3987 2820 4044 narthecem
2846 3988 3025 4044 intrat
3053 3993 3163 4044 eta
3193 3988 3522 4060 patriarcha
3551 3989 3773 4060 excipi-

2127 4083 2241 4144 tur,
2277 4079 2396 4141 ubi,
2430 4084 2738 4150 postquam
2774 4095 2834 4133 se
2865 4077 3110 4134 invicem
3143 4079 3464 4134 adorarunt
3493 4078 3771 4135 osculati-

2128 4185 2241 4240 que
2272 4175 2430 4234 sunt,
2464 4169 2737 4224 manibus
2777 4168 3004 4237 junctis
3035 4168 3106 4222 ad
3140 4167 3543 4237 imperatorias
3577 4172 3772 4237 portas

2125 4258 2452 4324 discedunt,
2487 4258 2584 4312 ubi
2617 4257 2936 4329 imperator
2966 4261 3156 4324 stans,
3189 4273 3381 4313 cereos
3406 4258 3688 4322 accendit,
3713 4261 3772 4312 et

368 4352 477 4403 τῶν
539 4343 839 4409 Βασιλικῶν
916 4343 1130 4415 πυλῶν,
1185 4343 1400 4398 κάκεῖσε
1483 4343 1609 4404 στὰς
1663 4344 1691 4398 6
1761 4341 2017 4419 βασιλεὺς

2130 4346 2396 4417 precibus
2426 4345 2699 4400 introitus
2723 4345 2926 4401 divinae
2951 4345 3198 4417 liturgisa
3227 4348 3598 4415 peractis,eos
3628 4362 3771 4417 prae-

372 4436 530 4492 όίπτει
568 4433 798 4508 κηροὺς,
830 4432 1048 4488 καὶτοῦ
1113 4433 1457 4510 πατριάρχου
1511 4429 1882 4493 ἐκτελέσαντος
1920 4432 2018 4499 τήν

374 4525 544 4606 εύχήν
573 4532 678 4595 τῆς
718 4522 930 4580 εἰσόδου
969 4525 1068 4588 τῆς
1116 4523 1262 4585 θείας
1313 4521 1672 4596 Λειτουργίας,
1705 4518 2017 4577 ἐπιδίδωσιν

373 4615 400 4670 6
436 4613 694 4692 βασιλεὺς
725 4619 803 4687 τῷ
860 4610 1209 4689 πραιποσίτῳ
1237 4611 1367 4676 τοὺς
1411 4610 1639 4683 κηροὺς,
1670 4613 1759 4667 καὶ
1790 4613 1818 4667 6
1857 4632 2022 4686 πραι-

375 4703 596 4768 πόσιτος
652 4709 732 4777 τῷ
787 4710 886 4774 τῆς
943 4700 1336 4764 καταπόσεως.
1398 4702 1498 4756 Καὶ
1547 4702 1922 4775 ἀσπασάμενος
1991 4701 2019 4755 6

2132 4436 2342 4506 posito,
2375 4435 2426 4491 is
2461 4435 2859 4490 cerimoniario
2891 4435 3084 4490 tradit.
3127 4438 3200 4490 At
3246 4441 3556 4506 postquam
3586 4435 3774 4506 impe-

2135 4529 2293 4580 rator
2322 4528 2590 4580 sanctum
2623 4523 2997 4595 Evangelium
3046 4524 3344 4580 osculatus
3373 4529 3481 4594 est,
3515 4541 3617 4596 per
3649 4540 3778 4580 me-

2133 4611 2297 4667 dium
2329 4612 2612 4683 templum
2660 4618 2715 4666 et
2752 4609 3159 4682 obliquitatem
3209 4611 3476 4667 ambonis
3523 4611 3775 4667 soleam-

2131 4717 2244 4773 que
2275 4702 2597 4773 digressus,
2646 4715 2838 4758 cereos
2868 4717 2900 4755 a
2951 4700 3253 4772 praeposito
3302 4701 3506 4770 sumit,
3555 4715 3775 4771 eosque

1724 4854 1968 4911 VARUE
2008 4853 2426 4914 LECTIONES.

443 5004 491 5039 ⁵⁷
533 4996 946 5078 προϐληθῆναι,
977 5004 1045 5075 τῇ
1075 4999 1224 5078 τάξει
1279 5001 1448 5078 ταύτῃ
1487 4997 1667 5078 στάντ.
1700 5001 1790 5057 ed.

377 5081 540 5148 putat
570 5069 681 5130 τῶν
711 5069 947 5130 Ιξενέτων
979 5069 1115 5147 μετᾶ
1141 5069 1228 5128 καὶ
1270 5075 1365 5128 τοῦ
1393 5069 1739 5144 δομεστίκου.

1896 5000 1938 5035 ⁸⁸
1967 4997 2032 5054 τὰ
2061 5015 2174 5056 orn.
2209 4999 2299 5056 ed.

2402 4997 2448 5036 ‘9
2487 4997 2685 5054 ἑαυτῶν
2725 4999 2814 5056 ed.
2918 4999 2963 5035 ⁸ο
2993 4999 3130 5056 Post
3169 4993 3348 5066 δῆμος
3402 4995 3469 5051 Ριο
3502 4993 3784 5052 excidisse

1436 5228 1639 5284 JOAN.
1681 5228 1825 5285 JAC.
1870 5227 2131 5283 RElSKIl
2170 5225 2732 5284 COMMENTARIUS

450 5354 564 5425 (82)
599 5352 738 5425 Erat.
767 5365 901 5417 ergo
930 5351 1093 5425 virga
1122 5348 1410 5425 scribonis
1451 5345 1844 5425 insigne_,_quo
1875 5359 2032 5425 acce-

380 5416 477 5495 pto
509 5416 866 5495 dignitatern
893 5416 1224 5495 obib'at._T6
1269 5417 1616 5495 στρογγύλον
1641 5417 1869 5495 videtur
1898 5416 2038 5495 :vdi-

382 5487 606 5551 licium"
631 5493 870 5562 aliquod
931 5493 1255 5549 rotundum
1307 5487 1520 5547 notare.
1557 5487 1772 5562 Οιτοῦ
1819 5487 2040 5562 A0706;-

383 5563 500 5620 δίου
535 5569 699 5630 sunt,
732 5558 833 5633 qui
869 5565 937 5619 ad
987 5567 1254 5620 aerarium
1302 5567 1357 5618 et
1385 5560 1824 5633 dispositionem
1878 5558 2036 5627 logo-

383 5640 552 5696 thcts:
587 5633 912 5711 pertinent.

2212 5346 2320 5415 (83)
2353 5343 2638 5417 Quidhoc
2668 5343 2762 5410 sit,
2798 5343 3099 5417 fateorme
3120 5335 3520 5417 ,ἥμαρτε-ξορας
3551 5349 3622 5417 ne
3653 5349 3798 5417 con-

2139 5403 2626 5488 jectura—quidem
2659 5403 3016 5480 ass'equiEst
3037 5403 3271 5488 (ιμὶᾁέᾐῇ
3287 5403 3484 5488 ἓζςι-ξὶο
3508 5405 3799 5488 i‘qterdu‘m

2147 5472 2300 5542 idem
2352 5472 2523 5557 atque
2573 5486 2718 5557 liber
2767 5472 3652 5557 precem,;hfﬁfjaAl‘illEIELYid.
3685 5473 3804 5557 “Du

2147 5534 2335 5618 Clyti-sie
2355 5534 2922 5609 hides—Ea‘tinf'S-ed
2958 5534 3102 5618 quid
3133 5540 3242 5592 hoc
3273 5534 3342 5587 ad
3381 5541 3664 5596 comitem
3685 5542 3712 5595 ~?

2218 5616 2334 5701 (84)
2365 5624 2508 5679 Vide
2540 5632 2658 5681 not.
2693 5627 2762 5681 ad
2797 5639 2925 5696 pag.
2961 5616 3086 5672 3‘53-
