4180 6304
374 314 488 377 367

1440 311 1965 380 CONSTANTINI
2011 306 2713 368 PORPHYRUGENITI

3658 316 3778 377 368

375 457 648 529 precatus
677 453 890 512 iterum
914 453 1224 527 praeposito
1248 451 1670 520 reddit,deinde
1700 445 1996 505 sacrariun

2137 439 2391 515 βασιλεὺς
2440 440 2501 495 τὸ
2550 437 2823 514 ἄχραντον
2878 439 3237 518 Εὐαγγέλιον,
3270 442 3587 520 εἰσέρχεταις
3619 446 3780 520 μέσον

378 547 581 614 intrat,
639 545 839 617 ibique
887 546 1002 599 duo
1033 545 1278 599 instrata
1327 558 1491 597 sacro
1536 539 1701 595 altari
1749 535 2020 606 imponit,

380 637 646 709 duosque
672 651 871 691 sacros
893 632 1103 689 calices
1124 632 1480 702 totidemque
1501 630 1694 684 discos
1724 631 1780 682 et
1809 625 2019 680 fascias

379 727 611 784 Domini
647 723 972 787 osculatus,
1007 727 1307 792 acceptum
1342 737 1375 775 a
1407 718 1716 790 praeposito
1747 730 2018 787 apocom-

382 817 544 872 bium
578 817 635 870 in
666 829 829 869 sacra
861 827 1063 866 mensa
1093 809 1342 880 reponit,
1389 823 1603 878 perque
1632 806 1788 860 latus
1820 806 2012 859 bema-

377 907 456 962 tis
474 903 841 961 metatorium
863 898 1315 970 petit,ubietiam
1338 893 2015 954 cereosaccendit.Finito

379 1001 579 1052 sancto
609 988 966 1059 ofﬁcio,dum
996 1003 1163 1042 sacra
1189 986 1507 1042 transitura
1527 983 2011 1056 sunt,egreditur,

375 1101 410 1141 a
457 1079 716 1155 patriciis
765 1076 1103 1147 ceterisque
1151 1075 1438 1147 praefectis
1481 1075 1751 1144 stipatus,
1796 1087 2014 1144 perque

372 1173 524 1228 latus
555 1166 761 1240 templi
791 1181 879 1234 eo,
927 1164 1024 1219 ubi
1070 1180 1292 1231 cereus,
1336 1179 1508 1234 quem
1540 1167 1872 1235 gestaturus
1901 1164 2010 1227 est,

368 1265 507 1328 stat,
541 1256 790 1324 abit,79
822 1259 879 1310 et
909 1269 1039 1309 cum
1072 1254 1141 1308 ad
1174 1269 1308 1308 eum
1340 1252 1531 1309 locum
1567 1251 2014 1323 pervenit,scna-

366 1356 524 1407 tores
550 1348 824 1416 utrinque
853 1343 1313 1414 subsistunt,per
1344 1358 1491 1412 quos
1524 1341 1746 1396 medios
1779 1340 2005 1394 transit.

365 1433 876 1511 Appropinquanti
909 1432 1242 1504 imperatori
1274 1429 1605 1502 lampadem
1642 1445 1743 1485 seu
1777 1445 2006 1484 cereum

367 1543 541 1585 suum
578 1524 928 1598 prmpositus
959 1520 1155 1588 trudit,
1187 1535 1300 1590 quo
1322 1518 1794 1590 accepto,iterum
1826 1532 2006 1572 rever-

364 1619 532 1684 titur,
565 1633 598 1670 a
631 1610 914 1686 praefectis
948 1609 1222 1680 stipatus,
1274 1612 1400 1678 post
1431 1623 1597 1678 quos,
1630 1622 1795 1662 sacra
1834 1605 2006 1660 comi-

363 1713 518 1774 tans,
550 1701 826 1776 procedit,
861 1714 1078 1770 perque
1122 1697 1341 1752 soleam
1394 1697 1692 1768 digressus
1723 1699 1780 1750 et
1827 1711 2004 1766 pr0pe

2131 527 2219 584 διὰ
2248 535 2344 585 τοῦ
2373 534 2522 600 ναοῦ,
2545 532 2632 584 καὶ
2671 527 2758 584 διὰ
2786 537 2885 599 τῆς
2937 530 3175 608 πλαγίας
3226 537 3324 587 τοῦ
3373 530 3629 607 ἅμϐωνος
3689 538 3777 592 καὶ

2126 627 2226 690 τῆς
2287 620 2528 684 σωλαίας
2581 617 2836 691 διελθὼν,
2885 621 3098 676 ’ἰσταται
3164 621 3394 677 ἐνώπιον
3454 629 3559 678 τῶν
3616 626 3780 701 ἁγίων

2125 712 2322 783 θυρῶν,
2355 709 2447 764 καὶ
2501 703 2686 763 λαϐὼν
2747 729 2913 784 κηρια
2971 711 3074 764 άπὸ
3131 715 3228 764 τοῦ
3268 713 3633 786 πραιποσίτου
3686 715 3774 769 καὶ

2125 795 2434 871 εὒξάμενος,
2499 793 2812 852 ἐπιδίδωσιν
2887 797 3021 852 αὖτᾶ
3077 799 3239 853 πάλιν
3296 804 3374 871 τῷ
3429 805 3774 875 πραιποσίτῳ

2122 888 2209 941 καὶ
2261 886 2565 963 εἶ’σέρχεται
2624 883 2773 940 ἔνδον
2814 886 2890 941 εἷς
2943 891 3005 941 τὸ
3065 889 3470 964 θυσιαστήριον,
3518 891 3608 944 καὶ
3667 893 3773 970 ὑφ-

2120 974 2290 1030 απλοῖ
2319 974 2369 1029 ἐν
2401 979 2469 1048 τῇ
2501 975 2624 1049 ἁγίᾳ
2653 976 2894 1049 τραπέζῃ
2929 973 3024 1030 δύο
3057 975 3645 1051 εἰλιτὰ,άσπαζόμενος
3670 977 3768 1034 δύο

2118 1063 2238 1138 ἱερὰ
2266 1066 2508 1137 ποτήρια
2537 1064 2626 1117 καὶ
2659 1061 2754 1118 δύο
2787 1063 2966 1136 ἱεροὺς
2999 1065 3043 1102 ⁶¹
3079 1061 3298 1127 δίσκους
3348 1066 3437 1120 καὶ
3486 1068 3553 1122 τὰ
3597 1068 3770 1142 σπάρ-

2113 1174 2248 1227 γανα
2276 1159 2372 1207 τοῦ
2417 1155 2614 1228 Κυρίου
2650 1175 2660 1184 ·
2699 1155 2814 1209 εἶτα
2846 1151 3031 1209 λαϐὼν
3091 1155 3196 1210 ἀπὸ
3254 1161 3350 1211 τοῦ
3406 1158 3766 1231 πραιποσίτου

2114 1238 2455 1315 ἀποκὸμϐιον
2490 1244 2517 1296 6
2554 1243 2835 1317 βασιλεὺς,
2861 1243 3071 1314 τίθησιν
3101 1246 3234 1300 αὐτὸ
3275 1246 3326 1299 ἐν
3359 1251 3426 1320 τῇ
3476 1247 3602 1321 ἁγίᾳ
3645 1267 3767 1323 τρα-

2116 1338 2250 1408 πέζῃ
2277 1338 2365 1389 καὶ
2410 1335 2680 1409 ἐξέρχεται
2713 1332 2802 1389 διὰ
2839 1342 2939 1404 τῆς
2972 1337 3213 1411 πλαγίας
3235 1341 3331 1391 τοῦ
3366 1323 3638 1412 βήματος,
3675 1340 3765 1394 καὶ

2117 1423 2420 1500 εἰσέρχεται
2480 1423 2558 1486 εἷς
2607 1425 2669 1479 τὸ
2731 1426 3104 1499 μητατώριον,
3164 1427 3347 1480 ἅπτων
3396 1428 3614 1482 κάκεῖσε
3671 1450 3767 1499 κη-

2117 1514 2263 1590 ρούς.
2309 1513 2656 1588 Τελουμένης
2716 1512 2771 1570 δὲ
2828 1523 2925 1585 τῆς
2984 1516 3128 1580 θείας
3185 1516 3547 1595 λειτουργίας,
3604 1521 3766 1589 ἡνίκα

2118 1605 2384 1679 μέλλουσι
2425 1606 2492 1661 τά
2531 1606 2656 1680 ἅγια
2705 1605 3036 1682 διέρχεσθαι,
3087 1607 3360 1686 ἐξέρχεται
3403 1610 3430 1663 ὁ
3483 1609 3764 1685 βασιλεὺς,

2114 1693 2535 1772 δηριγευόμενος
2567 1694 2670 1749 ὐπό
2699 1700 2881 1750 τετῶν
2919 1697 3220 1770 πατρικίων
3270 1697 3361 1751 καὶ
3411 1697 3623 1753 λοιπῶν
3665 1698 3760 1774 ἀρ-

365 1810 562 1852 sacras
584 1793 797 1864 januas
819 1789 1192 1856 constitutus,
1217 1785 1528 1858 praeposito
1551 1800 1782 1840 cereum
1804 1785 1996 1852 tradit,

2113 1787 2350 1860 χόντων,
2383 1785 2472 1839 καὶ
2514 1786 2836 1860 κατέρχεται
2896 1783 2986 1839 διὰ
3031 1793 3134 1854 τῆς
3184 1785 3422 1863 πλαγίας
3472 1792 3567 1842 τοῦ
3610 1793 3757 1858 ναοῦ,

2183 1874 2195 1890 \
2241 1874 2254 1890 9
2315 1873 2324 1890 Ι
2583 1869 2606 1890 ’ν
2637 1879 2661 1890 η
2731 1872 2755 1890 η
3054 1876 3065 1890 ‘
3252 1876 3262 1890 1
3383 1875 3409 1890 ον
3613 1876 3653 1890 l‘
3673 1877 3690 1890 κ

364 1882 465 1954 qui
485 1896 619 1935 eum
651 1874 1055 1948 suprasoleam
1083 1889 1259 1944 prope
1281 1874 1698 1942 sacrasjanuas
1731 1873 1997 1942 reponit;

361 1972 679 2042 imperator
707 1982 862 2032 vero,
895 1980 1072 2036 prope
1098 1979 1227 2018 eum
1265 1962 1646 2029 constitutus,
1677 1965 1996 2033 exspectat,

357 2063 495 2118 dum
526 2074 692 2114 sacra
720 2055 1052 2126 procedunt,
1085 2068 1264 2124 seque
1306 2052 1556 2108 invicem
1586 2051 1907 2122 imperator
1943 2055 1999 2107 et

353 2147 684 2223 patriarcha
714 2145 975 2200 adorant.

2109 1874 2199 1928 καὶ
2229 1873 2547 1948 ἀπέρχεται,
2581 1869 2700 1928 ἔνθα
2731 1872 2948 1928 ’ίσταται
3014 1876 3075 1930 τὸ
3135 1876 3343 1950 κηρίον,
3379 1875 3510 1951 ὅπερ
3565 1876 3756 1950 μέλλει

2113 1963 2367 2038 βαστάξαι
2400 1965 2468 2029 ⁶²,
2498 1963 2587 2016 καὶ
2637 1962 3043 2032 πλησιάσαντος
3101 1969 3196 2018 τοῦ
3242 1965 3511 2038 βασιλέως
3546 1965 3621 2029 εἰς
3662 1967 3755 2022 τὸν

2107 2053 2298 2121 τόπον,
2354 2052 2405 2106 ἐν
2461 2053 2506 2122 ᾧ
2559 2049 2774 2106 ’ίσταται
2831 2054 2894 2107 τὸ
2952 2055 3146 2124 κηρίον
3207 2053 3395 2124 αὐτοῦ,
3445 2054 3660 2112 *ίσταται
3721 2061 3756 2126 ἡ

2110 2138 2418 2214 σύγκλητος
2471 2138 2613 2194 ἔνθεν
2672 2139 2939 2208 κάκεῖθεν,
2971 2142 3060 2196 καὶ
3117 2139 3392 2218 διέρχεται
3445 2145 3604 2217 μέσον
3661 2147 3755 2201 αὐ-

347 2244 476 2294 τῶν.
510 2234 609 2290 Καὶ
669 2231 1071 2302 πλησιάσαντος
1100 2233 1169 2304 τῇ
1216 2227 1464 2303 λαμπάδι
1514 2228 1701 2295 αὐτοῦ,
1741 2225 1909 2304 ἤγουν
1946 2232 2026 2300 τῷ
2082 2229 2281 2302 κηρίῳ,
2333 2223 2603 2301 λαμϐάνει
2633 2228 2776 2302 ζαῦτὸ
2836 2231 2863 2285 6
2911 2233 3265 2306 πραιπόσιτο)
3326 2233 3414 2287 καὶ
3474 2232 3762 2290 ἐπιδίδωσι

347 2331 429 2398 τῷ
489 2322 726 2400 βασιλεῖ,
756 2321 846 2375 καὶ
906 2315 1088 2374 λαϐὼν
1135 2317 1287 2386 αὐτὸ,
1336 2317 1488 2382 αὖθις
1540 2315 1884 2394 ὑποστρέφει,
1937 2317 2323 2391 ὀψικευὸμι-νος
2383 2317 2486 2372 ὑπὸ
2532 2321 2642 2372 τῶν
2701 2318 3004 2393 ἀρχόντων,
3064 2321 3153 2373 καὶ
3214 2319 3491 2400 διέρχεται
3545 2323 3760 2379 ὄπισθεν

349 2414 550 2480 αὐτῶν,
592 2409 858 2486 ὀψικεῦων
905 2410 971 2462 τά
1011 2402 1162 2483 ἅγια,
1206 2407 1296 2461 καὶ
1345 2404 1621 2480 διέρχεται
1681 2403 1769 2460 διὰ
1815 2408 1915 2470 τῆς
1963 2404 2229 2472 σωλαίας,
2279 2406 2368 2460 καὶ
2414 2411 2522 2461 τῶν
2571 2407 2733 2480 ἁγίων
2787 2411 2961 2480 θυρῶν
3003 2407 3240 2478 πλησίον
3288 2409 3598 2485 γενόμενος,
3641 2411 3758 2468 ἐπι.

349 2500 542 2558 δίδωσι
599 2500 662 2553 τὸ
717 2496 909 2572 κηρίον
947 2498 994 2532 “
1037 2500 1116 2567 τῷ
1165 2494 1532 2568 πραιποσίτῳ,
1580 2495 1608 2547 ὁ
1667 2491 1725 2548 δὲ
1765 2494 2126 2568 πραιπόσιτος
2179 2495 2392 2563 τίθησιν
2453 2494 2582 2549 αὐτὸ
2640 2493 2822 2550 ἐπάνω
2877 2497 2978 2566 τῆς
3037 2497 3298 2568 σωλαίας,
3357 2497 3590 2570 πλησίον
3647 2507 3755 2556 τῶν

350 2589 520 2664 ἁγίων
570 2591 772 2660 θυρῶν,
803 2585 893 2638 καὶ
937 2582 1171 2653 πλησίον
1224 2583 1390 2636 αὐτοῦ
1441 2583 1608 2643 ἑστὼς
1668 2583 1695 2635 6
1745 2580 2021 2655 βασιλεὺς,
2053 2579 2334 2657 ἐκδέχεται
2390 2581 2586 2655 ἐκεῖσε,
2615 2580 2722 2646 ἕως
2769 2581 2828 2638 ἂν
2877 2583 3133 2650 διέλθωσι
3182 2587 3249 2642 τὰ
3279 2588 3532 2664 ἅγια,καὶ
3582 2611 3752 2664 προσο

349 2681 596 2734 κυνοῦσιν
630 2675 930 2752 ἀμφότεροι
961 2669 1270 2742 ἀλλήλους,
1295 2671 1324 2725 ὅ
1361 2691 1420 2725 τε
1453 2669 1708 2746 βασιλεὺς
1737 2670 1827 2725 καὶ
1859 2671 1887 2724 ὁ
1921 2671 2292 2748 πατριάρχης,

423 2768 494 2826 ν.
528 2767 630 2824 llle
643 2781 843 2822 rursus
855 2765 928 2820 ad
948 2764 1320 2819 metatorium
1337 2761 1473 2828 abit,
1491 2767 1697 2818 etcum
1715 2761 2000 2817 solemnia

354 2858 554 2915 oscula
603 2852 1000 2927 impertienda
1048 2855 1205 2918 sunt,
1239 2867 1444 2907 rursus
1475 2851 1619 2919 abit,
1652 2859 1706 2906 et
1751 2850 2000 2923 patriar-

361 2949 552 3014 cham,
586 2941 1006 3015 metropolitas,
1037 2941 1358 3014 episcopos,
1391 2941 1690 3011 praefectos
1721 2940 1998 3007 ecclesias,

359 3045 413 3094 et
443 3036 705 3102 clericos,
741 3033 843 3105 qui
891 3048 994 3104 pro
1027 3047 1186 3087 more
1230 3031 1497 3086 osculum
1531 3032 1602 3085 ab
1653 3031 1998 3098 imperatore

2181 2762 2254 2818 E'.
2289 2762 2609 2840 Ἀπέρχεται
2657 2763 2826 2818 πάλιν
2867 2766 2895 2819 ὁ
2940 2764 3195 2840 βασιλεὺς
3246 2768 3320 2829 εἰς
3377 2767 3438 2823 τό
3500 2772 3753 2842 μητατώ-

2111 2868 2248 2924 ριονο
2283 2851 2444 2919 ἡνίκα
2489 2848 2546 2905 δὲ
2595 2849 2791 2926 ἐγγίσει
2829 2855 2857 2906 ὁ
2897 2853 3208 2928 ἀσπασμὸς,
3239 2854 3510 2932 ἐξέρχεται
3560 2859 3748 2929 πάλιν,

2107 2938 2197 2992 καὶ
2249 2938 2498 2994 ἀπελθὼν
2554 2941 2845 3011 ἀσπάζεται
2898 2943 2989 2998 τὸν
3046 2945 3412 3020 πατριάρχην,
3467 2967 3747 3018 μητροπον

2109 3025 2261 3089 λίτας
2291 3049 2350 3082 τε
2386 3027 2476 3082 καὶ
2509 3027 2836 3092 ἐπισκόπους
2878 3031 3148 3107 ἄρχοντάς
3183 3055 3242 3089 τε
3289 3041 3389 3104 τῆς
3422 3036 3750 3106 Ἐκκλησίας

360 3125 673 3196 accipiunt,
704 3136 864 3193 teque
886 3137 953 3176 ac
973 3120 1082 3174 tria
1109 3119 1468 3190 baptisteria,
1491 3118 1813 3187 osculatur,
1847 3122 1904 3172 et
1932 3134 1996 3174 eo

2108 3116 2194 3172 καὶ
2228 3117 2526 3192 κληρικοὺς
2556 3118 2681 3180 τοὺς
2716 3118 2764 3188 ἐξ
2798 3118 2949 3182 ἔθους
2994 3122 3402 3196 ἀσπαζομένους
3445 3125 3535 3180 τὸν
3592 3127 3746 3199 βασι-

355 3216 504 3285 loco,
538 3213 638 3270 ubi
664 3227 888 3284 agapen
920 3211 1260 3282 proceribus
1291 3209 1635 3265 distribuere
1667 3209 1831 3275 solet,
1851 3223 1988 3264 con-

354 3305 620 3368 stitutus,
654 3298 905 3373 patricii,
938 3301 1176 3369 strategi
1209 3303 1266 3354 et
1311 3297 1618 3353 domestici
1669 3297 1991 3369 primisque

350 3391 561 3450 ofﬁciis
591 3388 1064 3456 admoti,tribuni
1097 3387 1416 3444 factionum
1439 3393 1495 3442 et
1524 3387 1988 3454 cerimoniarius,

349 3497 555 3536 omnes
586 3480 789 3537 ordine
821 3478 1367 3546 suo,adorant,eum
1399 3477 1740 3532 osculantur
1766 3493 1989 3547 suoque

347 3571 406 3627 in
441 3571 564 3626 loco
586 3573 645 3630 et
674 3567 925 3624 statione
953 3567 1026 3622 ab
1049 3572 1295 3638 utroque
1325 3565 1501 3621 latere
1528 3570 1804 3632 astant,et
1834 3571 1992 3638 post-

350 3677 524 3732 quam
556 3658 694 3714 dicti
727 3673 930 3713 omnes
962 3655 1374 3727 imperatorem
1407 3654 1650 3711 osculati
1684 3664 1840 3724 sunt,
1866 3658 1989 3726 ipse

350 3754 409 3805 et
456 3746 785 3820 patriarcha
831 3760 894 3800 se
934 3744 1180 3800 invicem
1230 3745 1473 3799 adorant
1523 3747 1579 3800 et
1627 3743 1983 3800 osculantur.

349 3837 569 3895 Deinde
618 3835 933 3906 imperator
981 3849 1186 3888 rursus
1217 3833 1288 3887 ad
1340 3834 1702 3889 metatorium
1752 3833 1891 3901 abit,
1933 3839 1990 3889 ct

353 3926 547 3982 divina
577 3921 987 3981 communione
1009 3920 1988 3992 appropinquante,cerimoniarius

353 4013 749 4087 praepositum,
809 4009 1156 4082 praepositus
1229 4008 1641 4078 imperatorem
1692 4011 1981 4076 admonet,

353 4102 454 4173 qui
494 4117 528 4157 a
557 4101 725 4156 dictis
757 4099 1002 4169 stipatus
1032 4101 1088 4153 et
1127 4111 1305 4167 prope
1335 4096 1725 4165 patriarcham
1757 4098 1984 4152 consti-

350 4195 534 4258 tutus,
567 4195 629 4244 ut
660 4187 809 4243 sacri
843 4184 1102 4256 corporis
1127 4188 1184 4237 et
1213 4180 1522 4251 sanguinis
1557 4180 1780 4237 Domini
1807 4185 1984 4239 nostri

345 4281 482 4333 Jesu
516 4277 728 4334 Christi
762 4276 1054 4346 particeps
1087 4273 1208 4338 flat,
1240 4271 1356 4325 duo
1388 4271 1607 4326 ostiarii
1637 4272 1984 4329 dominicale

342 4365 641 4421 evolutum
692 4367 912 4428 tenent,
955 4361 1078 4433 ipse
1112 4359 1386 4415 manibus
1435 4360 1558 4416 suis
1588 4364 1982 4418 venerandum

339 4456 557 4510 donum
592 4451 904 4524 accipiens,
938 4449 1240 4506 osculatur
1271 4451 1680 4521 patriarcham,
1714 4459 1766 4506 et
1797 4470 1830 4507 τι
1861 4452 1980 4524 pul-

2103 3204 2220 3275 λέα,
2254 3206 2462 3274 ὁμοίως
2530 3208 2620 3262 καὶ
2677 3207 2798 3282 τρία
2847 3231 3190 3288 φωτισματα,
3241 3213 3330 3266 καὶ
3383 3213 3606 3276 στάντος
3653 3220 3748 3269 τοῦ

2105 3293 2371 3369 βασιλέως
2404 3294 2455 3350 ἐν
2503 3301 2580 3369 τῷ
2635 3299 2811 3370 τόπῳ,
2843 3297 2895 3353 ἐν
2930 3300 2974 3370 ᾧ
3017 3298 3246 3354 εἴθισται
3307 3299 3465 3356 αὐτὸν
3520 3305 3750 3359 πάντοτε

2100 3380 2308 3439 διδόναι
2357 3386 2454 3454 τὴν
2503 3384 2717 3459 ἀγάπην
2791 3393 2908 3449 τοῖς
2964 3387 3252 3463 ἄρχουσιν,
3296 3390 3637 3466 εἰσέρχονται
3696 3395 3744 3447 οἱ

2099 3473 2396 3548 πατρίκιοι,
2429 3475 2727 3550 στρατηγοί
2775 3496 2833 3530 τε
2886 3477 2974 3530 καὶ
3024 3475 3359 3548 δομέστικοι,
3419 3481 3507 3534 καὶ
3569 3483 3620 3536 οἱ
3680 3483 3743 3536 τὰ

2096 3568 2287 3634 πρῶτα
2339 3563 2560 3642 ὀφφίκια
2598 3560 2942 3640 κατέχοντες,
2974 3567 3026 3619 οἱ
3075 3564 3359 3644 δήμαρχοι
3419 3569 3508 3624 καὶ
3568 3572 3595 3625 6
3644 3579 3740 3640 τῆς

2094 3651 2488 3716 καταστάσεως,
2521 3649 2742 3714 ἅπαντες
2778 3650 2833 3707 δὲ
2864 3654 3009 3708 οὗτοι
3045 3655 3181 3708 κατᾶ
3217 3657 3312 3717 τὰς
3363 3653 3499 3719 ἰδίας
3562 3658 3736 3714 αὐτῶν

2093 3740 2267 3809 τάξεις
2320 3745 2761 3815 προσκυνοῦντες,
2832 3743 3156 3811 ἀσπάζονται
3205 3746 3295 3799 καὶ
3350 3745 3594 3801 ’ίστανται
3662 3747 3736 3809 εἷς

2093 3840 2188 3892 τας
2239 3827 2378 3893 ἰδίας
2426 3831 2603 3884 αὐτῶν
2647 3830 2821 3900 τάξεις
2861 3852 2916 3886 τε
2957 3832 3045 3886 καὶ
3103 3833 3313 3895 στάσεις
3357 3833 3501 3898 ἔνθεν
3555 3837 3743 3891 κάκεῖ-

2096 3939 2172 3988 σε,
2205 3919 2292 3972 καὶ
2346 3919 2477 3990 μετὰ
2523 3919 2584 3972 τὸ
2623 3919 2958 3982 ἀσπάσασθαι
2994 3921 3086 3977 τὸν
3126 3920 3351 3996 βασιλέα
3381 3923 3584 3988 πάντας
3613 3925 3739 3988 τοὺς

2094 4005 2519 4080 προρῥηθέντας,
2563 4013 2956 4081 προσκυνοῦσιν
3013 4012 3311 4090 ἀμφότεροι
3376 4010 3660 4084 ἀλλήλους
3712 4015 3741 4068 6'

2091 4117 2148 4149 τε
2203 4093 2454 4164 βασιλεὺς
2505 4097 2592 4150 καὶ
2644 4097 2670 4150 ὁ
2730 4100 3100 4174 πατριάρχης.
3136 4099 3304 4155 Πάλιν
3366 4102 3662 4181 ἆπέρχεται
3713 4105 3740 4159 ὁ

2097 4183 2352 4258 βασιλεὺς
2385 4184 2459 4245 εἷς
2489 4185 2551 4239 τὸ
2589 4189 2958 4261 μητατώριον,
2987 4189 3076 4243 καὶ
3107 4197 3208 4258 τῆς
3257 4191 3401 4256 θείας
3458 4193 3740 4256 κοινωνίας

2092 4269 2528 4343 καταλαϐούσης,
2556 4274 2583 4327 6
2614 4277 2715 4342 τῆς
2744 4278 3118 4341 καταστάσεως
3166 4277 3332 4351 δηλοῖ
3379 4286 3458 4354 τῷ
3489 4302 3736 4355 πραιπο-

2092 4362 2245 4435 σίτῳ,
2282 4364 2370 4417 καὶ
2428 4364 2455 4416 ὁ
2515 4363 2876 4438 πραιπόσιτος
2914 4371 2992 4438 τῷ
3045 4368 3283 4442 βασιλεῖ,
3329 4372 3419 4425 καὶ
3463 4370 3739 4447 ἐξέρχεται

2093 4449 2518 4525 δηριγευόμενος
2562 4453 2663 4508 ὑπὸ
2713 4458 2820 4510 τῶν
2871 4457 3312 4530 προειρημένων,
3357 4459 3448 4513 καὶ
3505 4458 3738 4531 πλησίον

335 4545 454 4616 pito
485 4541 848 4597 descendens
880 4539 1060 4611 idque
1081 4543 1169 4595 ter
1196 4554 1368 4595 cruce
1390 4539 1980 4610 signans,communi-

2147 4512 2175 4524 ..
2238 4512 2247 4525 .
2361 4512 2369 4525 .
2505 4512 2514 4515 ι
2915 4512 2925 4530 ,
3039 4512 3126 4530 ,η
3301 4512 3312 4526 ,
3383 4512 3406 4513 η

2108 4547 2181 4597 τοῦ
2233 4544 2579 4618 πατριάρχου
2610 4545 2899 4619 γενόμενος
2957 4549 3096 4622 πρὸς
3152 4550 3213 4604 τὸ
3265 4559 3592 4622 κοινωνῆσαι
3642 4557 3737 4607 τοῦ

334 4637 446 4687 cat.
479 4630 573 4686 Sic
604 4631 674 4685 ad
707 4629 858 4683 idem
894 4629 1181 4699 pulpitum
1214 4629 1498 4691 ascendit,
1531 4631 1753 4685 ostiarii
1786 4631 1975 4686 domi-

333 4717 524 4776 nicale
555 4717 938 4784 revolvunt,el
965 4732 1129 4773 sacro
1150 4716 1282 4772 vino
1314 4734 1346 4772 a
1368 4717 1701 4789 patriarcha
1718 4728 1974 4792 accepto,

337 4807 477 4876 abit,
519 4815 572 4863 et
621 4809 935 4878 postquam
987 4813 1254 4875 precatus
1303 4812 1412 4873 est,
1464 4822 1524 4862 se
1573 4807 1818 4865 invicem
1871 4811 1976 4865 ad-

2088 4633 2364 4706 ἀχράντου
2431 4633 2686 4705 σώματος
2759 4635 2849 4689 καὶ
2927 4634 3155 4710 α’ίματος
3210 4641 3325 4711 (85)
3381 4645 3477 4695 τοῦ
3538 4642 3735 4717 Κυρίου

2088 4720 2248 4790 ἡμῶν
2274 4718 2452 4787 Ἰησοῦ
2485 4719 2750 4792 Χριστοῦ,
2796 4721 3054 4795 κρατοῦσι
3083 4721 3178 4778 δύο
3213 4724 3480 4803 ὀστιάριοι
3521 4724 3738 4800 δουμνι-

2085 4806 2276 4862 κάλιον
2311 4810 2423 4879 (86)
2453 4807 2812 4882 ἡπλωμένον,
2848 4813 2936 4866 καὶ
2970 4810 3260 4889 δεξάμενος
3299 4817 3361 4871 τὸ
3409 4816 3590 4890 τίμιον
3627 4816 3734 4872 δῶ-

1697 4934 1941 4990 VARIIE
1983 4933 2367 4992 LECTIONES

406 5044 444 5090 εί
478 5042 545 5096 τά
575 5037 670 5095 δύο
715 5037 832 5111 ἱερὰ
864 5058 987 5093 ποτ.
1020 5037 1109 5091 καὶ
1140 5035 1265 5098 τοὺς
1298 5034 1391 5090 δύο
1425 5041 1577 5110 conj.
1612 5041 1676 5098 Η.
1753 5041 1800 5076 δε
1833 5043 2092 5114 βαστάσαι
2125 5043 2215 5098 ed.
2294 5041 2341 5076 ⁸³
2371 5042 2449 5095 τὼ
2482 5043 2660 5116 κηρίω
2699 5047 2826 5101 cod.

1376 5156 1570 5214 JOAN.
1610 5159 1759 5216 JAC.
1803 5161 2052 5216 REISKII
2091 5160 2677 5219 COMMrJNTARIUS.

401 5287 513 5357 (85)
551 5287 677 5357 '[De
724 5281 1309 5357 communionesub
1344 5290 1584 5357 utraque
1635 5292 1687 5337 et
1735 5287 1967 5357 quando

325 5352 602 5426 abrogata
635 5355 807 5411 fuerit
839 5368 887 5410 ν.
937 5369 1068 5423 pag.
1100 5354 1169 5426 62
1201 5352 1334 5409 0rd.
1371 5353 1535 5408 Rom.
1589 5355 1862 5426 pontiﬁex
1912 5363 1969 5410 et

326 5439 419 5478 rex
441 5424 689 5481 Francius
713 5424 1211 5496 prirentensemblc
1229 5426 1301 5479 du
1321 5428 1453 5496 parin
1480 5430 1530 5479 et
1553 5426 1622 5479 du
1649 5425 1741 5480 vin
1774 5428 1967 5481 bénits.

321 5499 601 5568 _Me_zeray,
635 5495 876 5564 Abrégé,
913 5512 967 5565 p.
1002 5495 1125 5549 325.
1161 5495 1460 5549 Κοντακίου
1493 5498 1722 5562 veteris,
1761 5500 1818 5552 in
1851 5515 1966 5568 quo

321 5564 613 5639 habentur
661 5585 858 5639 preces
905 5564 1264 5639 quaadamin
1312 5569 1565 5624 Ecclesia
1614 5569 1725 5623 dici
1763 5564 1963 5636 solitas,

325 5635 636 5706 descriptio
664 5635 873 5694 'exstat
919 5635 977 5692 in
1028 5638 1439 5696 Montfauconii
1488 5639 1766 5699 Biblioth.
1822 5635 1962 5698 Mss.

2078 5286 2230 5368 inter
2278 5286 2506 5368 codices
2553 5290 2829 5368 Crasserii
2879 5291 3271 5352 Leodicensis.
3329 5296 3602 5368 Depictus
3649 5297 3730 5351 ibi

2078 5358 2406 5427 patriarcha
2452 5358 2786 5425 imperatori
2833 5379 3056 5418 sacram
3102 5358 3571 5423 communiénem
3619 5369 3730 5423 im-

2076 5429 2354 5502 pertiens.
2393 5448 2446 5498 p.
2478 5431 2654 5502 603.]'

2149 5499 2260 5569 (86)
2317 5508 2566 5580 Apparet
2597 5499 2722 5558 esse
2773 5504 3071 5580 sudarium
3125 5507 3215 5562 vel
3267 5523 3565 5579 mappam,
3617 5527 3727 5580 quo

2075 5586 2306 5648 sacrum
2351 5571 2564 5648 Christi
2615 5591 2824 5646 corpus
2877 5578 3139 5648 excipere
3169 5586 3225 5636 et
3273 5571 3470 5636 secum
3503 5571 3728 5639 deferre

2075 5642 2315 5698 domum
2372 5641 2639 5702 solebant
2685 5641 3212 5706 communicantes.
3247 5650 3367 5714 Quo
3399 5652 3470 5708 de
3517 5653 3632 5708 ritu
3665 5670 3724 5708 v.
