4180 6304
426 432 540 492 369

1273 431 1372 489 DE
1417 430 1868 492 CEltIMONlIS
1929 434 2160 495 AULIE
2207 435 2674 500 BYZANTlN/E
2723 441 2864 501 L18.
2911 439 2961 499 1.

3711 445 3830 502 3Ἱο

426 584 516 637 ρον
574 563 625 616 ἐν
683 566 805 622 ταῖς
849 560 1035 637 χερσὶν
1082 560 1272 631 αὐτοῦ,
1312 559 1604 629 ἀσπάζεται
1654 565 1744 616 τον
1795 564 2066 637 πατριάρ-

2184 575 2374 625 orant.
2394 571 2613 626 Deinde
2637 588 2925 643 reversus,
2943 573 3306 629 metatorium
3324 573 3665 643 intrat,etibi
3688 590 3823 630 cum

422 671 554 727 χην,
586 653 676 706 καί
731 652 797 704 τὸ
856 647 1165 704 πούλπιτου
1223 646 1502 704 κατελθὼν
1536 653 1582 686 ⁸⁸
1637 650 1727 704 καὶ
1776 652 2069 726 σφραγίσας

423 741 481 796 ἐκ
508 742 719 813 τρίτου,
747 745 1000 795 κοινωνεῖ
1035 741 1099 795 τὸ
1135 740 1291 814 ἅγιον
1325 737 1521 814 δῶρον.
1552 741 1666 804 Εἶθ’
1714 741 1892 803 οὕτως
1925 743 2076 817 ἂνέρ-

424 849 577 905 χεται
608 832 672 885 τὸ
703 829 833 884 αὐτὸ
864 827 1194 895 πούλπιτον,
1225 829 1312 883 καὶ
1372 829 1708 907 ὑφαπλοῦσιν
1770 831 1825 884 οἱ
1893 831 2076 886 ὀστιά-

423 939 528 994 ριοι
584 921 648 974 τὸ
707 917 1102 992 δουμνικάλιον
1165 919 1443 988 ὑποκάτω,
1503 919 1590 973 καὶ
1645 914 1826 974 λάϐὼν
1879 921 1941 974 τὸ
1981 926 2074 975 νᾶ-

423 1030 494 1081 μα
522 1013 568 1046 ⁸⁸
618 1010 731 1082 (87)
782 1009 927 1082 παρὰ
973 1010 1069 1063 τοῦ
1126 1009 1498 1086 πατριάρχου,
1579 1007 1924 1086 κατέρχεται,
1983 1010 2072 1065 καὶ

423 1098 712 1171 εὐξάμενος
770 1101 1164 1172 προσκυνοῦσιν
1224 1097 1529 1176 ἀμφότεροι
1585 1095 1895 1168 ἀλλήλους,
1956 1100 2074 1154 εἶτα

421 1184 727 1260 ὑποστρέψαι
786 1183 1089 1258 εἰσέρχεται
1148 1185 1226 1246 εἰς
1292 1186 1354 1238 τὸ
1427 1185 1774 1260 μητατώριον
1825 1191 1914 1240 καὶ
1943 1207 2072 1260 κρα-

424 1277 633 1346 ματίζει
671 1273 805 1346 μετά
844 1279 951 1328 τῶν
992 1274 1295 1346 πατρικίων
1355 1274 1444 1327 καὶ
1495 1273 1702 1328 λοιπῶν
1761 1275 2066 1349 ἀρχόντων,

421 1363 512 1424 οὕς
542 1364 603 1416 ἄν
636 1361 888 1436 κελεύσῃ·
932 1363 1063 1419 Εἶτα
1105 1357 1499 1438 περιϐάλλεται
1560 1359 1650 1416 διὰ
1704 1367 1808 1416 τῶν
1873 1365 2065 1438 βεστη-

421 1451 592 1525 τόρων
625 1454 727 1521 τήν
751 1449 984 1526 χλανίδα
1016 1452 1205 1524 αὐτοῦ,
1256 1452 1345 1506 καὶ
1385 1450 1595 1506 κελεύει
1643 1456 1722 1522 τῷ
1779 1453 2066 1525 πραιποσί-

421 1561 496 1611 τῳ
547 1538 1020 1613 προσκαλέσασθαι
1076 1538 1168 1594 τόν
1229 1539 1596 1613 πατριάρχην,
1653 1539 1744 1593 καὶ
1794 1539 2065 1615 διέρχεται

417 1629 547 1702 μετᾶ
572 1634 672 1684 ττῦ
706 1627 975 1704 βασιλέως
1012 1626 1120 1692 ἕως
1163 1633 1266 1684 τοῦ
1305 1628 1497 1704 Ἁγίου
1536 1630 1800 1702 Φρέατος,
1851 1629 2065 1685 κάκεῖσε

412 1719 630 1780 στάντος
678 1723 775 1773 τοῦ
836 1718 1126 1792 βασιλέως,
1179 1716 1365 1786 κράζει
1411 1715 1696 1792 ὁᾶργυρος
1717 1716 1843 1780 τοὺς
1875 1719 2066 1774 εἰωθό-

2181 659 2444 728 patriciis
2475 667 2532 716 et
2560 661 2801 732 reliquis
2824 662 3108 718 ministris
3135 678 3282 735 quos
3293 663 3320 734 j
3331 662 3476 718 ussit
3499 661 3825 719 convivium

2188 747 2458 804 celebrat.
2494 750 2702 806 Postea
2732 751 2933 808 tunica
2961 770 3068 808 sua
3097 769 3130 808 a
3158 752 3534 808 vestitoribus
3564 751 3828 817 indutus,

2187 839 2581 907 praepositum,
2624 845 2688 895 ut
2718 842 3114 912 patriarcham
3157 843 3416 911 advocet,
3443 843 3628 913 jubet,
3659 841 3830 913 isque

2184 941 2316 980 cum
2351 929 2680 997 patriarcha
2711 931 2784 985 ad
2816 931 3096 988 Sanctum
3141 931 3386 990 Puteum
3413 931 3554 1002 abit,
3584 929 3685 986 ubi
3707 931 3823 986 im-

2181 1023 2443 1084 peratore
2474 1019 2810 1088 constituto,
2843 1022 3216 1093 argentarius
3243 1038 3363 1090 eos,
3395 1020 3498 1093 qui
3527 1037 3669 1077 auro
3701 1020 3826 1092 ple-

2183 1117 2290 1158 nas
2335 1121 2642 1161 crumenas
2686 1108 2946 1180 accipere
2991 1112 3202 1178 solent,
3254 1111 3496 1166 indicat.
3536 1109 3639 1166 80
3668 1109 3824 1174 Quas

2179 1209 2249 1248 ex
2263 1193 2578 1264 argentarii
2602 1211 2775 1252 manu
2797 1199 3444 1271 acceptas,praapositus
3460 1199 3822 1270 imperatori,

2181 1281 2231 1336 is
2264 1299 2412 1352 quos
2433 1284 2799 1354 argentarius
2831 1287 3057 1354 recitat,
3089 1287 3292 1357 tradit,
3319 1292 3525 1344 etcum
3555 1287 3710 1343 intra
3728 1302 3823 1344 ve-

2176 1370 2300 1426 lum
2333 1388 2466 1427 cum
2497 1373 2782 1444 praefectis
2807 1376 3076 1430 cubiculo
3097 1375 3396 1448 ingressus
3415 1380 3524 1444 est,
3547 1376 3822 1447 praeposi-

2178 1463 2275 1515 tus
2304 1478 2575 1517 coronam
2597 1463 2937 1533 patriarcha
2959 1465 3160 1531 tradit,
3191 1465 3293 1535 qui
3322 1479 3451 1520 eam
3480 1464 3818 1535 imperatori

2178 1548 2448 1619 imponit,
2483 1555 2685 1621 postea
2714 1551 2826 1622 ipsi
2860 1570 3068 1624 panem
3102 1553 3468 1609 benedictum
3499 1553 3686 1619 offert,
3713 1569 3814 1624 pro

2177 1653 2288 1705 quo
2305 1638 2733 1708 apocombium,
2755 1641 3109 1713 aprzeposito
3125 1647 3455 1715 sumptum,
3476 1641 3816 1714 patriarcha

2179 1726 2376 1790 donat,
2410 1725 2501 1781 hic
2531 1727 2645 1797 ipsi
2676 1727 3016 1785 sufﬁmenta
3045 1731 3162 1787 dat.

409 1835 501 1876 τας
561 1809 860 1888 λαμϐάνειν
921 1816 988 1869 τὰ
1045 1820 1224 1889 χρυσᾶ
1285 1811 1624 1872 Βαλαντίδια.
1675 1815 1731 1868 ⁹Ο
1780 1813 1871 1870 οὗν
1929 1817 2288 1890 πραιπόσιτος
2336 1816 2632 1894 λαμϐάνων
2665 1821 2725 1876 ἐκ
2754 1827 2851 1877 τοῦ
2909 1823 3141 1899 ἀργύρου
3197 1827 3264 1880 τὰ
3324 1822 3662 1898 βαλαντίδια,
3697 1826 3810 1880 im-

1110 1901 1133 1921 ἢ

408 1901 594 1958 δίδωσι
625 1905 703 1976 τῴ
735 1903 968 1978 βασιλεῖ,
1020 1905 1047 1958 6
1106 1901 1162 1958 δὲ
1233 1902 1489 1977 βασιλεὺς
1547 1901 1788 1977 δίδωσιν,
1833 1907 1928 1969 οῦς
1961 1907 2146 1978 κράζει
2187 1909 2215 1962 6
2262 1907 2520 1984 ἄργυρος,
2571 1913 2661 1966 καὶ
2699 1911 2957 1968 εἰσελθὼν
3008 1910 3158 1969 ἔνδον
3204 1919 3299 1970 τοῦ
3336 1914 3516 1989 βήλου
3550 1915 3808 1987 μετὰτῶν

403 2000 496 2050 τοῦ
552 1991 947 2051 κουϐουκλείου
1004 1995 1315 2070 ἀρχόντων,
1374 1993 1688 2051 ἐπιδίδωσιν
1747 1999 1775 2052 6
1841 2001 2201 2074 πραιπόσιτος
2253 2001 2318 2055 τὸ
2375 2001 2590 2074 στέμμα
2655 2008 2736 2076 τῷ
2787 2004 3127 2080 πατριάρχῃ,
3181 2005 3428 2065 κάκεῖνος
3488 2004 3667 2081 στέφει
3710 2005 3804 2059 τὸν

405 2084 654 2161 βασιλέα,
696 2085 783 2140 καί
821 2087 914 2140 εἶθ’
972 2087 1149 2148 οὕτως
1197 2083 1510 2140 ἐπιδίδωσιν
1569 2088 1595 2140 ὁ
1663 2088 2008 2165 πατριάρχης
2077 2087 2327 2163 εὐλογίας
2375 2091 2453 2164 τῷ
2496 2094 2733 2166 βασιλεῖ,
2794 2094 2900 2148 εἶεα
2938 2090 3124 2149 λαϐὼν
3179 2096 3207 2150 6
3248 2093 3502 2169 βασιλεὺς
3533 2095 3677 2170 παρὰ
3705 2097 3801 2149 τοῦ

403 2175 765 2250 πραιποσίτου
799 2176 1164 2250 ἀποκόμβιον,
1197 2172 1508 2230 ἀντιδίδωσι
1539 2181 1617 2246 τῷ
1646 2177 1980 2251 πατριάρχῃ,
2017 2179 2044 2232 6
2079 2175 2136 2233 δὲ
2165 2181 2515 2255 πατριάρχης
2545 2179 2855 2237 ἀντιδίδωσι
2884 2187 2963 2255 τῷ
2997 2182 3214 2259 βασιλεῖ
3243 2182 3491 2240 ἀλειπτά.

476 2266 537 2334 ζ’.
592 2265 695 2320 Καὶ
743 2262 1030 2334 ἀλλήλους
1089 2264 1481 2338 ἀσπασάμενοι,
1514 2263 1788 2339 έξέρχεται
1830 2267 1856 2319 6
1892 2267 2052 2340 βασι-

2229 2269 2328 2324 VI.
2363 2272 2500 2326 Post
2550 2277 2750 2328 mutua
2794 2273 2990 2330 oscula
3041 2275 3352 2346 imperator
3379 2289 3670 2347 egressus,
3702 2288 3800 2328 ex-

411 2351 538 2416 λεὺς
568 2353 658 2407 καὶ
687 2351 903 2408 ’ίσταται
935 2351 1034 2426 ἔξω
1063 2360 1163 2422 τῆς
1199 2352 1380 2424 πύλης
1421 2359 1521 2408 τοῦ
1567 2354 1754 2430 Ἃγίου
1807 2354 2050 2429 Φρέατος

398 2449 496 2511 τῆς
556 2443 850 2518 ἐξαγούσης
901 2443 975 2504 εἷς
1032 2445 1121 2497 τὸν
1163 2437 1426 2514 ἔμϐολον,
1459 2443 1674 2498 κάκεῖσε
1705 2441 1920 2518 δέχεται
1952 2444 2050 2499 αύ-

400 2531 489 2587 τὸν
517 2533 582 2586 τὸ
617 2532 781 2606 μέρος
807 2536 914 2586 τῶν
967 2532 1226 2597 Βενέτων,
1282 2537 1578 2607 φοροῦντος
1626 2537 1722 2588 τοῦ
1755 2531 2046 2608 δημάρχου

399 2617 638 2699 χλανίδα
660 2620 904 2687 Βένετον,
935 2620 1026 2674 καὶ
1075 2619 1498 2695 ἀκτολογοῦσιν,
1549 2620 1625 2683 ὠς
1675 2619 1903 2685 εἷ’θισται
1951 2621 2048 2675 αὖ·

398 2716 536 2778 τοῖς,
595 2710 967 2789 εὐφημοῦντες
1023 2711 1113 2764 τὸν
1175 2709 1428 2784 βασιλέα,
1486 2709 1694 2782 ὁμοίως
1746 2712 1834 2765 καὶ
1866 2712 1921 2764 οἱ
1950 2714 2046 2765 τοῦ

404 2803 702 2874 περατικοῦ
753 2796 934 2872 δήμου
991 2795 1334 2872 δημοκράται
1393 2797 1484 2852 καὶ
1545 2800 1572 2853 6
1624 2796 1912 2874 δήμαρχος
1941 2803 2048 2852 τῶν

396 2890 682 2964 Πρασίνων
741 2894 902 2945 τοῦτο
959 2888 1237 2944 ἐκτελοῦσι
1287 2889 1425 2944 κατὰ
1481 2890 1582 2956 τήν
1642 2889 1786 2957 τάξιν
1843 2888 2043 2944 αὐτῶν.

395 2978 494 3033 Καὶ
535 2978 690 3040 αὖθις
723 2976 998 3053 διέρχεται
1031 2976 1120 3033 διὰ
1147 2999 1207 3033 τε
1235 2981 1280 3016 ⁸⁸
1298 2982 1406 3032 τῶν
1428 2977 1649 3053 σχολῶν
1673 2976 1762 3032 καὶ
1793 2981 1899 3032 τῶν
1932 2976 2049 3032 ἐκσ-

395 3063 690 3138 κουϐίτων,
719 3067 935 3122 κάκεῖσε
960 3067 1176 3122 ’ἰσταται
1221 3068 1256 3136 ἠ
1319 3066 1625 3142 σύγκλητος
1676 3065 1728 3120 ἐν
1785 3070 1864 3137 τῷ
1919 3086 2045 3120 κον-

397 3154 694 3230 σιστωρίῳ,
725 3154 981 3230 λέγουσα.
1007 3179 1034 3207 ‹‹
1065 3155 1161 3217 Εἷς
1190 3153 1438 3219 πολλοὺς
1483 3155 1572 3208 καὶ
1625 3153 1862 3231 ἀγαθοὺς
1910 3154 2047 3230 χρό-

398 3266 552 3312 νους,
583 3269 613 3298 ››
635 3245 723 3299 καὶ
758 3246 1011 3318 μένουσιν
1043 3243 1235 3313 ἐκεῖσε,
1267 3243 1345 3306 εἷς
1378 3242 1434 3298 δὲ
1478 3244 1571 3298 τὸν
1603 3241 1838 3298 ὀνόποδα
1899 3241 2046 3317 μένει

399 3335 425 3389 6
471 3342 573 3404 τῆς
622 3334 996 3396 καταστάσεως
1053 3334 1188 3408 μετὰ
1238 3331 1618 3406 σιλεντιαρίων
1673 3329 2046 3406 ὑπερευχόμε-

397 3445 480 3479 νοι
537 3424 628 3478 καὶ
688 3423 842 3479 αὐτοὶ
897 3425 988 3479 τὸν
1053 3422 1301 3497 βασιλέα.
1333 3423 1396 3476 Οἱ
1457 3419 1514 3476 δὲ
1559 3421 1835 3494 πατρίκιοι
1872 3421 1962 3475 καὶ
1993 3423 2046 3475 οἱ

395 3512 692 3588 στρατηγοὶ
719 3511 960 3568 ’ίστανεαι
992 3511 1068 3575 εἷς
1116 3512 1178 3566 τὸ
1225 3510 1428 3579 στενὸν,
1479 3510 1688 3583 ὁμοιως
1747 3509 2050 3586 ὑπερευχό-

2162 2362 2251 2415 tra
2291 2364 2518 2431 portam
2563 2362 2724 2416 Sacri
2754 2363 2937 2431 Putei,
2988 2379 3116 2434 quis
3165 2364 3234 2418 ad
3269 2364 3555 2435 porticum
3606 2363 3789 2430 ducit,

2163 2449 2432 2504 subsistit
2461 2457 2515 2505 et
2546 2450 2626 2505 ibi
2668 2466 2802 2506 eum
2835 2451 3008 2506 factio
3045 2451 3284 2516 Veneta,
3327 2451 3494 2521 cujus
3525 2451 3797 2506 tribunus

2159 2535 2522 2610 chlamydem
2554 2537 2830 2594 Venetam
2881 2543 3086 2610 gestat,
3131 2538 3362 2610 excipit,
3410 2545 3468 2595 et
3509 2556 3610 2609 pro
3641 2555 3798 2595 more

2157 2630 2286 2680 acta
2331 2625 2583 2683 celebrat
2616 2632 2674 2683 et
2703 2626 3002 2696 acclamat,
3054 2628 3207 2699 quod
3241 2627 3414 2683 etiam
3449 2627 3793 2684 transitoria

2158 2713 2428 2770 factionis
2459 2715 2750 2786 principes
2781 2720 2838 2771 et
2867 2715 3238 2771 Prasinorum
3278 2717 3551 2772 tribunus
3581 2731 3800 2771 secune

2158 2802 2297 2857 dum
2320 2802 2579 2858 ordinem
2605 2820 2778 2860 suum
2810 2805 3048 2860 faciunt.
3077 2808 3429 2876 Imperatore
3463 2821 3663 2860 rursus
3692 2821 3792 2877 per

2156 2889 2385 2946 scholas
2415 2896 2468 2948 et
2485 2891 2763 2947 excubias
2784 2893 3162 2964 digrediente,
3195 2901 3431 2949 senatus
3461 2893 3540 2948 ibi
3571 2894 3628 2949 in
3660 2909 3794 2949 con-

2157 2982 2389 3038 sistorio
2435 2984 2617 3050 adest,
2663 2984 2906 3041 dicens:
2955 3005 2979 3036 α
3030 2983 3095 3040 In
3128 2985 3314 3040 multa
3363 2985 3630 3056 bonaque
3657 2993 3795 3041 tem-

2157 3086 2318 3142 pora,
2354 3092 2383 3120 ››
2415 3075 2470 3126 et
2509 3071 2591 3126 ibi
2623 3076 2841 3136 manet,
2883 3072 3330 3129 cerimoniarius
3360 3089 3494 3129 vero
3526 3079 3583 3129 et
3612 3073 3791 3129 silen-

2155 3159 2310 3214 tiarii
2341 3159 2402 3215 in
2436 3161 2721 3230 onopodio
2765 3161 3113 3232 subsistunt,
3144 3166 3201 3217 et
3246 3161 3575 3234 imperatori
3608 3163 3797 3218 accla-

2156 3256 2356 3303 mant:
2410 3249 2636 3319 patricii
2677 3265 2811 3305 vero
2859 3257 2913 3305 et
2963 3251 3198 3322 strategi
3250 3251 3311 3305 in
3356 3255 3522 3306 steno
3571 3255 3794 3306 stantes

2156 3353 2318 3408 seque
2349 3353 2413 3391 ac
2446 3343 2685 3392 senatus
2716 3338 3040 3394 acclamant
3067 3343 3125 3393 et
3152 3338 3231 3394 ibi
3254 3343 3596 3410 __remaneut.
3625 3339 3794 3395 Cubi-

2157 3424 2396 3480 culariis
2427 3441 2561 3480 vero
2611 3431 2957 3497 augusteum
3008 3427 3311 3498 ingressis,
3349 3432 3408 3483 et
3434 3428 3503 3482 ad
3548 3429 3790 3486 formam

2160 3512 2365 3566 littera:
2407 3514 2455 3568 ΙΙ
2497 3514 2813 3580 stantibus,
2863 3515 3212 3586 imperatore
3257 3516 3547 3581 veniente,
3597 3519 3793 3574 statim

401 3623 579 3676 μενοι,
632 3599 814 3676 ὥσπερ
863 3603 899 3671 ἡ
956 3599 1289 3677 σύγκλητος,
1375 3601 1464 3654 καὶ
1543 3600 1785 3672 μένουσιν
1855 3596 2044 3653 ἐκεῖσε.

2166 3615 2380 3671 magnae
2404 3605 2577 3670 porta:
2594 3602 2863 3672 augustei
2879 3602 3254 3670 clauduntur,
3270 3609 3326 3660 et
3348 3604 3515 3673 signo
3539 3614 3794 3676 accepto,

394 3696 511 3746 Τῶν
541 3688 600 3745 δὲ
629 3695 725 3745 τοῦ
753 3685 1156 3745 κουϐουκλείου
1213 3687 1563 3744 εἰσελθόντων
1603 3688 1679 3750 εἰς
1719 3687 1809 3742 τὸν
1855 3686 2052 3760 αὐγου-

395 3781 520 3836 στέα
575 3781 668 3836 καὶ
734 3781 967 3836 στάντων
1023 3778 1182 3849 δίκην
1229 3779 1328 3835 τοῦ
1386 3786 1430 3834 Π
1484 3777 1786 3852 στοιχείου,
1831 3777 2048 3831 καὶτοῦ

401 3870 672 3946 βασιλέως
707 3871 1070 3937 εἰσελθόντος,
1113 3871 1311 3932 εὐθέως
1351 3870 1404 3922 αἱ
1440 3867 1674 3944 μεγάλαι
1725 3865 1896 3921 πύλαι
1952 3865 2050 3920 τοῦ

399 3959 744 4038 αύγουστέως
785 3957 1200 4038 ἄσφαλίζονται,
1230 3957 1319 4013 καὶ
1371 3952 1554 4012 Λαϐὼν
1593 3960 1767 4029 νεῦμα
1828 3956 1855 4010 ὁ
1887 3975 2053 4030 πραι-

402 4049 650 4121 πύσιτος,
686 4047 830 4124 λέγει
859 4050 1143 4121 Ῥωμαϊκῇ
1176 4043 1468 4118 διαλέκτῳ’
1506 4068 1530 4100 (ι
1566 4045 1656 4100 Βίτ
1689 4045 1824 4118 (88)·
1853 4067 1881 4096 ››
1911 4044 2053 4098 ἀπο-

399 4137 602 4210 κριθεὶς
641 4135 700 4192 δὲ
719 4142 826 4192 τῶν
858 4141 954 4192 τοῦ
975 4132 1366 4192 κουϐουκλείου
1397 4136 1476 4196 τῖς
1508 4133 1671 4210 λέγει·
1708 4157 1738 4185 ‹‹
1771 4131 1994 4203 Καλῶς,
2021 4155 2050 4184 ››

400 4225 487 4280 καὶ
519 4226 572 4280 οἱ
603 4230 701 4280 τοῦ
748 4221 1144 4280 κουϐουκλείου
1194 4224 1574 4297 ἀποκριθέντες
1633 4221 1856 4295 λέγουσι
1909 4225 2050 4276 Ῥω-

404 4315 608 4387 μαϊστί’
639 4341 667 4368 «ι
726 4314 956 4388 ’Πλθέσῃ
1008 4315 1280 4388 μούκτους
1337 4312 1528 4374 ἄννους
1580 4310 1984 4388 φιλληκησιμε.
2019 4333 2048 4360 ››

403 4404 519 4459 Εἶθ’
551 4403 724 4465 οὕτως
757 4403 1064 4478 είσέρχεται
1095 4404 1122 4457 6
1185 4399 1439 4477 βασιλεὺς
1485 4402 1560 4462 εἷς
1610 4401 1672 4455 τὸ
1723 4399 2050 4472 ὁκτάγωνον,

403 4493 491 4546 καὶ
545 4487 814 4553 λαϐόντος
852 4496 950 4546 τοῦ
997 4491 1359 4565 πραιποσίτοο
1417 4489 1480 4544 τὸ
1540 4487 1756 4562 στέμμα
1817 4489 1921 4541 ἀπὸ
1952 4495 2053 4556 τῆς

404 4578 643 4656 κεφαλῆς
698 4585 794 4636 τοῦ
855 4577 1146 4656 βασιλέως,
1201 4580 1539 4654 εἰσέρχονται
1599 4579 1649 4632 οἱ
1727 4577 2052 4651 βεστήτορες

405 4671 491 4724 καὶ
547 4668 958 4725 ἀπαλλάσσουσι
1010 4671 1103 4738 τὴν
1169 4665 1404 4742 χλανίδα
1461 4665 1644 4724 αὐτοῦ.
1704 4666 1824 4728 Εἶθ’
1871 4663 2044 4725 οὕτως
2105 4663 2408 4738 εἰσέρχεται
2467 4660 2540 4721 εἷς
2597 4659 2692 4714 τὸν
2767 4663 3004 4713 κοιτῶνα
3085 4659 3272 4717 αὐτοῦ.

2161 3688 2506 3757 praepositus
2546 3687 2749 3758 lingua
2799 3687 3061 3744 Romana
3106 3688 3280 3745 dicit:
3331 3711 3360 3740 «
3413 3689 3525 3757 Fit,
3560 3711 3589 3740 ››
3642 3708 3798 3749 unus

2163 3779 2359 3830 autem
2417 3792 2448 3831 e
2505 3775 2877 3832 cubiculariis
2919 3793 2934 3832 :
2986 3799 3014 3827 «
3059 3777 3231 3845 Bene,
3280 3800 3310 3828 »
3361 3780 3548 3834 caateri
3596 3778 3795 3850 lingua

2161 3865 2417 3919 Romana
2467 3864 2863 3935 respondent:
2915 3885 2944 3916 «
2988 3865 3188 3921 Venias
3237 3867 3294 3920 in
3344 3865 3560 3922 multos
3609 3883 3794 3923 annos

2165 3951 2520 4008 felicissime.
2551 3973 2579 4002 »
2611 3951 2704 4008 Sic
2746 3957 3053 4023 postquam
3103 3952 3419 4024 imperator
3445 3958 3794 4026 octagonum

2161 4042 2418 4110 intravit,
2451 4043 2788 4113 praepositus
2837 4059 3108 4098 coronam
3153 4058 3184 4097 e
3223 4043 3407 4112 capite
3436 4044 3562 4112 ejus
3593 4043 3796 4114 demit,

2163 4137 2218 4185 et
2261 4130 2566 4185 vestitores
2613 4128 2858 4200 ingressi
2907 4130 3163 4185 tunicam
3210 4133 3336 4200 ejus
3384 4134 3629 4198 mutant,
3667 4146 3798 4188 mox

2161 4218 2499 4274 cubiculum
2533 4235 2704 4273 suum
2732 4219 2892 4290 petit,
2925 4219 3080 4274 unde
3101 4234 3372 4290 egressus
3401 4219 3719 4286 accumbit,
3741 4224 3798 4275 et

2161 4323 2404 4377 surgens
2435 4322 2572 4377 sago
2606 4322 2708 4362 suo
2757 4306 3020 4361 induitur
3048 4311 3124 4375 et,
3168 4307 3526 4362 manclavitis
3557 4312 3614 4363 et
3642 4307 3800 4362 cubi-

2161 4398 2399 4456 culariis
2433 4395 2870 4461 comitantibus,
2899 4395 3174 4466 palatium
3215 4397 3413 4452 intrat.
3446 4396 3798 4452 Cubicularii

2161 4489 2222 4543 in
2271 4503 2447 4542 aureo
2501 4486 2752 4540 triclinio
2811 4492 3050 4551 stantes,
3111 4487 3361 4542 dicunt:
3423 4508 3452 4538 «
3491 4488 3554 4543 In
3615 4486 3800 4542 multa

2163 4578 2432 4646 bonaque
2463 4580 2746 4643 tempora,
2772 4595 2795 4624 ι
2831 4579 2887 4626 et
2917 4589 3116 4627 omnes
3147 4572 3384 4630 domum
3420 4577 3655 4631 abeunt.

3357 4660 3488 4716 Εἶτα
3567 4660 3797 4731 ἐξελθὼν

409 4755 746 4831 ἀκουμϐίζει,
812 4760 904 4814 καὶ
960 4759 1188 4820 ἀναστὰς
1237 4752 1626 4831 περιϐάλλεται
1693 4756 1754 4810 τὸ
1821 4753 2007 4829 σαγίον
2075 4753 2262 4823 αὐτοῦ,
2321 4751 2410 4805 καὶ
2451 4744 2876 4824 δηριγευόμενος
2940 4750 3042 4804 ὑπὸ
3092 4771 3150 4806 τε
3200 4755 3296 4808 τοῦ
3356 4749 3663 4830 μαγλαϐίου
3708 4760 3796 4814 καὶ

408 4853 510 4903 τῶν
559 4852 656 4903 τοῦ
700 4843 1118 4918 κουϐουκλείου,
1173 4844 1472 4921 εἰσέρχεται
1531 4845 1604 4906 εἰς
1649 4845 1711 4899 τὸ
1769 4842 2053 4899 παλάτιον·
2089 4844 2141 4898 οὶ
2199 4840 2256 4896 δέ
2301 4844 2403 4896 τοῦ
2465 4833 2875 4910 κουϐουκλείου,
2920 4840 3133 4902 στάντες
3191 4839 3242 4896 ἐν
3291 4845 3371 4912 τῷ
3401 4843 3804 4917 χρυσοτρικλί.

411 4958 504 5010 νῳ,
538 4937 761 5014 λέγουσι
789 4939 873 4994 τὸ·
914 4960 940 4993 ο
971 4937 1065 4997 Εἲς
1097 4933 1344 4997 πολλοὺς
1373 4935 1462 4990 καὶ
1483 4932 1714 5010 ἀγαθοὺς
1743 4933 2002 5009 χρόνους,
2034 4956 2062 4986 ››
2093 4931 2183 4988 καὶ
2211 4932 2488 5005 ἀναχωρεῖ
2514 4929 2739 4993 ἕκαστος
2769 4929 2842 4993 εἰς
2872 4929 2965 4986 τὸν
2997 4930 3145 4986 οἶκον
3177 4930 3364 4986 αὐτοῦ.

1778 5061 2019 5118 VARIE
2058 5059 2442 5118 LECTIONES

481 5183 526 5218 “
565 5183 858 5252 ἀσπάζεται
889 5213 957 5226 σ-ο
990 5180 1268 5238 κατελθὼν
1302 5197 1416 5238 om.
1447 5181 1539 5237 ed.

1625 5178 1670 5214 ⁸⁵
1698 5179 1760 5231 τὸ
1785 5178 1932 5249 νάμα
1960 5179 2114 5248 cod.,
2142 5177 2231 5231 τὸν
2264 5177 2376 5248 ἅμα
2413 5177 2506 5232 ed.

2581 5175 2629 5212 ⁸⁸
2664 5195 2722 5231 τε
2743 5192 2830 5232 om
2859 5177 2952 5234 ed.

1449 5304 1644 5362 JOAN.
1677 5303 1819 5362 JAC.
1855 5303 2118 5361 REISKII
2151 5302 2743 5359 COMMENTARIUS.

420 5410 507 5464 Du
538 5411 731 5478 Gange
760 5413 817 5464 et
847 5409 1075 5464 ilabert.
1122 5407 1315 5478 Hodie
1337 5406 1394 5478 in
1427 5404 1838 5478 communione
1867 5408 2062 5478 nostra
2092 5407 2138 5471 ἢ)
2171 5402 2337 5456 ristia
2377 5404 2778 5478 consecratum
2829 5397 2892 5478 τρ
2940 5393 3342 5478 τίμιον.δῶ·ρογ
3382 5401 3439 5452 et
3484 5395 3584 5462 τήν
3618 5401 3808 5475 τιμίᾳν

421 5482 490 5536 ad
525 5474 772 5536 scabella
802 5498 913 5536 arte
947 5485 1235 5550 pratense
1264 5476 1387 5532 bini
1409 5474 1704 5550 scholares
1722 5475 1885 5550 pueri
1908 5481 2061 5530 stare

421 5551 636 5616 solent,
668 5551 804 5632 hinc
824 5546 985 5632 illinc
1006 5549 1248 5632 singuli,
1269 5553 1325 5630 et
1345 5546 1850 5632 praetendere‘sub.
1868 5550 2059 5632 mento

426 5623 914 5678 communicantis
969 5617 1511 5684 tale-dominicale,
1572 5635 1644 5674 ne
1701 5617 1914 5687 hostia,
1965 5623 2061 5671 aut

427 5697 594 5766 gutta
617 5693 738 5766 vini
767 5693 828 5766 in
861 5699 1074 5750 terram
1106 5690 1355 5766 decidat.

498 5763 614 5841 (87)
643 5765 826 5822 αι’θοί
856 5765 1140 5830 recentes,
1164 5764 1230 5817 ut
1259 5776 1468 5834 corpus
1500 5758 1716 5816 Christi
1744 5757 1804 5814 in
1835 5754 2062 5829 Eucha:

2169 5472 2483 5551 προσφοράν
2517 5469 2832 5551 appellant,
2853 5471 2936 5551 _i_ta
2964 5465 3265 5551 appellant
3283 5465 3809 5551 vinnumnconse'cra-

2169 5535 2517 5623 tamtam,
2542 5535 2827 5623 :lf'itchem.
2852 5535 3124 5610 Exempla
3162 5535 3334 5589 habet
3362 5540 3449 5590 Du
3481 5536 3673 5614 Gange
3717 5545 3806 5604 Gl.

2173 5615 2270 5670 Gr.
2304 5615 2362 5669 h.
2396 5629 2471 5678 v.,
2496 5613 2594 5666 ubi
2625 5613 2741 5666 vid.

2244 5685 2360 5755 (88)
2387 5681 2518 5737 Vid.
2552 5684 2672 5738 not.
2709 5682 2803 5737 ad.
2837 5699 2893 5755 p.
2927 5683 3014 5738 42.
