4152 6302
390 386 508 448 375

1457 383 1978 445 CONSTANTINI
2026 380 2724 443 POIlPHYBOGENlTI

3673 377 3794 434 376

389 528 619 592 tenens,
651 517 952 575 descendit
976 516 1284 588 velumque
1310 517 1565 584 tertium,
1591 517 1769 573 lectos
1795 517 2035 573 comites

2157 513 2605 588 τυνεορτάσοντας
2635 514 2752 568 τοῖς
2807 505 3192 584 φιλοχρίστοις
3241 503 3547 575 δεσπόταις,
3581 507 3669 560 καὶ
3705 505 3793 562 ἐπὶ

390 609 653 680 magistri
683 611 739 662 et
772 606 1028 678 preteeti
1059 606 1283 661 taronis
1332 605 1592 674 adducit,
1634 623 1700 662 ac
1741 607 1909 661 dictis
1949 623 2032 662 ce-

389 697 656 752 rimoniis
704 700 828 750 tum
874 708 1106 766 quoque
1144 693 1487 760 observatis,
1537 698 1593 747 et
1640 693 1749 764 ipsi
1798 693 2034 748 abeunt.

389 785 490 840 His
511 785 783 840 omnibus
813 783 896 838 sic
929 783 1034 837 rite
1051 781 1317 854 peractis,
1339 787 1645 853 postquam
1669 781 2037 853 praepositus,

391 874 656 940 «Jubete,
675 893 698 924 υ
715 871 877 937 dixit,
892 876 1164 927 etomnes
1199 889 1258 925 εκ
1309 872 1370 926 In
1397 870 1580 926 multa
1603 871 1869 941 bonaque
1888 874 2037 925 tem-

388 978 549 1033 pora,
586 982 614 1012 «
656 959 870 1034 precati
931 964 1091 1026 sunt,
1135 959 1401 1030 magistri
1447 959 1696 1028 patricii,
1740 964 2040 1014 senatores

370 1062 455 1106 'ac
477 1049 665 1105 caeteri
688 1065 891 1105 omnes
909 1049 1148 1116 abeunt,
1166 1053 1222 1104 et
1239 1065 1444 1104 rursus
1469 1065 1502 1103 a
1525 1047 1832 1119 praeposito
1855 1048 2032 1116 dicto,

370 1139 682 1208 '«Jubete,»
716 1139 1080 1208 cubicularii,
1118 1143 1176 1194 ut
1201 1138 1802 1204 commemoravimus,
1829 1137 2040 1192 faustis

389 1229 664 1287 omnibus
693 1229 1106 1299 imperatorem
1135 1229 1452 1300 prosecuti,
1484 1228 1718 1283 abeunt.
1754 1227 1822 1282 Et
1842 1227 2039 1282 statim

390 1336 423 1375 ι
455 1319 681 1374 thronis
712 1319 835 1372 suis
868 1317 1090 1373 domini
1123 1318 1507 1385 descendunt,
1535 1317 1775 1387 suisque
1815 1315 2043 1371 coronis

391 1412 446 1462 et
478 1407 688 1462 tunicis
719 1405 1012 1477 depositis,
1037 1406 1196 1477 sagis
1223 1423 1364 1462 auro
1386 1406 1678 1478 praetextis
1701 1405 1914 1472 induti,
1942 1422 2040 1475 pa-

391 1496 597 1552 latium
630 1511 802 1552 suum
846 1513 878 1551 a
922 1497 1032 1551 Deo
1074 1497 1437 1552 custoditum
1485 1499 1709 1568 petunt.
1764 1494 2041 1566 Magister

392 1595 586 1642 autem
616 1585 840 1642 taronis
872 1590 928 1641 et
957 1586 1127 1641 amici
1162 1585 1414 1657 Bulgari,
1448 1587 1543 1658 qui
1577 1602 1643 1640 eo
1673 1585 1766 1640 die
1797 1583 2041 1655 impera-

378 1677 551 1730 torias
593 1691 802 1731 mensaa
843 1691 958 1730 non
1000 1677 1404 1741 admoventur,
1469 1676 1541 1731 ad
1581 1691 1688 1731 sua
1727 1673 2042 1730 diversoria

394 1764 630 1820 abeunt.

2145 603 2350 658 τούτων
2398 609 2494 670 τῆς
2545 596 2954 674 προρέηθείσης
3003 593 3200 666 τάξεως
3249 593 3790 667 ἐπακολουθησάσης,

2145 691 2456 766 ἐξέρχονται
2487 690 2577 744 καὶ
2639 686 2812 742 αὐτοὶ.
2876 685 2977 741 Καὶ
3039 682 3205 738 πὲλιν
3262 680 3350 738 διὰ
3403 685 3668 757 νεύματος
3698 690 3794 739 τοῦ

2147 779 2512 855 πραιποσίτου
2540 779 2868 852 κατέρχεται
2902 775 2929 828 6
2959 771 3142 847 ἕτερος
3165 773 3437 848 ὀστιάριος
3471 774 3498 829 6
3529 776 3630 842 τήν
3666 792 3798 848 χρυ-

2151 877 2248 940 σῆν
2303 870 2494 946 βέργαν
2562 867 2838 945 κατέχων,
2896 865 2986 918 καὶ
3045 863 3250 940 εἰσάγει
3309 862 3483 938 βῆλον
3541 865 3610 940 γ’,
3669 864 3794 926 τοὺς

2149 959 2476 1035 προκρίτους
2525 958 2845 1032 ἀνθρώπους
2891 958 2987 1008 τοῦ
3042 953 3343 1027 μαγίστρου
3391 955 3482 1007 καὶ
3531 953 3797 1028 ἄρχοντος

2146 1053 2245 1103 τοῦ
2273 1053 2442 1122 ταρῶ,
2494 1047 2586 1101 καὶ
2636 1046 2719 1100 ἐπ’
2767 1045 2947 1099 αὐτῶν
2992 1045 3090 1110 τῆς
3144 1041 3556 1116 προῤῥηθείσης
3592 1043 3794 1114 τάξεως

2149 1137 2695 1206 ἐπακολουθησάσης,
2749 1133 3063 1208 ἐξέρχονται
3105 1132 3195 1186 καὶ
3227 1130 3402 1187 αὐτοί.
3447 1132 3546 1186 Καὶ
3587 1133 3792 1187 τούτων

2151 1226 2325 1289 οὕτως
2379 1223 2754 1291 τελεσθέντων,
2814 1221 2903 1276 καὶ
2951 1225 3047 1275 τοῦ
3105 1218 3471 1295 πραιποσίτου
3530 1219 3796 1285 εἶ’πόντος.

2152 1339 2180 1368 ‹‹
2214 1314 2538 1385 Κελεύσατε,
2573 1337 2599 1365 ››
2655 1316 2870 1366 πάντων
2915 1308 3285 1383 έπευξαμένων
3333 1309 3414 1364 τό,
3471 1333 3492 1360 ι
3528 1309 3622 1372 Εἰς
3661 1309 3802 1364 πολ-

2150 1402 2281 1466 λοὺς
2332 1404 2422 1458 καὶ
2472 1401 2705 1476 ἀγαθοὺς
2755 1401 3010 1478 χρόνους,
3047 1422 3074 1450 ››
3124 1398 3437 1477 ἐξέρχονται
3469 1395 3521 1453 ο⁹ί
3549 1419 3607 1453 τε
3639 1399 3804 1472 μάγι-

2151 1498 2302 1568 στρὸι
2353 1493 2440 1547 καὶ
2491 1491 2768 1566 πατρίκιοι
2818 1489 2906 1544 καὶ
2960 1487 3316 1562 συγκλητικοὶ
3366 1490 3453 1543 καὶ
3509 1489 3560 1542 οἱ
3610 1486 3796 1543 λοιποὶ

2152 1584 2370 1648 πάντες,
2401 1583 2492 1636 καὶ
2539 1581 2634 1636 εἶθ’
2685 1579 2829 1634 οὕτω
2879 1577 3044 1634 πάλιν
3084 1582 3183 1632 τοῦ
3222 1578 3584 1650 πραιποσίτου
3617 1577 3797 1632 εἰπόνο

2148 1694 2240 1735 τος
2298 1672 2382 1741 τὸ,
2437 1694 2465 1723 «
2498 1669 2818 1738 Κελεύσατε,
2856 1693 2883 1720 ››
2930 1669 3254 1746 ἒπεύχονται
3314 1668 3366 1721 οἱ
3421 1671 3518 1722 τοῦ
3566 1662 3797 1721 κουϐουο

2150 1761 2360 1830 κλείου,
2416 1760 2598 1824 καθὼς
2656 1758 3002 1832 προείρηται,
3062 1757 3150 1812 καὶ
3200 1755 3515 1830 ἐξέρχονται
3562 1757 3650 1811 καὶ
3704 1757 3798 1810 αὖ·

392 1850 496 1906 τοί.
540 1852 643 1907 Καὶ
694 1851 888 1915 εὐθέως
945 1855 1188 1906 κατιᾶσιν
1267 1851 1312 1885 ⁸⁷
1390 1851 1441 1905 οἱ
1498 1847 1751 1905 δεσπόται
1813 1850 1916 1906 ἀπὸ
1990 1855 2098 1906 τῶν
2164 1852 2390 1925 θρόνων,
2431 1849 2519 1904 καὶ
2577 1849 2642 1903 τὰ
2699 1846 2907 1903 τούτων
2968 1841 3328 1908 ἐκϐάλλοντες
3369 1848 3651 1920 στέμματα
3707 1843 3798 1900 καί

398 1937 676 2014 χλανίδια,
726 1941 816 1995 καὶ
865 1937 1329 2014 περιϐαλλόμενοι
1385 1943 1452 1996 τά
1507 1939 2034 2016 χρυσοπερίκλειστα
2089 1941 2269 2016 σαγία,
2343 1939 2685 2014 εἶ’σέρχονταί
2733 1937 2783 1992 έν
2847 1939 2925 2010 τῷ
2973 1935 3331 2015 Θεοφυλάκτῳ
3392 1936 3565 1992 αὐτῶν
3623 1935 3805 1991 παλα-

392 2029 518 2102 τίῳ.
549 2030 610 2086 Ὀ
650 2028 707 2084 δὲ
750 2030 1042 2106 μάγιστρος
1083 2031 1110 2084 ὁ
1136 2032 1440 2105 ταρωνίτης
1473 2031 1561 2084 καὶ
1590 2031 1641 2085 οἱ
1683 2028 1835 2105 φίλοι
1869 2029 2178 2104 Βούλγαροι
2211 2031 2262 2085 έν
2294 2037 2413 2092 τοῖς
2448 2028 2609 2092 ἰδίοις
2639 2027 2971 2104 ἀπέρχονται
3004 2026 3330 2097 ἆπλγξκτοις,
3366 2025 3500 2100 αὐτῇ
3530 2031 3600 2100 τῇ
3632 2027 3814 2100 ἡμέρᾳ

401 2119 477 2192 μή
521 2119 934 2192 συνεστιώμενοι
965 2124 1084 2180 τοῖς
1129 2118 1462 2193 βασιλεῦσιν.

1006 2211 1236 2266 CAPUT
1267 2212 1438 2267 XXV.

535 2300 887 2359 Obseruando
924 2301 984 2356 in
1014 2301 1215 2371 vigilia
1245 2301 1551 2358 Sanctorun
1601 2300 1919 2357 Luminum.

485 2461 528 2514 Ι.
563 2459 910 2531 Prii-positus
949 2459 1088 2514 hora
1131 2461 1388 2515 secunda
1416 2465 1516 2515 aut
1557 2462 1722 2516 tertia
1753 2461 1883 2530 ejus
1912 2459 2054 2524 diei,

405 2547 619 2618 vigiliae
645 2550 956 2600 Luminum
980 2546 1217 2614 scilicet,
1241 2549 1646 2618 imperatorem
1667 2549 1960 2614 adit,eum
1985 2547 2056 2600 de

413 2635 744 2708 patriarcha
776 2635 1130 2701 moniturus,
1173 2638 1325 2706 quod
1367 2636 1587 2707 vesperi
1636 2637 1704 2690 ad
1749 2651 2055 2691 consecra-

407 2725 626 2780 tionem
659 2730 937 2777 venturus
977 2722 1072 2786 sit,
1115 2728 1172 2777 et
1213 2740 1328 2793 qua
1366 2723 1508 2778 hora
1548 2725 1741 2792 ipsum
1783 2722 2055 2777 advenire

403 2813 628 2883 jubeat,
663 2819 858 2865 utrum
889 2811 1142 2882 primum
1175 2813 1234 2866 in
1279 2811 1523 2868 ecclesia
1553 2812 1782 2884 Magna,
1827 2817 2054 2883 postea-

408 2916 523 2971 que
553 2901 610 2955 in
645 2898 866 2968 templo
893 2898 951 2953 S.
983 2899 1288 2970 Stephani,
1321 2917 1391 2954 an
1435 2901 1692 2970 primum
1733 2900 1792 2955 in
1834 2900 1891 2956 S.
1927 2901 2056 2955 Ste-

407 2988 605 3059 phani,
638 2987 848 3042 deinde
885 2988 955 3042 ad
1001 2987 1267 3059 Magnam
1300 2988 1606 3043 ecclesiam
1648 3005 1938 3052 reversus,
1973 2988 2053 3042 ibi

408 3091 742 3132 consecrare
773 3076 999 3131 debeat.
1034 3091 1090 3131 et
1121 3076 1295 3131 simul
1328 3093 1394 3131 ac
1426 3077 1740 3148 imperator
1772 3076 2053 3147 praeposi-

407 3168 532 3218 tum
559 3163 826 3233 jusserit,
863 3162 1040 3218 mittit
1087 3163 1509 3220 cubicularium
1549 3169 1606 3219 et
1645 3164 2049 3231 silentiarium,

411 3255 474 3306 ut
507 3251 898 3323 patriarcham
943 3268 1008 3306 ea
1039 3252 1200 3320 hora,
1230 3270 1338 3323 qus
1380 3253 1434 3307 id
1481 3254 1816 3324 imperatori
1859 3255 2048 3308 visum

407 3340 536 3406 fuit,
565 3341 630 3392 ad
657 3339 1144 3395 consecrationem
1177 3346 1449 3396 arcessat.
1479 3341 1579 3396 83
1609 3342 1918 3396 Sciendum
1939 3346 2048 3407 est,

405 3426 476 3481 ab
515 3429 602 3482 his
643 3427 820 3482 etiam
869 3430 1132 3498 sequenti
1171 3429 1262 3484 die
1309 3430 1689 3499 patriarcham
1745 3432 1811 3485 ad
1853 3431 2048 3486 convi-

403 3517 563 3570 vium
603 3516 812 3572 vocari.
851 3517 1014 3572 Mane
1044 3519 1100 3572 in
1132 3518 1324 3589 vigilia
1350 3520 1698 3574 mutationes
1735 3536 1848 3574 non
1875 3519 2042 3589 fiunt,

2075 2215 2123 2280 Β
2154 2207 2157 2209 _

2761 2211 3027 2265 ΚΕΦΛΛ.
3072 2208 3192 2264 ΚΗ.

2589 2295 3027 2375 παρασυλάττειν
3067 2367 3076 2375 ⁸
3131 2295 3200 2366 τῇ

2765 2368 2960 2442 Ἀγίων
2991 2367 3220 2422 Φώτων.

2237 2463 2318 2516 Α“.
2353 2459 2706 2532 Είσέρχεσται
2759 2459 2787 2512 6
2835 2457 3191 2529 πραιπόσιτος
3240 2453 3385 2528 ὥραν
3438 2452 3687 2528 δευτέραν
3715 2456 3815 2522 τῆς

2166 2546 2336 2615 αὐτῆς
2385 2548 2595 2620 ἡμέρας
2645 2547 2678 2614 ἢ
2730 2546 2820 2600 καὶ
2874 2546 3063 2619 τρίτην
3114 2541 3280 2617 ἤγουν
3336 2551 3436 2612 τῆς
3494 2549 3813 2618 παραμονῆς

2165 2640 2274 2690 τῶν
2323 2636 2555 2704 Φὼτων,
2605 2635 2678 2697 εἷς
2726 2638 2817 2689 τὸν
2876 2633 3122 2707 βασιλέα,
3174 2634 3610 2707 ὑπομιμνήσκων
3656 2631 3816 2687 αὐτὸν

2168 2726 2290 2800 περὶ
2338 2724 2434 2780 τοῖ’)
2483 2727 2850 2800 πατριάρχου,
2909 2725 3059 2786 ὃπως
3113 2724 3341 2798 ἑσπέρας
3400 2723 3474 2785 εἰς
3523 2724 3613 2777 τὸν
3661 2725 3813 2797 ἁγια-

2167 2817 2304 2887 σμὸν
2350 2809 2482 2887 ἔλθῃ
2513 2818 2648 2887 (98),
2697 2815 2786 2868 καὶ
2841 2813 3032 2868 ὁποίαν
3082 2811 3229 2888 ὥραν
3277 2811 3487 2868 κελεύει
3512 2811 3814 2888 παραγενέ-

2162 2906 2282 2957 σθαι
2313 2903 2496 2972 αὐτὸν,
2538 2904 2572 2972 ἦ
2618 2907 2834 2975 πρῶτον
2888 2901 3108 2976 ἁγιάσας
3141 2900 3218 2963 εἷς
3257 2902 3354 2969 τὴν
3391 2899 3681 2971 ἐκκλησίαν
3713 2902 3811 2970 τὴν

2157 2990 2446 3066 Μεγάλην,
2497 2990 2590 3044 εἷθ’
2641 2990 2813 3051 οὕτως
2864 2989 3106 3064 εἰσέλθῃ,
3161 2989 3400 3066 ἀγιάσων
3454 2989 3528 3050 εἰς
3558 2990 3650 3044 τὸν
3682 2989 3809 3043 ναὸν

2159 3083 2256 3132 τοῦ
2286 3079 2472 3152 Ἀγίου
2507 3078 2806 3152 Στεφάνου,
2839 3079 2872 3146 ἢ
2906 3081 3125 3153 πρῶτον
3159 3078 3364 3152 ἀγιάσει
3390 3077 3466 3140 εἷς
3497 3079 3587 3132 τὸν
3618 3079 3809 3152 Ἃγιον

2160 3168 2428 3244 Στέφανον
2485 3166 2576 3221 καὶ
2635 3167 2733 3220 εἶθ’
2808 3165 2983 3227 οὕτως
3057 3167 3398 3241 ὑποστρέψας
3463 3167 3673 3240 ἁγιάσει
3733 3167 3811 3228 εἰς

2157 3258 2256 3325 τήν
2319 3255 2575 3331 Μεγάλην
2636 3253 2954 3326 ἐκκλησίαν,
3004 3255 3094 3310 καὶ
3151 3257 3330 3316 καθὼς
3385 3254 3628 3310 κελεύσει
3685 3256 3732 3292 θ’
3781 3256 3808 3309 6

2162 3343 2420 3420 βασιλεὺς
2467 3349 2546 3417 τῷ
2592 3345 2963 3420 πραιποσίτῳ,
2997 3343 3320 3400 ἀποστέλλει
3352 3340 3808 3419 καυϐικουλάριον

2158 3435 2245 3489 καὶ
2303 3432 2685 3507 σιλεντιάριον,
2770 3432 3234 3507 προσκαλέσασθαι
3290 3433 3385 3487 τὸν
3451 3433 3800 3508 πατριάρχην

2158 3523 2232 3583 εἰς
2285 3524 2378 3576 τὸν
2441 3523 2728 3596 ἁγιασμὸν,
2792 3521 2842 3576 έν
2990 3519 3108 3596 ὥρᾳ
3165 3520 3375 3576 κελεύει
3434 3523 3461 3574 6
3523 3519 3800 3596 βασιλεύς.

2167 2301 2305 2355 ’Ὁσα
2411 2295 2490 2352 δεῖ
2589 2295 3075 2370 ’παραφυλάττεινΔ
3131 2295 3200 2366 τῇ
3308 2297 3600 2370 παραμονῇ
3702 2298 3809 2348 τῶν

406 3619 585 3676 usqus
613 3605 684 3660 ad
717 3606 920 3660 horam
951 3623 1180 3675 nonam,
1213 3607 1322 3662 soli
1346 3608 1684 3664 cubicularii
1711 3613 1961 3675 mutant,
1985 3615 2043 3664 et

2157 3611 2344 3668 Ἰστέον
2379 3608 2552 3664 δὲκαὶ
2589 3616 2772 3678 τοῦτο,
2827 3610 2911 3664 ’ὁτι
2953 3607 3040 3664 διά
3077 3614 3184 3664 τῶν
3236 3609 3410 3666 αὐτῶν
3456 3610 3545 3665 καὶ
3575 3613 3641 3683 τῇ
3675 3609 3797 3680 ἑξῆς

403 3700 712 3766 postquam
753 3695 962 3767 Magna
1000 3698 1246 3752 ecclesia
1284 3697 1589 3754 lectionem
1631 3706 1899 3769 quartam
1942 3704 2043 3755 aut

403 3787 665 3855 quintam
697 3787 975 3854 recitavit,
1011 3787 1366 3843 silentiarius
1397 3791 1570 3855 venit,
1604 3794 1662 3843 et
1693 3789 2042 3845 ceremonia-

403 3873 578 3942 rium,
614 3875 707 3929 hic
732 3875 1126 3946 praepositum,
1154 3879 1497 3948 praepositus
1520 3879 1921 3947 imperatorem
1957 3881 2050 3933 ad-

409 3971 605 4020 monet
637 3983 650 4032 ;
687 3967 788 4034 qui
819 3982 922 4035 per
953 3966 1150 4035 palatii
1186 3969 1468 4035 porticum
1506 3983 1720 4036 perque
1753 3969 2046 4037 daphnem

402 4055 461 4107 et
489 4061 829 4121 augusteum
863 4055 1184 4124 digressus,
1219 4053 1544 4108 cubiculum
1578 4055 1841 4124 daphnes
1872 4071 2049 4125 prope

401 4141 685 4210 templum
737 4146 794 4195 Β.
839 4141 1111 4208 Stephani
1162 4142 1360 4204 intrat,
1421 4141 1542 4207 ubi,
1585 4142 1750 4211 signo
1790 4149 2046 4213 accepto,

401 4230 743 4300 praepositus
777 4229 1178 4284 sacerdotibus
1206 4228 1461 4284 divinam
1493 4229 1782 4299 liturgiam
1815 4231 1872 4286 in
1904 4237 2052 4286 tem-

401 4315 500 4388 plo
549 4321 606 4370 S.
652 4317 952 4386 Stephani,
1012 4318 1107 4372 ubi
1166 4319 1523 4374 consecratio
1578 4319 1892 4392 peragitur,
1949 4321 2044 4377 in-

406 4403 620 4458 choare
665 4404 929 4474 imperat.
975 4406 1036 4460 In
1077 4410 1357 4477 augusteo
1411 4423 1542 4463 vero
1588 4413 1645 4462 et
1697 4409 2041 4465 consistorio

400 4495 630 4547 tantum
667 4492 894 4563 patricii
927 4494 1273 4552 mutatorias
1302 4501 1544 4552 sumunt
1573 4517 1586 4565 ;
1622 4497 1849 4552 nullum
1881 4498 2038 4554 enim

2149 3699 2535 3774 προσκαλεῖται
2577 3699 2654 3761 εἷς
2711 3700 2772 3754 τὸ
2828 3697 3143 3772 κλητώριον
3214 3699 3241 3752 ὁ
3309 3698 3678 3775 πατριάρχης
3740 3698 3802 3752 τὸ

2162 3785 2219 3842 δὲ
2247 3789 2390 3862 πρωὶ
2421 3792 2488 3861 τῇ
2522 3788 2814 3861 παραμόνῇ
2841 3786 3118 3860 άλλάξιμα
3139 3787 3202 3841 ού
3225 3786 3452 3861 γίνεται,
3471 3785 3576 3848 ’ἐως
3599 3786 3741 3861 ὥραν
3762 3788 3806 3840 θ’

2159 3875 2422 3931 ἀλλάσσει
2461 3878 2524 3931 τὸ
2580 3872 2970 3932 κουϐούκλειον
3034 3877 3222 3950 μόνον,
3281 3877 3371 3931 καὶ
3429 3875 3519 3932 ὅτε
3576 3874 3721 3949 λέγει
3770 3879 3805 3944 ἡ

2161 3964 2390 4038 Μεγάλη
2442 3964 2704 4035 ἐκκλησία
2753 3964 3088 4041 ἀνάγνωσμα
3135 3967 3248 4038 (99)
3287 3964 3536 4038 τέταρτοι
3570 3963 3605 4033 ἢ
3637 3964 3728 4019 καὶ
3759 3963 3807 3999 ⁶⁹

2158 4053 2429 4125 πέμπτον,
2479 4051 2653 4116 ἐλθὼν
2705 4052 3067 4128 σιλεντιάριος
3127 4054 3318 4127 μηνύει
3367 4057 3448 4125 τῷ
3492 4059 3592 4122 τῆς
3639 4073 3807 4108 κατα-

2155 4141 2415 4210 στάσεως,
2445 4141 2692 4204 κάκεῐνος
2745 4147 2826 4214 τῷ
2881 4143 3246 4217 πραιποσίτῳ,
3286 4144 3533 4204 κάκεῖνος
3580 4147 3658 4214 τῷ
3713 4143 3807 4217 βα-

2156 4229 2312 4285 σιλεῖ.
2361 4231 2422 4288 Ὀ
2475 4227 2531 4284 δὲ
2584 4229 2842 4306 βασιλεὺς
2887 4229 3161 4306 διέρχεται
3215 4230 3303 4285 διά
3331 4237 3439 4286 τῶν
3471 4225 3802 4286 διαϐατικῶν

2154 4323 2250 4375 τοῦ
2299 4319 2592 4390 παλατίου,
2642 4321 2730 4375 καὶ
2773 4318 2862 4376 διὰ
2907 4328 3007 4390 τῆς
3061 4318 3266 4397 δάφνης
3313 4320 3402 4375 καὶ
3456 4324 3554 4375 τοῦ
3601 4320 3809 4398 αὔγου-

2155 4409 2322 4470 στέως
2375 4408 2678 4483 εἰσέρχεται
2729 4410 2806 4473 εἰς
2853 4410 2943 4464 τὸν
2993 4413 3228 4464 κοιτῶνα
3256 4417 3356 4479 τῆς
3390 4407 3613 4487 ὃάῳνης,
3649 4408 3805 4480 πλη·

2151 4497 2267 4553 σίον
2318 4501 2415 4552 τοῦ
2471 4501 2603 4552 ναοῦ
2648 4503 2744 4553 τοῦ
2792 4499 2982 4572 Ἁγίου
3032 4499 3329 4576 Στεφάςου,
3369 4499 3585 4552 κάκεῖσε
3617 4493 3805 4554 λαϐὼν

1763 4643 1995 4700 VARI/E
2036 4643 2433 4702 LECTIONES.

468 4750 513 4786 ⁸⁷
543 4749 782 4805 κατίασιν
824 4751 913 4808 ed.
991 4754 1039 4790 ⁸⁸
1065 4754 1276 4810 κελεύει
1305 4758 1396 4814 ed.
1469 4759 1515 4794 δ’
1543 4756 1632 4810 καὶ
1664 4775 1778 4814 om.
1813 4760 1903 4816 ed.

1400 4882 1602 4941 JOAN.
1642 4884 1792 4942 JAC.
1859 4885 2140 4942 REISKII.
2192 4886 2779 4946 COMMENTARIUS.

473 4996 588 5065 (98)
613 4995 720 5076 ‘Ad
758 4995 1239 5076 consecraticncm,
1271 5013 1442 5076 aquae
1485 5000 1726 5076 scilicet,
1765 5003 1946 5076 veniat
1970 5001 2048 5076 _’O
2073 5004 2120 5068 D
2155 5004 2470 5076 mensium.
2526 5005 2976 5076 Integradictio
3027 5008 3116 5059 est
3167 5001 3438 5076 ἁγιασμός
3487 5021 3623 5076 των,
3663 5000 3798 5059 ὑδά-

400 5063 688 5138 ἁγιασμὸς,
751 5065 778 5118 6
835 5065 998 5140 μέγας
1032 5063 1447 5140 ,ἁγιασμόςίεει
1488 5086 1650 5140 aqua:
1691 5063 2040 5139 benedictio,

399 5152 521 5201 quae
557 5140 619 5189 tit
648 5140 706 5190 in
735 5139 950 5193 sanctis
980 5139 1390 5206 TheOphaniiz,
1437 5144 1500 5193 ut
1539 5139 1618 5193 ait
1665 5141 1768 5194 DC.
1811 5142 1898 5196 Gl.
1943 5146 2034 5197 Gr.

403 5207 434 5260 h
465 5223 520 5281 ν.
555 5208 1175 5281 Thenpbanizelfestum
1199 5219 1392 5265 autem
1418 5218 1473 5264 et
1503 5211 1830 5281 Epiphania»
1853 5222 1908 5265 et
1929 5217 2034 5265 τῶν

401 5275 597 5351 φώτων
631 5275 783 5351 idem
814 5288 922 5335 est.
947 5279 1075 5334 Vid.
1099 5297 1223 5350 quae
1251 5283 1452 5336 horum
1480 5275 2034 5338 Coruinentariorum

404 5349 460 5415 p.
492 5349 546 5400 5.
574 5367 610 5428 e
636 5349 782 5428 libro
815 5351 1067 5428 Belgico,
1094 5349 1247 5406 dicto
1278 5354 1429 5428 Stuat
1461 5369 1570 5428 _von_
1590 5364 1742 5423 groot
1774 5355 2037 5428 Itusland,

396 5422 629 5484 protuli,
657 5423 751 5475 ubi
784 5423 1104 5494 cerimonia
1129 5422 1609 5494 sanctiﬁcationis
1631 5442 1788 5493 aqua:
1809 5422 2038 5494 capiose

398 5492 914 5570 enarra‘tur.AD.t__
935 5500 992 5547 et
1037 5493 1305 5570 ἁγιασμρς
1379 5493 1592 5567 μικρός,
1643 5492 1744 5570 qui
1793 5492 2039 5570 singulis

402 5561 700 5614 mensibus
732 5561 815 5616 ﬁt.
867 5561 1095 5620 Verum'
1131 5561 1216 5621 de'
1250 5561 1598 5622 hoc'sermo
1647 5561 1739 5622 hic
1787 5561 2038 5623 loci'non

398 5632 502 5684 est.
537 5629 778 5695 Magnus
808 5633 1150 5697 Hegiasmus
1191 5636 1367 5692 ﬁebat
1400 5638 1634 5693 nomine
1660 5639 1906 5694 Christi:
1935 5639 2039 5692 mi-

400 5714 508 5756 nor
572 5702 808 5758 nomine
875 5703 1068 5763 Μαι-ἰῶ
1129 5707 1382 5782 Virginis
1447 5708 1696 5783 singulis
1763 5709 2040 5768 Kalendis

2151 5077 2280 5126 τῶν.
2326 5075 2411 5129 Ita
2443 5074 2681 5130 Proclus
2725 5075 2985 5130 CPtanus
3033 5077 3185 5144 apud
3218 5074 3451 5130 Fabric.
3502 5074 3652 5130 Bibl.
3695 5077 3796 5136 Gr.

2147 5152 2184 5199 ι.
2239 5144 2391 5211 Vill,
2439 5162 2567 5216 pag.
2618 5147 2740 5201 602.
2793 5147 2952 5200 Conf.
3000 5147 3165 5201 Goer.
3217 5150 3282 5202 ad
3335 5146 3536 5201 Codin.
3586 5163 3639 5216 p.
3692 5148 3786 5215 96,

2149 5217 2268 5290 108.
2304 5219 2425 5270 412.
2461 5215 2564 5290 Est
2589 5217 2758 5271 etiam
2793 5215 3059 5290 ἁγιασμὸς
3089 5222 3252 5288 prmia
3285 5215 3598 5290 benedictus
3639 5222 3793 5288 apud

2147 5285 2476 5359 Balsamon.
2519 5289 2760 5343 citatum
2803 5285 2848 5343 δ’
2876 5285 3060 5344 ϐοίδιΓο
3090 5285 3159 5359 ’ρ.
3208 5290 3310 5343 135
3350 5297 3400 5343 et
3434 5285 3690 5343 Codinus
3735 5307 3793 5358 p.

2157 5359 2277 5430 126,
2349 5358 2583 5428 άγίασμα
2649 5359 2800 5413 idem
2862 5358 3132 5430 appellat.
3174 5360 3273 5414 Est
3324 5359 3792 5430 deniqueréyia-

2155 5426 2292 5495 σμὸς
2327 5426 2556 5500 quoque
2589 5426 2914 5492 benedictio,
2941 5426 3318 5501 sanctiﬁcatio
3358 5426 3559 5485 suimet
3591 5426 3789 5500 ipsius,

2146 5505 2367 5574 attactu
2394 5501 2598 5574 sancti,
2634 5504 2788 5573 apud
2811 5502 3148 5574 Theophan.
3175 5519 3230 5573 p.
3254 5503 3342 5568 17,
3368 5503 3476 5557 Sed
3507 5508 3629 5562 haec
3649 5501 3788 5557 alie-

2149 5585 2221 5624 na
2252 5571 2322 5623 ab
2355 5571 2462 5624 hoc
2492 5571 2636 5626 loco.

2220 5641 2334 5724 (9_9)
2392 5641 2486 5724 Est
2538 5642 2824 5724 particula
2873 5649 2930 5724 S.
2979 5644 3336 5724 Scripturae,_
3371 5648 3472 5700 aut
3520 5647 3781 5713 Patrum,

2151 5713 2356 5788 quales
2386 5713 2562 5770 Graeci
2595 5713 2782 5774 solent
2811 5715 2962 5771 inter
2990 5713 3157 5773 saera
3189 5717 3378 5777 ofﬁcia
3407 5724 3647 5778 recture.
