4152 6302
315 362 393 426 3η
1232 375 1332 435 DE
1388 374 1863 474 CERIMONHS.
1900 375 2135 437 AUL/E
2176 376 2656 446 BYZANINTJE
2698 388 2844 449 LIB.
2894 392 2943 449 Ι.

3667 390 3784 453 378

322 501 477 574 νεῦμα
520 500 555 555 6
590 507 1036 578 πραιπόσιτος,
1088 503 1231 581 λέγει
1282 510 1400 566 τοῖς
1448 505 1697 581 ἱερεῦσιν,
1730 504 1879 567 ὅπως
1918 505 1999 581 ἅρ-

2128 510 2384 568 ofﬂcium
2408 520 2615 584 praeter
2636 521 2910 591 palricios
2932 524 2989 577 et
3021 521 3409 580 cubicularios
3441 537 3509 581 ea
3537 541 3778 598 vespera

332 588 514 661 ξωνται
542 598 667 661 τῆς
700 594 873 653 θείας
910 592 1254 669 λειτουργίας
1306 593 1384 658 εἷς
1410 595 1502 649 τὸν
1532 594 1658 648 ναὸν
1689 598 1786 649 τοῦ
1816 595 1999 669 Ἀγίοι

2124 601 2470 657 mutatorias
2499 588 2712 661 induit.

343 681 635 759 Στειξιάνου,
689 681 751 738 ἐν
818 684 873 756 ᾧ
936 685 965 739 6
1024 684 1289 760 ἁγιασμὸς
1334 681 1593 739 τελεῖται.
1630 683 1750 773 ,Εἰς
1791 681 1995 773 δὲῗλτὸν
2050 684 2355 760 αὐγουστέα
2386 691 2466 762 (1)
2506 694 2598 747 καὶ
2638 692 2716 757 εἰς
2761 696 2824 751 τὸ
2871 698 3265 773 κονσιστώριον
3311 696 3677 755 ἀλλάσσουσιν
3723 701 3776 756 οἱ

346 776 614 867 πατρίκιοι
686 774 788 829 καὶ
855 774 1045 849 μόνον·
1094 778 1162 848 τῇ
1200 774 1304 849 γὰρ
1371 773 1569 849 ἐσπέρᾳ
1624 771 1799 848 ἐκείνῃ
1860 771 2001 830 ἄλλο
2071 774 2325 854 ὀφφίκιον
2382 779 2486 836 οὐκ
2540 780 2825 855 ἀλλάσσει,
2868 786 2914 841 εἰ
2974 789 3052 861 μή
3112 771 3164 843 oi.
3221 789 3497 867 πατρίκιοι
3556 791 3646 847 καὶ
3711 791 3776 847 τὸ

356 860 617 920 κουϐοὗκλ
625 885 649 920 ε
658 886 739 920 ιον
751 908 764 919 .

415 957 488 1012 Β’.
518 955 585 1013 Ὁ
616 951 677 1010 δὲ
710 953 983 1029 βασιλεὺς
1022 959 1204 1030 φορῶν
1249 955 1312 1010 τὸ
1359 949 1686 1026 διϐητήσιον
1719 954 1888 1011 αὐτοῦ
1918 956 2009 1011 καὶ

366 1045 419 1099 τὸ
442 1043 778 1117 τζιτζάκιον,
809 1043 1029 1098 ἵσταται
1059 1044 1135 1105 εἷς
1178 1045 1241 1099 τὸ
1276 1043 1609 1119 ὁκτάγωνον,
1643 1042 1876 1099 ἐκτελῶν
1906 1045 2004 1113 τήν

364 1134 493 1199 θείαν
555 1132 931 1209 λειτουργίαν·
992 1131 1333 1204 τελεσθείσης
1409 1130 1466 1188 δὲ
1536 1140 1635 1202 τῆς
1691 1133 1835 1195 θείας
1890 1131 2006 1186 λει-

359 1223 637 1299 τουργίας,
679 1221 987 1299 είσέρχεται
1037 1223 1066 1277 ὁ
1118 1223 1467 1298 πατριάρχης
1510 1221 1587 1284 εἲς
1615 1222 1706 1277 τὸν
1743 1221 1869 1276 ναὸν
1909 1222 2008 1276 τοῦ

356 1316 535 1388 Ἀγίου
614 1311 913 1387 Στεφάνου,
990 1313 1078 1366 καὶ
1152 1312 1450 1385 ἀρξαμένου
1535 1311 1702 1367 αὐτοῦ
1773 1309 2007 1366 ἐκτελεῖν

348 1404 443 1472 τήν
488 1400 748 1476 μεγάλην
781 1399 954 1480 εὖχήν
992 1404 1091 1455 τοῦ
1140 1402 1429 1478 ἁγιασμοῦ,
1461 1397 1775 1455 ἐπιδίδωσιν
1809 1396 2005 1461 εὐθέως

347 1495 375 1549 6
402 1493 778 1564 πραιπόσιτος
817 1495 897 1563 τῷ
948 1489 1168 1567 βασιλεῖ
1207 1490 1394 1566 κηρία,
1441 1490 1533 1547 καὶ
1571 1489 1786 1547 ’ίσταται
1836 1491 1864 1545 6
1908 1491 2007 1565 βα-

345 1580 531 1643 σιλεὺς
566 1576 796 1645 ὄπισθεν
843 1581 942 1648 τῆς
985 1575 1402 1653 κολυμϐήθρας,
1440 1575 1544 1641 ἕως
1583 1577 1641 1633 ἂν
1690 1577 1942 1651 ἐκτελέσῃ
1978 1578 2007 1633 6

343 1671 710 1746 πατριάρχης
761 1669 970 1724 ἅπασαν
1016 1669 1115 1738 τήν
1168 1669 1365 1744 εὐχὴν,
1407 1669 1459 1723 οἱ
1508 1666 1565 1723 δὲ
1606 1668 2006 1742 πρωτοσπαϐά-

342 1782 454 1835 ριοι
486 1761 543 1815 oi.
577 1759 840 1834 εὐνοῦχοι
885 1754 1105 1821 ὄπισθεν
1152 1761 1250 1813 τοῦ
1302 1756 1573 1833 βασιλέως
1609 1758 1855 1813 ’ἰστανται
1897 1756 2005 1827 ἡλο

346 1821 351 1835 .
745 1817 787 1834 ,ς
1026 1817 1041 1821 -
1303 1817 1313 1833 .
1560 1817 1567 1819 -
1920 1817 1929 1827 .

346 1847 625 1925 λαγμένοι
686 1847 950 1909 ὡσαύτως
988 1847 1077 1901 καὶ
1118 1846 1170 1901 οἱ
1209 1846 1487 1921 πατρίκιοι
1537 1844 1810 1913 ἵστανται,
1868 1866 1998 1922 κρα-
2040 1817 2082 1881 Β

339 1944 569 2001 τοῦντες
609 1935 823 2012 κηροὺς
856 1935 1198 2012 βασίλικους.
1232 1934 1592 2004 Τελεσθείσης
1644 1934 1702 1992 δὲ
1749 1943 1849 2007 τῆς
1899 1936 1997 1992 εὖ·

338 2035 475 2104 χῆς,
508 2024 833 2083 ἐπιδίδωσιν
901 2026 930 2080 6
1002 2025 1261 2100 βασιλεὺς
1325 2030 1406 2099 τῷ
1470 2025 1814 2101 πραιποσίτῳ
1863 2027 1995 2100 ἅπερ

337 2119 568 2192 κατέχει
597 2115 790 2190 κηρία,
849 2116 878 2170 ὁ
936 2111 995 2170 δὲ
1050 2114 1408 2190 πραιπόσιτος
1456 2121 1573 2177 τοῖς
1629 2116 1849 2189 ἱερεῦσι,
1908 2116 1997 2169 καὶ

347 2201 545 2262 λαϐὼν
587 2207 616 2261 6
655 2205 1008 2280 πατριάρχης
1057 2203 1317 2281 ἀγίασμα,
1367 2201 1577 2283 ἐπιχὲει
1618 2203 1669 2260 ἐν
1711 2210 1829 2267 ταῖς
1869 2223 1999 2280 χερο

360 2294 419 2349 ci.
466 2297 566 2348 τοῦ
604 2292 884 2367 βασιλέως,
935 2293 965 2347 6
1006 2288 1064 2347 δὲ
1104 2290 1360 2367 βασιλεὺς
1400 2291 1699 2367 νιψάμενος
1745 2294 1840 2356 τὰς
1876 2298 1996 2369 χεῖ-

371 2404 469 2459 ρας
499 2384 592 2439 καὶ
636 2387 730 2454 τήν
758 2383 999 2460 κεφαλήν
1045 2383 1273 2460 ἀλείψας
1318 2385 1409 2440 καὶ
1455 2385 1518 2440 τὸ
1559 2384 1876 2459 πρόσωπον,
1907 2385 1998 2440 καὶ

370 2474 421 2528 εἰ
475 2471 633 2542 θέλει,
683 2473 815 2529 πιὼν
867 2474 922 2544 ἐξ
971 2471 1159 2542 αὖτοῦ,
1200 2474 1669 2549 προσκυνήσαντες
1698 2473 1997 2554 ἀμιρότεροι

364 2561 643 2634 ἀλλήλους
677 2564 709 2618 δ
752 2583 815 2619 τε
847 2561 1107 2638 βασιλεὺς
1146 2561 1234 2617 καὶ
1277 2563 1306 2618 6
1346 2564 1714 2638 πατριάρχης,
1757 2565 1997 2640 ἀπέρχε-

356 2667 443 2703 ται
476 2648 574 2720 μὲν
622 2648 651 2703 6
705 2646 964 2722 βασιλεὺς
1014 2646 1090 2710 είς
1137 2648 1228 2703 τὸν
1294 2653 1532 2704 κοιτῶνα
1571 2649 1757 2720 αὐτοῦ,
1785 2650 2000 2705 κάκεῖσε

350 2730 497 2792 ἔνδον
532 2741 632 2794 τοῦ
682 2738 864 2813 βήλου
930 2738 1102 2802 ἑστὼς
1154 2734 1441 2814 ἐκδέχεται
1494 2739 1591 2794 τὸν
1628 2740 1999 2821 πατριάρχης),

346 2826 453 2891 ἕως
509 2826 573 2884 ἃν
621 2831 729 2900 τὴν
770 2826 1072 2900 διακονίαν,
1125 2826 1296 2906 ἤγουν
1334 2833 1431 2886 τοῦ
1469 2829 1707 2906 ἐπιχέειν
1733 2832 1795 2888 τὸ
1836 2833 2000 2909 άγία-

347 2939 479 2992 σμα,
514 2917 886 2995 ἐκπληρώσῃ,
928 2918 1004 2980 εἷς
1060 2939 1120 2975 τε
1164 2918 1293 2980 τοὺς
1351 2920 1693 2996 πατρικίους,
1759 2922 1848 2977 καὶ
1904 2927 2002 2978 τοῦ

342 3003 751 3063 κουὸουκλείου
811 3010 911 3082 (2),
970 3006 1315 3084 στρατηγούς
1375 3029 1433 3064 τε
1492 3009 1579 3064 καὶ
1622 3007 1997 3084 δομεστίκους.

341 3098 451 3163 Εἶθ’
492 3098 643 3153 οὕτω
717 3100 911 3172 μηνύει
966 3100 995 3154 6
1053 3098 1414 3175 πραιπόσιτος
1464 3103 1544 3172 τῷ
1614 3099 1852 3177 βασιλεῖ,
1910 3103 2002 3158 καὶ

2192 957 2259 1013 Il.
2306 960 2625 1032 Imperator
2664 966 2945 1025 dibetesio
2975 974 3031 1026 et
3055 971 3318 1029 tzitzacio
3356 990 3465 1029 suo
3495 973 3768 1039 indutus.

2118 1045 2179 1100 in
2211 1049 2520 1121 oclangulo
2552 1057 2740 1122 stans,
2772 1072 2989 1111 sacram
3027 1057 3324 1131 liturgiam
3357 1061 3626 1128 celebrat,
3652 1078 3771 1133 qua

2118 1133 2308 1204 ﬁnita,
2356 1138 2688 1208 patriarcha
2732 1143 3019 1214 templum
3064 1151 3121 1201 S.
3171 1148 3447 1218 Stephani
3492 1150 3653 1221 petit,
3710 1153 3767 1206 et

2118 1228 2433 1296 postquam
2457 1244 2704 1301 magnas
2719 1247 2919 1302 preces
2933 1235 3387 1292 consecrationis
3400 1253 3643 1294 exorsus
3657 1244 3765 1306 est,

2116 1314 2460 1384 praepositus
2500 1317 2839 1389 imperatori
2880 1337 3077 1378 cereos
3116 1323 3318 1394 tradit,
3357 1326 3458 1397 qui
3502 1331 3633 1398 post
3683 1327 3767 1384 la-

2116 1403 2286 1460 brum
2319 1406 2665 1478 baptisterii,
2691 1426 2873 1482 usque
2898 1412 3038 1467 dum
3064 1412 3397 1485 patriarcha
3420 1432 3618 1487 preces
3645 1418 3770 1473 uni-

2114 1507 2310 1549 versas
2340 1495 2546 1565 ﬁnivit,
2569 1498 2858 1567 subsistit,
2878 1501 3330 1572 protospatharii
3363 1509 3555 1560 autem
3577 1520 3765 1560 eunu-

2116 1581 2211 1638 chi
2250 1599 2398 1654 pone
2435 1584 2849 1658 imperatorem
2892 1589 2950 1644 in
2983 1592 3336 1663 mutatoriis,
3373 1609 3535 1664 aeque
3569 1609 3634 1648 ac
3666 1608 3769 1665 pa-

2115 1670 2292 1740 tricii,
2341 1688 2533 1730 cereos
2582 1676 2987 1745 imperatorios
3034 1683 3319 1752 tenentes,
3369 1688 3580 1737 astant.
3631 1682 3767 1738 Pre-

2115 1761 2343 1817 catione
2372 1762 2558 1829 finita,
2583 1764 2897 1837 imperator
2928 1784 3075 1839 quos
3105 1773 3373 1825 tenuerat
3401 1787 3597 1827 cereos
3628 1787 3768 1842 prie.

2115 1849 2326 1921 posito,
2360 1851 2458 1907 hic
2488 1854 2913 1923 sacerdotibus,
2946 1857 3156 1925 reddit,
3191 1858 3520 1927 patriarcha
3549 1875 3759 1930 aquam

2108 1938 2478 1998 benedictam
2508 1942 2684 1998 sumit
2713 1944 2894 2016 inque
2923 1961 3135 2001 manus
3163 1946 3530 2018 imperatoris
3560 1947 3764 2003 infun-

2111 2028 2216 2097 dit,
2247 2032 2346 2101 qui
2388 2047 2599 2087 manus
2639 2032 2809 2100 lavat,
2842 2038 3020 2105 caput
3058 2034 3385 2107 faciemque
3424 2035 3673 2108 inungit,
3706 2040 3764 2093 et

2108 2118 2264 2186 inde,
2293 2121 2344 2175 si
2376 2120 2583 2192 placet,
2617 2122 2786 2178 bibit.
2823 2122 3136 2195 Postquam
3165 2140 3301 2180 vero
3332 2140 3392 2181 se
3426 2129 3628 2181 mutuo
3655 2125 3765 2181 im-

2110 2214 2342 2279 perator
2388 2213 2445 2265 et
2496 2211 2830 2283 patriarcha
2887 2213 3227 2283 adorarunt,
3272 2213 3372 2271 ille
3426 2215 3757 2271 cubiculum

2109 2313 2281 2353 suum
2314 2299 2475 2371 petit,
2517 2302 2576 2355 et
2607 2297 2684 2355 ibi
2732 2300 2886 2355 intra
2927 2301 3118 2357 velum
3164 2305 3520 2360 constitutus
3549 2319 3762 2375 exspe-

2110 2389 2247 2453 ctat,
2299 2388 2439 2443 dum
2502 2388 2832 2460 patriarcha
2885 2390 3144 2447 ofﬁcium
3203 2408 3366 2464 aqua:
3417 2393 3758 2462 benedictae,

2111 2475 2393 2547 patriciis,
2435 2477 2832 2547 cubiculariis,
2868 2479 3139 2553 strategis
3169 2485 3228 2537 et
3271 2481 3610 2539 domesticis
3653 2483 3763 2538 im-

2108 2565 2447 2637 pertienda,
2478 2567 2809 2623 celebravit.
2836 2568 2926 2624 Sic
2957 2570 3306 2641 praepositus
3343 2571 3757 2643 imperatorem

2110 2655 2405 2725 admonet,
2448 2655 2798 2728 signumque
2837 2658 3147 2730 praeposito
3188 2660 3308 2727 dat,
3351 2659 3451 2731 qui
3491 2676 3763 2732 egressus

2112 2742 2506 2814 patriarcham
2540 2743 2615 2799 ad
2645 2744 2950 2801 ecclesiam
2982 2750 3167 2815 vocat,
3193 2754 3248 2801 et
3279 2751 3546 2819 uterque,
3573 2748 3761 2820 impe-

2110 2836 2271 2888 rator
2326 2838 2383 2889 et
2438 2833 2790 2905 patriarcha,
2831 2834 2892 2889 in
2952 2835 3324 2907 octangulum
3381 2837 3760 2907 conveniunt,

2112 2920 2211 2977 ubi
2262 2920 2360 2977 hic
2407 2920 2493 2975 illi
2542 2938 2754 2992 panem
2794 2922 3169 2980 benedictum
3209 2924 3399 2991 oﬂ‘ert,
3444 2924 3763 2997 imperator

2112 3015 2306 3069 autem
2370 3014 2672 3083 sumptum
2728 3028 2761 3067 a
2818 3012 3128 3085 preposito
3182 3013 3596 3085 apocombium
3656 3031 3759 3086 pa-

2112 3100 2374 3158 triarchae
2403 3100 2598 3157 tradit.

344 3186 534 3244 δίδωσι
594 3194 774 3264 νεῦμα
827 3193 909 3262 τῷ
962 3191 1332 3266 πραιποσίτῳ,
1400 3192 1648 3254 κάκεῖνος
1715 3190 1945 3264 ἐξελθὼν
2000 3192 2393 3270 προσκαλεῖται
2468 3189 2562 3245 τὸν
2616 3190 2965 3266 πατριάρχην
3047 3190 3099 3247 ἐν
3176 3195 3244 3266 τῇ
3322 3191 3609 3264 ἐκκλησιᾳ,
3668 3193 3759 3248 καὶ

344 3279 590 3335 ἱνοῦνται
651 3280 953 3357 ἀμφότεροι
1012 3279 1042 3335 ’ὸ
1105 3300 1165 3335 τε
1226 3278 1481 3355 βασιλεὺς
1537 3279 1628 3335 καί
1683 3282 1712 3336 6
1769 3284 2118 3360 πατριάρχης
2178 3280 2231 3337 ἐν
2283 3284 2362 3352 τῷ
2391 3279 2709 3355 ὀκταγώνῳ,
2739 3279 2829 3333 καὶ
2861 3277 3176 3337 ἐπιδίδωσιν
3209 3283 3238 3337 6
3276 3283 3628 3361 πατριάρχης
3682 3286 3763 3355 τῷ

349 3367 563 3441 βασιλεῖ
591 3367 873 3445 εὐλογίας.
931 3369 960 3423 6
1009 3365 1066 3424 δέ
1108 3367 1386 3444 βασιλεὺς,
1419 3363 1603 3424 λαϐὼν
1645 3371 1793 3447 παρά
1818 3376 1916 3427 τοῦ
1957 3370 2318 3448 πραιποσίτου
2349 3362 2717 3442 ἀποκὸμϐιον,
2749 3365 3032 3423 ἐπιδίδωσι
3060 3373 3140 3441 τῷ
3167 3390 3507 3447 πατριαρχῃ.

420 3463 489 3515 I".
550 3458 689 3515 Εἶτα
749 3460 1113 3534 κρατήσαντες
1167 3456 1434 3530 ἀλλήλων
1484 3461 1578 3521 τὰς
1631 3464 1821 3535 χεῖρας
1876 3459 1905 3517 6'
1941 3483 1999 3517 τε

2187 3460 2291 3517 84
2321 3459 2420 3516 ΙΙΙ.
2455 3460 2550 3515 Sic
2586 3459 2813 3529 junctis
2843 3459 3088 3515 invicem
3121 3462 3418 3528 manibus,
3445 3463 3763 3532 imperator

356 3544 609 3616 βασιλεὺς
670 3544 764 3600 καὶ
812 3545 842 3600 6
881 3545 1255 3621 πατριάρχης,
1307 3544 1620 3622 ἐξέρχονται
1682 3546 1849 3622 μέχρι
1904 3553 2001 3604 τοῦ

350 3632 720 3709 αὖγουστέως,
812 3633 903 3689 καὶ
996 3635 1466 3709 προσκυνήσαντες
1561 3633 1847 3706 ἀλλήλους
1908 3639 1999 3692 καὶ

351 3721 741 3796 ἀσπασάμενοι,
802 3723 831 3777 6
889 3723 986 3796 μὶν
1039 3724 1391 3802 πατριάρχης
1460 3723 1756 3799 ἀπέρχεται
1810 3724 1861 3780 ἐν
1928 3730 1998 3800 τῇ

350 3809 577 3887 Μεγάλῃ
629 3809 918 3883 ἐκκλησίᾳ,
972 3809 1300 3882 διασώζουσι
1341 3809 1399 3868 δὲ
1436 3811 1602 3868 αὐτὸν
1655 3810 1751 3868 δύο
1792 3814 1999 3889 ἄρχον-

347 3919 436 3963 τες
481 3900 578 3957 to?)
624 3897 1024 3959 κουϐουκλείου
1082 3902 1172 3958 καὶ
1231 3903 1259 3957 6
1315 3910 1415 3973 τῆς
1471 3904 1851 3967 καταστάσεως
1905 3904 1998 3960 καὶ

351 3986 702 4065 σιλεντιάριοι
758 3987 852 4047 δύο
904 3991 1069 4068 μέγρι
1114 3996 1214 4048 τοῦ
1261 3989 1524 4055 ὀνόποδος
1553 3991 1588 4062 ἢ
1619 3992 1709 4048 καὶ
1749 3998 1845 4049 τοῦ
1875 4014 1999 4049 κον-

353 4081 660 4156 σιστωρίου.
707 4081 772 4138 Ὀ
825 4078 883 4136 δὲ
932 4079 1190 4155 βασιλεὺς
1228 4080 1523 4157 ἀπέρχεται
1574 4081 1626 4137 ἐν
1672 4088 1753 4157 τῷ
1803 4095 1999 4162 θεοφυ-

356 4167 533 4244 λάκτῳ
570 4171 742 4226 αὑτοῦ
786 4169 1064 4243 παλατίῳ,
1111 4170 1204 4226 καὶ
1251 4164 1524 4244 ἐκϐαλὼν,
1576 4171 1637 4226 τό
1683 4192 1743 4228 τε
1780 4174 1998 4243 τζιτζά-

355 4277 470 4314 κιον
498 4261 591 4314 καὶ
628 4260 694 4316 τὸ
746 4253 1094 4330 διόητήσιον,
1137 4253 1528 4334 περιϐάλλεται
1588 4260 1998 4339 σκαραμάγγιον

361 4342 616 4425 δίασπρον
668 4344 1075 4426 χρυσόκλαϐον,
1121 4348 1210 4403 καὶ
1255 4349 1352 4404 εἶθ’
1402 4348 1545 4404 οὕτω
1589 4350 1869 4420 καθέζεται
1907 4349 1995 4405 ἐπὶ

349 4441 455 4504 τῆς
480 4438 667 4512 τιμίας
716 4436 882 4493 αὐτοῦ
920 4437 1212 4513 τραπέζης,
1262 4438 1535 4500 Ὡσαύτως
1582 4436 1995 4495 ἀπαλλάσσουσι

352 4525 446 4580 καὶ
480 4527 531 4583 οἱ
586 4525 890 4602 πατρίκιοι,
943 4525 1035 4581 καὶ
1099 4523 1449 4600 ἐνδυσάμενοι
1502 4526 1570 4582 τά
1612 4527 1996 4605 σκαραμάγγια

353 4612 544 4688 αὐτῶν,
584 4615 927 4693 εἰσέρχονται
970 4616 1024 4671 οἱ
1071 4613 1366 4688 κληθέντες
1420 4614 1497 4677 είς
1553 4616 1616 4671 τὸ
1653 4614 1989 4693 κλητώριονο

364 4701 472 4759 ἀπὸ
520 4704 619 4785 γαρ
667 4708 767 4775 τῆς
823 4704 1149 4776 Ἐκκλησίας
1197 4703 1476 4779 ἆλλάξιμα
1530 4701 1630 4762 οὔκ
1667 4705 1824 4776 εἰσιν,
1855 4707 1908 4762 οἱ
1938 4703 1994 4763 δὲ

346 4795 455 4846 τοῦ
506 4789 894 4850 κουϐουκλιίου
939 4792 1168 4856 ἅπαντας
1217 4796 1626 4868 παραστάσιμον
1676 4793 1739 4849 οὐ
1795 4798 1991 4850 ποιοῦ-

351 4901 468 4941 σιν.
520 4882 715 4941 Ἰστέον
782 4880 861 4954 8},
922 4883 1004 4938 ὅτι
1056 4887 1124 4958 τῇ
1184 4881 1382 4959 ἕσπέρᾳ
1439 4881 1639 4957 ἐκείνῃ,
1696 4880 1864 4958 ἤγουν
1916 4887 1987 4959 τῇ

344 4975 647 5046 παραμονῇ
677 4977 787 5028 τῶν
820 4971 1038 5051 φώτων,
1075 4972 1143 5027 τὰ
1178 4969 1458 5044 ἀλλάξιμα
1489 4967 1579 5026 διὰ
1606 4969 1813 5027 λευκῶν
1845 4972 1992 5048 χλα-

2112 3554 2169 3606 et
2213 3547 2547 3620 patriarcha
2593 3549 2663 3603 ad
2714 3553 3067 3619 augusteum
3126 3564 3307 3618 usque
3352 3548 3589 3617 abeunt,
3635 3548 3763 3617 ubi,

2110 3643 2418 3709 postquam
2443 3653 2506 3693 se
2525 3634 2841 3691 adorarunt
2863 3635 3229 3707 osculatique
3249 3639 3411 3704 sunt,
3427 3634 3760 3707 patriarcha

2109 3728 2179 3782 ad
2223 3726 2494 3799 Magnam
2533 3722 2842 3780 ecclesiam
2883 3723 3027 3791 abit,
3059 3739 3316 3795 eumque
3353 3725 3469 3778 duo
3502 3723 3761 3796 preteeti

2109 3813 2386 3883 cubiculi,
2410 3811 2859 3870 cerimoniarius
2889 3812 3117 3883 duoque
3148 3811 3453 3867 silentiarii
3478 3827 3665 3882 usque
3686 3811 3762 3867 ad

2108 3904 2432 3977 onopodem
2466 3919 2567 3960 seu
2599 3900 3003 3958 consistorium
3036 3901 3406 3956 comitantur.
3436 3902 3763 3973 Imperator

2107 3998 2302 4051 autem
2335 3993 2409 4049 ad
2457 3992 2735 4064 palatium
2768 4007 2940 4047 suum
2973 4007 3007 4047 a
3040 3991 3151 4047 Deo
3182 3988 3534 4047 custoditum
3564 3991 3759 4046 disce-

2105 4083 2210 4153 dit,
2242 4086 2534 4154 exutoque
2563 4080 2827 4137 tzitzacio
2855 4084 2913 4136 et
2943 4077 3246 4148 dibetesio,
3278 4077 3754 4151 scaramangium

2106 4170 2329 4243 album,
2360 4187 2534 4227 aureo
2572 4169 2733 4226 clavo
2772 4173 3069 4237 ornatum,
3102 4167 3294 4225 induit
3330 4170 3387 4224 et
3425 4167 3510 4223 sic
3550 4173 3755 4245 postea

2107 4261 2371 4333 pretiosae
2397 4276 2612 4315 mensaa
2642 4274 2762 4314 sua:
2785 4250 3023 4315 assidet.
3046 4258 3141 4315 Sic
3159 4247 3335 4314 etiam
3367 4257 3597 4328 patricii
3629 4271 3757 4311 mu-

2105 4353 2250 4414 tant.
2282 4364 2509 4421 suaque
2554 4347 2962 4419 scaramangia
2989 4346 3204 4415 induti,
3234 4348 3419 4403 vocati
3452 4346 3524 4401 ad
3557 4345 3760 4402 convi-

2104 4437 2265 4494 vium
2298 4438 2544 4494 veniunt
2576 4453 2590 4492 :
2623 4436 2696 4493 ab
2728 4434 2982 4491 Ecclesia
3010 4435 3165 4491 enim
3199 4436 3553 4492 mutationes
3580 4433 3759 4490 nullm

2104 4526 2276 4595 fiunt,
2311 4542 2418 4583 nec
2455 4524 2798 4583 cubicularii
2826 4540 3030 4580 omnes
3061 4540 3128 4580 eo
3158 4524 3252 4580 die
3283 4525 3355 4580 ad
3386 4524 3757 4596 imperatoris

2104 4615 2379 4672 thronum
2422 4621 2629 4687 praesto
2680 4616 2839 4669 sunt.
2877 4614 3319 4670 Observandum
3361 4630 3498 4670 vero
3537 4620 3647 4682 est,
3686 4628 3756 4669 ea

2101 4720 2343 4776 vespera
2367 4719 2466 4761 seu
2498 4702 2699 4775 vigilia
2728 4701 3022 4758 luminum
3055 4704 3444 4761 mutationem
3474 4702 3622 4760 albis
3656 4706 3751 4758 tu-

2106 4793 2255 4849 nicis
2286 4792 2435 4861 ﬁeri,
2458 4790 2734 4865 patricios
2762 4795 2958 4848 autem
2980 4808 3095 4849 non
3119 4793 3345 4850 tunicas
3366 4792 3561 4850 aureis
3584 4791 3753 4847 tabu-

2104 4882 2200 4951 lis,
2232 4883 2333 4940 sed
2377 4879 2684 4953 purpureis
2723 4883 2986 4953 gestare:
3021 4882 3095 4938 ob
3126 4883 3340 4939 festum
3377 4881 3534 4937 enim
3571 4878 3753 4934 lumi-

2100 4987 2246 5029 num
2293 4971 2609 5043 imperator
2645 4973 2700 5026 et
2740 4973 2986 5026 senatus
3024 4974 3212 5027 vestes
3262 4969 3425 5025 albas
3473 4967 3753 5038 induunt,

336 5055 536 5115 νιδίων
566 5058 877 5131 τελοῦνται,
927 5061 980 5114 οἱ
1020 5056 1078 5115 δὶ
1123 5060 1404 5135 πατρίκιοι
1451 5063 1521 5134 τῇ
1574 5059 1773 5136 ἑσπέρᾳ
1809 5058 1984 5137 ἔκεινῃ

2113 5059 2321 5117 >stiarii
2373 5058 2730 5132 paragaudia
2776 5074 2883 5115 sua
2930 5059 3235 5129 virgasque
3293 5053 3755 5128 protospatharii

335 5146 404 5200 οὔ
465 5150 693 5224 φοροῦσι
750 5142 1014 5221 χλανίδια
1069 5140 1444 5222 χρυσόταϐλα,
1510 5142 1657 5201 ἀλλά
1727 5143 1989 5223 χλανίδια

2113 5148 2355 5207 aunuchi
2386 5148 2671 5207 dibetesia
2692 5147 3053 5221 spathasque
3072 5151 3393 5220 gestantes,
3415 5149 3550 5200 ante
3573 5143 3752 5213 impe-

1380 5356 1575 5416 JOAN.
1614 5354 1761 5414 JAC.
1803 5357 2070 5417 REISKII
2123 5358 2706 5418 COMMENTARIUS.

398 5504 482 5575 (1)
532 5505 596 5559 In
640 5504 1037 5576 Augusteone,
1081 5507 1163 5576 ut
1191 5504 1468 5576 Augusta
1519 5500 1757 5576 palatio,
1802 5505 1997 5576 muta-

320 5571 491 5647 bant
519 5585 711 5632 vestes
736 5571 986 5647 patricii
1031 5571 1400 5647 cubicularii,
1426 5571 1536 5630 aut
1550 5575 1905 5647 spadones:
1937 5574 1999 5631 in

321 5646 705 5721 ponpiatorio,
735 5645 840 5702 seu
882 5645 1329 5720 cbrysotriclino
1373 5646 1564 5704 ceteri
1602 5645 1831 5721 patricii
1861 5645 2001 5703 bar-

316 5714 477 5775 bati.

2178 5505 2259 5576 (2)
2279 5498 2802 5576 Ita_est_in_codice.
2826 5499 3223 5576 Grammatice
3252 5498 3472 5576 flagitat
3499 5494 3589 5554 καὶ
3618 5498 3745 5561 τοὺς

2107 5568 2208 5628 cuii
2238 5568 2663 5630 ’κουϐουκλείοψ
2693 5576 2802 5646 Βθᾷ
2845 5590 3026 5646 supra
3048 5576 3172 5646 jam
3203 5570 3518 5646 habuimus
3555 5589 3750 5631 exem-

2110 5646 2205 5721 pla
2234 5648 2435 5704 omissi
2465 5646 2716 5703 articuli.
2744 5645 2876 5703 Vid.
2911 5643 3029 5701 not.
3052 5643 3154 5701 ad.
3188 5660 3247 5719 p.
3275 5643 3366 5704 61.
