  <div class='ocr_page' id='page_1' title='image "/cluster/home/n/w/nwhite01/storage/ocr_20150623/112/mdp.39015034364078/199.png"; bbox 0 0 4180 6304; ppageno 0'>
   <div class='ocr_carea' id='block_1_1' title="bbox 466 447 583 507">
    <p class='ocr_par' dir='ltr' id='par_1_1' title="bbox 466 447 583 507">
     <span class='ocr_line' id='line_1_1' title="bbox 466 447 583 507; baseline 0.009 -1"><span class='ocrx_word' id='word_1_1' title='bbox 466 447 583 507; x_wconf 85' lang='grc'><strong>383</strong></span> 
     </span>
    </p>
   </div>
   <div class='ocr_carea' id='block_1_2' title="bbox 1534 428 2796 499">
    <p class='ocr_par' dir='ltr' id='par_1_2' title="bbox 1534 428 2796 499">
     <span class='ocr_line' id='line_1_2' title="bbox 1534 428 2796 499; baseline -0.009 0"><span class='ocrx_word' id='word_1_2' title='bbox 1534 431 2059 499; x_wconf 82' lang='lat' dir='ltr'><strong>CONSTANTINI</strong></span> <span class='ocrx_word' id='word_1_3' title='bbox 2103 428 2796 490; x_wconf 80' lang='lat' dir='ltr'><strong>PORPHYROGENITI</strong></span> 
     </span>
    </p>
   </div>
   <div class='ocr_carea' id='block_1_3' title="bbox 3744 426 3867 484">
    <p class='ocr_par' dir='ltr' id='par_1_3' title="bbox 3744 426 3867 484">
     <span class='ocr_line' id='line_1_3' title="bbox 3744 426 3867 484; baseline 0 -1"><span class='ocrx_word' id='word_1_4' title='bbox 3744 426 3867 484; x_wconf 68' lang='grc'><strong>384</strong></span> 
     </span>
    </p>
   </div>
   <div class='ocr_carea' id='block_1_4' title="bbox 467 554 2117 645">
    <p class='ocr_par' dir='ltr' id='par_1_4' title="bbox 467 560 2112 645">
     <span class='ocr_line' id='line_1_4' title="bbox 467 560 2112 645; baseline -0.009 -14"><span class='ocrx_word' id='word_1_5' title='bbox 467 576 641 645; x_wconf 85' lang='lat' dir='ltr'><strong>laeto,</strong></span> <span class='ocrx_word' id='word_1_6' title='bbox 695 591 758 631; x_wconf 88' lang='lat' dir='ltr'><strong>se</strong></span> <span class='ocrx_word' id='word_1_7' title='bbox 806 573 1055 630; x_wconf 80' lang='lat' dir='ltr'><strong>invicem</strong></span> <span class='ocrx_word' id='word_1_8' title='bbox 1105 572 1367 634; x_wconf 86' lang='lat' dir='ltr'><strong>adorant,</strong></span> <span class='ocrx_word' id='word_1_9' title='bbox 1407 573 1463 625; x_wconf 92' lang='lat' dir='ltr'><strong>et</strong></span> <span class='ocrx_word' id='word_1_10' title='bbox 1504 566 1832 624; x_wconf 87' lang='lat' dir='ltr'><strong>sacerdotes</strong></span> <span class='ocrx_word' id='word_1_11' title='bbox 1866 560 2112 635; x_wconf 82' lang='lat' dir='ltr'><strong>ingressi</strong></span> 
     </span>
    </p>
   </div>
   <div class='ocr_carea' id='block_1_5' title="bbox 2227 554 3877 645">
    <p class='ocr_par' dir='ltr' id='par_1_5' title="bbox 2227 554 3877 645">
     <span class='ocr_line' id='line_1_5' title="bbox 2227 554 3877 645; baseline -0.003 -32"><span class='ocrx_word' id='word_1_12' title='bbox 2227 557 2482 614; x_wconf 72' lang='grc' dir='ltr'>εἰσελθὼν</span> <span class='ocrx_word' id='word_1_13' title='bbox 2514 559 2542 612; x_wconf 99' lang='lat'><strong>6</strong></span> <span class='ocrx_word' id='word_1_14' title='bbox 2572 559 2920 634; x_wconf 78' lang='grc' dir='ltr'><strong>πατριάρχης</strong></span> <span class='ocrx_word' id='word_1_15' title='bbox 2961 558 3035 619; x_wconf 86' lang='grc' dir='ltr'>εἷς</span> <span class='ocrx_word' id='word_1_16' title='bbox 3084 557 3176 612; x_wconf 87' lang='grc' dir='ltr'>τὸν</span> <span class='ocrx_word' id='word_1_17' title='bbox 3202 558 3393 645; x_wconf 71' lang='grc' dir='ltr'>ᾎγιον</span> <span class='ocrx_word' id='word_1_18' title='bbox 3445 554 3742 630; x_wconf 59' lang='grc' dir='ltr'>Στέφανον,</span> <span class='ocrx_word' id='word_1_19' title='bbox 3776 554 3877 610; x_wconf 79' lang='grc' dir='ltr'><strong>καὶ</strong></span> 
     </span>
    </p>
   </div>
   <div class='ocr_carea' id='block_1_6' title="bbox 468 650 2110 731">
    <p class='ocr_par' dir='ltr' id='par_1_6' title="bbox 468 650 2110 731">
     <span class='ocr_line' id='line_1_6' title="bbox 468 650 2110 731; baseline -0.01 -11"><span class='ocrx_word' id='word_1_20' title='bbox 468 665 726 721; x_wconf 81' lang='lat' dir='ltr'><strong>sticbum</strong></span> <span class='ocrx_word' id='word_1_21' title='bbox 745 663 984 729; x_wconf 85' lang='lat' dir='ltr'><strong>faciunt,</strong></span> <span class='ocrx_word' id='word_1_22' title='bbox 1015 667 1155 717; x_wconf 86' lang='lat' dir='ltr'><strong>tunc</strong></span> <span class='ocrx_word' id='word_1_23' title='bbox 1169 657 1497 731; x_wconf 77' lang='lat' dir='ltr'><strong>patriarcha</strong></span> <span class='ocrx_word' id='word_1_24' title='bbox 1522 672 1727 712; x_wconf 78' lang='lat' dir='ltr'><strong>rursus</strong></span> <span class='ocrx_word' id='word_1_25' title='bbox 1743 655 1799 709; x_wconf 82' lang='lat' dir='ltr'><strong>S.</strong></span> <span class='ocrx_word' id='word_1_26' title='bbox 1828 650 2110 722; x_wconf 80' lang='lat' dir='ltr'><strong>Stephani</strong></span> 
     </span>
    </p>
   </div>
   <div class='ocr_carea' id='block_1_7' title="bbox 468 745 2111 823">
    <p class='ocr_par' dir='ltr' id='par_1_7' title="bbox 468 745 2111 823">
     <span class='ocr_line' id='line_1_7' title="bbox 468 745 2111 823; baseline -0.011 -12"><span class='ocrx_word' id='word_1_27' title='bbox 468 757 648 811; x_wconf 85' lang='lat' dir='ltr'><strong>intrat</strong></span> <span class='ocrx_word' id='word_1_28' title='bbox 664 767 952 823; x_wconf 89' lang='lat' dir='ltr'><strong>suumque</strong></span> <span class='ocrx_word' id='word_1_29' title='bbox 964 748 1374 822; x_wconf 76' lang='lat' dir='ltr'><strong>omOphorium</strong></span> <span class='ocrx_word' id='word_1_30' title='bbox 1394 746 1650 818; x_wconf 80' lang='lat' dir='ltr'><strong>deponit.</strong></span> <span class='ocrx_word' id='word_1_31' title='bbox 1676 745 1994 814; x_wconf 82' lang='lat' dir='ltr'><strong>Imperator</strong></span> <span class='ocrx_word' id='word_1_32' title='bbox 2013 755 2111 811; x_wconf 89' lang='lat' dir='ltr'><strong>pa-</strong></span> 
     </span>
    </p>
   </div>
   <div class='ocr_carea' id='block_1_8' title="bbox 469 835 2113 911">
    <p class='ocr_par' dir='ltr' id='par_1_8' title="bbox 469 835 2113 911">
     <span class='ocr_line' id='line_1_8' title="bbox 469 835 2113 911; baseline -0.011 -12"><span class='ocrx_word' id='word_1_33' title='bbox 469 845 609 899; x_wconf 80' lang='lat' dir='ltr'><strong>riter</strong></span> <span class='ocrx_word' id='word_1_34' title='bbox 637 856 845 911; x_wconf 85' lang='lat' dir='ltr'><strong>sagum</strong></span> <span class='ocrx_word' id='word_1_35' title='bbox 878 855 1051 894; x_wconf 88' lang='lat' dir='ltr'><strong>suum</strong></span> <span class='ocrx_word' id='word_1_36' title='bbox 1085 839 1264 904; x_wconf 81' lang='lat' dir='ltr'><strong>exuit,</strong></span> <span class='ocrx_word' id='word_1_37' title='bbox 1298 840 1356 892; x_wconf 89' lang='lat' dir='ltr'><strong>et</strong></span> <span class='ocrx_word' id='word_1_38' title='bbox 1384 835 1470 892; x_wconf 90' lang='lat' dir='ltr'><strong>sic</strong></span> <span class='ocrx_word' id='word_1_39' title='bbox 1511 849 1715 889; x_wconf 78' lang='lat' dir='ltr'><strong>rursus</strong></span> <span class='ocrx_word' id='word_1_40' title='bbox 1763 844 2113 886; x_wconf 85' lang='lat' dir='ltr'><strong>conversan—</strong></span> 
     </span>
    </p>
   </div>
   <div class='ocr_carea' id='block_1_9' title="bbox 464 922 2113 1001">
    <p class='ocr_par' dir='ltr' id='par_1_9' title="bbox 464 922 2113 1001">
     <span class='ocr_line' id='line_1_9' title="bbox 464 922 2113 1001; baseline -0.012 -12"><span class='ocrx_word' id='word_1_41' title='bbox 464 938 581 1001; x_wconf 90' lang='lat' dir='ltr'><strong>tur,</strong></span> <span class='ocrx_word' id='word_1_42' title='bbox 613 936 787 1001; x_wconf 87' lang='lat' dir='ltr'><strong>atque</strong></span> <span class='ocrx_word' id='word_1_43' title='bbox 816 948 847 984; x_wconf 90' lang='lat' dir='ltr'><strong>a</strong></span> <span class='ocrx_word' id='word_1_44' title='bbox 871 927 1139 984; x_wconf 87' lang='lat' dir='ltr'><strong>cubiculo</strong></span> <span class='ocrx_word' id='word_1_45' title='bbox 1172 926 1400 998; x_wconf 76' lang='lat' dir='ltr'><strong>stipati,</strong></span> <span class='ocrx_word' id='word_1_46' title='bbox 1458 922 1862 998; x_wconf 84' lang='lat' dir='ltr'><strong>egrediuntur,</strong></span> <span class='ocrx_word' id='word_1_47' title='bbox 1912 923 1970 973; x_wconf 89' lang='lat' dir='ltr'><strong>et</strong></span> <span class='ocrx_word' id='word_1_48' title='bbox 1997 933 2113 972; x_wconf 88' lang='lat' dir='ltr'><strong>una</strong></span> 
     </span>
    </p>
   </div>
   <div class='ocr_carea' id='block_1_10' title="bbox 464 1006 2112 1083">
    <p class='ocr_par' dir='ltr' id='par_1_10' title="bbox 464 1006 2112 1083">
     <span class='ocr_line' id='line_1_10' title="bbox 464 1006 2112 1083; baseline -0.011 -6"><span class='ocrx_word' id='word_1_49' title='bbox 464 1022 525 1077; x_wconf 91' lang='lat' dir='ltr'><strong>in</strong></span> <span class='ocrx_word' id='word_1_50' title='bbox 557 1019 817 1075; x_wconf 89' lang='lat' dir='ltr'><strong>accubito</strong></span> <span class='ocrx_word' id='word_1_51' title='bbox 875 1033 1088 1073; x_wconf 68' lang='lat' dir='ltr'><strong>mensae</strong></span> <span class='ocrx_word' id='word_1_52' title='bbox 1146 1017 1495 1083; x_wconf 81' lang='lat' dir='ltr'><strong>assidentes,</strong></span> <span class='ocrx_word' id='word_1_53' title='bbox 1546 1010 1725 1068; x_wconf 89' lang='lat' dir='ltr'><strong>semel</strong></span> <span class='ocrx_word' id='word_1_54' title='bbox 1757 1008 1985 1064; x_wconf 91' lang='lat' dir='ltr'><strong>bibunt.</strong></span> <span class='ocrx_word' id='word_1_55' title='bbox 2016 1006 2112 1061; x_wconf 85' lang='lat' dir='ltr'><strong>Sic</strong></span> 
     </span>
    </p>
   </div>
   <div class='ocr_carea' id='block_1_11' title="bbox 467 1094 2114 1182">
    <p class='ocr_par' dir='ltr' id='par_1_11' title="bbox 467 1094 2114 1182">
     <span class='ocr_line' id='line_1_11' title="bbox 467 1094 2114 1182; baseline -0.01 -17"><span class='ocrx_word' id='word_1_56' title='bbox 467 1115 664 1182; x_wconf 86' lang='lat' dir='ltr'><strong>postea</strong></span> <span class='ocrx_word' id='word_1_57' title='bbox 679 1106 1044 1180; x_wconf 65' lang='lat' dir='ltr'><strong>praepositus,</strong></span> <span class='ocrx_word' id='word_1_58' title='bbox 1058 1106 1228 1179; x_wconf 82' lang='lat' dir='ltr'><strong>signo</strong></span> <span class='ocrx_word' id='word_1_59' title='bbox 1241 1105 1312 1160; x_wconf 91' lang='lat' dir='ltr'><strong>ab</strong></span> <span class='ocrx_word' id='word_1_60' title='bbox 1327 1104 1404 1159; x_wconf 88' lang='lat' dir='ltr'><strong>im</strong></span> <span class='ocrx_word' id='word_1_61' title='bbox 1415 1110 1673 1175; x_wconf 84' lang='lat' dir='ltr'><strong>peratore</strong></span> <span class='ocrx_word' id='word_1_62' title='bbox 1687 1101 1925 1169; x_wconf 89' lang='lat' dir='ltr'><strong>accepto</strong></span> <span class='ocrx_word' id='word_1_63' title='bbox 1945 1094 2114 1150; x_wconf 90' lang='lat' dir='ltr'><strong>mini-</strong></span> 
     </span>
    </p>
   </div>
   <div class='ocr_carea' id='block_1_12' title="bbox 463 1183 2113 1270">
    <p class='ocr_par' dir='ltr' id='par_1_12' title="bbox 463 1183 2113 1270">
     <span class='ocr_line' id='line_1_12' title="bbox 463 1183 2113 1270; baseline -0.01 -16"><span class='ocrx_word' id='word_1_64' title='bbox 463 1199 602 1255; x_wconf 87' lang='lat' dir='ltr'><strong>stris</strong></span> <span class='ocrx_word' id='word_1_65' title='bbox 630 1197 868 1270; x_wconf 83' lang='lat' dir='ltr'><strong>signum</strong></span> <span class='ocrx_word' id='word_1_66' title='bbox 901 1198 1019 1262; x_wconf 90' lang='lat' dir='ltr'><strong>dat,</strong></span> <span class='ocrx_word' id='word_1_67' title='bbox 1042 1199 1101 1251; x_wconf 89' lang='lat' dir='ltr'><strong>et</strong></span> <span class='ocrx_word' id='word_1_68' title='bbox 1129 1196 1366 1261; x_wconf 89' lang='lat' dir='ltr'><strong>intrant,</strong></span> <span class='ocrx_word' id='word_1_69' title='bbox 1400 1194 1671 1262; x_wconf 89' lang='lat' dir='ltr'><strong>idemque</strong></span> <span class='ocrx_word' id='word_1_70' title='bbox 1702 1193 1760 1244; x_wconf 87' lang='lat' dir='ltr'><strong>et</strong></span> <span class='ocrx_word' id='word_1_71' title='bbox 1810 1185 1965 1260; x_wconf 88' lang='lat' dir='ltr'><strong>apud</strong></span> <span class='ocrx_word' id='word_1_72' title='bbox 1985 1183 2113 1241; x_wconf 87' lang='lat' dir='ltr'><strong>reli-</strong></span> 
     </span>
    </p>
   </div>
   <div class='ocr_carea' id='block_1_13' title="bbox 466 1286 1257 1360">
    <p class='ocr_par' dir='ltr' id='par_1_13' title="bbox 466 1286 1257 1360">
     <span class='ocr_line' id='line_1_13' title="bbox 466 1286 1257 1360; baseline -0.006 -17"><span class='ocrx_word' id='word_1_73' title='bbox 466 1303 612 1360; x_wconf 91' lang='lat' dir='ltr'><strong>quos</strong></span> <span class='ocrx_word' id='word_1_74' title='bbox 645 1288 864 1343; x_wconf 89' lang='lat' dir='ltr'><strong>amicos</strong></span> <span class='ocrx_word' id='word_1_75' title='bbox 896 1286 1257 1341; x_wconf 84' lang='lat' dir='ltr'><strong>observatur.</strong></span> 
     </span>
    </p>
   </div>
   <div class='ocr_carea' id='block_1_14' title="bbox 2216 640 3882 723">
    <p class='ocr_par' dir='ltr' id='par_1_14' title="bbox 2216 640 3882 723">
     <span class='ocr_line' id='line_1_14' title="bbox 2216 640 3882 723; baseline -0.002 -21"><span class='ocrx_word' id='word_1_76' title='bbox 2216 653 2314 703; x_wconf 83' lang='lat'><strong>106</strong></span> <span class='ocrx_word' id='word_1_77' title='bbox 2367 644 2636 723; x_wconf 86' lang='grc' dir='ltr'>βασιλέως</span> <span class='ocrx_word' id='word_1_78' title='bbox 2698 646 2996 721; x_wconf 85' lang='grc' dir='ltr'>μέλλοντος</span> <span class='ocrx_word' id='word_1_79' title='bbox 3043 640 3375 719; x_wconf 84' lang='grc' dir='ltr'>ἀκουμϐίσαι</span> <span class='ocrx_word' id='word_1_80' title='bbox 3406 645 3483 708; x_wconf 79' lang='grc' dir='ltr'>εἰς</span> <span class='ocrx_word' id='word_1_81' title='bbox 3512 645 3579 701; x_wconf 75' lang='grc' dir='ltr'><strong>τὰ</strong></span> <span class='ocrx_word' id='word_1_82' title='bbox 3612 646 3676 710; x_wconf 88' lang='grc' dir='ltr'>ιθ¹</span> <span class='ocrx_word' id='word_1_83' title='bbox 3711 642 3882 700; x_wconf 75' lang='grc' dir='ltr'>ἁκού-</span> 
     </span>
    </p>
   </div>
   <div class='ocr_carea' id='block_1_15' title="bbox 2222 732 3873 811">
    <p class='ocr_par' dir='ltr' id='par_1_15' title="bbox 2222 732 3873 811">
     <span class='ocr_line' id='line_1_15' title="bbox 2222 732 3873 811; baseline -0.001 -21"><span class='ocrx_word' id='word_1_84' title='bbox 2222 732 2370 806; x_wconf 85' lang='grc' dir='ltr'>ϐιτα,</span> <span class='ocrx_word' id='word_1_85' title='bbox 2416 737 2558 792; x_wconf 77' lang='grc' dir='ltr'>νεύει</span> <span class='ocrx_word' id='word_1_86' title='bbox 2607 741 2688 809; x_wconf 77' lang='grc' dir='ltr'><strong>τῷ</strong></span> <span class='ocrx_word' id='word_1_87' title='bbox 2739 735 3107 811; x_wconf 87' lang='grc' dir='ltr'>πραιποσίτῳ,</span> <span class='ocrx_word' id='word_1_88' title='bbox 3154 735 3244 791; x_wconf 85' lang='grc' dir='ltr'><strong>καὶ</strong></span> <span class='ocrx_word' id='word_1_89' title='bbox 3302 740 3695 810; x_wconf 73' lang='grc' dir='ltr'>προσκαλεῖται</span> <span class='ocrx_word' id='word_1_90' title='bbox 3776 734 3873 789; x_wconf 81' lang='grc' dir='ltr'><strong>τὸν</strong></span> 
     </span>
    </p>
   </div>
   <div class='ocr_carea' id='block_1_16' title="bbox 2221 820 3876 902">
    <p class='ocr_par' dir='ltr' id='par_1_16' title="bbox 2221 820 3876 902">
     <span class='ocr_line' id='line_1_16' title="bbox 2221 820 3876 902; baseline -0.002 -22"><span class='ocrx_word' id='word_1_91' title='bbox 2221 826 2594 902; x_wconf 80' lang='grc' dir='ltr'>πατριάρχην,</span> <span class='ocrx_word' id='word_1_92' title='bbox 2650 826 2739 880; x_wconf 82' lang='grc' dir='ltr'><strong>καὶ</strong></span> <span class='ocrx_word' id='word_1_93' title='bbox 2815 823 3013 880; x_wconf 72' lang='grc' dir='ltr'>τούτου</span> <span class='ocrx_word' id='word_1_94' title='bbox 3087 825 3400 900; x_wconf 86' lang='grc' dir='ltr'>γενομένου,</span> <span class='ocrx_word' id='word_1_95' title='bbox 3471 820 3876 900; x_wconf 70' lang='grc' dir='ltr'><strong>προσκυνοῦσιν</strong></span> 
     </span>
    </p>
   </div>
   <div class='ocr_carea' id='block_1_17' title="bbox 2222 911 3873 990">
    <p class='ocr_par' dir='ltr' id='par_1_17' title="bbox 2222 911 3873 990">
     <span class='ocr_line' id='line_1_17' title="bbox 2222 911 3873 990; baseline -0.001 -21"><span class='ocrx_word' id='word_1_96' title='bbox 2222 911 2533 985; x_wconf 76' lang='grc' dir='ltr'>ἀλλήλους,</span> <span class='ocrx_word' id='word_1_97' title='bbox 2563 914 2653 969; x_wconf 88' lang='grc' dir='ltr'><strong>καὶ</strong></span> <span class='ocrx_word' id='word_1_98' title='bbox 2702 915 3040 990; x_wconf 72' lang='grc' dir='ltr'><strong>εἰσέρχονται</strong></span> <span class='ocrx_word' id='word_1_99' title='bbox 3088 915 3140 969; x_wconf 76' lang='grc' dir='ltr'>οἳ</span> <span class='ocrx_word' id='word_1_100' title='bbox 3186 913 3376 989; x_wconf 77' lang='grc' dir='ltr'>ἱερεὶς,</span> <span class='ocrx_word' id='word_1_101' title='bbox 3404 915 3495 968; x_wconf 83' lang='grc' dir='ltr'>καὶ</span> <span class='ocrx_word' id='word_1_102' title='bbox 3543 913 3637 968; x_wconf 86' lang='grc' dir='ltr'>τὸν</span> <span class='ocrx_word' id='word_1_103' title='bbox 3677 911 3873 987; x_wconf 85' lang='grc' dir='ltr'>στίχον</span> 
     </span>
    </p>
   </div>
   <div class='ocr_carea' id='block_1_18' title="bbox 2221 1001 3873 1083">
    <p class='ocr_par' dir='ltr' id='par_1_18' title="bbox 2221 1001 3873 1083">
     <span class='ocr_line' id='line_1_18' title="bbox 2221 1001 3873 1083; baseline -0.002 -25"><span class='ocrx_word' id='word_1_104' title='bbox 2221 1005 2568 1074; x_wconf 77' lang='grc' dir='ltr'>ποιήσαντες,</span> <span class='ocrx_word' id='word_1_105' title='bbox 2600 1004 2906 1083; x_wconf 83' lang='grc' dir='ltr'>εἰσέρχεται</span> <span class='ocrx_word' id='word_1_106' title='bbox 2957 1001 3122 1058; x_wconf 86' lang='grc' dir='ltr'>πάλιν</span> <span class='ocrx_word' id='word_1_107' title='bbox 3183 1004 3211 1057; x_wconf 93' lang='lat'><strong>6</strong></span> <span class='ocrx_word' id='word_1_108' title='bbox 3245 1003 3599 1081; x_wconf 73' lang='grc' dir='ltr'>πατριάρχης</span> <span class='ocrx_word' id='word_1_109' title='bbox 3651 1002 3730 1064; x_wconf 64' lang='grc' dir='ltr'>εἷς</span> <span class='ocrx_word' id='word_1_110' title='bbox 3776 1001 3873 1055; x_wconf 84' lang='grc' dir='ltr'>τὸν</span> 
     </span>
    </p>
   </div>
   <div class='ocr_carea' id='block_1_19' title="bbox 2223 1086 3871 1170">
    <p class='ocr_par' dir='ltr' id='par_1_19' title="bbox 2223 1086 3871 1170">
     <span class='ocr_line' id='line_1_19' title="bbox 2223 1086 3871 1170; baseline 0.001 -22"><span class='ocrx_word' id='word_1_111' title='bbox 2223 1093 2410 1168; x_wconf 80' lang='grc' dir='ltr'>Ἀγιον</span> <span class='ocrx_word' id='word_1_112' title='bbox 2459 1093 2730 1170; x_wconf 78' lang='grc' dir='ltr'>Στέφανον</span> <span class='ocrx_word' id='word_1_113' title='bbox 2774 1093 2865 1147; x_wconf 87' lang='grc' dir='ltr'><strong>καὶ</strong></span> <span class='ocrx_word' id='word_1_114' title='bbox 2904 1086 3164 1147; x_wconf 85' lang='grc' dir='ltr'>ἐκϐάλλει</span> <span class='ocrx_word' id='word_1_115' title='bbox 3210 1090 3275 1147; x_wconf 85' lang='grc' dir='ltr'>τὸ</span> <span class='ocrx_word' id='word_1_116' title='bbox 3324 1089 3650 1169; x_wconf 76' lang='grc' dir='ltr'>ὠμοφόριον</span> <span class='ocrx_word' id='word_1_117' title='bbox 3676 1089 3871 1150; x_wconf 78' lang='grc' dir='ltr'>αὐτοῦ.</span> 
     </span>
    </p>
   </div>
   <div class='ocr_carea' id='block_1_20' title="bbox 2221 1174 3866 1255">
    <p class='ocr_par' dir='ltr' id='par_1_20' title="bbox 2221 1174 3866 1255">
     <span class='ocr_line' id='line_1_20' title="bbox 2221 1174 3866 1255; baseline -0.002 -18"><span class='ocrx_word' id='word_1_118' title='bbox 2221 1180 2445 1254; x_wconf 89' lang='grc' dir='ltr'>Ομαίως</span> <span class='ocrx_word' id='word_1_119' title='bbox 2489 1181 2580 1236; x_wconf 84' lang='grc' dir='ltr'><strong>καὶ</strong></span> <span class='ocrx_word' id='word_1_120' title='bbox 2627 1183 2655 1236; x_wconf 92' lang='lat'><strong>6</strong></span> <span class='ocrx_word' id='word_1_121' title='bbox 2709 1179 2963 1255; x_wconf 78' lang='grc' dir='ltr'>βασιλεὺς</span> <span class='ocrx_word' id='word_1_122' title='bbox 3020 1174 3282 1235; x_wconf 81' lang='grc' dir='ltr'>ἐκϐάλλει</span> <span class='ocrx_word' id='word_1_123' title='bbox 3339 1180 3403 1235; x_wconf 88' lang='grc' dir='ltr'>τὸ</span> <span class='ocrx_word' id='word_1_124' title='bbox 3458 1179 3640 1255; x_wconf 82' lang='grc' dir='ltr'>σαγίον</span> <span class='ocrx_word' id='word_1_125' title='bbox 3698 1178 3866 1235; x_wconf 77' lang='grc' dir='ltr'>αὐτοῦ</span> 
     </span>
    </p>
   </div>
   <div class='ocr_carea' id='block_1_21' title="bbox 2221 1267 3865 1344">
    <p class='ocr_par' dir='ltr' id='par_1_21' title="bbox 2221 1267 3865 1344">
     <span class='ocr_line' id='line_1_21' title="bbox 2221 1267 3865 1344; baseline -0.001 -20"><span class='ocrx_word' id='word_1_126' title='bbox 2221 1271 2310 1324; x_wconf 78' lang='grc' dir='ltr'><strong>καὶ</strong></span> <span class='ocrx_word' id='word_1_127' title='bbox 2357 1269 2602 1325; x_wconf 79' lang='grc' dir='ltr'>ένοῦνται</span> <span class='ocrx_word' id='word_1_128' title='bbox 2652 1268 2836 1338; x_wconf 82' lang='grc' dir='ltr'>πάλιν,</span> <span class='ocrx_word' id='word_1_129' title='bbox 2866 1270 2957 1325; x_wconf 85' lang='grc' dir='ltr'><strong>καὶ</strong></span> <span class='ocrx_word' id='word_1_130' title='bbox 3007 1271 3098 1324; x_wconf 79' lang='grc' dir='ltr'><strong>εἶθ’</strong></span> <span class='ocrx_word' id='word_1_131' title='bbox 3127 1270 3300 1330; x_wconf 76' lang='grc' dir='ltr'>οὕτως</span> <span class='ocrx_word' id='word_1_132' title='bbox 3348 1267 3680 1344; x_wconf 75' lang='grc' dir='ltr'><strong>ἐξέρχονται,</strong></span> <span class='ocrx_word' id='word_1_133' title='bbox 3737 1268 3865 1343; x_wconf 78' lang='grc' dir='ltr'>ὀψι-</span> 
     </span>
    </p>
   </div>
   <div class='ocr_carea' id='block_1_22' title="bbox 465 1353 3872 1447">
    <p class='ocr_par' dir='ltr' id='par_1_22' title="bbox 465 1353 3872 1447">
     <span class='ocr_line' id='line_1_22' title="bbox 465 1353 3872 1447; baseline -0.005 -18"><span class='ocrx_word' id='word_1_134' title='bbox 465 1373 748 1447; x_wconf 84' lang='grc' dir='ltr'>κευόμενοι</span> <span class='ocrx_word' id='word_1_135' title='bbox 800 1373 902 1428; x_wconf 82' lang='grc' dir='ltr'><strong>ὑπὸ</strong></span> <span class='ocrx_word' id='word_1_136' title='bbox 959 1375 1055 1426; x_wconf 82' lang='grc' dir='ltr'><strong>τοῦ</strong></span> <span class='ocrx_word' id='word_1_137' title='bbox 1110 1365 1525 1440; x_wconf 75' lang='grc' dir='ltr'>κουϐουνλείου,</span> <span class='ocrx_word' id='word_1_138' title='bbox 1556 1366 1646 1421; x_wconf 85' lang='grc' dir='ltr'><strong>καὶ</strong></span> <span class='ocrx_word' id='word_1_139' title='bbox 1703 1357 2125 1436; x_wconf 72' lang='grc' dir='ltr'>ἂκουμϐίζουσιν</span> <span class='ocrx_word' id='word_1_140' title='bbox 2179 1359 2231 1413; x_wconf 73' lang='grc' dir='ltr'>οἱ</span> <span class='ocrx_word' id='word_1_141' title='bbox 2285 1355 2379 1413; x_wconf 82' lang='grc' dir='ltr'><strong>δύο</strong></span> <span class='ocrx_word' id='word_1_142' title='bbox 2429 1358 2479 1432; x_wconf 81' lang='grc' dir='ltr'>ἐξ</span> <span class='ocrx_word' id='word_1_143' title='bbox 2530 1358 2649 1413; x_wconf 78' lang='grc' dir='ltr'>ἴσου</span> <span class='ocrx_word' id='word_1_144' title='bbox 2681 1361 2760 1432; x_wconf 90' lang='grc'><strong>(8)</strong></span> <span class='ocrx_word' id='word_1_145' title='bbox 2800 1357 2851 1413; x_wconf 85' lang='grc' dir='ltr'>ἐν</span> <span class='ocrx_word' id='word_1_146' title='bbox 2893 1362 2972 1430; x_wconf 80' lang='grc' dir='ltr'><strong>τῷ</strong></span> <span class='ocrx_word' id='word_1_147' title='bbox 3011 1353 3283 1431; x_wconf 85' lang='grc' dir='ltr'>ἀκουϐίτῳ</span> <span class='ocrx_word' id='word_1_148' title='bbox 3330 1358 3419 1412; x_wconf 84' lang='grc' dir='ltr'><strong>καὶ</strong></span> <span class='ocrx_word' id='word_1_149' title='bbox 3468 1356 3687 1412; x_wconf 85' lang='grc' dir='ltr'>πίνουσι</span> <span class='ocrx_word' id='word_1_150' title='bbox 3733 1357 3872 1432; x_wconf 60' lang='grc' dir='ltr'>πρὸξ)</span> 
     </span>
    </p>
   </div>
   <div class='ocr_carea' id='block_1_23' title="bbox 466 1442 3877 1533">
    <p class='ocr_par' dir='ltr' id='par_1_23' title="bbox 466 1442 3877 1533">
     <span class='ocr_line' id='line_1_23' title="bbox 466 1442 3877 1533; baseline -0.005 -16"><span class='ocrx_word' id='word_1_151' title='bbox 466 1463 623 1533; x_wconf 76' lang='grc' dir='ltr'>ἅπαξ.</span> <span class='ocrx_word' id='word_1_152' title='bbox 686 1459 783 1516; x_wconf 83' lang='grc' dir='ltr'>Καί</span> <span class='ocrx_word' id='word_1_153' title='bbox 841 1461 943 1524; x_wconf 80' lang='grc' dir='ltr'>εἶθ’</span> <span class='ocrx_word' id='word_1_154' title='bbox 1000 1461 1147 1515; x_wconf 76' lang='grc' dir='ltr'>οὕτω</span> <span class='ocrx_word' id='word_1_155' title='bbox 1204 1454 1389 1513; x_wconf 90' lang='grc' dir='ltr'>λαϐὼν</span> <span class='ocrx_word' id='word_1_156' title='bbox 1443 1462 1613 1529; x_wconf 77' lang='grc' dir='ltr'>νεῦμα</span> <span class='ocrx_word' id='word_1_157' title='bbox 1659 1455 1688 1509; x_wconf 89' lang='lat'><strong>6</strong></span> <span class='ocrx_word' id='word_1_158' title='bbox 1746 1451 2104 1528; x_wconf 89' lang='grc' dir='ltr'>πραιπόσιτος</span> <span class='ocrx_word' id='word_1_159' title='bbox 2168 1448 2314 1521; x_wconf 68' lang='grc' dir='ltr'>παρὰ</span> <span class='ocrx_word' id='word_1_160' title='bbox 2380 1451 2477 1502; x_wconf 89' lang='lat'><strong>106</strong></span> <span class='ocrx_word' id='word_1_161' title='bbox 2548 1446 2839 1523; x_wconf 88' lang='grc' dir='ltr'>βασιλέως,</span> <span class='ocrx_word' id='word_1_162' title='bbox 2897 1446 3036 1503; x_wconf 79' lang='grc' dir='ltr'>νεύει</span> <span class='ocrx_word' id='word_1_163' title='bbox 3093 1448 3190 1515; x_wconf 77' lang='grc' dir='ltr'><strong>τήν</strong></span> <span class='ocrx_word' id='word_1_164' title='bbox 3249 1447 3548 1522; x_wconf 75' lang='grc' dir='ltr'>ὑπουργίαν</span> <span class='ocrx_word' id='word_1_165' title='bbox 3607 1446 3699 1501; x_wconf 85' lang='grc' dir='ltr'><strong>καὶ</strong></span> <span class='ocrx_word' id='word_1_166' title='bbox 3761 1442 3877 1501; x_wconf 77' lang='grc' dir='ltr'>εἶσ-</span> 
     </span>
    </p>
   </div>
   <div class='ocr_carea' id='block_1_24' title="bbox 466 1539 2018 1629">
    <p class='ocr_par' dir='ltr' id='par_1_24' title="bbox 466 1539 2018 1629">
     <span class='ocr_line' id='line_1_24' title="bbox 466 1539 2018 1629; baseline -0.01 -22"><span class='ocrx_word' id='word_1_167' title='bbox 466 1552 707 1629; x_wconf 80' lang='grc' dir='ltr'>έρχεται,</span> <span class='ocrx_word' id='word_1_168' title='bbox 745 1555 907 1606; x_wconf 88' lang='lat'><strong>10610</strong></span> <span class='ocrx_word' id='word_1_169' title='bbox 939 1547 995 1605; x_wconf 70' lang='grc' dir='ltr'><strong>δὲ</strong></span> <span class='ocrx_word' id='word_1_170' title='bbox 1025 1554 1173 1605; x_wconf 84' lang='grc' dir='ltr'>ποιεῖ</span> <span class='ocrx_word' id='word_1_171' title='bbox 1201 1550 1287 1604; x_wconf 79' lang='grc' dir='ltr'><strong>καὶ</strong></span> <span class='ocrx_word' id='word_1_172' title='bbox 1322 1546 1410 1602; x_wconf 80' lang='grc' dir='ltr'>ἐπὶ</span> <span class='ocrx_word' id='word_1_173' title='bbox 1440 1551 1546 1602; x_wconf 79' lang='grc' dir='ltr'><strong>τῶν</strong></span> <span class='ocrx_word' id='word_1_174' title='bbox 1578 1545 1790 1599; x_wconf 81' lang='grc' dir='ltr'>λοιπῶν</span> <span class='ocrx_word' id='word_1_175' title='bbox 1824 1539 2018 1620; x_wconf 76' lang='grc' dir='ltr'>φίλων.</span> 
     </span>
    </p>
   </div>
   <div class='ocr_carea' id='block_1_25' title="bbox 540 1626 2117 1713">
    <p class='ocr_par' dir='ltr' id='par_1_25' title="bbox 540 1630 2112 1713">
     <span class='ocr_line' id='line_1_25' title="bbox 540 1630 2112 1713; baseline -0.01 -13"><span class='ocrx_word' id='word_1_176' title='bbox 540 1644 628 1700; x_wconf 84' lang='lat' dir='ltr'><strong>IV.</strong></span> <span class='ocrx_word' id='word_1_177' title='bbox 661 1647 800 1700; x_wconf 90' lang='lat' dir='ltr'><strong>Cum</strong></span> <span class='ocrx_word' id='word_1_178' title='bbox 832 1659 965 1699; x_wconf 91' lang='lat' dir='ltr'><strong>vero</strong></span> <span class='ocrx_word' id='word_1_179' title='bbox 1025 1657 1262 1713; x_wconf 84' lang='lat' dir='ltr'><strong>surgere</strong></span> <span class='ocrx_word' id='word_1_180' title='bbox 1310 1640 1627 1710; x_wconf 80' lang='lat' dir='ltr'><strong>imperator</strong></span> <span class='ocrx_word' id='word_1_181' title='bbox 1653 1635 1782 1690; x_wconf 83' lang='lat' dir='ltr'><strong>vult</strong></span> <span class='ocrx_word' id='word_1_182' title='bbox 1828 1637 1884 1689; x_wconf 90' lang='lat' dir='ltr'><strong>et</strong></span> <span class='ocrx_word' id='word_1_183' title='bbox 1939 1630 2112 1687; x_wconf 87' lang='lat' dir='ltr'><strong>amici</strong></span> 
     </span>
    </p>
   </div>
   <div class='ocr_carea' id='block_1_26' title="bbox 2227 1626 3872 1713">
    <p class='ocr_par' dir='ltr' id='par_1_26' title="bbox 2292 1626 3872 1703">
     <span class='ocr_line' id='line_1_26' title="bbox 2292 1626 3872 1703; baseline -0.001 -21"><span class='ocrx_word' id='word_1_184' title='bbox 2292 1629 2363 1685; x_wconf 83' lang='lat' dir='ltr'><strong>A&#39;.</strong></span> <span class='ocrx_word' id='word_1_185' title='bbox 2422 1628 2738 1692; x_wconf 81' lang='grc' dir='ltr'>Μέλλοντος</span> <span class='ocrx_word' id='word_1_186' title='bbox 2810 1627 2867 1684; x_wconf 78' lang='grc' dir='ltr'><strong>δὲ</strong></span> <span class='ocrx_word' id='word_1_187' title='bbox 2925 1630 3238 1693; x_wconf 85' lang='grc' dir='ltr'>ἀνίστασθαι</span> <span class='ocrx_word' id='word_1_188' title='bbox 3294 1633 3396 1684; x_wconf 88' lang='lat'><strong>106</strong></span> <span class='ocrx_word' id='word_1_189' title='bbox 3457 1626 3728 1703; x_wconf 87' lang='grc' dir='ltr'>βασιλεως</span> <span class='ocrx_word' id='word_1_190' title='bbox 3776 1626 3872 1681; x_wconf 80' lang='grc' dir='ltr'><strong>καὶ</strong></span> 
     </span>
    </p>
   </div>
   <div class='ocr_carea' id='block_1_27' title="bbox 468 1723 2116 1805">
    <p class='ocr_par' dir='ltr' id='par_1_27' title="bbox 468 1723 2116 1805">
     <span class='ocr_line' id='line_1_27' title="bbox 468 1723 2116 1805; baseline -0.009 -16"><span class='ocrx_word' id='word_1_191' title='bbox 468 1732 683 1805; x_wconf 77' lang='lat' dir='ltr'><strong>egressi</strong></span> <span class='ocrx_word' id='word_1_192' title='bbox 713 1736 867 1799; x_wconf 89' lang='lat' dir='ltr'><strong>sunt,</strong></span> <span class='ocrx_word' id='word_1_193' title='bbox 894 1734 1199 1786; x_wconf 90' lang='lat' dir='ltr'><strong>ramanent</strong></span> <span class='ocrx_word' id='word_1_194' title='bbox 1227 1729 1288 1794; x_wconf 88' lang='lat' dir='ltr'><strong>ii,</strong></span> <span class='ocrx_word' id='word_1_195' title='bbox 1320 1727 1419 1798; x_wconf 90' lang='lat' dir='ltr'><strong>qui</strong></span> <span class='ocrx_word' id='word_1_196' title='bbox 1443 1727 1501 1781; x_wconf 93' lang='lat' dir='ltr'><strong>in</strong></span> <span class='ocrx_word' id='word_1_197' title='bbox 1532 1723 1931 1796; x_wconf 89' lang='lat' dir='ltr'><strong>superioribus</strong></span> <span class='ocrx_word' id='word_1_198' title='bbox 1948 1736 2116 1775; x_wconf 87' lang='lat' dir='ltr'><strong>accu-</strong></span> 
     </span>
    </p>
   </div>
   <div class='ocr_carea' id='block_1_28' title="bbox 469 1810 2115 1891">
    <p class='ocr_par' dir='ltr' id='par_1_28' title="bbox 469 1810 2115 1891">
     <span class='ocr_line' id='line_1_28' title="bbox 469 1810 2115 1891; baseline -0.007 -12"><span class='ocrx_word' id='word_1_199' title='bbox 469 1824 609 1879; x_wconf 89' lang='lat' dir='ltr'><strong>bitis</strong></span> <span class='ocrx_word' id='word_1_200' title='bbox 636 1822 829 1877; x_wconf 90' lang='lat' dir='ltr'><strong>locum</strong></span> <span class='ocrx_word' id='word_1_201' title='bbox 861 1825 1085 1886; x_wconf 92' lang='lat' dir='ltr'><strong>tenent,</strong></span> <span class='ocrx_word' id='word_1_202' title='bbox 1119 1818 1503 1891; x_wconf 73' lang='lat' dir='ltr'><strong>metropolitm</strong></span> <span class='ocrx_word' id='word_1_203' title='bbox 1532 1821 1609 1883; x_wconf 90' lang='lat' dir='ltr'><strong>et,</strong></span> <span class='ocrx_word' id='word_1_204' title='bbox 1671 1814 1766 1886; x_wconf 90' lang='lat' dir='ltr'><strong>qui</strong></span> <span class='ocrx_word' id='word_1_205' title='bbox 1799 1814 1857 1869; x_wconf 93' lang='lat' dir='ltr'><strong>in</strong></span> <span class='ocrx_word' id='word_1_206' title='bbox 1907 1810 2115 1884; x_wconf 88' lang='lat' dir='ltr'><strong>primis</strong></span> 
     </span>
    </p>
   </div>
   <div class='ocr_carea' id='block_1_29' title="bbox 468 1899 2112 1972">
    <p class='ocr_par' dir='ltr' id='par_1_29' title="bbox 468 1899 2112 1972">
     <span class='ocr_line' id='line_1_29' title="bbox 468 1899 2112 1972; baseline -0.007 -5"><span class='ocrx_word' id='word_1_207' title='bbox 468 1910 751 1967; x_wconf 90' lang='lat' dir='ltr'><strong>accubitis</strong></span> <span class='ocrx_word' id='word_1_208' title='bbox 782 1910 852 1965; x_wconf 91' lang='lat' dir='ltr'><strong>ad</strong></span> <span class='ocrx_word' id='word_1_209' title='bbox 878 1910 1132 1966; x_wconf 83' lang='lat' dir='ltr'><strong>dextram</strong></span> <span class='ocrx_word' id='word_1_210' title='bbox 1156 1912 1212 1964; x_wconf 90' lang='lat' dir='ltr'><strong>et</strong></span> <span class='ocrx_word' id='word_1_211' title='bbox 1234 1907 1527 1963; x_wconf 82' lang='lat' dir='ltr'><strong>sinistram</strong></span> <span class='ocrx_word' id='word_1_212' title='bbox 1545 1899 2112 1972; x_wconf 78' lang='lat' dir='ltr'><strong>aesident,epi500pi.</strong></span> 
     </span>
    </p>
   </div>
   <div class='ocr_carea' id='block_1_30' title="bbox 468 1987 2117 2067">
    <p class='ocr_par' dir='ltr' id='par_1_30' title="bbox 468 1987 2117 2067">
     <span class='ocr_line' id='line_1_30' title="bbox 468 1987 2117 2067; baseline -0.007 -12"><span class='ocrx_word' id='word_1_213' title='bbox 468 2000 685 2055; x_wconf 91' lang='lat' dir='ltr'><strong>Bibunt</strong></span> <span class='ocrx_word' id='word_1_214' title='bbox 714 2015 846 2055; x_wconf 89' lang='lat' dir='ltr'><strong>vero</strong></span> <span class='ocrx_word' id='word_1_215' title='bbox 877 1999 1088 2053; x_wconf 82' lang='lat' dir='ltr'><strong>iterum</strong></span> <span class='ocrx_word' id='word_1_216' title='bbox 1119 1995 1299 2053; x_wconf 86' lang='lat' dir='ltr'><strong>semel</strong></span> <span class='ocrx_word' id='word_1_217' title='bbox 1331 1996 1645 2067; x_wconf 75' lang='lat' dir='ltr'><strong>imperator</strong></span> <span class='ocrx_word' id='word_1_218' title='bbox 1674 1996 1731 2049; x_wconf 91' lang='lat' dir='ltr'><strong>et</strong></span> <span class='ocrx_word' id='word_1_219' title='bbox 1790 1987 2117 2062; x_wconf 90' lang='lat' dir='ltr'><strong>patriarcha</strong></span> 
     </span>
    </p>
   </div>
   <div class='ocr_carea' id='block_1_31' title="bbox 468 2078 2114 2161">
    <p class='ocr_par' dir='ltr' id='par_1_31' title="bbox 468 2078 2114 2161">
     <span class='ocr_line' id='line_1_31' title="bbox 468 2078 2114 2161; baseline -0.007 -16"><span class='ocrx_word' id='word_1_220' title='bbox 468 2093 525 2145; x_wconf 87' lang='lat' dir='ltr'><strong>et</strong></span> <span class='ocrx_word' id='word_1_221' title='bbox 553 2089 653 2161; x_wconf 89' lang='lat' dir='ltr'><strong>qui</strong></span> <span class='ocrx_word' id='word_1_222' title='bbox 677 2090 1088 2144; x_wconf 86' lang='lat' dir='ltr'><strong>remanserunt</strong></span> <span class='ocrx_word' id='word_1_223' title='bbox 1117 2086 1308 2154; x_wconf 87' lang='lat' dir='ltr'><strong>amici,</strong></span> <span class='ocrx_word' id='word_1_224' title='bbox 1340 2090 1397 2141; x_wconf 91' lang='lat' dir='ltr'><strong>et</strong></span> <span class='ocrx_word' id='word_1_225' title='bbox 1424 2084 1530 2153; x_wconf 89' lang='lat' dir='ltr'><strong>sic,</strong></span> <span class='ocrx_word' id='word_1_226' title='bbox 1555 2101 1586 2138; x_wconf 88' lang='lat' dir='ltr'><strong>a</strong></span> <span class='ocrx_word' id='word_1_227' title='bbox 1617 2079 1924 2155; x_wconf 69' lang='lat' dir='ltr'><strong>praeposito</strong></span> <span class='ocrx_word' id='word_1_228' title='bbox 1948 2078 2114 2147; x_wconf 84' lang='lat' dir='ltr'><strong>signo</strong></span> 
     </span>
    </p>
   </div>
   <div class='ocr_carea' id='block_1_32' title="bbox 470 2170 2113 2251">
    <p class='ocr_par' dir='ltr' id='par_1_32' title="bbox 470 2170 2113 2251">
     <span class='ocr_line' id='line_1_32' title="bbox 470 2170 2113 2251; baseline -0.008 -16"><span class='ocrx_word' id='word_1_229' title='bbox 470 2185 728 2251; x_wconf 88' lang='lat' dir='ltr'><strong>accepto,</strong></span> <span class='ocrx_word' id='word_1_230' title='bbox 779 2178 891 2250; x_wconf 89' lang='lat' dir='ltr'><strong>ipsi</strong></span> <span class='ocrx_word' id='word_1_231' title='bbox 923 2178 1320 2249; x_wconf 83' lang='lat' dir='ltr'><strong>egrediuntur,</strong></span> <span class='ocrx_word' id='word_1_232' title='bbox 1380 2177 1694 2246; x_wconf 87' lang='lat' dir='ltr'><strong>postquam</strong></span> <span class='ocrx_word' id='word_1_233' title='bbox 1723 2186 1858 2227; x_wconf 90' lang='lat' dir='ltr'><strong>vero</strong></span> <span class='ocrx_word' id='word_1_234' title='bbox 1880 2170 2113 2241; x_wconf 79' lang='lat' dir='ltr'><strong>signum</strong></span> 
     </span>
    </p>
   </div>
   <div class='ocr_carea' id='block_1_33' title="bbox 468 2260 2117 2341">
    <p class='ocr_par' dir='ltr' id='par_1_33' title="bbox 468 2260 2117 2341">
     <span class='ocr_line' id='line_1_33' title="bbox 468 2260 2117 2341; baseline -0.006 -16"><span class='ocrx_word' id='word_1_235' title='bbox 468 2267 970 2341; x_wconf 88' lang='lat' dir='ltr'><strong>protospatharius</strong></span> <span class='ocrx_word' id='word_1_236' title='bbox 1001 2267 1243 2340; x_wconf 86' lang='lat' dir='ltr'><strong>accepit,</strong></span> <span class='ocrx_word' id='word_1_237' title='bbox 1278 2264 1670 2322; x_wconf 87' lang='lat' dir='ltr'><strong>ministerium</strong></span> <span class='ocrx_word' id='word_1_238' title='bbox 1695 2277 1896 2318; x_wconf 89' lang='lat' dir='ltr'><strong>rursus</strong></span> <span class='ocrx_word' id='word_1_239' title='bbox 1927 2260 2117 2315; x_wconf 86' lang='lat' dir='ltr'><strong>disce-</strong></span> 
     </span>
    </p>
   </div>
   <div class='ocr_carea' id='block_1_34' title="bbox 469 2349 2117 2428">
    <p class='ocr_par' dir='ltr' id='par_1_34' title="bbox 469 2349 2117 2428">
     <span class='ocr_line' id='line_1_34' title="bbox 469 2349 2117 2428; baseline -0.005 -15"><span class='ocrx_word' id='word_1_240' title='bbox 469 2358 576 2414; x_wconf 91' lang='lat' dir='ltr'><strong>dit.</strong></span> <span class='ocrx_word' id='word_1_241' title='bbox 636 2357 759 2422; x_wconf 88' lang='lat' dir='ltr'><strong>Quo</strong></span> <span class='ocrx_word' id='word_1_242' title='bbox 809 2358 979 2425; x_wconf 82' lang='lat' dir='ltr'><strong>facto,</strong></span> <span class='ocrx_word' id='word_1_243' title='bbox 1010 2357 1328 2428; x_wconf 84' lang='lat' dir='ltr'><strong>imperator</strong></span> <span class='ocrx_word' id='word_1_244' title='bbox 1358 2370 1492 2410; x_wconf 91' lang='lat' dir='ltr'><strong>cum</strong></span> <span class='ocrx_word' id='word_1_245' title='bbox 1532 2352 1660 2409; x_wconf 91' lang='lat' dir='ltr'><strong>solo</strong></span> <span class='ocrx_word' id='word_1_246' title='bbox 1693 2349 2027 2424; x_wconf 81' lang='lat' dir='ltr'><strong>patriarcha</strong></span> <span class='ocrx_word' id='word_1_247' title='bbox 2059 2351 2117 2405; x_wconf 86' lang='lat' dir='ltr'><strong>et</strong></span> 
     </span>
    </p>
   </div>
   <div class='ocr_carea' id='block_1_35' title="bbox 470 2439 2116 2515">
    <p class='ocr_par' dir='ltr' id='par_1_35' title="bbox 470 2439 2116 2515">
     <span class='ocr_line' id='line_1_35' title="bbox 470 2439 2116 2515; baseline -0.007 -12"><span class='ocrx_word' id='word_1_248' title='bbox 470 2446 739 2503; x_wconf 88' lang='lat' dir='ltr'><strong>cubiculo</strong></span> <span class='ocrx_word' id='word_1_249' title='bbox 773 2449 987 2512; x_wconf 90' lang='lat' dir='ltr'><strong>manet,</strong></span> <span class='ocrx_word' id='word_1_250' title='bbox 1019 2444 1114 2499; x_wconf 75' lang='lat'><strong>81</strong></span> <span class='ocrx_word' id='word_1_251' title='bbox 1151 2449 1210 2499; x_wconf 90' lang='lat' dir='ltr'><strong>et</strong></span> <span class='ocrx_word' id='word_1_252' title='bbox 1240 2447 1546 2515; x_wconf 89' lang='lat' dir='ltr'><strong>postquam</strong></span> <span class='ocrx_word' id='word_1_253' title='bbox 1578 2440 1750 2495; x_wconf 89' lang='lat' dir='ltr'><strong>ambo</strong></span> <span class='ocrx_word' id='word_1_254' title='bbox 1781 2439 1988 2494; x_wconf 90' lang='lat' dir='ltr'><strong>iterum</strong></span> <span class='ocrx_word' id='word_1_255' title='bbox 2030 2454 2116 2493; x_wconf 78' lang='grc' dir='ltr'><strong>εθ-</strong></span> 
     </span>
    </p>
   </div>
   <div class='ocr_carea' id='block_1_36' title="bbox 470 2528 2117 2604">
    <p class='ocr_par' dir='ltr' id='par_1_36' title="bbox 470 2528 2117 2604">
     <span class='ocr_line' id='line_1_36' title="bbox 470 2528 2117 2604; baseline -0.007 -13"><span class='ocrx_word' id='word_1_256' title='bbox 470 2535 585 2591; x_wconf 88' lang='lat' dir='ltr'><strong>mel</strong></span> <span class='ocrx_word' id='word_1_257' title='bbox 614 2535 903 2599; x_wconf 86' lang='lat' dir='ltr'><strong>biberunt,</strong></span> <span class='ocrx_word' id='word_1_258' title='bbox 939 2538 1208 2604; x_wconf 83' lang='lat' dir='ltr'><strong>surgunt.</strong></span> <span class='ocrx_word' id='word_1_259' title='bbox 1241 2536 1298 2588; x_wconf 90' lang='lat' dir='ltr'><strong>et</strong></span> <span class='ocrx_word' id='word_1_260' title='bbox 1325 2531 1446 2587; x_wconf 90' lang='lat' dir='ltr'><strong>abit</strong></span> <span class='ocrx_word' id='word_1_261' title='bbox 1468 2528 1797 2603; x_wconf 86' lang='lat' dir='ltr'><strong>patriarcha</strong></span> <span class='ocrx_word' id='word_1_262' title='bbox 1819 2529 1892 2584; x_wconf 89' lang='lat' dir='ltr'><strong>ad</strong></span> <span class='ocrx_word' id='word_1_263' title='bbox 1913 2528 1969 2583; x_wconf 93' lang='lat' dir='ltr'><strong>S.</strong></span> <span class='ocrx_word' id='word_1_264' title='bbox 1993 2530 2117 2581; x_wconf 89' lang='lat' dir='ltr'><strong>Ste-</strong></span> 
     </span>
    </p>
   </div>
   <div class='ocr_carea' id='block_1_37' title="bbox 475 2613 2118 2698">
    <p class='ocr_par' dir='ltr' id='par_1_37' title="bbox 475 2613 2118 2698">
     <span class='ocr_line' id='line_1_37' title="bbox 475 2613 2118 2698; baseline -0.005 -19"><span class='ocrx_word' id='word_1_265' title='bbox 475 2623 652 2698; x_wconf 88' lang='lat' dir='ltr'><strong>phani</strong></span> <span class='ocrx_word' id='word_1_266' title='bbox 683 2620 1306 2693; x_wconf 88' lang='lat' dir='ltr'><strong>suumquehumerale,</strong></span> <span class='ocrx_word' id='word_1_267' title='bbox 1342 2620 1658 2691; x_wconf 89' lang='lat' dir='ltr'><strong>imperator</strong></span> <span class='ocrx_word' id='word_1_268' title='bbox 1678 2613 2118 2689; x_wconf 85' lang='lat' dir='ltr'><strong>sagum,induit</strong></span> 
     </span>
    </p>
   </div>
   <div class='ocr_carea' id='block_1_38' title="bbox 472 2703 2114 2779">
    <p class='ocr_par' dir='ltr' id='par_1_38' title="bbox 472 2703 2114 2779">
     <span class='ocr_line' id='line_1_38' title="bbox 472 2703 2114 2779; baseline -0.007 -9"><span class='ocrx_word' id='word_1_269' title='bbox 472 2730 538 2770; x_wconf 87' lang='lat' dir='ltr'><strong>ac</strong></span> <span class='ocrx_word' id='word_1_270' title='bbox 569 2728 767 2769; x_wconf 84' lang='lat' dir='ltr'><strong>rursus</strong></span> <span class='ocrx_word' id='word_1_271' title='bbox 798 2710 858 2767; x_wconf 90' lang='lat' dir='ltr'><strong>in</strong></span> <span class='ocrx_word' id='word_1_272' title='bbox 888 2708 1190 2779; x_wconf 85' lang='lat' dir='ltr'><strong>octangulo</strong></span> <span class='ocrx_word' id='word_1_273' title='bbox 1221 2708 1592 2777; x_wconf 87' lang='lat' dir='ltr'><strong>conveniunt,</strong></span> <span class='ocrx_word' id='word_1_274' title='bbox 1624 2710 1682 2762; x_wconf 90' lang='lat' dir='ltr'><strong>et</strong></span> <span class='ocrx_word' id='word_1_275' title='bbox 1719 2705 1975 2762; x_wconf 87' lang='lat' dir='ltr'><strong>sticbum</strong></span> <span class='ocrx_word' id='word_1_276' title='bbox 2026 2703 2114 2759; x_wconf 85' lang='lat' dir='ltr'><strong>fa-</strong></span> 
     </span>
    </p>
   </div>
   <div class='ocr_carea' id='block_1_39' title="bbox 472 2796 2116 2874">
    <p class='ocr_par' dir='ltr' id='par_1_39' title="bbox 472 2796 2116 2874">
     <span class='ocr_line' id='line_1_39' title="bbox 472 2796 2116 2874; baseline -0.005 -14"><span class='ocrx_word' id='word_1_277' title='bbox 472 2802 659 2861; x_wconf 90' lang='lat' dir='ltr'><strong>ciunt.</strong></span> <span class='ocrx_word' id='word_1_278' title='bbox 682 2803 828 2859; x_wconf 90' lang='lat' dir='ltr'><strong>Tum</strong></span> <span class='ocrx_word' id='word_1_279' title='bbox 862 2802 1203 2874; x_wconf 90' lang='lat' dir='ltr'><strong>imperator,</strong></span> <span class='ocrx_word' id='word_1_280' title='bbox 1250 2816 1401 2872; x_wconf 89' lang='lat' dir='ltr'><strong>pane</strong></span> <span class='ocrx_word' id='word_1_281' title='bbox 1458 2799 1756 2856; x_wconf 88' lang='lat' dir='ltr'><strong>benedicto</strong></span> <span class='ocrx_word' id='word_1_282' title='bbox 1803 2815 1835 2853; x_wconf 87' lang='lat' dir='ltr'><strong>a</strong></span> <span class='ocrx_word' id='word_1_283' title='bbox 1864 2796 2116 2869; x_wconf 89' lang='lat' dir='ltr'><strong>patriar-</strong></span> 
     </span>
    </p>
   </div>
   <div class='ocr_carea' id='block_1_40' title="bbox 473 2886 2114 2965">
    <p class='ocr_par' dir='ltr' id='par_1_40' title="bbox 473 2886 2114 2965">
     <span class='ocr_line' id='line_1_40' title="bbox 473 2886 2114 2965; baseline -0.006 -15"><span class='ocrx_word' id='word_1_284' title='bbox 473 2893 584 2951; x_wconf 87' lang='lat' dir='ltr'><strong>cha</strong></span> <span class='ocrx_word' id='word_1_285' title='bbox 607 2897 864 2965; x_wconf 87' lang='lat' dir='ltr'><strong>accepto,</strong></span> <span class='ocrx_word' id='word_1_286' title='bbox 895 2907 1076 2963; x_wconf 90' lang='lat' dir='ltr'><strong>usque</strong></span> <span class='ocrx_word' id='word_1_287' title='bbox 1124 2890 1196 2946; x_wconf 87' lang='lat' dir='ltr'><strong>ad</strong></span> <span class='ocrx_word' id='word_1_288' title='bbox 1224 2888 1527 2962; x_wconf 88' lang='lat' dir='ltr'><strong>augustale</strong></span> <span class='ocrx_word' id='word_1_289' title='bbox 1558 2886 1836 2960; x_wconf 87' lang='lat' dir='ltr'><strong>procedit,</strong></span> <span class='ocrx_word' id='word_1_290' title='bbox 1869 2890 1926 2941; x_wconf 89' lang='lat' dir='ltr'><strong>et</strong></span> <span class='ocrx_word' id='word_1_291' title='bbox 1955 2888 2114 2956; x_wconf 81' lang='lat' dir='ltr'><strong>post-</strong></span> 
     </span>
    </p>
   </div>
   <div class='ocr_carea' id='block_1_41' title="bbox 472 2975 2188 3068">
    <p class='ocr_par' dir='ltr' id='par_1_41' title="bbox 472 2975 2188 3068">
     <span class='ocr_line' id='line_1_41' title="bbox 472 2975 2188 3068; baseline -0.007 -28"><span class='ocrx_word' id='word_1_292' title='bbox 472 2998 647 3056; x_wconf 89' lang='lat' dir='ltr'><strong>quam</strong></span> <span class='ocrx_word' id='word_1_293' title='bbox 681 2998 743 3039; x_wconf 86' lang='lat' dir='ltr'><strong>se</strong></span> <span class='ocrx_word' id='word_1_294' title='bbox 791 2982 1110 3039; x_wconf 89' lang='lat' dir='ltr'><strong>adorarunt</strong></span> <span class='ocrx_word' id='word_1_295' title='bbox 1145 2979 1507 3049; x_wconf 87' lang='lat' dir='ltr'><strong>osculatique</strong></span> <span class='ocrx_word' id='word_1_296' title='bbox 1535 2980 1690 3040; x_wconf 87' lang='lat' dir='ltr'><strong>sunt,</strong></span> <span class='ocrx_word' id='word_1_297' title='bbox 1725 2975 2111 3047; x_wconf 87' lang='lat' dir='ltr'><strong>patriarcbam</strong></span> <span class='ocrx_word' id='word_1_298' title='bbox 2142 3003 2188 3068; x_wconf 66' lang='grc' dir='ltr'>ο</span> 
     </span>
    </p>
   </div>
   <div class='ocr_carea' id='block_1_42' title="bbox 474 3069 2116 3140">
    <p class='ocr_par' dir='ltr' id='par_1_42' title="bbox 474 3069 2116 3140">
     <span class='ocr_line' id='line_1_42' title="bbox 474 3069 2116 3140; baseline -0.005 -12"><span class='ocrx_word' id='word_1_299' title='bbox 474 3075 588 3128; x_wconf 92' lang='lat' dir='ltr'><strong>duo</strong></span> <span class='ocrx_word' id='word_1_300' title='bbox 616 3070 948 3128; x_wconf 85' lang='lat' dir='ltr'><strong>cubicularii</strong></span> <span class='ocrx_word' id='word_1_301' title='bbox 974 3069 1308 3140; x_wconf 91' lang='lat' dir='ltr'><strong>suscipiunt</strong></span> <span class='ocrx_word' id='word_1_302' title='bbox 1335 3073 1390 3124; x_wconf 90' lang='lat' dir='ltr'><strong>et</strong></span> <span class='ocrx_word' id='word_1_303' title='bbox 1418 3069 1484 3123; x_wconf 89' lang='lat' dir='ltr'><strong>ad</strong></span> <span class='ocrx_word' id='word_1_304' title='bbox 1510 3075 1740 3124; x_wconf 88' lang='lat' dir='ltr'><strong>stennm</strong></span> <span class='ocrx_word' id='word_1_305' title='bbox 1776 3081 1876 3121; x_wconf 87' lang='lat' dir='ltr'><strong>seu</strong></span> <span class='ocrx_word' id='word_1_306' title='bbox 1901 3080 2116 3134; x_wconf 91' lang='lat' dir='ltr'><strong>onopo-</strong></span> 
     </span>
    </p>
   </div>
   <div class='ocr_carea' id='block_1_43' title="bbox 476 3152 2114 3230">
    <p class='ocr_par' dir='ltr' id='par_1_43' title="bbox 476 3152 2114 3230">
     <span class='ocr_line' id='line_1_43' title="bbox 476 3152 2114 3230; baseline -0.004 -14"><span class='ocrx_word' id='word_1_307' title='bbox 476 3161 638 3216; x_wconf 88' lang='lat' dir='ltr'><strong>dium</strong></span> <span class='ocrx_word' id='word_1_308' title='bbox 669 3175 853 3230; x_wconf 86' lang='lat' dir='ltr'><strong>usque</strong></span> <span class='ocrx_word' id='word_1_309' title='bbox 886 3159 1233 3230; x_wconf 90' lang='lat' dir='ltr'><strong>perducunt.</strong></span> <span class='ocrx_word' id='word_1_310' title='bbox 1267 3159 1590 3228; x_wconf 87' lang='lat' dir='ltr'><strong>Imperator</strong></span> <span class='ocrx_word' id='word_1_311' title='bbox 1618 3170 1752 3211; x_wconf 92' lang='lat' dir='ltr'><strong>vero</strong></span> <span class='ocrx_word' id='word_1_312' title='bbox 1787 3170 1820 3209; x_wconf 89' lang='lat' dir='ltr'><strong>a</strong></span> <span class='ocrx_word' id='word_1_313' title='bbox 1848 3152 2114 3209; x_wconf 80' lang='lat' dir='ltr'><strong>cubiculo</strong></span> 
     </span>
    </p>
   </div>
   <div class='ocr_carea' id='block_1_44' title="bbox 471 3244 2117 3318">
    <p class='ocr_par' dir='ltr' id='par_1_44' title="bbox 471 3244 2117 3318">
     <span class='ocr_line' id='line_1_44' title="bbox 471 3244 2117 3318; baseline -0.006 -11"><span class='ocrx_word' id='word_1_314' title='bbox 471 3254 530 3307; x_wconf 87' lang='lat' dir='ltr'><strong>et</strong></span> <span class='ocrx_word' id='word_1_315' title='bbox 561 3248 924 3305; x_wconf 89' lang='lat' dir='ltr'><strong>manclavitis</strong></span> <span class='ocrx_word' id='word_1_316' title='bbox 952 3247 1224 3318; x_wconf 86' lang='lat' dir='ltr'><strong>stipatus,</strong></span> <span class='ocrx_word' id='word_1_317' title='bbox 1256 3244 1536 3317; x_wconf 85' lang='lat' dir='ltr'><strong>palatium</strong></span> <span class='ocrx_word' id='word_1_318' title='bbox 1567 3244 1764 3313; x_wconf 87' lang='lat' dir='ltr'><strong>intrat,</strong></span> <span class='ocrx_word' id='word_1_319' title='bbox 1795 3258 2117 3313; x_wconf 83' lang='lat' dir='ltr'><strong>omnesque</strong></span> 
     </span>
    </p>
   </div>
   <div class='ocr_carea' id='block_1_45' title="bbox 473 3331 2114 3404">
    <p class='ocr_par' dir='ltr' id='par_1_45' title="bbox 473 3331 2114 3404">
     <span class='ocr_line' id='line_1_45' title="bbox 473 3331 2114 3404; baseline -0.005 -9"><span class='ocrx_word' id='word_1_320' title='bbox 473 3336 841 3404; x_wconf 87' lang='lat' dir='ltr'><strong>cubicularii,</strong></span> <span class='ocrx_word' id='word_1_321' title='bbox 899 3336 958 3392; x_wconf 90' lang='lat' dir='ltr'><strong>in</strong></span> <span class='ocrx_word' id='word_1_322' title='bbox 1000 3352 1176 3393; x_wconf 91' lang='lat' dir='ltr'><strong>aureo</strong></span> <span class='ocrx_word' id='word_1_323' title='bbox 1223 3333 1474 3391; x_wconf 90' lang='lat' dir='ltr'><strong>triclinio</strong></span> <span class='ocrx_word' id='word_1_324' title='bbox 1507 3333 1836 3398; x_wconf 87' lang='lat' dir='ltr'><strong>constituti,</strong></span> <span class='ocrx_word' id='word_1_325' title='bbox 1867 3331 2114 3403; x_wconf 90' lang='lat' dir='ltr'><strong>impera-</strong></span> 
     </span>
    </p>
   </div>
   <div class='ocr_carea' id='block_1_46' title="bbox 473 3424 2110 3496">
    <p class='ocr_par' dir='ltr' id='par_1_46' title="bbox 473 3424 2110 3496">
     <span class='ocr_line' id='line_1_46' title="bbox 473 3424 2110 3496; baseline -0.005 -13"><span class='ocrx_word' id='word_1_326' title='bbox 473 3428 621 3484; x_wconf 90' lang='lat' dir='ltr'><strong>tori:</strong></span> <span class='ocrx_word' id='word_1_327' title='bbox 656 3449 686 3477; x_wconf 87' lang='lat'><strong><em>«</em></strong></span> <span class='ocrx_word' id='word_1_328' title='bbox 719 3427 782 3481; x_wconf 88' lang='lat' dir='ltr'><strong>In</strong></span> <span class='ocrx_word' id='word_1_329' title='bbox 842 3424 1027 3481; x_wconf 89' lang='lat' dir='ltr'><strong>multa</strong></span> <span class='ocrx_word' id='word_1_330' title='bbox 1056 3426 1319 3494; x_wconf 87' lang='lat' dir='ltr'><strong>bonaque</strong></span> <span class='ocrx_word' id='word_1_331' title='bbox 1347 3428 1630 3496; x_wconf 89' lang='lat' dir='ltr'><strong>tempora,</strong></span> <span class='ocrx_word' id='word_1_332' title='bbox 1679 3443 1705 3475; x_wconf 71' lang='grc' dir='ltr'>ιο</span> <span class='ocrx_word' id='word_1_333' title='bbox 1767 3424 2110 3477; x_wconf 88' lang='lat' dir='ltr'><strong>acclamant.</strong></span> 
     </span>
    </p>
   </div>
   <div class='ocr_carea' id='block_1_47' title="bbox 474 3512 2112 3586">
    <p class='ocr_par' dir='ltr' id='par_1_47' title="bbox 474 3512 2112 3586">
     <span class='ocr_line' id='line_1_47' title="bbox 474 3512 2112 3586; baseline -0.003 -12"><span class='ocrx_word' id='word_1_334' title='bbox 474 3518 607 3574; x_wconf 85' lang='lat' dir='ltr'><strong>Haec</strong></span> <span class='ocrx_word' id='word_1_335' title='bbox 636 3521 831 3574; x_wconf 86' lang='lat' dir='ltr'><strong>autem</strong></span> <span class='ocrx_word' id='word_1_336' title='bbox 860 3516 1219 3586; x_wconf 87' lang='lat' dir='ltr'><strong>acclamatio,</strong></span> <span class='ocrx_word' id='word_1_337' title='bbox 1240 3514 1401 3570; x_wconf 84' lang='lat' dir='ltr'><strong>ﬁnito</strong></span> <span class='ocrx_word' id='word_1_338' title='bbox 1418 3514 1657 3570; x_wconf 85' lang='lat' dir='ltr'><strong>domum</strong></span> <span class='ocrx_word' id='word_1_339' title='bbox 1679 3512 2112 3581; x_wconf 89' lang='lat' dir='ltr'><strong>dodecaemero,</strong></span> 
     </span>
    </p>
   </div>
   <div class='ocr_carea' id='block_1_48' title="bbox 472 3607 817 3663">
    <p class='ocr_par' dir='ltr' id='par_1_48' title="bbox 472 3607 817 3663">
     <span class='ocr_line' id='line_1_48' title="bbox 472 3607 817 3663; baseline -0.003 0"><span class='ocrx_word' id='word_1_340' title='bbox 472 3607 817 3663; x_wconf 88' lang='lat' dir='ltr'><strong>instituitur.</strong></span> 
     </span>
    </p>
   </div>
   <div class='ocr_carea' id='block_1_49' title="bbox 2222 1711 3868 1793">
    <p class='ocr_par' dir='ltr' id='par_1_49' title="bbox 2222 1711 3868 1793">
     <span class='ocr_line' id='line_1_49' title="bbox 2222 1711 3868 1793; baseline -0.002 -20"><span class='ocrx_word' id='word_1_341' title='bbox 2222 1723 2328 1774; x_wconf 79' lang='grc' dir='ltr'>τῶν</span> <span class='ocrx_word' id='word_1_342' title='bbox 2358 1718 2532 1793; x_wconf 74' lang='grc' dir='ltr'>φίλων</span> <span class='ocrx_word' id='word_1_343' title='bbox 2563 1718 2906 1793; x_wconf 70' lang='grc' dir='ltr'>ἐξελθόντων,</span> <span class='ocrx_word' id='word_1_344' title='bbox 2941 1719 3192 1793; x_wconf 85' lang='grc' dir='ltr'>μένουσιν</span> <span class='ocrx_word' id='word_1_345' title='bbox 3223 1720 3276 1774; x_wconf 73' lang='grc' dir='ltr'>οἱ</span> <span class='ocrx_word' id='word_1_346' title='bbox 3320 1722 3417 1774; x_wconf 81' lang='grc' dir='ltr'><strong>τοῦ</strong></span> <span class='ocrx_word' id='word_1_347' title='bbox 3469 1717 3581 1773; x_wconf 76' lang='grc' dir='ltr'>ἄνω</span> <span class='ocrx_word' id='word_1_348' title='bbox 3640 1711 3868 1773; x_wconf 82' lang='grc' dir='ltr'>ἀκουϐί-</span> 
     </span>
    </p>
   </div>
   <div class='ocr_carea' id='block_1_50' title="bbox 2222 1810 3869 1891">
    <p class='ocr_par' dir='ltr' id='par_1_50' title="bbox 2222 1810 3869 1891">
     <span class='ocr_line' id='line_1_50' title="bbox 2222 1810 3869 1891; baseline 0 -26"><span class='ocrx_word' id='word_1_349' title='bbox 2222 1831 2320 1866; x_wconf 87' lang='grc' dir='ltr'><strong>του</strong></span> <span class='ocrx_word' id='word_1_350' title='bbox 2351 1810 2504 1891; x_wconf 75' lang='grc' dir='ltr'>φίλοι</span> <span class='ocrx_word' id='word_1_351' title='bbox 2536 1815 2633 1885; x_wconf 84' lang='grc'>(9),</span> <span class='ocrx_word' id='word_1_352' title='bbox 2666 1813 2718 1867; x_wconf 75' lang='grc' dir='ltr'>οἱ</span> <span class='ocrx_word' id='word_1_353' title='bbox 2752 1814 3156 1888; x_wconf 78' lang='grc' dir='ltr'>μητροπολῖται</span> <span class='ocrx_word' id='word_1_354' title='bbox 3187 1810 3277 1866; x_wconf 81' lang='grc' dir='ltr'>καί</span> <span class='ocrx_word' id='word_1_355' title='bbox 3305 1810 3425 1866; x_wconf 81' lang='grc' dir='ltr'>ὅσοι</span> <span class='ocrx_word' id='word_1_356' title='bbox 3464 1810 3598 1866; x_wconf 78' lang='grc' dir='ltr'>εἰσὶν</span> <span class='ocrx_word' id='word_1_357' title='bbox 3632 1812 3707 1873; x_wconf 89' lang='grc' dir='ltr'><strong>εἰς</strong></span> <span class='ocrx_word' id='word_1_358' title='bbox 3736 1810 3869 1873; x_wconf 72' lang='grc' dir='ltr'>τοὺς</span> 
     </span>
    </p>
   </div>
   <div class='ocr_carea' id='block_1_51' title="bbox 2223 1896 3873 1979">
    <p class='ocr_par' dir='ltr' id='par_1_51' title="bbox 2223 1896 3873 1979">
     <span class='ocr_line' id='line_1_51' title="bbox 2223 1896 3873 1979; baseline 0.001 -25"><span class='ocrx_word' id='word_1_359' title='bbox 2223 1901 2475 1974; x_wconf 86' lang='grc' dir='ltr'>πρώτους</span> <span class='ocrx_word' id='word_1_360' title='bbox 2532 1896 2876 1971; x_wconf 78' lang='grc' dir='ltr'>ἀκουϐίτυυς,</span> <span class='ocrx_word' id='word_1_361' title='bbox 2926 1901 3097 1979; x_wconf 77' lang='grc' dir='ltr'>ἤγουν</span> <span class='ocrx_word' id='word_1_362' title='bbox 3147 1901 3224 1963; x_wconf 75' lang='grc' dir='ltr'>εἱς</span> <span class='ocrx_word' id='word_1_363' title='bbox 3282 1901 3374 1956; x_wconf 85' lang='grc' dir='ltr'><strong>τὸν</strong></span> <span class='ocrx_word' id='word_1_364' title='bbox 3434 1896 3603 1973; x_wconf 83' lang='grc' dir='ltr'>δεξιὸν</span> <span class='ocrx_word' id='word_1_365' title='bbox 3648 1900 3739 1955; x_wconf 88' lang='grc' dir='ltr'><strong>καὶ</strong></span> <span class='ocrx_word' id='word_1_366' title='bbox 3789 1899 3873 1955; x_wconf 81' lang='grc' dir='ltr'><strong>εὐ-</strong></span> 
     </span>
    </p>
   </div>
   <div class='ocr_carea' id='block_1_52' title="bbox 2225 1987 3872 2065">
    <p class='ocr_par' dir='ltr' id='par_1_52' title="bbox 2225 1987 3872 2065">
     <span class='ocr_line' id='line_1_52' title="bbox 2225 1987 3872 2065; baseline 0.001 -21"><span class='ocrx_word' id='word_1_367' title='bbox 2225 1992 2465 2062; x_wconf 84' lang='grc' dir='ltr'>ώνυμον,</span> <span class='ocrx_word' id='word_1_368' title='bbox 2500 1989 2786 2046; x_wconf 83' lang='grc' dir='ltr'>έπίσκοποι</span> <span class='ocrx_word' id='word_1_369' title='bbox 2816 2012 2829 2027; x_wconf 76' lang='grc' dir='ltr'><strong>ο</strong></span> <span class='ocrx_word' id='word_1_370' title='bbox 2871 1990 3084 2046; x_wconf 89' lang='grc' dir='ltr'>πίνουσι</span> <span class='ocrx_word' id='word_1_371' title='bbox 3117 1987 3175 2045; x_wconf 70' lang='grc' dir='ltr'>δὲ</span> <span class='ocrx_word' id='word_1_372' title='bbox 3206 1988 3373 2046; x_wconf 87' lang='grc' dir='ltr'>πάλιν</span> <span class='ocrx_word' id='word_1_373' title='bbox 3417 1989 3555 2065; x_wconf 86' lang='grc' dir='ltr'>πρὸς</span> <span class='ocrx_word' id='word_1_374' title='bbox 3586 1991 3720 2060; x_wconf 79' lang='grc' dir='ltr'>ἅπαξ</span> <span class='ocrx_word' id='word_1_375' title='bbox 3754 1988 3785 2045; x_wconf 80' lang='lat'>6&#39;</span> <span class='ocrx_word' id='word_1_376' title='bbox 3812 2011 3872 2045; x_wconf 86' lang='grc' dir='ltr'><strong>τε</strong></span> 
     </span>
    </p>
   </div>
   <div class='ocr_carea' id='block_1_53' title="bbox 2228 2078 3869 2156">
    <p class='ocr_par' dir='ltr' id='par_1_53' title="bbox 2228 2078 3869 2156">
     <span class='ocr_line' id='line_1_53' title="bbox 2228 2078 3869 2156; baseline 0.001 -22"><span class='ocrx_word' id='word_1_377' title='bbox 2228 2079 2480 2155; x_wconf 88' lang='grc' dir='ltr'>βασιλεὺς</span> <span class='ocrx_word' id='word_1_378' title='bbox 2543 2080 2633 2134; x_wconf 84' lang='grc' dir='ltr'><strong>καὶ</strong></span> <span class='ocrx_word' id='word_1_379' title='bbox 2692 2081 2719 2135; x_wconf 91' lang='lat'><strong>6</strong></span> <span class='ocrx_word' id='word_1_380' title='bbox 2768 2081 3083 2156; x_wconf 77' lang='grc' dir='ltr'>πατριάχης</span> <span class='ocrx_word' id='word_1_381' title='bbox 3148 2079 3238 2135; x_wconf 80' lang='grc' dir='ltr'>καὶ</span> <span class='ocrx_word' id='word_1_382' title='bbox 3305 2079 3356 2134; x_wconf 89' lang='lat' dir='ltr'><strong>o&#39;t</strong></span> <span class='ocrx_word' id='word_1_383' title='bbox 3420 2078 3869 2153; x_wconf 81' lang='grc' dir='ltr'>ἐναπομείναντες</span> 
     </span>
    </p>
   </div>
   <div class='ocr_carea' id='block_1_54' title="bbox 2224 2163 3872 2248">
    <p class='ocr_par' dir='ltr' id='par_1_54' title="bbox 2224 2163 3872 2248">
     <span class='ocr_line' id='line_1_54' title="bbox 2224 2163 3872 2248; baseline 0.001 -24"><span class='ocrx_word' id='word_1_384' title='bbox 2224 2168 2399 2248; x_wconf 68' lang='grc' dir='ltr'>φίλοι,</span> <span class='ocrx_word' id='word_1_385' title='bbox 2456 2168 2550 2224; x_wconf 85' lang='grc' dir='ltr'><strong>καὶ</strong></span> <span class='ocrx_word' id='word_1_386' title='bbox 2605 2170 2696 2224; x_wconf 78' lang='grc' dir='ltr'><strong>εἶθ’</strong></span> <span class='ocrx_word' id='word_1_387' title='bbox 2767 2167 2943 2231; x_wconf 77' lang='grc' dir='ltr'>οὕτως</span> <span class='ocrx_word' id='word_1_388' title='bbox 3010 2163 3270 2231; x_wconf 88' lang='grc' dir='ltr'>λαϐόντες</span> <span class='ocrx_word' id='word_1_389' title='bbox 3345 2173 3519 2241; x_wconf 74' lang='grc' dir='ltr'>νεῦμα</span> <span class='ocrx_word' id='word_1_390' title='bbox 3574 2171 3718 2244; x_wconf 84' lang='grc' dir='ltr'><strong>παρά</strong></span> <span class='ocrx_word' id='word_1_391' title='bbox 3771 2174 3872 2225; x_wconf 88' lang='lat'><strong>106</strong></span> 
     </span>
    </p>
   </div>
   <div class='ocr_carea' id='block_1_55' title="bbox 2223 2254 3869 2334">
    <p class='ocr_par' dir='ltr' id='par_1_55' title="bbox 2223 2254 3869 2334">
     <span class='ocr_line' id='line_1_55' title="bbox 2223 2254 3869 2334; baseline 0.001 -23"><span class='ocrx_word' id='word_1_392' title='bbox 2223 2255 2608 2330; x_wconf 83' lang='grc' dir='ltr'>πραιποσὶτου,</span> <span class='ocrx_word' id='word_1_393' title='bbox 2668 2254 2979 2334; x_wconf 80' lang='grc' dir='ltr'>ἐξέρχονται</span> <span class='ocrx_word' id='word_1_394' title='bbox 3022 2255 3113 2310; x_wconf 85' lang='grc' dir='ltr'><strong>καὶ</strong></span> <span class='ocrx_word' id='word_1_395' title='bbox 3171 2255 3346 2327; x_wconf 78' lang='grc' dir='ltr'>αὐτοὶ,</span> <span class='ocrx_word' id='word_1_396' title='bbox 3385 2255 3476 2310; x_wconf 85' lang='grc' dir='ltr'><strong>καὶ</strong></span> <span class='ocrx_word' id='word_1_397' title='bbox 3539 2257 3639 2321; x_wconf 74' lang='grc' dir='ltr'>εἴθ’</span> <span class='ocrx_word' id='word_1_398' title='bbox 3695 2256 3869 2319; x_wconf 66' lang='grc' dir='ltr'>οὕτως</span> 
     </span>
    </p>
   </div>
   <div class='ocr_carea' id='block_1_56' title="bbox 2225 2340 3870 2420">
    <p class='ocr_par' dir='ltr' id='par_1_56' title="bbox 2225 2340 3870 2420">
     <span class='ocr_line' id='line_1_56' title="bbox 2225 2340 3870 2420; baseline 0.002 -22"><span class='ocrx_word' id='word_1_399' title='bbox 2225 2340 2408 2400; x_wconf 88' lang='grc' dir='ltr'>λαϐὼν</span> <span class='ocrx_word' id='word_1_400' title='bbox 2457 2349 2629 2418; x_wconf 74' lang='grc' dir='ltr'>νεῦμα</span> <span class='ocrx_word' id='word_1_401' title='bbox 2672 2345 2699 2400; x_wconf 93' lang='lat'><strong>6</strong></span> <span class='ocrx_word' id='word_1_402' title='bbox 2747 2346 3255 2419; x_wconf 83' lang='grc' dir='ltr'>πρωτοσπαθάριος,</span> <span class='ocrx_word' id='word_1_403' title='bbox 3303 2344 3577 2420; x_wconf 81' lang='grc' dir='ltr'>ἐξέρχεται</span> <span class='ocrx_word' id='word_1_404' title='bbox 3627 2346 3714 2400; x_wconf 82' lang='grc' dir='ltr'><strong>καὶ</strong></span> <span class='ocrx_word' id='word_1_405' title='bbox 3764 2347 3870 2401; x_wconf 79' lang='grc' dir='ltr'>αὗ-</span> 
     </span>
    </p>
   </div>
   <div class='ocr_carea' id='block_1_57' title="bbox 2223 2432 3869 2510">
    <p class='ocr_par' dir='ltr' id='par_1_57' title="bbox 2223 2432 3869 2510">
     <span class='ocr_line' id='line_1_57' title="bbox 2223 2432 3869 2510; baseline 0.002 -22"><span class='ocrx_word' id='word_1_406' title='bbox 2223 2435 2304 2495; x_wconf 85' lang='grc' dir='ltr'>θις</span> <span class='ocrx_word' id='word_1_407' title='bbox 2360 2437 2395 2503; x_wconf 83' lang='grc' dir='ltr'>ἡ</span> <span class='ocrx_word' id='word_1_408' title='bbox 2457 2433 2743 2510; x_wconf 82' lang='grc' dir='ltr'>ὑπουργία.</span> <span class='ocrx_word' id='word_1_409' title='bbox 2804 2435 2908 2490; x_wconf 80' lang='grc' dir='ltr'>Καὶ</span> <span class='ocrx_word' id='word_1_410' title='bbox 2965 2434 3182 2489; x_wconf 88' lang='grc' dir='ltr'>πάντων</span> <span class='ocrx_word' id='word_1_411' title='bbox 3234 2432 3580 2507; x_wconf 77' lang='grc' dir='ltr'>ἐξελθόντων,</span> <span class='ocrx_word' id='word_1_412' title='bbox 3635 2433 3780 2508; x_wconf 87' lang='grc' dir='ltr'>μένει</span> <span class='ocrx_word' id='word_1_413' title='bbox 3838 2436 3869 2491; x_wconf 82' lang='grc' dir='ltr'>ὀ</span> 
     </span>
    </p>
   </div>
   <div class='ocr_carea' id='block_1_58' title="bbox 2229 2525 3870 2605">
    <p class='ocr_par' dir='ltr' id='par_1_58' title="bbox 2229 2525 3870 2605">
     <span class='ocr_line' id='line_1_58' title="bbox 2229 2525 3870 2605; baseline 0.001 -25"><span class='ocrx_word' id='word_1_414' title='bbox 2229 2525 2482 2601; x_wconf 77' lang='grc' dir='ltr'>βασιλεὺς</span> <span class='ocrx_word' id='word_1_415' title='bbox 2517 2526 2652 2599; x_wconf 86' lang='grc' dir='ltr'><strong>μετά</strong></span> <span class='ocrx_word' id='word_1_416' title='bbox 2703 2526 2870 2598; x_wconf 88' lang='grc' dir='ltr'>μόνου</span> <span class='ocrx_word' id='word_1_417' title='bbox 2920 2529 3016 2581; x_wconf 82' lang='grc' dir='ltr'><strong>τοῦ</strong></span> <span class='ocrx_word' id='word_1_418' title='bbox 3065 2526 3412 2605; x_wconf 80' lang='grc' dir='ltr'>πατριάρχου</span> <span class='ocrx_word' id='word_1_419' title='bbox 3454 2526 3545 2582; x_wconf 86' lang='grc' dir='ltr'><strong>καὶ</strong></span> <span class='ocrx_word' id='word_1_420' title='bbox 3591 2530 3688 2582; x_wconf 90' lang='lat'><strong>106</strong></span> <span class='ocrx_word' id='word_1_421' title='bbox 3738 2548 3870 2583; x_wconf 76' lang='grc' dir='ltr'>κου·</span> 
     </span>
    </p>
   </div>
   <div class='ocr_carea' id='block_1_59' title="bbox 2224 2609 3868 2692">
    <p class='ocr_par' dir='ltr' id='par_1_59' title="bbox 2224 2609 3868 2692">
     <span class='ocr_line' id='line_1_59' title="bbox 2224 2609 3868 2692; baseline 0.002 -23"><span class='ocrx_word' id='word_1_422' title='bbox 2224 2609 2537 2672; x_wconf 63' lang='grc' dir='ltr'>ϐουκλείοο.</span> <span class='ocrx_word' id='word_1_423' title='bbox 2571 2615 2674 2672; x_wconf 85' lang='grc' dir='ltr'><strong>Καὶ</strong></span> <span class='ocrx_word' id='word_1_424' title='bbox 2726 2616 2942 2677; x_wconf 83' lang='grc' dir='ltr'>πιόντες</span> <span class='ocrx_word' id='word_1_425' title='bbox 2990 2613 3156 2669; x_wconf 87' lang='grc' dir='ltr'>πάλιν</span> <span class='ocrx_word' id='word_1_426' title='bbox 3196 2615 3498 2692; x_wconf 81' lang='grc' dir='ltr'>ἀμφότεροι</span> <span class='ocrx_word' id='word_1_427' title='bbox 3526 2616 3663 2691; x_wconf 86' lang='grc' dir='ltr'>πρὸς</span> <span class='ocrx_word' id='word_1_428' title='bbox 3707 2617 3868 2688; x_wconf 75' lang='grc' dir='ltr'>ἅπαξ,</span> 
     </span>
    </p>
   </div>
   <div class='ocr_carea' id='block_1_60' title="bbox 2223 2704 3865 2780">
    <p class='ocr_par' dir='ltr' id='par_1_60' title="bbox 2223 2704 3865 2780">
     <span class='ocr_line' id='line_1_60' title="bbox 2223 2704 3865 2780; baseline 0 -21"><span class='ocrx_word' id='word_1_429' title='bbox 2223 2704 2554 2773; x_wconf 81' lang='grc' dir='ltr'>ἀνίστανται,</span> <span class='ocrx_word' id='word_1_430' title='bbox 2610 2704 2701 2759; x_wconf 81' lang='grc' dir='ltr'><strong>καὶ</strong></span> <span class='ocrx_word' id='word_1_431' title='bbox 2783 2705 3079 2780; x_wconf 84' lang='grc' dir='ltr'>ἀπέρχεται</span> <span class='ocrx_word' id='word_1_432' title='bbox 3138 2704 3166 2759; x_wconf 89' lang='lat'><strong>6</strong></span> <span class='ocrx_word' id='word_1_433' title='bbox 3215 2724 3561 2780; x_wconf 86' lang='grc' dir='ltr'>πατριτρχης</span> <span class='ocrx_word' id='word_1_434' title='bbox 3639 2705 3714 2766; x_wconf 80' lang='grc' dir='ltr'>εἷς</span> <span class='ocrx_word' id='word_1_435' title='bbox 3771 2705 3865 2761; x_wconf 85' lang='grc' dir='ltr'><strong>τὸν</strong></span> 
     </span>
    </p>
   </div>
   <div class='ocr_carea' id='block_1_61' title="bbox 2223 2791 3868 2871">
    <p class='ocr_par' dir='ltr' id='par_1_61' title="bbox 2223 2791 3868 2871">
     <span class='ocr_line' id='line_1_61' title="bbox 2223 2791 3868 2871; baseline -0.002 -21"><span class='ocrx_word' id='word_1_436' title='bbox 2223 2795 2414 2869; x_wconf 79' lang='grc' dir='ltr'>Ἀγιον</span> <span class='ocrx_word' id='word_1_437' title='bbox 2448 2795 2716 2871; x_wconf 77' lang='grc' dir='ltr'>Στέφανον</span> <span class='ocrx_word' id='word_1_438' title='bbox 2770 2792 2863 2848; x_wconf 80' lang='grc' dir='ltr'><strong>καὶ</strong></span> <span class='ocrx_word' id='word_1_439' title='bbox 2910 2791 3107 2867; x_wconf 80' lang='grc' dir='ltr'>βάλλει</span> <span class='ocrx_word' id='word_1_440' title='bbox 3144 2792 3208 2847; x_wconf 84' lang='grc' dir='ltr'>τὸ</span> <span class='ocrx_word' id='word_1_441' title='bbox 3259 2792 3577 2869; x_wconf 82' lang='grc' dir='ltr'>ώμοφόριον</span> <span class='ocrx_word' id='word_1_442' title='bbox 3609 2793 3797 2864; x_wconf 78' lang='grc' dir='ltr'>αὐτοῦ,</span> <span class='ocrx_word' id='word_1_443' title='bbox 3838 2794 3868 2847; x_wconf 88' lang='lat'><strong>6</strong></span> 
     </span>
    </p>
   </div>
   <div class='ocr_carea' id='block_1_62' title="bbox 2225 2879 3865 2956">
    <p class='ocr_par' dir='ltr' id='par_1_62' title="bbox 2225 2879 3865 2956">
     <span class='ocr_line' id='line_1_62' title="bbox 2225 2879 3865 2956; baseline -0.001 -19"><span class='ocrx_word' id='word_1_444' title='bbox 2225 2879 2282 2937; x_wconf 73' lang='grc' dir='ltr'><strong>δὲ</strong></span> <span class='ocrx_word' id='word_1_445' title='bbox 2315 2880 2570 2956; x_wconf 80' lang='grc' dir='ltr'>βασιλεὺς</span> <span class='ocrx_word' id='word_1_446' title='bbox 2598 2882 2661 2935; x_wconf 89' lang='grc' dir='ltr'>τὸ</span> <span class='ocrx_word' id='word_1_447' title='bbox 2711 2879 2895 2956; x_wconf 83' lang='grc' dir='ltr'>σαγίον</span> <span class='ocrx_word' id='word_1_448' title='bbox 2941 2881 3131 2950; x_wconf 76' lang='grc' dir='ltr'>αὐτοῦ,</span> <span class='ocrx_word' id='word_1_449' title='bbox 3162 2881 3253 2935; x_wconf 84' lang='grc' dir='ltr'><strong>καὶ</strong></span> <span class='ocrx_word' id='word_1_450' title='bbox 3293 2879 3534 2937; x_wconf 81' lang='grc' dir='ltr'>ἒνοῦνται</span> <span class='ocrx_word' id='word_1_451' title='bbox 3566 2880 3730 2937; x_wconf 88' lang='grc' dir='ltr'>πάλιν</span> <span class='ocrx_word' id='word_1_452' title='bbox 3787 2882 3865 2943; x_wconf 82' lang='grc' dir='ltr'><strong>εἰς</strong></span> 
     </span>
    </p>
   </div>
   <div class='ocr_carea' id='block_1_63' title="bbox 2224 2966 3868 3045">
    <p class='ocr_par' dir='ltr' id='par_1_63' title="bbox 2224 2966 3868 3045">
     <span class='ocr_line' id='line_1_63' title="bbox 2224 2966 3868 3045; baseline -0.001 -18"><span class='ocrx_word' id='word_1_453' title='bbox 2224 2972 2287 3027; x_wconf 85' lang='grc' dir='ltr'>τὸ</span> <span class='ocrx_word' id='word_1_454' title='bbox 2314 2971 2643 3045; x_wconf 86' lang='grc' dir='ltr'>ὀκτάγωνὸν,</span> <span class='ocrx_word' id='word_1_455' title='bbox 2676 2969 2765 3025; x_wconf 80' lang='grc' dir='ltr'><strong>καὶ</strong></span> <span class='ocrx_word' id='word_1_456' title='bbox 2795 2973 3014 3024; x_wconf 78' lang='grc' dir='ltr'>ποιοῦσι</span> <span class='ocrx_word' id='word_1_457' title='bbox 3043 2972 3137 3025; x_wconf 88' lang='grc' dir='ltr'>τὸν</span> <span class='ocrx_word' id='word_1_458' title='bbox 3170 2970 3382 3045; x_wconf 89' lang='grc' dir='ltr'>στίχον.</span> <span class='ocrx_word' id='word_1_459' title='bbox 3416 2971 3568 3028; x_wconf 79' lang='grc' dir='ltr'>Ἐἶτα</span> <span class='ocrx_word' id='word_1_460' title='bbox 3596 2971 3641 3008; x_wconf 77' lang='grc'><strong>’⁷⁷</strong></span> <span class='ocrx_word' id='word_1_461' title='bbox 3680 2966 3868 3026; x_wconf 88' lang='grc' dir='ltr'>λαϐὼν</span> 
     </span>
    </p>
   </div>
   <div class='ocr_carea' id='block_1_64' title="bbox 2228 3057 3871 3136">
    <p class='ocr_par' dir='ltr' id='par_1_64' title="bbox 2228 3057 3871 3136">
     <span class='ocr_line' id='line_1_64' title="bbox 2228 3057 3871 3136; baseline 0 -20"><span class='ocrx_word' id='word_1_462' title='bbox 2228 3062 2256 3116; x_wconf 94' lang='lat'><strong>6</strong></span> <span class='ocrx_word' id='word_1_463' title='bbox 2293 3059 2545 3135; x_wconf 77' lang='grc' dir='ltr'>βασιλεὺς</span> <span class='ocrx_word' id='word_1_464' title='bbox 2575 3060 2719 3134; x_wconf 86' lang='grc' dir='ltr'><strong>παρά</strong></span> <span class='ocrx_word' id='word_1_465' title='bbox 2765 3063 2862 3114; x_wconf 89' lang='lat'><strong>106</strong></span> <span class='ocrx_word' id='word_1_466' title='bbox 2893 3061 3234 3135; x_wconf 79' lang='grc' dir='ltr'>πατριάρχου</span> <span class='ocrx_word' id='word_1_467' title='bbox 3283 3059 3559 3135; x_wconf 81' lang='grc' dir='ltr'>εὐλογίας,</span> <span class='ocrx_word' id='word_1_468' title='bbox 3593 3057 3871 3136; x_wconf 66' lang='grc' dir='ltr'>ἐξέρχεται</span> 
     </span>
    </p>
   </div>
   <div class='ocr_carea' id='block_1_65' title="bbox 2228 3147 3869 3226">
    <p class='ocr_par' dir='ltr' id='par_1_65' title="bbox 2228 3147 3869 3226">
     <span class='ocr_line' id='line_1_65' title="bbox 2228 3147 3869 3226; baseline 0.001 -22"><span class='ocrx_word' id='word_1_469' title='bbox 2228 3149 2392 3226; x_wconf 81' lang='grc' dir='ltr'>μέχρι</span> <span class='ocrx_word' id='word_1_470' title='bbox 2447 3153 2544 3205; x_wconf 87' lang='lat'><strong>106</strong></span> <span class='ocrx_word' id='word_1_471' title='bbox 2600 3147 2962 3223; x_wconf 84' lang='grc' dir='ltr'>αὐγουστέως,</span> <span class='ocrx_word' id='word_1_472' title='bbox 3022 3148 3112 3203; x_wconf 81' lang='grc' dir='ltr'><strong>καὶ</strong></span> <span class='ocrx_word' id='word_1_473' title='bbox 3165 3151 3634 3224; x_wconf 77' lang='grc' dir='ltr'>προσκυνήσαντες</span> <span class='ocrx_word' id='word_1_474' title='bbox 3682 3149 3869 3220; x_wconf 73' lang='grc' dir='ltr'>ἀλλή-</span> 
     </span>
    </p>
   </div>
   <div class='ocr_carea' id='block_1_66' title="bbox 2223 3235 3864 3315">
    <p class='ocr_par' dir='ltr' id='par_1_66' title="bbox 2223 3235 3864 3315">
     <span class='ocr_line' id='line_1_66' title="bbox 2223 3235 3864 3315; baseline 0.001 -21"><span class='ocrx_word' id='word_1_475' title='bbox 2223 3238 2356 3303; x_wconf 89' lang='grc' dir='ltr'>λους</span> <span class='ocrx_word' id='word_1_476' title='bbox 2392 3240 2482 3294; x_wconf 84' lang='grc' dir='ltr'><strong>καὶ</strong></span> <span class='ocrx_word' id='word_1_477' title='bbox 2521 3237 2914 3309; x_wconf 75' lang='grc' dir='ltr'>ἀσπασάμενοι,</span> <span class='ocrx_word' id='word_1_478' title='bbox 2960 3237 3053 3292; x_wconf 85' lang='grc' dir='ltr'><strong>τὸν</strong></span> <span class='ocrx_word' id='word_1_479' title='bbox 3115 3239 3208 3311; x_wconf 75' lang='grc' dir='ltr'>μὲν</span> <span class='ocrx_word' id='word_1_480' title='bbox 3260 3242 3604 3315; x_wconf 74' lang='grc' dir='ltr'>πατριάργην</span> <span class='ocrx_word' id='word_1_481' title='bbox 3647 3235 3864 3313; x_wconf 74' lang='grc' dir='ltr'>λαμϐά-</span> 
     </span>
    </p>
   </div>
   <div class='ocr_carea' id='block_1_67' title="bbox 2223 3321 3865 3403">
    <p class='ocr_par' dir='ltr' id='par_1_67' title="bbox 2223 3321 3865 3403">
     <span class='ocr_line' id='line_1_67' title="bbox 2223 3321 3865 3403; baseline 0 -18"><span class='ocrx_word' id='word_1_482' title='bbox 2223 3350 2375 3385; x_wconf 90' lang='grc' dir='ltr'>νουσι</span> <span class='ocrx_word' id='word_1_483' title='bbox 2442 3325 2538 3383; x_wconf 70' lang='grc' dir='ltr'>δύο</span> <span class='ocrx_word' id='word_1_484' title='bbox 2593 3321 3064 3403; x_wconf 83' lang='grc' dir='ltr'>κουϐικουλάριοι,</span> <span class='ocrx_word' id='word_1_485' title='bbox 3121 3327 3211 3382; x_wconf 86' lang='grc' dir='ltr'><strong>καὶ</strong></span> <span class='ocrx_word' id='word_1_486' title='bbox 3287 3326 3643 3399; x_wconf 83' lang='grc' dir='ltr'>διασώζουσιν</span> <span class='ocrx_word' id='word_1_487' title='bbox 3704 3330 3865 3386; x_wconf 78' lang='grc' dir='ltr'>αὐτὸν</span> 
     </span>
    </p>
   </div>
   <div class='ocr_carea' id='block_1_68' title="bbox 2227 3414 3865 3494">
    <p class='ocr_par' dir='ltr' id='par_1_68' title="bbox 2227 3414 3865 3494">
     <span class='ocr_line' id='line_1_68' title="bbox 2227 3414 3865 3494; baseline 0.008 -25"><span class='ocrx_word' id='word_1_488' title='bbox 2227 3419 2393 3494; x_wconf 78' lang='grc' dir='ltr'>μέχρι</span> <span class='ocrx_word' id='word_1_489' title='bbox 2432 3421 2527 3472; x_wconf 89' lang='lat'><strong>106</strong></span> <span class='ocrx_word' id='word_1_490' title='bbox 2566 3421 2753 3471; x_wconf 85' lang='grc' dir='ltr'>στενοῦ</span> <span class='ocrx_word' id='word_1_491' title='bbox 2784 3415 2819 3484; x_wconf 76' lang='grc' dir='ltr'><strong>ἢ</strong></span> <span class='ocrx_word' id='word_1_492' title='bbox 2842 3414 2932 3470; x_wconf 84' lang='grc' dir='ltr'><strong>καὶ</strong></span> <span class='ocrx_word' id='word_1_493' title='bbox 2968 3420 3065 3471; x_wconf 86' lang='lat'><strong>106</strong></span> <span class='ocrx_word' id='word_1_494' title='bbox 3106 3414 3462 3479; x_wconf 77' lang='grc' dir='ltr'>όνόποδος.“0</span> <span class='ocrx_word' id='word_1_495' title='bbox 3493 3416 3549 3472; x_wconf 69' lang='grc' dir='ltr'><strong>δὲ</strong></span> <span class='ocrx_word' id='word_1_496' title='bbox 3584 3417 3865 3492; x_wconf 75' lang='grc' dir='ltr'>βασιλεὺς,</span> 
     </span>
    </p>
   </div>
   <div class='ocr_carea' id='block_1_69' title="bbox 2225 3501 3863 3583">
    <p class='ocr_par' dir='ltr' id='par_1_69' title="bbox 2225 3501 3863 3583">
     <span class='ocr_line' id='line_1_69' title="bbox 2225 3501 3863 3583; baseline -0.001 -19"><span class='ocrx_word' id='word_1_497' title='bbox 2225 3506 2649 3583; x_wconf 81' lang='grc' dir='ltr'>δηριγευόμενος</span> <span class='ocrx_word' id='word_1_498' title='bbox 2726 3504 2828 3560; x_wconf 84' lang='grc' dir='ltr'><strong>ὑπό</strong></span> <span class='ocrx_word' id='word_1_499' title='bbox 2886 3525 2944 3560; x_wconf 91' lang='grc' dir='ltr'><strong>τε</strong></span> <span class='ocrx_word' id='word_1_500' title='bbox 2997 3508 3094 3560; x_wconf 88' lang='lat'><strong>106</strong></span> <span class='ocrx_word' id='word_1_501' title='bbox 3149 3501 3543 3561; x_wconf 79' lang='grc' dir='ltr'>κουϐουκλείου</span> <span class='ocrx_word' id='word_1_502' title='bbox 3609 3507 3696 3562; x_wconf 75' lang='grc' dir='ltr'><strong>καὶ</strong></span> <span class='ocrx_word' id='word_1_503' title='bbox 3753 3512 3863 3562; x_wconf 80' lang='grc' dir='ltr'><strong>τῶν</strong></span> 
     </span>
    </p>
   </div>
   <div class='ocr_carea' id='block_1_70' title="bbox 2227 3591 3865 3673">
    <p class='ocr_par' dir='ltr' id='par_1_70' title="bbox 2227 3591 3865 3673">
     <span class='ocr_line' id='line_1_70' title="bbox 2227 3591 3865 3673; baseline -0.002 -20"><span class='ocrx_word' id='word_1_504' title='bbox 2227 3591 2602 3673; x_wconf 82' lang='grc' dir='ltr'>μαγλαϐιτῶν,</span> <span class='ocrx_word' id='word_1_505' title='bbox 2652 3594 2958 3669; x_wconf 73' lang='grc' dir='ltr'>εἰσέρχεται</span> <span class='ocrx_word' id='word_1_506' title='bbox 3030 3591 3083 3647; x_wconf 76' lang='grc' dir='ltr'>ἒν</span> <span class='ocrx_word' id='word_1_507' title='bbox 3137 3598 3217 3666; x_wconf 81' lang='grc' dir='ltr'>τῷ</span> <span class='ocrx_word' id='word_1_508' title='bbox 3272 3593 3523 3668; x_wconf 83' lang='grc' dir='ltr'>παλατίῳ</span> <span class='ocrx_word' id='word_1_509' title='bbox 3554 3613 3567 3626; x_wconf 86' lang='grc'><strong>·</strong></span> <span class='ocrx_word' id='word_1_510' title='bbox 3616 3596 3865 3652; x_wconf 76' lang='grc' dir='ltr'>ἑστώτων</span> 
     </span>
    </p>
   </div>
   <div class='ocr_carea' id='block_1_71' title="bbox 474 3681 3876 3767">
    <p class='ocr_par' dir='ltr' id='par_1_71' title="bbox 474 3681 3876 3767">
     <span class='ocr_line' id='line_1_71' title="bbox 474 3681 3876 3767; baseline -0.003 -16"><span class='ocrx_word' id='word_1_511' title='bbox 474 3693 531 3751; x_wconf 79' lang='grc' dir='ltr'><strong>δὶ</strong></span> <span class='ocrx_word' id='word_1_512' title='bbox 585 3701 693 3751; x_wconf 80' lang='grc' dir='ltr'><strong>τῶν</strong></span> <span class='ocrx_word' id='word_1_513' title='bbox 750 3698 849 3750; x_wconf 80' lang='grc' dir='ltr'><strong>τοῦ</strong></span> <span class='ocrx_word' id='word_1_514' title='bbox 904 3689 1298 3749; x_wconf 81' lang='grc' dir='ltr'>κουϐουκλείου</span> <span class='ocrx_word' id='word_1_515' title='bbox 1354 3693 1604 3748; x_wconf 82' lang='grc' dir='ltr'>ἁπάντων</span> <span class='ocrx_word' id='word_1_516' title='bbox 1665 3690 1718 3747; x_wconf 81' lang='grc' dir='ltr'>ἐν</span> <span class='ocrx_word' id='word_1_517' title='bbox 1775 3696 1855 3765; x_wconf 76' lang='grc' dir='ltr'>τῷ</span> <span class='ocrx_word' id='word_1_518' title='bbox 1913 3689 2377 3767; x_wconf 79' lang='grc' dir='ltr'>χρυσοτρικλὶνῳ,</span> <span class='ocrx_word' id='word_1_519' title='bbox 2411 3684 2805 3760; x_wconf 78' lang='grc' dir='ltr'>ὑπερεύχονται</span> <span class='ocrx_word' id='word_1_520' title='bbox 2861 3683 2951 3737; x_wconf 83' lang='grc' dir='ltr'><strong>τὸν</strong></span> <span class='ocrx_word' id='word_1_521' title='bbox 3017 3681 3243 3758; x_wconf 86' lang='grc' dir='ltr'>βασιλέα</span> <span class='ocrx_word' id='word_1_522' title='bbox 3271 3685 3373 3739; x_wconf 77' lang='grc' dir='ltr'>τό“</span> <span class='ocrx_word' id='word_1_523' title='bbox 3423 3709 3444 3736; x_wconf 78' lang='grc' dir='ltr'>σι</span> <span class='ocrx_word' id='word_1_524' title='bbox 3481 3683 3575 3746; x_wconf 77' lang='grc' dir='ltr'><strong>Εἷς</strong></span> <span class='ocrx_word' id='word_1_525' title='bbox 3622 3683 3876 3751; x_wconf 80' lang='grc' dir='ltr'>πολλοὺς</span> 
     </span>
    </p>
   </div>
   <div class='ocr_carea' id='block_1_72' title="bbox 472 3770 3093 3862">
    <p class='ocr_par' dir='ltr' id='par_1_72' title="bbox 472 3770 3093 3862">
     <span class='ocr_line' id='line_1_72' title="bbox 472 3770 3093 3862; baseline -0.005 -20"><span class='ocrx_word' id='word_1_526' title='bbox 472 3785 563 3843; x_wconf 81' lang='grc' dir='ltr'><strong>καὶ</strong></span> <span class='ocrx_word' id='word_1_527' title='bbox 594 3784 830 3861; x_wconf 81' lang='grc' dir='ltr'>ἀγαθοὺς</span> <span class='ocrx_word' id='word_1_528' title='bbox 868 3782 1131 3862; x_wconf 86' lang='grc' dir='ltr'>χρόνους.</span> <span class='ocrx_word' id='word_1_529' title='bbox 1173 3806 1202 3834; x_wconf 86' lang='grc'><strong>››</strong></span> <span class='ocrx_word' id='word_1_530' title='bbox 1236 3781 1446 3838; x_wconf 81' lang='grc' dir='ltr'>Γίνεται</span> <span class='ocrx_word' id='word_1_531' title='bbox 1482 3782 1540 3837; x_wconf 78' lang='grc' dir='ltr'><strong>δὲ</strong></span> <span class='ocrx_word' id='word_1_532' title='bbox 1568 3784 1604 3851; x_wconf 78' lang='grc' dir='ltr'><strong>ἡ</strong></span> <span class='ocrx_word' id='word_1_533' title='bbox 1636 3778 1777 3861; x_wconf 76' lang='grc' dir='ltr'>εὕχὴ</span> <span class='ocrx_word' id='word_1_534' title='bbox 1808 3781 1966 3855; x_wconf 74' lang='grc' dir='ltr'>αὕτη,</span> <span class='ocrx_word' id='word_1_535' title='bbox 1999 3777 2187 3852; x_wconf 81' lang='grc' dir='ltr'>ἐπειδή</span> <span class='ocrx_word' id='word_1_536' title='bbox 2220 3778 2529 3852; x_wconf 74' lang='grc' dir='ltr'>πληροῦται</span> <span class='ocrx_word' id='word_1_537' title='bbox 2558 3775 2620 3829; x_wconf 87' lang='grc' dir='ltr'>τὸ</span> <span class='ocrx_word' id='word_1_538' title='bbox 2655 3770 3093 3847; x_wconf 80' lang='grc' dir='ltr'>δωδεκαήμερον.</span> 
     </span>
    </p>
   </div>
   <div class='ocr_carea' id='block_1_73' title="bbox 1042 3874 1530 3932">
    <p class='ocr_par' dir='ltr' id='par_1_73' title="bbox 1042 3874 1530 3932">
     <span class='ocr_line' id='line_1_73' title="bbox 1042 3874 1530 3932; baseline 0 -1"><span class='ocrx_word' id='word_1_539' title='bbox 1042 3874 1273 3932; x_wconf 90' lang='lat' dir='ltr'><strong>CAPUT</strong></span> <span class='ocrx_word' id='word_1_540' title='bbox 1310 3874 1530 3931; x_wconf 87' lang='lat' dir='ltr'><strong>XXVII.</strong></span> 
     </span>
    </p>
   </div>
   <div class='ocr_carea' id='block_1_74' title="bbox 477 3965 2099 4040">
    <p class='ocr_par' dir='ltr' id='par_1_74' title="bbox 477 3965 2099 4040">
     <span class='ocr_line' id='line_1_74' title="bbox 477 3965 2099 4040; baseline -0.005 -12"><span class='ocrx_word' id='word_1_541' title='bbox 477 3969 831 4028; x_wconf 75' lang='lat' dir='ltr'><strong>Observanda</strong></span> <span class='ocrx_word' id='word_1_542' title='bbox 879 3971 939 4025; x_wconf 81' lang='lat' dir='ltr'><strong>in</strong></span> <span class='ocrx_word' id='word_1_543' title='bbox 967 3970 1102 4040; x_wconf 77' lang='lat' dir='ltr'><strong>festo</strong></span> <span class='ocrx_word' id='word_1_544' title='bbox 1141 3972 1192 4040; x_wconf 78' lang='lat' dir='ltr'><strong>et</strong></span> <span class='ocrx_word' id='word_1_545' title='bbox 1220 3966 1561 4040; x_wconf 78' lang='lat' dir='ltr'><strong>processionc</strong></span> <span class='ocrx_word' id='word_1_546' title='bbox 1611 3965 2031 4037; x_wconf 74' lang='lat' dir='ltr'><strong>Puriﬁcationis</strong></span> <span class='ocrx_word' id='word_1_547' title='bbox 2061 3968 2099 4020; x_wconf 88' lang='grc' dir='ltr'><strong><em>Β</em></strong></span> 
     </span>
    </p>
   </div>
   <div class='ocr_carea' id='block_1_75' title="bbox 1046 4039 1551 4105">
    <p class='ocr_par' dir='ltr' id='par_1_75' title="bbox 1046 4039 1551 4105">
     <span class='ocr_line' id='line_1_75' title="bbox 1046 4039 1551 4105; baseline -0.004 -12"><span class='ocrx_word' id='word_1_548' title='bbox 1046 4039 1237 4093; x_wconf 66' lang='lat' dir='ltr'><strong>Maria</strong></span> <span class='ocrx_word' id='word_1_549' title='bbox 1275 4039 1551 4105; x_wconf 78' lang='lat' dir='ltr'><strong>Virginis.</strong></span> 
     </span>
    </p>
   </div>
   <div class='ocr_carea' id='block_1_76' title="bbox 549 4124 2128 4202">
    <p class='ocr_par' dir='ltr' id='par_1_76' title="bbox 549 4124 2128 4202">
     <span class='ocr_line' id='line_1_76' title="bbox 549 4124 2128 4202; baseline -0.002 -17"><span class='ocrx_word' id='word_1_550' title='bbox 549 4130 591 4185; x_wconf 91' lang='grc' dir='ltr'><strong>Ι.</strong></span> <span class='ocrx_word' id='word_1_551' title='bbox 617 4130 676 4186; x_wconf 90' lang='lat' dir='ltr'><strong>Si</strong></span> <span class='ocrx_word' id='word_1_552' title='bbox 695 4130 1006 4202; x_wconf 87' lang='lat' dir='ltr'><strong>imperator</strong></span> <span class='ocrx_word' id='word_1_553' title='bbox 1035 4127 1195 4182; x_wconf 89' lang='lat' dir='ltr'><strong>abire</strong></span> <span class='ocrx_word' id='word_1_554' title='bbox 1225 4130 1282 4180; x_wconf 91' lang='lat' dir='ltr'><strong>et</strong></span> <span class='ocrx_word' id='word_1_555' title='bbox 1311 4124 1540 4196; x_wconf 78' lang='lat' dir='ltr'><strong>vigilias</strong></span> <span class='ocrx_word' id='word_1_556' title='bbox 1570 4129 1882 4181; x_wconf 89' lang='lat' dir='ltr'><strong>nocturnas</strong></span> <span class='ocrx_word' id='word_1_557' title='bbox 1913 4125 1972 4180; x_wconf 87' lang='lat' dir='ltr'><strong>in</strong></span> <span class='ocrx_word' id='word_1_558' title='bbox 1993 4124 2128 4182; x_wconf 84' lang='lat' dir='ltr'><strong>Bla-</strong></span> 
     </span>
    </p>
   </div>
   <div class='ocr_carea' id='block_1_77' title="bbox 2838 3866 3255 3922">
    <p class='ocr_par' dir='ltr' id='par_1_77' title="bbox 2838 3866 3255 3922">
     <span class='ocr_line' id='line_1_77' title="bbox 2838 3866 3255 3922; baseline 0.007 -3"><span class='ocrx_word' id='word_1_559' title='bbox 2838 3866 3097 3921; x_wconf 80' lang='grc' dir='ltr'><strong>ΚΕΦΑΛ.</strong></span> <span class='ocrx_word' id='word_1_560' title='bbox 3139 3871 3255 3922; x_wconf 82' lang='lat' dir='ltr'><strong>KZ&#39;.</strong></span> 
     </span>
    </p>
   </div>
   <div class='ocr_carea' id='block_1_78' title="bbox 2231 3953 3886 4033">
    <p class='ocr_par' dir='ltr' id='par_1_78' title="bbox 2231 3953 3886 4033">
     <span class='ocr_line' id='line_1_78' title="bbox 2231 3953 3886 4033; baseline -0.001 -18"><span class='ocrx_word' id='word_1_561' title='bbox 2231 3961 2371 4017; x_wconf 73' lang='grc' dir='ltr'>’Ὀσα</span> <span class='ocrx_word' id='word_1_562' title='bbox 2430 3954 2512 4012; x_wconf 86' lang='grc' dir='ltr'>δεῖ</span> <span class='ocrx_word' id='word_1_563' title='bbox 2564 3953 3003 4033; x_wconf 75' lang='grc' dir='ltr'>παραφυλάττειν</span> <span class='ocrx_word' id='word_1_564' title='bbox 3060 3957 3130 4029; x_wconf 81' lang='grc' dir='ltr'><strong>τῇ</strong></span> <span class='ocrx_word' id='word_1_565' title='bbox 3190 3955 3352 4030; x_wconf 70' lang='grc' dir='ltr'>ἑορτῇ</span> <span class='ocrx_word' id='word_1_566' title='bbox 3401 3955 3490 4011; x_wconf 82' lang='grc' dir='ltr'><strong>καὶ</strong></span> <span class='ocrx_word' id='word_1_567' title='bbox 3556 3955 3886 4033; x_wconf 77' lang='grc' dir='ltr'>προελεύσει</span> 
     </span>
    </p>
   </div>
   <div class='ocr_carea' id='block_1_79' title="bbox 2695 4044 3420 4118">
    <p class='ocr_par' dir='ltr' id='par_1_79' title="bbox 2695 4044 3420 4118">
     <span class='ocr_line' id='line_1_79' title="bbox 2695 4044 3420 4118; baseline 0 -19"><span class='ocrx_word' id='word_1_568' title='bbox 2695 4049 2796 4111; x_wconf 79' lang='grc' dir='ltr'><strong>τῆς</strong></span> <span class='ocrx_word' id='word_1_569' title='bbox 2825 4044 3169 4112; x_wconf 79' lang='grc' dir='ltr'>Ὑπαπαντῆς</span> <span class='ocrx_word' id='word_1_570' title='bbox 3199 4045 3244 4080; x_wconf 77' lang='grc'><strong>⁷⁸</strong></span> <span class='ocrx_word' id='word_1_571' title='bbox 3284 4045 3420 4118; x_wconf 70' lang='grc'>(10).</span> 
     </span>
    </p>
   </div>
   <div class='ocr_carea' id='block_1_80' title="bbox 2306 4128 3890 4213">
    <p class='ocr_par' dir='ltr' id='par_1_80' title="bbox 2306 4128 3890 4213">
     <span class='ocr_line' id='line_1_80' title="bbox 2306 4128 3890 4213; baseline 0.001 -25"><span class='ocrx_word' id='word_1_572' title='bbox 2306 4134 2389 4202; x_wconf 85' lang='grc' dir='ltr'><strong>Α’,</strong></span> <span class='ocrx_word' id='word_1_573' title='bbox 2420 4132 2486 4188; x_wconf 70' lang='lat' dir='ltr'><strong>Ei</strong></span> <span class='ocrx_word' id='word_1_574' title='bbox 2526 4128 2738 4186; x_wconf 72' lang='grc' dir='ltr'>κελεύει</span> <span class='ocrx_word' id='word_1_575' title='bbox 2789 4129 3041 4194; x_wconf 74' lang='grc' dir='ltr'>ἀπελθεῖν</span> <span class='ocrx_word' id='word_1_576' title='bbox 3077 4131 3104 4184; x_wconf 92' lang='lat'><strong>6</strong></span> <span class='ocrx_word' id='word_1_577' title='bbox 3138 4128 3393 4205; x_wconf 79' lang='grc' dir='ltr'>βασιλεὺς</span> <span class='ocrx_word' id='word_1_578' title='bbox 3439 4133 3528 4187; x_wconf 86' lang='grc' dir='ltr'>καὶ</span> <span class='ocrx_word' id='word_1_579' title='bbox 3576 4139 3890 4213; x_wconf 83' lang='grc' dir='ltr'>παννυχεῦ-</span> 
     </span>
    </p>
   </div>
   <div class='ocr_carea' id='block_1_81' title="bbox 478 4199 2117 4296">
    <p class='ocr_par' dir='ltr' id='par_1_81' title="bbox 478 4199 2117 4291">
     <span class='ocr_line' id='line_1_81' title="bbox 478 4199 2117 4291; baseline -0.004 -15"><span class='ocrx_word' id='word_1_580' title='bbox 478 4218 710 4276; x_wconf 86' lang='lat' dir='ltr'><strong>chernis</strong></span> <span class='ocrx_word' id='word_1_581' title='bbox 737 4199 906 4291; x_wconf 51' lang='lat' dir='ltr'><strong>agere</strong></span> <span class='ocrx_word' id='word_1_582' title='bbox 935 4216 1114 4287; x_wconf 87' lang='lat' dir='ltr'><strong>cupit,</strong></span> <span class='ocrx_word' id='word_1_583' title='bbox 1140 4212 1323 4285; x_wconf 89' lang='lat' dir='ltr'><strong>pridie</strong></span> <span class='ocrx_word' id='word_1_584' title='bbox 1352 4212 1486 4268; x_wconf 86' lang='lat' dir='ltr'><strong>festi</strong></span> <span class='ocrx_word' id='word_1_585' title='bbox 1507 4212 1623 4268; x_wconf 91' lang='lat' dir='ltr'><strong>diei</strong></span> <span class='ocrx_word' id='word_1_586' title='bbox 1654 4213 1774 4269; x_wconf 86' lang='lat' dir='ltr'><strong>abit</strong></span> <span class='ocrx_word' id='word_1_587' title='bbox 1801 4206 2117 4271; x_wconf 42' lang='lat' dir='ltr'><strong>et&#39;noclur-</strong></span> 
     </span>
    </p>
   </div>
   <div class='ocr_carea' id='block_1_82' title="bbox 2227 4199 3891 4296">
    <p class='ocr_par' dir='ltr' id='par_1_82' title="bbox 2236 4199 3891 4296">
     <span class='ocr_line' id='line_1_82' title="bbox 2236 4199 3891 4296; baseline 0.001 -19"><span class='ocrx_word' id='word_1_588' title='bbox 2236 4243 2322 4277; x_wconf 88' lang='grc' dir='ltr'><strong>σαι</strong></span> <span class='ocrx_word' id='word_1_589' title='bbox 2366 4220 2417 4275; x_wconf 83' lang='grc' dir='ltr'>ἐν</span> <span class='ocrx_word' id='word_1_590' title='bbox 2475 4217 2843 4295; x_wconf 84' lang='grc' dir='ltr'>Βλαχέρναις,</span> <span class='ocrx_word' id='word_1_591' title='bbox 2902 4199 3198 4295; x_wconf 73' lang='grc' dir='ltr'>ἀπέρχεται</span> <span class='ocrx_word' id='word_1_592' title='bbox 3266 4223 3334 4294; x_wconf 78' lang='grc' dir='ltr'><strong>τῇ</strong></span> <span class='ocrx_word' id='word_1_593' title='bbox 3387 4222 3493 4296; x_wconf 86' lang='grc' dir='ltr'><strong>πρὸ</strong></span> <span class='ocrx_word' id='word_1_594' title='bbox 3545 4226 3671 4295; x_wconf 83' lang='grc' dir='ltr'>μιᾶς</span> <span class='ocrx_word' id='word_1_595' title='bbox 3701 4199 3891 4293; x_wconf 52' lang='grc' dir='ltr'>τθητῆς</span> 
     </span>
    </p>
   </div>
   <div class='ocr_carea' id='block_1_83' title="bbox 479 4300 2127 4377">
    <p class='ocr_par' dir='ltr' id='par_1_83' title="bbox 479 4300 2127 4377">
     <span class='ocr_line' id='line_1_83' title="bbox 479 4300 2127 4377; baseline -0.001 -16"><span class='ocrx_word' id='word_1_596' title='bbox 479 4322 585 4362; x_wconf 86' lang='lat' dir='ltr'><strong>nas</strong></span> <span class='ocrx_word' id='word_1_597' title='bbox 614 4306 841 4377; x_wconf 80' lang='lat' dir='ltr'><strong>vigilias</strong></span> <span class='ocrx_word' id='word_1_598' title='bbox 872 4302 1147 4359; x_wconf 88' lang='lat' dir='ltr'><strong>instituit.</strong></span> <span class='ocrx_word' id='word_1_599' title='bbox 1173 4300 1447 4373; x_wconf 86' lang='lat' dir='ltr'><strong>Sequenti</strong></span> <span class='ocrx_word' id='word_1_600' title='bbox 1478 4301 1570 4358; x_wconf 90' lang='lat' dir='ltr'><strong>die</strong></span> <span class='ocrx_word' id='word_1_601' title='bbox 1593 4302 1726 4358; x_wconf 82' lang='lat' dir='ltr'><strong>festi</strong></span> <span class='ocrx_word' id='word_1_602' title='bbox 1756 4304 2127 4360; x_wconf 89' lang='lat' dir='ltr'><strong>omnestuni-</strong></span> 
     </span>
    </p>
   </div>
   <div class='ocr_carea' id='block_1_84' title="bbox 481 4390 2122 4464">
    <p class='ocr_par' dir='ltr' id='par_1_84' title="bbox 481 4390 2122 4464">
     <span class='ocr_line' id='line_1_84' title="bbox 481 4390 2122 4464; baseline 0.001 -16"><span class='ocrx_word' id='word_1_603' title='bbox 481 4409 578 4449; x_wconf 88' lang='lat' dir='ltr'><strong>cas</strong></span> <span class='ocrx_word' id='word_1_604' title='bbox 605 4393 789 4462; x_wconf 78' lang='lat' dir='ltr'><strong>albas,</strong></span> <span class='ocrx_word' id='word_1_605' title='bbox 822 4390 1162 4449; x_wconf 88' lang='lat' dir='ltr'><strong>cubicularii</strong></span> <span class='ocrx_word' id='word_1_606' title='bbox 1193 4407 1357 4464; x_wconf 67' lang='lat' dir='ltr'><strong>aeque</strong></span> <span class='ocrx_word' id='word_1_607' title='bbox 1396 4407 1463 4449; x_wconf 89' lang='lat' dir='ltr'><strong>ac</strong></span> <span class='ocrx_word' id='word_1_608' title='bbox 1502 4391 2122 4463; x_wconf 83' lang='lat' dir='ltr'><strong>spatharocubicularii</strong></span> 
     </span>
    </p>
   </div>
   <div class='ocr_carea' id='block_1_85' title="bbox 481 4480 2123 4556">
    <p class='ocr_par' dir='ltr' id='par_1_85' title="bbox 481 4480 2123 4556">
     <span class='ocr_line' id='line_1_85' title="bbox 481 4480 2123 4556; baseline 0.003 -20"><span class='ocrx_word' id='word_1_609' title='bbox 481 4480 723 4537; x_wconf 82' lang='lat' dir='ltr'><strong>camisia</strong></span> <span class='ocrx_word' id='word_1_610' title='bbox 752 4482 1024 4536; x_wconf 88' lang='lat' dir='ltr'><strong>induunt.</strong></span> <span class='ocrx_word' id='word_1_611' title='bbox 1068 4480 1329 4536; x_wconf 87' lang='lat' dir='ltr'><strong>Eunuchi</strong></span> <span class='ocrx_word' id='word_1_612' title='bbox 1372 4482 1820 4552; x_wconf 83' lang='lat' dir='ltr'><strong>protoepatharii</strong></span> <span class='ocrx_word' id='word_1_613' title='bbox 1866 4482 2123 4556; x_wconf 87' lang='lat' dir='ltr'><strong>plerique</strong></span> 
     </span>
    </p>
   </div>
   <div class='ocr_carea' id='block_1_86' title="bbox 483 4570 2123 4647">
    <p class='ocr_par' dir='ltr' id='par_1_86' title="bbox 483 4570 2123 4647">
     <span class='ocr_line' id='line_1_86' title="bbox 483 4570 2123 4647; baseline 0.005 -24"><span class='ocrx_word' id='word_1_614' title='bbox 483 4570 834 4626; x_wconf 86' lang='lat' dir='ltr'><strong>mutatorias</strong></span> <span class='ocrx_word' id='word_1_615' title='bbox 867 4570 1059 4626; x_wconf 79' lang='lat' dir='ltr'><strong>ferunt</strong></span> <span class='ocrx_word' id='word_1_616' title='bbox 1088 4575 1146 4628; x_wconf 89' lang='lat' dir='ltr'><strong>et</strong></span> <span class='ocrx_word' id='word_1_617' title='bbox 1202 4570 1677 4643; x_wconf 86' lang='lat' dir='ltr'><strong>spathobaculos,</strong></span> <span class='ocrx_word' id='word_1_618' title='bbox 1727 4572 1952 4631; x_wconf 87' lang='lat' dir='ltr'><strong>barbati</strong></span> <span class='ocrx_word' id='word_1_619' title='bbox 1988 4592 2123 4647; x_wconf 93' lang='lat' dir='ltr'><strong>pro-</strong></span> 
     </span>
    </p>
   </div>
   <div class='ocr_carea' id='block_1_87' title="bbox 2236 4307 3892 4386">
    <p class='ocr_par' dir='ltr' id='par_1_87' title="bbox 2236 4307 3892 4386">
     <span class='ocr_line' id='line_1_87' title="bbox 2236 4307 3892 4386; baseline 0.001 -20"><span class='ocrx_word' id='word_1_620' title='bbox 2236 4312 2430 4385; x_wconf 70' lang='grc' dir='ltr'>ἑορτῆς</span> <span class='ocrx_word' id='word_1_621' title='bbox 2481 4307 2683 4384; x_wconf 80' lang='grc' dir='ltr'>ἡμέρᾳ,</span> <span class='ocrx_word' id='word_1_622' title='bbox 2735 4308 2825 4364; x_wconf 88' lang='grc' dir='ltr'><strong>καὶ</strong></span> <span class='ocrx_word' id='word_1_623' title='bbox 2876 4307 3085 4364; x_wconf 84' lang='grc' dir='ltr'>έκτελεῖ</span> <span class='ocrx_word' id='word_1_624' title='bbox 3128 4310 3226 4379; x_wconf 79' lang='grc' dir='ltr'><strong>τήν</strong></span> <span class='ocrx_word' id='word_1_625' title='bbox 3274 4308 3572 4386; x_wconf 78' lang='grc' dir='ltr'>πάννυχον.</span> <span class='ocrx_word' id='word_1_626' title='bbox 3612 4314 3695 4386; x_wconf 80' lang='grc' dir='ltr'>Τῇ</span> <span class='ocrx_word' id='word_1_627' title='bbox 3746 4309 3804 4367; x_wconf 77' lang='grc' dir='ltr'><strong>δὲ</strong></span> <span class='ocrx_word' id='word_1_628' title='bbox 3839 4312 3892 4351; x_wconf 72' lang='grc' dir='ltr'><strong>ευ</strong></span> 
     </span>
    </p>
   </div>
   <div class='ocr_carea' id='block_1_88' title="bbox 2234 4396 3887 4473">
    <p class='ocr_par' dir='ltr' id='par_1_88' title="bbox 2234 4396 3887 4473">
     <span class='ocr_line' id='line_1_88' title="bbox 2234 4396 3887 4473; baseline 0.003 -21"><span class='ocrx_word' id='word_1_629' title='bbox 2234 4400 2357 4469; x_wconf 72' lang='grc' dir='ltr'><strong>ἑξῆς</strong></span> <span class='ocrx_word' id='word_1_630' title='bbox 2407 4398 2591 4473; x_wconf 74' lang='grc' dir='ltr'>ἡμέρᾳ</span> <span class='ocrx_word' id='word_1_631' title='bbox 2654 4404 2755 4467; x_wconf 81' lang='grc' dir='ltr'><strong>τῆς</strong></span> <span class='ocrx_word' id='word_1_632' title='bbox 2809 4397 3002 4473; x_wconf 75' lang='grc' dir='ltr'>ἑορτῆς</span> <span class='ocrx_word' id='word_1_633' title='bbox 3051 4396 3416 4456; x_wconf 83' lang='grc' dir='ltr'>ἀλλάσσουσιν</span> <span class='ocrx_word' id='word_1_634' title='bbox 3482 4401 3708 4456; x_wconf 81' lang='grc' dir='ltr'>ἅπαντες</span> <span class='ocrx_word' id='word_1_635' title='bbox 3776 4400 3887 4458; x_wconf 70' lang='grc' dir='ltr'>ἀπὸ</span> 
     </span>
    </p>
   </div>
   <div class='ocr_carea' id='block_1_89' title="bbox 2235 4480 3884 4562">
    <p class='ocr_par' dir='ltr' id='par_1_89' title="bbox 2235 4480 3884 4562">
     <span class='ocr_line' id='line_1_89' title="bbox 2235 4480 3884 4562; baseline 0.002 -21"><span class='ocrx_word' id='word_1_636' title='bbox 2235 4484 2444 4542; x_wconf 80' lang='grc' dir='ltr'>λευκῶν</span> <span class='ocrx_word' id='word_1_637' title='bbox 2478 4482 2777 4561; x_wconf 83' lang='grc' dir='ltr'>χλανιδίων</span> <span class='ocrx_word' id='word_1_638' title='bbox 2805 4506 2816 4518; x_wconf 78' lang='grc'><em>’</em></span> <span class='ocrx_word' id='word_1_639' title='bbox 2862 4486 2912 4540; x_wconf 75' lang='grc' dir='ltr'>οἱ</span> <span class='ocrx_word' id='word_1_640' title='bbox 2946 4483 3003 4540; x_wconf 78' lang='grc' dir='ltr'><strong>δὲ</strong></span> <span class='ocrx_word' id='word_1_641' title='bbox 3050 4480 3499 4562; x_wconf 81' lang='grc' dir='ltr'>κουϐικουλάριοι</span> <span class='ocrx_word' id='word_1_642' title='bbox 3538 4486 3884 4545; x_wconf 84' lang='grc' dir='ltr'>ἀλλάσσουσι</span> 
     </span>
    </p>
   </div>
   <div class='ocr_carea' id='block_1_90' title="bbox 2233 4572 3874 4652">
    <p class='ocr_par' dir='ltr' id='par_1_90' title="bbox 2233 4572 3874 4652">
     <span class='ocr_line' id='line_1_90' title="bbox 2233 4572 3874 4652; baseline 0.001 -21"><span class='ocrx_word' id='word_1_643' title='bbox 2233 4575 2462 4651; x_wconf 85' lang='grc' dir='ltr'>καμίσια</span> <span class='ocrx_word' id='word_1_644' title='bbox 2510 4574 2599 4629; x_wconf 81' lang='grc' dir='ltr'><strong>καὶ</strong></span> <span class='ocrx_word' id='word_1_645' title='bbox 2643 4575 2828 4649; x_wconf 74' lang='grc' dir='ltr'>μόνον,</span> <span class='ocrx_word' id='word_1_646' title='bbox 2870 4574 3129 4638; x_wconf 79' lang='grc' dir='ltr'>ὡσαύτως</span> <span class='ocrx_word' id='word_1_647' title='bbox 3182 4575 3272 4631; x_wconf 84' lang='grc' dir='ltr'><strong>καὶ</strong></span> <span class='ocrx_word' id='word_1_648' title='bbox 3322 4577 3374 4630; x_wconf 77' lang='grc' dir='ltr'>οἱ</span> <span class='ocrx_word' id='word_1_649' title='bbox 3432 4572 3874 4652; x_wconf 84' lang='grc' dir='ltr'>σπαοαροκουϐι-</span> 
     </span>
    </p>
   </div>
   <div class='ocr_carea' id='block_1_91' title="bbox 1851 4689 2525 4750">
    <p class='ocr_par' dir='ltr' id='par_1_91' title="bbox 1851 4689 2525 4750">
     <span class='ocr_line' id='line_1_91' title="bbox 1851 4689 2525 4750; baseline 0.006 -7"><span class='ocrx_word' id='word_1_650' title='bbox 1851 4689 2092 4748; x_wconf 68' lang='grc' dir='ltr'><strong>νΑΒῐλΕ</strong></span> <span class='ocrx_word' id='word_1_651' title='bbox 2134 4692 2525 4750; x_wconf 87' lang='lat' dir='ltr'><strong>LECTIONES</strong></span> 
     </span>
    </p>
   </div>
   <div class='ocr_carea' id='block_1_92' title="bbox 555 4774 3897 4859">
    <p class='ocr_par' dir='ltr' id='par_1_92' title="bbox 555 4774 3897 4859">
     <span class='ocr_line' id='line_1_92' title="bbox 555 4774 3897 4859; baseline 0.003 -32"><span class='ocrx_word' id='word_1_652' title='bbox 555 4775 599 4859; x_wconf 66' lang='grc'><strong>⁷]</strong></span> <span class='ocrx_word' id='word_1_653' title='bbox 631 4774 742 4859; x_wconf 61' lang='lat' dir='ltr'><strong>Pro</strong></span> <span class='ocrx_word' id='word_1_654' title='bbox 772 4774 886 4859; x_wconf 59' lang='lat' dir='ltr'><strong>sim</strong></span> <span class='ocrx_word' id='word_1_655' title='bbox 916 4776 1006 4832; x_wconf 88' lang='lat' dir='ltr'><strong>ed.</strong></span> <span class='ocrx_word' id='word_1_656' title='bbox 1036 4776 1148 4859; x_wconf 65' lang='grc' dir='ltr'>καί.</span> <span class='ocrx_word' id='word_1_657' title='bbox 1226 4775 1272 4813; x_wconf 80' lang='grc'><strong>⁷⁸</strong></span> <span class='ocrx_word' id='word_1_658' title='bbox 1306 4775 1626 4849; x_wconf 75' lang='grc' dir='ltr'>ὑπαπάντης</span> <span class='ocrx_word' id='word_1_659' title='bbox 1680 4780 1773 4852; x_wconf 83' lang='grc' dir='ltr'><strong>Β.,</strong></span> <span class='ocrx_word' id='word_1_660' title='bbox 1816 4778 2028 4835; x_wconf 86' lang='grc' dir='ltr'>ὑπαπαν</span> <span class='ocrx_word' id='word_1_661' title='bbox 2083 4783 2475 4856; x_wconf 84' lang='lat' dir='ltr'><strong>superscripto</strong></span> <span class='ocrx_word' id='word_1_662' title='bbox 2522 4782 2673 4855; x_wconf 88' lang='lat' dir='ltr'><strong>cod.,</strong></span> <span class='ocrx_word' id='word_1_663' title='bbox 2709 4781 3138 4851; x_wconf 76' lang='grc' dir='ltr'>ὑπαπαντήσεως</span> <span class='ocrx_word' id='word_1_664' title='bbox 3185 4783 3276 4839; x_wconf 89' lang='lat' dir='ltr'><strong>ed.</strong></span> <span class='ocrx_word' id='word_1_665' title='bbox 3351 4781 3401 4818; x_wconf 74' lang='lat'><strong>7’</strong></span> <span class='ocrx_word' id='word_1_666' title='bbox 3443 4789 3545 4852; x_wconf 86' lang='grc' dir='ltr'><strong>τῆς</strong></span> <span class='ocrx_word' id='word_1_667' title='bbox 3602 4782 3708 4859; x_wconf 85' lang='grc' dir='ltr'>πρὸ</span> <span class='ocrx_word' id='word_1_668' title='bbox 3764 4787 3897 4855; x_wconf 80' lang='grc' dir='ltr'>μιᾶς</span> 
     </span>
    </p>
   </div>
   <div class='ocr_carea' id='block_1_93' title="bbox 484 4842 1111 4905">
    <p class='ocr_par' dir='ltr' id='par_1_93' title="bbox 484 4842 1111 4905">
     <span class='ocr_line' id='line_1_93' title="bbox 484 4842 1111 4905; baseline 0 -1"><span class='ocrx_word' id='word_1_669' title='bbox 484 4848 613 4904; x_wconf 92' lang='lat' dir='ltr'><strong>cod.</strong></span> <span class='ocrx_word' id='word_1_670' title='bbox 690 4846 736 4883; x_wconf 79' lang='grc' dir='ltr'><strong>⁸ο</strong></span> <span class='ocrx_word' id='word_1_671' title='bbox 768 4842 826 4900; x_wconf 80' lang='grc' dir='ltr'><strong>δὲ</strong></span> <span class='ocrx_word' id='word_1_672' title='bbox 866 4862 984 4903; x_wconf 92' lang='lat' dir='ltr'><strong>om.</strong></span> <span class='ocrx_word' id='word_1_673' title='bbox 1017 4848 1111 4905; x_wconf 89' lang='lat' dir='ltr'><strong>ed.</strong></span> 
     </span>
    </p>
   </div>
   <div class='ocr_carea' id='block_1_94' title="bbox 1550 4950 2831 5011">
    <p class='ocr_par' dir='ltr' id='par_1_94' title="bbox 1550 4950 2831 5011">
     <span class='ocr_line' id='line_1_94' title="bbox 1550 4950 2831 5011; baseline 0.003 -6"><span class='ocrx_word' id='word_1_674' title='bbox 1550 4950 1745 5007; x_wconf 81' lang='lat' dir='ltr'><strong>JOAN.</strong></span> <span class='ocrx_word' id='word_1_675' title='bbox 1778 4951 1926 5009; x_wconf 85' lang='lat' dir='ltr'><strong>JAC.</strong></span> <span class='ocrx_word' id='word_1_676' title='bbox 1959 4953 2224 5011; x_wconf 85' lang='lat' dir='ltr'><strong>REISKII</strong></span> <span class='ocrx_word' id='word_1_677' title='bbox 2255 4952 2831 5011; x_wconf 83' lang='lat' dir='ltr'><strong>COMMENTARIUS</strong></span> 
     </span>
    </p>
   </div>
   <div class='ocr_carea' id='block_1_95' title="bbox 556 5046 2133 5131">
    <p class='ocr_par' dir='ltr' id='par_1_95' title="bbox 556 5046 2133 5131">
     <span class='ocr_line' id='line_1_95' title="bbox 556 5046 2133 5131; baseline 0.002 -25"><span class='ocrx_word' id='word_1_678' title='bbox 556 5049 650 5131; x_wconf 42' lang='lat'><strong>_(_8).</strong></span> <span class='ocrx_word' id='word_1_679' title='bbox 690 5049 1060 5131; x_wconf 47' lang='lat' dir='ltr'><strong>Sellanzque‘</strong></span> <span class='ocrx_word' id='word_1_680' title='bbox 1099 5046 1236 5131; x_wconf 65' lang='lat' dir='ltr'><strong>alia.</strong></span> <span class='ocrx_word' id='word_1_681' title='bbox 1286 5048 1434 5131; x_wconf 67' lang='lat' dir='ltr'><strong>Nam</strong></span> <span class='ocrx_word' id='word_1_682' title='bbox 1478 5050 1804 5131; x_wconf 85' lang='lat' dir='ltr'><strong>_interdum_</strong></span> <span class='ocrx_word' id='word_1_683' title='bbox 1831 5052 2133 5131; x_wconf 83' lang='lat' dir='ltr'><strong>aliquanto</strong></span> 
     </span>
    </p>
   </div>
   <div class='ocr_carea' id='block_1_96' title="bbox 485 5117 2132 5195">
    <p class='ocr_par' dir='ltr' id='par_1_96' title="bbox 485 5117 2132 5195">
     <span class='ocr_line' id='line_1_96' title="bbox 485 5117 2132 5195; baseline 0.007 -21"><span class='ocrx_word' id='word_1_684' title='bbox 485 5117 757 5195; x_wconf 74' lang='lat' dir='ltr'><strong>inferiore</strong></span> <span class='ocrx_word' id='word_1_685' title='bbox 786 5117 932 5195; x_wconf 65' lang='lat' dir='ltr'><strong>sella</strong></span> <span class='ocrx_word' id='word_1_686' title='bbox 958 5117 1201 5175; x_wconf 88' lang='lat' dir='ltr'><strong>sedebat</strong></span> <span class='ocrx_word' id='word_1_687' title='bbox 1221 5120 1551 5191; x_wconf 88' lang='lat' dir='ltr'><strong>patriarcha</strong></span> <span class='ocrx_word' id='word_1_688' title='bbox 1581 5138 1759 5193; x_wconf 88' lang='lat' dir='ltr'><strong>quam</strong></span> <span class='ocrx_word' id='word_1_689' title='bbox 1791 5117 2132 5195; x_wconf 76' lang='lat' dir='ltr'><strong>imperator.</strong></span> 
     </span>
    </p>
   </div>
   <div class='ocr_carea' id='block_1_97' title="bbox 484 5190 946 5264">
    <p class='ocr_par' dir='ltr' id='par_1_97' title="bbox 484 5190 946 5264">
     <span class='ocr_line' id='line_1_97' title="bbox 484 5190 946 5264; baseline -0.006 -17"><span class='ocrx_word' id='word_1_690' title='bbox 484 5190 627 5264; x_wconf 7' lang='lat' dir='ltr'><strong>Vidi.</strong></span> <span class='ocrx_word' id='word_1_691' title='bbox 651 5192 723 5246; x_wconf 87' lang='lat' dir='ltr'><strong>ad</strong></span> <span class='ocrx_word' id='word_1_692' title='bbox 756 5208 811 5264; x_wconf 90' lang='lat' dir='ltr'><strong>p.</strong></span> <span class='ocrx_word' id='word_1_693' title='bbox 846 5192 946 5264; x_wconf 10' lang='lat'><strong>755.</strong></span> 
     </span>
    </p>
   </div>
   <div class='ocr_carea' id='block_1_98' title="bbox 561 5259 2139 5336">
    <p class='ocr_par' dir='ltr' id='par_1_98' title="bbox 561 5259 2139 5336">
     <span class='ocr_line' id='line_1_98' title="bbox 561 5259 2139 5336; baseline 0.003 -19"><span class='ocrx_word' id='word_1_694' title='bbox 561 5262 638 5335; x_wconf 86' lang='lat'><strong>(9)</strong></span> <span class='ocrx_word' id='word_1_695' title='bbox 670 5259 880 5336; x_wconf 81' lang='lat' dir='ltr'><strong>Amici,</strong></span> <span class='ocrx_word' id='word_1_696' title='bbox 913 5259 1013 5333; x_wconf 91' lang='lat' dir='ltr'><strong>qui</strong></span> <span class='ocrx_word' id='word_1_697' title='bbox 1048 5260 1107 5317; x_wconf 89' lang='lat' dir='ltr'><strong>in</strong></span> <span class='ocrx_word' id='word_1_698' title='bbox 1142 5261 1326 5332; x_wconf 89' lang='lat' dir='ltr'><strong>primo</strong></span> <span class='ocrx_word' id='word_1_699' title='bbox 1357 5262 1649 5336; x_wconf 85' lang='lat' dir='ltr'><strong>accubitu,</strong></span> <span class='ocrx_word' id='word_1_700' title='bbox 1694 5264 1788 5319; x_wconf 91' lang='lat' dir='ltr'><strong>cui</strong></span> <span class='ocrx_word' id='word_1_701' title='bbox 1821 5265 2139 5336; x_wconf 83' lang='lat' dir='ltr'><strong>imperator</strong></span> 
     </span>
    </p>
   </div>
   <div class='ocr_carea' id='block_1_99' title="bbox 487 5333 2138 5406">
    <p class='ocr_par' dir='ltr' id='par_1_99' title="bbox 487 5333 2138 5406">
     <span class='ocr_line' id='line_1_99' title="bbox 487 5333 2138 5406; baseline 0.001 -16"><span class='ocrx_word' id='word_1_702' title='bbox 487 5338 545 5390; x_wconf 90' lang='lat' dir='ltr'><strong>et</strong></span> <span class='ocrx_word' id='word_1_703' title='bbox 570 5333 1297 5406; x_wconf 81' lang='lat' dir='ltr'><strong>patriarchaaccumbunt,</strong></span> <span class='ocrx_word' id='word_1_704' title='bbox 1312 5340 1371 5389; x_wconf 91' lang='lat' dir='ltr'><strong>et</strong></span> <span class='ocrx_word' id='word_1_705' title='bbox 1392 5333 1493 5406; x_wconf 90' lang='lat' dir='ltr'><strong>qui</strong></span> <span class='ocrx_word' id='word_1_706' title='bbox 1526 5336 1583 5389; x_wconf 95' lang='lat' dir='ltr'><strong>in</strong></span> <span class='ocrx_word' id='word_1_707' title='bbox 1614 5352 1847 5392; x_wconf 89' lang='lat' dir='ltr'><strong>summo</strong></span> <span class='ocrx_word' id='word_1_708' title='bbox 1874 5333 2138 5393; x_wconf 52' lang='grc' dir='ltr'>θειωδ-</span> 
     </span>
    </p>
   </div>
   <div class='ocr_carea' id='block_1_100' title="bbox 488 5404 2139 5477">
    <p class='ocr_par' dir='ltr' id='par_1_100' title="bbox 488 5404 2139 5477">
     <span class='ocr_line' id='line_1_100' title="bbox 488 5404 2139 5477; baseline 0.002 -17"><span class='ocrx_word' id='word_1_709' title='bbox 488 5422 657 5477; x_wconf 70' lang='grc' dir='ltr'>νενεο</span> <span class='ocrx_word' id='word_1_710' title='bbox 690 5411 828 5475; x_wconf 86' lang='lat' dir='ltr'><strong>stat,</strong></span> <span class='ocrx_word' id='word_1_711' title='bbox 861 5406 1082 5461; x_wconf 88' lang='lat' dir='ltr'><strong>sedent.</strong></span> <span class='ocrx_word' id='word_1_712' title='bbox 1115 5404 1293 5477; x_wconf 87' lang='lat' dir='ltr'><strong>Erant</strong></span> <span class='ocrx_word' id='word_1_713' title='bbox 1324 5404 1533 5477; x_wconf 77' lang='lat' dir='ltr'><strong>nempe</strong></span> <span class='ocrx_word' id='word_1_714' title='bbox 1555 5407 1639 5461; x_wconf 90' lang='lat' dir='ltr'><strong>sic</strong></span> <span class='ocrx_word' id='word_1_715' title='bbox 1669 5408 1935 5475; x_wconf 89' lang='lat' dir='ltr'><strong>dispositi</strong></span> <span class='ocrx_word' id='word_1_716' title='bbox 1967 5425 2139 5464; x_wconf 91' lang='lat' dir='ltr'><strong>accu-</strong></span> 
     </span>
    </p>
   </div>
   <div class='ocr_carea' id='block_1_101' title="bbox 489 5475 2139 5545">
    <p class='ocr_par' dir='ltr' id='par_1_101' title="bbox 489 5475 2139 5545">
     <span class='ocr_line' id='line_1_101' title="bbox 489 5475 2139 5545; baseline 0.003 -15"><span class='ocrx_word' id='word_1_717' title='bbox 489 5475 666 5543; x_wconf 90' lang='lat' dir='ltr'><strong>bitus,</strong></span> <span class='ocrx_word' id='word_1_718' title='bbox 696 5494 797 5534; x_wconf 90' lang='lat' dir='ltr'><strong>seu</strong></span> <span class='ocrx_word' id='word_1_719' title='bbox 823 5492 1060 5545; x_wconf 65' lang='lat' dir='ltr'><strong>mensae,</strong></span> <span class='ocrx_word' id='word_1_720' title='bbox 1088 5481 1152 5531; x_wconf 89' lang='lat' dir='ltr'><strong>ut</strong></span> <span class='ocrx_word' id='word_1_721' title='bbox 1180 5475 1499 5533; x_wconf 82' lang='lat' dir='ltr'><strong>introeunti</strong></span> <span class='ocrx_word' id='word_1_722' title='bbox 1521 5479 1590 5532; x_wconf 91' lang='lat' dir='ltr'><strong>ad</strong></span> <span class='ocrx_word' id='word_1_723' title='bbox 1639 5479 1899 5534; x_wconf 87' lang='lat' dir='ltr'><strong>dextram</strong></span> <span class='ocrx_word' id='word_1_724' title='bbox 1934 5495 2139 5535; x_wconf 90' lang='lat' dir='ltr'><strong>novem</strong></span> 
     </span>
    </p>
   </div>
   <div class='ocr_carea' id='block_1_102' title="bbox 490 5547 2140 5630">
    <p class='ocr_par' dir='ltr' id='par_1_102' title="bbox 490 5547 2140 5630">
     <span class='ocr_line' id='line_1_102' title="bbox 490 5547 2140 5630; baseline 0.002 -29"><span class='ocrx_word' id='word_1_725' title='bbox 490 5554 744 5630; x_wconf 62' lang='lat' dir='ltr'><strong>etrarent</strong></span> <span class='ocrx_word' id='word_1_726' title='bbox 775 5550 834 5605; x_wconf 92' lang='lat' dir='ltr'><strong>in</strong></span> <span class='ocrx_word' id='word_1_727' title='bbox 866 5547 1298 5630; x_wconf 70' lang='lat' dir='ltr'><strong>longitudinem</strong></span> <span class='ocrx_word' id='word_1_728' title='bbox 1344 5554 1736 5630; x_wconf 77' lang='lat' dir='ltr'><strong>_porrectae,_et</strong></span> <span class='ocrx_word' id='word_1_729' title='bbox 1783 5551 2022 5630; x_wconf 89' lang='lat' dir='ltr'><strong>tot_ide_m</strong></span> <span class='ocrx_word' id='word_1_730' title='bbox 2068 5550 2140 5605; x_wconf 92' lang='lat' dir='ltr'><strong>ad</strong></span> 
     </span>
    </p>
   </div>
   <div class='ocr_carea' id='block_1_103' title="bbox 492 5621 2145 5700">
    <p class='ocr_par' dir='ltr' id='par_1_103' title="bbox 492 5621 2145 5700">
     <span class='ocr_line' id='line_1_103' title="bbox 492 5621 2145 5700; baseline 0.002 -29"><span class='ocrx_word' id='word_1_731' title='bbox 492 5621 793 5700; x_wconf 68' lang='lat' dir='ltr'><strong>sinistram</strong></span> <span class='ocrx_word' id='word_1_732' title='bbox 821 5636 920 5700; x_wconf 45' lang='grc' dir='ltr'><strong>,ει</strong></span> <span class='ocrx_word' id='word_1_733' title='bbox 976 5621 1268 5700; x_wconf 63' lang='grc' dir='ltr'><strong>ορροεξωζ</strong></span> <span class='ocrx_word' id='word_1_734' title='bbox 1305 5624 1374 5700; x_wconf 72' lang='lat' dir='ltr'><strong>et</strong></span> <span class='ocrx_word' id='word_1_735' title='bbox 1415 5637 1529 5700; x_wconf 70' lang='lat' dir='ltr'><strong>una</strong></span> <span class='ocrx_word' id='word_1_736' title='bbox 1586 5621 1792 5690; x_wconf 87' lang='lat' dir='ltr'><strong>prima,</strong></span> <span class='ocrx_word' id='word_1_737' title='bbox 1826 5621 1886 5700; x_wconf 70' lang='grc' dir='ltr'><strong>⁸ἡ</strong></span> <span class='ocrx_word' id='word_1_738' title='bbox 1944 5621 2145 5700; x_wconf 70' lang='grc' dir='ltr'>ἀποκο-</span> 
     </span>
    </p>
   </div>
   <div class='ocr_carea' id='block_1_104' title="bbox 491 5688 2143 5765">
    <p class='ocr_par' dir='ltr' id='par_1_104' title="bbox 491 5688 2143 5765">
     <span class='ocr_line' id='line_1_104' title="bbox 491 5688 2143 5765; baseline 0.004 -23"><span class='ocrx_word' id='word_1_739' title='bbox 491 5688 603 5765; x_wconf 54' lang='lat'><strong>31?)</strong></span> <span class='ocrx_word' id='word_1_740' title='bbox 634 5688 1137 5765; x_wconf 79' lang='lat' dir='ltr'><strong>dicta,i_n_e_ummo</strong></span> <span class='ocrx_word' id='word_1_741' title='bbox 1160 5688 1627 5765; x_wconf 66' lang='lat' dir='ltr'><strong>iulatitudinem</strong></span> <span class='ocrx_word' id='word_1_742' title='bbox 1658 5709 1689 5749; x_wconf 89' lang='lat' dir='ltr'><strong>e</strong></span> <span class='ocrx_word' id='word_1_743' title='bbox 1720 5688 1956 5765; x_wconf 81' lang='lat' dir='ltr'><strong>regione</strong></span> <span class='ocrx_word' id='word_1_744' title='bbox 1986 5694 2143 5765; x_wconf 83' lang='lat' dir='ltr'><strong>ostii,</strong></span> 
     </span>
    </p>
   </div>
   <div class='ocr_carea' id='block_1_105' title="bbox 2242 5051 3899 5135">
    <p class='ocr_par' dir='ltr' id='par_1_105' title="bbox 2242 5051 3899 5135">
     <span class='ocr_line' id='line_1_105' title="bbox 2242 5051 3899 5135; baseline -0.001 -25"><span class='ocrx_word' id='word_1_745' title='bbox 2242 5054 2371 5135; x_wconf 80' lang='lat' dir='ltr'><strong>cha,</strong></span> <span class='ocrx_word' id='word_1_746' title='bbox 2386 5053 2625 5135; x_wconf 75' lang='lat' dir='ltr'><strong>quoties</strong></span> <span class='ocrx_word' id='word_1_747' title='bbox 2656 5051 3166 5135; x_wconf 43' lang='lat' dir='ltr'><strong>cumimpe‘r&#39;alore</strong></span> <span class='ocrx_word' id='word_1_748' title='bbox 3196 5052 3553 5135; x_wconf 76' lang='lat' dir='ltr'><strong>epularetur,</strong></span> <span class='ocrx_word' id='word_1_749' title='bbox 3587 5072 3722 5135; x_wconf 77' lang='lat' dir='ltr'><strong>cum</strong></span> <span class='ocrx_word' id='word_1_750' title='bbox 3741 5071 3899 5135; x_wconf 63' lang='lat' dir='ltr'><strong>prae:</strong></span> 
     </span>
    </p>
   </div>
   <div class='ocr_carea' id='block_1_106' title="bbox 2244 5123 3894 5197">
    <p class='ocr_par' dir='ltr' id='par_1_106' title="bbox 2244 5123 3894 5197">
     <span class='ocr_line' id='line_1_106' title="bbox 2244 5123 3894 5197; baseline 0.001 -15"><span class='ocrx_word' id='word_1_751' title='bbox 2244 5123 2433 5196; x_wconf 77' lang='lat' dir='ltr'><strong>cipuis</strong></span> <span class='ocrx_word' id='word_1_752' title='bbox 2455 5124 2677 5197; x_wconf 85' lang='lat' dir='ltr'><strong>aliquot</strong></span> <span class='ocrx_word' id='word_1_753' title='bbox 2707 5123 3168 5197; x_wconf 84' lang='lat' dir='ltr'><strong>metrOpolitanis</strong></span> <span class='ocrx_word' id='word_1_754' title='bbox 3194 5140 3214 5197; x_wconf 17' lang='lat'><strong>7:</strong></span> <span class='ocrx_word' id='word_1_755' title='bbox 3235 5123 3453 5194; x_wconf 74' lang='lat' dir='ltr'><strong>primis</strong></span> <span class='ocrx_word' id='word_1_756' title='bbox 3514 5123 3790 5197; x_wconf 76' lang='lat' dir='ltr'><strong>proximis</strong></span> <span class='ocrx_word' id='word_1_757' title='bbox 3819 5126 3894 5182; x_wconf 84' lang='lat' dir='ltr'><strong>ad</strong></span> 
     </span>
    </p>
   </div>
   <div class='ocr_carea' id='block_1_107' title="bbox 2247 5195 3897 5269">
    <p class='ocr_par' dir='ltr' id='par_1_107' title="bbox 2247 5195 3897 5269">
     <span class='ocr_line' id='line_1_107' title="bbox 2247 5195 3897 5269; baseline 0.001 -17"><span class='ocrx_word' id='word_1_758' title='bbox 2247 5195 2559 5269; x_wconf 78' lang='lat' dir='ltr'><strong>utrumque</strong></span> <span class='ocrx_word' id='word_1_759' title='bbox 2588 5195 2742 5269; x_wconf 78' lang='lat' dir='ltr'><strong>latus</strong></span> <span class='ocrx_word' id='word_1_760' title='bbox 2762 5195 2981 5269; x_wconf 83' lang='lat' dir='ltr'><strong>mensis</strong></span> <span class='ocrx_word' id='word_1_761' title='bbox 3002 5196 3334 5269; x_wconf 77' lang='lat' dir='ltr'><strong>assidebam.</strong></span> <span class='ocrx_word' id='word_1_762' title='bbox 3350 5195 3561 5269; x_wconf 86' lang='lat' dir='ltr'><strong>reliqui</strong></span> <span class='ocrx_word' id='word_1_763' title='bbox 3590 5199 3897 5254; x_wconf 82' lang='lat' dir='ltr'><strong>inferiores</strong></span> 
     </span>
    </p>
   </div>
   <div class='ocr_carea' id='block_1_108' title="bbox 2247 5265 3082 5337">
    <p class='ocr_par' dir='ltr' id='par_1_108' title="bbox 2247 5265 3082 5337">
     <span class='ocr_line' id='line_1_108' title="bbox 2247 5265 3082 5337; baseline -0.005 -12"><span class='ocrx_word' id='word_1_764' title='bbox 2247 5265 2678 5337; x_wconf 82' lang='lat' dir='ltr'><strong>metropolitani</strong></span> <span class='ocrx_word' id='word_1_765' title='bbox 2709 5270 2768 5322; x_wconf 89' lang='lat' dir='ltr'><strong>et</strong></span> <span class='ocrx_word' id='word_1_766' title='bbox 2803 5266 3082 5337; x_wconf 72' lang='lat' dir='ltr'><strong>episcopi.</strong></span> 
     </span>
    </p>
   </div>
   <div class='ocr_carea' id='block_1_109' title="bbox 2319 5335 3900 5413">
    <p class='ocr_par' dir='ltr' id='par_1_109' title="bbox 2319 5335 3900 5413">
     <span class='ocr_line' id='line_1_109' title="bbox 2319 5335 3900 5413; baseline -0.001 -20"><span class='ocrx_word' id='word_1_767' title='bbox 2319 5335 2451 5413; x_wconf 64' lang='grc'><strong>(10)’</strong></span> <span class='ocrx_word' id='word_1_768' title='bbox 2491 5335 3401 5413; x_wconf 35' lang='grc' dir='ltr'>Εειηΐβεὶυῐῄ-τῆς“ιὺπαπάντῃς,</span> <span class='ocrx_word' id='word_1_769' title='bbox 3463 5356 3587 5413; x_wconf 78' lang='lat' dir='ltr'><strong>quo</strong></span> <span class='ocrx_word' id='word_1_770' title='bbox 3636 5339 3900 5396; x_wconf 83' lang='lat' dir='ltr'><strong>Christus</strong></span> 
     </span>
    </p>
   </div>
   <div class='ocr_carea' id='block_1_110' title="bbox 2249 5407 3903 5481">
    <p class='ocr_par' dir='ltr' id='par_1_110' title="bbox 2249 5407 3903 5481">
     <span class='ocr_line' id='line_1_110' title="bbox 2249 5407 3903 5481; baseline 0.001 -17"><span class='ocrx_word' id='word_1_771' title='bbox 2249 5407 2465 5481; x_wconf 74' lang='lat' dir='ltr'><strong>templo</strong></span> <span class='ocrx_word' id='word_1_772' title='bbox 2486 5408 2777 5465; x_wconf 85' lang='lat' dir='ltr'><strong>exhibitus</strong></span> <span class='ocrx_word' id='word_1_773' title='bbox 2809 5407 2919 5481; x_wconf 80' lang='lat' dir='ltr'><strong>fuit</strong></span> <span class='ocrx_word' id='word_1_774' title='bbox 2950 5417 3005 5463; x_wconf 92' lang='lat' dir='ltr'><strong>et</strong></span> <span class='ocrx_word' id='word_1_775' title='bbox 3036 5408 3286 5481; x_wconf 81' lang='lat' dir='ltr'><strong>Symeon</strong></span> <span class='ocrx_word' id='word_1_776' title='bbox 3308 5407 3510 5480; x_wconf 77' lang='lat' dir='ltr'><strong>justus</strong></span> <span class='ocrx_word' id='word_1_777' title='bbox 3540 5411 3591 5467; x_wconf 90' lang='lat' dir='ltr'><strong>ei</strong></span> <span class='ocrx_word' id='word_1_778' title='bbox 3621 5415 3903 5468; x_wconf 90' lang='lat' dir='ltr'><strong>occurrit.</strong></span> 
     </span>
    </p>
   </div>
   <div class='ocr_carea' id='block_1_111' title="bbox 2250 5478 3910 5554">
    <p class='ocr_par' dir='ltr' id='par_1_111' title="bbox 2250 5478 3910 5554">
     <span class='ocr_line' id='line_1_111' title="bbox 2250 5478 3910 5554; baseline 0.003 -19"><span class='ocrx_word' id='word_1_779' title='bbox 2250 5478 2553 5554; x_wconf 80' lang='lat' dir='ltr'><strong>Invenitur</strong></span> <span class='ocrx_word' id='word_1_780' title='bbox 2590 5496 2853 5554; x_wconf 74' lang='lat' dir='ltr'><strong>quoque</strong></span> <span class='ocrx_word' id='word_1_781' title='bbox 2887 5478 3117 5549; x_wconf 67' lang='grc' dir='ltr'>ὑπανττς.</span> <span class='ocrx_word' id='word_1_782' title='bbox 3156 5478 3463 5554; x_wconf 50' lang='grc' dir='ltr'>πεττευτῇ</span> <span class='ocrx_word' id='word_1_783' title='bbox 3513 5482 3764 5549; x_wconf 78' lang='lat' dir='ltr'><strong>Domini,</strong></span> <span class='ocrx_word' id='word_1_784' title='bbox 3798 5483 3910 5540; x_wconf 85' lang='lat' dir='ltr'><strong>hoc</strong></span> 
     </span>
    </p>
   </div>
   <div class='ocr_carea' id='block_1_112' title="bbox 2250 5551 3907 5623">
    <p class='ocr_par' dir='ltr' id='par_1_112' title="bbox 2250 5551 3907 5623">
     <span class='ocr_line' id='line_1_112' title="bbox 2250 5551 3907 5623; baseline 0.003 -16"><span class='ocrx_word' id='word_1_785' title='bbox 2250 5560 2356 5621; x_wconf 87' lang='lat' dir='ltr'><strong>est,</strong></span> <span class='ocrx_word' id='word_1_786' title='bbox 2389 5551 2701 5623; x_wconf 68' lang='lat' dir='ltr'><strong>obvialiohe</strong></span> <span class='ocrx_word' id='word_1_787' title='bbox 2719 5551 2776 5609; x_wconf 92' lang='lat' dir='ltr'><strong>S.</strong></span> <span class='ocrx_word' id='word_1_788' title='bbox 2816 5551 3106 5622; x_wconf 74' lang='lat' dir='ltr'><strong>Symeonis</strong></span> <span class='ocrx_word' id='word_1_789' title='bbox 3153 5551 3347 5623; x_wconf 72' lang='lat' dir='ltr'><strong>ngnis</strong></span> <span class='ocrx_word' id='word_1_790' title='bbox 3375 5551 3622 5610; x_wconf 66' lang='lat' dir='ltr'><strong>decessit.</strong></span> <span class='ocrx_word' id='word_1_791' title='bbox 3655 5554 3907 5612; x_wconf 86' lang='lat' dir='ltr'><strong>Ditmar.</strong></span> 
     </span>
    </p>
   </div>
   <div class='ocr_carea' id='block_1_113' title="bbox 2251 5621 3909 5697">
    <p class='ocr_par' dir='ltr' id='par_1_113' title="bbox 2251 5621 3909 5697">
     <span class='ocr_line' id='line_1_113' title="bbox 2251 5621 3909 5697; baseline 0.002 -19"><span class='ocrx_word' id='word_1_792' title='bbox 2251 5639 2308 5697; x_wconf 69' lang='grc' dir='ltr'>ρ.</span> <span class='ocrx_word' id='word_1_793' title='bbox 2364 5622 2465 5676; x_wconf 82' lang='grc'><strong>120</strong></span> <span class='ocrx_word' id='word_1_794' title='bbox 2497 5621 2682 5697; x_wconf 82' lang='lat' dir='ltr'><strong>:__vid.</strong></span> <span class='ocrx_word' id='word_1_795' title='bbox 2733 5621 3007 5697; x_wconf 49' lang='lat' dir='ltr'><strong>énastas.</strong></span> <span class='ocrx_word' id='word_1_796' title='bbox 3035 5621 3318 5697; x_wconf 52' lang='lat' dir='ltr'><strong>__Bibl.&#39;p.</strong></span> <span class='ocrx_word' id='word_1_797' title='bbox 3366 5623 3540 5697; x_wconf 78' lang='grc'><strong>154.]·</strong></span> <span class='ocrx_word' id='word_1_798' title='bbox 3568 5627 3761 5697; x_wconf 35' lang='grc' dir='ltr'>Αῼοιιΐ.</span> <span class='ocrx_word' id='word_1_799' title='bbox 3816 5625 3909 5697; x_wconf 81' lang='lat' dir='ltr'><strong>Du</strong></span> 
     </span>
    </p>
   </div>
   <div class='ocr_carea' id='block_1_114' title="bbox 2250 5691 3914 5769">
    <p class='ocr_par' dir='ltr' id='par_1_114' title="bbox 2250 5691 3914 5769">
     <span class='ocr_line' id='line_1_114' title="bbox 2250 5691 3914 5769; baseline 0.004 -20"><span class='ocrx_word' id='word_1_800' title='bbox 2250 5694 2444 5769; x_wconf 63' lang='lat' dir='ltr'><strong>pange</strong></span> <span class='ocrx_word' id='word_1_801' title='bbox 2489 5691 2674 5751; x_wconf 85' lang='lat' dir='ltr'><strong>Gloss.</strong></span> <span class='ocrx_word' id='word_1_802' title='bbox 2732 5693 2857 5753; x_wconf 88' lang='lat' dir='ltr'><strong>Lat.</strong></span> <span class='ocrx_word' id='word_1_803' title='bbox 2906 5711 2960 5751; x_wconf 86' lang='grc' dir='ltr'>ν.</span> <span class='ocrx_word' id='word_1_804' title='bbox 3025 5691 3357 5769; x_wconf 69' lang='lat' dir='ltr'><strong>Ilypapahte</strong></span> <span class='ocrx_word' id='word_1_805' title='bbox 3443 5691 3512 5751; x_wconf 64' lang='lat' dir='ltr'><strong>et&#39;</strong></span> <span class='ocrx_word' id='word_1_806' title='bbox 3554 5694 3747 5754; x_wconf 81' lang='lat' dir='ltr'><strong>Gloss.</strong></span> <span class='ocrx_word' id='word_1_807' title='bbox 3805 5695 3914 5756; x_wconf 86' lang='lat' dir='ltr'><strong>Gr-</strong></span> 
     </span>
    </p>
   </div>
   <div class='ocr_carea' id='block_1_115' title="bbox 492 5753 2398 5842">
    <p class='ocr_par' dir='ltr' id='par_1_115' title="bbox 492 5753 2398 5842">
     <span class='ocr_line' id='line_1_115' title="bbox 492 5753 2398 5842; baseline 0.004 -24"><span class='ocrx_word' id='word_1_808' title='bbox 492 5753 709 5818; x_wconf 72' lang='lat' dir='ltr'><strong>Primae</strong></span> <span class='ocrx_word' id='word_1_809' title='bbox 739 5753 1055 5834; x_wconf 83' lang='lat' dir='ltr'><strong>assidebat,</strong></span> <span class='ocrx_word' id='word_1_810' title='bbox 1087 5769 1151 5819; x_wconf 88' lang='lat' dir='ltr'><strong>ut</strong></span> <span class='ocrx_word' id='word_1_811' title='bbox 1179 5761 1431 5833; x_wconf 85' lang='lat' dir='ltr'><strong>dictum,</strong></span> <span class='ocrx_word' id='word_1_812' title='bbox 1462 5753 1867 5838; x_wconf 56' lang='lat' dir='ltr'><strong>imperator&#39;et</strong></span> <span class='ocrx_word' id='word_1_813' title='bbox 1895 5753 2147 5842; x_wconf 47' lang='lat' dir='ltr'><strong>patriar-&#39;-</strong></span> <span class='ocrx_word' id='word_1_814' title='bbox 2252 5764 2311 5823; x_wconf 85' lang='lat' dir='ltr'><strong>h.</strong></span> <span class='ocrx_word' id='word_1_815' title='bbox 2345 5753 2398 5825; x_wconf 42' lang='lat' dir='ltr'><strong>v“.</strong></span> 
     </span>
    </p>
   </div>
  </div>
