4180 6304
229 296 343 362 365

1106 295 1205 355 DE
1248 293 1712 356 CERIMONIIS
1758 295 1993 357 AULzE
2034 296 2514 360 BYZANTINIE
2556 301 2703 362 LIB.
2750 300 2796 363 Ι.

3529 305 3647 369 386

228 432 541 508 κουλάριοι.
598 429 668 484 01
737 424 796 483 δὲ
833 425 1089 502 εὖνοῦγοι
1130 424 1618 501 πρωτοσπαθάριοι
1666 430 1925 501 φοροῦσι,

2010 430 2354 503 tospatharii
2383 432 2575 504 specia
2599 451 2708 491 sua
2735 438 2793 490 et
2815 434 3075 507 spathae,
3100 435 3292 493 nullos
3314 442 3507 496 autem
3526 457 3650 510 spa-

229 523 294 578 τὰ
342 519 636 592 ἀλλάξιμα
705 515 880 572 αὐτῶν
950 515 1185 587 πλήρεις
1242 516 1313 585 ⁸⁸,
1383 514 1739 589 βαστάζοντες
1804 517 1893 571 καὶ

235 604 646 677 σπαθοϐάκλια,
709 607 760 661 οἱ
809 602 867 660 δὲ
922 598 1190 679 βαρϐάτοι
1248 604 1733 679 πρωτοσπαθάριοι
1797 626 1894 684 (ρο.

231 698 385 778 ροῦσι
434 699 506 754 τὰ
557 690 755 752 σπέκια
814 694 999 749 αὐτῶν
1056 692 1146 748 καὶ
1206 692 1425 760 σπαθία,
1478 693 1540 748 οὐ
1575 693 1895 767 βαστάζουσι

232 788 289 846 δὲ
323 781 735 844 σπαθοϐάκλια.
794 784 862 839 Οἱ
917 778 979 836 8‘s
1036 778 1591 856 σπαθαροκανδιδάτοι
1629 783 1719 837 καὶ
1750 803 1895 838 σπα-

230 880 414 954 θάριοι
447 876 542 932 καὶ
573 875 629 930 οἱ
657 877 757 929 τοῦ
792 864 1102 946 μαγλαϐίου
1148 871 1237 925 καὶ
1288 871 1345 924 οἳ
1395 870 1585 925 λοιποὶ
1633 871 1896 926 οἲκειακοὶ

239 969 538 1041 σπαθάριοι
588 965 977 1039 περιπατοῦσιν
1024 955 1170 1023 ἔνθεν
1219 958 1485 1029 κάκεῖθεν,
1535 956 1753 1024 ὄπισθεν
1797 966 1896 1029 τῆς

233 1055 642 1134 προελεύσεως,
702 1050 777 1113 εἷς
831 1050 899 1105 τὰ
955 1048 1165 1124 πλάγια
1210 1048 1258 1084 ⁸³
1301 1052 1409 1103 τῶν
1463 1047 1746 1124 ἀρχόντων
1800 1054 1897 1103 τοῦ

232 1140 642 1201 κουϐουκλείου
689 1140 780 1195 καὶ
839 1142 947 1192 τῶν
1005 1135 1331 1211 πατρικίων,
1397 1139 1560 1191 τοῦτο
1616 1135 1899 1199 τελοῦντες

232 1235 350 1290 καθ’
408 1232 643 1301 ἑκάστην
694 1228 1038 1306 προέλευσιν·
1094 1225 1149 1282 ἐν
1190 1223 1247 1281 δὲ
1292 1229 1412 1287 ταῖς
1457 1224 1720 1301 μεγάλαις
1762 1246 1902 1302 προ..

2005 520 2350 578 thobaculos
2399 528 2650 596 gestant.
2697 525 3302 598 Spatharocandidati,
3347 529 3645 602 spatharii,

2006 612 2363 669 manclavitaa
2395 620 2451 669 et
2481 618 2669 672 caeteri
2701 617 3004 674 domestici
3056 619 3342 690 spatharii
3373 621 3648 691 utrinque

2005 705 2137 772 post
2166 702 2485 758 solemnem
2519 721 2793 778 pompam
2828 706 2902 762 ad
2931 707 3088 763 latus
3115 708 3512 778 prefectorum
3544 725 3646 764 cu-

2005 786 2181 842 biculi
2213 794 2269 843 et
2302 790 2671 859 patriciorum
2706 796 3047 864 procedunt,
3070 801 3127 850 et
3155 795 3343 851 hocin
3374 796 3648 853 omnibus

2006 878 2475 947 processionibus
2524 881 2864 953 observant;
2910 884 2970 939 in
3024 885 3256 956 magnis
3303 894 3495 941 autem
3531 890 3648 941 tor-

2008 981 2151 1037 ques
2182 971 2238 1021 et
2267 968 2720 1037 spathobaculos
2742 988 2878 1028 suos
2901 979 3150 1044 gestant.
3170 975 3651 1045 Spatharocandi-

2008 1054 2126 1108 dati
2158 1060 2416 1126 torques,
2443 1060 2697 1114 scutaria
2730 1071 2782 1115 et
2814 1060 3096 1125 dextralia
3132 1079 3267 1119 eum
3319 1064 3647 1133 securibus,

2008 1141 2289 1213 spatharii
2340 1148 2506 1201 scuta
2534 1150 2591 1201 et
2638 1146 2939 1211 dextralia,
2972 1149 3205 1222 utrique
3245 1152 3420 1208 etiam
3454 1168 3649 1208 scara-

2009 1232 2241 1303 mangia
2275 1236 2505 1303 gerunt.

228 1326 475 1384 ελεύσεσι
504 1326 735 1400 φοροῦσι
792 1321 858 1377 τὰ
919 1319 1173 1394 μανιάκια
1218 1317 1417 1387 αὐτῶν,
1472 1317 1828 1391 βαστάζοντες
1883 1318 1973 1372 καὶ
2041 1316 2423 1376 σπαθοϐάκλια
2475 1323 2677 1381 αὐτῶν.
2732 1324 2801 1381 O't
2860 1321 2917 1379 δὲ
2966 1325 3527 1401 σπαθαροκανδιδάτοι
3577 1331 3649 1386 τὰ

236 1415 507 1490 μανιάκια
563 1410 738 1467 αὐτῶν
794 1410 885 1465 καὶ
933 1408 1223 1484 σκουτάρια
1266 1405 1359 1461 καὶ
1418 1404 1705 1483 διστράλια
1769 1406 2122 1480 μονοπέλυκα
2175 1412 2307 1484 (11)·
2352 1412 2403 1466 οἱ
2471 1408 2528 1466 δὲ
2585 1414 2875 1486 σπατάριοι
2928 1415 3220 1490 σκουτάρια
3274 1416 3365 1471 καὶ
3424 1416 3649 1493 διστρά-

231 1507 348 1575 λια,
372 1506 485 1562 ἀπὸ
519 1500 944 1579 σκαραμαγγίων
980 1497 1039 1555 δὲ
1069 1499 1394 1574 ἀμφότεροι.

304 1603 382 1658 Β’.
434 1600 550 1656 Τοῦ
599 1594 657 1652 δὲ
693 1602 795 1665 τῆς
842 1592 1219 1654 καταστάσεως
1270 1588 1525 1652 ἐλθόντος
1575 1589 1664 1645 καὶ
1726 1610 1889 1661 μηνυ-

235 1710 435 1753 σαντος
488 1692 571 1760 τῷ
631 1683 999 1760 πραιποσίτῳ,
1057 1682 1141 1742 ὡς,
1185 1682 1269 1736 ὅτι
1332 1679 1576 1754 ὁκαιρὸς
1640 1681 1887 1753 ἤγγικεν,

236 1757 554 1854 εἷσέρχεται
618 1777 646 1831 6
676 1757 1044 1847 πραιπόσιτος
1094 1772 1184 1825 καὶ
1243 1771 1432 1843 μηνύει
1484 1770 1577 1824 τὸν
1645 1767 1894 1844 βασιλέα,
1926 1757 1972 1822 Β

238 1872 266 1926 6
312 1868 371 1925 δὲ
437 1864 699 1943 βασιλεὺς
748 1862 978 1934 ἐξελθὼν
1030 1859 1080 1916 ἕν
1136 1865 1214 1932 τῷ
1258 1858 1519 1943 τρικλίνῳ
1572 1862 1651 1930 τῷ
1697 1857 1895 1913 καλου-

242 1959 388 2033 μέιῳ
440 1942 885 2024 ί⁹Αναστασιακῷ,
939 1953 1120 2027 φορῶν
1174 1949 1238 2004 τὸ
1306 1942 1648 2019 δηϐητήσιον
1708 1945 1894 2018 αὐτοῦ,

238 2050 457 2106 ἵσταται
506 2047 702 2114 ἐκεῖσε,
750 2043 839 2098 καὶ
888 2043 1132 2096 ἳστανται
1189 2039 1241 2094 οἱ
1292 2036 1556 2114 ἄρχοντες
1614 2041 1711 2091 τοῦ
1772 2056 1897 2090 κου-

239 2135 535 2196 ϐουκκείου
587 2133 733 2199 ἔνθεν
787 2132 877 2187 καὶ
940 2129 1106 2196 ἔνθεν,
1158 2127 1210 2183 οἱ
1261 2125 1318 2182 δὲ
1366 2120 1898 2202 σπαθαροκουϐικου-

239 2227 431 2303 λάριοι
485 2224 578 2279 καὶ
629 2223 680 2277 οἱ
738 2213 1191 2293 κουϐικουλάριοι
1238 2215 1458 2270 ὄπισθεν
1498 2213 1699 2285 αὐτῶν,
1758 2214 1810 2268 οἱ
1843 2210 1901 2267 δὲ

235 2315 734 2394 πρωτοσπαθάριοι
792 2310 843 2365 οἱ
902 2308 1163 2382 εὐνοῦχοι
1229 2304 1473 2361 ’ἰστανται
1530 2302 1745 2358 ὄπισθεν
1801 2305 1899 2356 τοῦ

240 2391 540 2483 βασιλέως.
587 2397 985 2476 Προσκαλεῖται
1036 2393 1095 2451 δὲ
1144 2396 1172 2450 6
1221 2394 1594 2483 πραιπόσιτοςΔ
1629 2392 1758 2483 τοῦς
1809 2391 1898 2483 βε-

239 2478 535 2568 στήτορας,
564 2489 656 2546 καὶ
700 2484 1012 2556 ὑπαλλάξας
1047 2487 1074 2541 ὁ
1111 2482 1366 2560 βασιλεὺς
1393 2484 1495 2551 τήν
1538 2478 1771 2561 χλανίδα
1800 2481 1898 2535 αὑ-

237 2588 338 2643 τοῦ
388 2567 461 2639 δι’
512 2580 713 2647 αὐτῶν,
768 2577 885 2632 εἶτα
929 2574 1206 2630 κατελθὼν
1259 2573 1555 2647 ὀστιάριος,
1603 2570 1814 2626 ἳσταται
1845 2567 1899 2624 έν

236 2679 319 2746 τῷ
351 2670 541 2750 βήλῳ,
571 2669 659 2724 καὶ
694 2665 834 2723 νεύει
865 2666 893 2720 6
926 2662 1183 2740 βασιλεὺς
1214 2666 1298 2736 τῷ
1327 2660 1694 2736 πραιποσίτῳ,
1722 2661 1751 2715 6
1772 2658 1832 2750 δὲ
1852 2660 1898 2695 ⁸³

241 2748 615 2838 πραιπόσιτος
645 2761 728 2830 τῷ
756 2749 1199 2829 κουϐικουλαρίῳ
1243 2755 1325 2823 τῷ
1357 2749 1563 2822 αἰίροντι
1594 2754 1657 2804 τὸ
1692 2748 1896 2824 βῆλιον,

242 2853 336 2908 καὶ
398 2849 709 2925 εἰσάγονται
774 2843 1051 2918 πατρίκιοι
1103 2842 1194 2897 καὶ
1262 2839 1583 2916 στρατηγοὶ,
1632 2840 1724 2893 καὶ
1789 2839 1897 2925 εἰσ-

251 2940 498 3002 ελθόντες
532 2921 833 2993 πίπτουσι.
904 2933 1005 2991 Καὶ
1073 2930 1410 2987 ἀναστάντων
1459 2927 1660 2998 αὐτῶν,
1711 2921 1895 2982 λαϐὼν

252 3035 421 3103 νεῦμα
473 3029 502 3083 6
568 3023 927 3100 πραιπόσιτος
996 3020 1144 3093 παρὰ
1205 3023 1302 3075 τοῦ
1374 3016 1662 3093 βασιλέως,
1721 3017 1893 3093 λέγει·

2072 1593 2145 1649 ΙΙ.
2176 1593 2589 1652 Cerimoniaric
2618 1600 2812 1653 autem
2852 1598 3120 1655 veniente
3167 1604 3245 1666 et,
3276 1604 3510 1673 tempus
3540 1618 3648 1674 ap-

1998 1682 2411 1755 propinquare,
2445 1686 2825 1757 praepositum
2858 1693 3151 1754 monente,
3175 1691 3357 1746 intrat
3389 1692 3440 1746 is
3473 1692 3648 1762 idque

2003 1771 2336 1843 imperatori
2368 1772 2611 1839 indicat,
2644 1775 2740 1845 qui
2768 1791 2799 1830 θ
2830 1775 3103 1845 triclinio,
3163 1779 3318 1850 quod
3350 1780 3648 1837 Anastasii

2005 1865 2262 1928 vocatur,
2287 1876 2576 1932 egressus,
2609 1862 2892 1919 dibetesio
2935 1880 3040 1921 suo
3085 1866 3353 1936 indutus,
3396 1868 3478 1924 ibi
3503 1870 3648 1924 sub-

2006 1948 2180 2017 sistit,
2216 1950 2287 2005 ab
2321 1954 2570 2021 utroque
2598 1950 2780 2007 latere
2810 1954 3080 2010 cubiculo
3112 1956 3383 2028 praefecti,
3407 1958 3647 2029 spatha-

2007 2037 2418 2094 rocubicularii
2445 2045 2502 2095 et
2530 2040 2871 2097 cubicularii
2890 2052 3016 2114 post
3039 2044 3220 2115 ipsos,
3247 2048 3648 2118 protospatha-

2007 2127 2079 2181 rii
2111 2137 2303 2183 autem
2339 2129 2593 2185 eunuchi
2626 2147 2660 2185 a
2690 2136 2847 2203 tergo
2879 2131 3269 2204 imperatoris.
3301 2135 3401 2191 88
3431 2137 3648 2194 Deinde

2008 2217 2353 2288 praapositus
2374 2221 2672 2274 vestitores
2698 2224 2886 2291 vocat,
2911 2236 3161 2292 quorum
3180 2239 3354 2294 opera
3383 2227 3645 2282 tunicam

2007 2321 2171 2360 suam
2203 2305 2519 2377 imperator
2540 2313 2748 2376 mutat,
2769 2309 3046 2366 ostiarius
3067 2312 3424 2370 descendens
3447 2314 3505 2370 in
3520 2315 3649 2372 velo

2007 2398 2146 2465 stat,
2178 2394 2493 2465 imperator
2523 2398 2852 2469 praeposito,
2872 2401 3216 2471 praepositus
3245 2417 3377 2457 vero
3402 2404 3650 2460 cubicu-

2008 2482 2154 2539 lario
2188 2484 2380 2540 velum
2415 2483 2638 2541 tollenti
2669 2485 2905 2557 signum
2925 2488 3038 2556 dat,
3062 2493 3118 2544 et
3147 2491 3515 2548 adducuntur
3546 2511 3651 2565 pa-

2007 2571 2180 2641 tricii,
2214 2577 2269 2627 et
2300 2573 2576 2644 strategi:
2608 2573 2854 2646 ingressi
2886 2577 3299 2647 procumbunt.
3350 2580 3459 2646 Qui
3490 2586 3648 2652 post-

2008 2676 2189 2732 quam
2220 2677 2537 2731 surrexere,
2561 2664 2918 2735 prtepositus,
2946 2670 3182 2737 accepto
3201 2667 3273 2722 ab
3304 2668 3651 2740 Imperatore

2007 2749 2200 2820 signo,
2231 2750 2407 2807 dicit:
2442 2771 2472 2803 α
2499 2750 2728 2808 Jubete.
2760 2772 2790 2803 »
2822 2753 3165 2826 Imperator,
3188 2772 3223 2811 a
3254 2758 3536 2827 praefectis
3553 2775 3653 2814 cu-

2008 2840 2212 2906 biculi,
2245 2839 2502 2911 patriciis
2531 2845 2589 2895 et
2618 2842 2886 2913 strategis
2904 2845 3178 2913 stipatus,
3200 2844 3277 2900 ad
3305 2846 3649 2918 triclinium,

2008 2930 2164 3003 quod
2193 2928 2491 2984 Danubius
2521 2929 2751 2997 dicitur,
2775 2931 2918 2997 abit,
2951 2932 3170 2987 barbati
3201 2936 3651 3006 protospatharii

2006 3023 2065 3076 et
2094 3018 2447 3092 drungarius
2468 3017 2674 3089 vigilite
2703 3020 2979 3091 utrinque
3002 3038 3182 3093 prope
3195 3023 3443 3093 januam
3467 3030 3648 3083 stant.

246 3143 276 3172 α
308 3116 634 3175 Κελεύσατε.
672 3138 702 3165 ››
751 3113 813 3170 Ὀ
855 3108 912 3166 δὲ
953 3108 1208 3185 βασιλεὺς
1245 3105 1668 3182 δηριγευόμενος
1710 3106 1813 3161 ὑπὸ
1842 3127 1899 3160 τε

2010 3108 2237 3165 Patricii
2268 3123 2402 3164 vero
2432 3111 2490 3163 et
2520 3108 2759 3179 strategi
2785 3124 2919 3164 cum
2967 3117 3174 3166 senatu
3226 3113 3560 3184 procidunt,
3592 3120 3652 3171 et

242 3213 356 3264 τῶν
387 3206 669 3281 ἆρχόντων
720 3205 819 3256 τοῦ
858 3194 1283 3265 κουϐουκλείου,
1334 3195 1637 3272 πατρικίων
1685 3216 1746 3250 τε
1804 3197 1896 3251 καὶ

2010 3203 2314 3270 postquam
2362 3197 2711 3270 prmpositus
2757 3197 2994 3271 signum
3038 3200 3110 3256 ab
3158 3201 3502 3271 imperatore
3535 3204 3652 3260 'ac-

249 3297 592 3367 στρατηγῶν,
620 3291 891 3366 ἐξέρχεται
936 3285 990 3343 ὲν
1035 3291 1115 3358 τῷ
1153 3283 1418 3361 τρικλίνῳ
1457 3288 1537 3356 τῷ
1567 3282 1897 3358 καλουμένῳ

2010 3288 2176 3358 cepit,
2198 3287 2616 3344 eeremoniario
2647 3288 2874 3358 annuit,
2907 3289 3072 3360 isque
3092 3290 3235 3346 dicit
3259 3308 3273 3346 :
3301 3313 3329 3342 α
3352 3292 3581 3361 Jubete,
3621 3317 3643 3344 ι

248 3351 555 3453 Δείνουϐίῳ·
580 3351 837 3434 ’ἵστανται
884 3376 942 3433 δὲ
999 3374 1055 3430 οτί
1103 3397 1162 3431 τε
1188 3351 1476 3449 ’βαρϐάτοι
1507 3373 1900 3449 πρωτοσπαθά-

2010 3351 2119 3449 ἰρέί
2142 3351 2171 3431 ι’
2190 3398 2219 3427 ‹‹
2254 3376 2319 3431 In
2352 3375 2537 3431 multa
2562 3375 2829 3447 bonaque
2856 3351 3141 3449 tempore,
3175 3400 3205 3429 »
3227 3351 3575 3438 acclamant:

243 3496 363 3553 ριοι
431 3473 517 3528 καί
574 3472 601 3526 6
667 3468 1031 3544 δρουγγάριος
1080 3473 1179 3536 τῆς
1238 3465 1434 3542 βίγλης
1498 3463 1642 3553 ἔνρεν
1700 3464 1790 3520 καὶ
1829 3461 1974 3521 ἔνθεν
2030 3463 2267 3534 πλησίον
2322 3467 2420 3533 τῆς
2450 3464 2633 3538 θύρας.
2668 3465 2734 3521 Οἱ
2765 3461 2824 3519 δὲ
2874 3466 3154 3538 πατρίκιοι
3208 3469 3301 3523 καὶ
3350 3483 3650 3546 στρατηγοὶ

249 3551 390 3642 μετὰ
448 3570 547 3633 τῆς
606 3561 938 3638 συγκλήτου,
991 3557 1250 3613 πίπτουσι
1297 3556 1387 3611 καὶ
1442 3551 1709 3630 λαμϐάνει
1763 3560 1932 3631 νεῦμα
1988 3557 2016 3610 6
2072 3555 2434 3631 πραιπόσιτος
2472 3556 2618 3630 παρά
2666 3558 2762 3609 τοῦ
2821 3554 3089 3631 βασιλέως
3147 3557 3238 3612 καὶ
3277 3556 3523 3631 νεύειτῷ
3549 3568 3651 3631 τῆς

247 3641 649 3721 καταστάσεως,
706 3651 952 3713 κάκεῖνος
999 3646 1167 3722 λέγει·
1231 3670 1256 3697 «
1314 3644 1636 3703 Κελεύσατε’
1664 3670 1687 3698 ι
1722 3646 1812 3700 καὶ
1850 3644 2005 3701 αὐτοὶ
2036 3644 2451 3719 ὐπερευχονται·
2480 3666 2508 3695 (ι
2540 3641 2635 3704 Εἲς
2664 3641 2915 3705 πολλοὺς
2944 3642 3036 3698 καὶ
3066 3644 3302 3721 ἀγαθοὺς
3331 3648 3588 3724 χρόνους.
3621 3671 3651 3700 κ

320 3748 394 3814 I",
454 3744 560 3801 Καὶ
625 3741 716 3797 ὑπ’
777 3739 953 3795 αὐτῶν
1023 3735 1474 3814 δηριγευόμενος,
1530 3732 1829 3811 διέρχεται,
1878 3735 1906 3790 6

242 3834 300 3892 δὲ
328 3841 430 3904 τῆς
462 3832 840 3890 καταστάσεως
872 3827 924 3883 ἐν
950 3830 996 3865 ⁸⁸
1032 3830 1115 3900 τῷ
1161 3827 1333 3900 μέσῳ,
1383 3825 1474 3880 καὶ
1521 3824 1659 3879 κατὰ
1709 3825 1906 3900 βάθρον

242 3922 710 4000 ἐπιστρεφόμενος
757 3919 895 3990 πρὸς
938 3917 1031 3971 τὸν
1084 3913 1333 3991 βασιλέα,
1383 3911 1642 3987 ὲφαπλῶν
1707 3910 1766 3968 δὲ
1816 3915 1906 3969 καὶ

236 4017 336 4077 τὰς
365 4017 562 4092 χεῖρας
591 4009 761 4065 αὐτοῦ
792 4008 839 4044 ⁸³
871 4002 1082 4072 ἔνδοθεν
1106 4010 1205 4061 τοῦ
1226 4001 1518 4079 ’χλανιδίου
1540 4002 1725 4072 αὐτοῦ,
1761 4002 1908 4078 λέγει

242 4090 508 4176 πρὸςτὸν
536 4094 783 4175 βασιλὲα’
810 4120 837 4149 ι(
864 4096 1123 4153 ΚαπΛάτε
1147 4090 1380 4166 Γόμηνι·
1410 4097 1624 4148 »τοῦτο
1646 4091 1906 4163 ἐκτελῶν,

241 4195 395 4253 ὅπως
418 4190 471 4246 ἐν
493 4192 564 4263 τῇ
588 4184 758 4260 διόδῳ
781 4190 879 4241 τοῦ
905 4184 1175 4262 βασιλέως
1207 4185 1282 4256 μή
1315 4181 1461 4257 τύχῃ
1498 4182 1693 4256 βάθρον
1715 4182 1781 4239 ⁸⁸.
1810 4181 1907 4236 Καὶ

238 4282 344 4353 ἔξω
367 4287 470 4350 τῆς
493 4277 675 4346 πύλης
706 4275 939 4349 ἐξελθὼν
972 4281 1071 4343 τῆς
1103 4271 1404 4346 ἐξαγούσης
1436 4272 1573 4346 πρὸς
1603 4272 1695 4327 τὸν
1735 4266 1909 4345 ἔμϐο-

2087 3736 2179 3792 Ill.
2225 3737 2310 3790 Ab
2360 3733 2454 3790 his
2502 3735 2754 3806 stipatus
2807 3735 3151 3806 digreditur,
3206 3740 3652 3796 cerimoniarius

2017 3840 2152 3881 vero
2181 3823 2241 3878 in
2274 3823 2479 3889 medio,
2512 3828 2571 3878 et
2599 3824 2659 3878 in
2700 3823 2859 3879 scala
2890 3840 3204 3880 conversus
3235 3826 3307 3881 ad
3338 3825 3654 3899 imperato-

2018 3930 2162 3981 rem,
2194 3918 2353 3969 veste
2379 3929 2487 3969 sua
2529 3912 2804 3969 manibus
2853 3912 3145 3984 involutis,
3181 3915 3254 3970 ad
3312 3932 3444 3972 eum
3476 3916 3685 3989 dicit:_

2019 4025 2048 4056 ‹‹
2080 4001 2311 4075 Caplate
2355 4001 2613 4069 Domini,
2646 4023 2675 4052 »
2720 4004 2875 4074 quod
2933 4007 3241 4075 propterea
3289 4004 3441 4071 facit,
3503 4010 3568 4060 ut
3595 4006 3655 4061 in

2017 4092 2272 4148 transitu
2305 4091 2618 4162 imperator
2648 4090 2867 4147 scalam
2892 4107 3005 4146 non
3024 4091 3343 4163 contingat.
3366 4093 3445 4149 Ex
3468 4098 3654 4165 porta,

2016 4196 2143 4251 quae
2173 4181 2241 4235 ad
2276 4179 2568 4252 porticum
2601 4179 2786 4246 ducit,
2834 4180 2908 4235 ad
2955 4179 3222 4236 dextrum
3266 4179 3441 4252 hujus
3499 4182 3656 4240 latus

2017 4272 2286 4337 discedit,
2318 4271 2545 4343 patricii
2574 4277 2766 4327 autem
2799 4276 2958 4328 extra
2996 4274 3261 4329 eamdem
3293 4290 3488 4331 cereos
3520 4293 3658 4333 suos

244 4371 369 4438 λον,
402 4367 687 4442 διέρχεται
717 4364 770 4420 έν
802 4367 882 4436 τῷ
928 4360 1088 4436 δεξιῷ
1142 4360 1293 4436 μέρει
1321 4364 1419 4445 τοῦ
1468 4354 1734 4433 ἐμϐόλου,
1767 4360 1822 4415 οἲ
1851 4358 1908 4416 δὲ

2022 4366 2285 4429 sumunt,
2317 4361 2456 4415 dum
2486 4360 2710 4416 interea
2736 4361 2988 4417 duarum
3026 4363 3346 4420 factionum
3392 4369 3660 4424 cantores

252 4459 542 4533 πατρίκιοι
574 4461 675 4524 τῆς
707 4453 879 4523 αὐτῆς
911 4450 1095 4522 πύλης
1125 4447 1226 4523 ἔξω
1258 4443 1605 4523 λαμϐάνουσι
1641 4449 1711 4503 τὰ
1746 4449 1915 4521 κηρία

2025 4451 2255 4506 iambos
2287 4449 2555 4515 recitent,
2585 4448 2804 4521 singuli
2826 4466 2861 4505 a
2889 4451 3136 4509 statione
3164 4468 3273 4509 sua
3302 4453 3575 4527 digressi,
3605 4461 3664 4513 et

1607 4547 1847 4604 VARLE
1896 4546 2309 4604 LECTIONES.
2386 4616 2391 4623 ,

326 4646 372 4683 ιι
396 4642 622 4719 πλήρης
653 4642 807 4711 οοὰη
838 4638 1027 4712 πλήρη
1055 4638 1211 4708 conj.
1241 4637 1309 4692 R.
1385 4634 1433 4670 δε
1461 4633 1574 4689 εἶτα
1602 4632 1810 4708 πλάγια
1839 4637 1928 4691 ed.
2032 4633 2079 4670 ⁸³
2108 4633 2136 4687 6
2170 4629 2227 4688 δὲ
2255 4642 2370 4690 om.
2404 4635 2495 4693 ed.
2565 4633 2618 4719 f‘
2646 4630 2698 4688 ἐν
2731 4650 2845 4691 om.
2878 4636 2970 4692 ed.
3045 4637 3093 4672 ⁸⁸
3121 4642 3227 4694 Pro
3258 4638 3421 4694 αὐτοῦ
3443 4642 3535 4699 ed.
3568 4644 3664 4695 τοῦ

256 4737 302 4772 ⁸⁸
338 4737 451 4792 Pro
487 4717 565 4805 μὴ
595 4730 741 4805 τύχῃ
778 4729 997 4804 βάθρον,
1027 4727 1095 4783 R.
1139 4726 1248 4799 legi
1281 4724 1407 4781 vult
1436 4731 1536 4779 aut
1564 4723 1821 4799 ἀποτύχῃ
1856 4723 2080 4800 βάθρου,
2110 4728 2210 4780 aut
2237 4722 2379 4797 τύγῃ
2398 4717 2748 4798 παραϐαίνων
2782 4723 3006 4798 βαθρον.

1318 4831 1518 4890 JOAN.
1560 4832 1701 4891 JAC.
1744 4832 2012 4890 REISKII
2052 4830 2637 4889 COMMENTARIUS.

332 4942 446 5012 (lt)
484 4936 778 5012 Posterior
825 4951 935 5012 vox
984 4935 1087 5012 est_
1120 4928 1524 5012 interpretatio
1542 4928 1806 5012 {prioris}
1839 4929 1922 4986 al-
2033 4929 2150 5012 bus
2173 4927 2599 5012 illuminarunt,
2632 4932 2983 5012 Quodgpus
3023 4950 3150 4991 cum
3176 4936 3452 5012 Francica
3482 4937 3674 5012 inter-

259 5001 389 5070 tera
420 5001 578 5068 idem
603 5008 759 5080 quod
786 5010 973 5063 altera
998 5004 1173 5060 valet.
1196 5001 1331 5080 Vid:
1355 5004 1426 5057 ad
1462 5017 1518 5072 p.
1542 5001 1666 5080 333.,
1695 5002 1795 5080 ubi
1821 5020 1920 5080 μο-
2031 5001 2353 5080 pretatione
2395 5002 2634 5080 Parisiis
2691 5020 2742 5059 a.
2773 5001 2952 5080 __l_7l4.
2991 5022 3205 5079 magno
3256 5008 3391 5080 lolio
3438 5009 3668 5076 prodiit.

258 5081 545 5139 νοπέλυκα
574 5071 704 5136 esse
746 5080 879 5134 dico
925 5091 1182 5143 secures,
1232 5072 1578 5151 unipennes.
1629 5071 1923 5151 Degxtralia
2031 5071 2338 5151 Dextralis,
2371 5073 2519 5144 quod
2558 5071 3122 5151 Persa_ille_gerere'
3140 5071 3519 5151 conspicitur,
3555 5082 3671 5133 haec

258 5161 468 5213 autem
494 5150 949 5225 appellabantur
969 5148 1053 5204 he
1076 5145 1499 5225 secures,quod
1521 5160 1634 5199 non
1659 5146 1920 5225 uthasta:
2032 5149 2121 5225 est
2161 5144 2368 5212 imago,
2420 5160 2551 5225 quae
2601 5147 2675 5225 ab
2723 5146 2823 5225 illa
2853 5144 3666 5225 dentralis__deseri-"T-

259 5215 679 5290 sinistra,”sed
733 5224 931 5277 dextra
970 5234 1149 5275 manu
1201 5221 1593 5290 gererenturu
1615 5216 1685 5270 ad
1734 5216 1924 5290 instar
2031 5215 2580 5290 ptione,quamiLe_o
2605 5219 2748 5290 imp.
2773 5219 3060 5290 Tacticor.
3094 5219 3198 5290 ,Vi,
3232 5223 3261 5289 §
3307 5221 3394 5289 11,

258 5269 689 5366 ἱῖέιῖῐίξέιυῇἷιὲ
716 5269 1712 5366 adm‘i-mcu_lo—_am‘bulamus._'Sane
1745 5269 1917 5366 talem
2031 5269 2149 5351 datr,
2184 5269 2391 5357 par‘um
2414 5269 2754 5366 sideri—ii
2783 5269 3198 5366 ἷξίξεόξὲδιὸῗ
3232 5269 3392 5366 3933i

259 5358 522 5428 securim
555 5358 626 5422 ad
659 5362 857 5442 baculi
891 5378 1062 5418 usum
1096 5361 1582 5442 formatam,‘au_t,
1628 5358 1694 5442 si
1727 5358 1920 5442 malls,

261 5442 545 5499 baculum
577 5437 773 5493 securi
805 5440 1098 5490 armatum
1123 5431 1269 5503 gerit
1300 5430 1359 5484 in
1410 5431 1611 5484 dextra
1654 5428 1834 5503 Persa
1860 5429 1920 5503 in

260 5514 548 5583 imagine
576 5507 965 5583 nonagesima
992 5501 1228 5583 illarum
1260 5508 1518 5583 centum,
1551 5515 1701 5572 quas
1740 5501 1923 5583 MLAdAe

262 5572 502 5649 Fert-iet,
539 5572 1114 5655 legatu§_l~‘ranc_icus
1156 5575 1237 5655 ad_
1267 5574 1726 5655 Porta_m,_a.nn_o
1761 5572 1919 5655 1798,

266 5661 328 5713 in
360 5642 628 5712 Oriente"
643 5651 717 5707 ad
741 5648 935 5726 vivum
961 5644 1240 5726 delineari
1263 5643 1505 5726 curavit,
1529 5642 1739 5726 deinde
1759 5643 1927 5726 cgela-

264 5735 425 5786 tores
458 5723 708 5783 Parisini
740 5721 838 5776 eri
871 5717 1329 5788 insculpsernnt,
1354 5718 1412 5770 et
1442 5715 1690 5785 pictores
1723 5714 1926 5771 colori-

2031 5373 2249 5433 Iineum
2279 5358 2604 5433 exadverso
2647 5360 2873 5416 securis
2905 5359 3133 5433 habeat,
3158 5357 3396 5433 ιιυίδρέο

2030 5428 2486 5499 -Ί-’πανον
2519 5430 2715 5499 veluti,
2748 5448 2878 5487 cum
2900 5431 3153 5484 dextrale
3175 5428 3382 5487 Leonis
3402 5429 3681 5491 habuerit

2309 5502 2487 5556 sicam
2522 5508 2741 5557 rectam
2780 5504 2848 5557 ad
2886 5501 3043 5576 hunc
3076 5500 3344 5576 modum.
3375 5501 3497 5555 Itali
3535 5521 3682 5576 quo-

2310 5587 2424 5643 que
2463 5589 2708 5643 secures
2749 5572 3074 5630 manuarirts
3121 5570 3192 5643 {3b
3226 5570 3468 5643 antiquo
3524 5570 3689 5634 more

2038 5639 2184 5765 101⁸
2311 5639 2630 5713 appellant.
2682 5644 2814 5702 Vid.
2843 5643 3061 5700 Muret.
3111 5639 3245 5696 Ant.
3283 5639 3410 5698 Ital.
3446 5644 3489 5705 ι,
3527 5649 3604 5717 11,
3633 5665 3692 5720 p.
