4180 6304
501 306 615 368 387

1567 291 2097 357 CONSTANTINI
2141 291 2835 356 PORPHYBOGENITI

3792 293 3916 357 388

504 448 813 520 postquam
828 443 1065 499 cantum
1089 453 1241 496 unus
1264 435 1470 501 ﬂnivit,
1487 431 2141 505 alterincipit.1mpera-

2269 430 2460 500 αὐτῶν,
2493 428 2765 508 λεγόντων
2794 435 2901 486 τῶν
2951 427 3047 488 δύο
3091 434 3268 507 μερῶν
3305 425 3535 502 ἰαμϐικὰ
3573 429 3641 500 ⁸⁷,
3680 426 3907 495 ἕκαστος

504 539 594 594 tor
623 539 845 601 autem,
879 547 1013 587 cum
1046 543 1223 602 prope
1270 525 1630 590 columnam,
1681 522 1744 577 in
1787 520 2150 593 plenitudine

503 626 760 700 porticus
792 621 1025 692 oblique
1078 618 1353 688 positam,
1404 610 1700 679 transivit,
1752 609 2148 683 patriarcham

510 732 644 773 cum
670 710 1039 785 processione
1059 707 1137 762 ibi
1160 703 1391 775 excipit,
1408 700 1773 773 sumptisque
1789 718 1822 755 a
1844 701 2150 772 praeposito

508 807 693 865 cereis
720 808 779 861 et
806 804 1103 876 precatus,
1132 813 1232 854 eos
1263 811 1470 852 rursus
1508 792 1821 866 praeposito
1869 792 2064 858 tradit,
2096 795 2153 847 et

509 900 711 954 sancto
742 890 1054 962 Evangelia
1092 904 1158 944 ac
1202 885 1530 942 veneranda
1576 898 1749 939 cruce
1795 882 2055 947 adorata,
2089 895 2151 936 se

508 984 723 1040 iterum
755 986 898 1038 ﬂexo
928 995 1078 1049 genu
1112 977 1427 1049 imperator
1446 978 1504 1030 et
1533 971 1861 1046 patriarcha
1880 986 2154 1027 veneran-

510 1078 609 1130 tur
636 1077 692 1129 et
722 1069 1085 1135 osculantur,
1118 1083 1236 1140 quo
1274 1066 1450 1135 facto,
1484 1081 1517 1119 a
1557 1061 1866 1135 praeposito
1914 1076 2149 1117 cereum

510 1159 1001 1237 processionalem
1045 1156 1276 1229 accipit,
1327 1158 1385 1211 et
1432 1169 1701 1209 reversus
1751 1168 1853 1224 per
1883 1150 2150 1206 eamdem

507 1250 801 1325 porticum
832 1247 1174 1320 digreditur.
1196 1246 1363 1301 Tunc
1391 1260 1525 1299 vero
1548 1240 1991 1298 cerimoniarius
2012 1239 2153 1296 inci-

510 1341 634 1413 pit:
672 1358 699 1392 ι
727 1338 916 1402 Salve,
948 1335 1146 1407 gratiae
1186 1333 1356 1404 plena
1395 1331 1574 1402 Virgo
1622 1329 1900 1401 Deipara:
1936 1349 1964 1378 »
1995 1326 2152 1400 quod

512 1431 833 1501 troparium
852 1423 1177 1495 omnes,qui
1192 1422 1509 1479 solemnem
1526 1433 1798 1492 pompam
1813 1416 2151 1482 instituunt,

512 1521 754 1584 canunt,
807 1514 1019 1572 deinde
1068 1511 1403 1568 narthecem
1438 1508 1632 1579 magni
1671 1505 1872 1576 templi
1912 1506 2154 1570 intrant,

513 1607 614 1663 ubi
647 1607 966 1677 imperator
994 1602 1055 1657 in
1086 1601 1299 1656 throno
1331 1598 1388 1653 in
1439 1594 1712 1651 narthece
1740 1594 2024 1663 considet,
2053 1593 2152 1651 89

515 1702 572 1756 et
595 1710 781 1767 usque
811 1695 953 1748 dum
986 1688 1315 1762 patriarcha
1343 1701 1473 1741 cum
1506 1683 1755 1740 solemni
1787 1684 2155 1755 processione

515 1785 766 1853 advenit,
818 1781 1129 1852 exspectat,
1181 1773 1405 1846 patricii
1453 1790 1587 1829 vero
1616 1778 1674 1829 et
1721 1778 2015 1829 senatores
2063 1774 2154 1829 in-

512 1877 692 1940 trant,
724 1874 782 1927 et
811 1869 871 1924 in
901 1865 1140 1938 templo,
1172 1872 1234 1920 ut
1264 1863 1409 1935 ipsis
1436 1864 1578 1934 imos
1608 1867 1717 1929 est,
1748 1864 2153 1934 imperatorem

511 1962 933 2032 exspectantes,
967 1954 1319 2012 subsistunt.

2255 521 2435 577 αὐτῶν
2494 518 2851 597 διερχόμενος
2910 522 3017 578 ἀπὸ
3073 528 3174 592 τῆς
3232 517 3471 581 στάσεως
3531 516 3719 575 αύτοῦο
3756 520 3911 588 πλη.

2256 613 2479 684 ροῦντος
2516 611 2619 687 γάρ
2661 610 2711 645 ⁸⁸
2738 614 2835 666 τοῦ
2866 608 3005 682 ἑνὸς,
3051 607 3274 685 ἄρχεται
3326 609 3353 664 6
3404 607 3608 684 ἓτερος·
3666 604 3900 663 διελθὼν

2256 696 2313 754 δὲ
2345 700 2372 754 6
2415 698 2670 775 βασιλεὺς
2725 697 2960 771 πλησίον
3009 703 3105 754 τοῦ
3152 699 3333 760 κίονος
3383 702 3484 752 τοῦ
3532 698 3786 770 κειμένου
3820 697 3908 772 ἐγ-

2254 788 2492 862 καρσίως
2550 786 2605 843 ἐν
2670 792 2750 857 τῷ
2797 785 3133 863 πληρώματι
3190 793 3287 843 τοῦ
3344 782 3619 859 ἐμϐόλου,
3680 783 3901 861 δέχεται

2254 873 2429 932 ἐκεῖσε
2476 877 2567 932 τὸν
2627 878 2975 953 πατριάρχην
3028 876 3163 951 μετᾶ
3216 882 3315 947 τῆς
3373 875 3557 945 λιτῆς,
3618 870 3804 930 λαϐὼν
3845 872 3900 932 δὲ

2255 967 2423 1041 κηρία
2466 967 2611 1041 παρᾶ
2657 970 2751 1022 τοῦ
2799 967 3168 1042 πραιποσίτου
3216 965 3307 1020 καὶ
3364 964 3673 1039 εὐξάμενος,
3723 962 3903 1020 ἐπιδίο

2256 1053 2423 1111 δωσιν
2454 1055 2588 1112 αύτά
2633 1054 2800 1111 πάλιν
2850 1062 2929 1129 τῷ
2977 1056 3347 1131 πραιποσίτῳ,
3385 1055 3475 1109 καὶ
3523 1054 3903 1129 προσκυνήσας

2253 1148 2316 1203 τὸ
2348 1146 2620 1222 ἄχραντον
2651 1146 2989 1224 Εύαγγέ).ιον
3044 1144 3133 1201 καὶ
3172 1146 3264 1201 τὸν
3295 1145 3480 1219 τίμιον
3528 1144 3781 1219 σταυρὸν,
3814 1145 3911 1199 καὶ

2253 1233 2419 1290 πάλιν
2492 1237 2961 1311 προσκυνήσαντες
3021 1234 3319 1311 ἀμφότεροι
3396 1231 3709 1305 ἀλλήλους,
3753 1232 3784 1288 6'
3849 1253 3907 1289 τε

2261 1323 2514 1399 βασιλεὺς
2570 1325 2661 1379 καὶ
2714 1325 2741 1379 6
2800 1325 3173 1403 πατριάρχης,
3212 1322 3302 1378 καὶ
3345 1322 3734 1395 ἀσπασάμενοι,
3769 1321 3912 1396 λαμ-

2256 1408 2393 1467 ϐἐνει
2427 1414 2455 1468 6
2491 1411 2748 1488 βασιλεὺς
2788 1413 2934 1488 παρα
2969 1416 3067 1468 τοῦ
3116 1413 3481 1487 πραιποσίτου
3521 1412 3717 1487 κηρίον
3751 1408 3910 1466 λιτα-

2256 1501 2452 1572 νίκιον,
2512 1502 2601 1556 καὶ
2662 1502 3023 1575 ὑποστρέψας,
3083 1499 3357 1577 διέρχεται
3417 1497 3507 1555 διὰ
3570 1504 3668 1554 τοῦ
3735 1501 3902 1555 αὐτοῦ

2259 1585 2528 1663 ἐμϐόλου,
2581 1591 2846 1666 Ἀρχεται
2896 1587 2953 1646 δὲ
3002 1592 3029 1645 6
3078 1593 3177 1660 τῆς
3208 1593 3603 1651 καταστάσεως’
3638 1614 3667 1641 ‹‹
3709 1593 3905 1664 Χαῖρε,

2260 1682 2682 1761 κεχαριτωμένη
2742 1683 2967 1738 Θεοτὸκε
3014 1683 3267 1758 ΙΙαρθὲνε’
3305 1704 3331 1734 ι
3383 1678 3689 1755 ψάλλοντες
3747 1678 3807 1736 δὲ
3850 1680 3911 1736 τὸ

2262 1774 2393 1830 αὐτὸ
2442 1776 2737 1851 τροπάριον
2790 1775 2842 1830 o't
2888 1783 2990 1846 τῆς
3044 1774 3419 1851 προελεύσεως
3485 1776 3733 1844 ἅπαντες,
3802 1773 3908 1829 εἷσ-

2265 1865 2520 1940 ἐρχονται
2553 1862 2604 1919 ἐν
2632 1868 2713 1937 τῷ
2742 1865 2972 1941 νάρθηκι
3002 1868 3099 1921 τοῦ
3146 1863 3403 1941 Μεγάλου
3440 1867 3595 1929 ναοῦ,
3625 1863 3716 1918 καὶ
3749 1864 3776 1918 6
3813 1864 3908 1937 μὲν

2267 1953 2522 2026 βασιλεὺς
2561 1956 2838 2026 καθέζεται
2879 1954 2966 2010 ἐπὶ
3013 1952 3240 2011 σελλίου
3269 1952 3320 2009 ἐν
3350 1959 3431 2027 τῷ
3458 1955 3711 2028 νάρθηκι,
3742 1974 3916 2028 προσ-

518 2048 688 2123 μένων
720 2044 918 2121 μέχρις
950 2043 1011 2099 ἄν
1042 2034 1400 2114 καταλάϐάϐῃ
1433 2041 1462 2094 6
1492 2040 1839 2115 πατριάρχης
1875 2041 2012 2112 μετᾶ
2047 2047 2149 2111 τῆς
2178 2041 2357 2117 λιτῇς,
2391 2045 2442 2100 οἱ
2479 2041 2535 2100 δὲ
2565 2046 2843 2121 πατρίκιοι
2873 2046 2963 2101 καὶ
2994 2048 3029 2115 ἡ
3082 2043 3391 2121 σύγκλητος
3443 2044 3781 2121 εἰσέρχονται
3825 2044 3916 2100 καὶ

508 2137 751 2193 ἵστανται
783 2135 835 2191 ἐν
862 2138 940 2206 τῷ
968 2137 1104 2204 ναῷ,
1139 2131 1213 2195 ὡς
1253 2127 1309 2185 δὲ
1338 2128 1563 2185 εἴθισται
1594 2129 1797 2199 αὐτοῖς,
1830 2128 2226 2204 προσμένοντες
2250 2134 2344 2189 τὸν
2385 2133 2632 2210 βασιλέα,

590 2230 682 2288 ιν.
714 2225 1053 2284 Patriarcha
1081 2230 1277 2280 autem
1299 2238 1433 2279 cum
1459 2225 1829 2294 processione
1858 2223 2163 2294 appropin-

519 2327 758 2395 quante,
789 2316 1112 2388 imperator
1140 2312 1346 2385 surgit,
1376 2316 1435 2369 et
1464 2316 1597 2385 post
1644 2316 1911 2367 mutuam
1943 2313 2159 2368 adora-

518 2411 737 2468 tionem
770 2407 941 2463 ambo
970 2404 1282 2461 discedunt
1310 2405 1484 2474 inque
1526 2405 1697 2473 porta
1743 2402 1932 2473 Magni
1964 2401 2165 2473 templi

520 2502 696 2557 stant.
728 2499 894 2553 Tunc
927 2492 1251 2568 patriarcha
1292 2507 1489 2564 preces
1542 2491 1814 2546 introitus
1848 2490 2055 2546 divinaa
2084 2491 2165 2546 li-

520 2588 731 2659 turgiaa
787 2600 1013 2649 exorso,
1046 2583 1377 2653 imperator,
1437 2580 1617 2636 cereis
1673 2579 2023 2650 precationis
2072 2596 2165 2637 so-

520 2674 736 2734 lemnis
766 2691 800 2731 a
828 2671 1139 2746 prteposito
1168 2668 1419 2739 traditis,
1444 2674 1728 2740 precatur,
1754 2672 1886 2741 post
1908 2684 2004 2725 eos
2027 2685 2165 2739 prte-

524 2766 733 2841 posito,
774 2764 871 2821 hic
927 2759 1383 2819 cerimoniarum
1434 2758 1711 2830 magistro
1768 2757 1977 2814 reddit.
2011 2759 2164 2830 Ipse,

522 2872 690 2914 sacro
712 2860 768 2912 et
787 2852 1132 2909 intemerato
1154 2847 1465 2921 Evangelio
1486 2847 1744 2914 adorato,
1767 2862 1899 2903 cum
1926 2847 2169 2919 patriar-

522 2945 633 3004 cha
665 2960 767 3018 per
794 2942 1051 2999 medium
1075 2938 1354 3010 templum
1379 2952 1593 3010 perque
1614 2936 2019 3008 obliquitatem
2046 2953 2166 2993 am-

521 3034 692 3093 bonis
722 3033 942 3090 soleam
963 3031 1167 3095 intrat,
1189 3033 1246 3085 et
1265 3029 1335 3084 ad
1365 3042 1561 3083 sacras
1579 3027 1793 3097 januas
1814 3026 2169 3084 constitutus

2341 2226 2413 2284 Δ“.
2473 2222 2887 2289 Καταλαϐόντος
2947 2224 3005 2282 δὲ
3069 2231 3166 2283 τοῦ
3224 2225 3569 2302 πατριάρχου
3630 2226 3765 2299 μετᾶ
3818 2232 3920 2295 τῆς

2272 2314 2453 2384 λιτῆς,
2509 2316 2786 2371 άνισταται
2845 2315 2873 2370 6
2935 2313 3215 2391 βασιλεὺς,
3289 2314 3381 2370 καὶ
3448 2315 3919 2390 προσκυνήσαντες

2271 2402 2574 2479 ἀμφότεροι
2623 2401 2912 2476 ἀλλήλους
2960 2404 2990 2459 6'
3038 2425 3096 2461 τε
3150 2404 3408 2479 βασιλεὺς
3454 2403 3544 2459 καὶ
3577 2404 3605 2458 6
3653 2404 3920 2477 πατριάρ-

2272 2514 2405 2571 χης,
2438 2494 2766 2568 ἀπέρχονται
2807 2493 3107 2572 ἀμφότεροι
3164 2494 3252 2549 καὶ
3298 2491 3546 2551 ἵστανται
3592 2490 3643 2548 ἐν
3670 2498 3740 2567 τῇ
3773 2489 3923 2565 πύλῃ

2270 2587 2366 2637 τοῦ
2434 2581 2697 2657 Μεγάλου
2764 2586 2915 2639 ναοῦ·
3002 2584 3093 2639 καὶ
3169 2582 3471 2659 ἀρξάμενος
3546 2583 3575 2638 6
3648 2581 3917 2657 πατριάρ-

2273 2691 2383 2747 χης
2413 2672 2511 2742 τὴν
2541 2670 2711 2747 εὐχήν
2742 2679 2845 2742 τῆς
2902 2670 3117 2728 εἰσόδου
3173 2679 3274 2743 τῆς
3342 2671 3484 2734 θείας
3551 2669 3922 2748 λειτουργίας,

2274 2759 2457 2817 λαϐὼν
2490 2762 2518 2816 6
2554 2759 2812 2837 βασιλεὺς
2849 2763 2996 2837 παρᾶ
3039 2766 3136 2817 τοῦ
3183 2761 3550 2835 πραιποσίτου
3596 2760 3764 2837 κηρία
3818 2767 3923 2829 τῆς

2273 2858 2613 2927 προσευχῆς,
2671 2851 2762 2906 καὶ
2820 2851 3108 2924 εὐξάμενος
3161 2848 3383 2907 δίδωσιν
3440 2850 3575 2907 αὐτᾶ
3638 2848 3803 2906 πάλιν
3843 2855 3921 2919 τῷ

2273 2941 2640 3015 πραιποσίτῳ,
2699 2941 2792 2995 καὶ
2858 2941 3022 3004 αὐτὸς
3081 2946 3162 3014 τῷ
3220 2948 3320 3011 τῆς
3367 2939 3762 3003 καταστάσεως.
3816 2939 3924 2996 Καὶ

2271 3031 2651 3104 προσκυνήσας
2715 3030 2742 3084 6
2806 3027 3063 3105 βασιλεὺς
3119 3030 3181 3086 τὸ
3240 3028 3513 3106 ἄχραντον
3578 3028 3927 3105 Εὐαγγὲλιον,

521 3139 771 3193 cumque
801 3119 981 3177 cereis
1010 3117 1273 3174 accensis
1304 3119 1592 3187 precatus,
1626 3116 1946 3170 sacrarium
1976 3115 2160 3188 ingre-

2277 3116 2556 3193 διέρχεται
2591 3117 2754 3191 μέσον
2789 3115 2879 3174 διὰ
2928 3123 3025 3174 τοῦ
3063 3123 3195 3174 ναοῦ
3257 3121 3393 3192 μετᾶ
3421 3122 3513 3174 τοῦ
3559 3118 3927 3193 πατριάρχου,

522 3212 696 3269 ditur.
732 3210 1014 3266 Sanctum
1042 3222 1172 3262 vero
1202 3205 1521 3261 instratum
1570 3202 1887 3271 osculatus,
1921 3203 2164 3260 allatum

525 3319 559 3360 a
581 3299 890 3374 praeponito
911 3294 1322 3371 apocombium
1348 3295 1406 3349 in
1430 3310 1597 3349 sacra
1610 3309 1816 3349 mensa
1829 3294 2075 3364 reponit,
2090 3302 2163 3366 et,

526 3394 761 3462 accepta
789 3406 824 3446 a
855 3384 1257 3445 sacerdotibus
1295 3384 1722 3452 benedictione,
1773 3399 1877 3455 per
1905 3383 2165 3440 medium

520 3480 803 3554 templum
824 3480 963 3536 abit.
988 3477 1138 3534 Dum
1169 3484 1360 3533 autem
1395 3474 1468 3531 ad
1493 3473 1831 3530 narthecem
1866 3473 2170 3545 progredi-

522 3575 641 3639 tur,
692 3569 751 3625 in
809 3568 1043 3625 sinistro
1101 3582 1327 3639 magnae
1385 3568 1562 3638 ports:
1596 3562 1773 3619 latere
1826 3563 2075 3635 orphani
2105 3562 2167 3618 in

521 3659 780 3718 scamnis
809 3663 990 3726 stant,
1014 3659 1071 3714 et
1100 3655 1488 3722 modulantes,
1514 3657 1580 3709 ut
1609 3652 1755 3725 ipsis
1772 3653 2031 3709 solemne
2056 3659 2166 3719 est,

523 3751 719 3807 fausta
746 3746 1088 3822 imperatori
1119 3750 1525 3819 apprecantur.
1549 3745 1605 3798 Is
1623 3759 1741 3799 una
1761 3758 1895 3799 cum
1918 3742 2166 3814 patriar-

524 3841 636 3899 cha
666 3840 738 3897 ad
771 3837 1077 3912 styracium
1109 3835 1317 3908 pergit,
1349 3834 1504 3890 unde
1534 3832 1868 3903 patriarcha
1891 3837 2023 3904 post
2045 3847 2170 3888 mu-

524 3933 687 3987 tuam
743 3926 1160 3985 salutationem
1216 3930 1273 3979 et
1328 3922 1724 3977 adorationem
1771 3921 1842 3976 ad
1895 3922 2167 3992 Magnum

525 4016 834 4087 templum,
860 4030 1087 4071 sacram
1112 4012 1412 4083 liturgiam
1444 4008 1862 4075 celebraturus,
1894 4009 2036 4079 abit,
2062 4010 2172 4064 im-

526 4112 756 4180 perator
785 4110 981 4161 autem
1014 4119 1117 4175 per
1146 4099 1462 4172 styracium
1512 4097 1573 4152 in
1613 4096 1934 4152 oratorium
1966 4113 2167 4154 ascen-

525 4198 691 4263 dens,
750 4210 946 4252 cereos
1006 4191 1107 4259 ibi,
1158 4204 1321 4260 asque
1378 4203 1442 4242 ac
1499 4186 1557 4241 in
1619 4185 2076 4256 catechumenis,
2107 4186 2169 4242 in

527 4301 699 4345 cruce
729 4281 1009 4349 accendit,
1042 4278 1103 4335 in
1135 4275 1385 4334 oratorio
1415 4291 1549 4331 vero
1580 4274 1839 4335 divinam
1870 4272 2168 4347 liturgiam

2273 3209 2363 3264 καὶ
2414 3205 2502 3263 διὰ
2558 3214 2658 3277 τῆς
2706 3205 2946 3284 πλαγίας
2985 3212 3081 3264 τοῦ
3127 3204 3392 3282 ἅμϐωνος
3431 3209 3740 3287 εἰσέρχεται
3771 3206 3823 3262 ἐν
3850 3211 3920 3280 τῇ

2276 3296 2508 3369 σωλαίᾳ,
2559 3296 2650 3352 καὶ
2690 3298 2815 3360 στὰς
2863 3293 3165 3373 ἔμπροσθεν
3213 3303 3320 3353 τῶν
3377 3296 3542 3371 ἁγίων
3609 3295 3785 3371 θυρῶν
3833 3295 3925 3351 καὶ

2277 3388 2415 3460 ἅψας
2444 3388 2647 3461 κηροῦς
2677 3387 2765 3443 καὶ
2818 3386 3135 3460 εὐξάμενος,
3185 3387 3487 3462 εἰσέρχεται
3533 3387 3608 3450 εἰς
3647 3386 3710 3441 τὸ
3751 3387 3931 3441 θυσια-

2278 3478 2526 3550 στήριον.
2582 3476 2996 3549 ’Δσπασάμενος
3046 3473 3102 3531 δὲ
3156 3479 3257 3547 τὴν
3326 3475 3477 3551 ἁγίαν
3531 3472 3773 3544 ἐνδυτῆν,
3839 3472 3943 3529 λα-

2281 3565 2391 3643 βὼν
2472 3561 2817 3637 ἀποκόμϐιον
2882 3565 3030 3640 παρὰ
3100 3570 3197 3620 τοῦ
3258 3566 3652 3637 πραιποσίτου,
3721 3563 3936 3634 τίθησιν

2277 3654 2411 3709 αὐτὸ
2442 3653 2493 3710 ἐν
2524 3657 2593 3727 τῇ
2641 3654 2771 3731 ἁγίᾳ
2798 3652 3037 3728 τραπέζῃ
3085 3654 3173 3707 καὶ
3223 3652 3528 3733 ἐξέρχεταί,
3568 3674 3660 3708 και
3692 3650 3932 3708 διδοῦσιν

2278 3742 2428 3817 αὗτῷ
2458 3742 2708 3819 εὐλογίας
2740 3743 2791 3798 οἱ
2821 3743 2988 3818 ἱερεῖς
3020 3744 3087 3813 ⁸9,
3122 3739 3211 3797 διὰ
3263 3744 3433 3815 μέσης
3463 3746 3560 3798 τοῦ
3592 3746 3739 3798 ναοῦ.
3775 3741 3929 3799 Μέλ-

2278 3831 2471 3897 λοντος
2520 3830 2578 3888 δὲ.
2616 3836 2713 3888 τοῦ
2766 3830 3037 3909 βασιλέως
3075 3831 3389 3908 ἓξέρχεσθαι
3438 3831 3490 3887 ἐν
3541 3836 3619 3903 τῷ
3664 3832 3926 3906 νάρθηκι,

2275 3923 2525 3979 ἵστανται
2574 3921 2782 3999 ὀρφανὰ
2829 3920 3012 3977 ἐπάνω
3059 3923 3166 3975 τῶν
3216 3921 3474 3993 σκάμνων
3516 3919 3607 3975 ἀπ’
3641 3920 3928 3994 ἀριστερᾶς

2274 4017 2379 4079 τῆς
2422 4008 2668 4083 μεγάλης
2721 4009 2925 4079 πύλης,
2975 4008 3066 4064 καὶ
3114 4004 3554 4088 φωνοϐολοῦντες
3599 4008 3934 4084 ὑπερεύχον-

2276 4120 2364 4153 ται
2412 4098 2503 4153 τὸν
2557 4097 2806 4171 βασιλέα,
2857 4098 2933 4159 ὡς
2985 4100 3020 4167 ἡ
3062 4101 3317 4169 συνήθεια
3368 4096 3506 4177 ἔχει.
3550 4096 3833 4159 Ἐλθόντες
3874 4094 3934 4153 δὲ

2279 4186 2328 4257 ἐξ
2375 4184 2497 4242 ἴσου
2546 4186 2597 4242 ἐν
2648 4191 2725 4259 τῷ
2779 4186 3049 4263 στυρακίῳ
3098 4188 3211 4261 (12)
3265 4186 3294 4242 6'
3332 4208 3388 4243 τε
3430 4184 3687 4262 βασιλεὺς
3752 4187 3841 4242 καὶ
3904 4187 3934 4241 6

2279 4276 2651 4353 πατριάρχης,
2707 4278 3176 4353 προσκυνήσαντες
3231 4272 3322 4332 καὶ
3402 4276 3780 4350 ἀσπασάμενοι
3840 4275 3937 4332 ἀλ-

529 4372 802 4439 celebrat,
847 4370 988 4425 dum
1045 4365 1271 4440 patricii
1326 4365 1545 4420 interea
1589 4380 1655 4421 ac
1685 4363 1874 4421 caeteri
1904 4379 2160 4436 proceres

2277 4364 2515 4440 λήλους,
2562 4367 2590 4422 6
2640 4366 2734 4440 μὶν
2774 4365 3125 4442 πατριάρχης
3172 4365 3468 4441 ἀπέρχεται
3502 4365 3553 4421 ἐν
3581 4370 3662 4438 τῷ
3703 4364 3935 4442 μεγάλῳ

529 4459 670 4517 foris
709 4460 769 4514 in
800 4455 1233 4514 catechumenis
1262 4453 1613 4511 subsistunt.

2274 4458 2390 4527 ναῷ
2418 4459 2516 4511 τοῦ
2558 4450 2832 4511 ἐκτελέσαι
2872 4456 2970 4525 την
3023 4454 3167 4519 θείαν
3217 4453 3578 4532 λειτουργίαν,
3620 4454 3649 4509 6
3693 4451 3750 4509 δὲ
3784 4455 3942 4530 βασι-

527 4546 677 4618 λεὺς,
716 4543 806 4602 διὰ
848 4549 946 4603 τοῦ
1001 4543 1290 4620 στυρακίου
1348 4540 1583 4599 ἀνελθὼν
1640 4539 1691 4597 ἐν
1748 4546 1829 4616 τῷ
1883 4542 2158 4619 εὖκτηρίῳ
2216 4544 2372 4600 ἅπτει
2413 4544 2584 4601 ἐκεῖσε
2640 4545 2869 4619 κηροὺς,
2924 4541 3272 4608 ὡσαύτωςδέ
3299 4543 3473 4600 καὶέν
3507 4549 3623 4607 τοῖς
3650 4563 3936 4620 κατηχου-

528 4636 751 4713 μενίοις,
806 4636 881 4699 εἰς
936 4636 1028 4691 τὸν
1088 4635 1340 4711 σταυρὸν,
1397 4629 1487 4689 καί
1544 4628 1805 4689 εἰσελθὼν
1866 4630 1919 4688 ἐν
1972 4638 2052 4705 τῷ
2103 4633 2396 4711 εὖκτηρίῳ,
2431 4633 2646 4691 ἵστάται
2704 4634 2896 4704 ἐκεῖσε,
2962 4634 3196 4692 ἐκτελῶν
3267 4636 3368 4705 τήν
3444 4634 3591 4699 θείαν
3672 4633 3934 4710 λειτουρ-

525 4726 668 4805 γίαν,
700 4727 753 4781 οἱ
783 4723 840 4781 6‘s
868 4723 1143 4800 πατρίκιοι
1173 4724 1264 4781 καὶ
1313 4724 1367 4780 οἱ
1397 4720 1585 4779 λοιποὶ
1609 4722 1871 4797 ἄρχοντες
1903 4723 2130 4786 ἅπαντες
2156 4722 2402 4781 ἵστανται
2425 4721 2527 4797 ἔξω
2556 4724 2607 4781 ἐν
2638 4729 2754 4787 τοῖς
2783 4724 3261 4801 κατηχουμενίοις.

1878 4823 2119 4880 VARle
2158 4824 2570 4882 LECTIONES.

597 4922 641 4959 ⁸⁷
669 4913 865 4993 ἰάμϐια
893 4919 987 4976 ed.

1089 4918 1133 4954 δι
1161 4916 1267 4992 γὰρ
1293 4932 1411 4974 om.
1442 4917 1535 4976 ed.
1609 4916 1657 4952 '9
1686 4917 1741 4970 οἱ
1769 4914 1933 4989 ἱερεῖς
1954 4911 2045 4970 διὰ
2075 4915 2204 4974 sine
2242 4916 2627 4975 distinctione
2656 4918 2749 4973 ed.

1577 5015 1779 5073 JOAN.
1818 5015 1954 5073 JAC.
1998 5017 2261 5075 REISKII
2301 5017 2889 5076 COMMENTARIUS.

596 5121 712 5195 (t2)
742 5118 1017 5195 Videtur
1051 5112 1337 5195 στυράκων
1396 5112 1488 5195 hie
1517 5112 1627 5195 loci
1661 5112 1820 5195 idem
1845 5121 2174 5195 _esse_atque

533 5183 707 5253 toties
739 5192 1097 5248 memoratus
1125 5183 1364 5262 κοχλιάς
1390 5184 1476 5262 vel
1506 5183 1665 5262 scala
1702 5184 2042 5262 cochlearia,
2073 5183 2177 5257 per

575 5281 710 5321 nam
758 5280 791 5320 e
820 5261 1096 5319 narthece
1140 5255 1679 5316 in"catcchumenia
1735 5255 2175 5315 ascendebantur.

575 5285 710 5321 uam
758 5285 791 5320 ο
821 5285 1096 5319 uartnccu
1141 5285 1204 5316 ιιι
1234 5285 1679 5316 cuwuuummua
1735 5285 2175 5315 usuuuucuaeur.

532 5285 635 5395 ἓει
656 5335 812 5392 enim
842 5329 1127 5402 στυράκων
1174 5329 1402 5402 proprie
1450 5327 1722 5402 columna
1770 5325 1928 5402 intus
1959 5343 2095 5402 cava
2123 5337 2180 5386 et

837 5384 1599 5482 cochlearibBs'irnstructa,
1615 5398 1697 5453 ita
1727 5404 1788 5482 ut
1803 5384 2178 5482 ‘in'verticem

537 5468 823 5535 columna
855 5476 1076 5533 ascendi
1110 5482 1348 5546 posset;
1379 5472 1450 5546 de
1479 5470 1698 5546 quibus
1726 5468 1861 5546 v_id_e_
1887 5469 2074 5546 Vales,
2108 5473 2181 5527 ad

534 5551 828 5606 Ammian.
858 5540 1271 5617 Marcellfpag.
1307 5540 1584 5617 illinet.
1606 5544 1674 5617 d,_
1698 5541 1769 5597 ad
1803 5540 1987 5597 illud:
2017 5542 2184 5599 elatos

534 5619 761 5676 vertices
792 5621 1024 5675 scansili
1053 5614 1326 5686 sug'gestu.
1358 5614 1556 5671 Talem
1590 5614 1925 5686 columnam
1963 5627 2185 5686 [nemo-

540 5695 633 5747 rat
687 5690 1063 5762 Lampridius
1120 5682 1420 5761 Heliogab.
1452 5690 1494 5743 t.
1527 5687 1573 5758 Ι,
1606 5703 1662 5759 p.
1712 5682 1839 5756 858,
1871 5688 1929 5743 et
1957 5683 2183 5745 Contin.

2282 5115 2620 5188 Theophan.
2654 5115 2827 5187 p.87,
2858 5114 3144 5188 ethoster
3174 5114 3329 5188 infra
3345 5131 3406 5188 p,
3433 5115 3568 5188 347,
3586 5118 3700 5173 Aut
3728 5116 3781 5174 si
3806 5135 3906 5172 στυ
3928 5147 3956 5160 -

2287 5185 2473 5273 ράκιον
2501 5185 2798 5244 diversum
2828 5185 2971 5259 quid
3014 5191 3104 5243 est
3137 5185 3456 5270 moechus,
3492 5186 3600 5271 (uit
3640 5191 3944 5244 structura

2286 5264 2474 5342 instar
2501 5262 2672 5342 vasta:
2701 5257 2985 5342 columnas
3016 5262 3120 5342 aut
3148 5259 3278 5330 pile
3309 5270 3519 5342 parieti
3548 5257 3809 5316 ecclesias
3837 5275 3947 5342 ap-

2288 5332 2491 5405 posita,
2524 5332 2686 5405 intus
2706 5330 2926 5387 habens
2958 5328 3695 5405 cochleares'gradus,_per
3710 5328 3949 5405 quosin

2290 5400 2730 5462 catechumenia
2773 5401 3225 5469 ascendebatur,
3275 5400 3479 5467 quales
3526 5400 3644 5457 vidi
3695 5400 3748 5458 el
3797 5417 3849 5457 c.
3885 5402 3949 5457 in

2288 5477 2519 5530 vetusta
2546 5476 2664 5531 aede
2694 5474 2759 5530 B.
2790 5471 3049 5545 Virginis
3095 5471 3241 5528 Halae
3275 5472 3771 5545 Magdeburgica.
3804 5474 3948 5545 Per-

2292 5560 2503 5618 parum
2533 5562 2670 5618 ergo
2700 5545 2853 5618 inter
2882 5544 3088 5618 ambas
3116 5546 3442 5618 sententias
3465 5544 3729 5618 interest,
3753 5549 3814 5601 et
3829 5544 3950 5601 hoc

2295 5614 2478 5689 unum
2510 5614 2899 5689 solummodo,
2921 5614 3355 5689 quodoochlias
3380 5615 3537 5672 intra
3566 5615 3826 5689 parietes
3855 5632 3955 5675 eo-

2295 5686 2509 5758 clesin,
2540 5687 2859 5762 styrsoium
2884 5686 3047 5748 extra
3076 5686 3248 5747 fuerit
3278 5686 3630 5747 astruotum.
