4180 6304
331 298 442 361 389

1202 292 1303 352 DE
1348 291 1797 351 CERIMUNIIS
1845 292 2066 352 AULA
2135 291 2624 352 ΒΥΖΑΝΤΙΝΕ
2667 291 2812 350 LIB.
2862 292 2911 351 Ι.

3626 292 3742 356 390

399 432 474 488 E'.
523 431 640 499 Τῆς
686 425 744 483 δέ
797 425 940 492 θείας
984 424 1269 487 κοινωνίας
1317 423 1661 501 ἐγγιζούσης,
1711 425 1986 501 προστάσ-

2169 427 2233 484 ν.
2284 425 2506 484 Divina
2533 429 2731 484 autem
2780 425 3218 482 communionis
3249 432 3508 502 tempore
3555 431 3745 490 immi-

336 543 408 577 σει
461 521 490 575 6
541 518 911 592 πραιπόσιτος
960 516 1066 570 ἀπὸ
1111 513 1412 576 κελεύσεως
1457 519 1539 588 τῷ
1584 522 1684 584 τῆς
1716 515 1986 571 καταστά-

338 631 490 677 σεως,
555 607 650 662 καὶ
707 602 1036 660 ἀποστέλλει
1105 601 1501 678 σιλεντιαρίους
1563 601 1658 658 δύο
1725 605 1860 679 πρὸς
1924 606 1986 660 τὸ

336 695 808 774 προσκαλέσασθαι
853 696 946 749 τὸν
1006 695 1382 771 πατριάρχην,
1413 693 1502 748 καὶ
1558 692 1845 769 ἀνάγουσιν
1897 695 1986 748 a6-

331 791 420 844 τὸν
449 786 539 842 διὰ
569 789 668 840 τοῦ
700 783 990 858 στυρακίου
1018 784 1072 836 ἓν
1123 780 1202 854 τῷ
1261 781 1550 856 εὖκτηρίῳ,
1586 781 1637 835 ἐν
1685 781 1730 853 ᾧ
1766 779 1984 836 ’ίσταται

335 879 360 933 6
406 873 688 952 βασιλεύς.
727 873 1176 943 Κοινωνήσαντος
1237 868 1295 925 δὲ
1349 875 1444 925 τοῦ
1506 868 1778 944 βασιλέως
1842 870 1988 945 παρά

334 972 426 1022 τοῦ
455 964 808 1038 πατριάρχου
841 966 938 1017 τοῦ
985 960 1260 1034 ἀχράντου
1315 961 1569 1032 σώματος
1621 960 1711 1015 καὶ
1753 958 1984 1032 α’ίματος

332 1061 422 1112 τοῦ
455 1053 680 1128 Κυρίου,
705 1052 1008 1126 εἰσέρχεται
1054 1048 1105 1104 ἐν
1155 1055 1234 1122 τῷ
1265 1053 1511 1117 κοιτῶνι,
1543 1049 1633 1103 καὶ
1682 1049 1779 1104 εἶθ’
1813 1049 1986 1112 οὕτως

335 1141 672 1204 εἰσελθόντος
704 1139 980 1215 πατρίκιοί
1007 1160 1066 1194 τε
1102 1141 1190 1194 καὶ
1244 1138 1542 1213 στρατηγοὶ
1591 1137 1680 1192 καὶ
1732 1135 1988 1211 δομέστι-

333 1255 417 1289 κοι
447 1232 539 1287 καὶ
573 1233 626 1285 οἱ
665 1230 734 1284 τὰ
776 1232 969 1304 πρῶτα
1017 1227 1245 1307 ὀφφίκια
1291 1226 1640 1306 κατέχοντες,
1668 1231 1984 1282 κοινωνοῦσι

334 1323 418 1378 καὶ
462 1321 626 1376 αὐτοὶ
657 1318 718 1374 ἐκ
744 1322 852 1372 τῶν
885 1322 1089 1392 χειρῶν
1131 1322 1227 1372 τοῦ
1286 1317 1630 1392 πατριάρχου
1664 1333 1679 1349 ’
1720 1316 1809 1370 καὶ
1852 1317 1986 1371 πάν-

335 1435 436 1469 των
470 1410 802 1483 ἐξελθόντων
850 1407 938 1462 καὶ
984 1411 1082 1462 τοῦ
1129 1408 1477 1483 πατριάρχου
1520 1406 1821 1480 μέλλοντος
1861 1428 1987 1461 κατ-

337 1503 615 1580 ἔρχεσθαι,
652 1497 884 1559 ἑστῶτος
931 1502 1027 1552 τοῦ
1071 1495 1339 1572 βασιλέως
1387 1491 1688 1572 ἔμπροσθεν
1753 1504 1854 1566 τῆς
1894 1496 1989 1551 0'3-

339 1613 427 1668 ρας
491 1594 590 1646 τοῦ
658 1592 922 1649 κοιτῶνος
973 1587 1163 1656 αὐτοῦ,
1220 1591 1611 1662 προσκυνοῦσιν
1683 1587 1986 1662 ἀμφότεροι

339 1679 653 1752 ἀλλήλους,
707 1677 797 1733 καὶ
847 1677 1096 1732 ἀπελθὼν
1149 1677 1176 1730 6
1226 1678 1581 1752 πατριάρχης
1631 1674 1840 1730 ἐκτελεῖ
1891 1679 1986 1746 τήν

336 1771 476 1825 θείαν
534 1766 875 1842 λειτουργίαν
926 1767 1151 1821 ἅπασαν.
1200 1763 1559 1836 Τελεσθείσης
1601 1761 1658 1818 δὲ
1704 1771 1803 1833 τῆς
1845 1765 1988 1828 θείας

341 1857 708 1933 λειτουργίας,
750 1853 1030 1933 διέρχεται
1082 1855 1110 1909 6
1170 1852 1428 1928 βασιλεὺς
1478 1851 1838 1927 ἡλλαγμένος
1904 1850 1994 1908 διά

340 1953 431 2005 τοῦ
475 1946 765 2022 τρικλίνου
812 1952 914 2014 τῆς
956 1943 1142 2019 Ἀγίας
1207 1948 1406 2018 Σοροῦ,
1462 1944 1840 2019 βασταζόντων
1885 1947 1993 1998 τῶν

340 2033 815 2108 κουϐικουλαρίων
863 2033 930 2088 τὰ
985 2032 1155 2089 ἐκεῖσε
1203 2032 1329 2087 ὄντα
1376 2031 1525 2108 βῆλά
1563 2054 1623 2087 τε
1668 2034 1755 2087 καὶ
1807 2033 1993 2108 κορτί-

342 2148 433 2188 νας
464 2128 607 2200 (13),
638 2125 726 2179 καὶ
759 2123 1045 2196 ἀνέρχεται
1079 2123 1106 2178 6
1142 2121 1393 2198 βασιλεὺς
1434 2119 1524 2176 διὰ
1552 2119 1649 2176 τοῦ
1684 2121 1992 2197 βισαλωτοῦ

343 2218 428 2272 καὶ
489 2219 591 2271 τοῦ
658 2212 916 2288 κοχλιοῦ,
966 2213 1057 2267 καὶ
1117 2210 1416 2287 εἰσέρχεται
1478 2210 1530 2266 ἐν
1577 2209 1656 2282 τῷ
1718 2208 1993 2284 Δανουϐίῳ

337 2303 627 2379 τρικλίνῳ,
699 2303 788 2357 καὶ
871 2299 1089 2357 ’ίσταται
1162 2303 1196 2370 ἡ
1271 2301 1433 2372 τιμία
1506 2300 1675 2354 αὐτοῦ
1758 2299 1998 2374 τράπεζα

2099 520 2292 586 nente,
2327 516 2666 588 praepositus
2698 533 2730 572 ει
2762 516 3031 572 mandato
3073 517 3526 576 cerimoniarum
3553 525 3748 592 magi-

2098 609 2285 660 strum
2358 607 2544 676 jubet,
2605 609 2669 660 ut
2725 606 2870 661 duos
2928 604 3282 663 silentiarios
3351 608 3743 680 patriarcham

2097 700 2404 750 vocaturos
2439 695 2647 761 mittat,
2665 711 2836 765 quem
2864 710 2966 764 per
2983 696 3298 766 styracium
3324 696 3382 752 in
3406 699 3744 767 oratorium,

2102 783 2202 838 ubi
2231 784 2546 855 imperator
2590 791 2702 842 est.
2732 785 3048 839 adducunt.
3083 788 3399 857 Postquam
3435 787 3753 859 imperator

2095 888 2127 927 e
2176 874 2512 941 patriarchae
2564 890 2739 930 manu
2778 890 2990 944 corpus
3033 878 3091 929 et
3137 877 3486 948 sanguinem
3519 879 3753 937 Domini

2095 961 2341 1032 accepit,
2373 961 2710 1018 cubiculum
2743 963 2938 1033 intrat,
2971 962 3031 1018 in
3061 979 3172 1032 quo
3197 966 3448 1037 patricii,
3482 971 3748 1041 strategi,

2097 1049 2402 1104 domestici
2427 1055 2484 1105 et
2505 1051 2798 1120 supremis
2825 1051 3034 1106 ofﬁciis
3055 1053 3275 1108 admoti
3299 1072 3460 1112 sacra
3477 1073 3739 1114 commu-

2098 1137 2270 1194 nione
2300 1156 2331 1193 a
2363 1139 2691 1209 patriarcha
2731 1140 3144 1209 impertiuntur
3175 1158 3190 1197 :
3224 1145 3440 1214 quibus
3471 1149 3748 1206 omnibus

2095 1227 2367 1300 egressis,
2408 1229 2543 1283 dum
2595 1227 2944 1299 patriarcha,
2994 1230 3344 1301 imperatore
3392 1238 3461 1290 ad
3515 1243 3747 1306 portam

2097 1318 2352 1376 cubiculi
2401 1319 2488 1374 sui
2531 1319 2858 1385 constutito,
2892 1318 3244 1376 descendere
3268 1324 3415 1391 vult,
3440 1325 3544 1380 90
3571 1345 3633 1384 se
3664 1329 3750 1385 in-

2095 1407 2284 1464 vicem
2333 1407 2594 1474 adorant,
2647 1405 2976 1478 patriarcha
3023 1407 3090 1461 ad
3154 1425 3383 1466 sacram
3436 1413 3744 1488 liturgiam

2098 1496 2504 1552 celebrandam
2526 1497 2663 1550 abit.
2697 1495 2821 1559 Qua
2851 1495 2919 1549 ad
2954 1495 3130 1551 finem
3165 1499 3464 1569 perducta,
3499 1502 3744 1574 impera-

2099 1592 2184 1642 tor
2232 1591 2455 1640 mutata
2484 1593 2634 1640 veste
2687 1602 2785 1656 per
2837 1585 3158 1640 triclinium
3192 1587 3390 1644 Sancti
3438 1591 3749 1662 Sepulchri

2098 1675 2329 1743 transit,
2361 1674 2736 1730 cubiculariis
2759 1672 2885 1729 vela
2914 1678 2970 1728 et
2996 1676 3273 1739 cortinas,
3309 1694 3434 1748 quae
3465 1680 3546 1735 ibi
3584 1687 3748 1750 sunt,

2102 1764 2494 1831 portantibus,
2543 1767 2598 1818 et
2640 1779 2738 1835 per
2768 1762 3076 1817 lateritiam
3117 1764 3604 1825 substructionem
3648 1788 3748 1828 co-

2101 1853 2444 1924 chleamque
2489 1853 2806 1908 triclinium
2838 1851 3166 1908 Danubium
3202 1853 3400 1922 intrat,
3451 1858 3552 1913 ubi
3581 1877 3748 1918 vene-

2102 1942 2284 1997 randa
2308 1957 2507 1996 mensa
2525 1942 2648 2012 ejus
2670 1941 3015 2013 reposita,et
3038 1945 3484 2012 prolospatharii
3503 1946 3750 2019 barbati,

2103 2030 2701 2103 spatharocandidati,
2740 2030 3098 2085 manclavitaa
3137 2034 3445 2105 ceterique
3493 2035 3752 2094 ministri

2105 2138 2310 2178 omnes
2358 2122 2690 2194 congregati
2719 2130 2898 2176 sunt:
2944 2135 3013 2175 ex
3050 2119 3165 2190 his,
3197 2139 3344 2194 quos
3390 2140 3566 2181 caena:
3612 2128 3751 2184 adhi

2106 2211 2227 2266 beri
2251 2211 2568 2281 imperator
2576 2211 2843 2281 jusserit,
2877 2210 2979 2283 ibi,
3003 2211 3190 2268 caeteri
3224 2229 3506 2286 proceres,
3531 2216 3751 2288 singuli

2108 2301 2168 2356 in
2196 2317 2304 2356 suo
2349 2301 2639 2368 cubiculo,
2674 2308 2931 2358 manent.

339 2397 536 2464 ἐκεῖσε,
567 2393 658 2450 καὶ
714 2392 964 2467 μένουσιν
1015 2390 1186 2446 ἐκεῖσε
1241 2390 1728 2465 πρωτοσπαράριοι
1779 2386 2062 2465 βαρϐάτοι,
2115 2386 2670 2466 σπαθαροκανδιδάτοι
2718 2391 2808 2444 καὶ
2876 2393 2927 2446 οἱ
2995 2391 3083 2447 ἐπὶ
3140 2396 3237 2447 τοῦ
3307 2389 3620 2468 μαγλαϐίου
3667 2398 3757 2451 καὶ

339 2488 530 2544 λοιποὶ
589 2481 819 2548 ἅπαντες
881 2484 1166 2552 οἶκειακοῖ,
1216 2483 1306 2537 καὶ
1354 2482 1476 2537 τότε
1523 2483 1575 2537 οἱ
1628 2483 1723 2556 μὲν
1771 2479 2063 2552 κληθέντες
2114 2481 2165 2552 ἐξ
2217 2480 2392 2536 αὐτῶν
2439 2478 2753 2555 ἐκδέχονται
2797 2481 2992 2551 ἐκεῖσε,
3043 2485 3096 2538 o't
3158 2481 3215 2538 δὲ
3262 2481 3452 2540 λοιποὶ
3495 2485 3759 2562 ἄρχοντες

335 2577 562 2640 ἕκαστος
595 2577 646 2632 ἐν
679 2581 759 2650 τῷ
787 2580 1011 2631 κοιτῶνι
1051 2574 1215 2630 αὐτοῦ
1246 2575 1312 2631 9°.
1612 2646 1617 2650 '

403 2673 465 2740 ς’.
511 2671 573 2727 Ὀ
635 2665 694 2722 δὲ
751 2665 1008 2743 βασιλεὺς
1076 2663 1321 2729 ἀνελθὼν
1376 2663 1428 2718 ἐν
1471 2669 1550 2737 τῷ
1597 2666 1999 2737 Ἀναστασιακῷ

332 2758 598 2836 τρικλίνῳ
653 2757 744 2812 καὶ
797 2753 1135 2828 ἀπαλλάξας,
1191 2752 1333 2828 μένει
1388 2754 1521 2827 μετὰ
1568 2753 1631 2807 τὸ
1680 2749 2001 2824 διϐητήσιον

337 2851 539 2906 αὐτοῦ·
575 2850 630 2903 οἱ
681 2845 738 2903 δὲ
780 2847 1162 2920 σιλεντιάριοι,
1205 2841 1712 2918 προσκαλεσάμενοι
1760 2845 1852 2899 τὸν
1897 2865 2002 2898 πα-

334 2939 630 3014 τριάργην,
669 2934 1018 3014 ἀναφέρουσιν
1068 2934 1232 2989 αὐτὸν
1286 2933 1452 3008 μέχρι
1490 2937 1588 2988 τοῦ
1617 2932 1877 3008 κοχλιοῦ,
1909 2932 1999 2988 καὶ

341 3028 553 3092 καθίσας
623 3025 795 3081 ἐκεῖσε
862 3023 1100 3093 πλησίον
1164 3026 1266 3088 τῆς
1334 3023 1658 3096 είσαγοόσης
1713 3022 1895 3092 πύλης
1944 3021 1997 3078 ἐν

335 3121 409 3188 τῷ
453 3114 743 3192 τρικλίνῳ,
797 3111 850 3168 ἐν
895 3112 940 3185 ᾧ
989 3115 1024 3182 ἡ
1074 3113 1311 3186 τράπεζα
1367 3108 1607 3182 ἵσταται,
1662 3112 1854 3185 μηνύει
1915 3112 1995 3184 τῷ

2174 2663 2266 2718 VI.
2303 2665 2624 2735 Imperator
2667 2665 2728 2721 in
2772 2665 3092 2722 triclinium
3137 2668 3425 2724 Anastasii
3470 2672 3754 2743 ascendit,

2103 2758 2179 2822 et,
2213 2753 2476 2809 vestibus
2508 2755 2721 2823 exutis,
2754 2753 2815 2808 in
2848 2771 2952 2812 suo
2987 2757 3269 2813 dibetesio
3301 2765 3497 2814 manet
3537 2776 3550 2816 :
3584 2759 3758 2818 silen-

2103 2841 2262 2896 tiarii
2309 2858 2441 2898 vero
2482 2842 2827 2898 advocatum
2886 2845 3275 2916 patriarcham
3339 2849 3412 2902 ad
3461 2849 3758 2907 cochleam

2104 2930 2349 2997 ducunt,
2382 2930 2507 2996 ubi,
2541 2931 2681 2986 dum
2714 2948 2893 3004 prape
2922 2939 3147 3004 portam
3180 2935 3238 2990 in
3272 2935 3620 3005 triclinium,
3657 2940 3754 2995 ubi

2107 3034 2311 3074 mensa
2334 3019 2518 3090 posita
2548 3023 2659 3086 est,
2693 3021 3019 3090 ducentem,
3045 3023 3279 3092 residet,
3315 3027 3665 3096 praepositus
3696 3027 3754 3083 id

2103 3106 2440 3179 imperatori
2471 3108 2713 3179 indicat,
2762 3111 2861 3180 qui
2893 3112 3271 3183 praapositum
3312 3114 3500 3184 jubet,
3537 3119 3602 3170 ut
3653 3133 3756 3186 pa-

342 3205 565 3280 βασιλεῖ
612 3205 640 3259 6
686 3203 1070 3276 πραιπόσιτος,
1130 3203 1157 3256 ὁ
1209 3198 1265 3256 δὲ
1335 3199 1590 3276 βασιλεὺς
1649 3199 1858 3256 κελεύει
1913 3205 1994 3273 τῷ

2105 3197 2421 3253 triarcbam
2443 3205 2730 3266 arcessat;
2763 3198 2889 3270 ipse
2912 3217 3048 3272 sago
3077 3217 3184 3258 suo
3207 3202 3552 3270 indutus,ad
3588 3220 3751 3261 men-

353 3291 701 3364 πραιποσίτῳ
770 3289 1244 3364 προσκαλέσασθαι
1308 3288 1396 3342 τὸν
1475 3289 1843 3363 πατριάρχην,
1905 3286 1995 3342 καὶ

351 3377 564 3432 ἵσταται
614 3379 640 3432 6
691 3377 969 3452 βασιλεὺς,
1021 3381 1209 3452 φορῶν
1253 3377 1316 3431 τὸ
1357 3375 1536 3450 σαγίον
1587 3377 1776 3448 αὐτοῦ,
1827 3376 1877 3431 ἐν
1926 3378 1994 3449 τῇ

346 3465 586 3540 τραπέζῃ
639 3463 998 3541 ἐκδεχόμενος
1045 3468 1138 3521 τὸν
1195 3466 1565 3540 πατριάρχην,
1626 3474 1715 3519 καί
1761 3464 1998 3521 καταλα-

343 3550 535 3614 ϐόντος
601 3558 699 3609 τοῦ
762 3553 1126 3629 πατριάρχου,
1195 3553 1626 3627 προσκαλοῦνται
1696 3553 1840 3628 παρᾶ
1901 3557 1998 3608 τοῦ

338 3644 692 3722 πατριάρχου
747 3644 798 3697 o't
857 3644 1019 3717 ἱερεῖς
1071 3643 1162 3697 καὶ
1222 3646 1440 3696 ποιοῦσι
1487 3643 1578 3697 τὸν
1625 3643 1837 3718 στίχον.
1894 3641 1997 3698 Καὶ

341 3735 441 3799 εἶθ’
487 3735 666 3794 οὕτως
699 3734 726 3788 6
761 3733 856 3806 μὲν
912 3731 1168 3809 βασιλεὺς
1213 3727 1472 3786 ἐκϐάλλει
1502 3732 1564 3786 τὸ
1595 3732 1784 3809 σαγίον
1811 3731 1998 3803 αὐτοῦ,

340 3825 368 3878 6
401 3820 459 3878 δὲ
490 3841 850 3897 πατριάρχης
899 3823 960 3877 τὸ
1015 3823 1332 3899 ὢμοφόριον
1383 3821 1571 3887 αὐτοῦ,
1604 3821 1691 3875 καὶ
1741 3817 1996 3884 λαϐόντες

336 3910 473 3967 αὑτὸ
532 3914 584 3966 οἱ
641 3913 828 3987 ἱερεῖς,
879 3908 1211 3986 ἐξέρχονται.
1273 3911 1374 3968 Καὶ
1437 3909 1747 3973 καθίσαντες
1807 3908 1857 3964 ἐν
1929 3916 1996 3984 τῇ

340 4000 586 4076 τραπέζῃ
617 4002 645 4055 ὅ
673 4022 732 4055 τε
795 4000 1048 4076 βασιλεὺς
1079 4000 1170 4055 καὶ
1219 4001 1246 4055 6
1289 3998 1658 4075 πατριάρχης,
1694 3998 1998 4079 εἰσφέρουσι

337 4092 406 4146 τὰ
437 4091 820 4164 κουκουμάρια
860 4085 1312 4164 κουϐικουλάριοι
1346 4087 1462 4159 δύο,
1495 4090 1585 4144 καί
1619 4088 1832 4144 πίνουσι
1865 4091 2000 4164 πρὸς

341 4183 504 4250 ἅπαξ,
536 4180 629 4235 καὶ
663 4179 759 4235 εἴθ’
795 4178 970 4242 οὕτως
1002 4177 1342 4254 εἰσέρχονται
1373 4180 1426 4233 οἱ
1476 4176 1652 4256 φίλοι,
1685 4179 1773 4234 καὶ
1820 4177 2000 4234 ἐπιτε-

348 4271 524 4327 λεῖται
558 4273 595 4338 ἡ
629 4271 882 4340 συνήθεια
911 4273 1056 4324 πᾶσα
1083 4274 1179 4324 τοῦ
1198 4269 1511 4345 τραπεζίου·
1546 4270 1633 4323 καὶ
1664 4268 1997 4325 ἀναστάντων

345 4365 454 4415 τῶν
481 4359 660 4437 φίλων
693 4359 781 4413 καὶ
816 4357 1159 4429 ἐξελθόντων,
1188 4356 1333 4430 μένει
1367 4358 1396 4411 ὅ
1427 4378 1486 4412 τε
1533 4356 1789 4433 βασιλεὺς
1837 4359 1923 4413 καί
1972 4360 1999 4413 6

349 4449 724 4524 πατριάρχης,
765 4448 854 4502 καὶ
895 4447 1201 4527 εἰσφέρουσι
1251 4447 1419 4502 πάλιν
1471 4447 1522 4501 οἱ
1553 4443 2001 4522 κουϐικουλάριοι

2102 3305 2225 3344 sam
2259 3289 2646 3360 patriarcham
2665 3290 2898 3362 excipit,
2923 3290 3020 3360 qui
3045 3293 3306 3363 veniens,
3328 3296 3659 3352 sacerdotes
3681 3297 3752 3352 ad

2101 3377 2356 3433 stichum
2389 3394 2493 3432 seu
2526 3379 2845 3434 orationem
2869 3379 3177 3436 dicendam
3211 3388 3398 3438 vocat.
3434 3387 3755 3457 Imperator

2101 3467 2311 3522 deinde
2342 3483 2557 3539 sagum
2586 3485 2776 3532 suum,
2813 3469 3146 3540 patriarcha
3178 3487 3313 3527 vero
3345 3475 3753 3545 omophorium

2105 3555 2363 3626 deponit,
2413 3558 2742 3612 sacerdotes
2799 3563 3114 3629 postquam
3172 3575 3463 3630 accepere,
3516 3563 3752 3620 abeunt.

2104 3644 2327 3700 Interea
2357 3645 2500 3698 dum
2553 3660 2767 3700 mensas
2799 3645 3120 3715 imperator
3151 3651 3207 3702 et
3238 3649 3568 3717 patriarcha
3605 3652 3753 3707 assi-

2105 3734 2265 3803 dent,
2296 3733 2410 3788 duo
2441 3733 2784 3788 cubicularii
2815 3736 3153 3791 cucumaria
3185 3737 3458 3806 afferunt,
3482 3755 3546 3794 ac
3575 3741 3756 3798 semel

2106 3821 2338 3890 bibunt,
2364 3821 2592 3888 deinde,
2614 3820 2817 3876 amicis
2839 3821 3136 3893 ingressis,
3163 3825 3356 3880 omnis
3383 3843 3593 3884 mensm
3616 3830 3754 3885 ordo

2107 3910 2438 3982 peragitur:
2463 3914 2773 3981 postquam
2793 3927 2925 3966 vero
2949 3928 3250 3968 surrexere
3270 3916 3440 3970 amici
3466 3922 3520 3971 et
3537 3919 3760 3988 egressi

2106 4004 2267 4070 sunt,
2293 3999 2610 4068 imperator
2633 4004 2689 4055 et
2712 3999 3044 4072 patriarcha
3069 4010 3392 4072 remanent,
3412 4006 3761 4065 cubicularii

2106 4106 2315 4147 rursus
2349 4089 2686 4146 cucumaria
2719 4090 2990 4159 afferunt,
3023 4095 3080 4146 et
3113 4101 3422 4166 postquam
3457 4097 3648 4152 adhuc
3673 4115 3758 4153 se-

2105 4179 2220 4236 mel
2253 4184 2455 4252 potum
2489 4196 2808 4252 sumpsere,
2840 4185 3108 4253 surgunt,
3133 4188 3190 4238 et
3221 4185 3550 4255 patriarcha
3587 4188 3758 4258 paulo

2104 4274 2239 4325 ante
2262 4285 2554 4342 egressus,
2573 4269 3002 4341 omophorium,
3019 4270 3333 4342 imperator
3354 4291 3557 4347 sagum
3583 4293 3757 4333 suum

2105 4359 2319 4429 induit,
2353 4359 2627 4430 dictaque
2646 4359 2926 4428 oratione,
2955 4361 3284 4430 patriarcha
3306 4362 3644 4436 imperatori
3667 4365 3762 4422 be-

2107 4448 2504 4504 nedictionem
2531 4447 2652 4517 dat,
2675 4449 3002 4504 sacerdotes
3032 4449 3264 4506 abeunt.
3290 4451 3604 4525 Postquam
3627 4470 3760 4511 vero

345 4539 409 4592 τὰ
438 4538 841 4610 κουκουμάρια,
864 4537 954 4592 καὶ
984 4537 1204 4598 πιόντες
1234 4534 1400 4591 πάλιν
1433 4537 1568 4611 πρὸς
1601 4532 1737 4606 ἅπαξ
1758 4536 2004 4591 ἀνίσταν-

2113 4537 2302 4593 adhuc
2334 4535 2968 4609 paulisperimperator
3000 4545 3054 4594 et
3086 4540 3762 4608 patriarcbaconvcrsati

345 4649 455 4697 ται,
487 4627 580 4682 καὶ
613 4629 641 4682 6
676 4627 770 4700 μὲν
804 4626 1154 4705 πατριάρχης
1201 4627 1392 4701 μικρὸν
1439 4625 1761 4696 ὑπεξελθὼν,
1809 4624 2006 4702 βάλλει

349 4718 441 4773 τὸν
477 4717 800 4790 ὠμοοόριον
832 4714 1018 4784 αὒτοῦ,
1053 4717 1080 4770 6
1121 4713 1177 4771 δὲ
1211 4714 1469 4791 βασιλεὺς
1509 4717 1570 4771 τὸ
1603 4736 1785 4790 σαγιον
1819 4713 2008 4785 αὔτοῦ,

353 4807 442 4861 καὶ
476 4807 723 4867 εἰπόντες
772 4805 864 4860 τὸν
907 4805 1117 4879 στίχον,
1149 4802 1438 4859 ἐπιδίδωσι
1479 4809 1557 4876 τῷ
1608 4805 1823 4880 βασιλεῖ
1848 4807 1876 4860 6
1905 4826 2012 4860 πα-

350 4898 626 4972 τριάρχης
675 4894 953 4971 εὐλογίας,
1013 4893 1100 4948 καὶ
1154 4893 1464 4970 ἐξέρχονται
1523 4895 1573 4948 οἱ
1632 4895 1814 4970 ἱερεῖς.
1874 4897 2012 4960 Καθ-

348 4983 526 5054 έζεται
586 4983 642 5039 δὶ
692 4983 723 5039 ὅ
772 5004 830 5038 τε
891 4981 1147 5058 βασιλεὺς
1195 4982 1286 5036 καὶ
1336 4983 1364 5036 6
1395 4983 1742 5057 πατριάρχης
1792 4985 2010 5058 μικρὸν,

2118 4632 2278 4694 sunt,
2313 4631 2446 4698 post
2483 4624 2878 4680 adorationem
2930 4631 2987 4680 et
3032 4627 3446 4688 salutationem
3495 4643 3761 4690 mutuam

2118 4715 2516 4788 egrediuntur,
2541 4717 2600 4769 et
2629 4713 3020 4784 patriarcham
3046 4716 3278 4787 quidem
3312 4721 3564 4792 praefecti
3595 4723 3763 4779 cubi-

2119 4807 2235 4862 culi
2265 4805 2337 4861 ad
2370 4804 2685 4874 cochleam,
2727 4803 2864 4860 inde
2895 4805 3208 4863 silentiarii
3237 4809 3305 4863 ad
3341 4811 3610 4867 inferiora
3629 4829 3764 4868 con-

2120 4897 2357 4963 ducunt,
2389 4893 2706 4966 imperator
2735 4910 2890 4967 vero,
2916 4897 3173 4968 quandiu
3205 4898 3366 4971 cupit
3394 4903 3452 4956 et
3478 4899 3654 4970 lubet,
3678 4901 3760 4957 ibi

2120 4987 2444 5058 permanet.

345 5075 670 5151 ὁμιλοῦντες
728 5076 864 5150 πρὸς
916 5071 1224 5147 ἀλλήλους,
1285 5074 1396 5130 εἶτα
1449 5075 1915 5150 προσκυνήσαντες
1971 5074 2256 5147 ἀλλήλους
2310 5074 2399 5129 καὶ
2455 5073 2847 5149 ἀσπασάμενοι,
2895 5073 3231 5154 ἐξέρχονται,
3287 5074 3377 5128 καὶ
3427 5076 3455 5130 ὁ
3507 5077 3602 5150 μὶν
3656 5097 3764 5135 πα-

1719 5193 1961 5250 VARle
2002 5193 2305 5251 LECTION
2313 5193 2415 5250 ES.

414 5311 464 5346 9°
494 5313 601 5370 Pro
632 5310 900 5390 ἄρχοντες
933 5343 1000 5354 -
1031 5309 1197 5366 αὐτοῦ
1229 5311 1304 5369 Β(
1323 5312 1471 5382 conj.
1517 5308 1646 5384 ἅρχ.
1683 5309 1900 5365 ἀπίασιν
1937 5306 2164 5374 ἕκαστος
2196 5311 2246 5365 ἐν
2287 5313 2366 5382 τῷ
2399 5307 2533 5382 οἷ’κῳ
2562 5309 2749 5369 αὐτοῦ.

1394 5425 1595 5484 JOAN.
1635 5429 1778 5483 JAC.
1832 5427 2094 5486 REISKII
2132 5426 2715 5486 COMMENTARIUS.

413 5537 525 5609 (l3)
584 5535 780 5610 Quale,
821 5537 1133 5610 discrimen
1183 5537 1258 5592 sit
1305 5535 1457 5592 inter
1493 5535 1616 5592 vela
1664 5539 1721 5593 et
1769 5537 2048 5606 cortinas,
2090 5538 2356 5610 equidem
2408 5553 2520 5592 non
2556 5534 2840 5606 intelligo.
2874 5538 3000 5592 Non
3032 5529 3189 5589 enim
3224 5524 3492 5586 videntur
3524 5533 3615 5592 hic
3655 5534 3772 5594 loci

348 5608 586 5669 cortinae
611 5609 734 5666 vela
769 5608 827 5665 in
855 5608 1123 5666 fenestris
1154 5624 1439 5680 suspensa
1468 5624 1616 5666 esse.
