4152 6302
421 440 537 500 393
1507 421 2037 486 CONSTANTINI
2081 421 2773 484 PORPHYROGENITI
3706 423 3828 484 396

424 573 636 646 politae,
685 565 1120 638 archiepiscopi,
1152 561 1426 636 episcopi,
1461 561 1558 632 qui
1590 560 1734 616 forte
1778 575 1844 616 eo
1875 557 1964 614 die
1993 558 2054 613 in

2187 557 2594 632 πυναπὲργονται
2644 553 2702 610 δὲ
2761 555 2910 628 αὐτῷ
2978 553 3410 630 μητροπολῖται,
3469 555 3827 630 ἆρχιεπίσκοο

425 643 569 718 urbe
599 663 927 722 versantur,
959 652 1152 710 clerici
1183 665 1413 724 quoque
1444 653 1670 720 Magnes
1711 648 1978 705 Ecclesiae
2008 651 2065 704 et

2185 667 2268 702 ποι
2305 647 2395 702 καὶ
2427 647 2740 716 ἐπίσκοποι,
2773 645 2892 702 ὅσοι
2926 643 2972 702 δ’
3001 645 3062 702 ἂν
3111 645 3355 722 τύχωσιν
3398 644 3546 708 ὅντες
3574 651 3644 720 τῇ
3689 645 3825 720 αὐτῇ

425 749 774 820 templorum
807 744 1297 808 suburbanorum,
1326 745 1384 795 et
1414 739 1750 810 quicunque
1771 738 1949 793 vitam
1977 753 2065 793 so-

2193 734 2354 810 ίιμὲρᾳ
2395 736 2446 790 ἐν
2477 740 2546 810 τῇ
2579 735 2762 793 πόλει.
2803 735 3019 810 ὁμοίως
3059 735 3150 790 καὶ
3199 736 3252 790 οἱ
3299 732 3556 810 κλῃρικοὶ
3586 741 3687 804 τῆς
3719 736 3833 792 Me-

425 838 678 894 litariam
711 837 770 890 in
813 832 1082 889 omnibus
1126 828 1497 884 monasteriis
1547 844 1648 899 per
1698 828 1847 882 hanc
1875 843 1908 881 a
1955 829 2064 882 Deo

2190 822 2352 900 τάλης
2412 823 2741 895 Ἐκκλησίας
2781 825 2872 879 καὶ
2919 825 2970 878 οἱ
3016 828 3124 880 τῶν
3187 820 3288 894 ἔξω
3337 823 3647 895 ἐκκλησιῶν
3695 825 3830 896 (21),

429 925 776 982 custoditum
811 921 1015 976 urbem
1047 921 1245 988 agunt,
1277 918 1498 972 abeunt
1527 921 1582 971 et
1628 915 1914 986 hymnum
1957 931 2068 970 no—

2185 918 2263 971 m':
2294 916 2411 971 ὅσοι
2454 913 2500 971 δ’
2540 915 2600 970 ἂν
2633 915 2685 970 ἐν
2717 921 2850 972 πᾶσι
2879 921 2998 980 τοῖς
3033 915 3420 992 μοιαστηρίοις
3465 917 3558 972 τὸν
3611 918 3825 988 μονήρη

429 1021 520 1070 ctu
532 1027 702 1068 rnum
733 1011 792 1064 in
813 1006 1032 1079 templo
1053 1006 1380 1062 venerando
1400 1006 1665 1060 recitant.
1692 1008 1931 1060 Postera
1952 1003 2064 1069 die,

2189 1007 2297 1063 Ξιον
2355 1007 2605 1061 ἀσκοῦσιν
2645 1004 2699 1062 ἐν
2748 1006 2916 1082 ταύτῃ
2965 1011 3035 1080 τῇ
3087 1005 3442 1084 θεοφυλάκτῳ
3505 1004 3692 1075 πόλει,
3740 1005 3829 1060 καὶ

429 1118 556 1173 qua;
588 1097 891 1154 Dominica
911 1101 1018 1164 est,
1040 1093 1371 1168 patriarcha
1391 1110 1524 1149 cum
1547 1093 1720 1148 dictis
1741 1093 2017 1148 omnibus
2037 1107 2068 1147 e

2193 1093 2486 1163 εκτελοῦσιν
2548 1097 2778 1156 ἅπαντες
2826 1094 3128 1170 παννύχιον
3186 1095 3357 1169 ὕμνον
3417 1093 3472 1150 ἐν
3527 1098 3606 1166 τῷ
3656 1097 3833 1166 σεπτῷ

426 1191 645 1262 templo
666 1205 800 1244 cum
833 1185 1079 1243 solemni
1102 1201 1312 1256 pompa
1335 1199 1436 1256 per
1456 1183 1743 1255 porticum
1775 1181 2066 1253 publicam

2192 1177 2310 1256 ραῷ.
2353 1187 2435 1258 Τῇ
2481 1182 2537 1240 δὲ
2581 1185 2726 1258 ἑξῆς,
2771 1185 2894 1254 ἥτις
2942 1183 3053 1240 ἐστὶ
3095 1184 3257 1260 κυρία
3302 1189 3412 1240 τῶν
3461 1186 3703 1259 ἡμερῶν,
3747 1181 3832 1252 ἐξ·

431 1277 793 1352 progreditur
815 1295 828 1345 ;
849 1276 1164 1347 imperator
1192 1291 1343 1343 vero,
1367 1290 1398 1330 e
1429 1272 1640 1344 palatio
1661 1289 1950 1345 egressus,
1975 1289 2067 1329 sa-

2188 1270 2397 1350 ἔρχεται
2479 1274 2506 1328 6
2584 1275 2935 1352 πατριάρχης
3025 1273 3160 1346 μετᾶ
3225 1277 3334 1328 τῶν
3408 1272 3828 1349 προρρηθέντων

431 1385 570 1441 gum
606 1368 818 1431 ferens,
850 1381 952 1436 per
982 1371 1204 1434 portam
1235 1361 1574 1433 spatharicii
1621 1362 1855 1431 transit,
1888 1361 2068 1432 stipa-

2189 1363 2429 1417 ὶπάντων
2463 1360 2523 1417 ἰκ
2560 1367 2658 1417 τοῦ
2693 1367 2821 1417 ναοῦ
2857 1364 2990 1435 μετᾶ
3017 1371 3117 1432 τῆς
3168 1361 3350 1430 λιτῆς,
3383 1364 3473 1418 καὶ
3516 1359 3829 1436 διέρχονται

428 1462 643 1527 tusque
657 1451 1262 1523 acubiculariis,sagis
1279 1450 1403 1506 suis
1419 1450 1774 1522 vestitis,per
1792 1466 2068 1521 magnan-

2188 1446 2271 1504 διὰ
2297 1454 2394 1504 τοῦ
2451 1447 2724 1524 δημοσίου
2781 1445 3047 1523 ἐμϐόλου.
3079 1452 3142 1508 Ὀ
3183 1448 3241 1506 δὶ
3290 1450 3550 1526 βασιλεὺς
3597 1449 3828 1521 ἐξελθὼν

429 1561 552 1601 ram
584 1549 640 1598 et
669 1541 955 1598 transitus
1004 1541 1132 1610 ejus
1181 1539 1510 1610 superiores
1559 1555 1774 1610 perque
1818 1540 2069 1610 ligneam

2189 1539 2288 1594 Ξιπὸ
2316 1539 2414 1594 τοῦ
2446 1539 2739 1610 παλατὶου,
2779 1545 2963 1614 φορῶν
2997 1539 3202 1616 σαγίον,
3246 1537 3334 1594 διὰ
3364 1547 3464 1610 τῆς
3514 1539 3697 1611 πύλης
3734 1535 3829 1594 τοῦ

429 1633 646 1689 scalam
680 1635 900 1702 Magnae
933 1628 1200 1684 Ecclesiae
1231 1627 1648 1684 catechumena
1679 1629 1881 1695 intrat,
1903 1633 1961 1682 et
1992 1628 2069 1684 ibi

2197 1628 2568 1702 τπαθαρικίου,
2617 1628 2709 1684 καὶ
2758 1626 3187 1705 δηριγευόμενος
3226 1630 3329 1684 ὑπό
3383 1650 3441 1685 τε
3490 1634 3600 1684 τῶν
3645 1629 3693 1665 ⁹⁹
3739 1631 3837 1683 τοῦ

430 1739 560 1777 cum
593 1721 774 1776 cereis
806 1718 1066 1774 accensis
1089 1724 1375 1789 precatus,
1401 1724 1526 1772 tum
1562 1718 1706 1788 ipse,
1733 1722 1857 1772 tum
1880 1717 2070 1772 caeteri

2195 1713 2583 1773 κουϐουκλείου
2643 1719 2958 1794 φορούντων
3019 1720 3085 1773 τὰ
3125 1720 3286 1794 σαγία
3331 1717 3528 1788 αὐτῶν,
3560 1715 3835 1792 διέρχεται

431 1825 658 1875 omnes,
677 1809 988 1863 secundum
1014 1805 1274 1862 ordinem
1299 1806 1816 1874 suum,mutatoria
1830 1805 1961 1861 alba
1983 1805 2071 1860 in-

2197 1804 2272 1861 ita
2313 1813 2414 1875 τῆς
2487 1807 2795 1880 μανναύρας
2844 1807 2937 1861 καὶ
2977 1812 3087 1862 τῶν
3139 1803 3469 1862 διαϐατικῶν
3519 1805 3687 1875 αὐτῆς
3730 1810 3837 1862 τῶν

432 1900 639 1954 duunt.
673 1896 1050 1953 Processione
1081 1898 1604 1968 appmpinquante,
1638 1894 1937 1950 silentium
1973 1896 2072 1950 da-

2197 1895 2497 1969 ἰνωτὲρων,
2549 1897 2641 1950 καὶ
2709 1893 2798 1950 διὰ
2852 1903 2952 1966 τῆς
3005 1895 3225 1967 ξυλίνης
3275 1895 3477 1959 σκάλας
3535 1895 3837 1971 είσὲργεται

434 1999 550 2057 tur,
589 1988 691 2042 98
742 1987 1061 2058 imperator
1089 2001 1157 2040 ex
1189 1986 1491 2040 metatorio
1520 1983 2074 2040 catechumenorum

2197 1983 2240 2039 ’ἐν
2269 1989 2385 2046 τοῖς
2417 1984 2882 2059 γατηχουμενίοις
2926 1992 3028 2054 τῆς
3073 1986 3332 2060 Μεγάλης
3362 1984 3716 2057 Ἐκκλησίας,
3746 1983 3837 2039 καὶ

437 2077 716 2151 procedit,
749 2093 919 2148 quem
955 2073 1181 2146 patricii
1231 2091 1346 2129 una
1393 2090 1525 2130 cum
1574 2075 1839 2130 universo
1870 2077 2077 2129 senatu

2198 2072 2444 2130 ἱῖσιλθὼν
2501 2075 2529 2128 6
2589 2072 2848 2148 βασιλεὺς
2907 2072 2959 2128 ἐν
3027 2079 3144 2135 τοῖς
3207 2075 3676 2150 κατηχούμενίοις
3745 2073 3838 2128 καὶ

438 2167 499 2222 in
534 2181 745 2238 magno
775 2164 1031 2220 triclinio
1064 2163 1269 2218 secreti
1301 2163 1618 2234 excipiunt,
1651 2170 1706 2218 et
1749 2162 2077 2233 procidunt.

2201 2162 2503 2234 εὐξάμενος,
2537 2163 2720 2217 ἅπτων
2775 2163 3002 2236 κηροὺς,
3060 2161 3419 2235 ὑπαλλάσσει,
3453 2163 3712 2224 ὡσαύτως
3749 2162 3841 2217 καὶ

440 2256 656 2312 Deinde
689 2255 1058 2326 praepositus,
1092 2253 1260 2325 signo
1291 2253 1364 2309 ab
1397 2253 1749 2325 imperatore
1778 2253 1938 2323 dato,
1959 2269 2080 2308 ma-

2201 2252 2382 2313 πάντες
2421 2251 2486 2305 τὰ
2522 2251 2658 2306 κατὰ
2712 2251 2812 2320 τὴν
2871 2249 3012 2305 ἰδίαν
3057 2252 3225 2321 τάξιν,
3261 2250 3610 2325 ἀλλαξίματα
3665 2251 3841 2307 αὐτῶν

440 2345 621 2418 gistro
653 2343 1103 2400 cerimoniarum
1135 2343 1363 2413 annuit,
1388 2344 1486 2414 qui
1513 2345 1688 2398 dicit:
1723 2365 1752 2393 «
1783 2344 1987 2399 Jubete
2011 2363 2027 2410 ;
2055 2364 2080 2393 »ι

2205 2341 2262 2395 τὰ
2301 2338 2498 2412 ἅσπρα.
2533 2341 2651 2408 Τῆς
2691 2338 2749 2394 δὲ
2797 2339 2956 2409 λιτῆς
3016 2338 3369 2416 ἑγγιζούσης,
3402 2337 3612 2395 δίδοται
3662 2339 3845 2396 σιλὲν-

443 2434 556 2506 ipsi
588 2452 600 2490 :
637 2456 664 2484 «
698 2433 762 2488 1n
797 2433 979 2488 multa
1011 2432 1280 2502 bonaque
1309 2436 1594 2503 tempora,
1628 2455 1656 2482 «
1691 2433 2037 2488 acclamant.

2210 2449 2332 2499 τιον,
2359 2427 2450 2483 καὶ
2506 2427 2781 2502 ἐξέρχεται
2841 2429 2869 2482 6
2922 2427 3178 2504 βασιλεὺς
3229 2428 3289 2484 ἐκ
3341 2433 3438 2483 τοῦ
3500 2429 3850 2503 μητατωρίου

441 2525 548 2575 τῶν
586 2519 1062 2594 κατηχουμενίων,
1095 2518 1185 2574 καὶ
1236 2515 1487 2592 δέχονται
1551 2519 1712 2573 αὐτὸν
1753 2519 1805 2573 οἱ
1863 2520 2139 2594 πατρίκιοι
2200 2516 2252 2572 ἐν
2308 2521 2387 2588 τῷ
2430 2513 2655 2592 μεγάλῳ
2701 2517 2967 2592 τρικλίνῳ
3023 2521 3120 2584 τοῦ
3172 2515 3424 2591 σεκρὲτου
3485 2517 3620 2591 μετᾶ
3674 2518 3851 2587 πάση>

441 2618 540 2678 τῆς
596 2608 905 2685 συγκλήτου
946 2611 1035 2664 καὶ
1101 2609 1412 2664 πίπτουσιν.
1449 2609 1582 2665 Εἶτα
1638 2603 1821 2664 λαϐὼν
1868 2613 2042 2681 νεῦμα
2107 2609 2134 2662 6
2193 2607 2552 2682 πραιπόσιτος
2616 2606 2764 2681 παρᾶ
2837 2611 2934 2662 τοῦ
3001 2607 3294 2681 βασιλέως,
3353 2605 3544 2662 δίδωσι
3603 2613 3683 2680 τῷ
3755 2610 3855 2672 τῆς

442 2698 818 2760 καταστάσεως
875 2697 963 2752 καὶ
1015 2697 1158 2772 λέγει
1185 2715 1197 2728 ⁸
1242 2722 1270 2750 ιι
1313 2694 1617 2753 Κελεύσατε
1641 2715 1653 2728 ⁸
1686 2721 1714 2748 ››
1746 2697 1835 2752 καὶ
1865 2696 2021 2752 αὐτοὶ
2066 2695 2457 2774 ὑπερεύχονται
2482 2711 2496 2724 °
2544 2718 2566 2748 ι
2601 2694 2694 2757 Εἷς
2727 2694 2973 2758 πολλοὺς
3013 2697 3104 2751 καὶ
3134 2697 3367 2771 ἀγαθοὺς
3403 2697 3660 2771 χρόνους.
3695 2720 3723 2747 ››

515 2791 586 2846 ΙΙ.
604 2789 698 2845 Sic
724 2789 798 2845 ab
821 2789 1092 2845 omnibus
1116 2804 1310 2844 cereos
1335 2805 1468 2844 cum
1495 2787 1706 2860 phialis
1723 2788 2094 2861 gestantibus

2277 2786 2349 2841 θ’.
2401 2784 2658 2849 Κάκεῖθεν
2711 2781 3140 2862 δηριγευόμενος
3187 2787 3215 2841 6
3258 2785 3512 2861 βασιλεὺς
3573 2787 3676 2842 ὑπὸ
3724 2785 3845 2840 πάν-

449 2881 699 2950 stipatus
730 2883 785 2935 et
817 2895 919 2950 per
951 2893 1219 2948 magnam
1251 2877 1546 2932 cochleam
1579 2886 1636 2932 et
1683 2878 2089 2945 didascalium,

2219 2895 2310 2930 των
2375 2873 2747 2948 βασταζόντων
2809 2875 2975 2950 κηρία
3028 2874 3331 2950 ὑποφίολα,
3385 2875 3712 2953 κατέρχεται
3771 2872 3859 2930 δια

448 2968 548 3023 ubi
579 2966 720 3037 cycli
772 2965 1076 3038 paschales
1126 2965 1582 3035 constituuntur,
1617 2983 1828 3038 perque
1874 2966 2088 3024 scalam

2224 2967 2300 3017 τοῦ
2335 2961 2583 3038 μεγάλου
2625 2961 2864 3038 κοχλιοῦ
2913 2964 3004 3017 καὶ
3055 2962 3145 3018 διὰ
3173 2968 3270 3018 τοῦ
3304 2961 3710 3033 διδασκαλείου,
3742 2959 3864 3028 ἔνθα

448 3056 769 3126 digressus,
805 3070 1073 3125 magnam
1125 3054 1454 3109 narthecem
1491 3071 1603 3110 non
1656 3055 1854 3123 intrat,
1887 3055 1988 3110 sed
2021 3054 2088 3110 ad

2223 3052 2270 3106 τὰ
2310 3053 2613 3126 πασχάΛια,
2654 3052 2742 3106 καὶ
2791 3051 3069 3108 κατελθὼν
3127 3054 3194 3108 τὰ
3241 3050 3542 3128 γραδήλια,
3596 3053 3700 3109 οὐκ
3748 3050 3863 3108 τίσ-

447 3145 650 3198 laevam
679 3159 857 3212 supra
881 3147 1164 3196 metatum
1185 3159 1218 3196 a
1241 3141 1467 3210 trigono
1489 3144 1796 3199 divertitur
1820 3161 1832 3198 :
1856 3144 2087 3200 cerimo-

2219 3139 2425 3214 ἔρχεται
2473 3138 2524 3194 ἓν
2567 3141 2646 3212 τῷ
2682 3140 2909 3213 μεγᾶλῳ
2950 3141 3204 3214 νάρθηκι,
3247 3140 3373 3197 ἄλλ’
3431 3141 3682 3205 ἐκνεύσας
3739 3142 3859 3215 ἀρι-

450 3231 674 3287 niarius
721 3247 856 3286 vero
903 3231 974 3285 ad
1022 3229 1210 3285 scalas
1239 3230 1568 3287 constituus
1615 3233 1698 3287 ait
1743 3249 1755 3286 :
1804 3255 1831 3282 ‹‹
1863 3233 2090 3303 Caplate

2213 3231 2392 3305 πτερὸν
2427 3229 2516 3285 ἐπὶ
2562 3231 2625 3285 τὸ
2678 3231 2924 3304 μητάτον
2974 3232 3080 3286 ὰπὸ
3123 3232 3219 3288 τοῦ
3274 3234 3570 3310 τριγώνου,
3604 3230 3778 3308 Αέγων
3825 3233 3853 3287 6

451 3318 749 3384 Domini,»
775 3335 992 3390 perque
1013 3318 1227 3374 scalam
1253 3319 1472 3392 athyris
1493 3321 1798 3377 descendit
1819 3325 1994 3392 atque
2017 3321 2091 3377 ibi

2209 3327 2302 3390 τῆς
2334 3322 2711 3383 καταστάσεως
2736 3323 2872 3376 κατὰ
2913 3321 3134 3397 βάθρον·
3173 3346 3194 3374 ι
3247 3320 3526 3390 Καπλάτε,
3560 3323 3788 3394 Δόμηνι·
3827 3347 3849 3375 ι

451 3409 883 3481 processionem
908 3408 1137 3480 excipit.
1163 3409 1433 3466 Accensis
1459 3415 1654 3466 autem
1678 3411 1880 3476 cereis,
1903 3428 2091 3483 preca-

2213 3409 2295 3464 καὶ
2342 3408 2660 3484 κατέρχεται
2710 3409 2775 3464 τὰ
2802 3407 3078 3486 γραδήλια
3115 3414 3211 3466 τοῦ
3249 3410 3442 3485 ἀθύρα,
3500 3412 3591 3466 καὶ
3631 3409 3853 3486 δέχεται

451 3506 544 3555 tur
574 3502 629 3554 et
655 3500 1050 3555 venerandam
1085 3516 1316 3555 crucem
1349 3503 1406 3556 et
1434 3516 1668 3556 sacrum
1721 3500 2091 3571 Evangelium

2209 3500 2380 3556 ἐκεῖσε
2425 3499 2525 3567 τὴν
2575 3499 2757 3568 λιτήν.
2809 3500 2987 3573 ’Δψας
3034 3497 3091 3553 δὶ
3144 3500 3348 3575 κηροὺς
3397 3500 3488 3554 καὶ
3538 3499 3849 3573 εὐξάμενος,

451 3589 666 3655 adorat,
695 3588 1081 3659 patriarcham
1107 3587 1322 3644 salutat
1343 3592 1398 3644 et
1419 3593 1551 3645 ante
1582 3589 1901 3646 solemnem
1931 3606 2091 3662 pom-

2214 3593 2502 3662 προσκυνεί
2583 3589 2674 3642 τὸν
2742 3587 2928 3660 τίμιον
3002 3589 3227 3662 σταυρὸν
3300 3589 3391 3643 καὶ
3461 3589 3524 3644 τὸ
3581 3589 3854 3664 ἄχραντον

453 3693 585 3747 pam
633 3678 909 3749 procedit.
956 3677 1404 3733 Ccrimoniarius
1451 3679 1771 3750 troparium
1823 3696 1836 3734 :
1887 3701 1915 3730 «
1962 3679 2093 3735 Veri

2223 3674 2569 3750 ἓῦαγγὲλιον,
2621 3676 2878 3738 ὡσαύτως
2929 3675 3019 3730 καὶ
3080 3675 3374 3747 ἀσπάζεται
3444 3679 3534 3732 τὸν
3599 3677 3863 3752 πατριάρο

458 3765 653 3821 cultus
682 3767 1082 3838 imaginum,»
1107 3766 1350 3836 orditur,
1373 3768 1529 3838 quod
1551 3784 1756 3824 omnes
1787 3769 2096 3839 proceden-

2213 3769 2453 3844 χην,καὶ
2504 3764 2781 3842 διέρχεται
2830 3763 3133 3842 ἔμπροσθεν
3184 3775 3286 3838 τῆς
3329 3767 3512 3838 λιτῆς.
3545 3770 3606 3826 ⁸0
3655 3767 3711 3824 δὲ
3748 3774 3853 3839 τῆς

459 3859 548 3910 tes
570 3861 802 3910 canunt.
824 3856 1139 3925 Imperator
1163 3854 1400 3924 interea,
1421 3856 1755 3913 narthecem
1779 3857 2094 3928 ingressus,

2217 3855 2578 3912 καταστάσεως
2630 3855 2854 3931 ἄρχεται
2893 3855 2956 3911 τὸ
2994 3854 3313 3932 τροπάριον,
3339 3881 3365 3908 α
3407 3858 3523 3926 Τὴν
3552 3861 3659 3913 τῶν
3706 3855 3857 3928 ἅλη-

458 3945 615 4000 sedet
646 3953 699 3999 et
721 3945 1008 4015 tantisper
1038 3945 1174 3999 dum
1205 3944 1531 4015 patriarcha
1561 3961 1693 4000 cum
1728 3947 2097 4017 processione

2207 3952 2366 4010 θινῶν
2398 3945 2709 4022 δογμάτων,
2743 3947 2863 4001 »τὸ
2913 3946 3042 4001 αὐτὸ
3095 3945 3424 4020 ψαλλόντων
3482 3947 3572 4002 καὶ
3630 3967 3847 4002 παντων

456 4033 634 4099 venit,
667 4037 983 4104 exspectat.
1011 4031 1325 4102 Postquam
1348 4048 1478 4088 vero
1502 4032 1553 4086 is
1574 4049 1706 4088 cum
1732 4037 2096 4104 processione

2209 4043 2303 4105 τῆς
2347 4034 2742 4111 προελεύσεως.
2791 4037 2850 4093 Ὁ
2912 4033 2969 4090 δὲ
3028 4035 3306 4109 βασιλεὺς,
3357 4035 3615 4091 εἰσελθὼν
3663 4035 3714 4090 ἐν
3765 4039 3849 4108 τῷ

457 4120 709 4187 advenit,
738 4120 946 4192 surgit,
979 4125 1035 4176 et
1065 4130 1308 4190 uterque
1339 4119 1412 4173 ad
1443 4119 1632 4190 regias
1663 4130 1858 4191 portas
1903 4123 2092 4178 subsi-

2219 4127 2455 4199 νάρθηκι,
2496 4124 2800 4195 καθέζεται,
2841 4124 3038 4200 μέχρις
3085 4123 3145 4179 ἂν
3191 4120 3472 4199 καταλάϐῃ
3509 4126 3537 4179 6
3585 4123 3859 4202 πατριάρ-

457 4215 638 4276 stunt,
666 4209 764 4264 ubi
785 4212 1096 4278 imperator
1118 4209 1356 4278 quidem
1388 4223 1522 4263 cum
1557 4209 1738 4264 cereis
1759 4210 2096 4268 ardentibus

2215 4234 2316 4288 χης
2378 4213 2512 4286 μετᾶ
2565 4220 2664 4282 τῆς
2730 4212 2906 4283 λιτῆς.
2941 4211 3048 4272 Καὶ
3077 4218 3174 4270 τοῦ
3221 4217 3568 4290 πατριάρχου
3614 4212 3855 4271 καταλα-

457 4303 740 4367 precatur,
760 4297 1090 4367 patriarcha
1107 4301 1298 4352 autem
1316 4312 1516 4368 preces
1536 4297 2094 4372 iutroitusinstituit,

2221 4299 2418 4368 ἲόντος,
2476 4302 2753 4358 ἀνίσταται
2810 4305 2838 4358 6
2901 4303 3177 4379 βασιλεὺς,
3241 4304 3331 4359 καὶ
3375 4303 3621 4360 ἵστανται
3673 4305 3861 4381 ἀμφό-

453 4386 784 4455 imperator,
817 4384 1001 4439 finitis
1052 4385 1345 4455 precibus,
1387 4401 1583 4442 cereos
1631 4388 1959 4459 praeposito,
2002 4389 2093 4444 hic

2216 4413 2352 4468 περοι
2400 4386 2703 4466 ἔμπροσθεν
2753 4397 2861 4447 τῶν
2914 4391 3213 4468 βασιλικῶν
3263 4399 3479 4464 πυλῶν,
3536 4395 3627 4449 καὶ
3675 4395 3703 4448 6
3754 4392 3856 4466 μὲν

453 4476 904 4533 cerimoniarum
921 4476 1427 4548 magistro,tradit.
1443 4479 1776 4535 Patriarcha
1789 4489 2092 4553 postquam

2218 4481 2461 4543 Ξασιλεὺς
2522 4483 2660 4555 ἅψας
2711 4481 2916 4555 κηροῦς
2985 4479 3230 4557 εὔχεται,
3290 4484 3318 4537 6
3375 4479 3433 4538 δὲ
3502 4481 3858 4560 πατριάρχης

453 4566 630 4620 ritum
677 4565 953 4622 introitus
998 4567 1342 4634 celebravit,
1392 4573 1447 4624 et
1497 4568 1816 4640 imperator
1862 4587 2090 4627 sacrum

2216 4570 2349 4627 ιελεῖ
2374 4572 2473 4640 τήν
2525 4571 2698 4646 εὐχὴν
2730 4577 2828 4640 τῆς
2856 4567 3092 4642 εἰσόδου,
3134 4571 3226 4626 καὶ
3286 4570 3574 4645 εὐξάμενος
3623 4572 3651 4626 6
3698 4571 3856 4644 βασι-

453 4653 824 4724 Evangelium
859 4655 1138 4725 adoravit,
1173 4656 1477 4726 prehensis
1508 4657 1756 4713 invicem
1790 4660 2086 4728 manibus,

2217 4660 2323 4723 ts‘o:
2381 4656 2667 4715 ἐπιδίδωσι
2722 4660 2788 4714 τὰ
2843 4659 3008 4733 κηρία
3053 4664 3134 4732 τῷ
3189 4662 3555 4734 πραιποσίτῳ,
3604 4660 3857 4723 κάκεῖνος

453 4760 555 4814 per
586 4743 840 4798 medium
865 4745 1065 4816 templi
1089 4749 1414 4811 transeunt,
1445 4762 1662 4818 perque
1691 4747 2091 4819 obliquitatem

2215 4756 2278 4824 τῷ
2304 4757 2406 4821 τῆς
2437 4749 2834 4812 καταστάσεως.
2877 4751 2990 4805 Τοῦ
3038 4746 3095 4804 δὲ
3136 4752 3481 4826 πατριάρχου
3528 4751 3628 4818 τήν
3679 4749 3855 4825 εὐχήν

451 4831 719 4888 ambonis
743 4831 959 4888 soleam
993 4833 1231 4900 intrant,
1278 4837 1573 4906 sacrisque
1597 4837 1798 4906 januis
1844 4844 2041 4895 astant
2072 4855 2086 4894 :

2215 4841 2518 4903 εελέσαντος
2582 4839 2672 4894 καὶ
2743 4840 3218 4913 προσκυνήσαντος
3290 4843 3388 4894 τοῦ
3463 4839 3732 4914 βασιλέως
3787 4841 3855 4896 τὸ

455 4923 548 4976 ubi
575 4937 705 4977 cum
731 4922 912 4977 cereis
944 4923 1256 4993 imperator
1279 4929 1564 4995 precatur,
1591 4927 1800 4983 deinde
1820 4943 1919 4984 eos
1942 4946 2087 5002 prm-

2211 4928 2465 5006 ἵχραντον
2525 4926 2883 5003 Εὗαγγὲλιον,
2939 4929 3302 5004 κρατήσαντες
3366 4926 3636 4999 ἀλλήλων
3680 4933 3695 4966 ¹
3749 4929 3851 4992 τὰς

449 5011 638 5082 posito
672 5009 880 5066 reddit.
913 5011 982 5066 Et
1010 5021 1313 5083 postquam
1341 5012 1466 5082 ipse
1487 5019 1545 5068 et
1566 5017 1890 5085 patriarcha
1920 5035 1977 5073 se
2000 5019 2087 5074 in-

2212 5025 2408 5094 (εἴρας,
2433 5015 2742 5092 διέρχονται
2794 5015 2955 5090 μέσον
2993 5021 3091 5072 τοῦ
3120 5021 3272 5084 ναοῦ,
3303 5017 3394 5071 καὶ
3436 5013 3524 5071 διὰ
3553 5023 3654 5086 τῆς
3702 5013 3852 5071 πλα-

448 5103 627 5157 vicem
680 5102 1024 5166 adorarunt,
1075 5099 1168 5155 hic
1215 5102 1531 5156 sacrarium
1581 5109 1794 5160 sanctae
1843 5105 2087 5177 liturgize

2214 5110 2319 5187 (ίας
2367 5113 2465 5164 τοῦ
2513 5102 2774 5182 ἄμϐωνος
2833 5105 3202 5187 ἐκνεύσαντες,
3255 5107 3594 5182 εἷ’σέρχονται
3661 5104 3713 5160 ἐν
3780 5111 3854 5182 τῇ

449 5189 803 5247 celebranda
821 5205 1020 5262 causa,
1044 5190 1380 5262 imperator,
1407 5189 1632 5247 divinos
1656 5192 1804 5250 ritus
1826 5199 2089 5266 peractu-

2214 5185 2408 5266 ιωλαίᾳ
2458 5192 2549 5246 καὶ
2606 5188 2856 5247 ’ίστάνται
2911 5185 3215 5269 ἔμπροσθεν
3275 5197 3382 5247 τῶν
3431 5192 3598 5268 ἁγίων
3649 5192 3854 5268 Θυρῶν,

1802 5321 2036 5377 νΑΒΙᾹΞ
2076 5323 2479 5380 LECTIONES.

513 5436 556 5471 '9
589 5433 688 5490 ὑπό
718 5455 776 5489 τε
805 5433 935 5492 τῶν.
967 5434 1202 5506 Aliquid
1229 5435 1429 5492 deesse
1457 5435 1684 5492 videtur
1715 5436 1782 5495 Β.
1859 5438 1873 5472 ¹
1916 5441 2281 5510 κρατήσαντες
2315 5437 2372 5494 δὲ
2411 5435 2680 5508 ἀλλήλων
2713 5438 2803 5494 ed.

1485 5558 1685 5619 JOAN.
1726 5562 1873 5620 JAC.
1916 5564 2175 5621 RElSKll
2215 5562 2786 5621 COMMENTARIUS

481 5669 624 5811 h("21)
674 5669 829 5725 Alias
873 5668 928 5723 αἱ
978 5662 1078 5738 ἔξω
1126 5669 1389 5729 ecclesiae
1435 5677 1574 5730 sunt
1623 5673 1992 5732 suburbanas.
2044 5676 2149 5734 Hic
2197 5680 2390 5732 autem
2444 5678 2584 5747 puto
2634 5687 2766 5729 esse
2815 5671 3068 5730 urbanas
3117 5673 3374 5747 reliquas
3405 5677 3614 5747 preter
3642 5675 3702 5731 S.
3735 5670 3853 5732 So-

525 5771 661 5811 iam.

438 5771 661 5830 pniam.
