4180 6304
272 351 383 414 397

278 485 500 542 καλεῖτε
555 481 753 542 λαϐὼν
811 482 1014 559 κηροὺς
1070 484 1098 538 6
1172 481 1427 558 βασιλεὺς
1486 479 1729 558 εὔχεται,

287 572 503 630 δίδωσιν
539 573 747 636 αὐτοὺς
775 577 854 644 τῷ
895 572 1267 646 πραιποσίτῳ.
1303 571 1402 626 Καὶ
1461 570 1748 642 ἀλλήλους
1783 590 1948 645 προσ·

1177 355 1277 415 DE
1323 351 1775 415 CElthONlIS
1821 349 2058 412 AULE
2102 352 2575 418 BYZANTIN/E
2619 358 2764 420 LIB.
2812 361 2858 421 Ι.

3585 374 3704 436 398

1825 480 1944 536 εἶτα
1973 487 2028 552 Α
2062 499 2180 555 rus,
2213 487 2578 546 metatoriam
2608 491 2788 562 petit:
2831 491 2940 549 hoc
2971 494 3127 550 enim
3159 495 3254 553 die
3273 500 3591 558 sacrarium
3621 503 3709 560 in-

2057 577 2214 630 trare
2243 593 2358 633 non
2391 577 2530 634 solel
2544 621 2556 633 .

287 666 617 735 κυνήσαντες
667 662 699 716 6'
742 682 799 717 τε
849 659 1104 736 βασιλεὺς
1149 659 1240 715 καί
1284 662 1312 714 ὁ
1354 660 1725 738 πατριάρχης,
1777 658 2076 734 εἰσέρχεται
2149 661 2223 724 εἰς
2275 663 2338 718 τὸ
2387 668 2770 748 θυσιαπήρέον
2811 671 2946 746 πρὸς
3009 672 3072 726 τὸ
3114 675 3213 743 τήν
3263 674 3407 740 θείαν
3458 674 3707 754 λειτουρο

290 756 406 843 γίαν
451 751 773 843 -έκτελέσαι,
811 751 918 843 *καί
956 751 985 806 ὁ
1041 747 1303 843 βασιλεὺς
1361 751 1663 843 ἀπέρχεται
1696 749 1792 843 ἐἱς
1821 749 1911 843 ‘16
1971 751 2345 843 μήτατώριον,
2406 752 2643 812 ἐκτελῶν
2682 747 2685 748 ν
2719 757 2888 814 ἐκεῖσε
2953 763 3054 831 τὴν
3128 764 3271 828 θείαν
3331 747 3705 843 λειρουργίαν.

293 840 342 896 ἐν
363 841 537 914 ταύτῃ
560 840 666 914 γὰρ
698 842 767 912 τῇ
798 833 982 911 ἡμέρᾳ
1012 837 1088 899 εἷς
1117 837 1182 892 τὸ
1213 839 1596 913 θυσιαστήριον
1629 837 1656 890 ὁ
1693 832 1946 910 βασιλεὺς
1979 834 2077 890 οὐκ
2107 837 2434 914 εἰσέρχεται.

360 937 432 989 Γ“.
473 932 596 1004 Χρή
641 926 697 983 δὲ
740 925 961 996 εἷδένσι,
1011 925 1097 983 ὅτι
1147 926 1197 983 ἐν
1258 929 1353 1001 μὲν
1418 931 1487 1001 τῇ
1517 921 1778 1001 προσόδῳ
1833 927 1944 996 τῶν

293 1019 457 1095 ἀγίων
491 1017 584 1073 καὶ
637 1017 690 1073 ὲν
717 1020 786 1091 τῇ
831 1016 1018 1094 ἀγάπῃ
1059 1021 1167 1072 τῶν
1209 1018 1386 1092 θυρῶν
1424 1018 1539 1090 (22)
1592 1014 1690 1070 οὐκ
1733 1011 1947 1088 ἐξέρχε-

291 1131 399 1182 ται,
435 1109 488 1164 έν
541 1105 598 1162 δὲ
646 1110 716 1180 τῇ
761 1105 1020 1178 κοινωνίᾳ
1067 1105 1341 1182 ἐξέρχεται
1393 1105 1483 1161 καὶ
1531 1108 1808 1174 κοινωνεῖ,
1855 1101 1947 1158 καὶ

293 1206 391 1268 τῆς
439 1197 585 1259 θείας
630 1195 972 1272 λειτουργίας
1029 1193 1394 1264 τελεσθείσης,
1446 1193 1721 1271 ἐξέρχεται
1775 1194 1803 1247 ὁ
1851 1192 1950 1267 βα-

299 1287 477 1350 σιλεὺς
511 1286 621 1342 ἀπὸ
659 1289 756 1340 τοῦ
793 1283 1144 1358 μητατωρίου
1167 1284 1259 1339 καὶ
1291 1285 1500 1340 ἑνοῦται
1547 1287 1628 1356 τῷ
1683 1282 1950 1357 πατριάρ-

296 1399 390 1454 χῃ.
446 1375 538 1431 καὶ
619 1371 928 1449 διέρχονται
1009 1373 1309 1450 ἀμφότεροι
1383 1373 1548 1449 μέχρι
1613 1376 1710 1427 τοῦ
1786 1369 1948 1446 ἁγίου

297 1469 552 1546 φρέατος,
600 1464 1070 1538 προσκυνήσαντες
1120 1459 1178 1517 δὲ
1227 1461 1514 1534 ἀλλήλους
1555 1461 1647 1517 καὶ
1706 1461 1949 1546 ἀσπασά-

300 1545 476 1631 μενοι,
507 1552 784 1628 ἐξέρχεται
821 1553 850 1607 6
913 1549 1168 1626 βασιλεὺς
1199 1552 1307 1606 ἀπὸ
1336 1556 1445 1607 τῶν
1495 1550 1686 1620 ἐκεῖσε,
1720 1550 1810 1604 καὶ
1862 1545 1951 1604 διὰ

294 1649 390 1700 τοῦ
420 1646 598 1719 χυτοῦ
637 1648 740 1710 τῆς
791 1643 990 1716 μικρᾶς
1037 1638 1222 1709 πύλης
1264 1646 1365 1709 τῆς
1409 1637 1628 1714 χαλκῆς
1662 1637 1948 1707 εἰσελθὼν,

299 1732 388 1790 διά
415 1753 478 1789 τε
504 1736 614 1787 τῶν
646 1727 872 1805 σχολῶν
900 1728 990 1784 καὶ
1016 1733 1126 1785 τῶν
1159 1725 1522 1784 ἐκσκυυϐίτων
1566 1726 1948 1804 διερχόμενος,

306 1786 388 1790 “ﬁ
428 1786 470 1789 η
569 1786 572 1787 ,
684 1786 723 1805 η
1651 1786 1725 1804 ,η
1766 1786 1776 1801 ,
1911 1786 1946 1794 -.

301 1822 559 1898 λέγοντος
587 1821 688 1873 τοῦ
715 1823 817 1886 τῆς
849 1817 1246 1878 καταστάσεως·
1281 1841 1310 1869 ‹‹
1343 1814 1617 1885 Καπλάτε,
1651 1816 1886 1890 Δόμηνι.
1922 1840 1944 1868 ι
1978 1786 2027 1851 Β

301 1910 400 1967 Καὶ
471 1901 885 1968 καταλαϐόντος
939 1903 992 1960 ἒν
1055 1909 1133 1976 τῷ
1185 1904 1581 1981 κονσιστωρίῳ,
1636 1906 1781 1978 μένει
1857 1906 1954 1978 μὶν

302 1999 473 2054 ἐκεῖσε
531 1999 566 2066 ἡ
623 1993 957 2070 σύγκλητος,
1011 1995 1424 2072 ὁπερευχομὲνη
1469 1997 1560 2051 τὸν
1625 1993 1878 2071 βασιλέα,
1925 1995 1953 2049 ὁ

306 2087 362 2144 δὲ
425 2091 525 2157 τῆς
572 2085 950 2147 καταστάσεως
1006 2084 1096 2140 καὶ
1157 2086 1208 2139 οἱ
1273 2084 1628 2161 σιλεντιάριοι
1704 2084 1951 2160 μένουσιν

308 2179 383 2241 είς
431 2179 523 2233 τὸν
572 2171 831 2244 όνόποδα,
882 2174 1312 2249 ὑπερευχόμενοι
1375 2175 1467 2230 καὶ
1507 2175 1662 2231 αὐτοὶ
1720 2177 1953 2249 ὁμοίως.

309 2267 376 2323 Ὀ
423 2263 481 2320 δὲ
527 2261 781 2340 βασιλεύς
842 2261 1122 2341 διέρχεται
1172 2259 1262 2316 διὰ
1318 2268 1416 2319 τοῦ
1457 2263 1816 2341 αὐγουστέως,
1865 2265 1957 2320 καὶ

320 2354 618 2429 εἶσέρχεται
663 2358 710 2412 ἒν
752 2361 832 2429 τῷ
879 2353 1156 2427 παλατίῳ,
1207 2358 1304 2410 τοῦ
1353 2351 1411 2409 δὲ
1456 2355 1774 2428 κκητωρίου
1817 2375 1956 2409 στοι-

325 2441 604 2517 χηθέντος,
646 2444 875 2519 γίνονται
922 2443 1128 2518 μίνσαι,
1177 2443 1268 2498 καὶ
1314 2441 1516 2506 εὐθέως
1568 2440 1960 2498 ἀπαλλάσσου-

2128 928 2226 984 Ill.
2261 930 2430 988 Porro
2480 935 2808 1006 sciendum,
2842 938 2901 995 in
2953 957 3230 1012 processu
3281 948 3624 1002 sanctorum
3655 950 3713 1003 et

2057 1033 2239 1089 agape
2268 1021 2678 1092 imperatorem
2710 1043 2778 1082 ex
2807 1029 2986 1098 portis
3018 1030 3138 1088 illis
3171 1049 3288 1090 non
3321 1036 3615 1107 progredi,
3647 1036 3710 1092 in

2058 1109 2474 1167 communione
2499 1122 2693 1169 autem
2715 1117 2942 1186 prodire
2958 1123 3014 1173 et
3033 1123 3472 1180 communicare
3493 1125 3704 1195 solere,

2060 1197 2342 1270 finitaque
2372 1199 2567 1256 divina
2597 1202 2856 1275 liturgia,
2886 1206 2992 1262 94
3037 1224 3106 1264 ex
3139 1212 3446 1268 metatorio
3477 1215 3710 1285 prodire

2059 1302 2236 1357 seque
2268 1289 2615 1358 patriarcha;
2649 1292 2992 1366 adjungere,
3024 1296 3236 1354 deinde
3288 1306 3604 1371 utrumque
3635 1303 3708 1358 ad

2059 1392 2290 1432 sacrum
2324 1387 2564 1449 puteum
2597 1383 2932 1452 procedere,
2959 1387 3015 1440 et
3046 1389 3179 1456 post
3208 1392 3474 1445 mutuam
3507 1392 3714 1447 adora-

2057 1465 2272 1521 tionem
2295 1471 2351 1522 et
2380 1467 2793 1526 salutationem
2818 1471 3226 1543 imperatorem
3255 1492 3354 1547 per
3376 1476 3569 1534 locum
3591 1479 3715 1534 edi-

2059 1559 2178 1609 tum
2209 1571 2394 1625 parvae
2419 1557 2616 1626 januaa
2637 1575 2806 1616 aeneae
2837 1561 3081 1631 intrare,
3105 1564 3316 1622 deinde
3349 1582 3452 1638 per
3481 1566 3716 1624 scholas

2060 1646 2116 1697 et
2145 1643 2421 1700 excubias
2470 1647 2740 1715 transire,
2773 1649 3003 1704 dicente
3051 1650 3464 1708 cerimoniario
3498 1669 3511 1709 :
3551 1675 3572 1702 ι
3606 1657 3716 1710 Ca-

2061 1729 2210 1800 plate
2240 1731 2493 1788 Domini.
2518 1755 2545 1784 »
2571 1736 2637 1791 In
2657 1737 3008 1793 consistorio
3031 1744 3274 1795 senatus
3298 1742 3712 1812 omnis,tausta

2064 1821 2402 1892 imperatori
2433 1823 2687 1880 venienti
2717 1840 3056 1896 apprecans,
3099 1830 3374 1901 magister
3401 1845 3538 1887 vero
3568 1831 3711 1886 ceri-

2065 1911 2420 1968 moniarium
2452 1916 2510 1968 et
2538 1913 2844 1970 silentiarii
2884 1915 2944 1971 in
2977 1919 3264 1988 onopode,
3296 1919 3466 1976 bonis
3496 1921 3714 1977 omini-

2063 1998 2172 2056 bus
2202 2016 2338 2056 eum
2390 2006 2833 2074 prosequentes,
2865 2009 3214 2062 consistunt.
3249 2008 3568 2080 Imperator
3610 2025 3715 2082 per

2065 2090 2374 2161 augustale
2421 2090 2700 2162 palatium
2732 2093 2935 2164 intrat,
2969 2095 3070 2151 ubi
3115 2096 3376 2154 convivio
3407 2098 3717 2170 instructo,

2065 2179 2286 2235 missus
2316 2179 2985 2255 aﬂ‘eruntur,statimque
3009 2199 3215 2242 omnes
3245 2189 3436 2242 vestes
3468 2192 3713 2243 mutant.

2067 2266 2386 2338 Imperator
2418 2268 2477 2322 in
2527 2272 2932 2343 scaramangio
2962 2289 3127 2344 aeque
3169 2290 3236 2329 ac
3266 2274 3540 2344 convivae,
3574 2292 3719 2347 quos

2066 2356 2260 2412 vocari
2284 2357 2490 2426 jussit,
2524 2357 2791 2428 pretiosas
2823 2376 3036 2416 mensae
3069 2363 3350 2432 assident,
3368 2363 3715 2420 cubicularii

2069 2451 2264 2501 autem
2295 2445 2401 2502 hoc
2431 2445 2525 2502 die
2555 2446 2607 2501 ei
2635 2464 2751 2504 non
2782 2454 2974 2506 astare
3002 2451 3212 2507 solent.

320 2552 403 2587 σιν
456 2533 693 2597 ἅπαντες.
730 2535 792 2592 Ὀ
859 2529 917 2587 δὲ
977 2531 1234 2608 βασιλεὺς
1287 2530 1566 2600 καθέζεται
1625 2531 1712 2586 ἐπὶ
1769 2538 1868 2601 τῆς
1935 2533 2124 2606 τιμίας
2195 2534 2360 2588 αὐτοῦ
2432 2532 2705 2606 τραπέζης
2760 2535 2864 2590 ἀπὸ
2950 2540 3387 2615 σκαραμαγγίου,
3447 2541 3537 2594 καὶ
3623 2540 3713 2600 οὕς

312 2621 555 2677 ἐκέλευσε
607 2621 856 2694 καλέσαι,
916 2623 1006 2678 καὶ
1062 2621 1217 2677 αὐτοὶ
1276 2619 1381 2676 ἀπό
1430 2621 1881 2697 σκαραμαγγίων,
1941 2623 1993 2677 οἱ
2041 2620 2099 2678 δὲ
2156 2626 2253 2678 τοῦ
2308 2617 2704 2679 κουϐουκλείου
2762 2624 2816 2680 ἐν
2871 2628 2939 2700 τῇ
2990 2623 3173 2702 ἡμέρᾳ
3219 2627 3394 2702 ἐκείνῃ
3436 2629 3721 2702 παραστά-

309 2733 470 2787 σιμον
500 2715 565 2769 οὗ
585 2718 860 2786 ποιοῦσιν,

376 2804 454 2862 Δ’.
512 2803 734 2872 Ἰστέον,
770 2797 856 2858 ὅτι
903 2803 966 2858 τὸ
1014 2801 1250 2858 παλαιὸν
1301 2802 1329 2855 6
1376 2804 1632 2863 τοιοῦτος
1673 2802 1841 2864 τύπος
1871 2801 1959 2876 ᾖν·

303 2898 394 2948 νῦν
429 2891 488 2949 δὲ
541 2895 569 2949 6
610 2893 866 2968 βασιλεὺς
909 2895 974 2949 τὰ
1013 2890 1160 2948 ἄλλα
1205 2893 1379 2948 πάντα
1427 2892 1630 2948 ἐκεῖλεῖ
1664 2892 1832 2968 μέχρι
1860 2899 1964 2962 τῆς

303 2981 522 3040 εἰσόδου
552 2985 597 3053 ε,
655 2984 834 3046 καθὼς
883 2982 1116 3058 εἴρηται.
1168 2982 1260 3043 Εἲς
1315 2979 1372 3036 δὲ
1424 2983 1526 3051 τὴν
1588 2979 1797 3036 εἴσοδον
1857 2981 1964 3037 aia-

304 3073 530 3147 ἔρχεται
588 3071 665 3134 εἷς
707 3073 772 3127 τὸ
848 3073 1004 3147 βῆμα
1066 3066 1239 3142 ἔνδον,
1283 3069 1374 3124 καὶ
1428 3074 1792 3145 προσκυνοῦσι
1857 3071 1958 3140 τήν

304 3162 460 3237 ἀγίαν
508 3161 779 3237 τράπεζαν
830 3161 921 3216 καὶ
981 3163 1082 3231 τὴν
1132 3157 1382 3233 ἐνδυτήν,
1427 3160 1518 3216 καὶ
1570 3157 1660 3216 διὰ
1725 3159 1958 3235 πλαγίας

301 3256 402 3308 τοῦ
461 3250 851 3326 θυσιαστηρίου
907 3250 1126 3306 καὶτοῦ
1177 3248 1416 3324 κοχλιοῦ
1454 3254 1552 3305 τοῦ
1610 3249 1830 3315 ὄπισθεν
1861 3256 1961 3319 τῆς

304 3343 529 3420 κόγχης
592 3340 828 3396 ἀνελθὼν
884 3340 961 3402 εἷς
1010 3340 1074 3394 τὰ
1129 3336 1564 3414 κατηχουμὲνια,
1624 3340 1960 3415 εἰσέρχονται

307 3431 387 3492 είς
445 3429 509 3485 τὸ
571 3431 942 3506 μητατώριον,
982 3427 1074 3484 καί
1148 3427 1563 3484 ἀπαλλάσσουσι
1609 3429 1707 3491 τὰς
1755 3429 1958 3483 ἑαυτῶν

305 3518 608 3596 χλαμύδας
645 3520 738 3576 καὶ
790 3519 976 3593 μόνον,
1023 3519 1115 3574 καὶ
1145 3518 1401 3574 ἀκούουσι
1439 3522 1537 3574 τοῦ
1585 3518 1730 3574 θείου
1779 3519 1960 3594 Εὐαγ-

305 3608 503 3684 γελίου
559 3610 650 3665 καὶ
697 3615 796 3678 τῆς
846 3607 1112 3678 έκτενοῦς,
1167 3609 1256 3663 καὶ
1321 3609 1459 3680 μετᾶ
1503 3612 1668 3663 ταῦτα
1712 3608 1962 3683 εἰσέρχε-

304 3721 398 3754 ται
431 3701 460 3755 6
502 3705 602 3770 τῆς
652 3701 927 3773 τραπέζης
969 3698 1103 3771 μετά
1143 3702 1254 3752 τῶν
1305 3695 1662 3772 ἀρτοκλίνων,
1693 3697 1784 3751 καὶ
1816 3717 1958 3751 στοι-

307 3794 405 3867 χεῖ
449 3789 513 3844 τὸ
551 3785 890 3862 κλητώριον.
949 3789 1052 3844 Καὶ
1101 3785 1409 3861 ἐξέρχονται
1459 3785 1511 3839 οἱ
1570 3782 1826 3840 δεσπόται
1867 3784 1959 3840 καὶ

306 3877 647 3952 ἀπέρχονται
679 3875 754 3940 εἷς
801 3877 860 3930 τὸ
922 3876 1272 3950 μητατώριον
1325 3878 1423 3930 τοῦ
1477 3874 1843 3949 πατριάρχου,
1869 3873 1959 3929 καὶ

305 3965 468 4030 εὐθὺς
519 3963 758 4021 δίδονται
807 3965 1013 4038 μίνσαι,
1060 3961 1379 4037 ἐκδυόμενοι
1415 3963 1481 4018 τὰ
1539 3958 1832 4034 δίϐητήσια
1863 3963 1961 4019 αὑ-

304 4061 440 4126 τῶν,
471 4055 565 4110 καὶ
597 4053 911 4131 ἐκδέχονται
961 4057 1058 4110 τοῦ
1106 4051 1463 4124 τελειωθῆναι
1499 4054 1598 4123 τὴν
1643 4054 1788 4117 θείαν
1843 4051 1959 4108 λει-

303 4145 567 4221 τουργίαν
610 4143 700 4199 καῖ
748 4141 992 4198 ἀνελθεῖν
1031 4144 1121 4199 τὸν
1167 4142 1535 4218 πατριάρχην.
1583 4141 1649 4199 Oi
1681 4139 1738 4195 δὲ
1793 4162 1957 4217 πραιο

307 4236 528 4310 ρόσιτοι
585 4227 1054 4311 ἀπὲρχονται,καὶ
1104 4233 1421 4302 καθέζονται
1470 4229 1547 4292 είς
1594 4232 1692 4300 τὴν
1744 4227 1957 4301 ἄνοδον,

307 4321 375 4378 δι’
404 4325 470 4396 ᾗς
502 4324 532 4378 6
581 4322 930 4401 πατριάρχης
970 4321 1279 4396 ἀνέρχεται,
1326 4320 1414 4376 καὶ
1463 4321 1526 4375 τὸ
1567 4322 1678 4393 (23)
1721 4319 1959 4375 ἀνελθεῖν

2146 2805 2241 2859 1V.
2275 2803 2588 2860 Sciendum
2613 2821 2844 2877 quoque
2872 2810 2962 2863 est
2990 2806 3097 2864 hos
3127 2809 3280 2867 ritus
3307 2809 3447 2866 olim
3480 2809 3721 2882 quidem

2071 2892 2593 2964 observatos,nunc
2613 2910 2744 2950 vero
2767 2895 2837 2951 ad
2859 2895 3163 2953 introitum
3186 2903 3466 2971 vusque,ut
3497 2899 3723 2955 dictum

2073 2987 2181 3048 est,
2213 2981 2412 3038 omnia
2439 2980 2605 3038 aliter
2636 2984 2708 3039 ab
2760 2984 3110 3056 imperatore
3140 2987 3370 3044 institui
3418 2987 3620 3046 solere.
3655 2990 3721 3045 In

2071 3072 2311 3128 introitu
2343 3087 2475 3128 vero
2507 3072 2679 3128 bema
2701 3073 3158 3147 ingreditur,ubi
3189 3082 3245 3133 et
3277 3093 3505 3134 sacram
3539 3093 3724 3133 mem-

2071 3177 2194 3217 sam
2227 3169 2281 3217 et
2327 3162 2643 3218 instratum
2695 3163 2895 3220 adorat
2944 3181 3158 3236 perque
3205 3166 3385 3223 latera
3433 3165 3634 3223 sacelli
3666 3173 3726 3223 et

2073 3250 2340 3318 cochlea,
2370 3267 2498 3322 qua;
2544 3267 2692 3323 pone
2717 3254 3001 3309 concham
3051 3259 3161 3324 est,
3197 3255 3254 3311 in
3305 3255 3726 3313 catechumena

2070 3340 2352 3408 ascendit,
2379 3339 2745 3395 metatoriam
2768 3339 2968 3408 intrat,
3002 3344 3259 3399 tunicam
3292 3361 3461 3400 suam
3492 3348 3724 3399 tantum

2072 3433 2263 3483 mutat
2291 3444 2355 3482 ac
2383 3428 2643 3484 divinum
2677 3430 3051 3499 Evangelium
3097 3436 3153 3486 et
3182 3437 3476 3489 extensam
3510 3432 3670 3488 audit
3707 3448 3720 3487 :

2071 3517 2282 3573 deinde
2339 3517 2649 3589 praefectus
2709 3534 2919 3574 mensae
2978 3534 3097 3575 una
3167 3536 3299 3576 cum
3359 3519 3720 3577 tricliniariis

2069 3607 2272 3678 epulas
2331 3613 2506 3675 parat.
2569 3603 2792 3675 Egressi
2849 3612 3041 3664 autem
3119 3608 3341 3663 domini
3396 3609 3469 3662 ad
3532 3611 3718 3664 meta-

2069 3694 2281 3751 torium
2325 3695 2666 3766 patriarchae
2698 3696 2936 3762 abeunt,
2971 3696 3286 3767 statimque
3323 3698 3541 3752 missus
3573 3696 3712 3751 affe-

2071 3789 2302 3848 runtur,
2335 3787 2475 3837 tunc
2504 3783 2778 3839 dibelesia
2824 3800 2932 3839 sua
2971 3789 3214 3848 exuunt,
3241 3791 3296 3840 et
3347 3800 3532 3855 usque
3563 3784 3705 3839 dum

2069 3873 2267 3928 divina
2296 3872 2528 3945 liturgia
2550 3871 2836 3929 celebrata
2865 3879 2954 3928 est
2977 3877 3032 3929 ct
3065 3874 3394 3944 patriarcha
3425 3873 3708 3943 ascendit,

2069 3966 2426 4034 exspectant.
2459 3961 2758 4034 Praepositi
2789 3962 2850 4017 in
2891 3963 3076 4030 aditu,
3109 3979 3209 4035 per
3257 3979 3431 4035 quem
3476 3961 3713 4018 advenit

2070 4050 2926 4124 patriarcha,consident,cujus
2943 4051 3302 4108 advenientis
3321 4068 3527 4107 manus
3543 4067 3710 4106 oscu-

2068 4140 2284 4210 lantur,
2316 4139 2528 4196 deinde
2558 4139 2773 4196 abeunt
2824 4155 3074 4213 eumque
3104 4139 3178 4196 ad
3224 4141 3495 4197 dominos
3527 4141 3716 4196 addu-

2069 4236 2230 4288 cunt.
2266 4230 2536 4300 Is,exutis
2567 4230 2831 4287 vestibus
2863 4233 3007 4302 suis,
3039 4231 3341 4304 egreditur
3369 4235 3426 4288 et
3457 4248 3590 4288 cum
3617 4231 3715 4288 do-

2072 4321 2250 4378 minis
2269 4336 2485 4376 mensae
2501 4319 3003 4388 accumbit,vocati
3025 4319 3099 4376 ad
3117 4321 3444 4377 convivium
3466 4320 3712 4390 intrant,

306 4413 473 4468 αὐτὸν
525 4415 784 4486 κρατοῦσι
843 4411 938 4474 τὰς
979 4415 1170 4486 χεῖρας
1211 4409 1395 4482 αὐτοῦ,
1457 4409 1825 4482 ἀσπαζόμενοι
1876 4407 1967 4464 αὖ·

2075 4417 2134 4468 et
2163 4426 2282 4466 una
2309 4424 2438 4465 cum
2471 4408 2563 4463 his
2594 4407 2924 4480 epulantur,
2958 4410 3175 4481 quibus
3204 4408 3715 4481 surgentibus,do-

304 4502 424 4570 τὰς,
488 4506 582 4556 καῖ
635 4501 961 4562 ἀπελθόντες
1027 4499 1334 4576 εἰσάγουσιν
1408 4499 1568 4554 αὐτὸν
1637 4499 1772 4573 πρὸς
1835 4497 1962 4560 τοὺς

307 4589 595 4653 δεσπότας.
650 4590 751 4648 Καὶ
802 4585 1050 4646 ἐκϐαλὼν
1111 4591 1139 4645 6
1206 4590 1555 4665 πατριάρχης
1611 4588 1679 4644 τὰ
1733 4587 1961 4662 ἀλλαξί-

310 4701 458 4752 ματα
507 4681 700 4752 αὑτοῦ,
733 4674 919 4735 λαϐὼν
966 4678 1092 4743 τοὺς
1142 4676 1428 4751 δεσπότας,
1480 4677 1709 4748 ἐξελθὼν
1758 4677 1963 4752 ἀκουμο

309 4765 448 4840 ϐίζει
516 4771 657 4843 μεκὰ
712 4772 822 4824 τῶν
879 4769 903 4805 3
958 4775 1059 4838 τῆς
1115 4767 1410 4845 τραπέζης,
1468 4767 1559 4822 καὶ
1618 4766 1960 4842 είσέρχονται

310 4859 363 4914 oi.
392 4856 688 4931 κληθέντες
724 4859 816 4914 καὶ
846 4857 1124 4934 ἀριστοῦσι
1161 4858 1275 4932 μετ’
1318 4855 1519 4929 αὐτῶν,
1548 4857 1637 4912 καὶ
1683 4858 1775 4912 τὸν
1835 4856 1962 4912 ἀνα-

307 4955 501 5019 στῆναι
557 4947 780 5018 αὐτοὺς,
851 4946 1187 5022 ἀπέρχονται
1245 4946 1410 5003 πάλιν
1463 4947 1514 5002 oi.
1564 4942 1817 5002 δεσπόται
1872 4943 1963 5001 διὰ

2070 4499 2213 4556 mini
2271 4513 2472 4554 rursus
2531 4512 2630 4568 per
2697 4498 2958 4569 porticus
3013 4499 3084 4553 ad
3140 4498 3415 4570 palatium
3477 4499 3714 4556 abeunt.

2070 4589 2385 4646 Sciendum
2416 4591 2505 4644 est
2536 4586 2860 4658 magistros,
2890 4588 3230 4659 praepositos
3259 4593 3317 4644 et
3349 4588 3623 4660 patricios
3649 4603 3718 4644 ex

2070 4676 2426 4734 mconomico
2456 4690 2674 4744 cereos,
2708 4675 2818 4731 sub
2867 4675 3105 4732 domino
3144 4676 3574 4750 Theophylacto
3607 4692 3716 4732 au-

2071 4771 2188 4822 tem
2220 4765 2397 4820 etiam
2428 4771 2726 4836 unguenta
2754 4763 2934 4820 odora
2980 4764 3260 4835 accipere.
3293 4765 3391 4822 95
3427 4765 3714 4820 Dominus

2071 4851 2543 4924 Theophylactus
2592 4851 2924 4923 patriarcha
2951 4851 3010 4908 in
3062 4858 3228 4924 parte
3258 4853 3499 4908 oratorii
3529 4850 3718 4906 sancti

2069 4941 2485 5015 Theophylacti
2507 4941 2683 4999 etiam
2706 4941 3036 4998 convivium
3069 4939 3470 5006 instruxit,cui
3492 4935 3716 4993 domini

1677 5129 1766 5186 VA
1775 5129 1914 5186 RIJE
1953 5127 2364 5185 LECTIONES.

384 5288 405 5326 ²
437 5289 651 5348 ΣΧΟΔ.
687 5285 868 5346 Τοῦτο
896 5279 1128 5362 ἔσχατον
1159 5281 1433 5356 ἐτυπώθη.
1510 5286 1532 5321 ³
1563 5281 1697 5358 μετὰ
1723 5285 1831 5338 τῶν
1859 5283 1950 5355 R.,
1987 5282 2100 5356 μετ’
2131 5278 2308 5336 αὐτῶν
2343 5279 2470 5337 cod.
2503 5281 2562 5335 et
2591 5278 2681 5334 ed.

1345 5456 1541 5514 JOAN.
1581 5454 1724 5514 JAC.
1767 5453 2024 5513 RElSKII
2065 5447 2652 5508 COMMENTARIUS.

417 5629 509 5701 22)
541 5632 762 5701 ﬂempe
788 5625 1349 5701 estra‘metatorium
1380 5624 1852 5701 non_procedere_.

417 5629 487 5684 22
541 5632 762 5701 Nempe
788 5630 951 5684 extra
980 5629 1349 5683 metatoriam
1380 5641 1492 5683 non
1525 5629 1852 5698 procedere.

397 5629 510 5774 ί23)
539 5699 736 5758 Etiam
786 5698 926 5757 alibi
956 5697 1066 5755 hoc
1113 5699 1174 5754 in
1217 5696 1412 5754 codice
1458 5695 1519 5750 τό
1567 5713 1670 5769 pro
1721 5691 1856 5768 μετὰ
1901 5689 1963 5747 τό

2075 5618 2346 5674 occurrit.
2381 5617 2470 5670 Ita
2519 5609 2700 5683 paulo
2740 5614 2862 5683 post
2909 5583 3635 5683 16__Jtyaatﬁvat_proupet&
3667 5587 3734 5640 τὸ

2075 5661 2400 5754 Ξζᾶἕὲξςᾷἆιῖ
2414 5661 2898 5740 's'déébhe‘x'hic
2927 5673 3171 5734 editioni
3199 5661 3514 5722 consentit
