4180 6304
313 321 422 380 401

954 451 1216 507 ΚΕΦΑΛ.
1258 449 1340 509 Λ“.

315 543 455 600 Ὅσα
543 537 631 595 δεῖ
705 537 1166 617 παραφυλάττειν,
1238 537 1284 594 εἰ
1347 539 1494 615 τύχῃ
1563 541 1597 609 ἡ
1663 541 1823 614 ἑορτὴ
1889 542 1991 594 τοῦ

394 610 829 666 Εὐαγγελισμοῦ
930 617 1030 666 τῆς
1134 610 1455 666 Ὑπεραγίας
1551 612 1821 666 Θεοτόκου
1919 614 1986 666 τῆ

1595 631 1821 666 εοτοκου
1919 633 1987 684 τῃ

394 610 829 686 Εὐαγγελισμοῦ
869 610 1030 686 ’,τῆς
1079 610 1455 686 --Ὑπεραγίας

393 676 648 757 Κυρξοίκῇ
704 676 806 752 τῆς
858 676 1030 754 μέσής
1073 676 1380 756 ἐϐδομᾶδός
1411 686 1545 757 (31)-

390 774 473 832 A'.
506 773 706 829 Ἱστέον
739 769 804 841 δὴ
841 772 931 826 καί
961 775 1146 840 τοῦτο,
1178 770 1286 841 ὅτι,
1331 772 1377 826 εἰ
1419 773 1515 845 μὲν
1546 770 1691 847 τύχῃ
1724 775 1760 840 ἡ
1793 771 1927 841 αὐτή
1961 771 1982 805 θ

318 861 508 935 ἡμέρα
563 865 664 916 τοῦ
716 859 1143 936 Εὐαγγελισμοῦ
1193 863 1261 934 τῇ
1333 865 1572 935 Κυριακῇ
1637 867 1738 930 τῆς
1813 861 1978 934 μέσης

327 946 643 1023 ἑϐδομάδος
679 954 785 1006 τῶν
816 953 1102 1021 νηστειῶν,
1149 948 1386 1006 τελεῖται
1439 951 1632 1013 οὓτως.
1670 951 1978 1027 Προέρχον-

318 1060 412 1095 ται
459 1040 687 1100 ἅπαντες
735 1037 979 1114 ἐννύχιοι
1023 1037 1075 1093 ἒν
1122 1043 1201 1110 τῷ
1240 1038 1515 1112 παλατίῳ,
1550 1040 1640 1095 καὶ
1669 1037 1977 1095 ἀλλάσσου-

325 1149 410 1183 σιν
442 1129 494 1182 οἰ
547 1129 643 1201 μὲν
694 1128 975 1201 πατρίκιοι
1019 1125 1281 1202 χλανίδιὰ
1330 1127 1518 1200 λευκὰ,
1549 1124 1749 1208 ἔχοντα
1776 1124 1978 1185 ταϐλία

315 1218 426 1274 άπὸ
476 1217 640 1291 ὀξέων
696 1217 774 1288 (ἂν
831 1219 935 1294 γάρ
982 1219 1152 1293 ταύτῃ
1203 1223 1271 1294 τῇ
1322 1219 1484 1294 ἑορτῇ
1535 1219 1597 1274 ού
1645 1224 1871 1297 φοροῦσι
1908 1221 1974 1275 τά

322 1304 840 1384 ὑποχρυσοκλάϐων
887 1310 908 1344 ⁷
935 1303 1178 1364 ταϐλίων
1221 1305 1526 1383 χλανίδια),
1577 1308 1834 1371 ὡσαύτως
1878 1310 1967 1364 καὶ

304 1401 342 1468 ἡ
411 1397 722 1472 σύγκλητος
770 1397 950 1453 ἅπασα
997 1398 1102 1452 ἀπὸ
1176 1397 1384 1452 λευκῶν
1439 1394 1760 1472 χλανιδίων,
1809 1400 1859 1453 οἱ
1910 1396 1967 1452 δὲ

304 1487 670 1562 πράιπόσιτοι
709 1485 1045 1542 ἀλλάσσουσι
1098 1487 1235 1560 μετὰ
1281 1491 1379 1543 τοῦ
1424 1482 1843 1556 κουϐουκλείου,
1893 1487 1966 1547 ὡς

306 1577 542 1632 εἴθισται
597 1575 804 1640 αὐτοῖς.
857 1574 1200 1648 Ἀνοίξαντος
1262 1573 1319 1630 δὲ
1381 1579 1480 1631 τοῦ
1535 1574 1828 1639 παλατίου,
1864 1574 1963 1628 τά·

309 1687 440 1746 χιον
490 1665 600 1720 άπὸ
646 1663 947 1727 κελεύσεως
997 1663 1334 1740 εἰσέρχονται
1385 1664 1635 1734 ἅπαντες,
1679 1664 1769 1718 καὶ
1822 1661 1966 1718 διελ-

307 1756 497 1819 θόντες
535 1751 627 1809 διὰ
674 1757 771 1808 τοῦ
822 1753 1305 1829 χρυσοτρικλίνου,
1364 1754 1702 1829 εἰσέρχονται
1750 1753 1826 1814 εἰς
1871 1753 1963 1807 τὸν

303 1845 428 1899 ναὸν
462 1850 566 1914 τῆς
593 1843 916 1918 ’Υπεραγίας
967 1843 1232 1900 Θεοτόκου
1281 1847 1378 1898 τοῦ
1429 1849 1638 1918 Φάρου,
1679 1842 1768 1896 καὶ
1799 1861 1961 1917 προσ·

312 1934 640 2004 κυνήσαντες
681 1934 748 1988 τά
793 1933 953 2004 τίμια
1001 1930 1156 2003 ξύλα,
1205 1928 1537 2008 ἐξέρχονται,
1600 1931 1690 1986 καὶ
1759 1931 1960 1994 εὐθέως

314 2023 420 2078 άπὸ
473 2021 775 2082 κελεύσεως
828 2018 1035 2077 δίδοται
1090 2021 1504 2094 μεταστάσιμον.
1555 2019 1840 2090 Μεσούσης
1901 2017 1959 2074 δὲ

305 2119 409 2180 τῆς
455 2108 708 2186 δευτέρας
756 2110 925 2186 ὣρας,
971 2109 1248 2190 ἐξέρχεται
1297 2111 1324 2166 6
1380 2107 1635 2185 βασιλεὺς
1683 2107 1772 2163 καὶ
1819 2105 1961 2182 διέρ·

311 2219 474 2274 χεται
519 2196 608 2254 διὰ
657 2206 758 2268 τῆς
818 2196 1044 2276 δάφνης,
1121 2200 1302 2253 ἅπτων
1368 2197 1421 2253 ἐν
1475 2203 1592 2260 τοῖς
1651 2196 1960 2270 εὐκτηρίοις

313 2289 548 2359 κηροὶις,
579 2289 650 2350 ὡς
680 2287 906 2343 εἴθισται
955 2288 1128 2359 αὐτῷ,
1179 2287 1269 2342 καὶ
1318 2287 1620 2363 εἰσέρχεται
1653 2287 1704 2342 έν
1729 2291 1810 2358 τῷ
1841 2307 1962 2342 κοι-

324 2381 464 2433 τῶνι
501 2382 600 2431 τοῖ)
651 2377 998 2452 αὖγουστέως,
1051 2375 1141 2432 καὶ
1191 2376 1509 2448 ὑπαλλάξας
1534 2377 1599 2432 τὸ
1631 2372 1959 2447 διϐητήσιον

329 2469 520 2534 αὐτοῦ,
571 2463 834 2540 ἐκδέχεται
881 2467 972 2520 τὸν
1023 2465 1230 2540 καιρόν.
1285 2467 1381 2520 Καὶ
1430 2469 1528 2520 τοῦ
1570 2468 1764 2540 καιροῦ
1793 2485 1955 2520 κατα·

323 2554 605 2628 λαϐόντος,
641 2555 904 2628 δηλωθεῖς
955 2559 984 2614 6
1033 2560 1390 2629 πραιπόσιτος
1419 2558 1564 2632 παρὰ
1592 2562 1689 2613 τοῦ
1718 2564 1818 2626 τῆς
1864 2578 1955 2612 κα-

313 2649 638 2716 ταστάσεως,
686 2646 944 2702 εἰσελθὼν
1006 2644 1174 2718 δηλοῖ
1219 2653 1299 2719 τῷ
1352 2646 1588 2722 βασιλεῖ.
1654 2647 1752 2701 Καὶ
1799 2667 1954 2702 πεπι-

309 2733 650 2812 6αλλόμενος
691 2739 720 2792 6
765 2737 1022 2814 βασιλεὺς
1069 2739 1169 2807 τήν
1216 2734 1455 2816 χλανίδα
1487 2738 1674 2806 αὐτοῦ,
1705 2735 1883 2797 καθὼς
1914 2737 1948 2805 ἡ

303 2829 555 2898 συνήθεια
602 2821 746 2906 ἔχει,
791 2826 1066 2901 ἐξέρχεται
1116 2827 1203 2882 καὶ
1257 2823 1530 2901 διέρχεται
1580 2823 1670 2880 διά
1713 2829 1810 2880 τοῦ
1849 2825 1948 2880 αύ-

293 2919 596 2993 γουστέως,
656 2918 755 2972 εἶθ’
825 2917 999 2978 οὕτως
1062 2915 1489 2994 δηριγευόμενος
1540 2915 1644 2971 ὑπὸ
1689 2919 1796 2970 τῶν
1846 2915 1944 2988 ἀρ-

289 3007 510 3084 χόντων
558 3012 658 3063 τοῦ
705 3003 1124 3075 κουϐουκΛείου,
1170 3005 1445 3082 διέρχεται
1497 3005 1586 3062 διὰ
1628 3009 1726 3062 τοῦ
1758 3011 1944 3060 στενοῦ

285 3104 393 3167 τῆς
432 3104 650 3172 χρυσῆς
691 3097 905 3172 χειρὸς,
944 3096 1034 3151 καὶ
1083 3095 1368 3170 ἀνέρχεται
1418 3096 1494 3158 εἰς
1540 3096 1630 3150 τὸν
1685 3091 1940 3162 ὀνόποδα,

1192 319 1294 380 DE
1339 317 1790 381 CERIMONIIS
1836 315 2076 379 AULE
2119 314 2590 380 ΒΥΖΑΝΤΙΝᾸΕ
2633 319 2783 380 LIB.
2834 323 2879 382 Ι.

2000 454 2059 518 Α

3625 333 3745 393 402

2678 453 2910 511 CAPUT
2952 455 3130 514 XXX.

2097 540 2463 610 Observanda,
2495 543 2592 598 ubi
2620 543 2885 600 inciderit
2903 547 3077 614 festus
3118 545 3234 602 dies
3283 547 3739 608 Annuntiatimzis

2163 618 2367 740 sanitas
2427 614 2683 687 Πείρου-ιε
2751 617 2809 671 in
2863 617 3210 674 Dominicam
3286 622 3489 678 medim
3538 622 3736 680 hebdo-

2161 701 2254 740 ma
2296 702 2360 741 ιε.

2163 775 2210 832 I.
2243 774 2556 832 Sciendum
2591 779 2699 842 est,
2734 777 2832 832 ubi
2862 778 3046 835 festus
3085 781 3564 838 Annuntiationis
3608 783 3732 840 dies

2089 862 2146 918 in
2179 863 2542 921 Dominicam
2575 866 2780 922 mediae
2803 867 3556 941 hebdomadisjejuniorum
3585 873 3728 928 inci-

2087 952 2260 1019 derit,
2291 955 2378 1009 sic
2419 969 2552 1009 eum
2596 955 2893 1012 celebrari.
2951 957 3166 1015 Omnes
3215 969 3558 1016 nocturnam
3593 979 3726 1033 pro-

2084 1043 2406 1098 cessionem
2441 1044 2510 1097 ad
2546 1043 2822 1114 palatium
2856 1045 3196 1118 instituunt,
3230 1049 3458 1119 patricii
3491 1050 3722 1121 quidem

2085 1129 2301 1186 tunicis
2332 1129 2483 1186 albis
2531 1146 2664 1186 cum
2716 1132 2994 1188 crbiculis
3043 1135 3312 1192 violaceis
3363 1137 3552 1194 induti
3590 1140 3722 1209 (hoc

2083 1219 2238 1275 enim
2267 1219 2362 1273 die
2393 1219 2622 1276 tunicas
2650 1221 2844 1276 aureis
2894 1221 3073 1278 clavis
3116 1229 3419 1293 praetextas
3468 1243 3582 1283 non
3622 1245 3724 1300 ge-

2082 1311 2260 1380 runt),
2292 1309 2394 1364 96
2425 1318 2655 1365 senatus
2703 1325 2938 1380 quoque
2996 1311 3186 1367 omnis
3243 1313 3391 1368 albis
3437 1317 3718 1384 vestibus,

2082 1400 2372 1471 praepositi
2405 1404 2464 1454 et
2485 1397 2830 1455 cubicularii
2889 1403 2952 1454 ut
2990 1416 3221 1472 semper
3259 1403 3468 1459 solent.
3512 1406 3716 1474 Aperte

2078 1493 2273 1545 autem
2304 1487 2542 1560 palatio,
2585 1488 2774 1544 subito
2823 1505 3028 1545 omnes
3078 1507 3113 1544 a
3160 1491 3434 1546 mandato
3475 1492 3714 1561 intrant,

2078 1593 2294 1649 perque
2318 1593 2562 1633 aureum
2578 1576 2895 1633 triclinium
2917 1577 3200 1650 templum
3221 1579 3438 1634 Sanctae
3465 1580 3715 1651 Deiparze

2075 1667 2245 1724 Phari
2274 1671 2500 1739 petunt,
2535 1665 2636 1720 ubi
2675 1667 3002 1721 venerando
3041 1668 3234 1724 crucis
3273 1667 3431 1738 ligno
3454 1668 3712 1735 adorato,

2076 1758 2272 1815 statim
2307 1773 2616 1828 processus
2646 1772 2714 1812 ex
2745 1757 3015 1812 mandato
3045 1757 3238 1811 datur.
3282 1759 3432 1812 Hora
3453 1761 3712 1814 secunda

2078 1847 2597 1917 mediaimperalor
2618 1845 2965 1916 procedit,et
2988 1862 3090 1917 per
3110 1845 3262 1917 daph
3274 1863 3428 1911 nem,
3451 1849 3709 1903 accensis

2073 1937 2136 1993 In
2191 1936 2318 2007 ejus
2360 1935 2612 1991 oratorio
2652 1934 2857 1999 cereis,
2907 1938 2974 1989 ut
3005 1935 3170 2003 solet,
3202 1935 3358 1990 venit
3386 1940 3443 1990 et
3464 1936 3707 1992 cubicu-

2073 2026 2196 2081 lum
2239 2024 2559 2096 augustalis
2615 2024 2940 2094 ingressus,
2989 2027 3206 2078 mutato
3265 2022 3543 2078 dibetesio
3575 2040 3703 2092 suo,

2073 2120 2303 2185 tempus
2329 2111 2715 2184 praestolatur.
2749 2111 2870 2175 Quo
2902 2111 3184 2176 veniente,
3219 2111 3528 2166 monitusa
3558 2113 3705 2167 ceri-

2068 2203 2400 2260 moniarum
2431 2202 2714 2272 magistro
2762 2201 3133 2272 praepositus,
3165 2201 3236 2255 ad
3290 2199 3700 2271 imperatorem

2069 2292 2392 2366 ingreditur
2420 2292 2592 2362 eique
2623 2296 2856 2361 tempus
2900 2290 3103 2345 adesse
3138 2289 3375 2345 indicat.
3422 2291 3474 2344 Is
3506 2290 3705 2345 tunica

2068 2399 2197 2450 sua,
2228 2387 2292 2438 ut
2321 2398 2446 2437 mos
2475 2385 2586 2449 est,
2618 2380 2883 2442 indutus,
2919 2379 3281 2450 progreditur
3319 2383 3374 2433 et
3397 2394 3498 2448 per
3526 2395 3704 2449 augu-

2063 2471 2214 2528 stale
2239 2469 2474 2538 transit,
2500 2470 2653 2524 unde
2674 2486 2708 2523 a
2729 2467 2980 2522 cubiculi
3005 2467 3283 2537 praefectis
3307 2468 3576 2536 stipatus,
3605 2483 3703 2538 per

2063 2571 2292 2619 stenum
2324 2578 2508 2617 aurea:
2540 2576 2752 2615 manus
2791 2560 2861 2614 ad
2911 2559 3264 2629 onopodium
3313 2558 3576 2612 ascendit
3603 2574 3616 2612 :
3643 2559 3699 2612 in

2063 2661 2224 2724 porta
2253 2667 2412 2707 aenea
2443 2654 2696 2706 stantem
2731 2648 2958 2720 patricii
2988 2653 3045 2703 et
3075 2647 3330 2717 strategi,
3362 2647 3515 2700 inter
3553 2662 3700 2716 quos

2061 2743 2280 2799 medios
2303 2739 2740 2797 cerimoniarius
2766 2742 2934 2804 astat,
2958 2736 3268 2806 excipiunt,
3300 2740 3358 2790 et
3389 2742 3698 2806 postquam

2059 2847 2264 2887 omnes
2285 2829 2694 2898 imperatorem
2727 2827 3061 2894 adorarunt,
3083 2825 3428 2896 praepositus
3458 2841 3486 2878 a
3520 2841 3696 2878 man-

2059 2923 2192 2976 dato
2213 2919 2441 2989 signum
2465 2916 2871 2973 cerimoniario
2905 2916 3024 2983 dat,
3045 2915 3143 2986 qui
3168 2914 3336 2968 dicit:
3367 2934 3391 2964 ιι
3425 2913 3694 2978 Jubete;»

2056 3008 2297 3081 posthac
2344 3008 2614 3062 universo
2662 3006 2892 3061 senatui
2922 3004 3115 3074 juncti
3163 3004 3234 3058 ad
3276 3002 3690 3058 consistorium

2054 3099 2288 3154 abeunt.
2317 3098 2636 3167 imperator
2665 3093 2777 3148 sub
2831 3091 3184 3147 camelauciu
3229 3091 3286 3145 in
3331 3089 3520 3160 lapide
3561 3107 3694 3160 por-

289 3187 384 3241 καὶ
419 3207 648 3248 στάντος
695 3184 860 3242 αυτοῦ
906 3185 958 3241 ἐν
1009 3188 1078 3260 τῇ
1109 3185 1256 3258 πύλῃ
1303 3188 1371 3259 τῇ
1422 3183 1632 3261 χαλκῇ,
1685 3182 1941 3259 δέχονται

2071 3186 2358 3258 phyretico
2388 3189 2525 3252 stat,
2557 3185 2813 3254 dumque
2844 3181 3068 3252 patricii
3106 3196 3235 3234 cum
3283 3184 3489 3234 senatu
3515 3179 3698 3250 proci-

294 3277 458 3332 αύτὸν
523 3275 695 3331 ἐκεῖσε
744 3275 1023 3350 πατρίκιοι
1069 3276 1160 3330 καὶ
1209 3275 1524 3351 στρατηγοὶ,
1588 3275 1678 3328 καὶ
1737 3273 1949 3330 ’ἰσταται

302 3368 468 3441 μέσον
501 3365 682 3422 αὐτῶν
731 3368 760 3420 6
807 3368 906 3434 τῆς
944 3365 1346 3437 καταστάσεως,
1387 3365 1476 3419 καὶ
1524 3362 1735 3418 πάντων
1781 3383 1954 3438 προσ-

299 3455 674 3528 κυνησάντων,
723 3455 862 3510 νεύει
904 3455 932 3508 6
975 3456 1339 3530 πραιπόσιτος
1391 3455 1497 3508 ἂπό
1537 3450 1835 3513 κελεύσεως
1874 3456 1956 3523 τῷ

2065 3277 2236 3344 dunt,
2276 3273 2630 3346 praepositus
2681 3269 3004 3326 silentiario
3052 3285 3083 3324 e
3130 3270 3429 3335 mandato,
3485 3267 3545 3322 in
3577 3267 3700 3321 loco

2064 3363 2319 3422 inferiori
2383 3361 2716 3426 constituto,
2768 3358 3004 3430 signum
3061 3359 3180 3427 dat,
3232 3359 3282 3412 is
3314 3356 3500 3412 dicit:
3540 3376 3561 3406 ι
3593 3354 3702 3410 Ju—

2065 3452 2214 3506 hete.
2251 3469 2278 3496 »

303 3555 405 3618 τῆς
453 3546 854 3618 καταστάσεως,
901 3545 991 3600 καὶ
1039 3543 1210 3621 λέγει.
1264 3569 1293 3597 ‹‹
1334 3543 1631 3612 Κλεύσατε,
1679 3563 1706 3596 ι
1775 3542 1866 3597 καὶ
1941 3541 2040 3605 εἶθ’
2093 3537 2267 3599 οὕτως
2335 3531 2688 3610 κατέρχονται
2741 3531 2791 3583 οἱ
2841 3528 2992 3582 αύτοί
3063 3526 3115 3580 ὲν
3174 3529 3252 3597 τῷ
3307 3525 3702 3598 κονσιστωρίῳ,

293 3612 585 3710 ἑνούμενοι
641 3639 710 3710 τῇ
778 3612 1070 3709 συγκλήτῳ
1117 3612 1340 3708 ’ἁπάσῃ
1417 3634 1478 3691 Ὁ
1554 3629 1611 3687 δὲ
1691 3629 1944 3706 βασιλεὺς
2001 3627 2220 3683 ἵσταται
2280 3622 2533 3710 ὑποκάτω
2579 3622 2684 3710 τού
2737 3613 3105 3710 καμελαυκίου
3172 3612 3368 3710 έν-τῷ
3437 3616 3702 3710 πορφυρῷ

300 3699 466 3797 λίθω,
544 3723 634 3779 καὶ
687 3699 984 3779 ⁵πεσόντων
1081 3728 1188 3779 τῶν
1262 3699 1562 3796 πατρικίων
1643 3720 1777 3794 μετὰ
1865 3725 1966 3788 τῆς
2040 3714 2375 3790 συγκλήτου,
2450 3709 2590 3765 νεύει
2667 3709 2694 3762 ὁ
2767 3704 3124 3779 πραιπόσιτος
3199 3705 3278 3772 τῷ
3355 3699 3699 3772 σιΛεντιαρίῳ

289 3815 399 3872 ἀπὸ
431 3814 733 3878 κελεύσεως
768 3819 850 3888 τῷ
888 3815 1082 3870 ἑστῶτι
1113 3813 1284 3885 κάτω,
1314 3815 1559 3875 κάκεῖνος
1593 3811 1757 3888 λέγει’
1793 3835 1821 3862 ‹‹
1857 3808 2178 3865 Κελεύσατε.
2213 3829 2241 3857 »

365 3910 442 3963 B‘.
513 3905 615 3960 Καὶ
674 3903 1098 3980 δηριγευόμενος
1166 3904 1253 3959 ὑπ’
1324 3902 1495 3958 αὐτῶν
1567 3903 1594 3957 6
1665 3897 1948 3976 βασιλεὺς,

295 3994 577 4072 διέρχεται
607 3993 698 4050 διὰ
742 3999 850 4050 τῶν
900 3989 1266 4050 έκσκουϐίτων
1305 3994 1395 4048 καὶ
1433 3997 1542 4048 τῶν
1575 3990 1822 4066 σχολῶν,
1856 3991 1942 4045 καὶ

294 4085 576 4160 ὶξέρχεται
618 4085 718 4154 τήν
788 4081 1032 4158 μεγάλην
1083 4081 1266 4151 πύλην
1321 4087 1419 4150 τῆς
1486 4081 1729 4159 χαλκῆς,
1777 4080 1843 4134 τὰ
1891 4077 1948 4132 οὶ

301 4173 445 4250 μέρη
483 4172 723 4227 ἷστανται
753 4169 805 4227 ἔν
853 4176 973 4233 ταῖς
1035 4171 1278 4225 στάσεσιν
1336 4169 1536 4238 αὐτῶν,
1587 4168 1949 4246 σφραγίζοντα

294 4263 387 4317 τὸν
425 4260 655 4338 βασιλέα
719 4261 809 4316 καὶ
870 4259 1056 4332 μόνον,
1117 4258 1338 4334 λέγουσι
1388 4255 1445 4314 δὲ
1491 4259 1580 4314 καὶ
1621 4259 1673 4313 οἱ
1703 4257 1947 4331 νοτάριοι

291 4351 419 4414 τοὺς
453 4347 708 4423 ἰάμϐους.
761 4350 857 4404 Καὶ
913 4347 1170 4404 εἰσελθὼν
1221 4350 1249 4403 ὁ
1305 4346 1557 4423 βασιλεὺς
1603 4346 1656 4401 ἐν
1701 4351 1768 4420 τῇ
1801 4345 1948 4418 πύλῃ

287 4444 388 4496 τοῦ
434 4440 592 4514 ἁγίου
641 4438 890 4517 φρέατος,
940 4439 1096 4492 ἅπτει
1149 4438 1360 4510 κηροὺς
1408 4437 1497 4491 καὶ
1530 4437 1769 4510 εὑχεται·
1814 4437 1840 4489 6
1892 4432 1949 4490 δὲ

2127 3897 2196 3952 ΙΙ.
2213 3895 2298 3952 Ab
2312 3895 2401 3950 bis
2413 3892 2667 3962 stipatus
2689 3889 3024 3960 imperator,
3040 3900 3141 3956 per
3159 3879 3694 3946 excubias,scbolas

2057 3998 2441 4056 magnamque
2473 3983 2698 4052 portam
2728 3975 2960 4032 chalces
2993 3971 3381 4045 progreditur,
3414 3969 3692 4024 factiones

2055 4076 2116 4132 in
2148 4073 2272 4129 suis
2303 4068 2675 4133 stationibus,
2694 4066 3098 4136 imperatorem
3123 4075 3290 4116 cruce
3319 4058 3621 4130 signantes
3641 4061 3699 4110 et

2057 4164 2200 4220 nihil
2236 4165 2510 4234 praeterea
2540 4161 2798 4229 agentes,
2831 4153 3068 4218 adsunt,
3099 4148 3308 4206 notarii
3339 4147 3516 4202 etiam
3549 4148 3700 4200 iam-

2058 4253 2160 4310 bos
2179 4252 2400 4307 dicunt.
2427 4250 2748 4318 Imperator
2761 4247 2982 4314 portam
2993 4238 3180 4296 sancti
3202 4238 3352 4310 putei
3368 4237 3690 4308 ingressus,

2057 4357 2255 4399 cereos
2287 4337 2556 4394 accendit
2593 4339 2649 4390 et
2697 4335 2985 4404 precatur,
3038 4327 3365 4401 patriarcha
3402 4341 3534 4381 vero
3565 4339 3694 4380 eum

2059 4434 2117 4487 in
2145 4435 2331 4502 porta,
2363 4445 2396 4481 a
2431 4439 2596 4481 sacro
2626 4427 2795 4493 puteo
2853 4421 2924 4476 ad
2978 4417 3256 4489 templum
3291 4416 3553 4485 ducente,
3603 4430 3694 4469 ex-

286 4502 928 4604 πατριάρχηςυδέχεται
974 4527 1065 4581 τὸν
1127 4502 1354 4601 βασιλέα
1383 4527 1458 4588 εἰς
1498 4502 1809 4595 τὴνσπύλην
1845 4524 1944 4592 τήν

2071 4517 2383 4592 :ipit,unde
2395 4519 2527 4586 post
2542 4515 2805 4567 mutuam
2823 4507 3214 4563 adorationem
3229 4509 3286 4560 et
3296 4502 3694 4559 salutationem

293 4617 618 4694 εἰσάγουσαν
647 4614 755 4671 ἀπὸ
785 4619 881 4671 τοῦ
929 4615 1091 4689 ἁγίου
1125 4610 1351 4691 φρέατος
1398 4613 1476 4676 εἰς
1521 4612 1613 4669 τὸν
1668 4612 1816 4682 ναὸν,
1855 4612 1946 4666 καὶ

287 4707 774 4782 προσχυνήσαντες
820 4702 1110 4774 ἀλλήλους
1172 4703 1263 4759 καὶ
1330 4701 1722 4776 ἀσπασάμενοι,
1773 4700 1942 4774 εἰσέρ-

294 4815 490 4873 χονται
521 4795 600 4857 εἷς
630 4795 723 4850 τὸν
771 4793 919 4851 ναόν.
953 4795 1015 4852 Ὁ
1066 4791 1124 4848 δὲ
1177 4791 1458 4868 βασιλεὺς,
1501 4793 1682 4847 ἅπτων
1715 4791 1940 4865 κηροὺς,

294 4884 522 4964 εὔχεται
559 4882 863 4958 ἔμπροσθεν
909 4886 1017 4937 τῶν
1068 4881 1240 4958 ἁγίων
1284 4884 1480 4957 θυρῶν,
1529 4881 1618 4934 καὶ
1659 4879 1941 4952 εὐξάμενος

297 4974 604 5053 εἰσέρχεται
671 4971 748 5034 εἰς
828 4973 890 5026 τὸ
954 4973 1358 5043 θυσιαστήριον,
1423 4969 1512 5024 καὶ
1563 4970 1942 5043 προσκυνήσας

292 5065 393 5133 τὴν
452 5064 610 5140 ἁγίαν
667 5063 932 5138 τράπεζαν
992 5062 1080 5117 καὶ
1141 5060 1448 5136 εὐξάμενος,
1506 5057 1782 5136 ἐξέρχεται
1834 5057 1938 5112 διπὸ

2060 4607 2344 4680 templum
2423 4601 2853 4674 ingrediuntur.
2943 4597 3264 4666 Imperator
3311 4593 3384 4648 ad
3458 4597 3693 4680 sanctas

2046 4679 2263 4772 januas
2310 4709 2444 4751 cum
2505 4689 2684 4747 cereis
2727 4684 2987 4742 accensis
3045 4689 3331 4754 precatur,
3369 4679 3691 4736 sacrarium

2055 4792 2257 4853 intrat,
2315 4785 2632 4850 sanctaque
2679 4791 2882 4833 mensa
2931 4773 3190 4838 adorata,
3249 4775 3518 4842 precatur
3557 4773 3614 4822 et
3659 4784 3690 4821 e

2052 4879 2274 4933 bemate
2291 4871 2426 4937 abit,
2460 4882 2674 4940 perque
2707 4863 2922 4922 soleam
2953 4860 3183 4918 transit.
3207 4859 3368 4914 Unde
3384 4869 3690 4927 egressuro

2053 4962 2400 5040 praepositus
2431 4973 2659 5014 cereum
2701 4949 3183 5040 processionalem
3231 4945 3426 5040 tradit,
3460 4942 3687 5040 statim-

2055 5031 2512 5128 que—troparium
2536 5042 2922 5120 processionis
2947 5057 2961 5097 :
2987 5037 3212 5095 «Hodie
3242 5031 3446 5090 salutis
3478 5031 3686 5084 nostrae

1669 5230 1901 5290 νΑΒιιΕ
1941 5225 2354 5288 LECTIONES.

360 5381 441 5452 δὴ
474 5381 612 5453 αὓτη
645 5380 736 5438 ed.
814 5381 834 5415 ⁷
859 5377 960 5434 ὑπὸ
992 5375 1260 5456 χρυσοκλ.
1304 5379 1430 5436 cod.

1348 5531 1551 5590 JOAN.
1582 5531 1721 5588 JAC.
1756 5527 2015 5588 REISKII
2053 5520 2628 5584 COMMENTARIUS.

359 5684 468 5757 (31)
498 5683 723 5756 Nempe
748 5679 960 5753 jejunii
982 5677 1524 5753 quadragesimalis.
