4152 6302
435 377 553 436 403

1515 370 2042 434 CONSTANTINI
2090 369 2783 433 PORPHYROGENITI

3726 371 3838 430 404

438 510 635 578 caput,
670 528 698 556 »
730 523 931 564 omnes
963 523 1157 562 cereos
1187 509 1449 562 tenentes
1473 504 1803 559 ordiuntur.
1837 503 1937 558 97
1974 503 2081 558 Im-

2192 505 2291 556 τοῦ
2344 502 2593 576 βήματος
2634 499 2724 554 καὶ
2775 496 3050 572 διέρχεται
3100 494 3190 551 διὰ
3235 503 3338 566 τῆς
3383 495 3646 561 σωλαίας.
3693 500 3836 558 Μέλ.

437 596 1523 668 perator,omnibuscomitantibus.per
1537 593 2084 663 mediumtemplum

436 688 669 754 transit,
727 692 786 742 et
843 703 944 758 per
1002 691 1192 757 regias
1251 692 1446 756 portas
1513 683 1813 755 egreditur
1870 698 2088 754 perque

437 776 772 831 narthecem
820 773 1124 845 baptisteri
1156 777 1214 828 et
1250 772 1511 845 athyrem
1544 787 1611 828 ac
1640 771 1918 840 millium,
1948 772 2084 826 inde

435 883 539 938 per
569 867 821 921 mediam
845 863 1156 930 transiens,
1175 863 1246 918 ad
1279 864 1464 918 forum
1488 868 1547 919 et
1567 862 1904 918 columnam
1935 865 2081 918 tem-

437 953 533 1026 plo
616 953 814 1008 Sancti
861 951 1224 1008 Constantini
1283 951 1606 1023 proximam
1693 951 1917 1023 pergit;
1979 951 2081 1006 ubi

432 1041 655 1114 gradus
689 1041 787 1114 qui
830 1046 967 1096 ante
998 1041 1283 1113 templum
1344 1048 1483 1095 sunt
1547 1039 1830 1107 ascendit,
1888 1041 1946 1094 et
1999 1037 2080 1093 ibi

434 1130 810 1199 constitutus,
860 1131 1060 1187 dextro
1123 1128 1508 1185 cancellorum
1557 1128 1724 1184 lateri
1772 1126 2077 1183 incumbit.

436 1220 499 1275 in
517 1219 665 1275 hanc
691 1219 1303 1284 scalamascensurus,
1320 1217 1809 1290 processionalem
1847 1232 2079 1274 cereum

441 1311 754 1381 praeposito
785 1310 993 1373 reddit,
1026 1308 1255 1365 Patricii
1287 1317 1341 1364 et
1371 1317 1610 1364 senatus
1637 1324 1820 1380 prope
1856 1307 2077 1362 colum-

443 1413 605 1465 nam,
658 1398 878 1468 reliqua
937 1397 1126 1452 ofﬁcia
1183 1397 1319 1452 bino
1392 1395 1529 1452 inde
1585 1397 1646 1451 in
1695 1398 1888 1451 media
1946 1396 2078 1464 fori,

435 1487 884 1558 protospatharii
944 1493 1001 1542 et
1041 1487 1248 1558 reliqui
1299 1487 1668 1557 imperatoris
1711 1483 1968 1540 ministri
2009 1486 2078 1540 ad

447 1575 711 1632 dextram
741 1581 798 1631 et
826 1575 1126 1631 sinistram
1159 1577 1288 1646 ejus
1319 1575 1377 1629 in
1410 1575 1600 1630 medio
1633 1575 1755 1631 foro
1787 1581 2002 1631 astant.

2197 587 2354 644 λοντι
2415 586 2471 644 δὲ
2526 587 2836 664 ἐξέρχεσθαι
2890 589 2988 655 τὴν
3042 584 3301 656 σωλαίαν,
3347 583 3660 642 ἐπιδίδωσιν
3695 590 3834 662 αὐτῷ

2199 679 2227 734 6
2257 679 2618 754 πραιπὸσιτος
2647 677 2837 751 κηρίον
2888 675 3205 746 λιτανίκιον,
3267 675 3355 730 καὶ
3408 675 3602 740 εὐθέως
3636 680 3830 752 άρχον-

2191 793 2278 827 ται
2326 772 2388 826 τὸ
2436 771 2730 848 τροπάριον
2771 776 2870 839 τῆς
2920 770 3133 843 ἑορτῆς·
3177 794 3194 818 ι
3234 771 3490 843 Σήμερον
3521 771 3619 838 τῆς
3660 791 3832 842 σωτη-

2193 861 2312 936 ρίας
2343 861 2505 934 ἡμῶν
2535 862 2597 916 τὸ
2627 857 2941 939 κεφάλαιον,
2976 883 3005 910 ››
3053 860 3308 933 κρατοῦσι
3350 854 3407 912 δὲ
3455 858 3619 932 κηρία
3669 859 3830 915 ἅπαν-

2190 971 2299 1012 τες.
2354 951 2452 1005 Καὶ
2513 947 2935 1023 δηριγευόμενος
2997 948 3099 1002 ὑπὸ
3156 947 3371 1002 πάντων
3449 947 3477 1001 6
3558 946 3828 1022 βασιλεὺς,

2191 1035 2466 1113 διέρχεται
2524 1039 2687 1110 μέσον
2735 1041 2832 1092 τοῦ
2904 1041 3032 1091 ναοῦ
3101 1036 3190 1090 καὶ
3249 1035 3524 1110 ἐξέρχεται
3583 1033 3671 1090 διὰ
3727 1038 3828 1092 τῶν

2193 1126 2493 1202 βασιλικῶν
2525 1127 2740 1198 πυλῶν,
2790 1123 3149 1201 διερχόμενος
3198 1122 3286 1180 διὰ
3329 1145 3386 1180 τε
3423 1130 3520 1180 τοῦ
3569 1127 3828 1200 νάρθηκος

2186 1220 2284 1270 τοῦ
2317 1217 2590 1291 λουτῆρος
2619 1217 2709 1271 καὶ
2758 1219 2854 1270 τοῦ
2901 1215 3092 1288 ἀθύρα,
3142 1211 3414 1288 ἐξέρχεται
3445 1212 3499 1268 ἐν
3530 1217 3609 1284 τῷ
3641 1213 3828 1286 μιλίῳ,

2187 1306 2426 1362 κάκεῖθεν
2489 1303 2765 1381 διέρχεται
2819 1306 2919 1375 τὴν
2978 1305 3146 1379 μέσην
3201 1304 3290 1358 καὶ
3343 1304 3631 1382 ἀνέρχεται
3677 1305 3727 1360 ἐν
3757 1310 3830 1377 τῷ

2190 1395 2366 1470 φόρῳ,
2398 1395 2489 1450 καὶ
2521 1394 2770 1450 ἀπελθὼν
2825 1395 2991 1469 μέχρι
3032 1397 3130 1447 τοῦ
3177 1392 3380 1460 κίονος,
3431 1388 3556 1457 ἔνθα
3585 1392 3830 1468 καθίδρυ-

2185 1505 2271 1538 ται
2322 1485 2349 1538 ὁ
2398 1484 2524 1546 ναὸς
2571 1487 2668 1538 τοῦ
2715 1485 2901 1559 Ἀγίου
2950 1483 3384 1551 Κωνσταντίνου,
3434 1481 3723 1560 ἀνέρχεται
3767 1484 3830 1539 τὰ

2184 1567 2491 1646 ἔμπροσθεν
2539 1569 2817 1647 γραδήλια
2880 1575 2977 1626 τοῦ
3027 1574 3182 1640 ναοῦ,
3232 1572 3324 1625 καὶ
3383 1570 3593 1626 ἳσταται
3643 1570 3830 1645 ἐκεῖσε,

431 1658 848 1737 ἐπακουμϐίζων
913 1667 993 1734 τῷ
1052 1661 1208 1734 δεξιῷ
1278 1661 1427 1737 μέρει
1494 1666 1591 1718 τοῦ
1665 1661 1998 1739 καγκέλλου.
2069 1662 2259 1716 Ἦνίκα
2319 1659 2375 1716 δὲ
2445 1660 2636 1734 μελλει
2706 1662 3025 1735 ἀνέρχεσθαι
3075 1661 3142 1716 τὰ
3207 1659 3344 1714 αὐτά
3396 1661 3586 1735 βάθρα,
3646 1658 3830 1716 δίδωσι

430 1755 512 1822 τῷ
575 1749 919 1825 πραιποσίτῳ
987 1750 1047 1802 τὸ
1114 1746 1412 1803 λιτανίκιον
1479 1747 1700 1818 κηπίον.
1783 1749 1850 1807 Οἱ
1916 1745 1974 1803 δὲ
2020 1747 2296 1822 πατρίκιοι
2345 1748 2435 1802 καὶ
2490 1750 2523 1816 ἡ
2578 1746 2882 1823 σύγκλητος
2923 1744 3173 1801 ’ίστανται
3240 1747 3387 1801 κάτω
3437 1744 3672 1816 πλησίον
3728 1752 3830 1802 τῶν

430 1839 652 1908 κιόνων,
702 1836 909 1911 ὁμοίως
957 1836 1048 1892 καὶ
1097 1838 1147 1891 οἱ
1192 1835 1383 1892 λοιποὶ
1426 1842 1535 1892 τῶν
1587 1838 1878 1913 ταγμάτων
1923 1833 2163 1892 ’ἰσταντδι
2212 1835 2264 1890 ἐν
2311 1841 2380 1910 τῇ
2434 1835 2568 1910 μέσῃ
2613 1839 2713 1890 τοῦ
2763 1837 2933 1912 φόρου
2985 1832 3126 1891 ἔνθεν
3181 1834 3417 1892 κάκεῖσε.
3468 1836 3536 1893 Oi.
3586 1835 3644 1892 δὲ
3686 1857 3835 1910 πρω-

433 1926 787 2002 τοσπαθάριοι
827 1929 915 1982 καί
947 1927 999 1981 οἱ
1031 1924 1218 1982 λοιποὶ
1272 1925 1549 2003 βασιλικοὶ
1591 1924 1837 1982 ’ίστανται
1884 1924 1944 1981 ἐκ
1991 1924 2176 1996 δεξιῶν
2217 1928 2314 1980 τοῦ
2368 1921 2636 2000 βασιλέως
2669 1923 2721 1980 ἐν
2751 1929 2820 2000 τῇ
2855 1925 2992 1999 μέσῃ
3024 1929 3121 1980 τοῦ
3152 1924 3344 2002 φόρου,
3377 1924 3633 1988 ὡσαύτως
3664 1927 3756 1981 καὶ
3785 1924 3832 1998 ἐξ

437 2013 741 2089 ἀριστερᾶς.

515 2107 612 2162 ΙΙΙ.
649 2105 984 2162 Patriarcha
1031 2120 1165 2162 cum
1207 2103 1458 2162 solemni
1509 2105 1789 2162 comitatu
1841 2121 1943 2176 per
1988 2120 2081 2160 eos

2266 2107 2338 2158 I".
2372 2095 2710 2159 Καταλαϐὼν
2763 2099 2820 2156 δὶ
2867 2102 2894 2156 ὁ
2943 2100 3295 2177 πατριάρχης
3347 2100 3481 2173 μετά
3525 2103 3624 2169 τῆς
3657 2099 3835 2172 λιτῆς,

443 2195 663 2252 medios
711 2195 987 2266 procedit,
1083 2197 1276 2265 patres
1325 2194 1638 2266 conscripti
1714 2194 1773 2248 in
1845 2193 2081 2250 sinistro

2193 2187 2470 2269 διέρχεται
2507 2190 2669 2262 μέσον
2717 2191 2921 2260 αὐτῶν,
2969 2190 3031 2245 τὸ
3087 2187 3142 2244 δὲ
3189 2188 3499 2262 πολίτευμα
3537 2193 3650 2262 (32)
3677 2189 3836 2246 ’ἰσταο

435 2284 826 2356 processionis
856 2282 1034 2340 latere
1054 2300 1232 2356 prope
1263 2288 1534 2340 senatum
1566 2283 1817 2357 (mdiﬁeii
1867 2299 2082 2340 nomen

441 2374 577 2446 est),
619 2373 863 2445 orphani
903 2374 961 2428 in
1009 2374 1201 2430 media
1232 2391 1533 2446 procerum
1583 2378 1760 2431 stant.
1812 2373 2081 2446 Dumque

440 2481 579 2520 crux
616 2480 716 2536 per
744 2464 980 2536 gradus,
1014 2465 1110 2519 ubi
1133 2464 1446 2535 imperator
1468 2470 1608 2533 stat,
1642 2481 1948 2521 ascensura
1969 2469 2080 2533 est,

435 2568 630 2608 cereos
661 2553 947 2620 accendit,
979 2555 1035 2607 et
1063 2567 1235 2609 cruce
1255 2554 1513 2621 adorata,
1563 2569 1661 2609 eos
1710 2552 1901 2608 statim
1935 2570 2083 2623 pra:-

429 2635 747 2710 ’posito,bic
785 2638 1235 2696 cerimoniarum
1257 2639 1534 2712 magistro
1572 2639 2079 2711 tradit,quieosin

437 2727 810 2785 candelabris
841 2728 1227 2800 processionis
1271 2730 1516 2799 reponit.
1570 2731 1719 2784 Crux
1775 2729 1835 2784 in
1891 2730 2081 2786 media

443 2833 592 2889 pone
616 2817 1021 2888 imperatorem
1053 2833 1232 2889 prope
1252 2817 1451 2889 templi
1489 2822 1712 2890 portam
1743 2816 2076 2887 collocatur,

442 2901 770 2974 patriarcha
801 2919 931 2958 vero
962 2917 1096 2957 cum
1121 2902 1191 2958 iis
1221 2903 1321 2975 qui
1355 2920 1471 2958 una
1502 2919 1636 2960 cum
1660 2904 1785 2974 ipso
1817 2921 1919 2976 pro
1953 2921 2078 2960 mo-

442 3006 503 3046 re
535 2992 914 3058 advenerunt,
937 2990 996 3044 in
1055 2991 1362 3047 ecclesiam
1412 2993 1714 3060 ascendit;
1755 2993 1944 3048 caeteri
1975 3009 2078 3048 au-

441 3083 559 3134 tem
592 3085 650 3135 et
671 3078 864 3136 clerici
896 3079 1046 3134 infra
1068 3095 1200 3133 cum
1239 3079 1439 3150 populi
1475 3080 1642 3135 turba
1674 3081 1746 3135 ad
1777 3080 2078 3136 sinistram

443 3168 813 3238 imperatoris
843 3169 1056 3221 astant.
1093 3167 1281 3222 Finita
1310 3173 1566 3235 externa,
1599 3183 1794 3225 cereos
1823 3168 2079 3239 impera-

438 3259 528 3311 tor
557 3255 818 3311 accendit
847 3259 903 3310 et
933 3259 1221 3325 precatur,
1255 3256 1462 3313 deinde
1492 3273 1591 3313 eos
1623 3274 1826 3314 rursus
1858 3274 2075 3329 praepo-

440 3344 575 3414 sito,
599 3342 694 3399 hic
722 3342 1168 3400 cerimoniarum
1189 3345 1493 3418 magistro,
1525 3347 1723 3415 tradit,
1757 3347 1857 3418 qui
1887 3363 1985 3404 eos
2015 3347 2076 3402 in

2190 2301 2278 2335 ται
2310 2278 2362 2334 ἒν
2390 2285 2470 2353 τῷ
2521 2281 2787 2356 ἀριστερῷ
2835 2281 2983 2356 μέρει
3035 2286 3135 2348 τῆς
3189 2276 3562 2354 προελεύσεως
3603 2278 3738 2352 πρὸς
3776 2281 3834 2335 τὸ

2193 2375 2430 2440 σινᾶτον,
2487 2369 2554 2424 τά
2612 2366 2668 2424 δέ
2729 2369 2937 2447 ὀρφανά
2989 2367 3234 2423 ἵστανται
3289 2367 3340 2422 έν
3405 2371 3475 2441 τῇ
3540 2369 3676 2442 μέσῃ
3727 2369 3831 2423 τῶν

2189 2457 2602 2532 ἀξιωματικῶν.
2654 2458 2756 2514 Καὶ
2814 2461 2911 2513 τοῦ
2962 2460 3192 2529 σταυροῦ
3263 2453 3567 2528 μέλλοντος
3608 2457 3840 2535 ἀνέρχε-

2190 2557 2312 2610 σθαι
2367 2549 2435 2601 τὰ
2490 2544 2789 2623 γραδήλια,
2848 2542 2973 2610 ἔνθα
3031 2547 3058 2601 6
3121 2544 3373 2620 βασιλεὺς
3408 2544 3649 2614 ἵσταται,
3683 2548 3834 2601 ἅπτει

2187 2635 2392 2710 κηροὺς
2441 2637 2469 2691 6
2523 2635 2776 2711 βασιλεὺς
2820 2637 2907 2690 καὶ
2960 2640 3253 2708 προσκυνεῖ
3305 2635 3394 2690 τὸν
3448 2636 3697 2710 σταυρὸν,
3747 2637 3836 2691 καὶ

2189 2723 2341 2790 αὖθις
2389 2721 2702 2781 ἐπιδίδωσιν
2754 2724 2948 2787 αὐτοὺς
2994 2729 3076 2797 τῷ
3117 2725 3484 2799 πραιποσίτῳ,
3535 2725 3624 2779 καὶ
3674 2723 3836 2788 αὐτὸς

2186 2819 2266 2886 τῷ
2310 2821 2410 2886 τῆς
2481 2815 2882 2885 καταστάσεως,
2938 2816 3028 2870 καὶ
3089 2817 3354 2891 πήγνυσιν
3416 2813 3550 2869 αὖτά
3608 2813 3658 2868 έν
3721 2820 3837 2877 τοῖς

2192 2902 2546 2976 μανουαλίοις
2575 2911 2675 2973 τῆς
2711 2903 2894 2972 λιτῆς.
2944 2905 3005 2961 Ὁ
3060 2901 3117 2958 δὲ
3173 2904 3399 2978 σταυρὸς
3442 2901 3658 2959 ἵσταται
3692 2903 3742 2958 έν
3769 2906 3838 2976 τῇ

2191 2993 2328 3067 μέσῃ
2361 2988 2580 3056 ὄπισθεν
2620 2997 2715 3046 τοῦ
2769 2991 3042 3066 βασιλέως
3082 2990 3321 3062 πλησίον
3368 2999 3470 3062 τῆς
3518 2990 3699 3063 πύλης
3738 2997 3836 3047 τοῦ

2183 3086 2333 3152 ναοῦ,
2394 3083 2422 3136 6
2483 3079 2539 3135 δὲ
2595 3083 2945 3156 πατριάρχης
3004 3081 3291 3156 ἀνέρχεται
3341 3080 3392 3136 ἐν
3446 3085 3515 3154 τῇ
3572 3081 3839 3152 ἐκκλησίᾳ

2189 3172 2325 3244 μετὰ
2371 3175 2483 3227 τῶν
2533 3171 2672 3226 κατά
2721 3173 3002 3240 συνήθειαν
3049 3172 3459 3247 συνερχομένων
3499 3173 3664 3243 αὐτῷ·
3700 3174 3750 3226 οῖ
3785 3169 3842 3227 δὲ

2187 3259 2378 3316 λοιποὶ
2439 3258 2701 3336 κληρικοὶ
2747 3259 2994 3316 ἵστανται
3046 3266 3194 3317 κάτω
3253 3262 3329 3324 εἰς
3381 3262 3443 3317 τὸ
3503 3261 3680 3316 κοινὸν
3738 3266 3838 3317 τοῦ

2185 3347 2322 3404 λαοῦ
2379 3350 2428 3419 ἐξ
2478 3349 2762 3424 ἀριστερᾶς
2822 3354 2920 3405 τοῦ
2982 3348 3276 3426 βασιλέως,
3337 3352 3439 3407 Καὶ
3496 3350 3841 3424 τελουμένης

443 3431 817 3488 manualibus
850 3433 1240 3505 proccssionis
1289 3437 1533 3507 reponit.
1585 3439 1927 3508 Imperator,
1975 3452 2078 3509 per

2192 3446 2284 3510 τῆς
2335 3437 2600 3508 έκτενοῦς,
2655 3441 2809 3495 ἅπτει
2861 3440 2888 3494 6
2942 3437 3198 3514 βασιλεὺς
3259 3438 3464 3514 κηροῦς
3523 3439 3614 3494 καὶ
3663 3460 3840 3513 προσ-

441 3523 655 3579 scalam
682 3523 1066 3594 descendens,
1097 3540 1327 3581 cereum
1362 3527 1848 3596 processionalem
1871 3546 1903 3582 a
1933 3545 2073 3600 pm-

441 3611 630 3684 posito
660 3611 891 3683 accipit,
923 3617 981 3668 et
1007 3631 1036 3666 a
1061 3615 1346 3685 praedictis
1367 3616 1642 3671 omnibus
1676 3617 1943 3688 stipatus,
1977 3633 2079 3688 per

443 3702 759 3756 antiforum
783 3701 1094 3772 digressus,
1120 3703 1401 3774 porticum
1419 3720 1595 3776 prope
1621 3704 1771 3761 lausi
1803 3706 2080 3775 palatium

445 3789 788 3859 ingreditur,
823 3790 977 3846 unde
1008 3790 1078 3846 ad
1102 3792 1384 3863 templum
1402 3793 1800 3850 Sanctissimae
1822 3794 2080 3867 Deiparaa

445 3877 976 3950 CbaIcOpratiorum
1027 3881 1284 3949 procedit
1313 3886 1370 3936 et
1419 3882 1478 3936 in
1527 3883 1796 3938 narthece
1839 3884 2079 3949 assidet,

448 3967 838 4037 patriarcham
899 3974 1261 4038 exspectans.
1359 3970 1478 4033 Quo
1525 3984 1655 4024 cum
1713 3975 2080 4042 processione

444 4055 730 4122 veniente,
763 4058 1000 4109 senatus
1049 4055 1212 4110 urbis
1269 4059 1327 4109 et
1377 4055 1569 4110 clerici
1612 4073 1952 4114 communes
1984 4076 2082 4130 per

442 4144 705 4198 dextram
739 4150 957 4212 portam
990 4143 1273 4212 regiarum
1303 4142 1545 4212 intrant,
1569 4145 1832 4214 orphani,
1867 4153 2077 4204 metro-

445 4231 636 4302 politaa
668 4235 725 4286 et
754 4231 1008 4302 episc0pi
1034 4231 1093 4285 in
1124 4236 1435 4302 conspectu
1481 4233 1848 4306 imperatoris
1887 4240 2078 4293 trans-

449 4323 611 4386 eunt,
670 4333 851 4388 eoque
903 4318 1162 4388 adorato,
1209 4335 1310 4390 per
1338 4320 1525 4392 regias
1562 4323 1776 4392 januas
1798 4325 2080 4397 templum

445 4406 868 4479 ingrediuntur.
902 4408 1004 4464 98
1029 4409 1382 4467 Adveniente
1395 4412 2083 4487 patriarcha,imperator

2187 3529 2430 3604 εὔχεται,
2481 3529 2572 3583 καὶ
2605 3526 2770 3583 πάλιν
2803 3526 3114 3584 ἐπιδίδωσιν
3157 3530 3293 3584 αὐτά
3340 3533 3418 3602 τῷ
3465 3530 3835 3604 πραιποσίτῳ,

2189 3617 2432 3678 κάκεῖνος
2484 3621 2564 3688 τῷ
2611 3623 2712 3686 τῆς
2769 3618 3170 3688 καταστάσεως,
3225 3617 3316 3673 καὶ
3373 3621 3641 3696 πήγνυσιν
3701 3617 3843 3674 αὗτά

2190 3705 2244 3762 ἐν
2273 3712 2391 3770 τοῖς
2439 3713 2540 3777 τῆς
2570 3705 2731 3778 λιτῆς
2763 3706 3140 3780 μανουαλίοις.
3172 3709 3230 3762 Ὃ
3262 3706 3319 3764 δέ
3351 3707 3604 3784 βασιλεὺς
3636 3709 3841 3784 κατέρ-

2192 3817 2347 3874 χεται
2409 3793 2497 3851 διὰ
2551 3799 2657 3850 τῶν
2717 3797 2951 3870 βάθρων,
3017 3797 3104 3850 καὶ
3184 3793 3451 3871 λαμϐάνει
3525 3799 3670 3871 παρά
3740 3802 3844 3852 τοῦ

2190 3883 2552 3959 πραιποσίτου
2595 3885 2787 3960 κηρίον
2844 3884 3140 3942 λιτανίκιον
3184 3887 3276 3941 καὶ
3328 3884 3626 3962 διέρχεται,
3680 3885 3844 3961 δηρι-

2193 3975 2491 4049 γευὸμενος
2548 3974 2652 4028 ὑπὸ
2702 3978 2812 4029 τῶν
2845 3974 3257 4049 προειρημένων
3311 3975 3584 4045 ἀπάντων,
3626 3973 3713 4030 διὰ
3739 3979 3844 4030 τοῦ

2191 4060 2484 4140 ἀντιφόρου
2516 4063 2649 4135 (33),
2693 4061 2782 4116 καὶ
2832 4062 3136 4138 εἰσέρχεται
3186 4063 3237 4118 ἐν
3282 4067 3362 4136 τῷ
3410 4059 3638 4137 ἐμϐόλῳ
3688 4061 3843 4134 πλη-

2192 4149 2305 4204 σίον
2355 4154 2450 4204 τοῦ
2497 4149 2724 4219 λαύσου,
2772 4151 2861 4206 καὶ
2912 4151 3016 4206 ἀπὸ
3061 4155 3170 4206 τῶν
3219 4151 3387 4207 ἐκεῖσε
3432 4152 3725 4226 ἀπέρχεται
3757 4150 3844 4213 εἰς

2187 4239 2279 4294 τὸν
2333 4239 2460 4293 ναὸν
2509 4245 2609 4308 τῆς
2668 4240 2987 4315 Ὑπεραγίας
3037 4241 3302 4296 θεοτόκου
3347 4244 3456 4296 τῶν
3505 4240 3843 4314 Χαλκοπρα-

2187 4326 2371 4398 τείων,
2397 4327 2486 4382 καὶ
2520 4325 2773 4383 εἰσελθὼν
2827 4327 2879 4384 ἐν
2931 4332 3013 4402 τῷ
3061 4328 3314 4405 νάρθηκι,
3353 4329 3632 4400 καθέζεται
3663 4349 3844 4404 προσ-

2194 4415 2368 4489 μένων
2427 4417 2517 4472 τὸν
2574 4416 2946 4493 πατριάρχην.
3009 4415 3425 4482 Καταλαὸὁντος
3487 4415 3543 4474 δὲ
3597 4422 3692 4474 τοῦ
3731 4439 3846 4474 πα·-

1477 4537 1676 4595 JOAN.
1716 4539 1863 4596 JAC.
1906 4541 2166 4598 RElSKlI
2206 4542 2788 4601 COMMENTARIUS.

517 4630 632 4701 (32)
662 4631 854 4708 Patres
883 4634 1195 4708 conscripti
1226 4635 1393 4692 vertit
1438 4634 1520 4708 Cl.
1564 4636 1870 4708 interpres.
1903 4638 2079 4694 Sena-

448 4702 921 4778 tum__urba_n_um
953 4702 1266 4778 _1:o)w:e€av
1318 4705 1573 4778 appellat
1628 4702 1885 4765 Codinus
1925 4710 2079 4766 ofﬁc.

447 4772 671 4845 p.128,
699 4773 747 4825 1.
776 4771 1040 4845 Valesius
1073 4778 1141 4829 ad
1194 4771 1682 4835 Amm’fMarcell.
1719 4780 1806 4845 18,
1852 4782 1910 4834 in
1957 4779 2083 4836 loco

2191 4640 2516 4715 Procopius
2537 4655 2666 4712 pag.
2704 4641 2805 4696 168
2841 4640 2947 4715 εᾼτδ
2978 4645 3077 4715 τῆς
3108 4639 3323 4704 πόλεως
3342 4642 3604 4714 λεύκωμα
3633 4643 3842 4715 appel-

2193 4712 2293 4766 lat.
2323 4711 2452 4767 Vid.
2483 4711 2737 4785 Candor.
2772 4713 2992 4785 p.608._
3013 4714 3322 4780 PrOpterea
3351 4716 3502 4770 infra
3530 4711 3685 4785 apud
3713 4714 3845 4770 No-

2194 4789 2382 4837 strum
2418 4799 2474 4855 pg.
2507 4783 2631 4847 335,
2661 4783 2695 4850 ἡ
2731 4781 2992 4851 πολιτική
3045 4785 3183 4840 verti
3233 4802 3426 4854 corpus
3471 4781 3843 4855 magistratus

450 4842 676 4926 Libanii
714 4841 867 4926 ,τοὺς
915 4842 1396 4926 πολιτευομένους.
1428 4849 1599 4926 vertit
1653 4841 1990 4920 decuriones,
2023 4853 2077 4906 id

2192 4841 2637 4926 urbana-Potest
2658 4841 2852 4910 tamen
2884 4841 3060 4910 etiam
3107 4855 3168 4908 τὸ
3197 4841 3507 4926 πολίτευμα
3539 4841 3840 4914 innostro

453 4921 541 4994 est
573 4915 948 4996 magistratus
964 4915 1214 4997 urbanos
1236 4918 1636 4990 municipales,
1661 4929 1949 4991 quatenus
1967 4915 2083 4984 τοῖς

449 4987 704 5072 ἄρχουσι,
718 4987 898 5057 regiis
931 4987 1265 5056 o/ﬁct'alibus
1289 4987 1853 5058 opponunturIconf.
1881 4995 2080 5064 p.346,

447 5059 544 5110 Ubl
569 5055 598 5108 ὁ
639 5052 836 5127 δημος,
868 5059 1116 5126 populus,
1150 5059 1201 5112 ot
1233 5057 1568 5128 πολιτευταί,
1599 5065 1757 5129 ordo,
1791 5065 1845 5117 id
1885 5069 1972 5118 est
1997 5080 2086 5118 se-

446 5132 643 5203 natus,
675 5133 778 5203 aut
799 5129 1164 5203 decuriones,
1213 5137 1266 5185 et
1313 5129 1799 5203 otAtiEttopanxot,
1830 5134 2086 5190 honorati

445 5199 517 5252 ab
549 5197 1121 5271 auladependentes,
1153 5197 1828 5271 _contradistinguuntur.
1862 5206 2082 5260 Ibidem

446 5283 502 5346 Ρ.
537 5269 664 5346 475,
695 5268 752 5322 in
787 5268 1075 5346 Chronici
1101 5269 1472 5346 Alexandrini
1497 5268 1622 5329 loco
1641 5274 1822 5346 κόμης
1851 5275 1943 5328 καὶ
1993 5295 2089 5328 πο-

447 5336 800 5419 λιτερόμενος
853 5344 955 5419 τῆς
983 5338 1200 5402 πόλεως
1222 5344 1494 5419 _v_ertitt_1r
1529 5336 1725 5419 comes'
1759 5336 1813 5419 ξι
1845 5346 2086 5419 decurio

449 5409 718 5489 ιινᾴίξζῐη
749 5411 892 5489 ῌονἶ
921 5411 1069 5489 Just.
1114 5429 1169 5489 p_.
1219 5413 1290 5489 5_3
1319 5415 1698 5489 coniungitur
1751 5418 1787 5483 ἡ
1840 5415 2089 5489 βασιλεία

453 5478 540 5555 καί
592 5481 626 5546 ἡ
675 5478 948 5555 πολιτεία.
999 5478 1163 5555 Αρύᾴ
1223 5478 1461 5540 Cedreri.
1533 5478 1658 5542 5⁷25.
1710 5478 1896 5555 potest
1937 5487 2090 5542 πολι·

456 5547 572 5628 τρία
603 5554 704 5605 aut
749 5547 1066 5609 civitatem'
1096 5553 1394 5628 CPtanﬁam,
1425 5561 1529 5612 aut
1559 5547 1738 5613 totum
1775 5558 2085 5628 imperium

463 5623 793 5701 Romanum
845 5629 1061 5681 notare.
1121 5627 1288 5701 Apud
1330 5627 1568 5701 Procop.
1605 5623 1877 5686 anecdotf
1922 5633 2089 5701 p.11,

463 5693 774 5760 posteriore
830 5709 1005 5752 sensu
1058 5693 1329 5755 occurrit.
1362 5693 1760 5771 Magistratum
1801 5693 2087 5760 urbanum

2193 4930 2473 4999 praesente
2495 4924 2618 4980 loco
2642 4933 2822 4999 totum
2849 4942 3062 4998 corpus
3084 4927 3296 4983 civium
3321 4924 3842 4999 significareCon-

2192 4997 2453 5050 suevisse
2486 4998 2880 5063 processiones
2907 4999 2964 5052 in
2995 5003 3188 5054 certas
3210 4997 3420 5056 classes
3449 4999 3650 5067 dividi,
3683 5001 3842 5056 viro-

2192 5082 2344 5140 rum,
2365 5067 2706 5140 mulierum,
2742 5083 3079 5138 puerorum,
3104 5069 3259 5138 cieri,
3293 5079 3427 5140 ctc.,
3455 5076 3613 5140 patet
3632 5087 3662 5127 θ
3687 5071 3840 5127 Gre-

2192 5137 2338 5208 gorii
2365 5137 2442 5212 M.
2477 5137 2842 5212 processiOne
2891 5140 3216 5210 septuplici,
3248 5137 3330 5198 de
3361 5137 3474 5212 qua
3493 5141 3630 5197 alibi
3670 5141 3842 5197 dixi-

2195 5224 2345 5284 mus.
2379 5208 2973 5284 Nicetastoniates,
3022 5208 3231 5268 veteris
3269 5208 3562 5269 Graicismi
3589 5213 3840 5284 imperi-

2193 5283 2291 5334 tus
2330 5284 2388 5334 et
2417 5279 2699 5335 ridiculus
2728 5281 3042 5349 affectator,
3076 5288 3343 5339 senatum
3371 5285 3657 5339 urbanum
3677 5279 3836 5344 ’τοὺς

2193 5349 2488 5424 ἀγοραίους
2548 5351 2811 5424 nominat
2852 5357 2910 5408 et
2966 5369 3000 5408 a
3046 5355 3212 5424 regiis
3234 5355 3548 5424 distinguit
3588 5371 3638 5422 p.
3666 5355 3772 5424 216
3819 5372 3838 5410 :

2193 5417 2535 5498 ἀρκώθησαν
2595 5417 2743 5498 ἔνδον
2785 5427 2894 5498 *τοῦ
2956 5417 3215 5498 μεγίστου
3272 5423 3374 5478 νεὼ
3420 5417 3527 5478 ἀπὸ
3558 5417 3664 5479 τῶν
3698 5423 3841 5498 ἀγο-

2207 5443 2535 5488 ιιρκωσησαν
2595 5443 2743 5475 ενοον
2797 5443 2894 5477 του
2956 5443 3022 5494 με
3069 5443 3215 5479 ιστου
3272 5445 3374 5478 νεω
3423 5445 3527 5478 απο

2198 5488 2363 5566 ραίων
2395 5491 2480 5566 καὶ
2523 5497 2622 5566 τῆς
2657 5491 2938 5566 βασιλείου
2967 5443 3146 5563 αὐλῆς
3177 5496 3542 5550 πεντακόσιοι.

2266 5563 2356 5628 (33
2390 5563 2725 5620 Anteforum
2755 5574 2875 5621 erat
2905 5566 3068 5623 locus
3097 5567 3230 5622 CPli
3262 5575 3394 5624 ante
3452 5568 3638 5622 forum
3669 5565 3842 5619 Con—

2195 5633 2434 5776 ;tapégn‘i
2468 5634 2942 5707 M.,utvidetur;
3000 5638 3112 5694 vid.
3161 5638 3248 5695 Du
3309 5639 3497 5709 Gange
3525 5654 3572 5693 ν.
3624 5633 3838 5706 Φάρος,
