4180 6304
386 277 507 341 405
1242 277 1344 338 DE
1388 276 1846 340 CERIMONIIS
1888 279 2036 342 AUI.

2163 279 2635 353 BYZANTlN/E
2676 298 2822 360 LIB.
2871 300 2918 361 Ι.
3677 315 3794 378 406

385 407 660 485 τριάρχου
695 406 832 480 μετά
873 410 974 476 τῆς
1022 401 1206 477 λιτῆς,
1254 406 1317 460 τὸ
1353 406 1466 502 ⁸μὶν
1501 403 1812 502 πολίτευμα
1859 409 2036 502 καὶλτὸ

2161 415 2367 502 surgit,
2383 423 2438 475 et
2455 427 2588 492 post
2603 433 2868 486 mutuam
2887 433 3284 495 adorationem
3307 443 3363 495 et
3385 439 3794 502 salutationem

271 549 278 552 .
385 495 574 552 κοινὸν
602 497 703 549 τοῦ
737 492 956 570 κλήρου
1001 493 1307 573 εἰσέρχεται
1349 490 1438 549 διὰ
1483 500 1583 564 τῆς
1641 491 1814 565 δεξιᾶς
1869 494 2036 568 πύλης

425 589 451 600 -
528 585 558 602 η
658 583 681 602 η
760 586 788 600 ο
935 581 1006 602 ς-
1147 582 1162 602 ι
1223 579 1269 602 ω
1338 582 1352 602 .
1513 583 1528 602 ς
1658 583 1673 602 ι
1761 585 1775 602 ρ

2157 501 2443 602 abeuntet
2456 490 2595 569 ante
2611 517 2800 588 regias
2825 525 3022 592 portas
3049 490 3797 602 consistunt-:6bipata‘a:

385 589 492 641 τῶν
527 583 826 658 βασιλικῶν
855 581 1072 656 πυλῶν,
1104 582 1172 638 τά
1220 579 1280 637 δὲ
1328 582 1538 659 ὀρφανά
1583 583 1674 638 καὶ
1730 585 1782 640 οἱ
1839 606 2046 660 μητροο

1761 589 1782 684 ξ.
1839 606 2046 660 μητροο
2158 589 2267 647 cha
2315 611 2511 688 preces
2555 589 2840 665 introitus
2879 611 3100 682 recitat,
3164 616 3493 688 imperator,
3533 589 3715 677 cereis
3762 639 3795 677 a

387 671 617 730 πολῖται
692 672 784 728 καὶ
856 673 908 728 οἱ
985 671 1275 728 ἐπίσκοποι
1360 669 1668 748 διέρχονται
1744 669 2045 749 ἔμπροσθεν

2157 687 2467 780 praeposito
2498 693 2745 764 traditis,
2789 705 3076 770 precatur,
3127 709 3258 775 post
3284 722 3382 762 eos
3413 687 3621 765 rursus
3652 727 3794 780 prse~

385 767 484 820 τοῦ
554 761 846 837 βασιλέως,
910 765 1348 837 προσκυνοῦντες
1406 761 1566 816 αὐτὸν
1651 763 1692 832 ³,
1777 762 1867 816 καὶ
1943 762 2036 818 εἰσ-

2157 774 2368 840 posito,
2392 775 2486 833 hic
2507 783 2908 858 cerimonario,
2942 761 3151 848 reddit:

384 855 637 931 έρχονται
722 851 775 910 έν
857 856 939 925 τῷ
1015 857 1131 925 ναῷ
1237 849 1328 907 διὰ
1405 858 1514 907 τῶν
1584 850 1883 927 βασιλικῶν
1964 853 2177 912 πυλῶν.
2247 861 2662 934 Καταλαϐὀντος
2731 871 2788 928 δὲ
2852 849 2949 932 τοῦ
3013 881 3356 959 πατριάρχου
3423 884 3695 956 ἀνίσταται
3765 888 3792 941 6

384 944 665 1022 βασιλεὺς,
735 945 826 1001 καί
891 945 1366 1017 προσκυνήσαντες
1442 942 1727 1015 ἀλλήλους
1799 945 1888 998 καὶ
1967 945 2336 1018 ἀσπασάμενοι
2410 953 2743 1034 ἀπέρχονται
2818 967 2907 1020 καὶ
2980 942 3603 1049 ’ίσταντάίωέμπροσθεᾷ
3680 982 3788 1031 τῶν

386 1030 1258 1049 -ς-ς-..,..
1524 1031 2622 1049 ..‘-...___

385 1031 688 1112 βασιλικῶν
728 1030 939 1088 “Aa”.
981 1031 1088 1090 Καὶ
1128 1033 1156 1087 δ
1202 1033 1298 1105 μὲν
1341 1031 1689 1109 πατριάρχης
1728 1031 1942 1088 έκτελεῖ
1978 1034 2078 1102 τὴν
2123 1034 2296 1110 εὐχὴν
2334 1047 2437 1110 τῆς
2485 1030 2722 1120 εἶσύδου,
2765 1055 2793 1108 6
2835 1053 2892 1110 δὲ
2926 1058 3201 1132 βασιλεὺς,
3244 1030 3429 1118 λαοὼν
3483 1066 3630 1139 παρά
3692 1071 3789 1120 τοῦ

635 1125 646 1139 Ι
949 1121 963 1139 \
1119 1118 1146 1139 Π
1439 1123 1454 1139 \
1574 1123 1612 1139 οἱ
1750 1124 1763 1139 Ι
1849 1119 1927 1139 διδ
2147 1123 2161 1139 9
2240 1127 2251 1139 ι
2395 1136 2420 1139 ,Α

381 1125 746 1201 πραιποσίτου
802 1121 1033 1198 κηροὺς,
1089 1118 1310 1198 εὔχεται
1367 1123 1457 1178 καὶ
1514 1123 1679 1180 πάλιν
1750 1119 2062 1178 έπιδίδωσιν
2104 1123 2297 1188 αὐτοὺς
2351 1136 2433 1203 τῷ
2493 1142 2859 1216 πραιποσίτῳ,
2917 1118 3306 1224 κάκεῖνοςττῷ
3370 1161 3469 1224 τῆς

384 1235 539 1272 σεως.

459 1237 488 1270 ι)
524 1259 539 1272 .

459 1237 538 1364 AS.
595 1307 709 1364 Τοῦ
760 1304 817 1361 δέ
871 1305 1217 1381 πατριάρχου
1278 1305 1378 1373 τὴν
1445 1305 1617 1380 εὐχὴν
1693 1303 2038 1372 τελέσαντος,

386 1395 680 1471 προσκυνεὶ
739 1395 767 1449 6
828 1393 1086 1470 βασιλεὺς
1129 1394 1222 1449 τὸν
1277 1392 1462 1467 τίμιον
1543 1394 1771 1467 σταυρὸν
1827 1392 1919 1449 καὶ
1977 1395 2040 1448 τὸ
2089 1405 2096 1414 ’

391 1485 662 1560 ἄχραντον
695 1483 1056 1560 Εὗαγγέλιον,
1089 1482 1178 1538 καὶ
1217 1485 1577 1558 κρατήσαντες
1624 1481 1890 1552 ἀλλήλων
1945 1481 2038 1544 τὰς

387 1579 603 1651 χεῖρας,
648 1571 963 1648 διέρχονται
1025 1571 1186 1646 μέσον
1236 1577 1335 1627 τοῦ
1382 1576 1510 1626 ναοῦ
1551 1572 1640 1626 καὶ
1699 1571 2041 1646 εἰσέρχονται

387 1632 443 1718 ἵν
569 1632 811 1733 ⁷ιίωλαίιί
844 1660 933 1716 καὶ
966 1632 1298 1736 ἀπέρχονται
1335 1663 1503 1734 μεχρι
1551 1664 1659 1714 τῶν
1717 1632 1886 1734 ἁγίων
1948 1662 2042 1714 θυ-
2073 1632 2118 1695 Β

388 1756 520 1826 ρῶν.
579 1752 804 1807 Ἀπτων
855 1747 914 1805 δὲ
969 1748 1183 1804 κάκεῖσε
1273 1749 1476 1820 κηρούς
1552 1753 1641 1803 καὶ
1727 1747 2038 1821 εὐξάμενος,

387 1837 707 1896 ἐπιδίδωσιν
773 1837 968 1900 αὐτοὺς
1043 1843 1123 1910 τῷ
1178 1838 1544 1912 πραιποσίτῳ,
1593 1839 1684 1893 καί
1737 1837 2040 1913 εἰσέρχεται

388 1930 464 1994 είς
519 1929 582 1984 τὸ
613 1928 1021 2001 θυσιαστήριον,
1080 1928 1168 1982 καὶ
1247 1929 1624 2002 προσκυνήσας
1696 1928 1796 1996 τὴν
1883 1926 2037 2003 ἁγίαν

387 2019 656 2092 τράπεζαν
711 2018 805 2071 καὶ
861 2010 1051 2071 λαϐὼν
1110 2011 1455 2090 ἀποκόμϐιον
1506 2016 1652 2092 παρά
1711 2021 1809 2072 τοῦ
1882 2036 2044 2091 πραι-

391 2107 642 2180 ποσίτου,
688 2103 904 2175 τίθησιν
953 2104 1084 2160 αὐτὸ
1123 2105 1176 2160 ἐν
1235 2108 1304 2180 τῇ
1359 2105 1483 2181 ἁγίᾳ
1522 2105 1785 2181 τραπέζῃ,
1814 2106 1904 2162 καὶ
1953 2103 2042 2161 διὰ

393 2202 497 2265 τῆς
529 2194 766 2271 πλαγίας
821 2198 918 2250 τοῦ
967 2195 1252 2270 ἀριστεροῦ
1312 2194 1510 2269 μέρους
1564 2193 1817 2266 ἐξελθὼν,
1868 2194 2041 2271 εἰσέρ-

410 2304 566 2363 χεται
595 2283 667 2346 είς
684 2284 782 2352 τήν
812 2281 994 2357 Ἀγίαν
1031 2282 1227 2357 Σορὸν,
1255 2281 1347 2337 καὶ
1387 2283 1512 2345 στὰς
1570 2278 1871 2357 ἔμπροσθεν
1927 2289 2038 2339 τῶν

415 2371 577 2447 ἁγίων
611 2376 796 2446 θυρῶν,
826 2372 982 2428 ἅπτει
1029 2370 1254 2444 κηροὺς,
1299 2372 1388 2427 καὶ
1450 2371 1740 2445 εὐξάμενος
1795 2371 2035 2448 εἰσέρχε-

407 2485 500 2519 ται
525 2463 597 2526 είς
640 2464 700 2519 τὸ
729 2465 1126 2538 θυσιαστήριον,
1173 2464 1262 2518 καὶ
1317 2465 1694 2536 προσκυνήσας
1731 2465 1830 2533 τήν
1879 2465 2034 2538 ἁγίαν

405 2554 685 2630 τράπεζαν,
723 2552 936 2621 τίθησιν
993 2553 1076 2608 ἐπ’
1123 2551 1260 2626 αὐτῇ
1326 2547 1692 2624 ἄποκόμὸιον,
1768 2553 1855 2607 καὶ
1943 2565 2036 2617 θυ-

404 2642 597 2715 μιάσας
650 2641 827 2709 αὐτὴν
882 2639 1165 2711 κυκλόθεν,
1225 2639 1522 2715 ἐξέρχεται.
1599 2638 1872 2702 Ὡσαύτως
1945 2641 2035 2697 καὶ

393 2731 446 2786 ἐν
487 2735 563 2804 τῷ
604 2728 660 2801 ἒξ
721 2732 1005 2805 ἀριστερᾶς
1050 2731 1162 2786 ὄντι
1193 2731 1466 2804 εὐκτηρίῳ
1512 2729 1823 2803 εὐξάμενος,
1879 2731 2036 2800 τίθη-

390 2841 470 2875 σιν
503 2816 849 2892 ἆποκόμϐιον
878 2817 928 2874 ἐν
995 2824 1066 2894 τῇ
1115 2821 1243 2895 ἁγίᾳ
1297 2817 1557 2892 τραπέζῃ,
1617 2818 1708 2874 καὶ
1760 2818 2034 2894 ἐξέρχεται

389 2910 479 2966 καὶ
510 2909 801 2988 ἀνέρχεται
852 2906 940 2964 διὰ
985 2915 1085 2978 τῆς
1125 2908 1343 2979 ξυλίνης
1396 2906 1600 2970 σκάλας
1648 2907 1700 2963 ἐν
1740 2913 1859 2970 τοῖς
1915 2929 2038 2963 κατσ

3527 1157 3790 1211 καταστά-

2221 1312 2316 1370 IV.
2348 1316 2629 1377 Precibus
2666 1339 2699 1379 a
2750 1327 3100 1401 patriarcha,
3151 1333 3354 1403 ﬁnitis,
3394 1340 3783 1395 venerandam

2149 1417 2384 1462 crucem
2434 1411 2492 1463 et
2537 1409 2986 1470 immaculatum
3037 1420 3415 1490 Evangelium
3459 1425 3681 1493 adorat,
3732 1432 3790 1481 et

2153 1494 2438 1564 prehensa
2462 1500 2806 1569 patriarchae
2826 1520 3028 1574 manu,
3047 1509 3219 1564 ambo
3241 1525 3343 1580 per
3364 1513 3622 1567 medium
3648 1522 3787 1568 tem-

2153 1580 2314 1652 plum
2331 1583 2387 1639 in
2405 1586 2617 1643 soleam
2633 1588 2922 1648 intrantet
2934 1595 3006 1649 ad
3025 1597 3443 1668 sacrasjanuas
3457 1600 3690 1654 discedu
3703 1618 3733 1655 n
3747 1605 3784 1656 t.

2153 1672 2257 1729 Ubi
2312 1679 2624 1747 postquam
2673 1695 2808 1734 cum
2856 1684 3038 1739 cereis
3089 1685 3426 1742 ardentibus
3471 1688 3789 1760 imperator

2152 1767 2421 1833 precatus
2443 1769 2547 1830 est,
2571 1781 2670 1821 eos
2692 1771 2996 1840 praeposito
3019 1773 3292 1839 reddit,et
3312 1777 3624 1831 sacrarium
3642 1778 3788 1848 petit

2152 1849 2252 1904 ubi
2282 1851 2354 1906 ad
2378 1869 2536 1907 aram
2555 1858 2964 1926 procumbens,
2989 1859 3232 1916 allatum
3255 1880 3286 1917 a
3308 1866 3612 1933 praeposito
3644 1883 3784 1936 apo-

2150 1938 2447 1994 combium
2479 1941 2624 1996 inibi
2647 1944 2890 2013 reponit,
2915 1962 3132 2017 perque
3160 1948 3409 2005 sinistris
3433 1951 3614 2021 partis
3645 1953 3786 2007 obli-

2149 2027 2434 2100 quitatem
2466 2030 2538 2084 ad
2569 2036 2838 2088 sanetum
2863 2035 3196 2106 sepulcrum
3229 2037 3372 2106 abit,
3405 2045 3463 2094 et
3490 2041 3560 2094 ad
3591 2057 3782 2095 sacras

2141 2116 2358 2187 januas
2378 2119 2734 2176 constitutus
2751 2128 2810 2177 et
2834 2137 2964 2177 cum
2988 2124 3170 2180 cereis
3199 2127 3456 2182 accensis
3489 2133 3780 2199 precatus,

2148 2208 2466 2262 sacrarium
2501 2207 2700 2276 intrat,
2750 2215 3066 2282 sanctaque
3116 2229 3316 2270 mensa
3345 2216 3604 2283 adorata,
3639 2234 3778 2287 apo-

2147 2295 2443 2351 combium
2473 2295 2534 2351 in
2555 2299 2883 2368 eareponit,
2907 2306 2961 2355 et
2987 2305 3290 2372 postquam
3313 2319 3440 2358 eam
3457 2303 3780 2360 circulatim

2145 2381 2488 2452 incensavit,
2521 2385 2788 2441 discedit.
2822 2387 3034 2443 Eodem
3075 2389 3188 2445 ritu
3224 2391 3282 2446 in
3314 2393 3563 2448 oratorio
3595 2393 3665 2447 ad
3700 2394 3780 2448 si-

2147 2474 2387 2529 nistram
2405 2478 3031 2547 precatus,apocombio
3045 2480 3104 2535 in
3117 2496 3283 2536 sacra
3299 2498 3494 2539 mensa
3506 2484 3779 2556 reposito,

2145 2563 2284 2627 abit,
2301 2577 2519 2634 perque
2533 2561 2775 2634 ligneam
2792 2566 3010 2622 scalam
3025 2569 3094 2622 ad
3111 2570 3346 2625 catechu
3358 2587 3778 2636 mena,sacram

2146 2649 2446 2722 liturgiam
2491 2651 2582 2706 hic
2612 2668 2846 2725 quoque
2876 2654 3284 2728 celebraturus,
3323 2659 3462 2714 abit.
3496 2661 3778 2728 Tempore

2145 2737 2352 2792 divinae
2370 2739 2802 2795 communionis
2824 2741 2937 2797 duo
2962 2742 3348 2799 silentiariiad
3384 2745 3776 2816 patriarcham

2143 2826 2460 2880 vocandum
2473 2827 2812 2898 abeunt,qui
2834 2829 3160 2885 ascenditet
3178 2831 3498 2903 imperatori
3513 2838 3776 2888 sanctum

2145 2930 2354 2984 corpus
2377 2919 2434 2968 et
2456 2915 2776 2985 pretiosum
2800 2919 3142 2988 sanguinem
3167 2921 3437 2992 impertit.
3465 2922 3598 2976 Post
3621 2937 3778 2977 com-

389 2998 781 3078 ηχουμενίοις,
838 2997 1052 3054 κάκεῖσε
1097 2995 1248 3052 τελεῖ
1313 2999 1412 3066 τὴν
1471 2997 1617 3052 θείαν
1676 2995 2036 3072 λειτουργίαν.

2148 3003 2484 3060 munionem
2515 3003 2831 3074 imperator
2852 3009 3220 3064 metatorium
3245 3011 3423 3066 intrat
3452 3015 3509 3066 et
3536 3011 3782 3066 cerimo-

393 3089 492 3146 Καὶ
525 3087 578 3142 ἐν
608 3091 690 3160 τῷ
746 3091 921 3162 καιρῷ
975 3093 1075 3156 τῆς
1125 3085 1268 3148 θείας
1325 3086 1607 3147 κοινωνίας
1674 3086 2036 3165 κατέρχονται

389 3175 488 3234 δύο
533 3178 909 3251 σιλεντιάριοι,
952 3176 1042 3231 καὶ
1099 3175 1534 3250 προσκαλοῦνται
1564 3176 1588 3212 θ
1639 3177 1730 3231 τὸν
1769 3177 2035 3251 πατριάρ-

393 3285 526 3342 χην,
556 3267 647 3322 καὶ
678 3266 921 3330 ἀνελθὼν
953 3261 1141 3320 δίδωσι
1165 3270 1244 3337 σῷ
1289 3262 1505 3341 βασιλεῖ
1531 3269 1629 3320 τοῦ
1658 3265 1815 3337 ἀγίου
1845 3267 2032 3338 σώμα-

388 3373 481 3415 τος
506 3353 596 3408 καὶ
624 3357 723 3408 τοῦ
749 3349 940 3426 τιμίου
969 3349 1232 3424 α’ίματος.
1273 3350 1370 3405 Καὶ
1421 3353 1758 3420 κοινωνήσας
1790 3353 1817 3406 6
1881 3352 2032 3426 βασι-

388 3441 517 3504 λεὺς
542 3441 849 3516 εἰσέρχεται
880 3439 955 3503 είς
983 3440 1046 3494 τὸ
1097 3440 1466 3513 μητατώριον,
1497 3438 1586 3494 καὶ
1619 3433 1804 3493 λαϐὼν
1860 3445 2034 3511 νεῦμα

383 3534 412 3586 6
471 3539 570 3601 τῆς
623 3527 1002 3592 καταστάσεως
1057 3530 1206 3603 παρά
1276 3531 1376 3583 τοῦ
1427 3529 1810 3601 πραιποσίτου,
1871 3547 2034 3601 προσ-

381 3619 633 3676 καλεῖται
660 3620 862 3681 πάντας
891 3617 1020 3680 τοὺς
1078 3619 1176 3689 τῆς
1227 3617 1564 3692 συγκλήτου,
1594 3618 1684 3672 καὶ
1736 3622 2027 3674 κοινωνοῦ-

383 3733 465 3766 σιν
499 3708 560 3765 ἐκ
597 3713 703 3765 τῶν
750 3713 848 3763 τοῦ
891 3711 1236 3783 πατριάρχου
1286 3710 1515 3781 χειρῶν.
1545 3707 1644 3763 Καὶ
1704 3708 1798 3770 εἶθ’
1857 3707 2030 3769 οὕτως

383 3797 660 3873 ἰξέρχεται
691 3797 720 3851 6
772 3795 1028 3872 βασιλεὺς
1077 3793 1137 3850 ἐκ
1172 3799 1270 3849 τοῦ
1319 3793 1690 3869 μητατωρίου,
1721 3796 1811 3849 καὶ
1859 3816 2030 3870 προσ-

381 3887 706 3958 κυνήσαντες
762 3879 1064 3964 ἀμφότεροι
1123 3881 1410 3954 ἀλλήλους
1467 3882 1497 3938 6'
1533 3903 1592 3938 τε
1653 3883 1908 3958 βασιλεὺς
1939 3886 2028 3940 καὶ

381 3980 409 4035 6
439 3979 810 4054 πατριάρχης,
861 3979 888 4034 6
952 3978 1046 4051 μὲν
1099 3976 1451 4050 πατριάρχης
1505 3977 1828 4052 κατέρχέται
1879 3977 2023 4033 ἐκτεο

381 4067 536 4124 λέσαι
562 4068 660 4136 τὴν
695 4067 838 4123 θείαν
872 4063 1237 4139 λειτουργίαν,
1268 4065 1296 4119 6
1321 4061 1378 4119 δε
1435 4063 1691 4139 βασιλεὺς
1749 4066 2027 4124 ὑπαλλάσ-

2149 3093 2392 3162 niarius,
2408 3093 2575 3164 signo
2599 3110 2631 3148 a
2653 3095 2957 3164 praeposito
2982 3104 3237 3168 accepto,
3261 3115 3459 3155 omnes
3479 3104 3776 3155 senatores

2143 3191 2326 3248 vocat,
2367 3182 2464 3254 qui
2504 3199 2536 3238 e
2584 3185 2856 3238 manibus
2908 3186 3245 3254 patriarcha
3303 3189 3774 3244 communionem

2145 3272 2459 3343 accipiunt.
2514 3271 2610 3328 Sic
2655 3273 2961 3329 metatorio
3015 3275 3330 3346 imperator
3370 3277 3680 3348 egreditur,
3723 3282 3778 3332 et

2144 3367 2457 3434 postquam
2489 3360 2612 3432 ipse
2641 3365 2696 3415 et
2714 3361 3040 3432 patriarcha
3067 3364 3390 3420 seinvicem
3423 3365 3772 3434 salutarunt,

2144 3450 2238 3504 hic
2269 3450 2339 3504 ad
2373 3449 2626 3503 divinam
2677 3448 2969 3520 liturgiam
3010 3451 3411 3508 celebrandam
3453 3453 3774 3519 descendit,

2144 3537 2459 3608 imperator
2471 3535 2927 3604 scaramangium
2944 3539 3133 3592 aureis
3155 3538 3332 3594 clavis
3347 3540 3442 3594 ind
3455 3541 3537 3594 uit
3552 3557 3774 3595 ensem-

2142 3641 2253 3696 que
2283 3625 2529 3696 gemmis
2577 3628 2632 3680 et
2661 3624 2993 3696 margaritis
3023 3631 3290 3681 ornatum
3320 3628 3536 3695 sumit;
3573 3628 3774 3698 patrici

2139 3730 2272 3770 vero
2304 3717 2360 3769 et
2390 3711 2654 3770 cubiculo
2677 3713 2927 3784 praefecti
2944 3729 3083 3784 saga
3105 3731 3393 3786 purpurea
3416 3721 3662 3787 gestant.
3691 3716 3776 3770 Fi-

2142 3803 2264 3858 nita
2301 3800 2496 3856 divina
2541 3799 2797 3870 liturgia,
2849 3802 3183 3879 patriarcha
3231 3803 3495 3858 ascendit
3540 3807 3597 3857 et
3645 3807 3775 3872 post

2141 3895 2400 3947 mutuam
2435 3888 2844 3945 salutationem
2890 3895 2949 3945 et
2994 3890 3388 3946 adorationem
3436 3890 3772 3962 imperatori

2140 3979 2504 4036 benedictum
2537 3993 2766 4049 panem,
2798 3977 2892 4033 hic
2924 3978 3032 4049 ipsi
3064 3979 3502 4050 apocumbium,
3534 3979 3773 4050 patriar-

2136 4069 2246 4124 cha
2273 4065 2609 4138 imperatori
2641 4071 2940 4138 unguenta
2969 4069 3164 4122 tradit.

378 4179 458 4214 σει
525 4156 936 4232 σκαραμάγγιον
1005 4151 1391 4230 χρυσόκλαϐον
1466 4155 1557 4210 καὶ
1633 4155 1858 4221 σπαθίον
1931 4160 2202 4228 σιάλιθον,
2270 4153 2645 4235 ἠμφιεσμένον
2713 4155 2818 4211 ἀπὸ
2890 4157 3207 4233 μαργάρων,
3250 4157 3300 4210 οἱ
3378 4155 3434 4211 δὲ
3490 4157 3768 4232 πατρίκιοι

375 4248 462 4302 καὶ
524 4246 576 4301 οἱ
632 4244 893 4320 ἄρχοντες
956 4248 1052 4299 τοῦ
1108 4238 1501 4298 κουϐουκλείου
1569 4244 1723 4320 σαγία
1791 4245 2042 4317 ἀληθινά.
2114 4246 2217 4304 Καὶ
2277 4249 2376 4309 τῆς
2417 4244 2560 4308 θείας
2609 4243 2951 4319 λειτουργίας
2995 4244 3358 4315 τελεσθείσης,
3399 4246 3679 4320 ἀνέρχεται
3740 4247 3768 4300 6

376 4335 747 4413 πατριάρχης,
821 4333 908 4389 καὶ
974 4334 1442 4408 προσκυνήσαντες
1509 4331 1793 4403 ἀλλήλους
1861 4335 1891 4390 6'
1953 4358 2012 4392 τε
2081 4334 2334 4412 βασιλεὺς
2401 4332 2490 4386 καὶ
2557 4333 2584 4386 6
2650 4335 3020 4407 πατριάρχης,
3081 4329 3364 4388 ἐπιδίδωσι
3420 4339 3498 4405 τῷ
3555 4333 3770 4407 βασιλεῖ

379 4424 656 4500 εὐλογίας,
688 4425 717 4478 6
750 4421 808 4479 δὲ
841 4422 1094 4500 βασιλεὺς
1125 4419 1439 4478 ἐπιδίδωσιν
1459 4421 1608 4494 αὐτῷ
1636 4421 2002 4498 ἀποκόμϐιον,
2026 4427 2054 4482 6
2087 4423 2142 4482 δὲ
2163 4423 2508 4498 πατριάρχης
2536 4426 2616 4494 τῷ
2648 4421 2866 4496 βασιλεῖ
2894 4421 3144 4480 ἀλειπτά.

448 4515 524 4572 E'.
557 4513 659 4572 Καὶ
719 4513 957 4590 στεφθεὶς
1010 4513 1039 4566 6
1101 4510 1356 4587 βασιλεὺς
1383 4512 1484 4566 ὑπὸ
1514 4509 1611 4566 τοῦ
1658 4516 2026 4590 πατριάρχου,

2209 4519 2276 4570 ν.
2295 4515 2638 4586 Imperator,
2653 4528 2685 4567 a
2700 4513 3028 4583 patriarcha
3039 4518 3372 4584 coronatus,
3393 4531 3492 4587 per
3512 4514 3766 4588 ligneam

375 4603 698 4677 κατέρχεται
750 4598 839 4656 διὰ
891 4606 991 4670 τῆς
1042 4599 1263 4670 ξυλίνης
1293 4597 1498 4662 σκάλας
1552 4604 1650 4656 τοῦ
1702 4603 2013 4676 γυναικίτου

2143 4603 2342 4660 icalam
2382 4601 2636 4674 gynecei
2666 4601 2925 4655 sinistra
2957 4602 3139 4670 partis
3167 4603 3268 4657 99
3302 4619 3516 4675 perque
3545 4605 3765 4676 gradus

376 4695 472 4746 τοῦ
520 4692 806 4766 ἀριστεροῦ
855 4691 1074 4764 μέρούς,
1131 4688 1223 4744 καὶ
1289 4687 1570 4752 κατελθὼν
1617 4690 1684 4744 τά
1738 4689 2015 4766 γραδήλια

2143 4691 2356 4749 ιοοοὶιω
2387 4690 2456 4746 ad
2487 4687 2877 4744 didascalium
2910 4688 3232 4757 descendit,
3265 4700 3320 4746 et
3347 4692 3418 4746 ad
3451 4703 3672 4762 portam
3704 4693 3765 4747 in

379 4788 476 4850 τῆς
505 4781 722 4856 κόγχης
750 4778 804 4834 ὲν
863 4783 943 4851 τῷ
1009 4775 1392 4850 διδασκαλείῳ,
1449 4778 1539 4832 καὶ
1584 4779 1719 4853 πρὸς
1777 4781 1874 4848 τὴν
1931 4781 2015 4851 ἐξ-

2143 4779 2416 4837 :mbolum
2463 4793 2565 4834 seu
2621 4777 2911 4848 porticum
2961 4778 3264 4836 ducentem
3301 4796 3592 4851 egressus,
3635 4797 3766 4836 cum

381 4869 608 4944 άγουσαν
667 4867 757 4923 ί.πὶ
810 4869 902 4924 τὸν
959 4861 1199 4940 ἔμϐολον
1250 4861 1433 4936 πύλην
1481 4862 1730 4937 ἐξελθὼν,
1800 4869 2014 4926 ἱππεύει

379 4955 569 5027 ἐκεῖσε,
621 4955 880 5018 ὡσαύτως
910 4955 1002 5011 καὶ
1059 4955 1111 5010 οἱ
1166 4954 1519 5028 πραιπόσιτοι
1572 4955 1662 5010 καὶ
1719 4956 1770 5010 οἱ
1834 4956 2018 5014 ὀστιά-

379 5065 488 5121 ριοι
517 5045 609 5100 καὶ
667 5046 720 5100 οἳ
775 5043 967 5099 λοιποὶ
1021 5041 1234 5104 πάντες.
1268 5043 1330 5100 Ὁ
1387 5040 1444 5098 δὶ
1468 5048 1567 5112 τῆς
1615 5047 2012 5115 καταστάσεως,

377 5137 559 5213 φορῶν
609 5132 796 5208 σαγίον
853 5131 1138 5203 ἀληθινὸν,
1199 5127 1474 5206 δηρίγεύει
1539 5127 1838 5206 ἔμπροσθεν
1921 5142 2017 5191 τοῦ

380 5222 652 5295 βασιλέως
707 5221 892 5292 πεζὸς,
940 5222 1029 5276 καὶ
1077 5215 1377 5293 ἔμπροσθεν
1433 5219 1599 5275 αὐτοῦ
1659 5223 2016 5299 σιλεντιάριοι

371 5310 622 5386 τέτταρες
652 5311 717 5378 ¹⁰,
765 5313 1054 5386 φοροῦντες
1111 5305 1272 5384 σαγία
1329 5304 1586 5378 ἀληθινὰ,
1661 5310 2018 5383 βαστάζοντες

2127 4868 2477 4942 praepositis,
2527 4866 2783 4923 ostiariis
2831 4881 2896 4922 ac
2947 4866 3183 4940 reliquis
3231 4871 3504 4926 omnibus
3552 4887 3766 4942 equum

2125 4956 2486 5015 conscendit.
2541 4953 3019 5025 Cerimoniarius,
3071 4973 3211 5029 sago
3273 4958 3448 5012 rubro
3502 4957 3768 5024 indutus,

2126 5051 2260 5103 ante
2275 5046 2697 5118 imperatorem,
2715 5048 2848 5100 ante
2868 5046 3350 5101 cairemoniarium
3366 5060 3497 5099 vero
3521 5051 3769 5115 quatuor

2126 5136 2449 5206 silentiarii,
2499 5153 2640 5208 saga
2694 5136 2870 5191 rubra
2919 5137 3229 5207 virgasque
3275 5150 3482 5189 aureas
3520 5137 3767 5203 gemmis

2128 5231 2364 5281 ornatas
2393 5231 2707 5297 gestantes,
2732 5224 3071 5295 procedunt.
3100 5225 3534 5294 Imperatorem,
3558 5221 3617 5275 in
3643 5223 3769 5278 mil-

2125 5315 2271 5372 lium
2306 5315 2648 5380 venientem,
2685 5311 2851 5366 factio
2885 5311 3119 5380 Veneta,
3167 5314 3292 5366 acta
3323 5323 3430 5361 sua
3478 5323 3579 5378 pro
3611 5326 3768 5366 more

1711 5428 1806 5484 VA
1816 5430 1956 5486 RIIE
1996 5431 2408 5491 LECTIONES.

447 5544 472 5580 ⁸
501 5543 648 5616 αύτῷ
677 5545 834 5619 ιιοιί.Δ
881 5541 1380 5619 ’-προσκαλοῦνται
1415 5544 1502 5615 3.,
1531 5543 1875 5619 πρὸσκαΛούν
1905 5547 2298 5619 superscripto
2323 5567 2352 5600 τ
2411 5548 2563 5617 cod.,
2621 5539 3051 5616 προσκειλοῦντες
3107 5542 3194 5596 ed-

376 5632 444 5672 ex
464 5611 779 5689 sigla'cod.
812 5611 1000 5688 8.,866
1031 5617 1120 5672 ed.

3275 5535 3322 5570 ¹ο
3375 5530 3628 5607 τέτταρες
3679 5542 3771 5607 11.,
