4180 6304
365 313 482 372 407

1423 287 1955 354 CONSTANTINI
1997 282 2704 348 PORPHYROGENITI

3649 279 3769 340 408

383 441 660 504 recitans,
717 435 960 506 excipit;
1011 431 1277 488 tribunus
1323 428 1474 497 ejus,
1533 441 1567 480 a
1612 419 2014 478 cerimoniario

2138 417 2323 494 βεργία
2349 423 2532 493 χρυσᾶ
2563 413 2804 479 διάλιθα.
2860 413 2957 469 Καὶ
3015 407 3423 475 καταλαϐόντος
3469 415 3570 468 τοῦ
3621 413 3772 487 βασι-

378 535 768 593 sustentatus,
800 527 868 582 ad
904 525 1304 592 imperatorem
1337 517 1476 582 abit,
1525 512 1640 578 cui,
1676 510 1850 581 pedes
1891 510 2015 578 ejus

379 612 1053 682 osculatus,libellarium
1077 609 1260 664 oﬂ‘ert.
1279 606 1349 660 Et
1365 608 1668 675 postquam
1693 597 2020 653 factionarii

377 708 579 765 omnia
611 722 714 777 pro
746 718 906 758 more
937 712 1228 771 peregere,
1261 695 1576 764 imperator
1602 686 1906 760 paululum
1929 687 2019 742 di-

383 774 666 871 greditur,
695 807 866 864 quem
894 784 1230 843 transitoria
1260 781 1639 837 Prasinorum
1673 775 1848 871 factio
1877 774 2025 871 στρ-ἱ·

384 862 470 956 pit
512 862 737 945 eadem,
769 892 897 948 quae
929 872 1146 934 Veneti,
1197 869 1444 943 peragit,
1477 867 1752 923 tribunus
1791 865 1920 934 ejus
1951 862 2020 918 li-

387 971 605 1027 bellum
641 962 974 1036 imperatori
1006 960 1198 1025 tradit,
1253 975 1425 1030 quem
1457 957 1786 1028 digressum
1825 957 2026 1024 postea

387 1061 447 1114 in
479 1055 772 1128 augustali
803 1051 1046 1108 Prasina
1067 1049 1238 1105 factio
1256 1047 1486 1118 excipit,
1504 1050 1561 1101 et
1579 1054 1880 1117 postquam
1903 1057 2026 1097 eos-

387 1149 516 1204 dem
550 1147 697 1199 ritus
727 1141 992 1207 servavit,
1037 1140 1353 1210 imperator
1380 1135 1450 1190 ab
1497 1133 1640 1206 ipsis
1679 1131 1818 1198 abit,
1851 1145 2026 1201 quem

382 1238 441 1292 in
511 1233 708 1290 chalce
765 1230 1037 1304 princeps
1083 1227 1436 1282 Venetorum
1513 1239 1615 1279 seu
1675 1221 2029 1276 domesticus

385 1323 713 1383 scholarum
748 1335 879 1376 cum
932 1314 1264 1373 transitoria
1299 1331 1402 1369 sua
1448 1311 1696 1368 factione
1743 1309 2026 1381 suscipit:

388 1431 516 1486 quis
543 1417 853 1481 postquam
885 1411 941 1463 et
972 1407 1095 1476 ipsa
1125 1401 1324 1459 omnia
1356 1400 1611 1472 perfecit,
1646 1403 1704 1454 et
1726 1413 2030 1486 organum,

389 1484 474 1556 uti
507 1500 566 1554 in
599 1498 836 1568 reliquis
877 1493 1065 1549 tribus
1106 1489 1557 1562 receptionibus,
1591 1486 1890 1558 pulsatum
1920 1484 2032 1540 fuit

391 1606 490 1662 per
523 1587 778 1644 cortinas
809 1582 1075 1638 discedit.

2126 503 2267 569 λέως
2297 505 2446 578 έντῷ
2479 505 2675 579 μιλίῳ,
2706 503 2956 582 ὶέχονται
2983 503 3142 558 αὐτὸν
3177 503 3228 556 οἱ
3273 506 3370 557 τοῦ
3419 503 3616 577 μέρους
3659 505 3770 556 τῶν

2125 597 2387 665 Βενέτων,
2420 595 2668 671 λέγοντες
2700 595 2766 648 τὰ
2794 593 2928 648 κατὰ
2979 593 3258 663 συνήθειαν
3312 592 3496 654 αὐτοῖς
3536 589 3688 646 ἅκτα·
3743 592 3770 646 6

2128 683 2185 740 δὲ
2206 683 2520 760 δήμαρχος,
2553 683 2928 757 κρατούμενος
2962 683 3064 736 ὑπὸ
3093 686 3190 737 τοῦ
3233 688 3330 752 τῆς
3375 681 3774 751 καταστάσεως,

2128 773 2426 853 ἀπέρχεται
2455 775 2590 844 πρὸς
2639 774 2730 828 τὸν
2789 771 3036 846 βασιλέα,
3095 771 3185 826 καὶ
3233 771 3610 844 ἀσπασάμενος
3649 772 3776 832 τοὺς

2129 861 2300 925 πόδας
2331 861 2516 934 αὐτοῦ,
2559 859 2880 918 ἐπιδίδωσιν
2942 860 3090 932 αὐτῷ
3143 855 3522 935 λιϐελλάριον,
3556 859 3660 918 Καὶ
3691 881 3777 917 τε·

2133 950 2387 1015 λέσαντος
2441 957 2540 1007 τοῦ
2594 949 2790 1026 μέρους
2844 949 2912 1005 τὰ
2959 950 3095 1004 κατὰ
3145 952 3451 1020 συνήθειαν,
3503 948 3781 1026 διέρχεται

2137 1044 2164 1096 6
2199 1041 2453 1118 βασιλεὺς
2496 1042 2711 1116 μικρὸν,
2755 1039 2844 1095 καὶ
2879 1038 3131 1115 δέχονται
3164 1039 3322 1095 αὐτὸν
3372 1041 3422 1094 οἱ
3467 1044 3564 1095 τοῦ
3621 1060 3783 1115 περα-

2134 1135 2289 1186 τικοῦ
2339 1128 2520 1204 δήμου
2551 1135 2661 1186 τῶν
2715 1129 3024 1204 Πρασίνων,
3055 1130 3146 1183 καὶ
3175 1128 3329 1184 αὐτοὶ
3385 1130 3450 1183 τὰ
3503 1130 3673 1203 ὅμοια
3700 1150 3787 1184 τε-

2138 1217 2410 1289 λέσαντές,
2442 1215 2786 1280 ἐπιδιδόντος
2834 1218 2924 1272 καὶ
2982 1221 3079 1272 τοῦ
3129 1214 3480 1290 δημοκράτου
3528 1212 3787 1274 λιϐελλᾶ-

2140 1327 2254 1383 ριον
2281 1311 2362 1380 τῷ
2403 1305 2639 1380 βασιλεῖ,
2699 1303 2999 1380 διέρχεται,
3040 1306 3131 1361 καὶ
3182 1303 3432 1381 δέχονται
3490 1305 3649 1362 αὐτόν
3712 1307 3785 1371 εἰς

2136 1397 2228 1450 τὸν
2285 1395 2585 1470 αὖγουστέα
2625 1396 2678 1450 οἳ
2735 1399 2832 1450 τοῦ
2894 1395 3096 1471 μέρους
3171 1399 3276 1450 νῶν
3337 1398 3636 1472 Ηρασίνων,
3697 1397 3784 1452 καὶ

2140 1483 2314 1540 αὒτῶν
2347 1487 2411 1541 τὰ
2444 1487 2610 1559 ὅμοια
2666 1487 3033 1556 ποιησάννων,
3067 1482 3336 1561 διέρχεται
3397 1487 3484 1540 ἀπ’
3536 1487 3711 1542 αὐτῶν
3759 1488 3785 1541 6

2147 1573 2424 1650 βασιλεὺς,
2471 1574 2562 1629 καὶ
2600 1572 2815 1650 δέχεται
2873 1575 3035 1630 αὐτὸν
3086 1574 3138 1628 έν
3189 1579 3258 1649 τῇ
3311 1574 3496 1649 χαλκῇ
3546 1576 3573 1630 6
3615 1573 3788 1650 δημο-

390 1680 593 1753 κράτης
623 1681 731 1731 τῶν
760 1673 1014 1739 Βενέτων,
1048 1671 1219 1746 ἤγουν
1253 1670 1279 1723 ὁ
1319 1664 1641 1740 δομέστιλος
1669 1666 1774 1720 τῶν
1808 1664 2028 1738 σχολῶν
2062 1665 2195 1738 μετὰ
2252 1669 2348 1720 τοῦ
2396 1670 2690 1741 περατικοῦ
2747 1665 2909 1720 αὐτοῦ
2964 1663 3163 1738 δήμου.
3225 1664 3545 1729 Τελέσαντες
3605 1665 3663 1721 δὲ
3700 1667 3790 1722 καὶ

391 1752 541 1822 οὗτοὶ
572 1765 763 1833 πάντα,
801 1761 1097 1821 αὐλοῦντος
1127 1759 1216 1813 καὶ
1245 1761 1341 1812 τοῦ
1372 1757 1602 1832 ὀργάνου
1647 1755 1721 1816 ὡς
1752 1755 1842 1808 καὶ
1874 1753 1962 1810 ἐπὶ
1990 1758 2098 1808 τῶν
2130 1753 2343 1810 λοιπῶν
2392 1761 2558 1830 τριῶν
2617 1753 2826 1833 δοχῶν,
2860 1752 3137 1830 διέρχιται
3190 1753 3278 1810 διὰ
3339 1760 3447 1810 τῶν
3505 1761 3787 1831 κορτινῶν·

464 1857 559 1912 VI.
595 1856 904 1910 Sciendum
934 1857 1042 1921 est,
1075 1851 1124 1906 si
1156 1848 1508 1904 domesticus
1551 1847 1886 1903 scholarum
1917 1845 2030 1900 im-

2154 1930 2168 1933 _
2315 1845 2435 1916 Χρή
2469 1841 2526 1900 δὲ
2584 1842 2810 1933 εἰδέναι,
2849 1844 2954 1914 ὅτι,
3003 1844 3164 1914 ἡνίκα
3225 1844 3418 1918 μέλλει
3465 1843 3707 1916 δέξασθαι
3765 1848 3790 1901 ὁ

394 1952 710 2017 peratorem
741 1941 1002 2013 excipere
1051 1939 1280 2005 debeat,
1325 1953 1530 1992 omnes
1561 1936 1802 2008 pedibus
1834 1951 2037 2006 proce-

398 2038 556 2102 dere,
580 2033 770 2089 solum
795 2032 1206 2102 imperatorem
1221 2043 1370 2099 equo
1390 2027 1542 2096 vehi,
1561 2027 1704 2081 etab
1736 2025 1826 2080 his
1851 2025 2035 2080 omni-

399 2125 508 2178 bus
535 2123 840 2194 slipatum,
880 2137 910 2175 a
949 2118 1148 2175 chalce
1197 2117 1267 2171 ad
1313 2115 1593 2186 templum
1645 2113 1874 2170 Domini
1907 2129 2039 2185 pro-

396 2212 624 2278 cedere,
677 2210 774 2264 ubi
820 2215 1055 2264 senatus
1105 2210 1236 2261 ante
1271 2209 1383 2259 tres
1435 2203 1761 2260 consistorii
1817 2207 2036 2274 portas,

389 2297 768 2368 imperatori:
807 2317 834 2346 «
868 2298 932 2351 In
967 2294 1150 2349 multa
1179 2295 1442 2362 bonaque
1473 2297 1755 2364 tempora,
1789 2309 1814 2342 ι
1852 2290 2037 2346 accla-

401 2405 594 2456 mans,
661 2384 888 2458 patricii
948 2401 1079 2439 vero
1133 2387 1190 2438 et
1247 2383 1513 2454 strategi,
1573 2383 1765 2437 fausta
1821 2381 2038 2452 quaevis

401 2474 787 2546 apprecaturi,
823 2477 985 2528 extra
1033 2476 1252 2543 portam
1310 2470 1514 2540 templi
1562 2469 1793 2525 Domini
1835 2486 2040 2540 exspe-

406 2569 582 2619 ctant.
622 2566 980 2634 Imperatore
1005 2565 1230 2631 portam
1255 2560 1535 2629 ingresso,
1556 2573 1681 2612 eam
1699 2557 2042 2613 cubicularii

407 2653 768 2720 custodiunt,
801 2655 855 2706 et
886 2650 1142 2704 faustum
1173 2664 1238 2702 ac
1270 2647 1615 2701 diuturnum
1648 2645 1958 2716 imperium
1988 2646 2041 2700 ei

405 2743 815 2811 apprecantur.
847 2737 1192 2806 Pra'positus
1224 2735 1294 2790 ab
1330 2735 1693 2804 imperatoris
1724 2734 1911 2804 capite
1943 2751 2037 2789 co-

403 2845 602 2884 rouam
621 2826 922 2896 demit,qui
941 2825 1219 2895 templum
1235 2824 1460 2879 Domini
1474 2823 1777 2894 ingressus
1789 2839 2040 2894 cumque

404 2919 580 2974 cereis
635 2919 896 2973 accensis
956 2921 1242 2986 precatus,
1320 2931 1418 2970 eos
1501 2915 1807 2986 praeposito
1863 2915 2040 2970 tradit

402 3023 617 3079 perque
641 3008 893 3078 porticus
930 3004 1153 3059 Domini
1185 3003 1549 3058 triconchum
1598 3006 1798 3069 intrat,
1831 3004 2038 3058 deinde

401 3114 504 3168 per
525 3098 780 3167 porticus
799 3095 1180 3167 quadraginta
1210 3099 1544 3148 sanctorum
1568 3095 1636 3147 ad
1671 3109 1910 3148 aureum
1935 3094 2036 3146 tri-

2151 1930 2470 2005 δομέστικος
2525 1938 2632 1988 τῶν
2693 1932 2916 2008 σχολῶν
2969 1934 3060 1989 τὸν
3151 1935 3396 2008 βασιλέα,
3477 1936 3789 2004 πεζεύουσιν

2149 2023 2401 2092 ἅπαντες,
2432 2024 2522 2079 καὶ
2559 2023 2702 2098 μένει
2752 2019 2986 2103 ἔφιππος
3032 2024 3198 2096 μόνος
3233 2029 3273 2063 ¹¹
3323 2027 3350 2079 ὁ
3403 2025 3676 2100 βασιλεὺς,
3701 2026 3790 2080 καὶ

2148 2111 2254 2167 ἀπὸ
2282 2120 2382 2182 τῆς
2430 2113 2672 2191 χαλκῆς,
2716 2111 3140 2190 δηριγευόμενος
3187 2115 3290 2169 ὑπὸ
3346 2115 3562 2169 πάντων
3593 2115 3790 2185 αὐτῶν,

2149 2201 2446 2276 ἀπέρχεται
2490 2203 2658 2277 μέχρι
2720 2207 2816 2256 τοῦ
2867 2205 3087 2277 Κυρίου,
3163 2203 3250 2258 καὶ
3313 2204 3458 2277 μένει
3537 2203 3708 2259 ἐκεῖσε
3759 2207 3793 2275 ἡ

2151 2289 2460 2367 σύγκλητος
2502 2288 2802 2366 ἔμπροσθεν
2862 2292 2968 2347 τῶν
3021 2297 3188 2368 τριῶν
3229 2292 3418 2348 πυλῶν
3473 2297 3570 2348 τοῦ
3617 2314 3796 2349 κονσι-

2151 2379 2407 2454 στωρίου,
2434 2380 2846 2456 ὑπερευχομένη
2902 2382 2992 2437 τὸν
3050 2381 3300 2456 βασιλέα·
3342 2406 3369 2433 ‹‹
3403 2383 3498 2462 Ei;
3545 2382 3790 2446 πολλοὺς

2149 2471 2239 2525 καὶ
2269 2471 2500 2546 ἀγαθοὺς
2551 2471 2807 2546 χρόνους·
2842 2496 2871 2524 ››
2931 2474 2983 2526 o't
3040 2470 3095 2528 δὲ
3151 2475 3428 2545 πατρίκιοι
3473 2474 3564 2529 καὶ
3603 2495 3792 2549 στρατ-

2151 2558 2281 2633 ηγοὶ
2333 2561 2584 2632 μένουσιν
2643 2559 2742 2632 ἔξω
2787 2565 2889 2634 τῇς
2939 2561 3122 2629 πύλης
3187 2567 3285 2618 τοῦ
3351 2563 3574 2638 Κυρίου,
3629 2565 3793 2639 ὑπερ-

2152 2646 2445 2726 ευχόμενοι
2491 2649 2581 2703 καὶ
2614 2648 2767 2704 αὐτοὶ
2797 2650 2888 2704 τὸν
2931 2647 3174 2725 βασιλέᾶ.
3233 2655 3345 2708 Τοῐὶ
3404 2649 3460 2707 δὲ
3531 2651 3799 2729 βασιλέως

2151 2736 2491 2802 εἰσελθόντος
2521 2735 2667 2794 ἔνδον
2689 2747 2789 2809 τῆς
2838 2738 3046 2811 πύλης,
3111 2739 3500 2818 ἀσφαλίζουσιν
3561 2743 3612 2798 o't
3663 2763 3796 2798 κου-

2150 2821 2500 2901 ϐικουλάριοι
2555 2829 2654 2896 τήν
2719 2827 2926 2899 πύλην,
2989 2829 3420 2904 ὑπερευχόμενοι
3468 2832 3559 2886 καὶ
3609 2832 3785 2888 αὐτοί·

2150 2915 2278 2976 «Εἷς
2311 2913 2558 2976 πολλοὺς
2588 2916 2678 2970 καὶ
2738 2916 2973 2990 ἀγαθοὺς
3011 2917 3263 2992 χρόνους.
3301 2943 3331 2970 ››
3390 2921 3493 2975 Καὶ
3552 2916 3738 2976 λαϐὼν
3767 2923 3794 2975 6

2147 3003 2507 3075 πραιπόσιτος
2535 3005 2596 3059 τὸ
2632 3005 2844 3077 στέμμα
2893 3005 2999 3060 ἀπὸ
3061 3013 3161 3075 τῆς
3208 3006 3452 3084 κεφαλῆς
3499 3014 3595 3063 τοῦ
3647 3012 3794 3084 βασι·

2151 3089 2312 3159 λέως,
2339 3091 2639 3166 εἰσέρχεται
2669 3093 2696 3146 ὁ
2722 3091 2976 3167 βασιλεὺς
3008 3092 3059 3147 έν
3107 3098 3187 3166 τῷ
3240 3099 3353 3165 ναῷ
3409 3100 3505 3150 τοῦ
3563 3096 3784 3171 Κυρίου,

401 3187 641 3240 clinium
693 3185 833 3250 abit,
879 3184 1102 3253 patricii
1151 3199 1282 3237 vero
1331 3190 1385 3235 et
1424 3183 1614 3236 caeteri
1660 3198 1760 3252 per
1792 3183 2030 3250 januam

2147 3179 2238 3234 καὶ
2273 3176 2455 3234 λαϐὼν
2500 3182 2705 3255 κηροὺς
2753 3180 2843 3236 καὶ
2889 3180 3202 3254 εὐξάμενος,
3235 3181 3546 3239 ἐπιδίδωσιν
3593 3185 3783 3248 αὐτοὺς

2187 3272 2212 3283 ..
2538 3269 2548 3283 ,
2688 3267 2758 3283 κ.
3021 3269 3044 3283 ι,
3080 3271 3092 3283 .
3193 3276 3218 3283 -
3319 3270 3341 3283 ,ι
3409 3268 3436 3283 ο
3573 3278 3600 3283 _
3757 3279 3782 3283 _

401 3275 586 3329 aerarii
616 3274 935 3328 lausiacum
960 3273 1384 3343 ingrediuntur.
1410 3270 1692 3340 Tempore
1721 3272 2033 3341 apprOpin-

398 3371 631 3431 quante,
695 3362 1010 3431 imperator
1060 3360 1319 3430 procedit
1367 3374 1621 3429 cumque
1679 3358 2031 3428 proceribus,

396 3467 536 3520 quos
569 3467 633 3504 eo
665 3451 756 3503 die
789 3450 1016 3503 invitari
1062 3451 1326 3519 jusserit,
1371 3447 1637 3518 pretiosa:
1672 3463 1882 3501 mensas
1915 3463 2033 3501 suae

395 3538 632 3594 assidet.
676 3539 829 3592 100
877 3537 1316 3592 Observandum
1365 3552 1498 3591 vero
1547 3543 1631 3590 est
1672 3535 1948 3606 patricios
1977 3540 2034 3590 et

392 3627 657 3682 convivas
682 3644 885 3682 omnes
909 3627 966 3680 in
991 3625 1321 3680 mutatoriis
1341 3625 1461 3680 sive
1484 3623 1700 3679 tunicis
1729 3626 1798 3678 ad
1830 3622 2031 3695 epulas

395 3718 607 3782 venire,
631 3715 898 3770 cubiculo
917 3732 1046 3770 vero
1070 3715 1362 3784 praefectos
1385 3713 1542 3786 sagis
1565 3712 1753 3768 rubris
1776 3714 2028 3768 indutos.

392 3806 683 3875 duplicem
718 3804 1165 3875 parastasimum
1215 3819 1278 3858 eo
1313 3802 1408 3856 die
1441 3804 1646 3871 facere,
1678 3817 1780 3858 seu
1811 3801 1901 3857 bis
1929 3818 2030 3857 so-

394 3893 574 3948 lemni
609 3893 720 3948 ritu
754 3892 1310 3962 imperatoriastare.
1349 3891 1640 3958 Praeterea,
1665 3890 1826 3945 siaer
1854 3907 1919 3946 eo
1938 3891 2029 3946 die

391 3982 661 4037 turbidus
707 3985 814 4050 est,
846 3997 946 4050 per
967 3981 1250 4050 porticum
1277 3981 1346 4032 ad
1364 3983 1628 4033 senatum
1649 3978 1777 4047 (hoc
1797 3979 2028 4034 aedificii

397 4088 608 4125 nomen
639 4072 748 4139 est)
781 4070 838 4123 in
874 4071 995 4123 foro
1027 4069 1263 4135 abeunt,
1313 4071 1369 4120 et
1397 4066 1808 4120 antimensium
1848 4067 1904 4120 in
1937 4084 2028 4122 se-

399 4165 534 4212 natu
568 4161 812 4227 ponunt,
849 4162 1053 4209 caetera
1090 4153 1307 4218 omnia,
1360 4169 1485 4222 quae
1519 4153 1795 4207 hactenus
1826 4155 2028 4209 ordine

397 4247 795 4316 exposuimus,
829 4245 1234 4307 observantur,
1267 4246 1324 4294 et
1352 4241 1664 4310 imperator
1695 4259 1898 4298 rursus
1930 4259 2030 4313 per

396 4336 658 4388 eamdem
682 4335 959 4402 porticum
978 4348 1192 4402 perque
1215 4330 1440 4384 lausum
1465 4332 1783 4399 descendit,
1805 4336 1861 4387 et
1882 4333 2029 4387 sini-

393 4427 673 4475 strorsum
695 4420 1003 4487 inclinans,
1026 4421 1094 4474 ad
1116 4419 1666 4488 Chalcepratiaabit.
1694 4421 2025 4490 Sciendum,

388 4509 511 4563 haec
545 4509 742 4562 omnia
771 4509 1083 4573 observari,
1117 4515 1494 4579 praterquam
1530 4512 1681 4581 quod
1717 4511 2028 4581 imperator

2145 3272 2225 3340 τῷ
2284 3269 2650 3343 πραιποσίτῳ,
2685 3267 2957 3346 διέρχεται
3017 3269 3106 3325 διὰ
3152 3276 3259 3326 τῶν
3314 3268 3639 3328 διαϐατικῶν
3690 3279 3785 3329 τοῦ

2140 3356 2371 3426 Κυρίου,
2406 3359 2497 3412 καὶ
2525 3357 2827 3432 εἰσέρχεται
2861 3358 2911 3413 ἒν
2957 3363 3038 3431 τῷ
3093 3356 3401 3436 τρικόγχῳ.
3453 3363 3574 3419 Εἶθ’
3615 3363 3784 3426 οὕτως

2144 3444 2421 3521 διέρχεται
2478 3448 2542 3502 τὰ
2601 3445 2890 3503 διαϐατικᾶ
2964 3452 3070 3504 τῶν
3117 3449 3282 3523 ἁγίων
3337 3452 3411 3521 μ’,
3479 3453 3567 3506 καὶ
3622 3452 3787 3528 εἰσέρ-

2138 3555 2295 3610 χεται
2327 3537 2403 3599 εἷς
2432 3538 2523 3592 τὸν
2568 3537 3024 3612 χρυσοτρίκλινον
3057 3540 3119 3607 ¹²,
3155 3540 3206 3593 οἱ
3265 3537 3320 3594 δὲ
3360 3541 3637 3614 πατρίκιοι
3695 3543 3784 3597 καὶ

2138 3626 2190 3679 οἱ
2228 3624 2416 3680 λοιποὶ
2469 3623 2808 3700 εἰσέρχονται
2869 3621 2956 3679 διὰ
3015 3631 3110 3681 τοῦ
3177 3624 3333 3691 ὄντος
3389 3629 3463 3690 εἷς
3508 3631 3571 3684 τὸ
3612 3627 3781 3686 ίδιιιὸν

2141 3714 2445 3787 μονοθύρου
2510 3712 2563 3768 έν
2603 3720 2681 3786 τῷ
2732 3714 3026 3786 λαυσιακῴ.
3072 3716 3176 3772 Καὶ
3249 3722 3347 3772 τοῦ
3391 3724 3582 3793 καιροῦ
3646 3720 3784 3796 ἐγγί.

2137 3822 2346 3872 σαντος,
2380 3802 2653 3876 ἐξέρχεται
2704 3804 2732 3857 6
2776 3801 3031 3878 βασιλεὺς
3073 3803 3162 3858 καὶ
3217 3805 3493 3874 καθέζεται
3552 3806 3638 3862 ἐπὶ
3685 3812 3785 3873 τῆς

2135 3890 2319 3962 τιμίας
2377 3891 2542 3946 αὐτοῦ
2579 3892 2849 3962 τραπέζης
2911 3894 3045 3965 μετά
3107 3897 3213 3948 τῶν
3302 3893 3604 3970 ἀρχόντων,
3689 3897 3780 3958 οὒς

2137 3976 2382 4034 ἐκέλευσε
2403 3983 2470 4053 τῇ
2503 3979 2640 4052 αἰτῇ
2686 3981 2869 4055 ἡμέρᾳ
2920 3979 3164 4038 καλέσαι.
3218 3983 3410 4038 Ἰστέον
3463 3982 3537 4052 δὲ,
3597 3986 3680 4040 δτι
3731 3988 3781 4041 οἱ

2139 4068 2231 4138 μέν
2253 4068 2532 4140 πατρίκιοι
2557 4069 2647 4122 καὶ
2707 4069 2757 4122 οἷ
2804 4067 3098 4137 κληθέντες
3159 4074 3384 4136 ἅπαντες
3430 4073 3780 4149 ἠλλαγμένοι

2135 4155 2475 4233 εἰσέρχονται
2507 4157 2582 4218 εἷς
2613 4157 2674 4212 τὸ
2722 4156 3034 4232 κλητώριον
3081 4158 3202 4215 ἄνευ
3263 4160 3581 4236 χλανιδίων,
3615 4163 3670 4218 οἷ’
3724 4163 3781 4219 δὲ

2130 4248 2226 4298 τοῦ
2265 4240 2659 4300 κουϐουκλείου
2717 4245 3003 4320 ἄρχοντες,
3055 4253 3346 4324 φοροῦντες
3404 4250 3635 4322 ἀληθινᾶ
3692 4274 3782 4308 σα-

2130 4333 2240 4406 γία,
2272 4337 2339 4405 τῇ
2373 4333 2506 4406 αὐτῇ
2565 4335 2747 4410 ἡμέρᾳ
2803 4335 3021 4390 τελοῦσι
3080 4335 3308 4393 διπλοῦν
3343 4342 3776 4416 παραστάσιμον.

2133 4423 2251 4495 Χρὴ
2287 4420 2342 4476 δὲ
2373 4421 2593 4491 εἰδέναι,
2622 4424 2727 4490 ὅτι,
2767 4425 2812 4479 εἰ
2847 4426 2942 4496 μὲν
2985 4425 3132 4502 τύχῃ
3161 4431 3230 4499 τῇ
3263 4430 3402 4503 αὐτῇ
3439 4432 3622 4506 ἡμέρᾳ
3647 4432 3776 4504 ἀήρ)

2099 4539 2101 4542 ⁴
2133 4508 2437 4566 διοδεύουσι
2463 4510 2550 4566 διὰ
2571 4517 2667 4568 τοῦ
2697 4510 2963 4584 ἐμϐόλου,
2991 4516 3082 4569 καὶ
3133 4515 3450 4590 ἀνέρχονται
3481 4517 3535 4573 έν
3563 4525 3642 4592 τῷ
3679 4527 3777 4576 τοῦ

391 4612 550 4651 nunc
583 4597 653 4649 ad
704 4596 1122 4652 catechumena
1167 4614 1279 4652 non
1331 4599 1522 4666 abeat,
1573 4598 1667 4653 sed
1707 4599 1763 4652 in
1806 4601 2024 4669 tropice

2728 4575 2736 4584 .
2951 4575 2960 4581 .
3222 4575 3231 4588 ,
3260 4575 3296 4590 κ
3615 4575 3624 4592 ,
3723 4575 3729 4576 ,
3759 4575 3765 4576 ,

2138 4601 2305 4676 φόρου
2345 4603 2564 4674 σινάτῳ,
2614 4603 2704 4657 καὶ
2730 4601 2944 4658 ἵσταται
2995 4604 3038 4640 ³³
3091 4604 3396 4678 ἀντιμίσιον
3439 4607 3536 4662 ἀντὶ
3581 4611 3775 4682 μεταξὺ

387 4687 581 4740 Sancti
604 4685 866 4755 Sepulcri
893 4690 1076 4752 stans,
1097 4687 1343 4740 divinam
1361 4687 1652 4758 liturgiam
1674 4687 1943 4756 celebret,
1968 4693 2023 4744 et

387 4775 444 4828 in
488 4774 768 4844 palatium
817 4772 1113 4842 ingressus
1154 4775 1278 4828 sine
1327 4777 1678 4844 mutatoriis,
1721 4781 1876 4832 veste
1914 4795 2023 4833 sua

383 4863 651 4930 indutus,
703 4877 917 4915 mensae
966 4862 1264 4918 assideat:
1316 4880 1501 4934 neque
1548 4881 1677 4920 vero
1727 4870 1869 4922 tunc
1922 4883 2021 4922 cu-

385 4951 644 5007 biculum
674 4949 922 5007 solemni
955 4950 1068 5004 ritu
1101 4949 1253 5004 latus
1283 4951 1642 5021 imperatoris
1672 4955 1875 5028 cingit.

2131 4696 2227 4746 τοῦ
2258 4693 2493 4761 σινάτου,
2525 4693 2614 4747 καὶ
2643 4692 2792 4748 τελεῖ
2829 4697 2895 4748 τὰ
2932 4695 3160 4749 ἅπαντα
3189 4696 3235 4730 ¹⁴
3290 4694 3479 4766 ἐκεῖσε,
3526 4699 3597 4754 ὧν
3655 4699 3774 4756 ἄκο-

2134 4779 2346 4844 λούοως
2376 4781 2688 4855 εἰρήκαμεν,
2717 4784 2806 4837 καὶ
2843 4783 3008 4838 πάλιν
3055 4781 3145 4838 διὰ
3183 4789 3279 4839 τοῦ
3311 4785 3473 4840 αὐτοῦ
3530 4785 3774 4860 ἐμϐόλου

2131 4868 2453 4945 κατέρχεται
2479 4871 2568 4924 καὶ
2600 4876 2695 4925 τοῦ
2747 4871 2970 4940 λαύσου,
3020 4874 3107 4926 καί
3169 4873 3444 4948 ἀριστερὸν
3502 4874 3774 4950 ἐκκλίνας,

2131 4957 2427 5036 ἀπέρχεται
2471 4958 2546 5021 εἷς
2592 4961 2659 5014 τὰ
2710 4959 3147 5034 Χαλκοπράτεια.
3209 4961 3419 5032 Ἰστέον,
3468 4964 3549 5020 ὅτι
3606 4971 3774 5022 ταῦτα

383 5039 558 5094 πάντα
585 5036 1008 5106 τελεῖται,πλὴν
1041 5037 1068 5090 6
1105 5033 1356 5110 βασιλεὺς
1388 5039 1491 5093 οὐκ
1519 5041 1802 5115 ἀνέρχεται
1849 5046 1963 5098 νυνὶ
2013 5044 2064 5100 έν
2119 5051 2242 5102 τοῖσ
2274 5049 2760 5122 κατηχουμενίοις,
2818 5033 2951 5104 ἂλλί
2994 5049 3070 5110 εἷς
3123 5056 3222 5119 τῆν
3279 5054 3544 5124 τροπικὴν
3604 5054 3770 5118 έστὼς

385 5136 484 5197 τῆς
516 5128 701 5203 Ἁγίας
727 5132 922 5202 Σοροῦ,
951 5125 1117 5181 ἐκεῖσε
1144 5125 1292 5180 τελεῖ
1320 5131 1415 5196 τῆν
1450 5129 1590 5192 θείαν
1625 5131 1988 5210 λειτουργίαν,
2018 5136 2108 5191 καὶ
2140 5137 2305 5192 πάλιν
2339 5137 2413 5199 εἰς
2444 5139 2522 5204 ,τὸ
2569 5136 2835 5194 παλάτιον
2884 5137 3163 5208 εἰσελθὼν,
3195 5141 3371 5216 χωρὶς
3431 5147 3538 5198 τῶν
3596 5143 3766 5200 ἀλλα-

387 5219 555 5291 ξίμων
590 5220 695 5274 ἀπὸ
726 5218 945 5290 ἱματίου
977 5219 1089 5289 (34)
1117 5219 1392 5285 καθέζεται
1424 5217 1510 5272 ἐπὶ
1531 5227 1628 5288 τῆς
1661 5225 1703 5259 ¹⁸
1757 5224 2048 5296 τραπέζης·
2112 5225 2236 5281 ἀλλ’
2297 5223 2419 5282 οὔτε
2477 5224 2534 5282 δὲ
2587 5228 2648 5283 τὸ
2697 5223 3082 5284 κουϐούκλειον
3137 5230 3546 5306 παραστάσιμον
3603 5241 3769 5293 ποιεῖ.

1723 5312 1956 5368 VARUS
1995 5313 2408 5372 LECTIONES.

458 5404 500 5437 ¹¹
538 5407 695 5476 μόνον
729 5406 818 5462 ed.
895 5407 939 5441 ¹²
969 5403 1030 5458 τὸ
1065 5421 1320 5477 χρυσοτρ.
1354 5406 1439 5460 ed.
1522 5405 1830 5462 13ἵστανται
1859 5411 1948 5465 ed.
2026 5408 2074 5445 ¹⁸
2099 5410 2335 5466 τελεῖται
2367 5413 2457 5470 ἃπ.
2492 5418 2641 5488 conj.
2676 5417 2744 5472 R.
2826 5418 2868 5454 15
2895 5415 2984 5470 καὶ
3017 5415 3103 5470 ἐπὶ
3135 5423 3232 5485 τῆς
3263 5437 3347 5492 τρ.
3381 5421 3472 5476 ed.

1417 5506 1614 5560 JOAN.
1648 5507 1790 5562 JAC.
1832 5507 2094 5564 REISKII
2132 5510 2732 5586 COMMENTARIUS.

399 5587 576 5667 “(54)
626 5591 898 5667 ‘Recurrit
945 5593 1066 5667 haec
1123 5593 1400 5667 dictiogp.
1441 5595 1586 5667 loti,
1615 5596 2016 5667 signiﬁcatque

398 5654 756 5728 idem'atque
801 5659 904 5713 ἀπὸ
954 5664 1036 5732 [id
1085 5671 1166 5720 est
1201 5654 1473 5735 pera‘z‘vel
1512 5654 1620 5732 3:6]
1666 5654 1937 5739 χιτῶνοςί
1958 5670 2013 5722 in

2127 5601 2338 5682 tunica,
2375 5608 2662 5682 quatenus
2685 5605 2996 5682 opponitur
3016 5603 3307 5682 chlamydi
3322 5609 3424 5682 aut
3440 5621 3766 5682 scarpman-

2128 5673 2239 5740 gio,
2287 5673 2565 5745 omnique
2614 5673 2779 5730 vesti’
2806 5675 3092 5746 exteriori,
3142 5673 3478 5743 mutatorio,
3528 5673 3762 5746 ἀλλαξί-
