4180 6304
367 315 487 378 M3

1255 323 1356 384 DE
1401 319 1854 384 CERIMONIIS
1899 317 2137 380 AULAE
2179 321 2655 384 ΒΥΖΑΝΤΙΝΛΕ
2694 325 2846 386 LIB.
2894 326 2940 386 Ι.

3681 334 3800 394 414

374 449 590 522 ὁμοίως
631 450 734 505 καὶ
761 453 814 507 oi
847 454 1126 526 πατρίκιοι
1154 454 1243 509 καὶ
1273 455 1336 509 τὸ
1375 449 1786 510 κουϐούκλειον.
1813 451 1914 508 Καὶ
1947 449 2048 505 εἰσ-

2162 454 2472 511 triclinium
2491 458 2780 528 processio
2799 459 2880 526 ﬁt,
2902 475 3018 530 quo
3039 459 3545 532 orphanotrophus
3571 480 3798 537 quoque

379 533 655 594 ελθὸντων
711 539 897 595 αὐτῶν
938 541 1147 618 γίνεται
1187 544 1218 610 ἡ
1265 541 1586 616 προέλευσις
1632 539 1685 595 ἐν
1716 544 1796 612 τῷ
1829 541 2050 596 Ἰουστι-

384 634 570 685 νιανοῦ
598 630 899 706 τρικλίνῳ,
939 631 1031 688 καὶ
1062 631 1318 688 εἰσελθὼν
1363 634 1390 686 6
1431 633 1832 710 όρφανοτρόφος
1879 628 1932 683 ἐν
1977 631 2046 701 τῇ

388 717 740 795 προελεύσει,
782 717 1076 775 ἐπιδίδωσι
1116 722 1182 777 τὰ
1214 717 1468 793 σύμϐολα
1509 723 1619 793 (43)
1646 725 1764 781 τοῖς
1813 718 1863 791 ἐξ
1895 715 2046 778 ἔθους

393 804 742 882 λαμϐάνουσι
783 809 876 864 καὶ
906 807 1206 885 ἐξέρχεται.
1232 811 1345 867 Εἶθ’
1397 809 1572 872 οὕτως
1622 809 1964 887 εἴσὲρχονται
1995 807 2046 860 o't

393 898 680 974 δήμαρχοι
727 899 817 953 καὶ
866 897 1169 954 ἐπιδιδοῦσι
1203 901 1332 962 τοὺς
1372 898 1778 975 προρῥηθὲντας
1823 897 2045 968 πάντας,

394 988 754 1062 μαγίστρους,
804 987 1202 1060 πραιποσίτους
1252 989 1342 1044 καὶ
1406 988 1722 1063 πατρικίους
1778 985 1869 1041 καὶ
1923 985 2046 1040 λοι-

391 1076 526 1139 ποὺς
578 1076 709 1140 τοὺς
769 1076 992 1150 τιμίους
1027 1077 1312 1152 σταυροὺς,
1347 1078 1571 1140 ὁποίους
1611 1079 1645 1147 ἡ
1697 1079 1795 1146 τῆς
1846 1077 2044 1149 ἑορτῆς

387 1166 536 1235 τάξις
596 1167 836 1224 ἀπαιτεῖ.
889 1161 1321 1238 Καταλαϐούςης
1386 1164 1444 1222 δὲ
1476 1174 1600 1237 ,τῆς
1649 1164 1816 1241 ὥρας,
1869 1164 2046 1219 ὑπαλ-

389 1253 578 1309 λάσσει
621 1256 649 1308 6
697 1252 952 1329 βασιλεὺς
993 1250 1316 1326 διϐητήσιον
1365 1256 1456 1311 καὶ
1504 1252 1762 1332 χλανίδα,
1794 1253 1882 1308 καὶ
1911 1254 2041 1309 καθ-

387 1345 564 1414 έζεται
604 1342 693 1398 ἐπὶ
751 1341 850 1398 τοῦ
896 1345 1081 1413 σὲνζου
1129 1344 1204 1406 εἰς
1249 1346 1312 1400 τὸ
1353 1343 1834 1420 χρυεοτρίκλινον,
1895 1344 1946 1397 oi.
1986 1340 2044 1398 δὲ

373 1437 478 1489 τοῦ
508 1428 910 1488 κουϐουκλείου
943 1435 1172 1496 ἅπαντες
1199 1432 1444 1490 ἵστανται
1491 1432 1638 1489 ἔνθεν
1701 1435 1933 1505 κάκεῖσε,
1967 1433 2040 1495 ὡς

377 1520 610 1577 εἴθισται
645 1520 849 1585 αὐτοῖς,
884 1521 984 1577 Καὶ
1045 1517 1229 1578 λαϐὼν
1273 1527 1446 1596 νεῦμα
1477 1524 1554 1597 [6]
1603 1522 1884 1597 ὄστιάριος
1936 1521 2040 1576 ἀπὸ

375 1609 683 1673 κελεύσεως
736 1610 884 1686 παρᾶ
952 1615 1049 1666 τοῦ
1106 1613 1495 1686 πραιποσίτου,
1551 1610 1851 1690 ἐξέρχεται,
1909 1631 2040 1686 xput-

379 1704 490 1756 τῶν
548 1698 770 1775 βεργίον
802 1704 1044 1779 χρυσοῦν
1098 1698 1370 1772 διάλιθον,
1401 1702 1492 1756 καὶ
1534 1700 1728 1774 εἰσάγει
1764 1699 1940 1775 βῆλον
1970 1701 2037 1770 α’,

2157 559 2288 599 cum
2321 545 2567 602 solemni
2593 563 2805 619 pompa
2835 548 3078 614 venit,et
3101 550 3384 620 symbolis
3405 553 3678 609 omnibus
3701 555 3794 623 iis,

2157 630 2369 700 quibus
2405 632 2523 688 haec
2561 634 2835 690 distribui
2877 635 3083 705 solent,
3115 635 3340 707 divisis,
3369 654 3572 694 rursus
3609 639 3796 697 disce-

2157 718 2260 774 dit.
2306 726 2439 776 Post
2466 738 2600 778 eum
2641 723 2864 779 tribuni
2896 725 3214 781 factionum
3246 742 3343 782 seu
3375 728 3672 783 demarchi
3704 729 3800 785 in-

2157 812 2337 878 trant,
2391 815 2448 865 et
2500 812 2670 868 dictis
2725 814 3018 881 omnibus,
3069 815 3388 887 magistris,
3445 818 3795 889 praepositis,

2156 899 2400 965 caeteris,
2417 903 2500 956 tot
2512 904 2868 958 venerandae
2891 920 3109 975 cruces,
3126 913 3267 976 quot
3285 906 3426 961 ordo
3451 906 3580 963 festi
3602 908 3796 980 requi-

2155 987 2254 1055 rit,
2276 987 2654 1046 distribuunt.
2685 993 2968 1064 Tempore
2995 999 3186 1051 autem
3217 995 3508 1062 veniente,
3540 996 3794 1068 impera-

2154 1080 2246 1132 tor
2293 1076 2576 1135 dibetesio
2624 1084 2682 1134 et
2728 1081 2926 1136 tunica
2975 1098 3085 1138 sua
3141 1081 3409 1150 indutus,
3464 1085 3524 1140 in
3580 1086 3793 1142 throno

2151 1165 2605 1238 chrysotriclinii
2628 1168 2814 1236 sedet,
2838 1186 2872 1223 a
2893 1170 3292 1240 cubiculariis,
3319 1181 3382 1228 ut
3406 1189 3534 1230 mos
3554 1179 3664 1244 est,
3685 1175 3794 1231 eir-

2153 1257 2485 1312 cumdatus.
2507 1257 2674 1312 Tunc
2695 1257 2970 1313 ostiarius
3001 1275 3035 1313 a
3065 1261 3359 1329 mandato,
3385 1261 3548 1332 signo
3579 1280 3613 1318 a
3643 1281 3793 1336 pris-

2153 1344 2340 1415 posito
2373 1344 2530 1413 dato,
2552 1345 2866 1416 egreditur,
2891 1350 2948 1402 et
2972 1347 3197 1417 virgam
3223 1365 3462 1404 auream
3498 1349 3790 1423 lapidibus

2152 1433 2423 1505 pretiosis
2462 1438 2724 1489 ornatam
2765 1437 2997 1503 tenens,
3029 1435 3220 1491 velum
3265 1437 3542 1508 primum,
3575 1441 3793 1510 orpha—

2152 1522 2527 1595 notrophum,
2550 1523 2881 1596 symbolum
2906 1524 3037 1579 fidei
3059 1525 3398 1596 imperatori
3423 1527 3788 1596 offerentem,

2152 1609 2424 1666 adducit:
2448 1614 2499 1667 is
2531 1611 2961 1681 imperatorem,
2994 1629 3110 1669 non
3144 1630 3322 1685 prono
3355 1619 3550 1670 tamen
3581 1615 3639 1670 in
3672 1620 3789 1673 ter-

2149 1717 2272 1756 ram
2295 1717 2556 1772 corpore,
2577 1702 2716 1774 quia
2747 1702 3013 1774 symbola
3041 1707 3248 1774 gestat,
3273 1704 3500 1761 adorat.
3533 1705 3790 1764 Reducto

376 1789 468 1843 τὸν
524 1789 963 1867 ἁρφανοτρόιρον,
1019 1789 1314 1863 κομίζοντα
1385 1795 1465 1862 τῷ
1537 1787 1753 1864 βασιλεῖ
1817 1792 1879 1845 τὸ
1937 1793 2037 1856 τῆς

2147 1796 2362 1860 autem,
2387 1791 2542 1862 quod
2568 1807 2922 1862 suspensum
2941 1797 3045 1859 est,
3072 1792 3214 1859 velo,
3241 1793 3382 1848 dum
3415 1795 3791 1865 orphanotro-

382 1877 618 1940 πίστεως
653 1872 956 1950 σύμϐολον,
1005 1878 1096 1932 καὶ
1146 1877 1404 1934 εἰσελθὼν
1445 1883 1736 1954 προσκυνεῖ
1791 1879 1883 1934 τὸν
1940 1881 2039 1954 βα-

291 1985 308 1993 “
377 1966 557 2033 σιλέα,
603 1967 682 2040 μὴ
729 1964 932 2028 τελέως
970 1965 1184 2022 πίπτων
1232 1969 1402 2037 κάτω,
1436 1967 1550 2022 ἀνθ’
1580 1969 1656 2022 ὧν
1687 1971 1801 2041 (44)
1833 1966 2038 2042 βαστά-

379 2062 467 2127 ζει
496 2056 565 2111 τὰ
603 2050 882 2130 σύμϐολα.
924 2059 1034 2114 Τοῦ
1065 2053 1123 2111 δὲ
1154 2061 1352 2132 συρτοῦ
1387 2057 1565 2132 βήλου
1613 2058 1914 2133 συρομένου
1944 2058 2032 2113 καὶ

377 2149 478 2200 τοῦ
531 2144 942 2222 ὀρφανοτρόφου
1002 2143 1440 2222 ἐμφανιζομένου
1503 2149 1583 2218 τῷ
1642 2144 1881 2220 βασιλεῖ,
1944 2147 2034 2200 ἄν·

389 2232 602 2288 ίσταται
631 2235 738 2306 (45)
770 2234 798 2288 6
831 2231 1090 2309 βασιλεὺς
1131 2234 1235 2288 απὸ
1276 2238 1374 2289 τοῦ
1422 2233 1640 2307 θρόνου,
1674 2231 2032 2312 ἐκδεχόμενος

392 2320 724 2394 δέξασθαιτδ
756 2329 854 2393 τῆς
911 2323 1146 2387 πίστεως
1195 2319 1500 2398 σύμϐολον,
1532 2323 1623 2380 καὶ
1677 2328 1838 2380 τοῦτο
1889 2321 2032 2395 δεξά-

396 2433 556 2485 μενος
603 2412 686 2466 καί
730 2413 1124 2486 ἀσπασάμενος,
1172 2410 1458 2469 ἐπιδίδωσι
1513 2418 1595 2486 τῷ
1663 2415 2027 2488 πραιποσίτῳ,

395 2503 485 2556 καί
547 2501 759 2564 τελέσας
817 2506 929 2576 (46)
983 2503 1079 2565 τὰς
1127 2503 1179 2574 ἐξ
1210 2497 1364 2566 ἔθους
1411 2507 1559 2579 τρεῖς
1614 2505 2028 2579 προσκυνήσεις,

2147 1880 2301 1952 phus
2323 1885 2642 1952 comparet,
2668 1879 2985 1952 imperator
3017 1897 3049 1935 a
3077 1880 3289 1938 throno
3318 1883 3530 1951 surgit,
3553 1884 3794 1941 inteme-

2147 1972 2285 2023 ratas
2330 1977 2661 2040 sancteque
2691 1967 2824 2024 ﬁdei
2854 1967 3186 2040 symbolum
3226 1975 3599 2040 excepturus,
3632 1975 3788 2043 quod

2136 2062 2447 2129 postquam
2497 2057 2722 2129 accepit
2768 2061 2828 2112 et
2871 2057 3166 2114 osculatus
3214 2062 3325 2130 est,
3363 2059 3423 2114 id
3474 2060 3786 2130 praeposito

2135 2147 2310 2202 tradit
2331 2164 2346 2202 :
2370 2145 2469 2202 ille
2499 2150 2629 2218 post
2659 2153 2884 2202 lernam
2900 2147 3299 2203 adorationem
3321 2148 3589 2220 symbols
3610 2148 3786 2222 impe-

2137 2237 2311 2293 ratori
2366 2236 2578 2306 reddit,
2635 2251 2874 2292 manum
2929 2237 3060 2307 ejus
3117 2238 3438 2306 osculatur,
3497 2242 3577 2308 et,
3627 2254 3788 2296 versa

2137 2341 2366 2397 semper
2393 2326 2463 2380 ad
2482 2340 2614 2381 eum
2640 2324 2806 2393 facie,
2830 2325 3238 2394 discedens,in
3265 2326 3457 2382 medio
3490 2326 3782 2396 subsistit,

2137 2417 2545 2487 imperatorem
2582 2430 2764 2484 prono
2797 2413 2856 2470 in
2886 2417 3095 2469 terram
3119 2413 3280 2470 vultu
3313 2417 3546 2485 adorat,
3569 2417 3784 2474 fausta-

2137 2518 2248 2576 que
2276 2502 2474 2558 omnia
2505 2502 2618 2574 ipsi
2650 2507 3019 2574 apprecatus,
3050 2501 3317 2558 discedit.

389 2589 663 2647 ἐπιδίδωσι
716 2597 797 2665 τῷ
857 2592 1077 2668 βασιλεῖ
1119 2593 1186 2650 τὰ
1243 2589 1518 2667 σύμϐολα,
1551 2594 1925 2667 ἀσπαζόμενος
1980 2595 2083 2664 τήν
2145 2596 2309 2671 χεῖρα
2366 2592 2556 2663 αὐτοῦ,
2592 2589 2683 2646 καὶ
2741 2588 2990 2646 ἀπελθὼν
3030 2590 3675 2668 ὀπισθοφανῶς,⁹ίσταται
3730 2591 3783 2648 ἐν

380 2687 456 2755 τῷ
496 2682 665 2756 μέσῳ,
697 2684 788 2738 καὶ
819 2686 1196 2759 προσκυνήσας
1226 2685 1322 2740 τὸν
1352 2683 1597 2759 βασιλέα,
1630 2683 1815 2739 πίπτει
1845 2684 2015 2752 κάτω,
2047 2683 2138 2737 καὶ
2170 2681 2596 2757 ὑπερευξάμενος
2629 2678 2810 2748 αὐτὸν,
2843 2679 3140 2758 ἐξέρχεται.

444 2778 514 2828 B‘.
557 2772 690 2837 E750"
743 2773 915 2836 οὕτως
976 2769 1249 2848 λαμϐάνει
1305 2778 1476 2847 νεῦμα
1525 2775 1553 2829 6
1595 2773 1868 2848 ὀστιάριος
1939 2772 2029 2827 καὶ

370 2860 576 2939 εἷσάγει
613 2861 790 2938 βῆλον
826 2864 894 2938 β’,
924 2865 1016 2919 τὸν
1051 2862 1416 2939 σακελλάριον
1443 2871 1546 2934 τῆς
1575 2863 1766 2940 Ἀγίας
1799 2864 2026 2940 Σοφίας,

365 2951 750 3029 προσερέροντα
787 2957 865 3024 τῷ
915 2951 1134 3028 βασιλεῖ
1188 2955 1473 3024 σταυροὺς,
1517 2951 1896 3028 ἐπικειμένους
1947 2957 2028 3026 τῷ

362 3041 634 3116 ἀριστερῷ
666 3042 834 3096 αὐτοῦ
866 3038 1026 3115 ὤμῳ,
1071 3041 1124 3097 ἐν
1157 3039 1213 3097 δὲ
1243 3046 1314 3118 τῇ
1357 3039 1503 3113 δεξιᾷ
1533 3044 1683 3121 χειρί
1722 3046 2027 3116 κρατοῦντα

363 3130 593 3205 σταυρὸν
627 3126 739 3199 ἕνα,
771 3131 858 3185 καὶ
921 3129 1176 3186 εἰσελθὼν
1214 3136 1510 3206 προσκυνεῖ
1556 3133 1646 3188 καὶ
1691 3131 1853 3195 αὐτὸς
1901 3131 2021 3206 τρί-

361 3239 481 3286 τον,
513 3218 588 3281 ὠς
623 3221 658 3288 ἡ
691 3219 838 3291 τάξις
869 3217 1006 3293 ἔχει,
1038 3221 1129 3274 καὶ
1185 3216 1502 3275 ἐπιδίδωσιν
1561 3219 1616 3275 ἐν
1651 3222 1894 3295 πρώτοις
1944 3225 2023 3292 τῷ

369 3306 594 3382 βασιλεῖ
639 3307 731 3362 τὸν
788 3310 1036 3383 σταυρὸν,
1071 3309 1127 3363 ὃν
1177 3311 1397 3385 κατέχει
1446 3309 1501 3363 ἐν
1545 3313 1613 3383 τῇ
1659 3307 1804 3382 δεξιᾷ
1853 3307 2023 3384 χειρί,

367 3397 746 3470 ἀσπαζόμενος
793 3400 892 3467 τὴν
938 3402 1100 3477 χεῖρα
1149 3399 1337 3454 αὐτοῦ.
1371 3399 1432 3456 Ὀ
1465 3396 1522 3454 δὲ
1573 3398 1830 3473 βασιλεὺς
1873 3397 2026 3469 δεξά-

372 3507 535 3560 μενος
562 3487 656 3542 τὸν
708 3487 964 3561 σταυρὸν,
998 3487 1293 3558 ἀσπάζεται
1351 3487 1535 3559 αὐτὸν,
1567 3487 1656 3543 καὶ
1707 3485 2023 3543 ἐπιδίδωσιν

373 3577 535 3632 αὐτὸν
565 3582 646 3649 τῷ
676 3577 1149 3652 πραιποσίτῳ,καὶ
1176 3579 1275 3643 εἶθ’
1307 3577 1482 3642 οὕτως
1511 3575 1796 3634 ἐπιδίδωσι
1825 3581 1904 3649 τῷ
1927 3579 2026 3652 βα-

377 3663 524 3720 σιλεῖ
550 3667 641 3720 καὶ
672 3667 799 3729 τοὺς
827 3665 1056 3729 λοιποὺς
1089 3665 1474 3741 σταυροὺς,καὶ
1506 3664 1794 3738 δεξάμενος
1823 3665 2023 3729 αὐτοὺς

374 3753 692 3825 ἀσπάζεται,
722 3756 810 3810 καὶ
842 3751 1125 3810 ἐπιδίδωσι
1154 3755 1245 3810 καὶ
1294 3754 1492 3817 αὐτοὺς
1529 3759 1608 3826 τῷ
1654 3756 2021 3828 πραιποσίτῳ.

378 3845 416 3900 Κ
457 3842 474 3864 \
530 3842 552 3857 "
632 3841 664 3897 λ
717 3844 730 3862 \
964 3842 977 3863 ’
1023 3845 1038 3863 ἱ
1361 3845 1373 3863 1
1563 3841 1589 3865 υ
1845 3843 1881 3882 9‘
1982 3847 2010 3859 ιο

421 3863 476 3897 αι
526 3864 628 3898 απε
671 3854 780 3908 θων
833 3845 861 3898 6
919 3865 1077 3906 αυτος
1136 3842 1500 3919 σακελλαριος
1575 3863 1782 3900 ισταται
1842 3863 1896 3898 ει
1944 3864 2024 3916 τῳ

377 3934 548 4006 μέσῳ,
579 3935 670 3988 καί
727 3934 905 3989 πεσὼν
955 3935 1104 3990 κάτω
1156 3939 1450 4008 προσκυνεῖ
1495 3934 1590 3989 τὸν
1647 3931 1902 4008 βασιλέα,
1932 3935 2022 3988 καὶ

374 4022 802 4096 ὑπερευξάμενος
833 4022 1018 4092 αὐτὸν,
1045 4021 1324 4100 ἐξέρχεται
1351 4041 1365 4054 ·
1403 4027 1566 4079 τοῦτο
1598 4020 1656 4078 δὲ
1680 4027 1899 4079 ποιοῦσι
1929 4025 2019 4080 καὶ

372 4110 422 4165 οἱ
472 4109 672 4166 λοιποὶ
723 4108 970 4179 ἅπαντες,
1004 4113 1384 4191 εἰσερχόμενοι
1439 4113 1573 4186 μετᾶ
1623 4119 1854 4190 σταυροῦ
1900 4116 2021 4179 καθ’

368 4197 462 4254 ἕνα
483 4201 574 4273 (1⁸)
602 4196 828 4256 ἕκαστον
883 4199 1080 4277 βῆλον.
1115 4201 1213 4256 Καὶ
1258 4201 1493 4273 ἐξελθὼν
1550 4201 1718 4258 πάλιν
1765 4204 1793 4258 6
1839 4203 2024 4259 ὀστιά-

376 4307 509 4360 ριος,
558 4289 758 4364 εῗσάγει
807 4291 913 4345 ἀπὸ
961 4289 1261 4354 κελεύσεως
1318 4291 1492 4366 βῆλον
1530 4292 1597 4366 γ’,
1618 4293 1709 4348 τὸν
1757 4294 2024 4370 σκευοφύ-

2212 2773 2283 2829 ΙΙ.
2309 2773 2536 2828 Rursus
2557 2771 2724 2844 signo
2746 2777 3001 2842 accepto,
3024 2771 3332 2826 ostiarium
3361 2771 3550 2828 velum
3573 2787 3780 2829 secun-

2141 2862 2306 2929 dum,
2322 2859 2688 2918 sacellarium
2704 2860 2926 2916 Sancta:
2940 2859 3190 2932 Sophiae,
3207 2860 3539 2930 imperatori
3553 2877 3779 2931 cruces,

2141 2951 2386 3007 sinistro
2407 2949 2653 3004 humero
2675 2948 2999 3019 impositas,
3021 2947 3382 3016 oblaturum,
3404 2949 3559 3005 102
3580 2949 3780 3006 dextra

2139 3045 2336 3097 autem
2379 3055 2612 3096 crucem
2654 3038 2829 3095 aliam
2874 3041 3225 3110 gestantem,
3255 3039 3512 3107 adducit,
3547 3040 3648 3111 qui
3689 3039 3779 3095 in-

2134 3145 2374 3204 gressus
2419 3144 2576 3198 eum,
2614 3128 2699 3184 uti
2736 3127 3160 3184 consuetudine
3209 3131 3507 3198 receptum
3550 3131 3659 3198 est,
3692 3132 3780 3184 ter

2134 3221 2358 3290 adorat,
2389 3223 2448 3275 et
2495 3234 2685 3286 cruce,
2734 3233 2912 3289 quam
2957 3217 3156 3273 dextra
3190 3231 3366 3273 manu
3411 3222 3617 3290 portat,
3655 3218 3778 3289 pri-

2136 3326 2294 3366 mum
2343 3307 2678 3380 imperatori
2725 3306 2957 3375 tradita,
2989 3307 3116 3376 ejus
3169 3321 3406 3362 manum
3453 3306 3775 3364 osculatur.

2134 3399 2452 3470 Imperator
2472 3411 2705 3452 crucem
2727 3395 3025 3452 osculatur
3049 3411 3293 3467 eamque
3315 3396 3622 3467 praeposito
3650 3396 3773 3466 dat,

2134 3487 2234 3543 ille
2271 3491 2407 3543 tunc
2439 3491 2496 3541 et
2538 3485 2790 3555 reliquas
2829 3500 3030 3540 cruces
3071 3485 3409 3556 imperatori
3441 3485 3628 3554 olt‘ert,
3675 3486 3778 3557 qui

2133 3591 2232 3631 eas
2261 3573 2580 3641 osculatus,
2608 3572 2922 3644 praeposito
2963 3571 3164 3627 tradit.
3199 3572 3548 3629 Sacellarius
3577 3573 3774 3628 disce-

2133 3665 2277 3720 dens
2297 3665 2356 3718 in
2381 3662 2573 3719 medio
2597 3661 2890 3726 subsistit,
2927 3664 2984 3717 et
3015 3661 3427 3731 procumbens,
3464 3661 3774 3730 imperato-

2134 3769 2255 3808 rem
2281 3752 2502 3820 adorat,
2518 3751 2688 3821 eique
2709 3748 2900 3804 felicia
2919 3752 3284 3818 apprecatus,
3307 3747 3428 3803 abit
3451 3764 3465 3802 :
3492 3749 3597 3802 hoc
3617 3747 3772 3804 idem

2133 3841 2368 3913 reliqui,
2417 3855 2552 3897 cum
2601 3853 2776 3893 cruce
2827 3837 2887 3892 in
2939 3850 3291 3908 unoquoque
3341 3835 3463 3892 velo
3496 3835 3770 3906 ingressi,

2130 3930 2373 3986 faciunt.
2432 3926 2725 3984 Ostiarius
2789 3943 2824 3982 a
2882 3926 3160 3981 mandato
3221 3941 3422 3981 rursus
3477 3939 3772 3996 egressus,

2130 4020 2322 4076 velum
2372 4017 2626 4084 tertium,
2687 4015 2985 4071 custodem
3045 4029 3311 4069 vasorum
3379 4013 3774 4069 Sacrosanctaa

2136 4108 2391 4180 Deiparaa
2438 4107 2495 4162 in
2531 4103 2863 4161 Blachernis
2906 4119 3039 4159 cum
3070 4101 3423 4158 chartulario
3463 4102 3650 4158 sancti
3681 4118 3772 4159 se-

2132 4199 2347 4273 pulcri;
2371 4193 3096 4270 quartum,hospitalarem
3119 4192 3455 4264 Theophili;
3479 4191 3771 4262 quintum,

2130 4288 2424 4362 principes
2453 4287 2814 4352 factionum;
2846 4290 3101 4349 sextum,
3144 4282 3556 4354 hospitalarem
3599 4281 3768 4338 Sam-

376 4373 514 4429 λακα
541 4381 644 4445 τῆς
673 4377 1000 4454 ’Τπεραγίας
1049 4378 1314 4434 Θεοτόκου
1355 4383 1462 4434 τῶν
1516 4379 1844 4456 Βλαχερνῶν
1888 4366 2023 4454 μετὰ

2144 4379 2334 4451 psonis
2354 4394 2369 4445 ;
2393 4375 2730 4448 septimum,
2757 4372 3175 4445 hospitalarem
3204 4372 3417 4429 Eubuli
3443 4377 3770 4440 ;octavum,

448 4566 494 4602 ¹⁶
514 4569 636 4622 κατ’
655 4563 749 4622 ἕνα
776 4569 868 4626 ed.

1727 4479 1966 4537 VARle
2006 4475 2415 4536 LECTIONES.

1407 4661 1602 4717 JOAN.
1644 4661 1783 4717 JAC.
1829 4660 2094 4718 REISKII
2143 4653 2740 4717 COMMENTARIUS.

445 4758 950 4831 (43)_Enuntiavit
975 4758 1033 4831 in
1084 4758 1313 4831 plurali,
1346 4759 1486 4829 quia
1541 4759 1710 4831 plura
1766 4759 2030 4830 ejusdem

381 4828 667 4902 ζοτωυιω,
698 4830 956 4902 Symboli
986 4828 1117 4886 ﬁdei
1141 4828 1824 4902 Nicgni¥puta,'exempla
1842 4837 2028 4902 erant.

377 4898 621 4974 Quinam
653 4896 866 4974 autem
910 4901 1124 4974 fuerint
1161 4901 1214 4955 oi.
1262 4899 1310 4970 ἐξ
1353 4896 1926 4974 ἔδουςῗλαμϐἆνοντες
1960 4901 2023 4956 τὰ

378 4965 655 5045 σύμϐολα,
689 4972 795 5039 illi,
830 4973 927 5044 qui
951 4989 983 5029 e
1015 4974 1189 5028 veteri
1223 4965 1488 5045 instituto
1519 4965 1780 5045 Symboli
1804 4974 2020 5030 Nicaeui

377 5043 734 5117 exemplaria
775 5043 1108 5117 acciperent
1138 5043 1899 5117 abuorphanotropheorum
1933 5046 2021 5101 in-

375 5123 635 5189 spectore
686 5115 800 5189 sibi
868 5115 1120 5189 tradita,
1155 5115 1465 5189 mihiinon
1526 5115 1775 5182 constat,
1833 5132 2021 5189 neque

376 5186 621 5243 memini
652 5187 977 5259 quidquam
1007 5187 1166 5260 alibi
1200 5187 1271 5244 de
1319 5187 1426 5260 hoc
1466 5203 1629 5260 more
1668 5186 2024 5260 exemplaria

373 5273 548 5315 manu
590 5258 831 5315 exarata
871 5258 1273 5331 symbolorum
1323 5259 1458 5315 fidei
1504 5258 1894 5315 distribuendi
1937 5258 2023 5316 le-

416 5346 532 5386 6P8.

375 5345 555 5474 έέῖῗέ)
586 5401 884 5474 Propterea
914 5400 1073 5472 quod.
1096 5401 1172 5474 ,In
1204 5399 1552 5474 Anthologia
1585 5401 1803 5474 inedita
1829 5401 2021 5456 Carm.

371 5471 497 5544 649,
544 5475 698 5544 quod
734 5471 935 5544 etiam
967 5487 1035 5544 ex
1080 5472 1335 5544 Grutero,
1387 5471 1544 5544 apud
1608 5473 2024 5529 Fleedwodum

377 5542 436 5598 in
467 5542 701 5616 Sylloge
728 5541 1177 5616 inscriptionum
1207 5549 1264 5616 et
1283 5541 1667 5616 Muratorium
1698 5544 1950 5616 legitur:

466 5608 594 5692 ,ἥθ’
725 5608 782 5666 δὲ
812 5608 1383 5692 χρό’νίσοιςιξφετήσιον
1413 5611 1512 5670 οὒκ
1543 5608 1810 5686 ἀπέδωκῖ,
1842 5618 1953 5672 etc.

455 5680 740 5761 Ἀλγήσας
769 5680 923 5760 φρῖσὶ
954 5680 1206 5744 πολλὰξ..

2140 4757 2220 4814 De
2269 4771 2427 4811 more
2476 4752 2681 4808 diebus
2731 4751 3046 4808 Dominicis
3087 4759 3185 4807 aut
3216 4753 3377 4810 festis
3429 4750 3769 4823 majoribus,

2139 4831 2277 4885 item
2301 4828 2349 4883 si
2373 4826 2503 4896 quis
2534 4840 2762 4896 sacrum
2797 4823 2933 4896 quid
2962 4841 3200 4895 corpore
3231 4826 3422 4890 ferret,
3445 4839 3638 4896 coram
3670 4839 3770 4878 su-

2135 4901 2356 4971 periore
2384 4895 2500 4953 non
2533 4895 2896 4978 procidendi,
2927 4897 3014 4966 egi
3045 4897 3116 4952 ad
3141 4913 3273 4968 pag.
3297 4897 3421 4964 240,
3448 4897 3545 4950 ubi
3575 4895 3768 4949 locum

2131 4973 2290 5028 hunc
2319 4985 2583 5028 exnosut.

2177 4987 2290 5027 unc
2319 4985 2583 5032 εκροεω.

2203 5044 2316 5113 (45)
2363 5030 2610 5098 Honoris
2655 5038 3026 5113 significandi
3058 5054 3257 5106 causa,
3299 5051 3471 5108 quem
3503 5030 3769 5106 symbolo

2134 5110 2267 5170 fidei
2297 5113 2586 5178 exhibeat,
2622 5127 2774 5186 cum_
2795 5110 2942 5166 alias
2991 5125 3180 5180 neque
3223 5121 3547 5178 procerum,
3570 5119 3770 5186 neque

2132 5187 2724 5259 principum,_neque_
2759 5180 3085 5254 legatorum
3117 5186 3448 5238 exterorum
3490 5180 3769 5245 cuiquam

2131 5255 2462 5327 assurgeret
2489 5255 2896 5328 imperator...
3013 5321 3029 5328 _
3193 5322 3228 5328 _
3311 5324 3320 5328 _

2207 5317 2318 5401 (465
2332 5317 2498 5384 Redit
2518 5317 3177 5401 ad_orphanotrophum_.
3193 5322 3511 5401 Postquam
3526 5317 3773 5401 dixisset

2134 5387 2356 5468 auctor,
2419 5413 2544 5481 qua
2593 5387 2904 5465 imperator
2953 5387 3170 5448 faceret
3215 5387 3451 5466 accepto
3483 5387 3774 5464 .symbolo

2134 5473 2265 5512 {irini
2313 5469 2552 5512 anhiioit
2581 5481 2708 5512 num
2740 5463 3244 5512 nrnhnnntronhus
3277 5458 3452 5512 faciat
3479 5455 3628 5512 Illud
3659 5462 3778 5511 tra-

2133 5473 2292 5538 ﬁdei,
2313 5462 2552 5537 subjicit
2581 5462 2708 5537 qua}
2740 5463 3244 5535 orphanotropbus
3277 5462 3452 5514 faciat
3479 5462 3628 5537 illud
3659 5462 3778 5511 tra-

2135 5544 2343 5616 dendo.
2373 5539 2594 5616 Similis
2625 5537 3098 5616 constructionest
3127 5549 3276 5616 pag.‘
3301 5521 3780 5616 {92:31)}.

2135 5593 2508 5683 Saganae:
2529 5623 2644 5664 non
2663 5608 2731 5662 ad
2757 5593 3154 5679 praepositum,
3177 5593 3280 5661 ἐὁά
3307 5593 3384 5652 ad
3405 5595 3780 5652 sacellarium

2137 5682 2408 5756 pertinet.
