4152 6302
379 314 498 376 415

1475 304 1996 371 CONSTANTINI
2036 305 2724 368 PORPHYROGENITI

3669 312 3786 374 416

379 445 799 520 hospitalarem
813 444 1006 502 Irenes
1025 460 1277 513 ;nonum
1288 487 1303 514 ,
1317 444 1733 515 hospitaiarem
1758 439 2015 496 Narsetis

2134 442 2231 493 τοῦ
2265 439 2679 514 χαρτουλαρίου
2723 445 2822 510 τῆς
2875 439 3067 518 Ἀγιας
3110 443 3324 515 Σοροῦ·
3380 437 3554 516 βῆλον
3598 437 3663 509 δ’,
3693 442 3786 497 τὸν

382 541 698 605 decimum,
725 537 1132 609 bospitalarem
1151 541 1368 593 Sanctae
1390 535 1612 603 Irenes;
1643 531 2020 588 undecimum

380 626 599 697 velum,
633 629 935 682 senatores
989 624 1168 690 urbis,
1219 623 1478 678 adducit.
1511 621 1583 676 Hi
1628 635 1854 685 omnes,
1885 634 2019 673 cum

379 715 656 774 crucibus
714 710 984 784 ingressi,
1043 727 1110 766 ea
1166 727 1294 782 qua:
1350 725 1531 782 supra
1585 706 2022 764 observavimus

379 807 687 876 peragunt.

2134 525 2420 603 ξενοδὸχον
2449 531 2563 604 (47)
2591 533 2698 584 τῶν
2746 529 3019 609 Θεοφίλου
3045 549 3057 561 ·
3107 527 3281 604 βῆλον
3334 530 3391 600 ε’,
3431 531 3558 592 τοὺς
3609 527 3786 603 δημο-

2133 617 2332 690 κράτας
2380 623 2489 672 τῶν
2529 621 2829 691 περατικῶν
2878 615 3106 690 δήμων⁶
3165 617 3340 693 βῆλον
3391 620 3455 684 ς’,
3499 618 3592 672 τὸν
3645 618 3788 688 ξενο-

2134 703 2302 779 δὸχον
2333 710 2442 761 τῶν
2473 709 2715 780 Σαμψὼν
2743 726 2754 738 ·
2796 706 2973 780 βῆλον
3011 712 3076 776 ζ’,
3106 707 3198 761 τὸν
3229 703 3518 782 ξενοδὸχον
3544 710 3651 761 τῶν
3688 706 3786 764 Εὗ-

2133 788 2361 850 ϐούλου·
2389 796 2561 871 βῆλον
2581 796 2759 865 η’,τὸν
2783 793 3075 873 ξενοδόχον
3099 799 3206 850 τῶν
3231 795 3490 869 Εἰρήνης
3522 793 3700 870 βῆλον
3721 797 3785 865 θ’,

379 891 472 945 τὸν
505 886 792 964 ξενοδόχον
820 890 928 941 τῶν
962 887 1180 956 Ναρσοῦ
1205 904 1218 918 ⁸
1273 883 1448 960 βῆλον
1484 887 1538 955 ι’,
1567 883 1660 939 τὸν
1690 879 1979 962 ξενοδὸχον
2011 887 2117 936 τῶν
2148 890 2245 952 τῆς
2285 883 2472 959 Ἀγίας
2515 884 2749 960 Εἰρήνης
2771 903 2782 915 ·
2821 883 2994 958 βῆλον
3032 890 3116 951 ια’,
3145 882 3272 945 τοὺς
3313 880 3638 958 δημάρχους
3687 889 3785 952 τῆς

385 980 697 1048 πολιτικῆς.
729 980 1001 1040 ’Ἅπαντες
1033 973 1092 1031 δὲ
1122 977 1270 1031 οὗτοι
1301 975 1700 1052 εἰσερχόμενοι,
1737 975 2088 1050 βαστάζοντες
2119 976 2400 1044 σταυροὺς,
2442 974 2691 1054 τελοὺσκιν
2719 976 2940 1044 ἅπαντα,
2973 975 3047 1038 ὡς
3078 974 3328 1051 ἀνωτέρω
3359 973 3591 1050 εἷ’ρηται.

448 1072 547 1125 ΙΙΙ.
583 1072 706 1135 Quo
750 1070 921 1138 facto,
955 1069 1272 1140 imperator
1318 1068 1718 1140 praepositum,
1752 1066 1844 1121 hic
1875 1065 2020 1122 ceri-

379 1159 731 1217 moniarium
746 1158 939 1229 jubet,
956 1161 1040 1225 ut,
1057 1175 1158 1230 pro
1173 1173 1333 1214 more
1347 1156 1688 1213 accedentes
1703 1171 2020 1227 crucesque

375 1267 445 1307 ex
465 1247 834 1320 imperatoris
855 1246 1129 1303 manibus
1153 1254 1493 1318 sumpturos
1523 1262 1630 1302 suo
1661 1246 1866 1301 ordine
1895 1245 2020 1300 col-

373 1338 543 1407 locet,
568 1342 633 1394 ut
669 1336 886 1409 singuli
918 1336 1242 1392 secundum
1278 1335 1544 1392 ordinem
1579 1351 1643 1390 ac
1675 1335 2016 1408 dignitatem

370 1445 542 1486 suam
564 1427 983 1500 ingrediantur.
1009 1426 1124 1496 Sic,
1154 1425 1200 1480 si
1224 1426 1459 1494 adsunt,
1485 1424 1733 1495 patricii,
1757 1425 2014 1496 strategi,

373 1517 639 1574 cubiculo
664 1515 932 1585 praefecti,
961 1514 1286 1582 domestici,
1312 1513 1519 1587 primis
1557 1513 1768 1570 ofﬁciis
1798 1513 2017 1570 admoti

371 1611 430 1664 et
459 1605 680 1672 vicarii,
706 1603 925 1676 singuli
963 1619 1063 1674 pro
1096 1618 1276 1669 more,
1305 1603 1364 1657 in
1407 1617 1753 1674 unoquoque
1787 1602 1911 1658 velo
1947 1603 2016 1659 ad

372 1695 782 1765 imperatorem
845 1693 1087 1748 intrant.
1140 1692 1449 1762 Postquam
1492 1707 1625 1747 vero
1679 1691 1738 1746 in
1797 1695 2014 1746 terram

372 1782 820 1858 procumbentes
879 1796 1015 1836 eum
1075 1778 1415 1848 adorarunt,
1476 1779 1724 1852 singulis
1782 1796 2012 1835 crucem

371 1873 572 1940 donat,
610 1870 670 1926 hi
710 1869 898 1926 felicia
926 1870 1262 1946 imperatori
1294 1869 1610 1940 apprecati,
1653 1870 1883 1924 abeunt.
1919 1869 2013 1924 Sic

373 1975 602 2033 quoque
651 1975 964 2030 processus
1013 1958 1072 2013 in
1125 1958 1380 2014 lausiaco
1436 1975 1469 2011 a
1520 1958 1790 2012 mandato
1848 1956 2020 2013 iusti-

372 2050 578 2118 tuitur,
611 2063 932 2120 omnesque
976 2063 1076 2118 per
1118 2047 1550 2118 monothyram,
1584 2062 1710 2118 quas
1761 2046 1833 2101 ad
1875 2062 2014 2102 aera-

371 2140 524 2195 rium
568 2138 857 2209 privatum
897 2136 957 2192 in
1003 2135 1200 2206 phiala
1248 2143 1470 2191 secreta
1505 2134 1789 2191 triconchi
1835 2135 2014 2191 ducit.

372 2244 568 2286 cereos
624 2225 1082 2298 processionales
1139 2230 1457 2297 gestantes,
1507 2226 1850 2296 procedunt,
1906 2224 2019 2280 im-

371 2323 605 2390 perator
635 2314 1170 2389 chrysotriclinium
1203 2315 1362 2387 petit,
1397 2315 1750 2381 sacerdotes,
1784 2330 2015 2370 crucem

373 2407 628 2464 ecclesiae
671 2406 1061 2477 praeferentes,
1101 2420 1131 2459 e
1164 2404 1380 2474 templo
1420 2403 1586 2459 Phari
1624 2405 1930 2474 prodeunt,
1961 2407 2020 2459 et

372 2499 596 2553 interea
625 2497 945 2566 troparium
983 2495 1405 2565 processionis:
1449 2515 1478 2543 «
1511 2497 1889 2549 Communem
1922 2509 2018 2548 re-

374 2585 810 2649 surrectionem,
842 2605 871 2634 ››
906 2583 1307 2638 exordiuntur.
1342 2583 1682 2652 Imperator,
1712 2581 2018 2637 cubicula-

373 2674 478 2732 riis
512 2673 950 2738 comitantibus,
976 2671 1404 2742 processionem
1440 2671 1705 2740 sequitur
1742 2675 1799 2726 et
1830 2669 2015 2725 hemi-

373 2764 597 2837 cyclum
634 2761 841 2832 phialas
873 2759 1155 2816 triconchi
1180 2761 1339 2830 petit,
1366 2760 1464 2815 ubi
1498 2759 1747 2830 patricii,
1781 2764 2018 2816 senatus

369 2854 680 2924 omnisque
722 2868 934 2923 pompa
969 2866 1102 2907 eum
1135 2849 1384 2919 excipit:
1421 2850 1576 2905 unde
1618 2851 1687 2905 ad
1722 2851 2016 2922 daphnem

369 2959 638 3017 pergens,
655 2942 810 2998 ωδ
833 2941 1125 3013 templum
1147 2941 1365 2995 Sancta
1392 2939 1642 3010 Deiparze
1668 2941 2015 3012 ingreditur,

367 3049 618 3105 cumque
640 3032 824 3088 cereis
864 3031 1125 3087 accensis
1169 3034 1455 3100 precatus,
1483 3042 1776 3085 extensam
1819 3029 1898 3084 ibi
1927 3045 2018 3084 ca-

369 3120 478 3184 nit,
513 3122 582 3175 ad
635 3135 835 3174 cruces
870 3118 1112 3184 accedit,
1151 3123 1535 3188 precatusque
1567 3133 1670 3188 per
1697 3115 2014 3172 triclinium

2203 1065 2272 1120 I".
2311 1065 2428 1128 Εἶθ’
2463 1065 2637 1126 οὕτως
2675 1064 2885 1120 κελεύει
2923 1065 2949 1119 ὁ
3003 1063 3258 1139 βασιλεὺς
3305 1069 3386 1136 τῷ
3432 1064 3784 1141 πραιποσίτῳ

2131 1156 2377 1216 κάκεῖνος
2431 1160 2511 1226 τῷ
2560 1162 2660 1225 τῆς
2717 1156 3116 1224 καταστάσεως,
3154 1155 3305 1219 ὅπως
3369 1154 3496 1218 τοὺς
3538 1155 3589 1228 ἐξ
3636 1149 3786 1218 ἔθους

2131 1242 2555 1319 εἰσερχομένους
2615 1245 2706 1300 καὶ
2781 1240 3165 1318 λαμϐάνοντας
3239 1243 3505 1320 σταυροὺς
3562 1244 3622 1298 ἐκ
3677 1249 3783 1299 τῶν

2131 1339 2332 1410 χειρῶν
2393 1339 2490 1389 τοῦ
2566 1332 2837 1410 βασιλέως
2891 1332 3210 1409 διευθετήσῃ
3256 1337 3317 1403 ⁸⁷,
3369 1334 3518 1395 ὅπως
3558 1330 3782 1395 ἕκαστος

2129 1423 2304 1478 αὐτῶν
2350 1424 2486 1479 κατὰ
2532 1424 2630 1492 τήν
2691 1422 2855 1478 αὐτοῦ
2902 1423 3047 1494 τάξιν
3098 1424 3188 1478 καὶ
3235 1425 3406 1497 τιμήν
3473 1420 3780 1486 εἰσέλθωσι.

2129 1512 2232 1569 Καὶ
2266 1512 2609 1590 εἰσέρχονται
2658 1513 2965 1587 πατρίκιοι,
2997 1513 3043 1566 εἰ
3089 1511 3325 1588 τύχωσι,
3358 1511 3449 1566 καὶ
3486 1513 3781 1588 στρατηγοὶ

2127 1601 2216 1656 καὶ
2249 1601 2304 1654 οἱ
2337 1601 2601 1675 ἄρχοντες
2642 1606 2740 1656 τοῦ
2791 1596 3215 1674 κουϐουκλείου,
3253 1599 3564 1674 δομέστικοί
3594 1622 3652 1656 τε
3695 1599 3782 1655 καὶ

2128 1690 2179 1744 οἱ
2217 1689 2285 1744 τὰ
2331 1695 2523 1764 πρῶτα
2581 1691 2809 1770 ὀφφίκια
2861 1689 3192 1768 κατέχοντες
3249 1691 3340 1746 καὶ
3382 1690 3780 1764 τοποτηρηταί,

2127 1779 2178 1834 οἱ
2212 1781 2459 1850 συνήθως
2493 1779 2872 1854 εἰσερχόμενοι
2904 1779 3100 1841 πάντες
3123 1779 3173 1835 ἐν
3201 1780 3272 1834 ἐνὶ
3301 1781 3462 1854 βήλῳ
3493 1776 3779 1854 στιχηδόν.

2130 1869 2403 1922 Πεσόντων
2457 1865 2514 1923 δὲ
2555 1869 2644 1924 καὶ
2693 1870 3184 1940 προσκυνησάντων
3233 1870 3324 1924 τὸν
3370 1867 3622 1943 βασιλέα,
3663 1866 3781 1922 ἐπι-

2129 1955 2347 2012 δίδωσιν
2377 1958 2453 2012 svi
2488 1959 2696 2030 ἑκάστῳ
2740 1959 2766 2013 ὁ
2819 1957 3074 2033 βασιλεὺς
3105 1957 3205 2013 ἂνὰ
3245 1956 3471 2030 σταυρὸν
3519 1955 3610 2012 ἕνα
3643 1959 3779 2031 (48),

2128 2046 2217 2101 καὶ
2279 2049 2696 2121 ὑπερευξάμενοι
2788 2047 2882 2102 τὸν
2972 2046 3220 2120 βασιλέα,
3297 2046 3632 2121 ἐξέρχονται,
3688 2046 3778 2100 καὶ

2129 2134 2224 2190 εἷθ’
2275 2135 2448 2198 οὕτως
2499 2134 2706 2192 δίδοται
2760 2135 2864 2191 ἀπὸ
2911 2135 3212 2198 κελεύσεως
3273 2136 3676 2208 μεταστάσιμον
3725 2133 3773 2189 ἐν

2126 2228 2206 2296 τῷ
2238 2223 2543 2296 λαυσιακῷ.
2579 2226 2683 2281 Καὶ
2737 2225 3073 2301 ἀπέρχονται
3122 2227 3349 2287 ἅπαντες
3400 2223 3490 2280 διὰ
3535 2228 3633 2280 τοῖ’)
3685 2244 3779 2296 μο-

2125 2314 2356 2391 νοθύρου
2385 2321 2484 2370 τοῦ
2526 2311 2680 2377 ὄντος
2737 2315 2824 2370 ἐπὶ
2877 2316 2969 2370 τὸν
3005 2316 3052 2353 ίδ
3081 2312 3280 2370 εἰδικὸν
3327 2313 3381 2370 ἐν
3427 2315 3499 2386 τῇ
3539 2316 3776 2387 μυστικῇ

2128 2403 2301 2483 φιάλῃ
2369 2409 2466 2458 τοῦ
2523 2407 2854 2480 τρικόγχου,
2908 2405 3258 2480 βαστάζοντες
3322 2405 3550 2468 ἅπαντες
3599 2404 3774 2458 αὐτῶν

2127 2497 2296 2568 κηρία
2321 2500 2422 2562 τῆς
2464 2493 2647 2562 λιτῆς,
2682 2495 2709 2548 ὁ
2744 2493 2797 2548 δὲ
2833 2494 3090 2570 βασιλεὺς
3123 2494 3396 2570 ἐξέρχεται
3428 2493 3481 2549 ἒν
3522 2498 3603 2565 τῷ
3644 2512 3778 2568 χρυυ

2129 2580 2484 2655 σοτρικλίνῳ,
2536 2582 2846 2657 ἐξέρχονται
2918 2581 2976 2638 δὲ
3045 2584 3133 2638 καὶ
3205 2585 3257 2638 οἱ
3322 2585 3487 2658 ἱερεῖς
3535 2583 3640 2638 ἀπὸ
3682 2588 3780 2652 τῆς

2128 2669 2420 2742 ἐκκλησίας
2499 2675 2596 2726 τοῦ
2662 2671 2874 2746 Φάρου,
2943 2673 3300 2746 βαστάζοντες
3379 2672 3468 2726 τὸν
3557 2671 3779 2745 σταυρὸν

2126 2766 2224 2829 τῆς
2275 2757 2590 2828 ἐκκλησίας,
2639 2760 2729 2815 καὶ
2789 2761 2912 2833 παρ’
2963 2760 3100 2816 αὐτὰ
3158 2756 3423 2836 ἄρχονται
3463 2761 3523 2816 τὸ
3571 2759 3778 2834 τροπά-

2130 2869 2246 2924 ριον
2276 2856 2375 2918 τῆς
2427 2848 2605 2917 λιτῆς,
2633 2873 2661 2902 ‹‹
2713 2851 2825 2918 Τὴν
2873 2852 3064 2920 κοινήν
3096 2849 3402 2906 ἀνάστασιν.
3432 2874 3460 2901 ››
3490 2849 3594 2906 Καὶ
3627 2847 3778 2922 δηρι-

2125 2938 2419 3012 γευόμενος
2487 2939 2512 2992 ὃ
2579 2937 2833 3011 βασιλεὺς
2903 2939 3005 2993 ὑπὸ
3068 2944 3175 2994 τῶν
3231 2944 3328 2994 τοῦ
3386 2936 3778 2994 κουὸουκλείου

2133 3027 2406 3092 ἁπάντων,
2443 3023 2717 3102 διέρχεται
2751 3027 2970 3081 ὄπισθεν
3017 3030 3113 3096 τῆς
3163 3028 3319 3097 λιτῆς
3369 3027 3458 3083 καὶ
3504 3027 3780 3102 ἐξέρχεται

2131 3114 2184 3170 ἐν
2213 3121 2293 3188 τῷ
2325 3113 2648 3188 ἡμικυκλίῳ
2683 3115 2885 3192 φιάλης
2914 3121 3012 3171 τοῦ
3042 3117 3368 3196 τρικόγχου,
3391 3117 3481 3172 καὶ
3523 3115 3779 3192 δέχονται

366 3207 701 3280 augustaiis
723 3207 1007 3277 templum
1033 3205 1228 3261 Sancti
1248 3207 1420 3277 primi
1444 3206 1716 3278 martyris
1742 3206 2015 3277 Stephani

2133 3203 2292 3259 αὐτὸν
2348 3204 2519 3259 ἐκεῖσε
2576 3205 2848 3278 πατρίκιοι
2898 3206 2988 3260 καί
3047 3204 3352 3282 σύγκλητος
3401 3206 3491 3262 καὶ
3542 3212 3683 3262 πᾶσα
3741 3208 3776 3275 ἡ

369 3299 568 3364 intrat,
587 3302 643 3350 et
665 3301 936 3367 precatus
958 3303 1253 3350 extensam
1279 3295 1357 3349 ibi
1381 3295 1557 3357 canit,
1575 3311 1704 3350 mox
1723 3295 1792 3349 ab
1810 3294 2015 3351 iisdem

367 3387 640 3458 stipatus,
668 3401 766 3457 per
788 3384 1092 3457 augustale
1112 3391 1169 3440 et
1194 3384 1478 3440 triconchi
1503 3384 1766 3456 apsidem
1811 3385 2019 3441 transit

366 3475 427 3531 in
484 3476 654 3545 cuius
710 3475 910 3547 apside
967 3473 1256 3530 triconchi
1313 3474 1686 3544 imperatoris
1737 3473 2014 3542 ministri,

368 3566 562 3621 fausta
593 3566 831 3620 domino
855 3563 1239 3636 apprecaturi,
1273 3565 1510 3619 adsunt.

2127 3294 2470 3370 προέλευσις,
2501 3295 2746 3349 κάκεῖθεν
2778 3294 3076 3374 ἀπέρχεται
3128 3295 3425 3352 λιτανεύων
3469 3295 3520 3352 ἐν
3565 3302 3634 3370 τῇ
3685 3293 3782 3351 δά-

2128 3405 2256 3462 φνῃ,
2290 3384 2378 3438 καὶ
2412 3383 2713 3458 εἰσέρχεται
2747 3385 2822 3446 εἰς
2861 3386 2954 3440 τὸν
3007 3407 3132 3441 ναον
3174 3393 3274 3455 τῆς
3303 3387 3623 3462 ’Υπεραγίας
3655 3392 3782 3441 Θεο-

2125 3474 2313 3541 τόκου,
2345 3473 2434 3527 καὶ
2489 3475 2626 3548 ἅψας
2673 3473 2878 3546 κηροὺς
2927 3475 3017 3528 καὶ
3069 3476 3384 3548 εὐξάμενος,
3414 3473 3563 3531 τελεῖ
3611 3474 3779 3530 ἐκεῖσε

2123 3563 2222 3631 τὴν
2283 3561 2492 3632 ἐκτενῆ,
2543 3563 2631 3616 καὶ
2695 3561 2996 3637 ἀπέρχεται
3046 3564 3122 3624 εἰς
3175 3566 3302 3626 τοὺς
3359 3566 3641 3638 σταυροὺς,
3691 3565 3779 3619 καί

369 3653 656 3726 εὐξάμενος
717 3651 994 3727 διέρχεται
1054 3649 1144 3706 διὰ
1197 3655 1294 3707 τοῦ
1323 3650 1605 3727 τρικλίνου
1653 3655 1748 3708 τοῦ
1797 3651 2164 3727 αὖγουστέως,
2186 3653 2274 3706 καὶ
2318 3651 2619 3726 εἰσέρχεται
2654 3651 2730 3714 εἰς
2761 3653 2851 3707 τὸν
2879 3651 3005 3708 νᾶὸν
3045 3657 3142 3708 τοῦ
3171 3653 3352 3729 Ἃγίου
3384 3652 3778 3728 πρωτομάρτυ-

363 3766 458 3822 ρος
515 3747 812 3823 Στεφάνου,
845 3745 1001 3799 κάκεῖ
1051 3739 1342 3817 εὺξάμενος
1386 3742 1539 3800 τελεῖ
1589 3741 1760 3799 ἐκεῖσε
1806 3744 1904 3812 τήν
1951 3743 2162 3812 ἐκτενῆ,
2213 3742 2303 3796 καὶ
2373 3740 2802 3818 δηριγευὸμενος
2863 3741 2935 3796 δι’
2991 3741 3188 3813 αὐτῶν,
3221 3742 3495 3818 διέρχεται
3550 3741 3638 3798 διὰ
3682 3748 3778 3798 τοῦ

364 3835 707 3910 αὐγουστέως
757 3834 847 3889 καὶ
895 3846 994 3902 τῆς
1057 3830 1252 3905 ἀψίδος
1302 3837 1398 3889 τοῦ
1448 3835 1774 3909 τρικόγχου,
1823 3833 1914 3888 καὶ
1984 3834 2232 3907 μένουσιν
2299 3833 2352 3887 oi
2404 3829 2685 3908 βασιλικοὶ
2734 3832 2786 3887 ἐν
2826 3835 2896 3906 τῇ
2946 3831 3082 3907 αὐτῇ
3119 3831 3272 3907 ἀψίδι
3316 3837 3414 3889 τοῦ
3451 3833 3777 3910 τρικόγχου.

364 3927 794 4001 ὓπερευχόμενοι
826 3925 919 3978 τὸν
962 3921 1212 3996 βασιλέα.

441 4017 534 4074 IV.
561 4020 614 4072 Is
639 4033 807 4088 porro
831 4033 863 4072 τι
885 4015 1166 4086 praefectis
1203 4011 1480 4082 cubiculi,
1506 4014 1787 4082 patriciis,
1820 4017 2015 4084 proto-

374 4105 695 4176 spathariis
744 4112 797 4160 et
827 4110 1054 4166 senatu,
1089 4101 1716 4172 spatharocandidatis,
1757 4101 2014 4156 mancla-

377 4197 510 4252 vitis
534 4205 583 4251 et
625 4194 852 4250 cateris
892 4190 1226 4248 domesticis
1257 4191 1507 4258 cinctus,
1539 4206 1642 4261 per
1667 4190 1911 4260 jauuam
1943 4191 2013 4246 ad

374 4285 576 4339 ﬁscum
630 4284 911 4354 priVntum
974 4283 1284 4336 ducentem
1316 4279 1525 4335 transit
1566 4295 1782 4351 perque
1832 4278 2016 4336 scalas

371 4372 617 4430 lausiaci
649 4371 965 4427 descendit.
1005 4370 1090 4425 Ad
1133 4373 1391 4436 senatus,
1433 4369 2014 4441 spatharocanditati,

373 4458 729 4517 manclavitas
747 4458 1047 4527 oseterique
1069 4457 1374 4514 domestici
1394 4457 1737 4530 utriuquein
1761 4457 2011 4515 lausiaco

2197 4018 2267 4070 A'.
2299 4013 2358 4066 '0
2399 4010 2454 4066 δὲ
2512 4011 2767 4086 βασιλεὺς
2800 4009 3229 4088 δηριγευόμενος
3266 4012 3371 4068 ὺπὸ
3417 4018 3526 4069 τῶν
3573 4012 3778 4091 ἀρχόν-

2132 4120 2238 4154 των
2267 4104 2363 4154 τοῦ
2405 4095 2830 4168 κουϐουκλείου,
2871 4099 3170 4175 πατρικίων
3205 4121 3264 4156 τε
3311 4102 3401 4156 καὶ
3443 4121 3774 4175 πρωτοσπα-

2125 4187 2326 4263 Θαρίων
2385 4187 2477 4243 καὶ
2526 4194 2625 4259 τῆς
2685 4188 3018 4262 συγκλήτου,
3071 4187 3647 4266 σπαθαροκανδιδάτων
3714 4211 3775 4244 τε

2124 4277 2214 4333 καὶ
2281 4276 2367 4331 ἐπὶ
2423 4281 2521 4332 τοῦ
2600 4273 2908 4353 μαγλαϐίου
2958 4278 3048 4333 καὶ
3085 4277 3297 4334 λοιπῶν
3349 4278 3657 4348 οἰκειακῶν,
3691 4276 3772 4334 δι-

2127 4366 2347 4441 έρχεται
2378 4363 2467 4421 διὰ
2521 4371 2619 4422 τοῦ
2675 4367 2975 4442 μονοθύρου
3022 4372 3120 4423 τοῦ
3173 4367 3261 4422 ἐπὶ
3315 4369 3408 4423 τὸν
3448 4371 3492 4406 ³9
3548 4366 3772 4436 εἰδικὸν,

2121 4455 2212 4510 καὶ
2260 4457 2583 4534 κατέρχεται
2633 4456 2699 4510 τὰ
2750 4454 3015 4530 βαθμίδια
3071 4461 3169 4512 τοῦ
3210 4457 3530 4517 λαυσιακοῦ.
3590 4457 3656 4515 Οἱ
3710 4453 3770 4511 δὲ

369 4549 720 4618 subsistunt,
739 4549 1075 4620 imperatori
1097 4547 1508 4618 acclamantes,
1533 4547 1633 4620 qui
1663 4566 1695 4603 a
1713 4549 2008 4620 praesenti-

2130 4552 2218 4614 τῆς
2275 4543 2603 4619 συγκλήτου,
2651 4543 3210 4620 σπαθαροκανδιδάτοι
3263 4546 3354 4602 καὶ
3418 4547 3471 4602 οἱ
3519 4549 3616 4601 τοῦ
3659 4566 3769 4618 μα-

370 4639 483 4696 bus
504 4637 773 4708 stipatus,
808 4639 1178 4711 tripelonem,
1201 4637 1301 4694 ubi
1324 4638 1798 4712 protospatharii,
1824 4640 2010 4694 fausta

371 4729 424 4786 ei
470 4732 869 4800 apprecantes,
931 4726 1169 4794 adsunt,
1215 4727 1559 4800 ingreditur.
1610 4727 1829 4784 Deinde
1871 4743 2007 4783 cum

369 4815 743 4876 cubiculariis
780 4820 838 4872 et
885 4815 1150 4888 patriciis
1190 4815 1723 4889 chrysotriclinium
1756 4817 1920 4889 petit,
1953 4819 2009 4872 et

367 4905 667 4975 abiens,in
699 4908 898 4963 dextro
932 4904 1114 4961 latere
1155 4906 1280 4976 ejus
1315 4920 1492 4978 prepe
1521 4914 1575 4962 et
1607 4907 1773 4978 quasi
1806 4907 1877 4961 ad
1912 4921 2007 4961 ca-

368 5014 590 5058 meram
622 4998 683 5055 in
713 4996 1052 5054 cubiculum
1095 4996 1407 5052 ducentem
1438 4995 1725 5063 subsistit,
1775 4995 2004 5068 patricii

2119 4628 2354 4710 γλαϐίου
2406 4633 2496 4689 καὶ
2555 4635 2742 4689 λοιποὶ
2806 4633 3069 4690 οἰκειακοῖ
3121 4636 3367 4708 μένουσιν
3411 4633 3464 4690 ἐν
3501 4639 3580 4706 τῷ
3629 4631 3765 4690 λαυ-

2118 4729 2289 4796 σιακῷ
2347 4718 2486 4779 ἔνθεν
2568 4724 2801 4796 κάκεῖσε,
2866 4725 3295 4800 ὑπερευχόμενοι
3355 4725 3447 4780 τὸν
3502 4720 3760 4800 βασιλέα.

2117 4814 2208 4868 καὶ
2268 4811 2694 4888 δηριγευόμενος
2727 4815 2755 4869 ὁ
2809 4813 3063 4890 βασιλεὺς
3118 4813 3226 4870 ἀπὸ
3277 4817 3384 4870 τῶν
3431 4811 3624 4880 ἐκεῖσε,
3658 4811 3765 4868 εἰσο

2119 4906 2338 4980 ἐρχεται
2387 4905 2438 4960 ἐν
2498 4909 2578 4976 τῷ
2625 4903 2938 4979 τριπέτωνι,
2993 4906 3082 4960 καὶ
3158 4905 3407 4978 μένουσιν
3480 4903 3652 4959 ἐκεῖσε
3708 4903 3760 4958 οἱ

2116 4993 2598 5072 πρωτοσπαθάριοι
2661 4994 3092 5073 ὑπερευχόμενοι
3147 4995 3242 5050 τὸν
3300 4992 3544 5068 βασιλέα.
3604 4993 3660 5046 ’0
3704 4989 3762 5047 δὶ

1732 5091 1982 5150 VARUE
2023 5092 2432 5152 LECTIONES.

435 5189 485 5230 ⁸⁷
514 5186 814 5262 διευθετίσῃ
844 5188 936 5244 ed.
1015 5186 1061 5226 1³
1086 5183 1174 5241 ἐπὶ
1201 5183 1265 5240 τὸ
1295 5185 1388 5243 ed.
1462 5183 1511 5219 ‘9
1539 5180 1626 5237 ἐπὶ
1654 5182 1718 5238 τὸ
1746 5184 1838 5241 ed.

1393 5281 1589 5341 JOAN.
1631 5281 1773 5340 JAC.
1816 5281 2105 5339 REISKII.
2147 5282 2730 5344 COMMENTARIUS.

440 5380 552 5450 (47)
591 5376 962 5436 Xenodochia
1006 5380 1064 5450 et
1113 5391 1367 5450 xenones
1410 5376 1575 5431 erant
1611 5371 1871 5450 hospitia
1907 5388 2011 5450 pro

369 5443 864 5536 vetplisuinﬂ‘rmis
895 5449 1062 5536 agris
1103 5447 1465 5536 corporibus,
1499 5461 1642 5536 quos
1691 5443 2012 5536 xenpdo’chi

368 5521 748 5593 recipiebant,
789 5516 1091 5587 curabant,
1121 5516 1376 5586 ale-bant,
1427 5517 1774 5585 vestiebant,
1808 5516 2014 5572 huma-

371 5593 533 5657 bant,
574 5598 649 5664 fut
679 5597 835 5662 patet
875 5609 944 5651 ex
989 5592 1330 5664 Theophan.
1363 5607 1421 5664 p.
1464 5590 1588 5655 157,
1621 5590 2012 5664 _et,Ass_eman.

375 5669 421 5722 t.
455 5666 500 5736 Ι,
523 5660 908 5722 Biblf0rient.
936 5681 991 5737 p.
1014 5660 1447 5722 271.Vident'ur
1476 5660 1849 5736 parabolanis
1881 5676 2015 5717 suc-

2121 5374 2494 5446 cessisseLde
2543 5373 2757 5446 quibus
2787 5371 2904 5431 vid.
2937 5371 3310 5445 Harenbergii
3341 5371 3482 5428 diss.
3513 5368 3759 5428 Misoell.

2119 5445 2179 5500 Li
2186 5461 2271 5518 ps,
2290 5448 2356 5518 ι.-
2372 5445 2494 5513 VII,
2527 5445 2690 5518 parte
2718 5445 2774 5504 4.

2194 5513 2305 5597 (4_8)
2337 5515 2421 5573 ita
2446 5513 2686 5597 quoque
2702 5517 2902 5586 codex,
2916 5523 2978 5597 _e_t
3005 5517 3187 5597 proba
3215 5518 3493 5597 estatque
3523 5513 3764 5597 antiqua

2125 5604 2190 5643 ea
2229 5587 2428 5644 forma.
2464 5587 2631 5646 Solet
2671 5593 2869 5658 tamen
2916 5587 3126 5647 Noster
3173 5587 3357 5646 multo
3405 5587 3762 5658 frequentius

2129 5659 2228 5716 illa
2260 5659 2440 5717 altera
2472 5665 2557 5718 uti
2587 5659 2685 5715 ἀνὰ
2716 5657 2834 5722 ένὸς
2866 5661 3118 5735 σταυροῦ.
