4180 6304
316 409 429 469 417

1178 411 1282 471 DE
1323 409 1772 473 CERIMONIIS
1815 411 2050 474 AUL/E
2093 412 2570 475 BYZANTINxE
2616 414 2761 475 LIB.
2810 415 2858 474 Ι.

3625 416 3742 475 “8

326 540 587 620 βασιλεὺς
621 540 938 619 εἰσέρχεται
995 544 1132 616 μετᾶ
1175 546 1274 599 τοῦ
1319 537 1716 599 κουϐουκλείου
1754 544 1844 598 καὶ
1877 563 1984 600 πα·
2014 605 2019 614 ι

2109 551 2291 604 autem
2322 547 2376 602 in
2435 547 2679 604 sinistro
2725 547 2904 603 latere
2946 546 3212 617 ejusdem
3247 544 3485 601 triclinii
3532 547 3742 604 throno

331 635 555 713 τρικίων
603 633 657 688 ἐν
707 637 792 704 τῷ
839 631 1302 708 χρυσοτρικλίνῳ,
1345 633 1438 688 καὶ
1485 631 1737 688 ἀπελθὼν
1772 635 1800 689 6
1833 635 1994 704 βασι-

334 725 460 787 λεὺς
485 722 708 779 ’ίσταται
759 721 813 778 έν
844 727 924 794 τῷ
955 719 1114 795 δεξιῷ
1164 722 1316 797 μέρει
1373 727 1471 778 τοῦ
1531 721 1989 798 χρυσοτρικλίνου

338 812 579 884 πλησίον
625 812 704 875 ὡς
746 812 884 886 πρὸς
933 813 1033 881 τήν
1082 813 1330 886 καμάραν
1376 813 1476 881 τὴν
1508 811 1823 888 εἰσάγουσαν
1856 814 1991 886 πρὸς

335 907 427 961 τὸν
480 907 743 972 κοιτῶνα,
799 903 851 957 οἱ
902 900 960 956 δὲ
997 901 1280 976 πατρίκιοι
1323 901 1573 957 ἳστανται
1625 901 1677 957 ἐν
1728 907 1806 974 τῷ
1871 903 1994 977 ἀρι-

342 997 517 1068 στερῷ
553 993 702 1068 μέρει
730 995 829 1047 τοῦ
879 989 1046 1046 αὐτοῦ
1087 990 1566 1070 χρυσστρικλίνου,
1611 993 1700 1046 καὶ
1751 990 1993 1047 ἵστανται

339 1079 652 1159 ἔμπροσθεν
695 1085 794 1137 τοῦ
841 1081 1051 1150 σένζυυ,
1095 1080 1447 1155 βαστάζοντες
1495 1079 1562 1134 τά
1605 1101 1664 1136 τε
1720 1080 1993 1136 λιτανίκια

342 1172 522 1228 αὐτῶν
572 1170 740 1244 κηρία
784 1169 876 1224 καὶ
931 1170 1060 1232 τοὺς
1110 1173 1372 1244 σταυροὺς
1413 1169 1465 1224 οἱ
1515 1166 1571 1223 δὲ
1619 1170 1782 1242 ἱερεῖς
1840 1170 1994 1244 ἀνέρ-

342 1282 537 1341 χονται
589 1259 750 1334 μέσον
812 1255 901 1312 διά
939 1262 1037 1312 τοῦ
1087 1256 1570 1333 χρυσοτρικλίνου,
1616 1259 1707 1313 καὶ
1747 1256 1991 1314 ’ίστανται

339 1349 587 1418 πλησίον
633 1352 730 1402 τοῦ
781 1345 991 1416 σένζου.
1023 1346 1086 1402 Ὀ
1118 1344 1175 1400 δὲ
1215 1343 1463 1407 διάκονος
1493 1345 1675 1417 τίθησι
1722 1348 1784 1401 τὸ
1819 1346 1994 1424 Εὐαγ-

337 1441 528 1515 γέλιον
561 1437 614 1492 ἐν
645 1441 725 1508 τῷ
757 1433 1030 1512 βασιλικῷ
1069 1435 1265 1510 θρόνῳ,
1313 1435 1405 1490 καὶ
1453 1435 1660 1510 γίνεται
1691 1437 1726 1505 ἡ
1761 1439 1994 1507 συνήθης

343 1529 562 1599 ἐκτενῆ,
610 1529 703 1584 καὶ
749 1527 1046 1604 ἀπέρχεται
1097 1525 1124 1579 6
1185 1524 1441 1601 βασιλεὺς
1481 1526 1614 1598 μετὰ
1642 1529 1739 1580 τοῦ
1770 1520 1996 1580 κουόου-

345 1619 537 1674 κλείου
586 1619 675 1673 καὶ
725 1621 832 1671 τῶν
880 1613 1066 1690 ἱερέων
1119 1613 1193 1676 εἴς
1239 1615 1330 1669 τὸν
1380 1615 1504 1670 ναὸν
1552 1622 1653 1684 τῆς
1681 1614 1994 1690 ’Υπεραγίας

345 1708 615 1763 Θεοτόκου
670 1705 722 1760 έν
771 1709 850 1776 τῷ
900 1705 1092 1778 Φάρῳ,
1145 1704 1196 1758 οἱ
1266 1701 1323 1758 δέ
1383 1704 1666 1772 πατρίκιοι
1717 1705 1997 1780 ὑπερεύξά-

350 1817 506 1869 μενοι
555 1795 649 1850 τὸν
700 1791 929 1870 βασιλέα
988 1790 1327 1867 ἐξέρχονται.
1380 1792 1484 1847 Καὶ
1535 1792 1635 1855 εἶθ’
1695 1793 1889 1860 οὕτως,
1950 1792 1998 1848 εἴ

341 1884 554 1941 κελεύει
587 1885 617 1939 6
658 1881 938 1959 βασιλεὺς,
989 1880 1424 1956 προσκαλοῦνται
1477 1880 1604 1944 τοὺς
1655 1883 1993 1956 πατρικίους,

341 1975 432 2030 καὶ
465 1973 960 2048 συλλειτουργοῦσι
990 1975 1069 2043 τῷ
1100 1969 1318 2046 βασιλεῖ
1347 1970 1398 2025 έν
1424 1974 1505 2042 τῷ
1533 1974 1650 2042 ναῷ
1677 1977 1776 2039 τῆς
1808 1971 1995 2046 Ὑπερ-

2103 641 2314 707 astant,
2348 636 2809 709 processionales
2856 651 3054 693 cereos
3084 639 3140 692 et
3183 650 3385 692 cruces
3432 639 3742 707 gestantes,

2101 727 2430 783 sacerdotes
2462 743 2563 798 per
2593 727 2851 783 medium
2875 742 3079 782 eorum
3109 725 3180 780 ad
3213 723 3529 781 triclinium
3552 741 3748 782 ascen-

2102 816 2250 870 dunt
2278 820 2335 871 et
2366 832 2540 888 prOpc
2571 816 2845 872 thronum
2873 816 3220 872 consistunt.
3249 815 3536 870 Diaconus
3559 815 3745 870 Evan-

2103 903 2322 975 gelium
2345 904 2404 959 in
2436 906 2646 962 throno
2678 905 3044 977 imperatoris
3067 906 3314 975 reponit,
3340 904 3462 976 qni,
3497 903 3746 960 solemni

2103 997 2339 1048 extensa
2367 999 2621 1064 cantata,
2652 1011 2782 1049 cum
2837 993 3101 1050 cubiculo
3138 998 3193 1049 et
3244 993 3646 1050 sacerdotibus
3677 993 3750 1050 ad

2101 1079 2386 1148 templum
2415 1082 2641 1138 Sanctae
2666 1082 2918 1152 Deiparas
2949 1083 3121 1138 Phari
3139 1082 3296 1152 abit;
3332 1082 3559 1152 patricii
3588 1099 3746 1156 vero,

2105 1171 2295 1225 fausta
2323 1170 2375 1226 ei
2409 1159 2646 1242 precati,
2680 1171 3004 1228 discedunt.
3037 1173 3131 1228 Sic
3181 1178 3398 1243 postea,
3432 1173 3480 1228 si
3506 1172 3752 1244 jusserit

2103 1260 2440 1332 imperator,
2472 1266 2846 1317 arcessuntur
2877 1263 3124 1332 patricii,
3158 1279 3389 1334 unaque
3427 1279 3559 1318 cum
3592 1279 3658 1319 eo
3689 1264 3748 1318 in

2103 1350 2322 1422 templo
2349 1351 2574 1405 Sancta;
2597 1350 2854 1421 Deiparas
2872 1349 3052 1406 sacris
3071 1349 3397 1418 intersunt;
3424 1354 3515 1408 sin
3535 1354 3750 1423 minus,

2104 1445 2265 1498 extra
2292 1442 2579 1513 templum
2619 1441 2679 1496 in
2719 1440 2918 1496 Sancti
2961 1440 3241 1512 Stephani
3273 1443 3330 1496 in
3368 1441 3752 1513 hippodromo

2105 1546 2302 1586 sacros
2333 1531 2478 1586 ritus
2510 1529 2820 1586 celebrant.
2843 1532 3049 1585 Parato
3067 1546 3200 1584 vero
3224 1530 3508 1596 convivio,
3535 1530 3754 1587 missus

2107 1619 2447 1688 afferuntur,
2495 1624 2552 1674 et
2600 1625 2830 1691 peracta
2881 1619 3078 1674 divina
3133 1618 3390 1692 liturgia,
3440 1619 3758 1690 imperator

2107 1708 2379 1775 discedit,
2413 1724 2479 1762 ac
2519 1709 2860 1762 venerandae
2910 1723 3122 1762 mensae
3158 1725 3278 1764 suae
3323 1708 3382 1762 in
3434 1706 3758 1763 Justiniani

2029 1819 2075 1883 B
2105 1795 2360 1850 triclinio
2393 1795 2450 1849 in
2492 1795 2924 1865 scaramangio,
2975 1810 3090 1864 quo
3140 1795 3309 1850 etiam
3363 1796 3612 1849 conviva
3655 1795 3754 1850 in-

2104 1884 2253 1941 dulti
2286 1889 2445 1950 sunt,
2479 1884 2702 1940 assidet
2733 1901 2746 1940 :
2781 1888 2914 1939 ante
2954 1883 3390 1955 processionem
3440 1883 3592 1939 enim
3625 1899 3756 1939 om-

2105 1990 2210 2030 nes
2234 1973 2580 2030 mutatorias
2612 1978 2880 2029 sumunt.

345 2065 503 2142 αγίας
553 2063 848 2131 Θεοτόκου,
889 2062 924 2131 ἢ
975 2061 1064 2116 καὶ
1123 2059 1270 2137 οὐχὶ,
1337 2058 1745 2136 λειτουργοῦσιν
1805 2059 1906 2131 ἔξω
1958 2061 2035 2125 εἰς
2081 2063 2173 2117 τὸν
2221 2064 2408 2137 ’Ἄγιον
2462 2063 2734 2140 Στέφανον
2784 2067 2880 2117 τοῦ
2929 2059 3302 2137 ἱπποδρόμου.
3345 2061 3748 2138 Στοιχηθέντος

345 2152 401 2210 δὲ
463 2158 565 2209 τοῦ
611 2150 955 2226 κλητωρίου,
1003 2149 1243 2226 γίνονται
1296 2150 1498 2223 μίνσαι,
1547 2150 1637 2204 καὶ
1681 2151 1814 2224 μετὰ
1862 2151 1963 2220 τήν
2021 2149 2284 2207 ἀπόλυσιν
2341 2156 2441 2218 τῆς
2491 2155 2636 2213 θείας
2684 2151 3024 2227 λειτουργίας
3083 2151 3361 2229 ἐξέρχεται
3409 2153 3437 2207 6
3499 2152 3755 2227 βασιλεὺς

347 2244 441 2297 καὶ
469 2243 743 2312 καθέζεται
778 2240 865 2297 ἐπὶ
898 2247 998 2309 τῆς
1026 2241 1217 2313 τιμίας
1246 2240 1414 2295 αὑτοῦ
1463 2240 1732 2313 τραπέζης
1781 2237 1831 2294 έν
1878 2244 1958 2312 τῷ
1998 2241 2362 2314 Ἰουστινιανῷ
2388 2240 2646 2317 τρικλίνῳ
2676 2241 2779 2297 ἀπὸ
2813 2240 3246 2318 σκαραμαγγίου,
3279 2240 3538 2303 ὡσαύτως
3576 2241 3668 2296 καὶ
3700 2242 3754 2296 οἱ

354 2331 658 2400 κληθέντες·
690 2332 794 2385 ἀπὸ
823 2331 925 2406 γὰρ
955 2335 1054 2398 τῆς
1087 2328 1246 2398 λιτῆς
1270 2328 1461 2390 πάντες
1485 2327 1867 2386 ἀλλάσσουσιν.

436 2423 515 2478 E'.
542 2422 658 2495 Χρὴ
705 2418 757 2475 δὲ
799 2418 1015 2486 εἰδέναι,
1062 2417 1170 2490 ὅτι,
1221 2418 1266 2474 εἴ
1322 2420 1414 2492 μὲν
1460 2419 1606 2494 τύχῃ
1639 2417 1690 2473 έν
1724 2419 1892 2494 ταύτῃ
1926 2423 1995 2495 τῇ

363 2511 529 2584 έορτῆ
576 2510 603 2563 ὁ
647 2506 1050 2585 Εὐαγγελισμὸς
1093 2515 1196 2578 τῆς
1247 2508 1541 2584 ὑπεραγίας
1589 2509 1878 2576 Θεοτόκου,
1909 2529 1998 2564 τε-

364 2596 535 2654 λεῖται
586 2597 766 2660 οὕτως’
820 2597 1098 2653 Λιτανεύει
1134 2598 1162 2651 6
1207 2595 1486 2671 βασιλεὺς,
1528 2599 1602 2660 ὡς
1634 2599 1888 2672 ἀνωτέρω
1921 2595 1995 2653 εἷ’-

359 2697 538 2762 ρηταξ,
570 2684 798 2742 ἐκτελῶν
856 2687 1060 2742 ἅπαντα
1109 2683 1424 2740 ἀκολούθως
1459 2686 1508 2740 ἐν
1541 2691 1656 2748 τοῖς
1685 2685 1996 2762 εὐκτηρίοις

356 2783 455 2846 τῆς
501 2773 722 2852 δάφνης,
770 2775 995 2838 τελέσας
1050 2773 1108 2830 δὲ
1156 2775 1383 2843 ἅπαντα,
1435 2774 1509 2836 ὡς
1561 2773 1788 2829 ε’ἰθισται
1850 2775 1999 2847 αὐτῷ

350 2870 416 2939 τῇ
446 2871 551 2920 τῶν
583 2864 762 2921 Βαίων
809 2867 990 2939 ἡμέρᾳ
1027 2864 1228 2921 τελεῖν.
1279 2866 1344 2921 Οἱ
1389 2865 1481 2938 μὲν
1528 2865 1714 2938 ἱερεῖς,
1770 2864 1903 2936 μετὰ
1933 2864 1996 2918 τὸ

349 2953 625 3010 ἐκτελέσαι
671 2955 848 3010 πάντα
895 2953 1217 3017 ἀκολούθως
1254 2952 1304 3008 έν
1353 2957 1436 3025 τῷ
1483 2951 1651 3029 Ἃγίῳ
1719 2951 1992 3030 Στεφάνῳ,

348 3044 683 3120 ἀπέρχονται
717 3042 870 3098 αὐτοὶ
907 3043 1064 3116 μόνον
1112 3041 1164 3098 έν
1210 3047 1289 3115 τῷ
1318 3041 1575 3115 παλατίῳ
1605 3040 1996 3110 λιτανεύοντες,

351 3133 379 3188 ὁ
440 3131 498 3188 δὲ
549 3131 810 3209 βασιλεὺς
857 3131 1157 3208 εῗσέρχεται
1213 3130 1264 3186 έν
1313 3133 1391 3203 τῷ
1441 3152 1662 3187 κοιτωνι
1699 3133 1886 3202 αὐτοῦ,
1922 3132 2004 3187 έκ-

2178 2424 2244 2480 ν.
2267 2423 2576 2480 Sciendum
2610 2427 2718 2490 est,
2763 2423 2810 2479 si
2868 2424 2930 2480 in
2976 2439 3110 2480 eum
3155 2423 3307 2479 diem
3367 2423 3753 2480 Annuntiatio

2108 2515 2487 2569 sanctissimae
2521 2515 2775 2584 Virginis
2827 2513 3120 2582 inciderit,
3152 2529 3280 2568 eam
3321 2515 3402 2568 ita
3433 2513 3708 2570 celebrari
3739 2528 3754 2570 :

2106 2604 2262 2658 104
2293 2603 2631 2674 Imperator,
2691 2602 2845 2658 sicut
2901 2617 3078 2674 supra
3129 2603 3598 2658 demonstratum
3645 2605 3754 2670 est,

2106 2691 2380 2763 procedit,
2431 2693 2626 2747 omnia
2674 2691 2876 2748 ordine
2928 2694 2986 2746 in
3029 2690 3294 2747 oratoriis
3326 2691 3590 2763 daphnes
3623 2707 3757 2761 per-

2107 2799 2306 2854 agens,
2337 2782 2654 2838 observatis
2679 2781 2750 2838 iis
2782 2781 3010 2846 ritibus,
3045 2797 3192 2853 quos
3223 2781 3370 2837 solet
3399 2782 3458 2836 in
3490 2780 3584 2836 die
3617 2781 3755 2836 Pal-

2111 2888 2338 2926 marum
2387 2871 2713 2926 observare.
2765 2871 3101 2926 Sacerdotes
3149 2875 3402 2939 tantum,
3455 2871 3639 2926 sacris
3696 2871 3757 2926 in

2109 2961 2302 3016 Sancti
2318 2960 2596 3031 Stephani
2611 2959 3001 3027 celebratis,in
3018 2960 3388 3031 processione
3402 2961 3470 3014 ad
3488 2958 3759 3031 palatium

2110 3050 2360 3111 abeunt:
2420 3049 2739 3122 imperator
2786 3053 2977 3104 autem
3031 3049 3103 3104 ad
3162 3065 3334 3104 suum
3391 3047 3754 3117 cubiculum,

2110 3144 2342 3210 tempus
2371 3143 2837 3206 exspectaturus,
2883 3154 2946 3193 se
2992 3137 3232 3192 confert.
3267 3140 3390 3201 Quo
3439 3137 3759 3208 apprOpin-

353 3201 653 3296 δεχόμένος
701 3222 792 3276 τὸν
839 3201 1050 3296 καιρόν,
1087 3201 1503 3283 Καταλαϐόντος
1541 3219 1598 3276 δὲ
1645 3226 1741 3276 τοῦ
1783 3224 1998 3297 καιροῦ,

2114 3232 2349 3297 quante,
2383 3225 2830 3282 cerimoniarius
2883 3226 3282 3299 praepositum,
3331 3226 3422 3281 hic
3452 3225 3760 3297 imperato-

362 3313 559 3383 μηνύει
590 3312 618 3365 ὁ
648 3318 749 3380 τῆς
771 3315 1148 3372 καταστάσεως
1180 3315 1260 3382 τῷ
1289 3308 1661 3384 πραιποσίτῳ,
1694 3312 1721 3365 ὁ
1756 3309 1812 3366 δὲ
1842 3332 2006 3386 πραι-

354 3395 579 3464 πόσιτος
629 3398 801 3470 δηλοῖ
847 3405 926 3472 τῷ
977 3400 1216 3476 βασιλεῖ,
1262 3400 1351 3454 καὶ
1401 3397 1632 3470 ἐξελθὼν
1673 3400 1701 3453 ὁ
1750 3399 2006 3474 βασιλεὺς

353 3489 409 3546 έν
457 3495 537 3564 τῷ
583 3491 900 3565 ὀκταγώνῳ,
945 3485 1337 3565 περιϐάλλεται
1395 3491 1496 3560 τὴν
1558 3488 1792 3566 χλανίδα
1841 3493 2006 3545 αὑτοῦ

359 3577 448 3635 διὰ
493 3585 604 3636 τῶν
657 3580 1026 3656 βεστητόρων,
1074 3581 1252 3640 καθὼς
1306 3578 1556 3650 εἴθισται,
1598 3581 1688 3634 καὶ
1721 3577 2007 3656 δηριγευό-

363 3690 521 3744 μενος
554 3670 657 3724 ὑπὸ
684 3674 792 3724 τῶν
842 3672 940 3724 τοῦ
986 3666 1382 3724 κουϐουκλείου
1431 3668 1737 3744 ἀρχόντων,
1789 3667 2005 3743 ἐξέρχε-

355 3779 444 3813 ται
496 3756 584 3813 διὰ
643 3762 739 3814 τοῦ
793 3758 1165 3835 αὖγουστέως,
1233 3757 1323 3813 καὶ
1393 3755 1622 3814 διελθὼν
1681 3759 1743 3813 τὸ
1805 3757 2006 3828 στενὸν,

355 3847 528 3926 ἤγουν
559 3849 661 3918 τήν
693 3855 906 3925 χρυσῆν
954 3853 1135 3924 χεῖρα,
1169 3849 1458 3926 ἀνέρχεται
1501 3847 1576 3910 είς
1616 3848 1708 3903 τὸν
1747 3844 2006 3914 ὀνόποδα,

357 3939 448 3993 καὶ
480 3937 605 4001 στὰς
637 3937 690 3993 έν
728 3942 797 4012 τῇ
849 3937 1036 4013 χαλκῇ
1087 3937 1236 4012 πύλῃ
1290 3941 1388 3993 τοῦ
1428 3934 1721 4002 ὁνόποδος,
1753 3934 2007 4013 δέχονται

360 4026 520 4082 αὐτὸν
569 4026 741 4082 ἐκεῖσε
779 4029 830 4082 o't
879 4030 927 4064 ²⁰
971 4026 1252 4102 πατρίκιοι
1299 4027 1388 4082 καὶ
1453 4025 1771 4102 στρατηγοί·
1822 4026 2008 4082 πεσόν-

357 4138 466 4173 των
528 4114 587 4172 δὶ
645 4117 737 4172 καὶ
793 4117 1310 4192 προσκυνησάντων,
1374 4117 1510 4172 νεύει
1562 4117 1589 4170 6
1647 4115 2003 4192 πραιπόσιτος

360 4213 439 4282 τῷ
472 4213 574 4277 τῆς
620 4208 996 4270 καταστάσεως
1043 4206 1148 4262 ἀπὸ
1196 4205 1517 4276 κελεύσεως,
1559 4207 1802 4269 κάκεῖνος
1832 4206 2002 4282 λέγει·

358 4319 386 4347 α
439 4284 758 4354 Κελεύσατε.
813 4321 842 4348 ››
893 4295 1033 4354 Ἀπὸ
1085 4293 1143 4350 δέ
1181 4301 1288 4350 τῶν
1331 4295 1444 4350 ἐκεῖ
1485 4293 1787 4375 διέρχεται,
1829 4295 2004 4352 τελῶν

359 4381 495 4436 ἅπαν
526 4379 870 4450 ἀκολούθως,
915 4380 972 4435 ὅν
1018 4379 1219 4455 τρόπον
1263 4379 1514 4455 ἀνωτέρω
1544 4379 1596 4435 ἐν
1631 4385 1700 4456 τῇ
1744 4381 2009 4457 προελεύ-

358 4492 434 4527 σει
481 4474 578 4526 τοῦ
625 4469 1047 4546 Εύαγγελισμοῦ
1091 4469 1178 4524 ἐπὶ
1228 4473 1401 4541 ςεπτῷ
1447 4468 1752 4542 ἐξεθέμεοα.
1785 4471 2004 4541 Ἰστέον,

2111 3333 2233 3372 rem
2267 3317 2560 3383 admonet,
2589 3317 2684 3385 qui
2720 3324 3058 3387 octagonum
3093 3316 3412 3388 ingressus,
3438 3317 3632 3370 tunica
3654 3331 3760 3370 sua

2112 3423 2210 3476 per
2249 3406 2571 3472 vestitores,
2624 3408 2690 3458 ut
2738 3421 2865 3459 mos
2923 3413 3031 3473 est,
3063 3405 3342 3470 induitur,
3386 3408 3444 3459 et
3475 3401 3758 3474 praaIectis

2111 3493 2377 3550 cubiculo
2409 3497 2600 3565 ipsum
2623 3493 3062 3559 comitantibus,
3088 3509 3189 3563 per
3210 3491 3514 3562 augustale
3528 3492 3758 3558 transit,

2110 3600 2324 3654 perque
2355 3587 2585 3637 stenum
2617 3597 2720 3636 seu
2766 3596 3004 3635 auream
3059 3596 3299 3634 manum
3331 3580 3652 3650 digressus,
3687 3579 3760 3634 ad

2112 3673 2434 3743 onopodem
2459 3668 2802 3735 ascendit,in
2825 3671 2994 3739 cujus
3016 3685 3176 3724 aenea
3193 3674 3358 3738 porta
3379 3670 3760 3724 constitutum

2112 3761 2337 3834 patricii
2369 3767 2425 3815 et
2445 3758 2692 3831 strategi
2721 3757 3037 3829 excipiunt.
3067 3759 3210 3812 Dum
3235 3762 3430 3812 autem
3456 3756 3765 3828 procidunt

2113 3854 2171 3906 et
2199 3849 2465 3916 adorant,
2499 3847 2844 3919 prmpositus
2875 3844 3279 3901 cerimoniario
3310 3863 3343 3901 a
3383 3846 3658 3900 mandato
3689 3844 3764 3900 si-

2112 3954 2294 4011 gnum
2325 3939 2445 4006 dat,
2478 3937 2529 3992 is
2557 3936 2700 3992 dicit
2735 3951 2747 3990 :
2792 3958 2821 3986 «
2851 3934 3080 3992 Jubete.
3117 3958 3139 3988 ι
3196 3934 3317 3990 Inle
3349 3934 3625 3990 omnibus
3657 3935 3764 3990 rite

2107 4021 2378 4101 peractis,
2409 4043 2538 4100 quas
2569 4042 2747 4098 supra
2777 4025 2835 4080 in
2882 4024 3252 4096 processione
3283 4023 3762 4080 Annuntiationis

2113 4119 2358 4175 breviter
2413 4117 2819 4188 explicuimus,
2881 4114 3152 4171 discedit.
3211 4112 3555 4180 Sciendum,
3613 4113 3761 4170 festo

2113 4209 2442 4264 Palmarum
2492 4205 2585 4261 die
2640 4207 2963 4277 Augustam
3019 4219 3250 4274 quoque
3279 4202 3424 4272 vela,
3476 4217 3640 4274 seque
3696 4217 3764 4258 ac

2113 4299 2542 4370 imperatorem,
2569 4295 2895 4359 admittere,
2923 4297 2979 4348 et
3009 4294 3152 4348 dum
3189 4292 3261 4347 ab
3295 4292 3486 4365 ipsam
3518 4308 3583 4347 eo
3624 4291 3765 4361 ritu,

2114 4404 2228 4459 quo
2259 4387 2330 4442 ad
2363 4387 2772 4455 imperatorem
2817 4382 3248 4455 ingrediuntur,
3283 4383 3354 4438 ab
3384 4382 3531 4455 ipsis
3562 4397 3764 4439 cruces

2116 4477 2377 4546 accipere
2407 4473 2609 4530 solere.

360 4561 444 4618 ὅτι
472 4564 542 4636 τῇ
573 4562 711 4636 αὐτῇ
755 4562 937 4636 ἡμέρᾳ
965 4565 1072 4616 τῶν
1110 4561 1280 4615 Batin
1309 4560 1400 4614 καὶ
1437 4561 1472 4629 ἡ
1507 4559 1794 4636 Αύγοῦστα
1847 4558 2060 4637 δέχεται
2107 4565 2174 4622 τςὶ
2225 4563 2371 4640 βῆλα
2401 4565 2510 4636 (49)
2543 4562 2754 4635 ὁμοίως
2801 4565 2882 4633 τῷ
2933 4559 3168 4636 βασιλεῖ,
3217 4562 3306 4615 καὶ
3341 4560 3470 4626 τοὺς
3500 4558 3762 4636 σταυροὺς

360 4646 630 4726 λαμϐάνει
659 4651 720 4706 ἐκ
745 4655 856 4705 τῶν
885 4649 1021 4705 κατᾶ
1049 4648 1217 4705 τύπον
1249 4650 1647 4725 εἷσερχομένων
1697 4649 1783 4703 ἐπὶ
1825 4655 1922 4705 τοῦ
1958 4653 2230 4729 βασιλέως
2262 4653 2434 4715 οὕτως
2465 4653 2551 4705 καὶ
2586 4649 2670 4705 ἔπ’
2702 4649 2890 4720 αὐτῆς.

965 4742 1221 4796 ΚΕΦΑΛ.
1274 4740 1394 4796 AI".

355 4831 487 4907 ,Οσα
561 4827 1154 4907 δεῖ-παραφυλάττειν
1245 4831 1314 4907 τῇ
1409 4828 1533 4902 ἁγίᾳ
1594 4828 1708 4907 ¹¹καὶ
1772 4829 2001 4907 Δμεγάλῃ

425 4905 462 4958 ε’
510 4903 600 4958 καὶ
669 4900 759 4957 ἐπὶ
797 4896 908 4970 ⁷τῆς
958 4903 1055 4956 τοῦ
1118 4896 1394 4975 βασιλέως
1449 4896 1711 4976 περιόδου
1769 4896 1825 4956 ἔν
1869 4896 2003 4966 ’τοῖς

427 4998 499 5053 γη
509 4994 636 5050 ροκο
645 4977 765 5047 μείο
776 4994 844 5036 ις.

427 5063 739 5139 Ἐξέρχεται
806 5062 835 5116 6
899 5059 1154 5135 βασιλεὺς
1222 5061 1328 5116 ἀπὸ
1392 5064 1489 5115 τοῦ
1545 5058 1819 5117 παλατίου
1887 5063 2003 5138 ὥρᾳ

2039 4752 2087 4814 D

2676 4741 2909 4799 CAPUT
2949 4741 3202 4798 XXXIII.

2116 4832 2475 4894 Obseruantia
2507 4834 2568 4888 in
2615 4838 2810 4889 sancta
2847 4839 2900 4888 et
2943 4848 3146 4903 magna
3187 4831 3338 4902 feria
3370 4830 3585 4903 quinta,
3624 4833 3673 4886 et
3703 4827 3770 4885 dc

2395 4907 2744 4978 imperatoris
2771 4905 3014 4959 circuitu
3043 4908 3103 4958 in
3133 4903 3476 4971 gerocomiis.

2185 5070 2499 5139 Imperator
2525 5083 2558 5123 a
2588 5066 2801 5138 palatio
2850 5065 2994 5121 hora
3025 5063 3211 5135 prima
3255 5064 3357 5117 aut
3406 5055 3665 5112 secunda
3694 5060 3769 5115 ad

358 5155 548 5228 πρώτῃ
599 5153 634 5222 ἢ
682 5152 770 5206 καὶ
815 5147 1040 5224 δευτέρᾳ
1089 5150 1140 5204 ἐν
1180 5154 1261 5222 τῷ
1313 5147 1684 5226 ἱπποδρομίῳ.
1718 5151 2002 5216 Ἰππεύσας

2113 5156 2561 5229 hippodromum
2586 5156 2868 5228 procedit.
2895 5155 3059 5225 Equo
3092 5155 3285 5207 autem
3312 5145 3392 5199 ibi
3425 5158 3770 5229 conscenso,

357 5237 411 5298 δὲ
457 5239 650 5312 ἐκεῖσε,
702 5237 1130 5314 δηριγεύιῖμενος
1180 5239 1283 5294 ὑπὸ
1331 5243 1439 5294 τῶν
1506 5239 1641 5294 κατὰ
1689 5241 1994 5314 συνήθειαν,

2110 5228 2530 5302 comitantibus
2563 5261 2719 5316 eum,
2761 5243 2862 5316 qui
2891 5243 3104 5310 solent,
3159 5238 3232 5294 ad
3262 5228 3595 5304 gerocomia
3627 5233 3774 5306 abit,

1721 5339 1952 5396 VARI/I3
1991 5341 2402 5401 LECTIONES.

427 5431 475 5468 ³ο
504 5431 556 5486 ot
587 5448 705 5489 om.
737 5431 829 5488 ed.

1393 5527 1595 5585 JOAN.
1634 5529 1780 5587 JAC.
1827 5529 2091 5590 RI'JISKII
2133 5531 2726 5590 COMMENTARIUS.

429 5622 546 5695 (49)
571 5621 796 5694 Nempe
864 5633 1078 5676 uxores
1137 5617 1387 5695 illorum,
1433 5634 1760 5695 procerum,
1803 5621 2012 5695 quibus
2121 5628 2179 5679 et
2209 5625 2281 5679 ab
2312 5623 2523 5678 iisdem
2549 5621 2716 5695 _vi_ris,
2748 5597 3799 5695 orphanotrophgnf‘fffkf“(1:13}?-

357 5665 1313 5763 ίωκιςειίεῑιξπἐῑυοξενιῐέθιξιξές
1333 5665 1772 5763 distantia
1804 5665 2012 5749 335;;
2121 5665 3244 5761 ξδδδοίίῖιῑῑιῖιίβίίνλῑιεςιεια
3280 5684 3320 5724 α
3350 5665 3570 5736 quibus
3603 5670 3806 5744 impe-

356 5760 567 5826 ordine
607 5765 998 5824 admittuntur
1019 5760 1302 5820 feminina
1329 5760 1477 5828 vela.
1516 5767 1693 5834 atque
1735 5764 2013 5837 virorum,
2122 5770 2283 5822 rator
2313 5760 2630 5832 acceperat.
