4152 6302
389 339 508 400 429

1250 337 1352 399 DE
1394 331 1864 400 CERIMONIIS
1910 334 2146 400 AULJE
2186 326 2672 399 BYZANTINJE
2713 336 2865 400 LIB.
2913 339 2962 399 Ι.

3693 334 3814 404 430

391 469 575 544 λατίῳ
609 467 704 525 διὰ
738 471 842 540 τὴν
894 469 1090 544 ἐορτὴν
1133 472 1229 523 τοῦ
1276 466 1720 544 Εὖάγγελισμοῦ,
1753 466 1879 524 αλλ’
1913 470 2054 523 ὑπο-

2173 470 2398 540 magnis
2427 471 2895 543 processionibus
2937 469 3141 543 psaltis
3189 470 3527 542 celerisque
3577 475 3813 545 copiosa

395 561 600 636 σρέψας
662 558 974 636 εἲσέρχεται
1035 557 1086 614 ἐν
1133 561 1202 632 τῇ
1263 562 1431 634 μικρᾷ
1475 556 1624 634 πύλῃ
1682 561 1751 632 τῇ
1809 558 1942 632 οῧσῃ
2003 557 2054 613 ἐν

394 655 479 722 τῷ
524 649 742 726 φρέατι,
805 648 858 703 ἐν
992 646 1208 704 ’ίσταται
1257 645 1310 702 ἐν
1373 652 1491 710 ταῖς
1537 648 1581 684 εί
1618 645 1879 722 μεγάλαις
1920 668 2061 722 προ-

394 739 702 808 ελεύσεσιν,
748 736 972 799 ἐπιδοὺς
1040 742 1154 800 τοῖς
1220 736 1454 811 ψάλταις
1523 736 1614 791 καὶ
1682 735 1900 798 λοιποῖς
1961 738 2057 799 τὰς

393 828 672 891 πλουσίας
722 828 890 884 αὑτοῦ
938 825 1144 902 δωρεὰς
1208 828 1236 882 6
1305 825 1559 902 βασιλεὺς
1616 825 1667 880 ἐν
1715 830 1796 898 τῷ
1841 826 2056 898 κράζειν

397 920 495 976 τὸν
544 918 806 994 ἄργυρον.
856 917 963 974 Καὶ
1013 914 1213 972 ἐκεῖθεν
1261 913 1537 992 διέρχεται
1587 913 1678 971 διὰ
1722 921 1820 971 τοῦ
1848 915 2060 991 τρικλί-

395 1029 522 1079 νου,
574 1006 626 1062 ἐν
677 1009 724 1080 ᾧ
771 1006 1094 1084 κραματίζει
1145 1005 1172 1060 ὁ
1227 1003 1480 1079 βασιλεὺς
1531 1004 1582 1060 ἐν
1631 1010 1749 1068 τοῖς
1794 1006 2054 1082 μεγάλαις

395 1097 783 1173 προελεύσεσι,
834 1097 924 1152 καὶ
976 1095 1277 1172 εῗσέρχεται
1323 1097 1380 1150 ἓν
1426 1101 1506 1168 τῷ
1556 1093 1909 1170 μητατωρίῳ,
1965 1095 2055 1150 καὶ

393 1186 722 1256 ἀπαλλάξας
771 1187 873 1256 τήν
924 1185 1150 1257 στολὴν,
1199 1181 1266 1254 ἤν
1317 1190 1473 1262 φορεῖ
1512 1188 1608 1240 τοῦ
1643 1184 1802 1259 ἁγίου
1837 1179 2056 1239 Σαϐϐά-

393 1298 521 1342 του,
587 1275 928 1330 ὓπαλλάσσει
1000 1276 1099 1344 τήν
1176 1278 1273 1329 τοῦ
1348 1272 1769 1350 Εὗαγγελισμου
1828 1272 2054 1344 στολήν.

396 1364 670 1436 Ἐξελθὼν
723 1362 784 1418 δὶ
821 1361 926 1419 ἆπὸ
969 1367 1078 1418 τῶν
1130 1361 1300 1418 ἐκεῖσε
1347 1361 1722 1439 ἠλλαγμένος,
1761 1361 2058 1438 ἂπέρχεται

392 1450 704 1532 ἔμπροσθεν
751 1457 860 1509 τῶν
909 1456 1083 1528 θυρῶν
1148 1457 1246 1508 τοῦ
1305 1453 1714 1528 θυσιαστηρίου,
1763 1454 1851 1506 καὶ
1901 1452 2054 1522 εὐξά-

396 1565 590 1620 μενος,
641 1549 862 1618 κρατῶν
911 1543 1001 1598 καὶ
1048 1543 1252 1617 κηροὺς
1299 1540 1601 1617 εἶ’σέρχεται
1651 1542 1728 1605 εἰς
1775 1543 1837 1597 τὸ
1871 1553 2055 1606 θυσια-

395 1637 652 1708 στήριον,
715 1632 806 1688 καὶ
891 1633 1272 1707 προσκυνήσας
1341 1633 1442 1701 τήν
1520 1631 1676 1706 ἁγίαν
1762 1633 2056 1707 τράπεζαν,

388 1721 681 1798 ἐξέρχεται
729 1721 817 1775 καὶ
872 1717 1147 1795 διέρχεται
1199 1717 1288 1774 διὰ
1335 1726 1435 1789 τῆς
1486 1718 1746 1789 σωλαίας,
1778 1721 1865 1774 καί
1923 1719 2058 1792 μέλ-

2169 577 2414 616 munera
2441 577 2547 616 sua
2579 560 2728 616 inter
2757 559 3051 618 solemnes
3083 559 3394 633 argentarii
3438 559 3816 620 acclamatio-

2167 667 2273 707 nes
2302 656 2519 723 erogat,
2551 652 2896 724 ingreditur.
2931 652 3068 708 Inde
3099 668 3201 724 per
3249 652 3598 723 triclinium,
3631 654 3728 710 ubi
3754 653 3815 710 in

2170 740 2496 812 majoribus
2519 740 2994 812 processionibus
3017 741 3345 799 convivium
3362 743 3636 814 celebrat,
3651 748 3818 799 tran-

2168 830 2246 886 sit
2300 837 2355 886 ct
2411 830 2771 887 metatoriam
2833 831 2995 903 petit,
3031 836 3371 902 mutataque
3418 832 3588 900 stola,
3635 849 3815 906 quam

2168 929 2364 977 sancto
2400 921 2647 977 Sabbato
2678 926 2886 993 gestat,
2917 939 3071 992 eam,
3102 939 3220 995 qua
3249 923 3309 978 in
3357 923 3818 982 Annuntiatione

2169 1009 2374 1076 utitur,
2401 1009 2611 1065 induit.
2638 1010 2820 1079 Unde,
2845 1015 3069 1067 mutata
3098 1016 3274 1080 veste,
3299 1014 3366 1067 ad
3384 1013 3599 1083 januas
3626 1030 3819 1071 sacra-

2167 1098 2236 1154 rii
2269 1097 2409 1165 abit,
2435 1099 2534 1153 ubi
2562 1114 2695 1153 cum
2719 1099 3060 1155 ardentibus
3091 1099 3274 1155 cereis
3298 1110 3589 1173 precatus,
3619 1119 3819 1160 sacra-

2167 1186 2320 1242 rium
2355 1186 2555 1254 intrat,
2589 1193 2645 1242 et
2674 1192 2872 1243 sancto
2903 1189 3073 1243 altari
3113 1190 3371 1258 adorato,
3403 1191 3653 1248 discedit
3682 1209 3818 1265 per-

2167 1292 2282 1348 que
2305 1276 2519 1332 soleam
2542 1276 2882 1347 digreditur,
2906 1277 3301 1347 digressurus,
3326 1295 3558 1336 cereum
3583 1298 3814 1352 proces-

2167 1367 2450 1422 sionalem
2503 1383 2536 1421 a
2579 1365 2889 1437 praeposito
2939 1366 3174 1436 accipit,
3223 1383 3333 1437 quo
3391 1367 3562 1440 facto,
3613 1371 3813 1428 statim

2167 1454 2491 1526 troparium
2526 1455 2652 1511 festi
2681 1453 3104 1510 exordiuntur:
3144 1477 3164 1504 ι
3194 1455 3379 1511 Hodie
3401 1462 3574 1528 caput
3605 1458 3815 1516 salutis
3911 1519 3913 1521 ,

2167 1551 2397 1601 nostra}.
2444 1566 2472 1594 »
2509 1544 2723 1599 Deinde
2773 1561 2808 1599 a
2856 1543 3144 1616 pragfectis
3193 1544 3480 1612 cubiculo,
3533 1547 3816 1618 patriciis,

2167 1634 2442 1705 strategis
2473 1641 2525 1688 et
2557 1636 2762 1688 senatu
2808 1632 3079 1702 stipatus,
3129 1650 3232 1705 per
3261 1635 3546 1707 templum
3589 1636 3822 1705 transit,

2168 1740 2382 1796 perque
2417 1722 2750 1778 narthecem
2776 1725 2834 1778 et
2861 1723 3272 1792 baptisterium
3306 1723 3444 1779 abit.
3477 1724 3581 1781 Per
3602 1727 3824 1798 gradus

391 1812 596 1872 λοντος
627 1811 800 1866 αὐτοῦ
845 1807 1155 1885 διέρχεσθαι
1205 1807 1297 1864 διὰ
1343 1813 1443 1874 τῆς
1493 1809 1752 1879 σωλαίας,
1787 1805 2055 1884 λαμϐάνει

2173 1819 2364 1869 autem
2379 1811 2597 1884 athyras
2621 1812 3084 1877 descendens,ad
3105 1811 3350 1868 millium
3371 1820 3428 1868 et
3442 1829 3542 1884 per
3560 1814 3820 1870 mediam

389 1902 500 1958 ἀπὸ
557 1905 661 1955 τοῦ
740 1899 1106 1974 πραιποσίτου
1157 1898 1350 1972 κηρίον
1404 1898 1726 1971 λιτανίκιον,
1778 1901 1867 1955 καί
1931 1903 2059 1976 παρ’

388 1992 527 2049 αὖτᾶ
552 1990 827 2066 ἄρχονται
876 1989 938 2044 τὸ
984 1990 1278 2063 τροπάριον
1317 1996 1417 2059 τῆς
1467 1991 1660 2064 ἐορτῆς
1688 1991 1772 2058 τὸ,
1807 2014 1835 2042 ι(
1873 1992 2057 2064 Σήμεο

389 2102 485 2156 ρον
535 2087 644 2150 τῆς
692 2078 966 2153 σωτηρίας
1015 2080 1175 2151 ἡμῶν
1225 2079 1288 2134 τὸ
1335 2078 1654 2156 κεφάλαιον.
1687 2103 1717 2132 ››
1768 2079 1865 2134 Καὶ
1899 2077 2059 2154 δηρι-

391 2172 691 2244 γευόμενος
728 2170 834 2224 ὐπὸ
891 2189 944 2224 τε
980 2173 1089 2224 τῶν
1139 2167 1423 2244 ἀρχόντων
1477 2173 1574 2224 τοῦ
1629 2163 2054 2245 κουϐουκλείου,

402 2258 705 2332 πατρικίων
752 2280 811 2314 τε
861 2259 953 2313 καὶ
1026 2263 1340 2334 στρατηγῶν
1402 2260 1492 2312 καὶ
1559 2264 1658 2328 τῆς
1717 2256 2053 2332 συγκλήτου,

413 2343 685 2422 διέρχεται
713 2346 797 2402 διὰ
847 2352 947 2402 τοῦ
998 2351 1148 2413 ναοῦ,
1199 2347 1288 2402 καὶ
1341 2345 1616 2423 ἐξέρχεται
1668 2344 1758 2403 διὰ
1795 2370 1852 2404 τε
1881 2348 1930 2384 3’
1955 2353 2054 2404 τοῦ

418 2435 690 2509 νάρθηκος
719 2437 794 2492 καὶ
831 2441 936 2493 τοῦ
974 2436 1271 2512 λουτῆρας.
1307 2435 1598 2494 Κατελθὼν
1634 2435 1692 2492 δέ
1732 2438 1799 2494 τὰ
1841 2436 2051 2513 γραδή-

416 2524 514 2581 λια
539 2529 631 2581 τοῦ
658 2525 838 2599 ἆθύρα,
871 2525 1146 2605 ἐξέρχεται
1199 2525 1286 2581 ἐπὶ
1318 2528 1380 2581 τὸ
1414 2527 1624 2600 μίλιον,
1665 2529 1757 2583 καί
1790 2525 2050 2584 διοδεύων

411 2617 511 2684 τὴν
571 2613 758 2690 μέσην,
791 2615 1083 2692 ἀνέρχεται
1140 2615 1190 2670 ἐν
1248 2617 1329 2688 τῷ
1375 2617 1526 2695 φόρῳ
1573 2618 1662 2672 καὶ
1691 2617 1842 2672 τελεῖ
1882 2618 2052 2674 ἐκεῖσε

416 2706 614 2761 ἅπαντα
661 2704 1010 2775 ἀκολούθως,
1081 2703 1138 2760 6'v
1203 2705 1403 2782 τρόπον
1453 2705 1711 2780 ἀνωτέρω
1771 2704 2047 2778 ἐδηλώθη.

401 2798 493 2851 Καί
541 2795 830 2860 κατελθὼν
882 2795 958 2856 εἰς
1005 2795 1096 2851 τὸν
1152 2797 1277 2851 ναὸν
1341 2801 1441 2865 τῆς
1487 2795 1807 2872 Ὑπεραγίας
1859 2799 2052 2853 Θεοτό-

390 2888 487 2940 κοῦ
550 2885 608 2940 ἐν
658 2889 781 2947 τοῖς
831 2883 1316 2960 χαλκοπρατείοις,
1365 2882 1516 2940 τελεῖ
1566 2883 1736 2940 ἐκεῖσε
1764 2887 1863 2951 τήν
1906 2884 2051 2950 θείαν

386 2971 736 3049 λειτουργίαν
773 2975 943 3048 μέχρι
982 2977 1079 3029 τοῦ
1110 2971 1472 3049 Εὖαγγελίου.
1523 2974 1627 3030 Καὶ
1668 2973 1773 3030 ἀπὸ
1802 2979 1899 3030 τοῦ
1931 2975 2044 3032 Εὐ-

2170 1904 2228 1958 in
2264 1905 2451 1960 forum
2484 1903 2623 1971 abit,
2657 1902 2856 1956 omnia
2885 1901 2984 1970 ibi,
3017 1906 3082 1955 ut
3111 1917 3290 1972 supra
3319 1903 3706 1971 ostendimus,
3731 1921 3822 1961 or-

2175 1994 2311 2049 dine
2351 1997 2716 2064 peracturus.
2751 1990 2971 2046 Deinde
3000 1992 3066 2046 ad
3107 1995 3386 2061 templum
3421 1991 3823 2050 Sanctissimae

2169 2083 2430 2154 Deiparaa
2461 2081 3000 2152 cbalcopraleorum
3032 2081 3209 2148 venit,
3241 2087 3300 2135 et:
3348 2080 3604 2137 divinam
3650 2081 3821 2137 litur-

2169 2173 2324 2247 giam
2356 2171 2434 2227 ibi
2465 2171 2537 2226 ad
2583 2169 2959 2241 Evangelium
2996 2185 3182 2241 usque
3213 2170 3484 2226 celebrat.
3513 2175 3635 2237 Quo
3677 2169 3822 2227 reci-

2168 2267 2309 2332 tato,
2337 2277 2438 2333 per
2456 2260 2710 2329 ligneam
2730 2259 2945 2314 scalam
2971 2258 3362 2325 descendit,et
3381 2260 3544 2315 linita
3559 2264 3822 2325 extensa,

2168 2352 2454 2408 discedit:
2489 2349 2597 2406 hoe
2628 2347 2778 2404 enim
2813 2348 2907 2404 die
2937 2364 3103 2404 sacra
3133 2347 3368 2418 liturgin
3396 2364 3510 2404 non
3544 2352 3686 2417 tota,
3719 2349 3819 2403 sed

2167 2441 2238 2498 ad
2259 2439 2636 2512 Evangelium
2662 2447 2917 2509 usqueet
2937 2447 3232 2494 extensum
3260 2437 3604 2493 celebratur.
3631 2439 3818 2509 Impe-

2166 2537 2321 2588 rator
2343 2534 2401 2586 in
2428 2529 2738 2602 porticum,
2757 2537 2815 2584 ut
2839 2527 3114 2592 diximus,
3137 2543 3433 2600 egressus,
3453 2544 3666 2599 equum
3686 2543 3818 2584 cum

2161 2621 2257 2691 iis,
2291 2620 2506 2692 quibus
2539 2634 2664 2675 mos
2694 2621 2800 2686 est,
2832 2617 3192 2683 conscendit,
3225 2625 3280 2673 et
3309 2617 3383 2673 ab
3415 2617 3510 2673 his
3541 2618 3815 2690 stipatus,

2163 2713 2233 2768 ad
2269 2709 2549 2782 palatium
2579 2709 2718 2776 abit,
2743 2707 3057 2779 omniaque
3089 2708 3146 2762 in
3181 2707 3454 2776 transitu,
3479 2707 3729 2763 statione
3759 2713 3816 2762 et

2163 2800 2513 2871 receptione,
2530 2815 2657 2870 quas
2672 2813 2849 2867 supra
2865 2800 2922 2852 in
2937 2797 3186 2853 solemni
3202 2797 3820 2868 processioneannun-

2163 2889 2422 2946 tiationis
2455 2888 2703 2943 breviter
2740 2885 3139 2958 exposuimus,
3172 2888 3458 2942 observat.
3502 2887 3808 2958 Ingressus

2163 2981 2471 3054 palatium,
2503 2978 2648 3032 ritus
2677 2979 2864 3032 sancti
2893 2976 3127 3032 Sabbati
3157 2993 3360 3032 omnes
3390 2977 3662 3034 celebrat.

387 3064 647 3141 αγγελίω
712 3066 1033 3140 κατέρχεται
1087 3061 1174 3119 διὰ
1230 3071 1330 3134 τῆς
1389 3063 1609 3136 ξυλίνης
1665 3064 1888 3139 σκάλας,
1964 3071 2054 3125 καὶ
2130 3069 2430 3145 ἐξέρχεται,
2487 3058 2830 3136 τελεσθείσης
2888 3072 2987 3136 τῆς
3044 3063 3304 3128 ἐκτενοΰς’
3363 3067 3417 3121 ἐν
3473 3066 3643 3141 ταύτῃ
3712 3064 3818 3142 γὰρ

388 3157 457 3226 τῇ
526 3153 714 3229 ἡμέρᾳ
779 3156 816 3222 ἡ
885 3153 1000 3208 θεία
1055 3151 1368 3229 λειτουργία
1422 3155 1484 3209 οὐ
1540 3152 1779 3212 τελεῖται
1855 3157 2052 3230 ἅπασα,
2124 3156 2252 3214 ἀλλ’
2319 3154 2425 3220 ἓως
2499 3161 2597 3212 τοῦ
2674 3154 3013 3232 Εὑαγγελίου
3068 3157 3158 3210 καὶ
3216 3161 3320 3224 τῆς
3385 3153 3680 3217 ἐκντενοῦς.
3716 3154 3816 3210 Καὶ

401 3241 634 3313 ἐξελθὼν
680 3245 708 3298 6
771 3240 1031 3318 βασιλεὺς
1088 3242 1139 3297 ἐν
1193 3247 1272 3316 τῷ
1330 3239 1582 3317 ἐμϐόλῳ,
1660 3246 1734 3309 ὡς
1802 3245 2041 3321 εἴρηται,
2114 3247 2332 3304 ἱππεύει
2407 3245 2579 3301 ἐκεῖσε
2649 3245 2784 3317 μετᾶ
2844 3248 2950 3300 τῶν
3010 3243 3146 3299 κατὰ
3201 3246 3507 3315 συνήθειαν,
3566 3243 3656 3299 καὶ
3715 3243 3823 3298 ἀπὸ

401 3337 509 3387 τῶν
564 3330 741 3388 ἐκεῖσε
801 3328 1225 3408 δηριγευόμενος
1284 3331 1580 3408 ἀπέρχεται
1651 3335 1703 3388 ἐν
1775 3341 1854 3408 τῷ
1929 3336 2206 3410 παλατίῳ,
2257 3333 2490 3392 ἐκτελῶν
2565 3334 2774 3388 ἅπαντα
2849 3333 2900 3388 ἐν
2975 3337 3044 3406 τῇ
3121 3331 3311 3406 διόδῳ,
3372 3335 3552 3389 στάσει
3626 3354 3684 3388 τε
3735 3332 3826 3387 καὶ

408 3419 574 3496 δοχῇ,
606 3421 665 3476 ὅν
695 3422 901 3497 τρόπον
927 3420 1181 3497 ἀνωτερω
1216 3421 1266 3478 ἐν
1299 3425 1368 3496 τῇ
1399 3421 1638 3478 καθόλου
1670 3423 1987 3500 προελεύσει
2034 3448 2132 3482 του
2183 3424 2600 3501 Εὖαγγελισμοῦ
2631 3423 2717 3478 ἐπὶ
2759 3421 2943 3494 λεπτῷ
2974 3421 3272 3497 ἐξεθέμεθα.
3314 3423 3408 3480 Καὶ
3445 3423 3703 3478 εἰσελθὼν
3747 3420 3824 3484 είς

405 3511 467 3566 τὸ
499 3509 786 3583 παλάτιον,
820 3509 972 3567 τελεῖ
998 3511 1063 3566 τὰ
1091 3516 1188 3566 τοῦ
1213 3511 1373 3586 ἁγίου
1407 3507 1692 3568 Σαϐϐάτου
1721 3513 1948 3572 ἅπαντα.

1038 3605 1294 3658 κεφΑΑ.
1338 3602 1451 3671 AC.
2097 3606 2141 3672 ο
2711 3599 2944 3658 CAPUT
2993 3599 3240 3656 xxxvr.

409 3691 549 3748 ’Ὀσα
606 3687 688 3745 δεῖ
752 3687 1190 3768 παραφυλάττειν
1239 3690 1349 3768 ,ἐπὶ
1391 3693 1743 3768 ⁸ξτιιροειλεόσει
1823 3692 2065 3758 ἐνώσεως

2176 3691 2523 3750 Observaner
2579 3693 2635 3746 in
2693 3692 3030 3768 processibus
3063 3690 3320 3768 _un_im_zis
3388 3687 3668 3768 Ecclesiae,
3722 3703 3818 3744 seu

986 3761 1314 3833 Ἐκκλησίας
1363 3761 1489 3835 (69)’.
2316 3770 2542 3835 quando
2583 3775 2762 3816 tomus
2791 3765 3012 3816 ultionis
3057 3762 3313 3818 Ecclesia
3339 3761 3676 3832 prwlrgitur.

487 3851 683 3906 Ἰστέον
739 3853 824 3907 ὅτι
879 3851 968 3906 καὶ
1028 3853 1062 3922 ἡ
1121 3850 1442 3927 προέλευσις
1498 3860 1598 3923 τῆς
1655 3853 1899 3917 ἐνώσεως
1965 3861 2063 3923 τῆς

417 3939 748 4010 Ἐκκλησίας
794 3941 868 4004 ὡς
917 3941 1007 3996 καὶ
1055 3943 1106 3996 ai
1161 3940 1350 3997 λοιπαὶ
1402 3943 1753 4018 προελεύσεις
1796 3942 2068 4000 ἐπιτελεῖ-

415 4049 526 4084 ται·
558 4032 646 4086 καῖ
695 4032 799 4106 γὰρ
854 4029 1177 4107 ἐμπράττως
1237 4036 1347 4106 (70)
1398 4034 1426 4088 6
1478 4033 1735 4108 βασιλεὺς
1784 4033 1966 4090 ἄπεισι
1996 4034 2066 4102 ³³,

415 4120 509 4174 καὶ
542 4122 593 4174 αἱ
625 4117 790 4196 δοχαὶ
821 4122 958 4177 κατὰ
1002 4125 1170 4177 τύπον
1216 4123 1487 4198 γίνονται,
1539 4121 1804 4194 δηλονότι
1835 4124 1924 4178 καὶ
1956 4128 2065 4179 τῶν

419 4205 615 4281 δήμων
646 4209 782 4264 κατᾶ
809 4211 872 4264 τὸ
904 4209 1099 4273 εἷωθὸς
1139 4211 1586 4288 ἇκτολογούντων
1629 4211 1680 4268 ἐν
1730 4218 1845 4275 τοῖς
1876 4212 2068 4277 τόποις

417 4297 619 4358 αὐτῶν.
669 4296 731 4356 Ὀ
781 4295 838 4354 δὲ
889 4296 1142 4376 βασιλεὺς
1193 4300 1574 4378 ἀπερχόμενος
1618 4298 1722 4363 ἓως
1772 4307 1872 4356 τοῦ
1912 4301 2071 4376 ἁγίου

419 4388 676 4462 φρέατος,
736 4388 1093 4466 ἀποστέφεται
1160 4389 1352 4461 ἐκεῖσε,
1406 4390 1518 4446 εἶτα
1575 4387 1865 4464 δεξαμένου
1915 4388 2074 4444 αὐτὸν

416 4480 519 4531 τοῦ
557 4477 926 4552 πατριάρχου,
967 4477 1300 4554 ἀπέρχονται
1352 4479 1654 4560 ἀμφότεροι
1694 4478 1770 4540 είς
1815 4480 1909 4535 τὸν
1950 4479 2074 4534 ναὸν

419 4573 523 4636 τῆς
580 4567 769 4642 Ἀγίας
827 4567 1092 4642 Εἰρήνης.
1159 4567 1256 4626 Καὶ
1317 4566 1384 4638 δὴ
1443 4576 1542 4639 τῆς
1613 4567 2072 4640 ἐκκλησιαστικῆς

420 4656 604 4726 πάσης
662 4656 862 4725 τάξεως
930 4653 1291 4731 τελουμένης,
1377 4656 1687 4734 ἐπαίρουσιν
1759 4657 1851 4713 ἀπ’
1909 4656 2074 4713 αὐτοῦ

419 4750 522 4799 τοῦ
573 4748 703 4800 ναοῦ
753 4752 853 4816 τῆς
909 4746 1103 4824 ’Δγίας
1149 4745 1388 4822 Εἰρήνης
1433 4749 1501 4816 τή
1553 4746 1732 4818 λιτὴν,
1789 4750 1878 4803 καὶ
1932 4747 2075 4803 ὑπο-

2248 3852 2692 3908 Observandum
2723 3861 2830 3920 est,
2857 3852 3292 3920 processionem
3327 3867 3564 3922 quoque
3596 3850 3830 3904 unionis

2176 3943 2442 4000 Ecclesiae
2474 3958 2540 3998 eo
2570 3941 2708 4005 ritu,
2733 3956 2846 4010 quo
2879 3951 3092 3995 caeteras
3127 3941 3548 4010 processiones,
3571 3937 3818 3993 institui.

2178 4037 2496 4105 Imperator
2525 4033 2681 4086 enim
2732 4029 2805 4085 ad
2854 4029 3139 4100 templum
3181 4045 3313 4084 cum
3351 4028 3560 4084 ciliciis
3594 4028 3736 4090 abit,
3767 4030 3825 4082 et

2179 4121 2538 4193 receptiones
2572 4137 2674 4192 pro
2707 4135 2862 4175 more
2905 4119 3317 4187 instituuntur,
3350 4119 3627 4173 factiones
3657 4115 3828 4171 scili-

2180 4217 2272 4268 cet
2303 4216 2360 4266 in
2393 4211 2518 4266 suis
2549 4209 2898 4265 stationibus
2929 4206 2979 4264 ei
3012 4207 3355 4262 acclamanl.
3383 4206 3601 4262 Deinde
3631 4203 3705 4260 ad
3735 4221 3826 4259 sa-

2181 4317 2348 4358 crum
2381 4305 2617 4371 puteum
2671 4299 3011 4369 procedens,
3045 4312 3318 4353 coronam
3369 4295 3631 4367 deponit,
3672 4294 3830 4350 110

2181 4389 2380 4460 ibique
2425 4405 2460 4444 a
2508 4386 2839 4458 patriarcha
2885 4391 3182 4458 exceptus,
3233 4401 3369 4441 cum
3417 4385 3545 4457 ipso
3595 4401 3711 4440 una
3755 4383 3830 4439 ad

2184 4485 2398 4535 sancte
2431 4479 2625 4534 lrenes
2655 4475 2862 4547 pergit.
2895 4475 3132 4531 Peracto
3175 4475 3256 4530 ibi
3305 4475 3501 4530 divino
3533 4473 3726 4529 ofﬁcio
3753 4472 3828 4528 ab

2185 4568 2315 4641 ipso
2339 4567 2398 4623 S.
2421 4567 2614 4623 lrenes
2647 4565 2863 4635 templo
2894 4580 3162 4634 pompam
3191 4563 3516 4632 ordiuntur,
3551 4571 3606 4620 et
3649 4561 3735 4618 sic
3764 4561 3826 4617 in

2186 4655 2558 4730 processione
2578 4654 2648 4709 ad
2672 4651 2954 4725 templum
2995 4653 3054 4709 S.
3080 4651 3308 4722 Sophim
3337 4651 3572 4720 reversi,
3597 4665 3695 4722 per
3724 4665 3827 4722 gy-

2185 4762 2430 4805 naceum
2460 4751 2516 4801 et
2546 4743 2879 4800 narthecem
2902 4743 3032 4815 ejus
3053 4743 3194 4800 aedis
3217 4743 3461 4812 intrant,
3478 4743 3726 4812 datoque
3747 4738 3832 4796 ibi

423 4835 745 4912 στρέφουσιν
791 4833 867 4896 εἰς
915 4835 1008 4891 τὸν
1051 4835 1176 4891 ναὸν
1237 4842 1336 4906 τῆς
1402 4835 1587 4913 Ἀγίας
1665 4838 1870 4915 Σοφίας
1920 4834 2076 4891 λιτα-

2187 4833 2572 4910 processionis
2601 4833 2826 4899 ordine,
2848 4832 3127 4889 introitus
3151 4832 3236 4900 fit,
3262 4833 3607 4903 imperatore
3638 4833 3698 4884 ot
3728 4843 3832 4898 pa-

421 4921 692 4994 νεύοντες,
723 4921 814 4979 καὶ
865 4920 1205 5002 εἰσέρχονται
1255 4922 1346 4980 διὰ
1385 4928 1484 4981 τοῦ
1529 4927 1842 5002 γυναικείου
1877 4927 2074 5001 μέρους

2193 4924 2450 4983 triarcba
2469 4940 2604 4982 cum
2625 4922 3020 4980 sacerdotibus
3032 4922 3309 4981 omnibus
3326 4918 3706 4992 ingrediente.
3723 4915 3833 4971 Re-

1776 5057 2015 5114 VARIE
2052 5053 2468 5114 LECTIONES.

497 5172 546 5208 3‘
573 5177 694 5234 ταῖς
724 5188 842 5232 om.
879 5174 974 5233 ed.
1050 5173 1100 5211 ³³
1129 5191 1188 5230 τε
1217 5191 1335 5233 om.
1369 5176 1462 5233 ed.
1538 5172 1739 5230 άπίεισι
1770 5192 1897 5248 cop.
1941 5178 2000 5232 et
2029 5176 2123 5232 ed.

1486 5301 1684 5360 JOAN.
1722 5301 1868 5358 JAC.
1912 5300 2171 5360 REISKII
2209 5294 2794 5358 COMMENTARIUS.

499 5426 614 5496 (69)
639 5424 770 5482 Vid.
804 5425 1038 5496 dissert.
1070 5423 1156 5482 Cl.
1190 5420 1408 5480 Leicbii
1441 5423 1512 5478 de
1563 5421 1680 5478 vita
1709 5420 2076 5478 Constantini
2187 5419 2354 5496 vertit
2385 5415 2730 5496 Anastasius
2761 5430 2817 5484 p.
2852 5411 3140 5496 334.,vjd.
3176 5413 3260 5496 Qu
3290 5407 3486 5496 Gange
3515 5402 3706 5496 gloss.
3737 5406 3833 5496 Gr.

435 5477 1036 5571 Ρόὲῥῐιγέἆεῗὲἰθῗ
1190 5477 1381 5571 616666
1576 5477 1579 5478 6
1764 5477 1771 5478 6
1844 5477 1847 5478 6
1898 5477 1920 5571 6_
2187 5489 2351 5571 h-.'.-
2402 5487 2482 5571 0,8
2540 5477 3010 5571 έμπρθὲτέτιεςηῖθι
3045 5477 3830 5571 έμῗξέέὲξτοῖἳξέἱΑδὶτξρπῖτῗὲἱ(

502 5548 797 5642 ζῆὈῨΕεῩ
828 5548 997 5642 idem
1035 5571 1211 5642 atque
1269 5561 1624 5642 ἐμπράκτως,
1663 5581 1790 5642 cum
1842 5565 2080 5642 solemne
2188 5561 2275 5619 vel
2320 5548 2616 5642 ἂπράκτοὶς
2655 5548 3286 5642 ’ᾱθὶκηὶιιξςίθυεςιιξορρ
3337 5567 3442 5642 suo
3485 5548 3634 5606 loco.
3669 5548 3834 5604 Ἀπι-

433 5619 1238 5712 coﬁiiaﬂht'iéﬁn'caﬁ.
1275 5619 1438 5710 ξριἰά
1480 5619 1822 5712 Theopban.
1848 5619 2078 5712 6p.6_3356,
2191 5652 2293 5686 εισι
2317 5619 2410 5689 est6
2432 5645 2664 5704 quoque
2692 5619 2750 5684 ln
2782 5625 2978 5685 codice
3009 5641 3022 5680 :
3062 5621 3164 5680 sed
3195 5623 3307 5697 leg.
3342 5619 3545 5679 ἄπεισι.

433 5729 515 5782 a.,
563 5707 880 5786 vel,6qnod
926 5711 1080 5769 idem
1133 5716 1238 5780 est,
1289 5707 1416 5767 cam
1461 5707 1698 5769 solemne
1733 5707 1988 5781 obuéuio
2019 5710 2084 5764 ut
