4152 6302
362 331 474 394 431

1439 321 1958 386 CONSTANTINI
1997 316 2692 382 PORPHYROGENITI

3647 316 3764 376 432

361 462 543 516 dsunt
589 462 786 516 autem
828 475 916 529 eo,
967 458 1068 531 qui
1118 458 1177 514 in
1227 454 1470 529 reliquis
1523 451 2000 527 processionibus

2132 456 2210 520 πῆς
2243 449 2410 514 αὐτῆς
2451 447 2749 518 ἐκκλησίας
2801 448 2894 502 καὶ
2931 451 3026 503 τοῦ
3070 448 3354 524 νάρθηκος,
3396 447 3486 503 καὶ
3532 445 3770 503 ἀποδόν-

361 554 642 616 servatur,
677 549 900 605 ordine.

2114 560 2200 602 τες
2232 538 2403 594 ἐκεῖσε
2432 539 2533 607 τήν
2581 544 2682 609 τῆς
2723 535 2884 607 λιτῆς
2924 536 3273 608 ἀκολουθίαν,
3324 538 3535 613 γίνεται
3578 540 3613 606 ἡ
3657 535 3774 592 ε’ἰσ-

363 637 512 711 οδος,
544 639 633 694 καὶ
661 635 920 694 είσοδεύει
945 639 974 692 ὁ
1009 634 1258 711 βασιλεὺς
1287 636 1374 690 καὶ
1409 635 1436 689 ὁ
1465 633 1814 710 πατριάρχης
1849 632 1984 708 μετὰ
2009 633 2100 688 καὶ
2125 631 2342 687 πάντων
2373 634 2481 686 τῶν
2510 629 2720 705 ἱερέων.
2744 629 2827 687 Τὰ
2850 625 2906 685 δὲ
2925 633 3027 696 τῆς
3060 629 3406 708 ὑποστροφῆς
3438 627 3768 685 ἐπιτελεῖται

359 731 538 790 καθὼς
567 730 656 784 καὶ
687 729 736 784 ἐν
764 733 880 791 ταῖς
903 727 1124 790 λοιπαῖς
1151 726 1530 802 προελεύσεσι.

908 826 1141 881 CAPUT
1179 825 1458 882 XXXVII.

368 918 688 974 Observatio
718 917 796 988 de
841 916 1100 983 vestibus,
1152 915 1421 988 quomodo
1468 916 1536 971 ab
1586 913 2011 986 imperatoribus

505 991 565 1044 in
592 987 750 1058 festis
781 989 975 1043 diebus
1006 1005 1070 1044 ac
1095 987 1538 1058 processionibus
1564 992 1866 1043 mutentur.

435 1081 480 1134 Ι.
505 1083 572 1134 In
595 1081 799 1133 sancta
820 1082 876 1134 et
900 1094 1113 1150 magna
1134 1075 1436 1134 Domin'ica
1459 1074 2014 1143 Paschatis,domini

363 1166 636 1223 violaceis
662 1166 1087 1237 scaramangiis
1121 1173 1175 1222 et
1198 1166 1354 1237 sagis
1383 1181 1521 1220 auro
1555 1164 1847 1237 praetextis
1867 1180 1898 1219 e
1919 1179 2014 1235 pa-

364 1255 504 1312 latio
538 1255 1010 1328 progrediuntur,
1046 1255 1104 1309 in
1136 1253 1402 1310 cubiculo
1433 1253 1698 1326 daphnes
1724 1253 1929 1310 loricas
1960 1255 2016 1308 et

365 1345 630 1400 tzitzacia
660 1348 913 1412 mutant,
946 1343 1126 1414 ﬁtque
1155 1342 1236 1397 ibi
1271 1342 1552 1399 solemnis
1583 1342 1644 1399 in
1677 1358 1887 1415 magno
1908 1341 2011 1397 tri-

367 1433 542 1489 clinio
564 1432 684 1488 XIX
700 1433 1074 1489 accubituum
1101 1431 1395 1500 salutatio,
1419 1449 1533 1504 qua
1553 1439 1806 1504 peracta,
1824 1431 2014 1486 tzitza-

368 1523 473 1578 ciis
507 1524 810 1594 depositis,
841 1523 966 1580 lora
997 1531 1050 1578 et
1090 1539 1354 1591 coronas,
1391 1522 1553 1578 albas
1603 1522 1734 1578 illas
1779 1523 2014 1593 quidem

368 1617 469 1667 aut
483 1613 714 1682 rubras,
737 1616 1001 1679 sumunt,
1030 1627 1207 1666 manu
1225 1613 1469 1668 sinistra
1481 1611 1770 1684 scipiones
1786 1626 2012 1674 aureos,

368 1701 618 1774 gemmis
648 1705 704 1756 et
736 1701 1068 1772 margaritis
1100 1704 1358 1767 ornatos,
1378 1701 1572 1756 dextra
1593 1717 1728 1756 vero
1759 1700 2016 1756 acaciam

371 1791 636 1846 fuerunt:
662 1790 744 1846 sic
765 1791 1080 1860 processio,
1099 1794 1241 1845 utsu
1253 1807 1357 1862 pra
1377 1790 1835 1856 observavimus,
1851 1787 2018 1844 insti-

2728 822 2994 878 ΚΕΦΔΛ.
3045 821 3167 880 ΛΖ’.

2123 911 2242 986 Χρή
2279 907 2502 980 εἰδέναι,
2537 912 2653 986 πῶς
2708 907 3094 986 ἀλλάσσουσιν.
3136 909 3188 986 οἱ
3239 907 3496 966 δεσπόται
3544 908 3599 966 ἐν
3645 913 3766 972 ταῖς

2577 982 2789 1056 ἑορταῖς
2818 982 2908 1037 καὶ
2940 978 3317 1057 προελεύσεσι.

2191 1075 2274 1142 Δ’,
2307 1075 2391 1146 Τῇ
2424 1072 2552 1149 ἁγίᾳ
2591 1071 2679 1126 καὶ
2715 1069 2932 1148 μεγάλῃ
2979 1075 3219 1146 κυριακῇ
3259 1074 3356 1126 τοῦ
3396 1072 3594 1146 Πάσχα
3624 1069 3767 1145 ἐξέρ-

2121 1184 2316 1243 ’χονται
2370 1163 2421 1217 o't
2480 1162 2733 1218 δεσπόται
2793 1161 2898 1216 ἀπὸ
2953 1165 3051 1217 τοῦ
3108 1159 3374 1216 παλατίου
3427 1161 3561 1234 μετά
3609 1159 3769 1232 ὀξεων

2123 1252 2549 1330 σκαραμαγγίων
2608 1252 2700 1307 καὶ
2766 1249 3337 1326 χρυσοπερικλείστων
3398 1249 3620 1327 σαγίων,
3678 1248 3765 1305 καὶ

2121 1347 2177 1399 ἓν
2227 1348 2306 1415 τῷ
2353 1348 2572 1397 κοιτῶνι
2623 1343 2724 1412 τῆς
2775 1338 2981 1420 δάφνης
3030 1339 3364 1396 ἀλλάσσουσι
3393 1341 3460 1395 τὰ
3504 1340 3767 1415 θωράκια,

2124 1428 2554 1509 περιϐάλλονται
2610 1428 2666 1485 δὲ
2731 1431 2821 1485 καὶ
2886 1430 2953 1485 τὰ
2995 1429 3297 1500 τζιτζάκια,
3347 1428 3437 1484 καὶ
3482 1429 3687 1506 γίνεται
3739 1429 3767 1482 ὁ

2124 1522 2409 1594 ἀσπασμὸς
2461 1522 2572 1593 (71)
2621 1518 2671 1572 ἐν
2712 1524 2792 1591 τῷ
2833 1517 3056 1593 μεγάλῳ
3106 1515 3364 1593 τρικλίνῳ
3410 1522 3517 1573 τῶν
3567 1516 3632 1571 ie‘
3675 1514 3770 1570 ἆκ·

2125 1606 2423 1681 κουϐίτων,
2483 1608 2574 1663 καὶ
2629 1608 2763 1682 μετᾶ
2810 1609 2902 1663 τὸν
2971 1608 3254 1680 ἀσπασμὸν
3327 1601 3659 1662 ἐκϐάλλουσι
3706 1604 3772 1661 τά

2124 1699 2405 1769 τζιτζάκια
2434 1699 2524 1752 καὶ
2554 1691 2989 1770 περιϐάλλονται
3039 1696 3165 1759 τοὺς
3218 1693 3435 1770 λώρους
3467 1695 3558 1749 καὶ
3609 1696 3771 1768 στέμ·

2131 1809 2295 1861 ματα,
2327 1787 2371 1842 εί
2417 1783 2726 1856 κελεύουσι,
2789 1783 2957 1839 λευκὰ
3016 1783 3123 1840 εἷ’τε
3183 1785 3392 1859 ῥούσια,
3451 1785 3539 1840 καὶ
3592 1782 3645 1838 ἐν
3680 1784 3773 1857 μὲν

367 1880 571 1934 tuitur.
591 1878 904 1934 Sciendum
928 1885 1036 1947 est,
1061 1879 1348 1945 dominos,
1375 1879 1656 1950 templum
1679 1896 1744 1934 ac
1768 1883 2017 1934 metato-

2132 1877 2194 1952 τῇ
2257 1876 2524 1949 εὐωνύμῳ
2573 1874 2721 1950 χειρὶ
2778 1879 3035 1949 κρατοῦσι
3087 1873 3379 1944 σκηπίονας
3429 1877 3668 1950 χρυσοῦς
3718 1872 3777 1927 ἐκ

367 1970 516 2024 rium
549 1984 650 2039 pro
685 1984 844 2024 more
869 1967 1192 2040 ingressos,
1227 1967 1349 2024 lora
1372 1968 1680 2040 deponere,
1703 1972 1761 2024 et
1792 1984 1924 2022 cum
1949 1968 2018 2022 ad

369 2058 495 2114 loca
509 2058 1177 2125 sacra,communionem
1195 2063 1570 2129 sanctamque
1583 2074 1807 2114 coenam
1826 2056 2016 2128 prodi-

367 2164 428 2204 re
458 2147 684 2218 volunt,
708 2164 824 2203 non
849 2147 970 2203 lora
991 2149 1094 2204 sed
1127 2147 1464 2217 chlamydes
1497 2148 1757 2204 induere.
1785 2145 2022 2202 Reversi

371 2240 559 2292 autem
599 2237 669 2291 ad
715 2236 1024 2307 palatium,
1049 2237 1172 2293 lora
1205 2241 1264 2293 et
1294 2253 1538 2293 coronas
1567 2241 1831 2303 sumunt,
1865 2233 1915 2291 si
1944 2233 2022 2290 al-

369 2325 503 2380 bam
530 2340 720 2392 mane,
755 2325 814 2379 in
840 2325 1029 2381 reditu
1056 2325 1318 2392 rubram,
1344 2326 1393 2382 si
1425 2327 1660 2382 rubram
1685 2324 1919 2395 egressi,
1944 2321 2023 2378 al-

370 2414 507 2468 bam
542 2415 854 2470 redeuntes
883 2415 1058 2485 capiti
1085 2414 1417 2486 imponunt.
1452 2419 1631 2470 Porro
1664 2412 1886 2469 domini
1928 2412 2022 2469 die

373 2507 631 2558 secunda
652 2502 1046 2558 renova‘tionis
1065 2519 1094 2558 e
1113 2502 1326 2574 palatio
1351 2503 1588 2574 egressi,
1610 2502 1742 2558 alba
1763 2518 2023 2572 auroque

375 2590 600 2645 intexta
630 2592 1039 2661 scaramangia
1070 2596 1125 2646 et
1150 2591 1399 2660 gemmis
1421 2596 1657 2646 ornatos
1679 2589 1902 2659 gladios
1922 2605 2021 2660 ge-

379 2682 557 2734 stant.
586 2677 648 2732 In
674 2677 890 2749 templo
914 2682 1106 2734 autem
1124 2678 1610 2734 Dominicoronas
1626 2677 1820 2732 viriles
1847 2677 2023 2747 capiti

383 2765 628 2832 addunt,
682 2769 740 2820 et
781 2766 850 2819 ad
900 2768 956 2821 S.
1009 2765 1066 2822 S.
1117 2765 1520 2836 Apostolorum
1570 2767 1753 2822 aedem
1785 2765 2022 2836 abeunt,

383 2874 625 2928 eamque
657 2858 956 2914 dibetesiis
989 2858 1138 2914 albis
1168 2876 1232 2914 ac
1262 2859 1476 2915 tunicis
1519 2859 1644 2916 suis
1694 2859 1900 2927 induti,
1943 2859 2028 2914 in-

381 2950 564 3016 trant,
597 2948 840 3002 reduces
871 2947 1097 3019 vesperi
1137 2947 1366 3004 colobia
1397 2953 1454 3003 et
1499 2949 1748 3020 gemmis
1792 2952 2027 3004 ornatos

384 3035 611 3106 gladios
641 3044 697 3091 et
724 3035 886 3091 albas
915 3053 1159 3094 coronas
1204 3042 1488 3105 sumunt;
1537 3038 1630 3094 sin
1660 3054 1792 3093 vero
1823 3038 2030 3092 tiaram

2131 1966 2299 2022 λίθων
2344 1964 2435 2020 καὶ
2488 1963 2778 2040 μαργάρων
2828 1962 3256 2040 ἠμφιεσμένους,
3309 1984 3361 2019 εν
3416 1960 3471 2017 δέ
3517 1967 3586 2036 τῇ
3634 1961 3778 2033 δεξιᾷ

2129 2055 2276 2132 χειρὶ
2325 2055 2424 2124 τήν
2473 2053 2831 2127 ἀνεξικακίαν·
2885 2054 2950 2108 τά
3007 2051 3064 2108 δέ
3108 2060 3209 2123 τῆς
3247 2052 3622 2129 προελεύσεως
3661 2052 3780 2106 ἐπι-

2125 2145 2388 2212 τελεῖται,
2429 2141 2610 2208 καθὼς
2658 2143 2972 2220 εἷρήκαμεν.
3026 2141 3246 2214 Ἰστέον,
3296 2140 3402 2213 ὅτι,
3442 2146 3547 2198 τῶν
3583 2138 3778 2196 δεσπο-

2126 2236 2233 2291 τῶν
2279 2229 2692 2288 εἷσοδευσάντων
2742 2231 2880 2286 κατὰ
2933 2232 2996 2286 τὸ
3055 2231 3246 2296 εἰωθὸς
3300 2231 3390 2285 καὶ
3420 2228 3775 2294 εἰσελθόντων

2127 2323 2180 2380 ἐν
2228 2327 2308 2396 τῷ
2361 2343 2706 2397 μητατωριῃ,
2758 2315 3090 2376 ἐκϐάλλουσι
3134 2321 3260 2382 τοὺς
3304 2317 3540 2396 λώρους,
3584 2318 3676 2374 καὶ
3709 2317 3775 2389 δὴ

2129 2409 2466 2474 ἐκϐαίνοντες
2505 2410 2580 2472 εἷς
2628 2412 2694 2465 τὰ
2725 2409 2849 2486 ’ἅγια
2892 2413 3005 2483 (72)
3053 2409 3144 2464 καὶ
3192 2410 3267 2470 εἰς
3297 2411 3399 2479 τὴν
3440 2408 3656 2485 ἀγάπην
3687 2408 3774 2463 καὶ

2131 2503 2205 2564 εἷς
2255 2503 2352 2571 τήν
2398 2500 2709 2566 κοινωνίαν,
2760 2497 2825 2554 οὑ
2883 2493 3313 2573 περιϐάλλονται
3360 2497 3486 2560 τοὺς
3537 2496 3774 2574 λώρους,

2129 2590 2272 2644 ἀλλὰ
2302 2586 2617 2664 χλαμύδας·
2669 2587 2721 2642 ἐν
2773 2587 2830 2642 δὲ
2873 2593 2953 2661 τῷ
3003 2588 3352 2665 ὑποστρέφειν
3387 2585 3581 2649 αὐτοὺς
3619 2586 3672 2642 ἐν
3697 2590 3775 2659 τῷ

2129 2676 2402 2751 παλατίῳ,
2434 2673 2866 2752 περιϐάλλονται
2896 2676 3022 2740 τοὺς
3073 2677 3288 2753 λώρους
3327 2676 3418 2732 καὶ
3473 2675 3776 2750 στέμματα,

2131 2767 2177 2822 εί
2211 2767 2304 2840 μὲν
2337 2765 2387 2821 ἐν
2419 2771 2498 2838 τῷ
2529 2766 2675 2841 πρωί
2714 2763 2903 2836 λευκὰ,
2959 2763 3011 2822 ἐν
3064 2771 3132 2840 τῇ
3187 2766 3505 2844 ὑποστροφῇ
3565 2763 3780 2841 ῥοόσια,

2132 2857 2176 2911 εἰ
2233 2853 2289 2911 δὲ
2344 2856 2424 2928 τῷ
2481 2855 2629 2929 πρωῒ
2695 2855 2907 2930 ῥούσια,
2963 2852 3014 2908 ἐν
3072 2858 3141 2928 τῇ
3204 2855 3520 2928 ὑποστροφῇ
3588 2851 3779 2913 λευκά.

2135 2944 2348 3014 Ἰστέον,
2387 2944 2492 3014 ὅτι,
2525 2947 2633 2998 τῶν
2663 2941 2940 2998 δεσποτῶν
2986 2947 3054 3018 τῇ
3106 2941 3324 3018 δευτέρᾳ
3361 2949 3463 3013 τῆς
3495 2939 3783 3014 διακαινη-

2137 3033 2301 3107 σίμου
2343 3031 2448 3088 ἂπὸ
2472 3035 2568 3086 τοῦ
2614 3031 2884 3086 παλατίου
2931 3030 3321 3110 ἐξερχομένων,
3353 3027 3786 3108 πέριϐάλλονται

385 3139 489 3178 seu
522 3123 764 3194 tupham
798 3124 978 3197 capiti
1011 3125 1314 3197 imponere
1364 3125 1617 3194 malunt,
1649 3125 1759 3181 hoc
1802 3141 2022 3196 quoque

2136 3121 2203 3176 τὰ
2226 3120 2395 3176 λευκᾶ
2422 3124 2599 3196 χρυσᾶ
2625 3121 3015 3197 σκαραμάγγια
3043 3121 3134 3176 καὶ
3163 3121 3228 3176 τὰ
3259 3118 3476 3177 διαλιθα
3506 3121 3716 3177 τούτων
3746 3121 3792 3158 ³⁸

386 3229 419 3266 a
462 3211 887 3268 consuetudine
939 3230 1055 3268 non
1104 3213 1358 3269 alienum
1409 3213 1677 3269 habetur.
1711 3215 1856 3269 111
1915 3214 2032 3268 Hac

2140 3209 2359 3274 σπαθία.
2413 3209 2499 3266 Ἐν
2547 3207 2605 3263 δὲ
2667 3213 2737 3284 τῇ
2799 3210 2896 3264 τοῦ
2957 3210 3155 3285 Κυρίου
3203 3208 3466 3282 ἐκκλησίᾳ
3518 3205 3790 3285 περιϐάλ-

385 3301 694 3370 septimana
710 3301 1101 3357 renovationis
1116 3302 1884 3370 dibetesiaelbainduunt,si
1898 3318 2022 3358 vero

2141 3301 2329 3356 λονται
2388 3297 2672 3373 στέμματα
2750 3299 3005 3374 πράσινα,
3062 3301 3152 3354 καὶ
3213 3301 3540 3376 ἂπὲρχονται
3599 3299 3650 3354 ἐν
3717 3303 3786 3374 τῇ

383 3389 818 3461 processionem
852 3392 925 3446 ad
953 3390 1259 3462 templum,
1293 3397 1394 3448 aut
1424 3409 1712 3464 pompam,
1740 3397 1838 3448 aut
1870 3408 2027 3448 rece-

380 3479 642 3550 ptionom
665 3479 895 3536 institui
913 3479 1120 3550 jubenl
1146 3480 1204 3536 in
1229 3480 2024 3553 palatio,tzitzaciainduunt.

380 3568 684 3624 Dominica
731 3585 880 3625 nova
928 3585 1030 3625 seu
1076 3569 1412 3626 clausurum
1470 3575 1775 3642 portarum
1824 3571 2027 3627 eodem

382 3659 552 3714 modo
602 3659 950 3714 celebratur.
1006 3661 1169 3731 Saepe
1217 3661 1415 3730 etiam,
1465 3660 1513 3715 si
1561 3660 1817 3716 dominis
1867 3661 2027 3728 libet,

383 3743 492 3801 hoc
526 3747 667 3802 festo
721 3764 822 3818 pro
853 3747 1002 3803 albis
1046 3764 1307 3821 auroque
1350 3747 1586 3805 intextis
1615 3749 2029 3819 scaramangiis

379 3850 674 3908 purpurea
695 3853 836 3891 auro
859 3844 1063 3892 ornata
1089 3837 1366 3894 induunt.
1394 3838 1452 3892 ln
1481 3838 1627 3894 festo
1650 3839 1852 3894 medie
1875 3843 2028 3894 Pen-

379 3927 628 3980 tecostes
661 3924 950 3981 similibus
984 3927 1316 3982 mutatoriis
1351 3931 1612 3982 utuntur.
1639 3927 1702 3982 In
1736 3928 1883 3983 festo
1916 3932 2026 3983 As-

379 4012 667 4068 censionis
699 4014 927 4069 Domini
958 4013 1376 4085 scaramangiis
1406 4015 1720 4070 triblatteis
1751 4031 1781 4069 e
1817 4016 2029 4086 palatio

379 4101 951 4172 progressi,celocem
968 4103 1438 4158 conscenduntet
1452 4102 1525 4157 ad
1539 4111 1764 4173 portam
1790 4119 2028 4161 auream

380 4189 616 4259 abeunt,
644 4190 740 4244 ubi
763 4190 956 4246 aureis
979 4191 1408 4263 gemmatisque
1428 4189 1642 4262 gladiis
1663 4191 1861 4260 cincti,
1878 4209 2028 4265 equo

376 4278 733 4333 ornamentis
769 4279 922 4335 circa
953 4277 1168 4334 collum
1201 4278 1488 4336 instructo
1521 4280 1833 4347 vehuntur,
1867 4286 1923 4338 et
1955 4284 2028 4338 ad

2140 3388 2404 3461 ἐκκλησίᾳ
2433 3395 2540 3444 τῶν
2572 3388 2772 3464 Ἀγίων
2802 3388 3180 3461 Ἀποστόλων,
3213 3390 3300 3445 καὶ
3349 3385 3784 3465 περιϐάλλονται

2137 3482 2204 3535 τά
2268 3479 2472 3534 ἐαυτων
2533 3477 2699 3534 λευκᾶ
2752 3473 3048 3550 διϐητήσια
3101 3478 3190 3533 καὶ
3245 3479 3313 3534 τὰ
3371 3476 3625 3554 χλανίδια
3697 3479 3783 3534 καὶ

2140 3566 2495 3638 είσοδεὺουσι,
2529 3565 2718 3632 δείλης
2743 3564 2800 3622 δὲ
2821 3566 2872 3622 ἐν
2901 3569 2969 3640 τῇ
3005 3569 3318 3646 ὑποστροφῇ
3351 3563 3784 3643 περιϐάλλονται

2138 3658 2204 3713 τὰ
2233 3652 2504 3727 κολώϐια,
2547 3653 2714 3730 ἤγουν
2765 3657 2892 3716 τοὺς
2932 3655 3119 3729 κριοὺς
3165 3660 3300 3728 (73),
3339 3657 3429 3711 καὶ
3466 3657 3535 3712 τὰ
3565 3654 3784 3712 διάλιθα

2142 3746 2406 3816 ζωστίκια
2436 3743 2631 3800 σπαθία
2659 3743 2749 3799 καὶ
2793 3745 3075 3819 στέμματα
3107 3743 3294 3814 λευκὰ,
3327 3742 3433 3799 εἷδὶ
3469 3747 3784 3819 βουληθῶσι

2143 3834 2370 3912 βάλλειν
2403 3834 2499 3898 τάς
2529 3833 2746 3908 τιάρας,
2775 3829 2944 3909 ἤγουν
2971 3833 3068 3896 τὰς
3105 3833 3329 3911 τούφας,
3359 3828 3788 3910 περιϐάλλονται

2139 3925 2325 3986 αὑτάς.
2371 3924 2590 3994 Ἰστέον,
2644 3923 2728 3978 ὅτι
2777 3923 2944 3999 ταύτῃ
2995 3927 3063 3996 τῇ
3113 3918 3378 3998 ὲϐδομάδι
3422 3930 3520 3993 τῆς
3580 3921 3791 3979 διακαι-

2137 4013 2374 4088 νησίμου
2415 4016 2673 4091 φοροῦσιν
2726 4014 2778 4067 οἱ
2829 4011 3086 4070 δεσπόται
3134 4018 3201 4068 τα
3247 4013 3424 4089 ἅσπρα
3470 4009 3789 4085 διϐητήσια,

2139 4103 2186 4158 εἴ
2218 4101 2275 4158 δὲ
2317 4102 2637 4177 βουληθῶσι
2686 4110 2914 4173 ποιῆσαι
2963 4103 2998 4173 ἢ
3048 4105 3345 4179 πρόκενσον
3401 4102 3452 4159 ἐν
3502 4102 3788 4175 ἐκκλησίᾳ,

2141 4192 2248 4248 εἴτε
2278 4191 2439 4261 λιτὴν
2472 4191 2580 4246 ε’ἰτε
2619 4189 2792 4267 δοχὴν
2836 4191 2890 4246 ἐν
2927 4197 3005 4265 τῷ
3033 4190 3312 4267 παλατίῳ,
3360 4187 3788 4268 περιϐάλλονται

2135 4282 2204 4337 τὰ
2246 4279 2544 4351 τζιτζάκια.
2600 4279 2813 4353 Ἰστέον,
2879 4280 2962 4339 ὅτι
3017 4286 3088 4356 τῇ
3145 4285 3305 4358 καινῇ
3351 4287 3592 4359 Κυριακῇ
3650 4283 3788 4353 (⁸74⁸,

1739 4407 1976 4466 νΑΗΙίΕ
2016 4409 2316 4467 LECTION
2323 4407 2426 4464 ES.

446 4492 491 4526 ³⁴
519 4489 729 4546 τούτων
758 4509 872 4551 om.
905 4496 1002 4552 ed.

1423 4618 1622 4676 JOAN.
1664 4618 1807 4676 JAC.
1849 4619 2106 4677 BEISKII
2146 4614 2733 4676 COMMENTARIUS.

448 4738 556 4818 (7t)
585 4737 645 4792 Id
677 4742 767 4793 est
796 4741 1087 4818 veneratio
1119 4742 1364 4818 Augusti
1384 4749 1452 4818 et
1481 4745 1813 4816 gratulatio,
1838 4763 1953 4818 qua

380 4809 390 4818 _
448 4763 556 4808 μι)
585 4763 645 4792 ιιι
677 4763 767 4793 est
797 4763 1087 4796 veneratio
1119 4763 1364 4813 augusu
1397 4763 1452 4801 et
1481 4763 1813 4816 gratulatio,
1838 4763 2014 4818 quam

378 4812 486 4878 lpBl
521 4825 787 4879 proceres
809 4811 880 4865 ob
903 4811 1115 4866 festum
1142 4813 1296 4868 diem
1323 4815 1565 4873 feliciter
1586 4818 1810 4874 aditum
1843 4824 1899 4874 et
1920 4818 2017 4875 ab-
2046 4786 2091 4850 Β

357 4879 1072 5007 ~solvendum,saepiusque
1087 4883 1700 4956 deincepsiterandum
1719 4895 2012 4958 praestant.

445 4953 558 5007 (72)
579 4953 818 5007 Subinte
848 4953 884 5007 Ι.
910 4949 1078 5007 δῶρα.
1121 4955 1334 5007 Trinex
1365 4959 1459 5007 hic
1493 4967 1850 5007 memoratur
1880 4978 2012 5007 nm—

445 4953 558 5022 (72)
579 4949 884 5031 Subintell.
910 4949 1078 5031 δῶρα.
1121 4949 1334 5031 Tripei
1364 4959 1469 5031 hie
1493 4949 1850 5017 memoratur
1880 4978 2017 5031 pro-

373 5039 574 5098 cessus
605 5023 1143 5098 imperatoris,'dum
1179 5023 1244 5081 in'
1269 5027 1511 5084 ecclesia
1541 5036 1648 5098 est,
1693 5048 1724 5087 e
1755 5049 1860 5087 suo
1882 5023 2016 5088 'me-

374 5096 581 5169 tatorio
616 5111 629 5149 :
666 5096 718 5164 1)
745 5093 824 5169 εἷς
857 5094 922 5149 τὰ
943 5097 1090 5169 ἅγια,
1124 5101 1351 5166 quando
1383 5101 1564 5155 sacris
1596 5093 1854 5158 nondum
1879 5120 2013 5159 con-

373 5165 765 5244 scc_ralis,_rsed
797 5183 929 5222 mox
959 5165 1387 5244 consecrandis,
1419 5170 1646 5244 obviam
1679 5173 1743 5240 it,
1776 5177 1914 5228 dum
1949 5191 2016 5231 ea

373 5237 432 5311 i_n
466 5237 705 5292 introitu
738 5255 949 5309 magno
981 5240 1064 5294 sic
1096 5240 1252 5295 dicto
1285 5237 1390 5311 per
1415 5237 1737 5298 ecclesiam
1757 5245 2012 5301 circum-

373 5307 638 5386 ferantur
687 5307 1018 5386 adoranda;
1055 5311 1122 5386 _2)
1171 5312 1241 5365 ad
1287 5307 1550 5386 Agapen,
1591 5331 1694 5370 seu
1743 5318 2012 5372 osculum

373 5378 550 5442 pacis,
580 5380 635 5447 3)
667 5380 740 5434 ad
771 5378 1263 5437 communionem.

443 5447 550 5516 (73)
603 5450 768 5524 Eorte
816 5453 886 5508 ab
933 5456 1153 5508 intexta
1204 5453 1389 5524 figura
1433 5458 1678 5513 arietum
1729 5458 1812 5513 sic
1856 5459 2012 5516 dicta

371 5516 602 5572 fuerunt
618 5519 755 5600 haec
776 5524 1018 5579 colobia.
1047 5516 1315 5579 Ζωστίκῖα
1347 5526 1547 5600 emetat
1568 5529 1838 5586 videntur
1858 5547 2008 5600 esse,

371 5603 497 5654 qua:
541 5604 570 5642 e
618 5590 850 5649 balthoo
899 5600 1223 5672 gesta-ritur,
1254 5615 1391 5672 cum,
1434 5599 1558 5655 alia:
1608 5603 1828 5672 spathae
1869 5590 2008 5671 sint,

371 5673 496 5728 quae
529 5675 740 5729 manu;
786 5663 1160 5736 παραζωνίδια
1205 5663 1459 5743 appellat
1498 5663 1808 5731 Athenaeus
1842 5674 1878 5730 I.
1915 5663 2007 5731 ινζ

2202 4745 2314 4816 (74)
2348 4742 2521 4800 Varia
2555 4743 2793 4799 nomina
2823 4742 2997 4801 habet
3024 4743 3118 4801 hic
3141 4745 3263 4816 dies
3300 4744 3657 4812 Dominicus,
3682 4746 3789 4816 qui

2133 4815 2436 4890 preximus
2453 4831 2558 4890 seu
2583 4819 2783 4870 octava
2805 4821 2895 4890 est
2914 4833 2947 4873 a
2971 4816 3063 4873 die
3083 4815 3406 4890 Paschatis.
3429 4816 3576 4890 Nam
3600 4817 3634 4885 ἡ
3666 4815 3789 4870 και.

2125 4883 2215 4958 νὴ,
2267 4891 2408 4944 item
2441 4886 2474 4953 ἡ
2507 4883 2597 4960 νέα
2631 4886 2898 4960 Κυριακὴ,
2933 4893 2996 4943 ut
3027 4892 3084 4960 et
3125 4889 3160 4956 ἡ
3211 4883 3636 4960 διακαινῆσιμος
3683 4905 3786 4959 ap-

2126 4956 2401 5032 pellatur,
2434 4964 2490 5032 et
2519 4957 2554 5025 ἡ
2586 4956 2718 5032 τῶνς
2743 4956 2920 5030 θυρῶν
2949 4956 3369 5030 κεκλεισμένων,
3423 4956 3558 5032 quia
3599 4956 3784 5032 evan-

2124 5029 2342 5103 gelium
2378 5045 2393 5086 :
2427 5031 2496 5084 Et
2523 5045 2650 5103 curn
2669 5029 3072 5103 junuziessent
3097 5029 3320 5099 clausa,
3353 5029 3478 5087 tum
3515 5030 3784 5103 praelegi-

2124 5099 2234 5159 tur.
2258 5101 2322 5157 Ἥ
2352 5099 2790 5174 ῨΔιακαινήσιμος
2818 5102 3060 5174 dicitur,
3094 5104 3228 5174 quia
3253 5099 3605 5174 neophoti’sti
3639 5099 3777 5158 tunc

2125 5191 2227 5246 pro
2259 5173 2467 5246 ultima
2490 5172 2620 5246 _vice
2668 5174 2728 5246 in
2772 5173 2912 5246 albis
2964 5172 3373 5246 procedebant,
3423 5178 3782 5246 quapropter

2122 5242 2294 5301 etiam
2322 5245 2380 5299 in
2400 5243 2584 5316 latina
2604 5242 2848 5316 ecclesia
2871 5242 2989 5316 hinc
3009 5245 3305 5300 dominica
3330 5242 3393 5300 in
3413 5242 3563 5302 sum
3583 5242 3784 5316 appel-

2123 5319 2316 5383 tatur;
2347 5316 2381 5382 ἡ
2432 5314 2522 5367 νέα
2571 5315 2733 5382 ειυῑὴ
2786 5315 2944 5384 καινή
2995 5331 3148 5383 vero,
3194 5318 3330 5387 quia
3377 5323 3468 5372 est
3518 5314 3780 5385 proxime

2121 5390 2320 5443 futura
2343 5387 2634 5442 dominica
2660 5391 2785 5449 post
2808 5387 3176 5443 Dominicam
3199 5387 3412 5443 eximie
3435 5389 3517 5445 sio
3536 5388 3776 5456 dictam,

2120 5461 2178 5516 id
2209 5465 2300 5514 est
2328 5458 2482 5513 diem
2510 5457 2832 5532 Paschalis.
2864 5458 3052 5514 Simili
3079 5459 3247 5532 modo
3283 5476 3642 5532 usurpamus
3673 5475 3781 5516 nos

2118 5545 2317 5587 vocem
2348 5545 2457 5584 neu
2505 5530 2564 5584 in
2597 5545 2867 5584 sermone
2899 5535 3097 5586 nostro
3132 5545 3146 5587 ξ
3179 5531 3267 5587 die
3295 5530 3446 5588 neue
3470 5531 3662 5589 Woch:
3690 5535 3780 5587 est

2121 5601 2447 5676 septimana
2462 5601 2722 5676 proxime
2745 5601 2960 5670 futura,
2978 5601 3318 5660 imminens.
3335 5602 3462 5658 Vid.
3489 5605 3570 5659 Du
3585 5605 3777 5676 Gange

2119 5672 2306 5734 Gloss.
2340 5673 2438 5730 Gr.
2466 5672 2530 5746 ’p.
2561 5672 2692 5727 769.
