4180 6304
221 284 339 344 ‘49

1110 287 1218 348 DE
1259 283 1713 348 CEBIMONIIS
1756 286 1990 349 ΑΙ]Εῶ
2032 289 2509 355 ΒΥΖΑΝΤΙΝᾸΞ
2547 295 2699 358 LIB.
2745 294 2794 354 Ι.

3536 291 3659 356 450

222 443 254 474 α
283 416 507 490 Πολλὰ,
537 419 766 490 πολλὰ,
793 418 1017 476 πολλαί
1051 441 1080 472 ››
1121 419 1150 475 6
1199 417 1352 489 λαὸς,
1400 443 1429 472 ‹‹
1462 418 1657 476 Πολλᾶ
1683 417 1777 491 ἔτη
1811 418 1891 484 εἰς
1923 460 1934 491 λ

2024 440 2192 484 mnos
2244 428 2304 485 in
2341 430 2586 488 multos!
2625 452 2654 480 »
2687 430 2966 489 Cantores
3000 443 3015 486 :
3067 449 3097 478 «
3128 427 3374 486 Pulchre
3418 427 3656 498 venisti,

228 507 418 566 πολλὰ
441 509 455 566 l
481 531 510 562 ιο
552 510 625 569 O't
655 510 909 584 κράκται·
948 533 978 563 α
1011 508 1212 572 Καλῶς
1231 505 1426 580 ἦλθες,
1450 510 1478 564 6
1511 505 1778 580 δεσπότης
1796 513 1905 566 τῶν

227 599 529 674 Ῥωμαίων
558 601 572 654 l
621 622 651 651 »
681 599 745 657 Ὀ
777 597 940 670 λαὸς,
963 622 992 650 ‹‹
1024 596 1223 660 Καλῶς
1256 597 1426 668 ἦλθες
1454 599 1467 654 l
1500 622 1529 652 ››
1559 599 1625 656 Οἱ
1651 599 1899 673 κράκται·

234 713 264 740 α
293 689 498 752 Καλῶς
545 689 740 759 ἦλθες,
783 689 811 743 6
854 686 1149 758 δεσπότης,
1195 687 1289 742 σὺν
1319 690 1390 761 τῇ
1433 687 1758 766 Δύγούστῃί
1795 711 1824 739 ››
1875 688 1904 743 6

235 775 404 850 λαὸς,
438 800 463 832 σ
496 775 699 839 Καλῶς
730 775 938 846 ἦλθεςί
976 801 1003 829 ››
1036 778 1102 834 0".
1135 777 1388 851 κράκται.
1421 800 1450 830 ‹‹
1483 775 1683 837 Καλῶς
1714 774 1900 845 ἦλθες,

238 865 594 931 θεοεπίλεκτε
633 865 961 941 Αὐγοῦσταί
998 889 1027 919 »
1063 866 1090 920 6
1133 865 1289 938 λαὸς,
1341 890 1370 919 ‹‹
1403 864 1598 927 Καλῶς
1624 864 1793 935 ἦλθες
1826 867 1836 921 l
1874 890 1903 918 »

241 958 316 1015 Οἱ
347 958 597 1033 κράκται·
634 981 662 1010 ‹‹
691 955 896 1020 Καλῶς
915 955 1108 1026 ἦλθες,
1133 957 1492 1012 θεοσκέπαστε
1520 957 1810 1033 Αὖγοῦστα
1835 957 1846 1011 l
1876 979 1904 1008 »

240 1049 270 1102 6
295 1046 461 1117 λαὸς,
495 1071 523 1100 (ι
556 1045 755 1110 Καλῶς
777 1045 979 1115 ἧλθεςί
1009 1068 1034 1098 ν
1060 1047 1127 1103 Οἱ
1151 1043 1400 1121 κρέἱκται⁹
1432 1068 1459 1100 a
1487 1043 1684 1106 Καλῶς
1714 1043 1904 1116 ἦλθες,

235 1137 265 1191 6
290 1133 441 1192 δεῖνα
461 1135 608 1211 χαρὰ
633 1135 919 1210 Ῥωμαίων
945 1136 957 1191 l
985 1161 1010 1187 υ
1040 1137 1068 1190 6
1097 1133 1254 1205 λαός,
1278 1160 1305 1188 ‹‹
1336 1132 1534 1196 Καλῶς
1556 1132 1722 1204 ἦλθες
1749 1135 1759 1189 !
1785 1159 1805 1186 ι
1838 1134 1904 1191 Οἱ

235 1225 470 1302 κράκται
495 1250 522 1276 ‹‹
546 1225 746 1282 Καλῶς
778 1224 966 1294 ἦλθες,
1005 1226 1040 1294 ἡ
1083 1223 1321 1301 εὐγένεια
1341 1225 1389 1262 5°
1407 1230 1506 1293 τῆς
1529 1221 1810 1299 πορφύρας
1837 1225 1848 1279 l
1880 1247 1900 1274 ι»

239 1316 437 1388 ὁλαὸς,
474 1340 502 1369 ‹‹
537 1315 730 1378 Καλῶς
759 1313 924 1382 ἦλθες
951 1317 964 1371 l
999 1340 1026 1368 »
1060 1315 1126 1372 Οἱ
1159 1315 1407 1390 κράκται·
1435 1337 1463 1366 ‹‹
1489 1311 1686 1376 Καλῶς
1711 1311 1904 1382 ἦλθες,

236 1407 274 1476 ἡ
307 1405 628 1479 ποθουμένη
659 1404 809 1479 παρὰ
850 1403 1088 1467 πάνταςί
1125 1427 1154 1455 ››
1206 1405 1234 1458 6
1287 1401 1444 1473 λαὸς,
1498 1427 1526 1456 ‹‹
1568 1401 1767 1464 Καλῶς
1798 1402 1908 1473 ﬁlt-

241 1496 371 1560 θεςὲ
408 1518 437 1546 ι)
486 1493 556 1552 Ol.
607 1494 855 1566 κράκται·
893 1517 921 1545 ‹‹
964 1493 1040 1548 Σὺ
1091 1489 1152 1546 ἰκ
1196 1491 1344 1555 θείας
1402 1493 1590 1571 ψήφου
1648 1511 1907 1567 προεχει-

244 1586 464 1664 ρίσθης,
525 1583 600 1647 εἷς
661 1585 913 1640 σύστασιν
969 1583 1059 1639 καὶ
1119 1583 1388 1660 ἀνέγερσιν
1443 1586 1538 1638 τοῦ
1576 1584 1809 1657 κόσμου,
1843 1582 1908 1638 σὺ

245 1671 592 1754 ἱνυμφεύθης
642 1669 704 1728 Ex
760 1677 895 1729 Θεοῦ
943 1676 1016 1747 τῇ
1064 1672 1338 1751 πορφύρᾳ,
1399 1692 1458 1726 σε
1525 1671 1818 1746 εὐλόγησεν
1879 1672 1908 1726 6

2008 515 2243 574 domine
2293 518 2729 578 Romanorum!
2766 542 2796 572 »
2847 517 3147 592 populus:
3193 539 3224 570 «
3273 516 3521 574 Pulchre
3557 533 3661 574 ve-

2011 606 2142 660 nisti
2172 606 2187 661 i
2220 628 2250 657 »
2283 607 2561 667 Cantores
2595 626 2610 666 :
2642 632 2676 662 ιι
2705 607 2959 665 Pulchre
2989 605 3485 675 venisti,domine,
3519 620 3658 666 cum

2009 696 2296 768 augustal
2330 720 2360 749 »
2408 698 2710 772 populus:
2761 719 2786 752 α
2840 699 2989 756 117
3043 698 3296 755 Pulchre
3341 697 3658 755 venisti!»

2009 781 2286 842 Cantores
2319 802 2334 843 :
2367 809 2398 838 «
2443 787 2690 844 Pulchre
2744 787 2965 857 venisti,
2998 805 3030 842 a
3079 792 3196 844 Deo
3238 787 3422 844 electa
3467 801 3660 858 augu-

2011 873 2135 929 sta!
2167 896 2195 924 η
2250 877 2547 948 populus:
2599 899 2629 929 (ι
2680 878 2923 934 Pulchre
2973 877 3220 934 venisti!
3257 897 3283 931 ι
3327 879 3654 934 Cantores:

2013 983 2041 1013 «
2072 963 2321 1021 Pulchre
2348 967 2586 1037 venisti,
2613 966 2715 1023 Dei
2758 984 2918 1036 cura,
2952 972 3204 1040 augusta
3245 967 3257 1021 l
3294 989 3322 1016 »
3354 967 3608 1040 populus
3638 981 3654 1022 :

2018 1072 2038 1101 ι
2073 1053 2316 1111 Pulchre
2342 1055 2595 1112 venisti!
2632 1077 2660 1106 »
2712 1056 2984 1113 Cantores
3021 1074 3033 1111 :
3067 1079 3095 1106 ‹‹
3130 1055 3378 1112 Pulchre
3423 1055 3654 1126 venisti,

2010 1143 2077 1198 N.
2110 1143 2391 1214 gaudium
2444 1145 2878 1201 Romanorum!
2921 1166 2950 1196 n
3002 1145 3299 1217 populus:
3351 1166 3375 1196 ι
3411 1145 3658 1202 Pulchre

2008 1233 2242 1289 venisti.
2275 1255 2304 1285 »
2347 1237 2672 1290 Cantores:
2723 1255 2752 1283 «
2804 1232 3049 1290 Pulchre
3095 1232 3326 1302 venisti,
3375 1233 3658 1306 nobilitas

2011 1338 2320 1394 purpura;
2354 1345 2382 1373 ››
2416 1322 2669 1395 populus
2703 1338 2716 1378 :
2752 1343 2782 1373 «
2814 1321 3064 1380 Pulchre
3099 1311 3416 1378 venisti!»
3449 1323 3658 1380 Canto-

2011 1428 2144 1468 res:
2187 1434 2207 1462 ι
2254 1412 2496 1469 Pulchre
2547 1414 2750 1470 venisti
2792 1414 3057 1469 omnium
3103 1410 3253 1467 votis
3301 1410 3657 1484 expetita!»

2012 1504 2262 1576 populus
2297 1522 2312 1562 :
2343 1527 2371 1556 ‹‹
2402 1506 2649 1562 Pulchre
2677 1505 2928 1563 venisti!
2960 1527 2989 1555 ››
3021 1506 3299 1561 Cantores
3333 1521 3348 1560 :
3381 1525 3410 1555 ‹‹
3445 1488 3534 1560 Tu
3565 1503 3660 1560 di-

2010 1594 2148 1650 vina
2194 1599 2349 1651 sorte
2407 1596 2478 1651 ad
2531 1595 3033 1652 conservationem
3081 1594 3456 1665 salutemque
3502 1591 3663 1650 orbis

2013 1684 2198 1752 electa
2231 1684 2414 1754 fuisti,
2465 1688 2528 1740 tu
2561 1683 2845 1740 divinitus
2895 1699 3166 1759 purpuris
3215 1683 3530 1754 conjuncta
3557 1681 3660 1739 es!

248 1765 383 1826 θεὸς
433 1765 462 1818 6
506 1764 922 1838 παντοκράτωρ,
971 1762 1316 1839 στεφανώσας
1369 1783 1426 1816 σε
1467 1765 1536 1834 τῇ
1587 1762 1752 1817 αὑτοῦ
1799 1782 1906 1817 πα·

2024 1773 2313 1830 benedixit
2341 1774 2447 1830 tibi
2496 1774 2652 1830 Deus
2683 1773 3075 1844 omnipotens,
3107 1773 3204 1844 qui
3237 1789 3418 1828 manu
3468 1788 3577 1828 sua
3604 1775 3662 1828 te

249 1854 448 1929 λάμῃί
497 1851 624 1908 ἀλλ’
674 1853 702 1906 6
745 1851 821 1916 εἰς
860 1851 1060 1922 ταύτην
1110 1849 1342 1914 καλέσας
1387 1871 1446 1906 σε
1493 1852 1596 1920 τὴν
1634 1850 1782 1925 ἀξίαν
1812 1850 1908 1906 καὶ

250 1943 507 2014 συζεύξας
557 1961 616 1997 σε
663 1941 692 1996 6
739 1938 888 1996 δεῖνα
933 1944 1012 2013 τῷ
1059 1937 1320 2015 δεσπότῃ,
1368 1938 1496 2004 τοὺς
1542 1942 1776 2015 χρόνους
1809 1961 1906 1996 σου

249 2033 522 2106 πληθύνει
554 2032 606 2089 ἰν
646 2035 718 2108 τῇ
764 2031 1039 2109 πορφύρᾳ·
1090 2030 1394 2089 εἶσακοῦσει
1427 2033 1455 2086 6
1487 2031 1616 2095 Θεὸς
1645 2036 1740 2087 τοῦ
1773 2031 1908 2089 λαοῦ

257 2125 459 2200 ῦμῶνῑ
492 2149 515 2175 ι

343 2214 416 2269 Δ”.
461 2214 575 2289 Χρὴ
619 2214 922 2290 γινώσκειν,
973 2209 1055 2268 ὅτι
1109 2210 1245 2288 μετὰ
1289 2213 1390 2282 τὴν
1435 2207 1767 2287 ἂκτολογίαν
1811 2215 1908 2267 τοῦ

273 2299 484 2375 δήμου,
509 2305 614 2356 τῶν
645 2299 914 2357 δεσποτῶν
956 2301 1216 2357 ἀνιόντων
1259 2301 1394 2375 πρὸς
1434 2301 1537 2370 τὴν
1567 2299 1784 2376 κόγχην
1813 2304 1910 2356 τοῦ

273 2394 492 2446 παστοῦ
540 2392 672 2468 πρὸς
717 2393 774 2446 τὸ
817 2390 1110 2456 ἀποθέσθαι
1173 2390 1242 2446 τὰ
1290 2389 1573 2468 στέμματα
1629 2390 1721 2446 καὶ
1784 2391 1911 2454 τοὺς

269 2485 600 2562 στεφάνους,
664 2483 900 2560 λέγουσιν
980 2485 1032 2539 οἱ
1104 2485 1332 2561 κράκται
1386 2490 1494 2540 τῶν
1551 2483 1648 2540 δύο
1709 2490 1909 2560 μερῶν,

267 2575 559 2648 ἡνωμένοι
587 2576 764 2652 ἄμφω,
821 2571 881 2632 ἔσ
923 2577 1056 2650 (95)⁶
1091 2600 1119 2628 ‹‹
1153 2580 1373 2650 Πνεῦμα
1401 2576 1462 2632 τὸ
1502 2576 1791 2652 πανάγιον,
1822 2576 1914 2632 τὸν

268 2665 460 2741 γάμον
489 2663 888 2740 ἐπευλόγησονί
922 2688 952 2718 ››
985 2665 1013 2720 ὁ
1049 2663 1184 2728 λαὸς
1228 2664 1288 2720 ἐκ
1324 2664 1510 2741 τρίτου
1557 2665 1620 2721 τὸ
1662 2664 1812 2722 αὐτό.
1846 2665 1914 2722 Οἱ

265 2755 516 2830 κράκται·
552 2780 574 2808 ι
624 2756 687 2813 Ὁ
726 2753 780 2810 ἐν
831 2757 976 2830 Κανῇ
1036 2754 1271 2830 Χριστὸς
1331 2753 1634 2830 εὐλογήσας
1683 2756 1774 2809 τὸν
1817 2755 1916 2830 γά-

266 2863 392 2918 μονο
425 2868 454 2896 ››
485 2844 514 2898 6
544 2840 681 2906 λαὸς
733 2843 795 2898 ἐκ
833 2844 1021 2920 τρίτου
1071 2841 1305 2917 ὁμοίως.
1352 2844 1418 2901 Οἱ
1467 2843 1714 2918 κράκται·
1750 2865 1780 2895 ‹‹
1813 2839 1916 2898 E6-

254 2935 489 3009 Λογήσει
525 2933 592 2988 τὸ
644 2932 967 3008 στεφάνωμά
1024 2952 1143 2998 σου,
1192 2933 1221 2987 6
1271 2929 1419 2987 δεῖνα
1466 2931 1850 3008 αὐτεκράτωρί
1885 2954 1914 2983 ››

251 3023 280 3078 6
323 3021 458 3084 λαὸς
491 3020 554 3076 ἐκ.
580 3021 770 3096 τρίτου
800 3016 880 3080 ἕσ.
924 3044 952 3075 ‹‹
1001 3025 1222 3095 Πνεῦμα
1264 3022 1327 3077 τὸ
1359 3022 1647 3098 πανάγιον,
1691 3021 1783 3077 τὸν
1815 3020 1917 3096 γά-

254 3131 364 3185 μον
415 3110 828 3187 ἒπευλόγησονῑ
883 3135 911 3164 ››
968 3112 1036 3170 Οἱ
1103 3112 1348 3188 κρσὶκτοιι⁸
1399 3135 1428 3165 ‹‹
1475 3112 1623 3168 Μετὰ
1680 3111 1914 3188 συζύγου

260 3222 360 3256 σου
408 3208 509 3271 τῆς
555 3201 583 3256 6
634 3197 822 3256 δεῖναί
857 3224 885 3253 »
936 3202 963 3256 6
1013 3169 1150 3264 λαὸς
1195 3200 1255 3257 ἔκ
1300 3200 1488 3277 τρίτου
1526 3199 1604 3255 ἕσ·
1637 3222 1668 3255 ι(
1701 3169 1917 3274 Πνεῦμα
1946 3169 1988 3236 C

258 3289 330 3343 τὸ
358 3291 668 3364 πανάγιονι
713 3313 742 3341 ››
787 3289 855 3347 Οἱ
904 3291 1155 3366 κράκται,
1204 3313 1234 3342 ‹‹
1280 3288 1376 3353 Εἰς
1414 3287 1624 3363 ἡμέρας
1671 3289 1762 3344 καὶ
1800 3308 1918 3344 καιο

275 3375 406 3452 ροίις
437 3378 526 3433 καὶ
551 3378 828 3456 χρόνουςί
864 3402 893 3431 ››
942 3379 968 3434 6
1019 3376 1150 3440 λαὸς
1194 3377 1254 3434 ἐκ
1291 3379 1480 3454 τρίτου
1527 3371 1604 3433 ἕσ·
1641 3401 1670 3432 ‹‹
1703 3382 1920 3452 Πνεῦμα

268 3466 341 3522 τὸ
395 3466 700 3543 πανάγιονί
735 3489 764 3520 ››
824 3469 892 3526 Ol
937 3469 1188 3545 κράκταιο
1247 3492 1276 3522 ‹‹
1330 3471 1476 3530 Ἕως
1516 3466 1688 3544 ἄκρου
1734 3469 1920 3542 γήρως

274 3557 435 3631 ὑμῶν
464 3555 518 3612 ἐν
551 3557 699 3633 βίῳί
735 3581 764 3609 κ
813 3559 841 3614 6
881 3557 1014 3622 λαὸς
1063 3559 1123 3616 ἐκ
1176 3558 1362 3636 τρίτου
1405 3553 1483 3614 ἔσο
1537 3583 1565 3612 ‹‹
1615 3561 1832 3631 Πνεῦμα
1858 3560 1921 3614 τὸ

273 3649 572 3721 πανάγιονι
604 3669 645 3702 .»
697 3647 763 3706 Οἱ
801 3646 1049 3722 κράκται’
1098 3672 1128 3702 ‹‹
1172 3647 1267 3710 Εἰς
1315 3647 1473 3720 δόξαν
1520 3648 1684 3704 αὐτοῦ
1725 3648 1815 3703 καὶ
1847 3648 1923 3710 εἷς

268 3734 524 3792 σύστασιν
570 3739 679 3792 τῶν
711 3736 1041 3810 Ῥωμαίωνί
1088 3762 1117 3791 ››
1167 3739 1194 3793 6
1246 3736 1379 3800 λαὸς
1424 3731 1502 3793 ἕσ·
1536 3761 1565 3790 ‹‹
1607 3741 1830 3811 Πνεῦμα
1859 3737 1921 3792 τὸ

262 3827 571 3902 πανάγιονί
626 3850 654 3878 ››
712 3827 776 3880 Οἱ
828 3825 1076 3902 κράκται⁹
1119 3851 1149 3880 ‹‹
1203 3826 1522 3884 Εἰσακούσιι
1571 3828 1599 3882 ὁ
1639 3825 1768 3888 Θεὸς
1824 3830 1922 3882 τοῦ

267 3915 414 3972 λαοῦ
455 3917 608 3990 ὑμῶν
638 3918 650 3974 l
678 3942 707 3970 ››
736 3919 764 3972 6
794 3915 928 3981 λαὸς
960 3915 1037 3973 ἔω
1071 3943 1100 3971 ι‹
1126 3920 1349 3994 Ηνεῦμα
1375 3919 1438 3974 τὸ
1467 3919 1732 3995 πανάγιον
1757 3917 1769 3973 l
1803 3940 1832 3971 »
1857 3918 1923 3976 Οἱ

264 4006 522 4080 κράκταιο
566 4030 594 4059 α
628 4005 845 4079 Πολλὰ,
884 4005 1094 4080 πολλὰ,
1136 4006 1360 4066 πολλᾶί
1405 4032 1435 4060 ››
1467 4009 1495 4064 6
1534 4006 1691 4077 λαὸς,
1723 4031 1752 4060 ‹‹
1782 4005 1925 4063 Πολ-

267 4093 346 4149 λὰ
403 4091 498 4166 ἔτη
567 4095 644 4157 εἷς
709 4095 932 4152 πολλὰί
989 4120 1020 4151 ιι
1087 4096 1154 4154 Oi.
1209 4097 1434 4172 κρὰκται
1494 4092 1571 4152 ἔσδ
1633 4119 1662 4148 ‹‹
1703 4095 1924 4171 Κύριεὸ

269 4184 505 4248 τούτους
561 4185 837 4257 συζευξας,
894 4186 956 4241 σὺ
1013 4187 1212 4249 αὐτοὺς
1272 4188 1577 4262 περισωζιι
1635 4210 1664 4238 ››
1715 4186 1743 4241 6
1793 4186 1926 4252 λαὸς

267 4268 355 4327 ἶσο
406 4278 691 4348 «Πνεῦμα
725 4275 790 4330 τὸ
837 4277 1138 4352 πανάγιονί
1190 4301 1219 4330 ››
1271 4278 1338 4335 Οἱ
1387 4276 1618 4354 κράκται
1664 4274 1739 4332 ἔσ·
1798 4299 1822 4330 a
1863 4275 1925 4334 Ὀ

270 4362 406 4425 Θεὸς
437 4363 612 4440 ἅγιον,
646 4361 738 4427 δὸς
770 4365 960 4431 αὐτοῖς
992 4365 1273 4439 ὁμόνοιαν·
1308 4388 1338 4419 η
1373 4366 1400 4420 6
1434 4364 1567 4428 λαὸς
1595 4367 1677 4420 ἐσο
1709 4389 1730 4417 ι
1759 4369 1926 4422 Πνεῦ-

272 4473 354 4525 μα
388 4451 452 4507 16
490 4453 787 4531 πανάγιονι
822 4477 852 4507 ››
880 4454 948 4514 Οἱ
995 4453 1219 4530 κράκται
1251 4449 1328 4510 ἕσ·
1388 4477 1417 4508 ι(
1446 4458 1621 4514 Τοῦτο
1659 4454 1721 4510 τὸ
1765 4453 1928 4530 βασί-

267 4539 450 4613 λειον,
489 4543 671 4620 Κύριε,
706 4542 1046 4622 στερεωσονί
1081 4568 1110 4599 ››
1169 4545 1196 4599 6
1248 4545 1379 4608 λαὸς
1418 4540 1495 4599 ἔσο
1557 4566 1585 4601 a
1615 4542 1834 4618 Πνεῦμα
1863 4546 1925 4600 τὸ

2035 4546 2126 4603 lus
2159 4563 2180 4603 :
2210 4567 2239 4598 ‹‹
2271 4546 2334 4601 In
2366 4545 2608 4617 longum
2659 4547 2918 4615 tempus,
2948 4545 3081 4610 etc.,
3112 4562 3142 4591 »

269 4633 577 4710 πανάγιονί
629 4658 659 4688 ››
700 4634 770 4693 Οἱ
814 4635 1042 4710 κράκται
1083 4629 1159 4689 ἔσο
1217 4659 1240 4687 ι
1298 4637 1521 4708 Πνεῦμα
1549 4635 1614 4690 τὸ
1640 4633 1924 4710 πανάγιον,

268 4721 370 4778 τὸν
401 4723 580 4797 γάμον
609 4721 983 4802 ἐπευλόγησον
1011 4725 1024 4782 l
1070 4747 1098 4776 η
1130 4724 1159 4781 6
1191 4724 1346 4795 Ααὸς,
1379 4747 1409 4776 ‹‹
1449 4722 1828 4800 Ηολυχρόνιον
1855 4723 1868 4782 l
1894 4746 1924 4776 ››

267 4813 365 4871 καὶ
405 4811 736 4894 ἐξέρχονται.
775 4814 881 4873 Καὶ
933 4815 1072 4888 μετὰ
1117 4819 1286 4870 ταῦτα
1328 4813 1657 4890 ἀπέρχονται
1705 4815 1757 4869 οἱ
1803 4814 1928 4869 νεό-

264 4923 479 4977 νυμᾳοι
512 4902 940 4983 ἇστιφανωμένοι
1000 4903 1077 4969 είς
1127 4905 1227 4975 τὴν
1283 4901 1504 4980 κόγχην
1553 4906 1651 4958 τοῦ
1694 4906 1923 4976 παστοῦ,

269 4990 398 5047 ἔνθα
447 4988 662 5048 ’ίσταται
723 4992 752 5048 6
807 4990 1092 5068 βασιλικὸς
1160 4995 1400 5068 χρυσοῦς
1453 4988 1783 5068 κράϐαττος,
1834 4991 1928 5048 καὶ

2016 1862 2314 1919 coronavit
2346 1879 2360 1919 :
2395 1867 2454 1919 at
2483 1862 2555 1933 is,
2589 1863 2691 1934 qui
2738 1862 2810 1918 ad
2843 1861 2995 1918 hanc
3023 1865 3080 1918 te
3126 1861 3462 1934 dignitatem
3493 1876 3664 1916 voca-

2016 1951 2098 2007 vit
2167 1949 2481 2022 junxitque
2554 1966 2687 2006 cum
2750 1949 2819 2006 N.
2893 1949 3151 2018 domino,
3229 1952 3441 2021 augeat
3514 1951 3664 2004 tem-

2017 2059 2158 2116 pora
2186 2047 2289 2098 tua
2316 2043 2375 2099 in
2407 2057 2671 2115 purpura
2699 2039 2712 2096 l
2746 2040 3030 2097 Exaudiat
3055 2039 3210 2097 Deus
3254 2037 3536 2112 populum
3568 2051 3663 2094 ve-

2019 2137 2205 2208 strum
2231 2133 2242 2189 l
2279 2152 2309 2182 »

2090 2224 2186 2278 IV.
2233 2220 2546 2278 Sciendum
2595 2223 2704 2290 est,
2761 2222 2896 2293 post
2950 2216 3394 2276 acclamationes
3443 2216 3666 2290 populi,

2019 2311 2371 2368 abeuntibus
2400 2308 2656 2366 dominis
2684 2309 2754 2365 ad
2784 2308 3067 2366 concham
3109 2308 3377 2379 thalami,
3417 2312 3484 2364 ut
3511 2309 3668 2364 serta

2022 2404 2080 2458 et
2108 2415 2351 2456 coronas
2386 2398 2469 2454 ibi
2500 2400 2814 2470 deponant,
2839 2399 3084 2454 duarum
3113 2398 3435 2453 factionum
3468 2399 3668 2452 canto-

2021 2507 2115 2547 res
2146 2506 2266 2545 una
2306 2504 2444 2544 voce
2474 2489 2666 2544 dicere
2697 2502 2711 2542 :
2751 2508 2780 2537 ‹‹
2815 2487 3067 2557 Spiritus
3113 2486 3522 2543 sanctissimus
3554 2501 3668 2540 nu-

2024 2577 2163 2651 ptiis
2191 2576 2449 2632 annuat!
2485 2597 2514 2626 »
2548 2575 2796 2649 populus
2837 2575 3037 2631 eadem
3081 2577 3170 2630 ter
3198 2575 3428 2646 repetit.
3461 2573 3672 2629 Canto-

2025 2649 2116 2724 res
2145 2683 2158 2723 :
2193 2688 2222 2717 «
2254 2665 2546 2734 Christus,
2572 2665 2672 2736 qui
2705 2663 2934 2735 nuptiis
2962 2663 3264 2720 Cananaeis
3292 2649 3615 2728 benedixit;
3639 2680 3670 2712 »

2027 2757 2282 2830 populus
2312 2756 2515 2811 eadem
2545 2758 2652 2809 ter.
2684 2757 2958 2810 Cantores
2994 2769 3008 2808 :
3052 2775 3080 2804 ‹‹
3113 2751 3422 2809 Benedicat
3450 2766 3669 2806 connu-

2027 2845 2122 2902 bio
2151 2852 2275 2915 tuo,
2319 2843 2639 2916 imperator
2672 2841 2779 2900 N.l
2818 2862 2843 2893 ν
2887 2841 3139 2914 populus
3170 2848 3254 2897 ter
3286 2857 3300 2896 :
3339 2862 3364 2894 α
3415 2840 3670 2913 Spiritus

2026 2937 2416 3003 sanctissime,
2451 2936 2684 3008 nuptias
2708 2934 3014 3007 prospera!
3043 2957 3066 2989 ι
3104 2933 3382 2991 Cantores
3415 2949 3431 2989 :
3463 2954 3493 2983 (ί
3525 2932 3671 2988 Cum

2024 3028 2276 3100 conjuge
2305 3029 2405 3082 tua
2428 3025 2496 3080 N.
2524 3041 2538 3094 ;
2574 3045 2604 3075 »
2635 3024 2884 3098 populus
2915 3031 3000 3081 ter
3031 3040 3045 3080 :
3080 3045 3109 3078 ‹‹
3142 3023 3397 3095 Spiritus
3427 3021 3674 3079 sanctis-

2026 3116 2206 3174 sime!
2241 3137 2270 3168 »
2299 3119 2574 3174 Cantores
2612 3131 2626 3171 :
2659 3137 2689 3168 ς(
2734 3116 2800 3172 In
2831 3113 2977 3185 dies,
3031 3119 3322 3187 tempora,
3353 3109 3607 3170 acula!
3639 3129 3670 3164 η

2028 3207 2282 3280 populus
2313 3211 2398 3263 ter
2430 3223 2443 3260 :
2479 3227 2508 3256 α
2539 3205 2791 3279 Spiritus
2840 3201 3250 3262 sanctissime!
3285 3223 3315 3255 ν
3349 3202 3669 3259 Cantores:

2028 3319 2058 3349 «
2093 3298 2282 3369 Usque
2311 3297 2380 3352 ad
2413 3299 2733 3352 extremam
2779 3298 3138 3350 senectutem
3171 3295 3423 3350 vestram
3455 3290 3515 3370 in
3561 3289 3673 3346 hac

2027 3387 2145 3442 vita
2172 3383 2186 3439 ι
2217 3404 2251 3438 ιο
2281 3383 2533 3456 populus
2561 3387 2648 3438 ter
2679 3399 2694 3438 :
2730 3404 2760 3434 «
2802 3382 3054 3453 Spiritus
3093 3379 3490 3438 sanctissime.
3521 3379 3674 3435 Can—

2027 3478 2184 3531 tores
2233 3489 2248 3531 :
2291 3493 2322 3525 «
2350 3473 2436 3528 Ad
2485 3470 2726 3543 gloriam
2773 3475 2936 3526 tuam
2983 3473 3041 3527 et
3086 3468 3335 3526 salutem
3383 3468 3671 3524 Romano-

2030 3579 2159 3620 rum
2187 3562 2200 3618 !
2235 3583 2264 3613 »
2296 3561 2549 3635 populus
2569 3565 2659 3616 ter
2680 3577 2693 3615 :
2717 3580 2745 3612 α
2767 3559 3027 3631 Spiritus
3057 3556 3503 3615 sanctissime.»
3534 3555 3676 3612 Can.

2029 3657 2184 3709 tores
2235 3667 2250 3708 :
2301 3673 2332 3703 α
2393 3649 2672 3706 Exaudiet
2727 3649 2882 3704 Deus
2936 3647 3217 3720 populum
3267 3650 3528 3703 vestrum
3582 3663 3599 3714 ;
3644 3663 3672 3700 ι

2031 3741 2330 3816 papulus:
2383 3761 2413 3790 α
2475 3738 2726 3810 Spiritus
2785 3737 3180 3794 sanctissime.
3240 3756 3271 3788 ››
3323 3735 3608 3792 Cantores
3657 3748 3674 3791 :

2033 3853 2058 3885 a
2093 3831 2320 3899 Multos,
2356 3828 2592 3897 multos,
2624 3827 2847 3885 multos
2869 3827 2884 3882 ι
2908 3848 2938 3878 »
2971 3825 3263 3900 populus:
3288 3847 3316 3876 «
3345 3823 3556 3884 Multos
3581 3839 3679 3880 an-

2031 3937 2138 3978 nos
2183 3921 2245 3976 in
2293 3917 2614 3977 multos!»
2663 3916 2942 3975 Cantores
2970 3933 2991 3973 .'
3027 3936 3056 3968 α
3085 3915 3354 3984 Domine,
3413 3913 3513 3986 qui
3571 3912 3679 3970 hos

2023 4010 2291 4082 junxisti,
2339 4013 2406 4065 tu
2455 4009 2615 4081 ipsos
2670 4006 2872 4064 servat
2928 4027 2957 4058 »
3001 4003 3300 4078 populus:
3349 4024 3379 4057 «
3428 4003 3682 4075 Spiritus

2030 4099 2424 4159 sanctissime.
2456 4119 2486 4150 ››
2533 4099 2816 4155 Cantores
2851 4113 2867 4152 :
2900 4118 2931 4148 «
2962 4100 3116 4152 Deus
3155 4097 3380 4162 sancte,
3410 4093 3486 4148 da
3532 4091 3680 4163 ipsis

2031 4189 2436 4249 concordiam!
2477 4209 2506 4239 »
2537 4186 2789 4260 populus
2819 4203 2833 4242 :
2867 4206 2897 4237 «
2926 4183 3178 4258 Spiritus
3206 4181 3571 4240 sanctissime
3599 4179 3612 4236 ι
3649 4201 3679 4230 π

2031 4278 2309 4336 Cantores
2339 4293 2352 4332 :
2385 4299 2414 4329 ‹‹
2447 4276 2712 4348 Regnum
2757 4274 2866 4332 hoc
2895 4273 3144 4343 custodi,
3185 4268 3466 4330 Dominel
3501 4291 3530 4322 ιο
3565 4283 3680 4342 po-

2031 4369 2208 4441 pulus
2241 4383 2256 4423 :
2293 4387 2323 4419 α
2350 4366 2601 4439 Spiritus
2632 4364 3024 4422 sanctissime.
3057 4384 3088 4413 »
3135 4363 3408 4420 Cantores
3440 4377 3456 4417 :
3486 4381 3516 4410 «
3543 4357 3684 4432 Spi-

2034 4458 2182 4514 ritus
2212 4455 2601 4524 sanctissime,
2634 4453 2728 4510 his
2773 4452 2996 4525 nuptiis
3023 4449 3375 4514 benedicas!
3427 4471 3458 4502 »
3490 4463 3686 4521 popu-

3189 4545 3247 4597 et
3273 4538 3677 4612 egrediuntur.

2039 4634 2256 4692 Deinde
2273 4633 2470 4706 sponsi
2493 4632 2564 4688 ad
2587 4630 2870 4688 concham
2890 4629 3132 4686 thalami
3154 4627 3416 4686 coronati
3446 4627 3686 4696 abeunt,

2036 4724 2194 4782 118
2249 4723 2351 4780 ubi
2405 4720 2816 4794 imperatorias
2863 4735 3076 4776 aureus
3127 4720 3403 4791 grabatus
3435 4720 3576 4788 stat,
3625 4715 3688 4772 in

2041 4829 2152 4887 quo
2179 4827 2426 4870 coronas
2457 4813 2748 4882 reponunt
2779 4825 2792 4866 :
2829 4809 3076 4867 corollas
3105 4825 3238 4865 vero
3269 4805 3553 4865 ofﬁciales
3583 4821 3691 4861 cu-

2036 4901 2221 4960 biculi
2269 4903 2330 4958 in
2381 4900 2784 4974 pentapyrgio,
2813 4900 2916 4956 ubi
2965 4897 3380 4971 imperatorias
3409 4893 3690 4967 grabatus

2039 4992 2266 5067 positus
2295 4995 2406 5062 est,
2438 4991 2831 5065 suspendunt,
2858 4994 2917 5048 et
2945 4989 3142 5048 statim
3174 4984 3398 5046 domini
3428 4997 3533 5056 per
3561 4996 3695 5054 por-

1638 5110 1876 5167 VARUS
1915 5107 2329 5168 LECTIONES.

344 5198 398 5236 ⁸⁸
425 5198 772 5278 εὐγενεστάτη
808 5202 875 5260 ed
886 5242 900 5257 .

1329 5298 1532 5358 JOAN.
1569 5301 1694 5359 JAC
1735 5301 1993 5359 REISKII
2031 5296 2618 5359 COMMENTARIUS.

345 5391 463 5463 (95)
497 5390 614 5452 Ἐς.
664 5390 994 5463 Occurrunt
1039 5391 1186 5449 tales
1217 5390 1446 5463 aliquot
1490 5407 1685 5463 voces“
1710 5392 1770 5448 in
1819 5392 1932 5450 hoc
2039 5393 2154 5448 Aut
2184 5391 2328 5447 forte
2347 5394 2433 5446 est
2461 5383 2515 5451 ἔς
2547 5383 3180 5463 idem,quod_Latinum
3213 5369 3702 5463 heu3,e"tlgfjdsm

277 5457 497 5535 codice,
531 5462 808 5535 nihil,_ut
837 5463 1087 5535 videtur,
1121 5457 1543 5535 signiﬁcantes,
1577 5469 1642 5519 ut
1660 5457 1738 5532 ες,
1770 5463 1826 5518 οἶ
1851 5463 1929 5534 ἇς,

277 5533 352 5602 ol,
382 5545 490 5594 etc.
522 5540 650 5608 Non
681 5533 871 5605 video,
901 5534 1046 5607 quid
1074 5533 1324 5607 possint
1366 5534 1528 5591 aliud
1575 5552 1726 5606 esse,
1754 5553 1933 5608 quam

274 5614 419 5668 note
450 5607 722 5676 musicae,
753 5608 957 5678 quales
986 5613 1128 5664 sunt
1155 5610 1236 5675 ut,
1267 5621 1357 5676 rs,
1386 5609 1488 5674 mi,
1510 5608 1623 5678 sol,
1651 5607 1939 5678 eteiprts-

267 5680 394 5743 ϐιῶ
431 5678 707 5757 hymnis,
738 5677 802 5736 ut
849 5677 1088 5750 sciatur,
1113 5693 1232 5750 quo
1277 5681 1418 5736 tono
1469 5677 1587 5736 sint
1610 5677 1937 5736 recitandi.

2043 5445 2469 5538 atﬁqrue:o,lquoc_l
2501 5445 2591 5516 est
2621 5445 2774 5532 apud
2806 5456 3264 5538 Aristophanem
3294 5445 3708 5538 in'-I:lu§<3_.ubi

2084 5521 2351 5590 arasitus'
2369 5532 2634 5588 nidorem
2658 5521 2808 5588 assae
2840 5521 3029 5588 suillae
3059 5525 3302 5582 naribus
3329 5521 3566 5590 captat;
3605 5521 3716 5573 aut

2044 5553 2318 5662 Eatinum
2351 5603 2490 5675 huy.
3088 5653 3091 5655 _
