4152 6302
494 397 609 476 451

1556 380 2094 462 CONSTANTINI
2135 374 2829 451 PORPHYROGENITI

3780 376 3903 441 452

497 547 678 604 ticum
707 544 780 601 ad
808 542 935 600 XIX
955 540 1256 599 accubitus
1277 535 1441 611 quasi
1464 536 1532 592 ad
1557 547 1786 591 amores
1809 528 2142 593 transeunt,

2275 521 2577 576 ἱποτιθοῦσι
2608 519 2654 553 ⁵1
2693 518 2760 571 τὰ
2801 515 2898 590 μὲν
2946 516 3228 590 στέμματα
3278 514 3333 571 ἰν
3370 518 3450 589 τῷ
3479 514 3626 587 αὖτῷ
3661 508 3906 590 κραϐάτ-

498 642 554 692 et
583 651 798 690 mensis
827 633 909 688 ibi
941 630 1310 688 accumbunt.

2251 632 2352 684 τῳ,
2408 610 2476 665 τὰ
2534 605 2591 663 δὲ
2646 607 2902 684 στεφάνια
2949 609 3224 680 κρεμῶσιν
3280 607 3337 661 οἳ
3402 611 3502 674 τῆς
3556 604 3762 675 τάξεως
3802 606 3900 658 τοῦ

499 691 893 777 κουϐουκλείου
957 717 1008 774 ἒν
1083 722 1164 790 τῷ
1235 713 1633 789 πενταπυργίῳ,
1711 710 1764 766 ἐν
1837 710 1883 781 ᾧ
1953 703 2174 760 ’ίσταται
2214 703 2242 755 ὁ
2286 696 2572 774 βασιλικὸς
2646 691 2946 771 κράϐαττος
3191 693 3282 749 καὶ
3358 695 3556 755 εὐθέως
3629 692 3907 790 ἀξέρχον-

499 829 589 865 ται
647 810 699 864 oi.
766 806 1018 863 δεσπόται
1083 777 1171 860 διδι
1208 808 1316 860 τῶν
1359 777 1688 857 διαϐιατικίὺν
1726 798 1800 860 ὡς
1839 777 1928 852 ἐπὶ
1980 793 2072 849 τὸν
2123 789 2299 865 ἔρωτα
2345 789 2480 862 (97),
2558 786 2634 849 εἰς
2695 785 2762 838 τὰ
2834 784 2896 838 ιϐ’
2972 778 3256 854 ἀκούϐιτα,
3331 783 3419 838 καὶ
3478 777 3910 855 ἀκουμϐίζουσιν

501 899 590 956 ἐπὶ
636 907 702 971 τῆ
714 923 738 964 ς
794 901 1086 976 τραπέζης.

866 992 1300 1048 Acclamationes
1331 989 1405 1045 ad
1432 989 1766 1057 Augustam.

515 1114 520 1118 '
570 1100 638 1157 V.
691 1121 720 1151 «
763 1104 914 1155 Bene
965 1114 1290 1170 precemur,
1339 1100 1402 1153 ut
1443 1097 1607 1151 decet
1652 1091 1861 1163 gaudio
1919 1093 2141 1154 nostro,

2608 963 2945 1040 Ἀκτολογία
2972 963 3048 1026 είς
3076 964 3175 1032 τήν
3207 962 3541 1039 Αὐγοῦσταν.

2326 1076 2402 1132 Ε’.
2435 1099 2463 1127 ‹‹
2515 1073 2939 1151 Εὐφημήσωμεν
2991 1071 3146 1127 κατὰ
3174 1071 3353 1147 χρέως
3392 1071 3490 1139 τὴν
3524 1071 3700 1146 χαρὰν
3734 1073 3900 1144 ἡμῶν

500 1186 812 1261 Augustas!
847 1210 876 1238 »
926 1159 1202 1244 Cantores
1238 1159 1329 1241 ε’σι
1376 1186 1570 1254 Longa
1617 1159 1723 1237 tibi
1773 1186 2052 1249 tempora,
2111 1193 2145 1232 a

2275 1166 2346 1233 ἡν
2379 1163 2737 1241 Αὐγοῦστανί
2775 1185 2802 1214 »
2844 1162 2906 1215 Oi.
2937 1162 3183 1236 κράκται·
3232 1185 3260 1213 ‹‹
3301 1159 3514 1218 Πολλοί
3556 1181 3651 1214 σου
3695 1161 3911 1235 χρόνοι,

502 1247 628 1335 De;
645 1282 911 1350 promota
941 1274 1243 1349 Augusta!
1275 1297 1302 1325 »
1329 1247 1580 1345 p0puliis
1613 1277 1696 1327 ter
1719 1287 1732 1325 :
1755 1291 1784 1322 ‹‹
1815 1247 2010 1340 Longa
2037 1265 2145 1321 tibi

2275 1248 2638 1327 δεοπρόϐλητε
2667 1249 2993 1326 Δῦγοῦσταῐ
3030 1274 3058 1302 »
3091 1251 3118 1305 6
3153 1249 3282 1313 λαὸς
3333 1249 3392 1304 ἐκ
3428 1247 3638 1323 τρίτου,
3685 1273 3713 1300 ‹‹
3757 1248 3914 1304 Ιῐολ-

504 1367 798 1438 temporal
833 1389 862 1417 »
893 1366 1168 1422 Cantores
1201 1380 1214 1418 :
1258 1386 1286 1414 ‹‹
1320 1363 1517 1434 Longa
1546 1360 1651 1416 tibi
1706 1370 1988 1428 tempora,
2018 1353 2145 1410 feli-

503 1457 743 1512 cissima
773 1459 1075 1526 Augusta;
1106 1476 1134 1503 »
1165 1452 1414 1525 p0pulus
1444 1459 1530 1506 ter
1553 1468 1566 1506 :
1593 1470 1622 1500 «
1645 1449 1838 1520 Longa
1867 1445 1970 1502 tibi
2001 1449 2148 1499 tem-

2259 1342 2350 1398 λοί
2384 1362 2479 1396 σου
2507 1341 2725 1418 χρόνοι.
2767 1362 2790 1392 υ
2834 1341 2902 1396 Οἱ
2932 1339 3180 1414 κράκται·
3234 1363 3262 1389 ‹‹
3297 1335 3508 1392 Πολλοί
3555 1359 3650 1392 σου
3694 1339 3918 1413 χρόνοι,

2255 1430 2625 1505 εὖτυχεστάτη
2673 1429 2996 1503 Δῦγοῦσταί
3032 1452 3060 1481 ››
3112 1429 3140 1482 6
3191 1426 3325 1490 λαὸς
3372 1430 3433 1482 ὶκ
3459 1428 3669 1503 τρίτου,
3704 1452 3732 1481 ι(
3766 1427 3916 1485 Πολ-

503 1561 727 1616 pora.»
781 1515 1106 1599 Cantores:
1142 1515 1398 1612 «.Longa
1441 1539 1541 1593 tibi
1590 1515 1878 1607 tempore,
1937 1533 2149 1603 coniux

2275 1520 2350 1576 ὶιοί
2382 1541 2476 1574 σου
2511 1519 2704 1594 χρόνοι
2734 1519 2746 1574 l
2785 1540 2808 1570 ο
2851 1518 2916 1574 Οἱ
2948 1518 3194 1592 κράκται·
3253 1539 3274 1566 ι
3311 1515 3519 1572 Πολλοί
3569 1538 3662 1572 σου
3697 1517 3919 1592 χρόνοι,

506 1632 764 1688 dominii
800 1653 829 1683 »
880 1630 1132 1703 populus
1183 1638 1268 1684 ter
1299 1646 1312 1685 :
1348 1650 1376 1679 «
1410 1629 1603 1699 Longa
1649 1627 1757 1682 tibi
1807 1633 2084 1694 tempora.
2120 1642 2150 1670 »

507 1719 781 1776 Cantores
814 1736 827 1774 :
863 1740 892 1769 «
921 1719 1006 1774 Tu
1040 1717 1231 1774 divino
1262 1715 1538 1787 suffragio
1571 1715 1750 1770 electa
1782 1731 1881 1782 es;
1911 1735 1932 1762 ι
1969 1726 2151 1783 popu-

508 1811 602 1864 lus
634 1809 836 1865 eadem
869 1816 973 1864 ter.
1005 1807 1280 1863 Cantores
1311 1823 1324 1861 :
1361 1826 1388 1856 «
1421 1804 1726 1860 Benedixit
1777 1803 1929 1857 Deus
1961 1798 2151 1856 omni-

507 1901 753 1969 potens;
787 1919 816 1948 »
848 1895 1103 1970 populus
1135 1897 1337 1952 eadem
1371 1902 1474 1949 ter.
1506 1897 1783 1948 Cantores
1824 1907 1837 1947 :
1869 1911 1900 1940 ‹‹
1931 1890 2018 1944 Tu
2052 1887 2154 1943 Dei

2275 1852 2338 1931 Ci
2414 1852 2662 1949 κράκται·

508 1986 696 2058 gratia
725 2002 857 2042 cum
880 2001 1136 2058 purpura
1166 1984 1480 2054 conjuncta
1501 1999 1562 2038 es
1587 2000 1602 2040 :
1631 2003 1657 2031 ››
1683 1978 1931 2052 populus
1952 1977 2152 2033 eadem
2265 1983 2399 2058 ’ξωῑν

511 2079 618 2130 ter.
678 2074 1003 2132 Cantores:
1051 2097 1081 2126 «
1131 2073 1238 2139 Qui
1288 2081 1339 2128 te
1380 2087 1554 2127 manu
1605 2087 1711 2126 sua
1757 2067 2090 2133 coronavit;
2125 2085 2154 2116 »

2257 1611 2292 1678 ἡ
2328 1610 2560 1683 σύζυγος
2588 1612 2685 1662 τοῦ
2717 1604 2978 1662 δεσπότου
3006 1608 3017 1662 ί
3054 1631 3082 1658 ››
3131 1607 3158 1661 6
3211 1605 3340 1668 λαὸς
3370 1606 3429 1661 ἐκ
3457 1606 3669 1681 τρίτου,
3704 1631 3733 1659 ‹‹
3767 1605 3922 1660 Πολ-

2257 1697 2348 1752 λοί
2397 1718 2494 1751 σου
2544 1699 2756 1770 χρόνοι.
2807 1719 2834 1748 ››
2887 1696 2954 1752 Οἱ
2994 1695 3240 1770 κραίκτςιιι⁸
3295 1719 3322 1747 ‹‹
3377 1697 3450 1750 Σὺ
3509 1694 3568 1750 ἐκ
3617 1694 3763 1759 θείας
3804 1696 3924 1768 ψή-

2263 1807 2370 1864 φου
2430 1784 2882 1859 προεχειρίσθης·
2940 1808 2967 1836 n
3039 1785 3066 1838 6
3135 1783 3268 1847 λαὸς
3319 1782 3378 1839 ἐκ
3439 1785 3624 1860 τρίτου
3683 1782 3920 1856 ὁμοίως.

2744 1898 2773 1925 ‹‹
2851 1871 3166 1948 Εὐλόγησεν
3242 1874 3270 1928 6
3337 1875 3467 1935 Θεὸς
3525 1875 3553 1928 6
3612 1874 3920 1944 παντοκρά-

2466 1987 2492 2014 ›)
2552 1963 2579 2017 6
2641 1961 2772 2024 λαὸς
2822 1961 2882 2016 ἐκ
2936 1963 2985 2036 γ’
3039 1962 3269 2035 ὁμοίως.
3329 1963 3395 2020 Οἱ
3451 1963 3697 2037 κράκται·
3760 1987 3788 2014 ‹‹
3850 1963 3922 2018 Σὺ

2271 2052 2613 2130 ἐνυμφεύθης
2651 2052 2700 2086 ⁵²
2757 2049 2817 2104 ἐκ
2870 2054 3002 2106 Θεοῦ
3048 2055 3117 2124 τῇ
3159 2051 3432 2127 πορφύρᾳ·
3487 2075 3515 2102 ››
3573 2053 3600 2106 6
3665 2049 3803 2111 λαὸς
3860 2050 3922 2106 ἐκ

514 2163 767 2236 populus
799 2166 998 2221 eadem
1038 2135 1488 2219 ten—Cantores:
1524 2183 1552 2210 «
1588 2161 1652 2215 At
1684 2158 1783 2230 qui
1815 2163 1871 2214 te
1903 2157 1974 2212 ad
2010 2157 2158 2210 banc

2275 2139 2453 2214 τρίτου
2487 2136 2718 2210 ὁμοίως.
2753 2138 2820 2195 Οἱ
2850 2137 3098 2213 κράκται’
3145 2161 3173 2190 ‹‹
3227 2138 3585 2211 Στεφανώσας
3623 2159 3679 2192 σε
3706 2141 3772 2211 τῇ
3807 2135 3926 2208 ῗδίᾳ

517 2252 864 2325 dignitatem
912 2254 1172 2321 vocavit;
1209 2273 1238 2302 »
1297 2249 1548 2323 populus
1604 2249 1726 2304 haec
1782 2252 1868 2302 ter
1927 2243 2157 2317 repetit.

511 2350 790 2403 Cantores
826 2361 839 2400 :
872 2367 899 2393 κ
932 2345 1129 2415 Teque
1177 2356 1308 2396 cum
1359 2339 1595 2394 domino
1639 2336 1709 2391 N.
1755 2333 2094 2405 conjunxit;
2131 2352 2159 2380 ››

512 2434 770 2508 papulus
802 2434 1003 2488 eadem
1051 2436 1160 2486 ter.
1194 2431 1470 2487 Cantores
1501 2443 1514 2481 :
1550 2448 1577 2476 ‹‹
1611 2426 1897 2496 Tempora
1927 2427 2028 2477 tua
2057 2421 2159 2476 do-

518 2525 784 2594 minique
814 2525 1026 2593 augeat
1060 2537 1072 2573 :
1107 2541 1135 2569 »
1164 2517 1415 2589 pepulus
1458 2516 1661 2571 eadem
1692 2520 1796 2570 ter.
1830 2513 2110 2567 Cantores
2143 2523 2157 2562 :

519 2636 548 2664 «
581 2612 867 2668 Exaudiat
899 2611 1049 2665 Deus
1090 2607 1368 2678 populum
1401 2611 1661 2660 vestrum
1697 2621 1710 2672 ;
1745 2625 1774 2653 >>
1807 2602 2009 2658 eadem
2057 2616 2161 2670 po-

520 2701 695 2774 pulus
746 2705 854 2754 ter.
925 2698 1203 2754 Cantores
1257 2712 1331 2750 τί(
1391 2694 1460 2750 Ν,
1522 2692 1910 2765 ρὶθυὶίεεὶωω
1967 2694 2160 2763 Augu-

522 2796 626 2849 stae
679 2789 896 2846 multos
943 2801 1163 2854 annos;
1198 2808 1225 2835 ››
1277 2782 1574 2857 populus:
1622 2804 1651 2833 «
1685 2781 1748 2837 In
1799 2780 2011 2838 multos
2055 2797 2162 2836 an-

522 2899 651 2950 nos,
685 2883 794 2936 etc.
829 2902 858 2930 »

592 3041 684 3098 Vl.
719 3039 1158 3098 Observandum
1201 3051 1336 3092 vero
1381 3038 1489 3101 est,
1522 3037 1578 3089 et
1620 3033 1764 3089 illud
1795 3032 1930 3088 olim
1979 3031 2165 3087 conti-

522 3133 680 3204 gisse
710 3129 879 3199 tradi,
907 3136 990 3198 ut,
1022 3131 1325 3198 postquam
1363 3124 1638 3178 factiones
1659 3123 1871 3176 dictam
1904 3124 2165 3176 actorum

2269 2227 2526 2303 παλάμῃ·
2572 2252 2601 2280 ››
2661 2229 2688 2282 6
2747 2227 2878 2290 λαὸς
2949 2227 3006 2282 ἐγ
3071 2226 3260 2303 τρίτου
3303 2228 3530 2300 ὁμοίως,
3565 2229 3630 2284 Οἱ
3669 2226 3922 2302 κράκταιο

2270 2342 2299 2369 ‹‹
2334 2317 2493 2372 Ἀλλ’
2525 2317 2552 2370 6
2594 2316 2668 2378 εἰς
2696 2315 2896 2386 ταύτην
2937 2313 3170 2378 καλέσας
3215 2337 3271 2371 σε
3315 2318 3414 2386 τὴν
3465 2317 3632 2387 ἀξίαν·
3672 2342 3692 2366 ιι
3730 2318 3759 2371 6
3790 2316 3926 2377 λαὸς

2275 2405 2488 2478 ὁμοίως
2535 2403 2596 2460 ἐκ
2641 2405 2852 2478 τρίτου.
2902 2406 2968 2461 Οἱ
3016 2403 3264 2480 κράκται·
3316 2429 3344 2456 ‹‹
3388 2406 3492 2460 Καὶ
3525 2405 3776 2478 συζεύξας
3808 2425 3866 2460 σε
3895 2405 3924 2459 6

2273 2491 2424 2548 δεῖνα
2454 2498 2533 2565 τῷ
2561 2491 2818 2567 δεσπότῃ·
2855 2514 2878 2544 ι
2915 2494 2944 2547 6
2974 2492 3107 2555 λαὸς
3147 2492 3355 2566 ὁμοίως
3387 2493 3445 2548 ἐκ
3479 2495 3543 2568 γ’.
3577 2494 3644 2551 Οἱ
3674 2495 3926 2568 κράκται.

2273 2607 2301 2634 ‹‹
2335 2581 2479 2643 Τοὺς
2530 2583 2766 2656 χρόνους
2806 2603 2900 2638 σου
2949 2580 3216 2652 πληθύνει
3261 2582 3352 2637 σὺν
3403 2589 3481 2656 τῷ
3532 2582 3791 2654 δεσπότῃ·
3839 2607 3865 2633 υ
3896 2584 3926 2636 6

2274 2671 2407 2734 λαὸς
2455 2669 2515 2726 ἐκ
2556 2671 2744 2746 τρίτου
2777 2671 3008 2745 ὁμοίως.
3059 2673 3124 2730 Οἱ
3180 2673 3428 2747 κράκται’
3477 2697 3505 2724 ‹‹
3537 2671 3865 2729 Εἷσακούσει
3897 2672 3926 2725 ὁ

2274 2762 2403 2822 Θεὸς
2431 2764 2530 2816 τοῦ
2561 2759 2698 2817 λαοῦ
2730 2762 2905 2834 ὑμῶν·
2941 2785 2969 2813 ››
3003 2762 3031 2815 6
3073 2762 3205 2825 λαὸς
3243 2760 3302 2816 ἐκ
3339 2761 3525 2837 τρίτου
3573 2761 3808 2834 ὁμοίως.
3859 2763 3929 2820 Οἱ

2275 2852 2523 2926 κρᾶκται·
2594 2875 2622 2903 ‹‹
2684 2852 2728 2908 Ο
2786 2847 2931 2904 δεῖνα
2989 2857 3088 2920 τῆς
3147 2846 3534 2922 εὐσεϐεστάτης
3601 2851 3927 2925 Δύγούστης

2275 2937 2463 2994 πολλά
2490 2939 2557 2993 τὰ
2585 2934 2700 3009 ἔτη·
2742 2962 2769 2991 ››
2798 2940 2826 2993 6
2860 2939 3009 3011 λαὸς,
3045 2963 3070 2994 ι
3107 2939 3507 3018 Πολυχρόνιον.
3537 2965 3564 2992 ››

2351 3030 2416 3098 ζ’.
2457 3025 2677 3086 Είδέναι
2727 3025 2784 3082 δὲ
2832 3027 2932 3099 δεῖ,
2983 3030 3066 3084 ’ὁτι
3107 3027 3318 3103 λέγεται
3349 3032 3395 3067 ⁸³
3439 3030 3528 3085 καὶ
3566 3036 3729 3086 τοῦτο
3762 3051 3928 3108 γεγο-

2277 3122 2416 3176 νέναι
2465 3121 2511 3157 ⁸⁴
2557 3121 2710 3190 ποτὶ,
2762 3120 2844 3175 ὅτι
2895 3121 3030 3194 μετὰ
3069 3122 3133 3175 τὸ
3185 3121 3478 3196 πληρῶσαι
3517 3125 3582 3176 τὰ
3634 3122 3773 3198 μέρη
3822 3124 3928 3191 τήν

521 3220 838 3277 formulam
871 3225 1005 3274 ante
1039 3216 1276 3282 scalam,
1305 3231 1421 3286 qua
1451 3214 1521 3267 ad
1555 3228 1933 3284 magnauram
1966 3227 2160 3267 ascen-

2275 3209 2671 3286 προρῥηθεῖσαν
2721 3209 3052 3286 ἀκτολογίαν
3115 3212 3220 3286 πρὸ
3285 3216 3392 3266 τῶν
3451 3208 3768 3287 γραδηλίων
3824 3219 3930 3281 τῆς

524 3312 705 3380 ditur,
736 3308 1029 3374 ﬁnierunt,
1063 3307 1191 3361 dua;
1225 3304 1503 3359 factiones
1535 3303 1944 3373 praecederent,
1977 3308 2034 3356 et
2063 3304 2165 3355 Ve-

525 3398 645 3453 neti
677 3397 916 3468 quidem
945 3394 1019 3449 ad
1048 3408 1310 3457 scamna,
1342 3391 1400 3446 in
1432 3392 1557 3446 loco
1592 3405 1924 3460 magnauraz
1953 3388 2168 3444 arbori-

2272 3295 2580 3360 ἆναϐάσεως
2644 3305 2744 3368 τῆς
2816 3298 3090 3375 μαναύρας
3171 3301 3604 3376 προανέρχονται
3684 3301 3753 3355 τὰ
3828 3297 3932 3355 δύο

2277 3388 2437 3464 μέρη,
2488 3389 2577 3443 καὶ
2633 3390 2682 3443 οἱ
2735 3390 2830 3462 μὲν
2881 3389 3092 3446 Βένετοι
3142 3387 3456 3465 ἀνέρχονται
3505 3391 3580 3452 είς
3619 3393 3687 3445 τὰ
3716 3389 3930 3462 σκάμνα

523 3486 633 3541 bus
649 3484 873 3541 consito
896 3483 1030 3539 hinc
1055 3482 1190 3537 inde
1213 3478 1786 3552 posita,abirent,nec
1816 3493 2160 3550 responsum

2275 3478 2339 3532 τὰ
2368 3477 2630 3550 ἱστάμενα
2677 3477 2730 3532 ἐν
2777 3477 2859 3550 τῷ
2905 3485 3005 3547 τῆς
3059 3478 3333 3555 μαναύρας
3378 3475 3780 3552 ἂναδενδραδίφ
3810 3480 3930 3553 (98)

525 3574 599 3631 ad
647 3581 884 3631 cantum
934 3589 1108 3627 suum
1163 3570 1507 3641 acciperent,
1558 3573 1826 3624 cantores
1875 3583 2010 3622 vero
2059 3567 2166 3620 bas

524 3663 736 3721 deinde
782 3662 1234 3720 acclamationes
1283 3659 1592 3715 recitarent
1623 3674 1638 3713 :
1671 3679 1699 3707 ‹‹
1731 3657 1946 3712 Multos
1979 3671 2165 3710 annos

521 3753 970 3825 imperatoribus
1004 3767 1017 3806 :
1050 3771 1079 3801 ιι
1111 3749 1327 3821 quibus
1370 3747 1642 3820 p0pulus,
1675 3763 1801 3818 qua:
1836 3745 2166 3818 responderi

523 3844 732 3911 solent,
787 3841 1122 3913 respondet.
1183 3839 1500 3909 Postquam
1569 3837 1769 3907 sponsi
1834 3836 2163 3903 constitere,

524 3933 718 4004 prima
747 3930 999 4002 receptio
1034 3930 1118 3996 ﬁt,
1163 3932 1220 3983 et
1249 3933 1515 3982 cantores
1562 3926 1932 3995 populusque
1980 3925 2166 3980 dictas

527 4020 970 4077 acclamationes
1002 4019 1271 4073 recitent.
1305 4017 1444 4069 Post
1473 4015 1620 4069 hanc
1654 4015 2042 4085 receptionem
2078 4029 2168 4068 se-

525 4111 716 4165 cunda
745 4127 780 4164 a
826 4108 1083 4163 Prasinis
1130 4120 1306 4176 parvo
1339 4099 1641 4156 intervallo
1671 4102 1730 4155 in
1759 4103 1962 4156 eodem
2001 4103 2168 4157 arbo-

527 4205 650 4255 reto
680 4192 1390 4264 instituitur,sponsisque
1411 4187 1888 4255 consistentibus,
1905 4196 2171 4246 cantores

526 4285 916 4360 pOpulusque,
950 4283 1032 4339 uti
1066 4280 1344 4346 diximus,
1375 4277 1740 4344 acclamant;
1774 4295 1890 4350 quo
1922 4279 2171 4344 facto,ri-

526 4379 647 4445 tus,
679 4376 751 4430 de
782 4374 997 4445 quibus
1041 4387 1238 4443 supra,
1270 4368 1657 4426 celebrantur.
1687 4369 1840 4424 “9
1893 4369 2170 4426 Caeterum

2274 3563 2418 3633 ἔνθεν
2446 3569 2708 3642 κάκεῖθεν,
2738 3570 2829 3624 καὶ
2863 3569 3148 3644 ἀπόκρισιν
3202 3572 3276 3644 μή
3319 3568 3635 3647 δεχόμενοι,
3672 3571 3931 3644 λέγουσιν

2276 3658 2328 3712 o't
2354 3657 2576 3732 κράκται
2609 3657 2928 3734 κατάλεγμα
2971 3661 3104 3732 (99),
3156 3685 3184 3711 ‹‹
3227 3659 3418 3714 Πολλᾶ
3465 3660 3530 3714 τὰ
3559 3656 3652 3730 ἕτη
3684 3664 3792 3714 τῶν
3831 3659 3932 3734 βα-

2277 3746 2474 3802 σιλέων
2504 3749 2552 3784 ⁵⁵
2587 3749 2599 3804 ί
2635 3772 2663 3800 ››
2713 3748 2803 3803 καὶ
2853 3749 2880 3802 6
2931 3746 3064 3810 λαὸς
3113 3747 3462 3822 ἀποκρίνεται
3493 3750 3556 3802 τὰ
3589 3748 3930 3825 ὀφειλόμενα

2277 3841 2373 3890 τοῦ
2421 3835 2855 3911 καταλὲγματος.
2912 3837 3013 3893 Καὶ
3089 3839 3226 3910 μετὰ
3272 3837 3333 3891 τὸ
3396 3844 3587 3906 στῆναι
3635 3836 3764 3900 τοὺς
3805 3855 3936 3890 νεο-

2276 3926 2520 4001 νύμφους
2571 3926 2773 4001 γίνεται
2827 3923 2971 4000 δοχή
3035 3928 3102 3982 α’.
3153 3924 3244 3980 καὶ
3297 3923 3549 4000 λέγουσιν
3601 3927 3650 3980 o't
3700 3926 3935 4001 κράκται

2276 4015 2366 4068 καὶ
2399 4015 2426 4068 6
2477 4015 2603 4070 λαὸ)
2650 4016 2746 4076 τὰς
2795 4013 3199 4090 προῤῥηθείσας
3229 4014 3577 4090 ἆκτολογὶας.
3623 4016 3720 4069 Καὶ
3749 4015 3922 4070 πάλιν

2282 4104 2416 4174 μετὰ
2447 4102 2642 4178 μικρὸν
2664 4105 2764 4170 τῆς
2794 4102 3057 4174 τοιαύτης
3090 4100 3284 4177 δοχῆς,
3327 4103 3526 4178 γίνεται
3559 4103 3701 4178 δοχῆ
3738 4103 3806 4179 β’,
3837 4101 3934 4156 καὶ

2279 4191 2534 4266 δὲχονται
2562 4193 2614 4248 οἱ
2645 4193 2903 4265 Πράσινοι
2952 4194 3058 4249 ἀπὸ
3111 4198 3310 4269 μικροῦ
3364 4191 3733 4267 διαστήματος
3763 4193 3816 4248 ἐν
3849 4197 3933 4266 τῷ

2279 4282 2431 4354 αὐτῷ
2471 4281 2887 4358 ἀναδενδρσδίῳ,
2948 4285 3038 4339 καὶ
3091 4289 3198 4340 τῶν
3251 4284 3563 4364 νεονύμςρων
3609 4285 3935 4358 ἱσταμένων,

2281 4368 2531 4446 λέγουσιν
2582 4374 2634 4428 οἱ
2681 4375 2908 4448 κράιιται
2957 4373 3046 4429 καὶ
3117 4375 3144 4429 6
3205 4375 3336 4438 καὸς
3383 4375 3480 4438 τὰς
3529 4373 3942 4452 προρῥηθείσας

1877 4466 2119 4523 VARLE
2165 4470 2471 4528 LECTION
2478 4473 2580 4529 ES.

525 4582 569 4641 '__
597 4550 986 4641 5'_&130ti93‘i_m
1027 4561 1120 4641 ed.
1194 4559 1242 4596 ⁵³
1279 4555 1721 4638 νυμφεύθηςιεᾶ.
1796 4554 1846 4591 ⁵³
1884 4552 1967 4610 ὅτε
2024 4553 2238 4633 λέγεται
2288 4575 2403 4618 om.
2439 4563 2529 4619 ed.
2603 4561 2652 4598 ⁵⁸
2678 4564 2953 4638 γεγονέναι
3002 4565 3156 4636 conj.
3210 4564 3301 4634 R.,
3341 4563 3527 4641 γέγονε
3573 4563 3698 4621 cod.
3741 4567 3799 4620 et
3834 4563 3934 4622 ed.

524 4632 571 4670 ⁸⁶
605 4635 685 4704 τῷ
727 4629 944 4707 βασιλεῖ
982 4634 1074 4691 ed.

1571 4719 1772 4776 JOAN.
1811 4720 1953 4777 JAC.
2001 4720 2261 4780 REISKII
2300 4723 2898 4786 COMMENTARIUS.

598 4813 712 4884 (96)
744 4813 1019 4886 Diversus
1071 4812 1186 4886 hic
1215 4815 1304 4886 est
1350 4810 1672 4882 grabbatus
1723 4810 1797 4866 ab
1844 4809 1968 4878 illo,
2002 4826 2176 4883 quem
2209 4816 2256 4881 D
2287 4817 2414 4870 tum
2447 4816 2664 4872 vitibus
2692 4816 3040 4873 obumbrata
3069 4818 3128 4871 et
3156 4815 3462 4886 apsidata;
3497 4813 3757 4886 trichilas
3786 4815 3938 4873 alias

525 4882 709 4957 hujus
750 4883 980 4956 pagina
1005 4882 1358 4957 principium
1393 4887 1698 4957 memorat.

599 4952 714 5028 (’97)
731 4952 871 5011 Eros
884 4963 968 5011 est
991 4952 1210 5028 nomen
1225 4953 1602 5028 cubiculi,ch
1614 4971 1679 5028 u_s
1697 4952 2178 5028 appellatiounde

530 5023 763 5099 sumpta
810 5033 867 5083 et
910 5027 1006 5098 qui
1053 5023 1591 5099 nata‘nonliquet.
1622 5023 1956 5080 Fuit—enim
2009 5027 2180 5099 initio

527 5095 872 5166 armarium,
915 5095 971 5154 et
1001 5099 1182 5152 armis
1211 5095 1684 5166 imaginibusque
1714 5113 2013 5168 armorum
2052 5098 2180 5168 ple-

531 5188 700 5239 num,
733 5176 802 5226 ut
829 5187 892 5225 ev
947 5170 1178 5241 Contin.
1212 5168 1579 5241 Tbeopban._
1611 5183 1688 5241 p._
1717 5167 1808 5237 88,
1843 5169 1956 5224 tine
1984 5167 2182 5241 (quem

531 5238 723 5299 locum
743 5240 1105 5298 Adversariis
1139 5238 1464 5295 Leicbianis
1494 5238 1699 5306 debeo)
1730 5238 2186 5296 constaermis

531 5319 592 5370 et
638 5314 834 5370 Amori
888 5328 1094 5379 parum
1145 5311 1432 5366 convenit.
1486 5309 1693 5364 Fuitne
1745 5308 2088 5365 lavacrum?
2119 5312 2182 5367 V.

533 5387 847 5456 Antholog.
883 5383 950 5456 Η.
984 5382 1265 5456 Stephapi
1299 5399 1366 5456 p._
1404 5381 1530 5446 354,
1566 5380 1716 5456 med.
1743 5385 1805 5456 et
1837 5383 2026 5451 p.374,
2055 5383 2182 5438 375.

611 5457 728 5529 (98)
761 5449 862 5513 Est
906 5449 1321 5529 ἀναδενδράδιον
1355 5453 1513 5529 locus
1566 5449 1873 5529 arboribus
1902 5449 2181 5524 consitus,

540 5524 1018 5584 deam'bulacrum
1051 5524 1156 5581 sub
1190 5525 1516 5588 arboribus,
1550 5524 1666 5578 sive
1701 5529 1872 5578 rectae
1903 5529 2059 5580 stent
2089 5544 2190 5582 ar-

541 5599 794 5670 bores,et
823 5616 923 5669 per
953 5597 1340 5670 quincuncem
1366 5593 1890 5670 dispositae,§ive_in
1923 5598 2183 5670 apsidem

541 5665 924 5726 ﬂemeaneit
953 5665 1189 5739 quidem
1216 5665 1548 5739 Salmasius
1571 5667 1643 5722 ad
1679 5665 2186 5739 Dedicat.Herodis

542 5739 714 5798 Attici
743 5757 802 5814 p.
836 5757 914 5796 m.
954 5734 1075 5810 {02,
1109 5734 1497 5814 ἀναδενδράδας
1528 5755 1656 5796 esse
1685 5738 2022 5798 ambulacra
2052 5745 2185 5798 tan-

2293 4887 2610 4959 appellant.
2665 4888 2816 4959 Sane
2851 4882 3322 4959 ,Etymologicum
3367 4882 3494 4959 M.:
3526 4882 3851 4959 ἀναδενδράς
3903 4888 3940 4956 ἡ

2293 4904 2610 4958 appellant.
2665 4904 2816 4944 bane
2859 4904 2927 4943 ist
2972 4904 3322 4959 mmogtcum
3367 4904 3441 4943 tu.
3481 4904 3851 4958 εαναοενορας
3903 4904 3940 4956 η

2290 4952 2606 5044 ξίμξτηελοςῂ
2639 4958 2777 5044 πρρς
2809 4958 2882 5044 τὸ.
2905 4904 3120 5044 δῖνδρον
3151 4955 3520 5044 ὄενερχομένῃ.
3552 4963 3664 5044 Sed
3706 4953 3949 5044 ¹ιξιντιιιδενεξ

2293 5024 2464 5113 aptam
2493 5024 3110 5113 etiam'dearborib'us
3138 5024 3860 5113 aliisjérectimstantibus
3895 5035 3958 5087 et

2289 5102 2405 5154 vile
2435 5119 2551 5154 non
2600 5103 2964 5154 obumbratis
3016 5102 3285 5154 usurnari

2331 5101 2405 5186 i-le
2435 5119 2551 5186 non
2600 5103 2964 5186 obumbratis
3016 5102 3288 5186 usurpari
3321 5105 3480 5186 patet
3507 5106 3564 5158 et
3613 5101 3856 5186 Ant_bol.
3882 5119 3955 5186 Δρ.

2289 5173 2361 5228 27
2389 5189 2402 5227 :
2439 5170 2582 5249 ὄχνη
2616 5172 2805 5250 χειρὸς
2839 5170 3004 5244 ἐμῆς,
3053 5170 3181 5230 θεοί
3207 5170 3375 5230 Forte
3405 5174 3546 5229 olim
3589 5174 3742 5242 apud
3795 5170 3961 5229 anti-

2294 5261 2442 5299 uuos
2473 5254 2700 5299 Graecos
2748 5241 3082 5299 ἀναδενδοὰς
3129 5251 3362 5299 tantum
3396 5251 3738 5299 usurnatum
3774 5245 3961 5299 tuerit

2294 5261 2442 5316 quos
2473 5245 2721 5301 Graecos
2748 5245 3082 5317 ἀναδενδράς
3129 5251 3362 5301 tantum
3396 5251 3738 5316 usurpatum
3774 5245 3964 5301 tuerit

2293 5319 2362 5400 de
2393 5317 2722 5400 arboribus,
2757 5333 2902 5400 quas
2935 5319 3078 5400 vites
3111 5315 3411 5400 ambibant
3441 5321 3499 5372 et
3530 5315 3962 5400 cireum‘p'lica-

2294 5388 2534 5470 bantur.
2567 5388 2939 5470 Recentiores
2971 5395 3168 5470 autem
3201 5388 3385 5444 (ἂι-εεοὶ
3431 5388 3846 5470 proculdubio
3879 5389 3962 5470 de

2293 5457 2421 5514 loco
2472 5475 2823 5531 quocunque
2854 5461 3160 5516 arboribus
3209 5476 3341 5516 cum
3373 5457 3511 5516 cura
3562 5459 3856 5516 ordinatis
3893 5465 3958 5516 et

2295 5530 2474 5586 cultis
2505 5549 2687 5586 onaco
2717 5532 3015 5586 adhibent.

2295 5538 2474 5586 cultis
2505 5549 2687 5624 opaco
2717 5538 3015 5613 adhibent.
3301 5601 3312 5620 ε
3841 5601 3856 5615 .

2341 5602 2479 5687 “(99)
2533 5603 2635 5687 Est.
2683 5601 2924 5687 aliquid,
2963 5603 3160 5687 quod.
3190 5596 3567 5687 xamjtéypu,
3622 5617 3771 5686 voce.
3807 5619 3960 5660 διω-

2297 5671 2467 5744 ριὶοἰ,
2499 5671 2801 5740 recitatur,
2843 5671 3033 5746 qualis
3082 5681 3168 5731 est
3216 5675 3276 5729 in
3307 5671 3774 5732 vita'communi
3826 5690 3962 5734 sor-

2298 5745 2718 5804 mocinantium
2750 5746 2946 5804 cantui
2979 5745 3264 5804 onnosita.

2289 5761 2718 5813 ,mocinanuum
2750 5761 2946 5808 cantur
2979 5761 3264 5820 opposita.
