4180 6304
294 300 414 377 iss
1169 317 1268 380 DE
1309 299 1772 382 CERlMONIIS
1817 309 2051 382 AULE
2092 297 2576 381 BYZANTINE
2621 318 2765 382 LIB.
2817 318 2865 380 ι.
3601 303 3720 381 ιιι

296 446 666 525 ἆκτολογίας,
730 447 819 506 καὶ
870 447 1004 525 μετᾶ
1052 452 1222 506 ταῦτα
1283 449 1644 507 ἐπακολουθεῖ
1695 453 1730 521 ἡ
1787 453 1961 522 τάξις,

2082 452 2382 510 recentiori
2413 457 2578 510 astate
2609 453 2666 509 id
2699 469 2911 510 novum
2941 451 3276 509 institutum
3327 455 3438 523 est,
3471 457 3534 510 ut
3563 469 3718 526 nup-

301 539 486 602 καθὼς
535 538 888 616 προείρηται.
931 541 1048 612 Χρή
1099 537 1158 595 δὲ
1209 543 1512 617 γινώσκειν,
1561 540 1644 597 ὅτι
1690 541 1742 596 έν
1771 546 1887 604 τοῖς
1915 543 1962 578 ⁵⁸

2082 544 2226 600 tialis
2255 543 2625 617 imperatoris
2647 543 2942 602 coronatio
2969 543 3030 599 in
3061 543 3277 615 templo
3302 543 3502 615 palatii
3523 560 3720 602 sacro~

299 628 567 705 ’ἐσχάτοις
634 634 852 702 καιροῖς
910 627 1323 706 έκαινουργήθη
1366 635 1462 686 τοῦ
1515 631 1757 706 γίνεσθαι
1807 631 1856 666 ⁵⁷
1899 630 1963 686 τὸ

2082 640 2289 690 sanctis
2341 633 2594 706 Virginis
2643 634 2901 706 Dciparte
2973 634 3141 691 Phari
3179 639 3604 707 perageretur:
3664 640 3723 691 et

306 720 641 798 στεφάνωμα
669 721 768 773 τοῦ
823 717 1094 794 βασιλέως
1134 717 1188 773 ἐν
1246 723 1326 792 τῷ
1381 724 1494 792 ναῷ
1544 724 1642 776 τοῦ
1695 718 1968 775 παλατίου

2082 723 2276 795 sponsi
2308 740 2411 794 per
2439 739 2677 780 aureum
2709 723 3032 780 triclinium
3065 740 3199 780 cum
3237 724 3520 797 obsequio
3550 723 3724 780 cubi-

305 815 415 878 τῆς
487 808 780 882 δπεραγίας
829 807 1094 863 Θεοτόκου
1151 813 1250 864 τοῦ
1306 811 1513 884 Φάρου*
1565 811 1655 864 καὶ
1727 807 1793 879 δὴ
1861 813 1968 864 τῶν

2082 811 2211 880 culi,
2247 813 2665 883 magistrorum
2696 818 2754 868 et
2793 812 3173 884 patriciorum
3214 813 3455 886 egressi,
3488 814 3630 868 dum
3663 815 3722 870 et

306 897 630 976 νεονύμφων
659 896 914 966 ἐξιόντων
946 894 1036 951 διὰ
1063 901 1161 952 τοῦ
1191 896 1673 973 χρυσοτρικλίνου,
1706 897 1965 968 δηλονότι

2082 899 2259 970 portis
2291 900 2452 955 aurei
2474 901 2712 956 triclinii
2734 902 3024 972 argenteis
3048 905 3357 974 procedere
3378 903 3604 972 volunt,
3627 918 3724 958 or-

311 987 721 1061 ὀψικευομένων
799 986 900 1041 ὑπό
973 1007 1032 1040 τε
1096 991 1194 1041 τοῦ
1260 983 1658 1043 κουϐουκλείού
1714 988 1804 1042 καὶ
1861 991 1967 1042 τῶν

2082 1003 2289 1058 genum
2323 1005 2567 1044 aureum
2615 989 2898 1060 pulsatur,
2929 995 2986 1045 et
3015 991 3321 1060 factiones,
3364 1007 3512 1063 quas
3556 992 3718 1048 dixi-

315 1076 636 1152 μαγίστρων
682 1075 773 1130 καὶ
825 1074 1154 1149 πατρικίων,
1205 1074 1524 1149 μελλόντων
1570 1078 1746 1132 αὐτῶν
1781 1075 1968 1146 ἐξιέναι

2083 1095 2231 1144 mus,
2263 1077 2710 1134 acclamationes
2743 1080 3009 1135 recitant.

310 1167 412 1230 τὰς
475 1166 711 1243 ἀργυρᾶς
768 1187 865 1221 του
935 1165 1394 1242 χροσοτρικλίνου
1452 1166 1652 1240 πύλας,
1705 1165 1862 1224 αὒλεῐ
1914 1168 1977 1222 τὸ
2036 1171 2274 1243 χρυσοῦν
2334 1163 2584 1242 ὄργανον,
2638 1167 2726 1222 καὶ
2781 1167 2849 1223 τὰ
2908 1169 3044 1242 μέρη
3105 1168 3489 1246 ἀκτολογοῦσι,
3546 1173 3724 1236 καθὼς

309 1257 662 1331 προείρηται.

951 1349 1216 1404 ΚΕΦΑΛ.
1259 1348 1344 1406 Μ’.

385 1437 528 1494 Ὅσα
587 1433 669 1490 δεῖ
723 1434 1163 1562 παραφυλάὲζιέ
1199 1433 1306 1544 ⁸ἰπὶ
1373 1437 1632 1512 στεψίμῳ
1688 1436 1902 1513 Λύγού-

1027 1529 1090 1562 στ
1199 1529 1264 1564 νυ.

385 1603 471 1656 A'.
505 1597 820 1671 Ἐξέρχεται
872 1598 900 1651 ὁ
953 1529 1208 1671 Bactraque
1259 1597 1338 1662 εἷς
1384 1598 1478 1653 τὸν
1516 1599 1838 1675 αὐγουστέα,
1873 1619 1976 1676 φο-

313 1690 427 1762 ρῶν
473 1688 574 1756 τήν
636 1683 906 1764 χλαμύδα
963 1683 1308 1760 ἐστεμμένος,
1367 1687 1458 1742 καὶ
1524 1694 1675 1743 ποιεῖ
1709 1708 1971 1764 προαγω-

2727 1350 2956 1407 CAPUT
2986 1351 3096 1407 XL.

2333 1441 2689 1497 Observanda
2718 1441 2778 1496 in
2806 1444 3160 1499 coronatione
3191 1443 3472 1513 Augusta.

2158 1602 2199 1656 Ι.
2232 1600 2540 1673 Egreditur
2566 1601 2886 1672 imperator
2915 1601 2985 1658 ad
3007 1606 3384 1675 augusteum,
3414 1619 3632 1662 corona
3669 1607 3728 1662 et

2083 1691 2391 1764 chlamyde
2419 1695 2682 1760 ornatus,
2717 1691 3108 1762 promotiones
3163 1694 3298 1749 facit
3339 1699 3398 1750 et
3441 1693 3595 1751 circa
3615 1695 3725 1751 ho-

309 1777 412 1852 γὰς
452 1779 519 1849 ⁸⁸,
568 1777 660 1830 καὶ
719 1774 846 1851 περὶ
906 1773 1052 1850 ὥραν
1109 1776 1300 1852 τρίτην
1356 1778 1634 1846 καθέζεται
1688 1776 1852 1850 μέσον
1882 1774 1970 1832 τοῦ

2088 1798 2208 1837 ram
2237 1781 2463 1837 tertiam
2494 1780 2554 1837 in
2587 1780 2778 1836 medio
2809 1780 3062 1838 triclinio
3076 1782 3307 1838 residet.
3333 1784 3728 1840 Caeremonia-

311 1864 626 1941 τρικλίνου.
679 1865 742 1922 Ὀ
808 1862 866 1918 δὲ
929 1867 1032 1929 τῆς
1091 1866 1470 1929 καταστάσεως
1539 1866 1839 1941 εὐτρεπίζει
1903 1868 1971 1922 τὰ

318 1955 491 2030 βῆλα,
524 1955 598 2017 ὡς
629 1948 748 2028 ἔχει
778 1954 816 2022 ἡ
849 1955 895 1990 ⁶⁰
923 1954 1195 2024 συνήθεια,
1227 1954 1318 2008 καὶ
1348 1953 1591 2010 νεύουσιν
1621 1957 1672 2010 οἱ
1716 1952 1970 2010 δεσπόται

315 2049 398 2116 τῶ
442 2040 811 2118 πραιποσίτῳ,
864 2042 953 2096 καὶ
1004 2040 1280 2116 ἐξέρχεται
1349 2043 1484 2117 μετᾶ
1530 2043 1821 2120 ὀστιαρίων
1881 2043 1969 2099 καὶ

330 2133 582 2207 βεργίων,
635 2131 728 2187 καὶ
786 2129 1177 2205 προσκαλεῖται
1254 2132 1424 2208 βῆλον
1490 2135 1560 2204 α’,
1616 2133 1743 2196 τοὺς
1805 2133 1971 2209 μαγίο

332 2239 546 2296 στρουςο
607 2222 673 2295 β’,
719 2219 1059 2296 πατρικίους’
1115 2219 1323 2297 τρίτον,
1373 2221 1501 2284 τοὺς
1544 2221 1969 2298 συγκλητικοὺς,

331 2308 592 2379 ὑπάτους,
647 2311 910 2383 κόμητας,
971 2307 1346 2383 κανδιδάτους,
1415 2313 1520 2366 ἀπὸ
1577 2311 1836 2388 ἐπάρχων
1877 2313 1965 2368 καὶ

329 2399 714 2473 στρατηλάτας
740 2400 783 2437 ⁶¹
837 2403 933 2474 (1),
997 2400 1148 2474 βῆΛα
1209 2400 1378 2474 βῆλα.
1425 2402 1487 2458 Ὁ
1535 2399 1594 2457 δὲ
1622 2401 1968 2476 πατριάρχης

321 2484 562 2567 ἔρχεται
591 2486 678 2543 διὰ
706 2495 798 2558 τῆς
831 2486 1060 2567 δάφνης,
1093 2488 1184 2544 καὶ
1215 2489 1517 2568 εἰσέρχεται
1549 2491 1626 2555 εἷς
1653 2492 1748 2546 τὸν
1779 2492 1968 2564 Ἀγιον

319 2579 609 2654 ’Στέφανον
643 2577 728 2634 καὶ
777 2574 1059 2656 ἐκδέχεται
1109 2576 1238 2641 τοὺς
1288 2575 1572 2651 δεσπότας,
1615 2581 1706 2634 καὶ
1737 2578 1828 2635 ὅτε
1857 2579 1972 2635 εἷσ-

327 2665 534 2732 έλθωσι
579 2667 642 2722 τὰ
686 2665 834 2740 βῆλα
862 2666 1039 2722 πάντα
1077 2664 1166 2721 καὶ
1225 2665 1588 2743 πληρωθῶσι,
1622 2669 1866 2724 νεύουσιν
1919 2669 1970 2722 οἱ

330 2753 579 2812 δεσπόται
634 2760 716 2828 τῷ
771 2758 1124 2832 πραιποσίτῳ
1177 2757 1267 2813 καὶ
1317 2758 1623 2833 ἀπάρχεται
1653 2757 1743 2813 καὶ
1801 2777 1971 2834 προσ·

324 2849 570 2900 καλεῖται
626 2846 721 2901 τὸν
781 2847 1156 2922 πατριάρχην,
1215 2848 1306 2902 καὶ
1374 2846 1677 2925 εἷσέρχεται
1755 2845 1831 2909 εἰς
1876 2848 1968 2902 τὸν

314 2933 640 3010 αύγουστέα.
695 2934 803 2991 Καὶ
859 2933 1136 3014 ἐξέρχεται
1193 2937 1228 3005 ἦ
1286 2934 1600 3012 βουλομένη
1657 2939 1968 3016 στεφθῆναι,

313 3025 690 3098 ὀψικευομένη
756 3024 861 3080 ὑπὸ
906 3030 1004 3080 τοῦ
1060 3021 1472 3095 κουὸουκλείου,
1523 3027 1611 3082 καὶ
1672 3026 1969 3102 ἐγείρονται

315 3115 367 3169 οἱ
422 3112 686 3170 δεσπόται
741 3114 832 3170 καὶ
887 3114 1223 3191 ἀπέρχονται
1281 3110 1406 3170 ἔνθα
1449 3113 1662 3171 *ίσταται
1705 3117 1768 3172 τὸ
1811 3116 1966 3172 ἀντι-

323 3203 506 3276 μίσιον
542 3205 657 3277 ἅμα
703 3207 801 3258 τοῦ
831 3205 1196 3280 πατριάρχου,
1244 3206 1334 3259 καὶ
1380 3211 1480 3274 τῆς
1524 3205 1838 3281 Δύγούστης
1871 3227 1970 3286 φο-

2082 1871 2203 1926 rius
2233 1869 2382 1940 vela,
2408 1869 2493 1924 uti
2539 1885 2666 1926 mos
2712 1873 2822 1937 est,
2883 1870 3135 1939 ordinat,
3188 1872 3532 1943 praepositus
3561 1888 3718 1941 vero,

2084 1959 2252 2032 signo
2284 1977 2316 2015 a
2347 1957 2606 2015 dominis
2645 1959 2803 2029 dato,
2835 1974 2966 2014 cum
2993 1958 3246 2016 ostiariis
3277 1960 3575 2032 virgisque
3593 1977 3725 2033 pro-

2081 2049 2184 2116 dit,
2207 2064 2270 2103 ac
2293 2046 2484 2103 velum
2516 2047 2792 2119 primum,
2845 2048 3187 2120 magistros;
3238 2052 3584 2114 secundum,
3631 2065 3725 2120 pa-

2080 2136 2283 2194 tricios
2317 2157 2332 2207 ;
2366 2140 2626 2203 tertium,
2651 2141 2982 2205 senatores;
3015 2138 3226 2193 deinde
3245 2137 3530 2204 consules,
3554 2137 3727 2193 comi-

2084 2230 2193 2294 tes,
2218 2224 2578 2293 candidatos,
2596 2225 2970 2296 expraefectos
2989 2242 3055 2281 ac
3086 2225 3218 2282 belli
3240 2227 3442 2295 duces,
3465 2225 3729 2298 singulos

2083 2314 2147 2371 in
2178 2314 2322 2370 velis
2353 2314 2496 2384 suis,
2523 2315 2786 2370 arcessit.
2819 2314 3156 2372 Patriarcha
3196 2331 3293 2386 per
3335 2316 3630 2388 daphnem
3660 2315 3733 2372 ad

2085 2407 2142 2458 Β.
2202 2402 2504 2474 Stephani,
2554 2403 2820 2459 dominos
2854 2409 3223 2475 excepturus,
3254 2404 3431 2473 venit,
3478 2422 3546 2461 ac
3591 2404 3734 2461 velis

2094 2489 2369 2546 omnibus
2417 2489 2698 2560 ingressis
2781 2489 3056 2562 nulloque
3117 2489 3442 2558 deﬁciente,
3503 2489 3730 2547 domini

2079 2578 2391 2651 praeposito
2423 2579 2661 2650 signum
2693 2578 2958 2650 dant,qui
2979 2579 3120 2648 abit,
3146 2579 3534 2650 patriarcham
3557 2583 3726 2636 vocat

2081 2677 2136 2726 et
2165 2674 2514 2742 augusteum
2540 2667 2890 2740 ingreditur.
2914 2673 3074 2725 Tunc
3105 2669 3326 2726 domini
3387 2686 3602 2727 corona
3631 2687 3729 2726 or-

2082 2759 2298 2824 nanda,
2330 2775 2364 2814 a
2405 2756 2786 2813 cubiculariis
2853 2756 3093 2828 stipata,
3141 2756 3449 2829 procedit;
3502 2757 3728 2815 domini

2081 2850 2336 2919 surgunt
2366 2851 2422 2903 et
2451 2847 2522 2902 ad
2553 2847 2768 2915 locum,
2793 2846 2894 2902 ubi
2923 2864 3023 2903 ara
3053 2847 3306 2920 reposita
3330 2851 3442 2916 est,
3475 2863 3605 2904 cum
3629 2865 3734 2920 pa-

2080 2937 2338 2993 triarcha
2364 2936 2600 3005 abeunt,
2660 2940 2716 2993 et
2760 2938 3019 3008 Augusta
3059 2937 3376 2994 maforium
3443 2945 3724 3010 gestante,

2083 3042 2281 3099 preces
2311 3025 2604 3084 solemnes
2637 3025 2969 3098 patriarcha
2987 3027 3209 3083 recitat.
3244 3025 3347 3082 His
3379 3025 3582 3095 finitis,
3615 3028 3728 3082 Au-

2007 3138 2051 3207 α
2081 3123 2264 3190 gustia
2287 3115 2595 3207 maforium
2627 3119 2868 3207 exuunt,
2891 3131 3139 3207 eamque
3169 3114 3472 3188 chlamyde
3501 3115 3730 3172 domini

2079 3207 2359 3272 vestiunt,
2393 3203 2703 3276 statimque
2721 3203 3044 3276 patriarcha
3073 3219 3252 3276 super
3292 3219 3504 3261 corona
3535 3219 3732 3276 preca-

321 3293 526 3368 ρούσης
579 3294 874 3369 μαφόριον,
915 3298 1070 3349 ποιεῖ
1120 3295 1148 3348 ὁ
1196 3295 1546 3370 πατριάρχης
1592 3295 1686 3356 τὰς
1725 3297 1970 3366 συνήθεις

2082 3301 2224 3352 tur:
2267 3312 2382 3367 quo
2430 3295 2602 3363 facto,
2664 3310 2933 3350 coronam
2982 3293 3318 3363 imperatori
3377 3294 3575 3362 tradit,
3627 3293 3728 3365 qui

319 3381 509 3457 εὐχάς.
560 3383 660 3437 Καὶ
715 3383 806 3437 δτε
852 3381 1124 3458 πληρώσῃ
1170 3385 1269 3453 τήν
1322 3384 1522 3462 εὐχὴν,
1569 3381 1818 3440 ἐκδύουσι
1872 3387 1970 3456 τήν

2082 3403 2210 3443 eam
2243 3389 2506 3458 Augustas
2538 3385 2825 3455 imponit:
2859 3382 2957 3438 ille
2990 3382 3243 3438 dominis
3265 3398 3327 3439 se
3356 3382 3646 3454 adjungit,
3671 3385 3731 3440 et

320 3472 637 3546 Αύγοῦσταν
696 3473 760 3526 τὸ
828 3471 1120 3549 μαφόριον,
1195 3472 1287 3527 καὶ
1343 3470 1619 3528 ένδύουσιν
1682 3474 1847 3545 αὐτὴν
1920 3477 1970 3532 οἱ

2083 3477 2164 3533 sic
2195 3493 2297 3548 per
2325 3470 2662 3531 cubiculum
2693 3470 3076 3543 octangulum
3110 3471 3333 3528 domini
3374 3476 3430 3526 et
3465 3474 3732 3541 Augusta

323 3557 579 3615 δεσπόται
611 3561 712 3630 τὴν
744 3558 1031 3636 χλαμύδα,
1084 3563 1173 3616 καὶ
1231 3559 1384 3626 αὖθις
1414 3567 1563 3617 ποιεῖ
1606 3563 1776 3642 εὐχὴν
1811 3567 1838 3619 ὁ
1870 3586 1970 3620 πα-

2084 3565 2353 3638 digressi,
2385 3564 2444 3617 in
2476 3562 2726 3630 thronis,
2757 3560 2843 3614 illi
2889 3559 2950 3614 in
2983 3559 3206 3626 dextro,
3238 3559 3360 3614 haec
3398 3558 3457 3614 in
3489 3558 3728 3616 sinistro

320 3651 597 3725 τριάρχης
631 3648 720 3705 ἐπὶ
767 3654 864 3704 τοῦ
911 3651 1240 3725 στέμματος,
1287 3650 1379 3708 καὶ
1431 3652 1566 3724 μετᾶ
1609 3654 1711 3723 τήν
1740 3652 1970 3728 πλήρω-

2082 3658 2262 3714 latere
2291 3655 2348 3710 S.
2381 3651 2690 3723 Stephani,
2721 3648 3050 3705 consident.

323 3760 403 3794 σιν
461 3747 566 3809 τῆς
617 3740 786 3816 εύχῆς
845 3735 1114 3814 λαμϐάνει
1167 3742 1196 3796 ὁ
1253 3743 1602 3818 πατριάρχης
1659 3745 1722 3798 τὸ
1781 3744 2000 3821 στέμμα
2036 3748 2126 3803 καὶ
2166 3740 2449 3800 ἒπιδίδωσι
2504 3744 2584 3812 τῷ
2643 3737 2881 3813 βασιλεῖ,
2919 3739 3161 3801 κάκεῖνος
3209 3737 3421 3809 τίθησιν
3469 3737 3600 3794 αὐτὸ
3655 3736 3734 3800 εἷς

315 3832 420 3900 τήν
473 3829 722 3910 κεφαλὴν
776 3837 876 3900 τῆς
931 3830 1266 3905 Αύγούστης,
1308 3831 1397 3886 καὶ
1445 3833 1794 3888 συντάσσεται
1847 3839 1923 3910 (2)
1973 3839 2002 3894 ὁ
2047 3835 2400 3911 πατριάρχης
2455 3835 2574 3892 τοῖς
2651 3827 2956 3896 δεσπόταις,
3005 3828 3096 3883 καὶ
3166 3826 3442 3904 ἐξέρχεται
3493 3825 3582 3882 διὰ
3635 3830 3733 3882 τοῦ

320 3920 642 3996 όκταγώνου
679 3924 968 3990 κοιτῶνος,
1006 3923 1097 3976 καὶ
1144 3923 1457 3991 καθέζονται
1490 3923 1542 3976 οἱ
1574 3919 1830 3979 δεσπόται
1875 3928 1966 3982 καὶ
2015 3930 2051 3998 ἡ
2095 3927 2376 4002 Αύγοῦστα
2424 3920 2512 3977 ἐπὶ
2553 3917 2793 3975 σελλίων
2825 3917 2902 3981 εἷς
2937 3919 3001 3974 τὸ
3032 3915 3201 3988 δεξιὸν
3239 3917 3424 3992 μέρος,
3455 3920 3491 3989 ἡ
3525 3915 3582 3972 δὲ
3621 3915 3733 3974 A6-

320 4016 529 4088 γοῦστα
558 4011 642 4067 ἐπὶ
675 4011 738 4068 τὸ
769 4013 1049 4087 εὐώνυμον
1079 4016 1126 4050 ⁶²
1160 4013 1322 4088 μέρος
1350 4018 1449 4070 τοῦ
1478 4014 1667 4092 Ἀγίου
1697 4018 1987 4092 Στεφάνου.

393 4103 470 4157 B'.
522 4101 626 4158 Καὶ
683 4101 1025 4181 εἰσέρχονται
1085 4105 1137 4158 οἱ
1194 4101 1476 4178 πατρίκιοι
1525 4105 1617 4159 καὶ
1676 4107 1726 4161 οἱ
1782 4105 1968 4164 λοιποὶ

2158 4109 2232 4164 ΙΙ.
2266 4108 2432 4165 Tunc
2465 4105 2690 4180 patricii
2719 4121 2784 4162 ac
2815 4103 3004 4161 caeteri
3048 4120 3274 4172 omnes,
3322 4120 3358 4160 a
3389 4099 3731 4160 silentiariis

319 4188 539 4259 πάντες,
605 4191 968 4264 κρατούμενοι
1031 4191 1138 4246 ὑπὸ
1223 4189 1600 4266 σιλεντιαρίων
1683 4195 1970 4260 πίπτοντες

2084 4197 2414 4266 sustentati,
2450 4197 2764 4268 procidunt
2795 4209 3109 4266 eorumque
3165 4209 3359 4267 genua
3390 4193 3736 4250 osculantur

321 4277 411 4332 καὶ
457 4277 745 4356 φιλοῦντες
791 4280 858 4336 τὰ
907 4279 1003 4336 δύο
1047 4281 1249 4357 γόνατα
1287 4281 1488 4356 αὐτῶν,
1534 4282 1624 4338 καὶ
1668 4283 1970 4362 ἀπευχαρι-

2083 4292 2142 4344 et
2171 4287 2560 4360 gratulantur,
2589 4286 2866 4357 ﬁnitaque
2896 4284 3561 4356 gratulatione,domini
3582 4300 3736 4357 prae-

1692 4413 1919 4470 VARIE
1959 4411 2370 4470 LECTIONES.

393 4517 450 4597 5°_
475 4521 596 4597 τοῖς
627 4533 744 4597 om.
779 4519 868 4597 ed.
905 4591 916 4597 _
943 4516 992 4553 ⁵⁷
1021 4517 1094 4597 τὸ⁸
1115 4517 1356 4592 γίνεσθαι
1386 4520 1479 4577 ed.
1554 4519 1601 4558 ⁵⁸
1628 4525 1729 4590 τῆς
1761 4519 1879 4596 αύγ.
1911 4521 2005 4580 ed.
2079 4521 2127 4558 ⁶⁹
2154 4521 2496 4597 προσαγορὰς
2527 4522 2619 4579 ed.
2695 4519 2744 4554 ⁸⁸
2773 4519 2808 4589 ἡ
2842 4535 2957 4578 om.
2981 4521 3073 4578 ed.
3151 4521 3195 4557 “
3223 4515 3614 4596 στρατηλάτων
3641 4520 3733 4579 ed.

321 4587 369 4624 ⁸³
399 4585 679 4662 εὐώνυμον
710 4591 875 4648 deest
901 4591 961 4648 in
991 4592 1120 4649 cod.

1369 4716 1572 4778 JOAN.
1612 4719 1755 4778 JAC.
1795 4721 2061 4779 REISKII
2099 4718 2687 4778 COMMENTARIUS.

396 4833 476 4911 (1)
527 4833 699 4911 _0lim_
753 4833 908 4892 idem
932 4907 946 4911 _
976 4839 1110 4911 erat
1161 4833 1580 4911 ,στρατηλάτης
1657 4841 1714 4893 et
1772 4855 1965 4911 στρατο
1997 4843 2043 4906 1)
2084 4836 2414 4911 stratelatas
2445 4853 2546 4911 seu
2578 4835 2888 4911 magistros
2904 4836 3161 4911 militum
3186 4838 3298 4894 sub
3319 4854 3382 4894 se
3412 4837 3726 4911 habebant:

323 4901 485 4979 ηγός.
523 4907 738 4979 Deinde
769 4918 901 4963 vero
932 4907 1027 4962 hic
1060 4901 1401 4979 major'erat
1434 4901 1848 4979 magistratus,
1871 4909 1968 4966 ille

321 4976 539 5053 minor.
571 4976 868 5053 Habemus
901 4976 1280 5053 atnglitnv
1340 4980 1440 5047 τῆς
1467 4976 1778 5053 Ἀνατολῆς
1823 4976 1974 5051 apud

321 5046 628 5125 Constant.
653 5049 860 5119 Porph.
907 5046 978 5125 de
1041 5046 1306 5125 Themat.
1361 5046 1415 5124 p7.
1453 5053 1527 5125 44,
1559 5052 1683 5123 (ubi
1730 5046 1882 5125 quod
1913 5054 1975 5125 in

319 5120 870 5199 transitu_monere
924 5123 1115 5199 liceat,
1181 5119 1393 5199 ἀργυρᾶ
1451 5119 1576 5199 leg.
1631 5119 1975 5199 pro-apya’z.)

321 5189 560 5269 [Gecrg
600 5190 871 5269 Monach.
905 5210 960 5269 pg.
992 5189 1413 5269 534'm_e'uio_'rat
1450 5189 1734 5269 Ιῐξτριιὶνᾶν
1778 5189 1976 5269 «Pax;

319 5259 538 5336 i}&qv
599 5268 701 5332 τῆς
741 5259 1039 5332 Ἀνατολῆς
1078 5266 1194 5336 μκαί
1254 5265 1435 5336 Νάσαρ
1485 5259 1592 5320 τῶν
1663 5259 1974 5321 Βουκελλα-

324 5330 530 5406 ρῐων.]⁹
581 5330 664 5422 1ο
711 5336 809 5422 his
866 5330 1263 5422 utpar-1,1131};
1345 5330 1516 5422 idem.
1582 5339 1974 5422 valet_atque

320 5403 649 5480 στρατὴγός.
711 5403 942 5464 νει-ατο
982 5403 1215 5466 secutis
1251 5409 1612 5479 temporibus
1661 5414 1784 5466 erat
1827 5403 1974 5466 stra-

319 5479 526 5555 telates
559 5479 846 5555 magister
874 5480 1118 5555 militiae,
1153 5480 1244 5555 vel
1269 5481 1525 5555 militum
1572 5497 1675 5555 per
1704 5481 1975 5555 singulas

320 5552 494 5625 urbes
529 5551 977 5625 excubantium,
1001 5554 1081 5608 ita
1105 5557 1170 5608 ut
1199 5552 1449 5625 singulis
1476 5551 1710 5624 oppidis
1740 5551 1974 5625 et'pras-

314 5623 482 5682 aidiis
514 5621 748 5697 singuli
780 5621 1436 5697 stratelate‘prgeessent
1463 5641 1477 5693 ;
1513 5621 1752 5697 strategi
1782 5621 1977 5697 autem

306 5695 570 5773 integris
612 5693 856 5767 magnis
937 5693 1257 5769 provinciis
1301 5699 1590 5770 praerant
1641 5693 1725 5752 et'
1756 5695 1975 5752 multos

2084 4909 2198 4965 vid.
2234 4908 2423 4965 Vales.
2457 4910 2530 4965 ad
2562 4909 2859 4965 Ammian.
2906 4909 3161 4967 Marcell.
3195 4927 3252 4980 p.
3301 4911 3399 4964 131
3461 4915 3522 4964 et
3547 4909 3734 4962 inter-

2086 4997 2217 5054 pres
2245 4980 2452 5054 script.
2491 4987 2640 5054 post.
2673 4981 3011 5054 Theophan.
3056 5000 3112 5054 p.
3160 4983 3266 5054 217
3293 4988 3352 5054 et
3398 4980 3732 5054 218._§tra-

2086 5049 2288 5124 tetales
2319 5049 2385 5124 in
2410 5049 2612 5109 habitu
2645 5069 2751 5108 suo
2787 5049 3018 5109 militari
3045 5049 3412 5124 conspicitur
3438 5053 3498 5108 in
3530 5049 3732 5106 Meno-

2083 5123 2196 5194 log.
2231 5123 2402 5179 Basil.
2433 5132 2471 5180 ι.
2507 5125 2579 5192 Il,
2615 5141 2670 5192 p.
2708 5125 2834 5180 172.

2122 5190 2231 5320 :82)
2271 5190 2572 5278 Valedicil.’
2593 5190 2726 5251 Vid.
2778 5199 2848 5253 de
2879 5195 2988 5252 hac
3019 5193 3446 5276 significatione
3476 5192 3550 5249 cl.
3583 5190 3732 5247 Dor-

2082 5268 2219 5322 νιιο
2260 5267 2332 5323 ad
2391 5268 2758 5324 Charitonem
2820 5282 2949 5334 pag.
3011 5269 3133 5322 151.
3188 5269 3456 5321 Recurrit
3512 5280 3570 5334 p.
3605 5263 3731 5318 175.

2084 5282 2219 5322 vme
2260 5282 2332 5323 aa
2391 5282 2758 5324 unaritonem
2820 5282 2949 5338 pag.
3011 5282 3133 5322 1m.
3188 5282 3456 5321 necum;
3512 5282 3570 5334 p.
3605 5282 3730 5318 ιιο.

2084 5337 2364 5394 Dixerunt
2395 5350 2590 5396 autem
2641 5337 3019 5392 συντάττεσθαι
3081 5353 3182 5408 pro
3234 5337 3546 5408 tjalcdicere
3594 5348 3730 5404 pro-

2083 5419 2304 5482 pterea,
2333 5413 2486 5482 quod
2521 5411 2799 5482 abeuntes
2831 5411 2985 5466 inter
3019 5404 3509 5473 σθ’συντάττονται,
3576 5419 3712 5460 com

2084 5481 2703 5558 ponuntycondicunt
2731 5481 2904 5558 diem
2960 5485 3017 5558 e_t
3059 5485 3740 5558 tempus,_qug_rursus

2084 5546 2414 5622 convenire,
2436 5556 2538 5608 aut
2569 5568 2697 5622 quas
2729 5554 2952 5609 interea
2971 5551 3158 5608 facere
3177 5546 3538 5605 relintIVid.
3558 5547 3740 5602 Goar.

2085 5623 2159 5681 ad
2195 5621 2455 5695 Theoph.
2488 5638 2546 5692 p.
2577 5623 2670 5681 59.
