4180 6304
456 341 574 402 455

1522 327 2043 398 CONSTANTINI
2087 323 2777 390 PORPHYROGENITI

3741 331 3874 393 456

454 473 642 547 posito
673 471 909 545 signum
944 471 1105 537 dant,
1149 468 1197 526 is
1226 469 1367 528 dicit
1399 483 1418 524 τ
1445 490 1473 519 ‹‹
1505 468 1710 526 Jubete
1737 483 1751 536 ;
1787 488 1815 517 »
1849 481 2090 537 precan-

2208 461 2482 530 στοῦντες,
2529 458 2619 514 καὶ
2666 457 2757 515 ὅτε
2809 455 3086 534 πληρωθῇ
3117 459 3250 530 ⁶³.ἠ
3299 458 3641 536 εύχαριστια,
3672 462 3874 518 νεύου-

452 567 552 633 tur
580 579 784 620 omnes
815 579 830 618 :
856 584 885 612 «
919 563 979 617 In
1012 562 1187 632 longa
1248 561 1511 634 bonaque
1541 563 1827 631 tempora,
1849 577 1875 609 ιι
1925 561 1983 611 et
2013 553 2096 610 sic

451 651 850 724 egrediuntur.
887 649 958 704 Et
986 647 1180 704 statim
1213 655 1499 704 secrelum
1519 645 1870 702 feminarum
1895 643 2093 707 intrat,

449 740 645 796 velum
677 739 931 811 primum
962 741 1131 794 zostss
1161 756 1176 806 ;
1211 736 1366 793 I20
1397 736 1588 792 velum
1621 735 1965 798 secundum,
1999 748 2097 804 pa-

451 827 669 895 tricies;
730 826 991 892 tertium,
1078 825 1567 898 protospatbariee
1615 841 1681 880 ac
1739 821 2094 896 spatharite;

458 913 1145 989 quartum,consulares;
1193 915 1486 986 quintum,
1528 914 1878 971 stratorissas
1911 930 1926 979 ;
1967 925 2095 966 sex-

455 1010 602 1074 tum,
630 1004 964 1070 comitissas,
997 1004 1450 1073 candidatissaz;
1493 1002 1838 1074 septimum,
1883 999 2098 1056 scribo-

457 1095 653 1163 nisaee,
682 1094 1134 1162 domesticisse;
1167 1097 1455 1162 octavum,
1501 1090 1938 1157 silentiarissas;
1993 1103 2094 1142 no-

449 1201 614 1254 num,
638 1184 1079 1240 mandatorissas
1098 1183 1506 1254 imperatoriae,
1529 1180 1841 1237 comitissas
1869 1176 2094 1234 numeri

448 1271 832 1338 icanatorum;
865 1269 1056 1327 velum
1085 1270 1395 1337 decimum,
1430 1269 1753 1326 tribunissaa
1784 1265 2094 1324 comitissa

450 1363 531 1420 rei
565 1363 825 1432 navalis;
859 1362 1259 1429 undecimum,
1294 1362 1751 1432 protectorissze;
1806 1357 2097 1416 centurio-

456 1469 601 1509 num
634 1468 861 1508 uxores.
894 1451 989 1507 Ηω
1020 1467 1225 1507 omnes
1257 1452 1460 1508 ordine
1491 1453 1791 1524 ingressas,
1824 1449 2095 1505 domino-

456 1557 586 1598 rum
618 1557 780 1614 aaque
811 1557 876 1596 ac
914 1543 1188 1611 Augustae
1234 1557 1427 1612 genua
1457 1545 1826 1608 venerantur,
1859 1543 1916 1595 et
1953 1554 2095 1593 con-

451 1631 684 1686 sistorio
714 1633 962 1698 astante,
995 1630 1227 1698 signum
1287 1631 1596 1702 praeposito
1643 1629 1862 1685 domini
1931 1629 2095 1695 dant,

452 1717 556 1791 qui
587 1718 729 1774 dicit
761 1733 774 1774 :
811 1738 841 1767 «
867 1716 1097 1783 Jubete,
1131 1738 1158 1766 »
1192 1716 1400 1772 deinde
1431 1717 1830 1789 egrediuntur.
1872 1715 2098 1788 Reliqui

2205 569 2286 603 σιν
2347 550 2400 603 οἱ
2459 546 2712 604 δεσπόται
2786 552 2868 621 τῷ
2933 547 3299 623 πραιποσίτῳ,
3371 550 3617 616 κάκεῖνος
3681 548 3868 626 λὲγει.

2206 661 2235 690 ‹‹
2269 637 2590 694 Κελεύσατε·
2628 661 2655 691 ››
2693 637 2784 693 καὶ
2817 637 3139 713 ἐπεύχονται
3170 639 3388 708 πάντες,
3419 664 3447 691 ‹‹
3479 639 3575 701 Εἷς
3606 639 3876 704 πολλοὺς

2203 729 2292 782 καὶ
2351 727 2584 803 ἀγαθοὺς
2616 727 2876 803 χρόνους,
2922 751 2950 779 ››
3004 727 3094 782 καὶ
3137 726 3475 807 ἐξέρχονται.
3507 729 3610 786 Καὶ
3654 728 3870 794 εύθέως

2206 815 2506 894 εἰσέρχεται
2553 818 2616 872 τὸ
2663 816 2909 890 σὲκρετον
2958 819 3065 872 τῶν
3115 823 3402 893 γυναικῶν,
3455 816 3631 892 βῆλον
3682 820 3750 878 α’.
3803 820 3872 874 αἱ

2208 906 2423 975 ζωσταί⁰
2481 905 2654 981 βῆλον
2714 908 2782 981 β’,
2829 907 2884 961 αἱ
2922 906 3222 982 πατρίκιαι·
3278 906 3450 984 βῆλον
3496 909 3567 984 γ’,
3611 909 3665 962 αἱ
3697 927 3866 983 πρω-

2203 997 2563 1071 τοσπαθάριαι
2627 996 2718 1051 καὶ
2786 998 3098 1070 σπαθάριαι·
3173 997 3346 1072 βῆλον
3405 995 3468 1068 δ’,
3544 998 3869 1054 ὑπάτισσαι·

2208 1083 2384 1161 βῆλον
2414 1087 2474 1157 ε’,
2507 1087 2924 1162 στρατώρισσαι·
2982 1087 3157 1163 βῆλον
3207 1088 3270 1159 ς’,
3322 1088 3677 1160 κομήτισσαι,
3728 1111 3869 1144 mv-

2208 1171 2507 1230 διδάτισσαι
2565 1177 2630 1212 ⁸⁸·
2690 1175 2866 1252 βῆλον
2930 1177 2994 1248 ζ’,
3043 1170 3454 1252 σκριϐώνισσαι,
3512 1174 3871 1252 δομεστίκισ-

2210 1283 2318 1319 σαι·
2356 1263 2528 1339 βῆλον
2581 1267 2651 1336 η’.
2714 1263 3159 1340 σιλεντιάρισσαυ
3226 1265 3400 1340 βῆλον
3455 1267 3526 1336 θ’,
3581 1263 3868 1340 μανδατὸ-

2209 1375 2388 1429 ρισσαι
2439 1353 2742 1429 βασιλικαὶ,
2791 1356 3122 1429 κομήτισσαι
3168 1359 3266 1410 τοῦ
3318 1355 3551 1430 ἀριθμοῦ
3591 1361 3698 1410 τῶν
3733 1358 3871 1412 ἱκα-

2207 1445 2404 1500 νάτωνο
2477 1442 2649 1519 βῆλον
2727 1451 2777 1515 ι’,
2851 1439 3227 1520 τριϐούνισσαι
3283 1446 3328 1480 ⁸⁵
3388 1446 3471 1518 (3)
3527 1448 3873 1519 κομήτισσαι

2207 1531 2487 1606 πλοΐμωψ
2544 1531 2717 1608 βῆλον
2770 1535 2862 1604 ια’,
2911 1532 3400 1610 πρωτικτόρισσαι,
3451 1535 3871 1610 κεντάρχισσαι.

2208 1623 2566 1698 Εἰσέρχονται
2623 1623 2763 1678 κατὰ
2809 1622 2980 1694 τάξιν,
3036 1625 3440 1698 προσκυνοῦσαι
3497 1623 3567 1678 τά
3613 1619 3709 1678 δύο
3758 1624 3875 1700 γό-

2207 1731 2340 1767 νατα
2369 1717 2476 1767 τῶν
2529 1710 2804 1767 δεσποτῶν
2856 1711 3066 1786 ὁμοίως
3110 1712 3202 1768 καὶ
3249 1718 3350 1782 τῆς
3400 1711 3742 1787 Αύγούστης,
3775 1713 3876 1768 καὶ

449 1824 518 1862 ex
557 1807 720 1863 urbis
768 1806 974 1863 incolis
1020 1806 1326 1862 ordinibus
1370 1811 1429 1862 et
1489 1807 1770 1874 numeris,
1828 1822 1987 1878 aeque
2037 1819 2099 1861 ac

2208 1798 2455 1856 ἵστανται
2511 1803 2558 1838 ⁸⁸
2612 1801 3022 1877 κονσιστώριον,
3062 1801 3151 1856 καὶ
3208 1800 3452 1856 νεύουσιν
3504 1801 3555 1856 οἳ
3608 1799 3877 1858 δεσπόται

445 1913 587 1952 vasa
617 1896 835 1965 omnia,
867 1895 925 1952 in
956 1895 1238 1952 tribunali
1274 1896 1400 1952 XIX
1432 1895 1809 1953 accubituum
1834 1895 2106 1950 ordinan-

450 1990 548 2042 tur
578 2003 591 2041 :
623 1984 844 2056 patricii
875 1985 933 2040 in
965 1986 1280 2057 onopodio,
1307 1990 1608 2042 senatores
1629 1985 1688 2041 in
1719 1986 1947 2058 porticu
1968 1983 2104 2040 XIX

453 2075 825 2131 accubituum
859 2080 1034 2131 stant.
1068 2077 1334 2149 Augusta
1359 2092 1388 2131 a
1409 2074 1679 2131 cubiculo
1701 2075 1918 2146 stipata
1938 2089 2103 2145 egre-

451 2164 633 2233 ditur,
668 2180 899 2238 unaque
919 2181 1052 2221 cum
1083 2165 1213 2237 ipsa
1243 2165 1468 2221 domini
1501 2165 1574 2220 ad
1598 2180 1836 2221 auream
1861 2179 2102 2220 manum

449 2255 767 2326 procedunt
796 2269 864 2310 ac
906 2259 1294 2311 revertuntur.
1322 2254 1456 2326 Ipsa
1477 2271 1611 2311 vero
1633 2253 1991 2328 onopodium
2015 2251 2105 2308 in-

449 2357 673 2415 gressa,
706 2344 930 2416 patricii
966 2361 1098 2400 cum
1143 2344 1364 2400 caeteris
1417 2345 1788 2402 senatoribus
1840 2359 2108 2415 procum-

445 2432 613 2501 bunt,
636 2437 692 2489 et
716 2439 1030 2504 postquam
1065 2449 1388 2502 surrexere,
1411 2433 1646 2505 signum
1673 2430 2104 2489 caaremoniario

443 2520 604 2590 dant,
651 2521 752 2591 qui
809 2522 998 2576 dicit:
1032 2544 1060 2571 «
1108 2520 1341 2590 Jubete,
1373 2543 1401 2572 ιι
1459 2521 1671 2592 reliqui
1727 2522 1987 2576 faustum
2038 2534 2106 2574 ac

447 2608 795 2664 diuturnum
829 2609 1134 2678 imperium
1153 2610 1469 2681 apprecati,
1504 2609 1697 2681 ipsam
1725 2609 1794 2664 ad
1820 2607 2103 2664 solarium

452 2696 760 2754 tribunalis
821 2697 1196 2755 comitantur.
1249 2699 1414 2754 Tunc
1460 2699 1732 2754 consules
1771 2714 1837 2754 ac
1895 2694 2105 2768 reliqui

452 2792 750 2844 senatores
779 2787 1162 2857 descendunt,
1198 2787 1419 2858 patricii
1476 2803 1608 2843 vero
1669 2786 1803 2842 hinc
1861 2785 2021 2842 illinc
2045 2788 2104 2842 in

454 2875 613 2933 scala
633 2881 810 2946 stant,
855 2877 1115 2949 dumque
1161 2876 1291 2950 ipsa
1339 2876 1568 2932 vultum
1619 2892 1794 2932 suum
1827 2875 2104 2943 ostendit,

449 2965 734 3040 factiones
791 2965 1168 3023 acclamant:
1221 2989 1248 3017 α
1310 2964 1590 3022 Sanctus!
1636 2962 1923 3021 Sanctus!
1966 2963 2106 3020 San-

446 3055 606 3112 ctus!
669 3055 868 3112 Gloria
917 3057 978 3111 in
1033 3055 1279 3111 excelsis
1328 3059 1461 3122 Deo,
1519 3059 1577 3111 et
1605 3071 1718 3126 pax
1743 3054 1801 3110 in
1851 3053 2040 3110 terra!
2073 3076 2103 3106 »

450 3145 670 3202 Deinde
703 3146 982 3203 factiones
1007 3162 1095 3215 ea,
1142 3161 1272 3218 quae
1330 3147 1689 3202 coronationi
1725 3146 2098 3215 conveniunt,

451 3241 578 3290 acta
607 3234 875 3306 recitent,
909 3240 1171 3306 Augusta
1200 3250 1396 3290 cereos
1445 3235 1517 3290 ad
1549 3235 1941 3291 venerandam
1973 3253 2100 3293 cru-

451 3339 574 3380 cem
605 3324 889 3390 accendit,
922 3325 1175 3397 populus
1206 3340 1338 3382 vero
1369 3332 1422 3381 et
1453 3323 1709 3381 dominis
1754 3328 2096 3397 etAuguste

444 3413 646 3469 fautea
675 3418 1041 3486 apprecatur,
1074 3430 1189 3485 quo
1222 3414 1396 3482 tacto,
1427 3414 1484 3469 in
1521 3419 1769 3486 utroque
1793 3415 2100 3473 latereAu-

452 3508 629 3575 gusta
656 3504 877 3575 adorat,
909 3519 1128 3576 perque
1157 3509 1506 3575 augusteum
1529 3521 1648 3560 una
1669 3521 1799 3560 cum
1821 3506 2098 3578 obsequio

449 3592 774 3649 revertitur.
805 3592 1083 3650 Consules
1115 3593 1174 3648 in
1218 3592 1468 3665 porticu,
1523 3593 1730 3666 patrici
1760 3596 1828 3651 ad
1863 3611 2097 3653 auream

454 3698 638 3752 usque
669 3699 909 3738 manum
942 3687 1117 3752 stant,
1150 3687 1207 3738 et
1240 3685 1424 3740 missa
1446 3683 1690 3741 dantur.

2207 1895 2288 1963 τῷ
2320 1889 2690 1966 πραιποσίτῳ,
2743 1891 2833 1946 καὶ
2881 1888 3055 1966 λέγει,
3111 1915 3140 1943 (ι
3174 1888 3495 1962 Κελεύσατε,
3530 1914 3557 1941 ››
3587 1891 3681 1946 καὶ
3712 1890 3875 1967 ἐξερ-

2211 2000 2427 2056 χονται.
2461 1980 2539 2037 Τὸ
2571 1977 2626 2035 δὲ
2677 1981 2871 2036 λοιπὸν
2910 1984 3006 2035 τοῦ
3056 1977 3195 2035 λαοῦ
3241 1987 3342 2050 τῆς
3380 1979 3596 2042 πόλεως
3627 1981 3716 2037 καὶ
3751 1985 3869 2037 τῶν

2207 2069 2497 2144 ταγμάτων
2557 2069 2648 2124 καὶ
2706 2073 2812 2125 τῶν
2867 2068 3150 2144 νουμέρων
3207 2070 3297 2124 καὶ
3349 2068 3418 2124 τὰ
3470 2069 3634 2140 σκεύη
3681 2072 3866 2126 πάντα

2209 2160 2588 2234 ἑτοιμάζονται
2622 2161 2700 2221 εἰς
2747 2159 2810 2215 τὸ
2838 2155 3222 2235 τριϐουνάλιον
3262 2162 3370 2214 τῶν
3417 2160 3481 2224 ιθ’
3534 2154 3864 2220 άκουϐίτων.

2210 2249 2314 2305 Καὶ
2367 2249 2608 2304 ’ἰστανται
2667 2249 2719 2303 οἱ
2776 2247 3051 2325 πατρίκιοι
3111 2248 3164 2303 ἐν
3221 2253 3301 2320 τῷ
3348 2245 3642 2321 ὀνοποδίῳ,
3701 2249 3756 2304 οἱ
3807 2246 3870 2305 δὲ

2211 2337 2568 2414 συγκλητικοὶ
2600 2337 2677 2400 εἷς
2714 2337 2806 2393 τὸν
2853 2338 3086 2414 πόρτικα
3131 2341 3238 2392 τῶν
3292 2338 3354 2392 ιϐ’
3402 2333 3732 2396 ἀκουϐίτων.
3767 2341 3872 2396 Καὶ

2211 2424 2490 2501 ἐξέρχεται
2548 2429 2582 2495 ἡ
2641 2425 2943 2502 Αύγοῦστα,
2996 2424 3359 2500 ὀψικευομένη
3422 2426 3525 2482 ὑπὸ
3581 2430 3683 2481 τοῦ
3732 2447 3873 2484 κου-

2215 2510 2535 2585 ὅουκλείου,
2580 2515 2670 2570 καὶ
2713 2516 3122 2591 συνεξέρχονται
3173 2513 3228 2570 δὲ
3279 2514 3417 2590 αὐτῇ
3447 2514 3538 2571 καὶ
3582 2516 3634 2571 οἱ
3665 2513 3872 2572 δεσπό-

2207 2624 2297 2659 ται
2357 2604 2523 2680 μέχρι
2579 2608 2681 2672 τῆς
2744 2612 2954 2679 χρυσῆς
3017 2604 3230 2681 χειρὸς,
3288 2606 3376 2660 καὶ
3441 2601 3868 2685 ὑποστρέφουσί.

2215 2694 2314 2749 Καὶ
2366 2692 2690 2765 ἐξελθούσης
2739 2696 2912 2757 σύτῖς
2963 2695 3040 2760 εἷς
3083 2695 3146 2749 τὸ
3206 2693 3522 2766 ὀνοπόδιον,
3571 2696 3870 2753 πίπτουσιν

2218 2786 2270 2840 οἱ
2327 2784 2603 2860 πατρίκιοι
2671 2786 2806 2858 μετά
2855 2791 2964 2840 τῶν
3021 2783 3232 2842 λοιπῶν
3305 2784 3713 2864 συγκλητικῶν,
3778 2789 3875 2844 καὶ

2212 2873 2553 2929 ἀναστάντων
2614 2872 2812 2943 αὑτῶν,
2880 2877 3095 2931 νεύουσι
3166 2879 3246 2948 τῷ
3296 2882 3398 2947 τῆς
3465 2876 3874 2950 καταστάσεως,

2211 2965 2301 3020 καὶ
2334 2964 2501 3040 λέγει,
2535 2987 2564 3018 ι(
2595 2963 2918 3034 Κελεύσατε,
2952 2989 2982 3018 >>
3015 2967 3103 3021 καὶ
3140 2966 3487 3042 ὲπεύχονται,
3530 2991 3558 3036 ς(
3593 2967 3686 3029 Εἰς
3715 2965 3864 3022 πολ-

2210 3052 2343 3118 λοὺς
2390 3057 2479 3110 καὶ
2511 3054 2747 3130 ἀγαθοὺς
2787 3057 3044 3131 χρόδους,
3079 3079 3108 3109 ››
3152 3057 3243 3112 xii.
3289 3055 3634 3131 ὀψικεύουσιν
3685 3057 3862 3126 αὐτὴν

2215 3147 2383 3220 μέχρι
2412 3150 2510 3202 τοῦ
2539 3143 2776 3215 ἡλιακοῦ
2812 3149 2910 3200 τοῦ
2956 3141 3365 3222 τριϐουναλίου.
3417 3146 3516 3202 Καὶ
3559 3146 3860 3222 κατέρχον-

2165 3229 2180 3255 ⁸
2209 3257 2298 3292 ται
2331 3236 2382 3290 οἱ
2415 3235 2608 3291 ὕπατοι
2639 3237 2751 3299 καὶ,
2782 3237 2833 3291 οἱ
2883 3233 3073 3293 λοιποὶ
3123 3235 3504 3313 συγκλητικοὶ,
3567 3238 3620 3292 o't
3660 3234 3718 3292 δὲ
3755 3257 3870 3293 πα·

2207 3325 2408 3403 τρίκιοι
2464 3323 2705 3381 ἵστανται
2759 3324 2836 3388 εἷς
2889 3327 2956 3381 τὰ
3007 3326 3181 3402 βάθρα
3223 3322 3370 3382 ἔνθεν
3443 3325 3706 3397 κάκεῖθεν,
3757 3327 3856 3381 καὶ

2214 3413 2561 3487 δεικνυούσης
2623 3416 2790 3486 αὐτῆς
2833 3415 2880 3451 ⁸⁷
2931 3416 3032 3484 τὴν
3073 3411 3196 3490 ὄψιν
3241 3418 3342 3490 (4),
3387 3415 3745 3490 ἆνακράζουσι
3793 3414 3868 3472 τὰ

2217 3505 2378 3580 μέρη·
2408 3529 2435 3556 (ι
2470 3509 2688 3582 ⁶Αγιος,
2718 3505 2895 3578 ἅγιος,
2939 3506 3109 3580 ἅγιος.
3157 3505 3292 3574 Δόξα
3339 3503 3391 3560 ἐν
3444 3504 3689 3579 ὑψίστοις
3717 3508 3860 3576 Θεῷ,

2209 3595 2300 3649 καὶ
2331 3593 2420 3648 ἐπὶ
2459 3601 2565 3671 γῆς
2617 3595 2832 3669 εἰρήνη.
2869 3617 2897 3645 ››
2943 3594 3045 3650 Καὶ
3093 3592 3459 3668 ἀκτολογοῦσι
3506 3593 3572 3648 τὰ
3614 3592 3750 3668 μέρη
3792 3593 3864 3649 τὰ

2208 3691 2288 3758 τῷ
2338 3683 2585 3758 στεψίμῳ
2627 3683 2953 3759 ἁρμόζοντα,
3003 3684 3094 3739 καὶ
3145 3679 3414 3758 λαμϐάνει
3466 3685 3501 3754 ἡ
3552 3685 3600 3720 ⁸³
3641 3684 3862 3760 A6706-

450 3790 546 3824 στα
575 3771 802 3845 κηροὺς,
834 3770 925 3826 καὶ
957 3769 1110 3826 ἅπτει
1143 3770 1281 3846 πρὸς
1316 3771 1409 3826 τὸν
1435 3770 1620 3843 τίμιον
1651 3771 1898 3848 σταυρὸν,
1957 3773 2046 3830 καὶ
2114 3777 2353 3854 εὐφημεῖ
2420 3775 2446 3828 ὁ
2506 3773 2639 3840 λαὸς
2695 3775 2821 3837 τοὺς
2856 3773 3142 3845 δεσπότας,
3193 3773 3428 3854 εὐφημεῖ
3475 3773 3564 3829 καὶ
3615 3777 3713 3842 τὴν
3752 3772 3872 3831 Αύ-

445 3865 695 3933 γοῦσταν,
725 3860 814 3916 καὶ
847 3861 935 3915 ὅτε
963 3857 1237 3934 πληρωθῇ
1268 3861 1304 3929 ἡ
1333 3859 1596 3936 εὐφημία,
1623 3867 1917 3934 προσκυνεῖ
1941 3866 1975 3932 ἡ
1996 3863 2279 3940 Αύγοῦστα
2311 3861 2457 3929 ἔνθεν
2487 3864 2754 3932 κάκεῖθεν,
2781 3865 2867 3920 καὶ
2907 3863 3227 3939 ὑποστρέφει
3270 3861 3358 3917 διὰ
3389 3866 3484 3917 τοῦ
3519 3860 3865 3937 αύγουστὲως

449 3949 832 4025 ὀψικευομένη·
868 3949 920 4006 οἱ
949 3947 1007 4004 δὲ
1037 3949 1232 4004 ὕπατοι
1257 3947 1503 4005 ’ίστανται
1545 3948 1622 4010 εἰς
1666 3949 1760 4006 τὸν
1805 3952 2058 4027 πόρτικα,
2111 3953 2163 4008 οἱ
2211 3951 2268 4009 δὲ
2294 3952 2575 4030 πατρίκιοι
2633 3952 2798 4028 μέχρι
2850 3960 2948 4024 τῆς
2993 3972 3204 4028 χρυσης
3235 3953 3442 4028 χειρὸς,
3482 3952 3571 4008 καὶ
3619 3947 3867 4008 δίδονται

453 4037 660 4111 μίνσαι.

1817 4129 2060 4186 VARUE
2101 4133 2493 4191 LECTIONES

523 4227 570 4263 ⁸⁸
599 4224 899 4307 ἐπληρώθη
932 4227 1023 4282 ed.
1097 4225 1148 4307 ‘6‘
1177 4220 1590 4307 XtIVStSé‘ttGg-at‘
1615 4241 1731 4282 om.
1763 4227 1853 4282 ed.
1877 4233 1946 4307 _et
1977 4246 2111 4307 mox
2132 4249 2244 4307 _pro
2295 4225 2684 4307 σκριξῴνισσαι
2715 4264 2786 4307 -τ
2818 4228 2993 4307 βῆλον
3026 4231 3099 4303 η’,
3131 4232 3311 4307 habet
3339 4229 3758 4307 ﬁtnyﬁpwcut
3790 4230 3867 4302 η’.

2347 4305 2359 4321 ι

453 4293 927 4379 δῖτριξούνισσαι,
960 4297 1294 4379 κομήτισσαι
1325 4299 1418 4355 ed.
1493 4296 1539 4333 ⁶⁶
1566 4293 1781 4353 ’ίσταται
1825 4301 1916 4356 ed.
1995 4301 2040 4337 ⁸⁷
2088 4293 2258 4373 αύτῆς
2300 4293 2400 4373 τήν
2432 4299 2555 4378 ὄψιν
2592 4304 2682 4376 R.,
2715 4293 3220 4379 αύτῆνόψινῈοὰη
3253 4293 3422 4373 αὐτὴν
3465 4293 3870 4378 όψικευομὲνήν

452 4367 574 4422 ed.‘
619 4367 666 4404 “
695 4370 732 4436 ἡ
765 4384 882 4426 om.
914 4371 1007 4427 ed.

1495 4459 1698 4519 JOAN.
1739 4462 1882 4519 JAC.
1925 4462 2190 4521 REISKII
2230 4465 2809 4524 COMMENTARIUS.

525 4555 603 4627 (3)
632 4555 711 4614 Μ.
744 4572 946 4616 rursus
993 4574 1218 4616 comma
1261 4558 1357 4616 hic
1406 4573 1520 4616 nan
1573 4561 1988 4632 agnoscebant,
2041 4567 2107 4620 ut
2135 4569 2184 4632 D
2215 4559 2359 4619 λυπτ
2435 4607 2449 4620 .
2489 4563 2940 4622 Vid.Plutarcb.
2993 4563 3358 4624 Timoleonta

525 4641 601 4682 eo
639 4628 972 4687 tribunissas
1017 4631 1324 4688 comitissae
1369 4649 1486 4688 non
1514 4632 1643 4687 dure
1692 4632 1958 4690 diversae.
2002 4635 2104 4690 sed
2216 4581 2428 4690 Stenﬁ?
2477 4635 2673 4690 Vales.
2725 4637 2797 4690 ad
2861 4635 3194 4690 Haruonrat.
3227 4655 3282 4690 ι).
3313 4637 3358 4690 2!

457 4626 601 4704 adeo
639 4628 972 4704 tribunissas
1017 4631 1324 4688 comitissae
1369 4649 1486 4704 non
1514 4626 1643 4687 dua—3
1692 4626 2104 4704 diversae,'sed

456 4698 946 4825 gaiemigignitas
979 4708 1200 4774 essent,
1232 4709 1297 4760 ut
1326 4703 1594 4761 tribunus
1626 4718 1843 4761 comes.
1866 4698 1997 4762 Vid.
2033 4707 2103 4763 ad

497 4789 524 4824 8
575 4808 587 4822 ι
734 4813 744 4825 .

453 4785 587 4842 pag.
623 4785 744 4826 114.

527 4841 601 4913 (4)
635 4845 734 4899 Est
764 4859 1022 4918 sensus:
1058 4844 1370 4902 ostendente
1400 4847 1643 4918 Augusta
1670 4847 1888 4904 vultum
1917 4864 2104 4905 suum.

453 4913 693 4989 Sponsas
726 4931 938 4987 nempe
970 4917 1323 4989 Graecorum,
1360 4924 1425 4974 ut
1471 4913 1673 4975 notum
1733 4926 1841 4989 est,
1877 4921 2110 4976 nubunt

449 4986 716 5062 vultum,
737 4986 928 5059 neque
957 4988 1455 5062 ostendunteum,
1490 4991 1601 5046 nisi
1633 4986 1862 5062 amicis,
1895 4993 2108 5062 quibus

449 5056 853 5132 benevolunt,
903 5068 958 5116 et
1015 5056 1548 5132 quibusbonorem
1595 5056 1866 5117 exhibere
1903 5056 2110 5120 volunt

459 5130 720 5204 convivis
753 5131 820 5185 ad
862 5130 1094 5204 nuptias
1122 5130 1502 5187 celebrandas
1532 5134 1777 5204 vocatis.
1819 5134 2108 5204 Sponsam

461 5201 636 5275 talem
687 5201 962 5275 ﬂammeo
1014 5209 1258 5275 nuptam
1314 5205 1630 5259 Armenam
1664 5202 1742 5275 Ain
1803 5201 2106 5275 ecclesiam

454 5273 1167 5340 deducendam,eta1ia'm
1216 5274 1528 5330 Turcicam
1589 5273 1697 5331 sub
1742 5273 1998 5345 παστάδι,
2046 5280 2107 5335 in

450 5346 652 5400 mariti
675 5347 1364 5418 domumdeducendam,
1389 5345 1569 5400 videri
1597 5345 1693 5418 qui
1721 5347 1902 5418 cupit.
1921 5359 2108 5406 extre-

453 5432 577 5470 mas
607 5419 878 5487 inspiciat
908 5417 1162 5474 Tabulas
1194 5418 1614 5481 Ferriolenses,
1657 5416 1898 5473 Parisiis
1949 5421 2106 5489 1714,

456 5487 663 5543 editas.
714 5491 845 5545 Dies
902 5507 1017 5545 auo
1106 5488 1163 5545 id
1248 5489 1448 5545 ﬁebat.
1506 5489 1646 5545 olim
1717 5486 1785 5540 τὰ
1849 5488 2106 5545 ἀνακαλυ-

534 5504 663 5543 itas.
714 5504 845 5545 U105
902 5507 1017 5556 quo
1106 5504 1163 5545 ια
1248 5504 1448 5556 nebat,
1506 5504 1646 5546 onm
1717 5504 1785 5540 τα
1849 5504 2107 5546 ἀνακαλυ-

456 5507 663 5543 editas.
714 5507 845 5545 mes
902 5507 1017 5562 quo
1106 5507 1163 5545 ια
1248 5507 1448 5556 uenat,
1506 5507 1646 5546 onm
1717 5507 1785 5540 τα
1849 5507 2105 5546 ανακαΑυ-

455 5557 662 5632 πτήρια
702 5561 1135 5631 appellabatur;
1169 5576 1223 5617 v.
1258 5561 1449 5617 Olear.
1479 5562 1548 5616 ad
1584 5558 1854 5632 Philostr.
1891 5578 1946 5632 p.
1978 5566 2105 5622 611.

457 5632 590 5704 pot.
612 5628 674 5695 8;
709 5628 962 5704 etjdona,
992 5628 1131 5704 qua!
1153 5649 1385 5704 sponsas
1413 5633 1639 5704 vultum
1693 5628 1971 5689 revelanti
2001 5637 2107 5692 da-

457 5697 693 5769 bantur,
760 5697 965 5758 itidem
1006 5697 1203 5761 -erant-
1239 5702 1692 5778 ἀνακαλυπτήρια
1775 5712 1830 5761 et
1907 5704 2106 5762 ἀνακά-

3441 4607 3454 4620 .
3487 4565 3613 4622 435.
3672 4565 3764 4620 ed.
3795 4563 3870 4621 Il.

2477 4635 2673 4692 Vales.
2725 4637 2820 4708 ad
2861 4635 3194 4708 Harpocrat.
3227 4655 3282 4708 p.
3313 4635 3444 4706 223,
3472 4637 3580 4708 fed.
3613 4636 3868 4692 Gronov.

2219 4713 2277 4763 et
2311 4705 2392 4763 Du
2416 4707 2609 4780 Cange
2638 4724 2691 4781 v.
2726 4705 3243 4781 θεῴρητρὸν,ίιυοᾶ
3267 4713 3356 4764 est
3385 4705 3664 4780 quidquid
3690 4723 3873 4780 spon-

2218 4795 2324 4836 sus
2352 4776 2583 4854 sponsi:
2628 4779 2728 4836 dat
2773 4776 3436 4854 summasque,
3480 4776 3870 4854 cumsponsa

2217 4867 2279 4908 se
2309 4849 2619 4908 videndam
2669 4853 2885 4922 praebet
2915 4858 2973 4912 et
3020 4853 3080 4908 in
3137 4849 3438 4922 publicum
3470 4849 3713 4923 proditi;
3763 4849 3867 4923 ubi

2217 4923 2402 4978 multa
2430 4923 2518 4995 _Du
2547 4919 2738 4995 Can'ge
2781 4923 2851 4978 de
2901 4923 3011 4981 hoc
3058 4919 3220 4978 more
3266 4919 3500 4988 vultum,
3541 4919 3861 4995 revelandi,

2220 4993 2550 5049 Admodum
2612 4993 2815 5051 invidae
2873 4996 2964 5050 sui
3018 4995 3217 5050 vultus
3277 4993 3647 5050 monstrandi
3701 4998 3870 5049 erant

2215 5067 2495 5138 Augustis
2525 5065 2781 5122 CPtanaa.
2811 5065 2956 5122 Nam
3001 5082 3145 5138 cum
3170 5065 3297 5138 ipso
3343 5067 3694 5138 imperatore
3716 5081 3870 5138 pone

2215 5136 2410 5209 velum
2436 5139 2798 5209 etcancellos
2823 5136 3506 5209 loquebantur.Ma1alas,
3531 5143 3566 5209 t.
3601 5137 3666 5192 II.
3693 5136 3866 5209 p.54.

2215 5207 2349 5282 Vid.
2381 5210 2452 5264 ad
2492 5208 2685 5265 Nostri
2719 5228 2774 5281 p.
2807 5206 2932 5277 362,
2957 5219 3011 5265 et
3034 5213 3104 5265 ad
3140 5226 3194 5282 p.
3223 5209 3347 5282 124,
3372 5206 3710 5282 ubidicitur
3739 5206 3867 5263 ἀνά-

2218 5279 2417 5356 φαίνει,
2449 5282 2596 5356 quod
2651 5279 2839 5356 potest
2889 5282 3048 5339 reddi
3085 5297 3099 5337 :
3142 5279 3607 5356 conspiciendam
3635 5295 3698 5356 se
3745 5285 3867 5346 dat,

2219 5353 2275 5408 et
2303 5353 2744 5422 conspiciendum
2801 5355 2893 5408 dat
2948 5357 3182 5410 vultum.
3226 5355 3348 5409 Non
3393 5354 3549 5408 enim
3596 5353 3746 5408 idem
3780 5356 3872 5408 est

2219 5439 2301 5495 se,
2333 5428 2388 5478 et
2444 5423 2662 5479 vultum
2723 5441 2897 5481 suum
2950 5425 3430 5495 conspiciendum
3489 5423 3647 5495 dare.
3700 5423 3869 5479 Prius

2217 5487 2439 5568 absque
2464 5495 2831 5568 revelatione‘
2847 5497 2963 5568 veli
2991 5487 3180 5568 potest
3212 5497 3360 5564 fieri,
3393 5487 3682 5568 nonitem
3719 5511 3864 5568 pos-

2217 5565 2420 5640 terius.
2464 5565 2528 5618 In
2563 5567 2734 5640 priori
2760 5564 2921 5640 olm;
2951 5564 3165 5638 ἑαυτήν,
3208 5568 3268 5624 in
3313 5565 3618 5640 posteriori
3670 5564 3866 5623 solum

2214 5634 2276 5690 τὸ
2307 5633 2601 5710 πρόσωπον
2633 5633 3000 5712 intelligitur.

2216 4637 2354 4708 Step

4172 1165 4180 1648 I
