4180 6304
285 307 393 370 657

365 534 483 602 Τῆς
533 535 810 602 συνήθους
858 533 1041 603 πάσης
1069 531 1270 602 τάξεως
1326 529 1667 606 τελουμένης
1715 537 1811 587 τοῦ
1844 553 1962 587 στε-

305 625 481 699 ψίμου
512 621 567 677 ἐν
613 623 698 694 τῷ
742 620 1006 695 τρικλίνῳ
1047 625 1144 676 τοῦ
1181 619 1542 696 αὖγουστέως,
1573 623 1661 676 καὶ
1706 621 1813 677 ἀπὸ
1854 626 1962 677 τῶν

306 713 478 770 ἐκεῖσε
528 711 670 766 κατὰ
720 711 810 765 τὸν
871 709 1104 774 εἳωθότα
1177 707 1345 765 τόπον
1421 709 1818 782 ὄψικευομένης
1866 717 1966 780 τῆς

304 801 625 878 Αὖγοόστης
677 801 783 854 ὑπὸ
841 799 1020 869 πάσης
1083 805 1184 869 τῆς
1236 797 1572 873 συγκλήτου,
1607 800 1658 853 οἱ
1719 800 1814 872 μὲν
1865 802 1965 868 τῆς

309 889 624 966 συγκλήτου
656 887 970 964 ἐξέρχονται
1006 885 1096 942 διὰ
1144 892 1242 942 τοῦ
1279 888 1518 962 μεγάλου
1563 886 1814 952 πυλῶνος
1869 892 1964 944 τοῦ

308 975 720 1056 τριόουναλίου,
754 978 807 1032 οἱ
865 975 922 1032 δὲ
977 981 1086 1032 τῶν
1138 977 1425 1053 ταγμάτων
1486 979 1747 1053 ἄρχοντες
1775 975 1964 1033 ’ἔσταν-

311 1091 398 1126 ται
433 1070 486 1124 ἐν
517 1072 598 1140 τῷ
629 1066 776 1139 αὐτῷ
804 1061 1197 1141 τριϐουναλίῳ,
1229 1065 1355 1131 ἔνθα
1384 1064 1599 1122 ἵσταται
1630 1069 1656 1121 6
1713 1068 1962 1142 σταυρὸς,

313 1160 385 1215 τά
412 1179 471 1213 τε
519 1164 767 1231 σκῆπτρα
821 1155 910 1210 καὶ
961 1154 1028 1210 τὰ
1085 1155 1252 1211 λοιπᾶ
1300 1157 1462 1225 σκεύη
1525 1158 1658 1228 μετᾶ
1709 1157 1798 1210 καὶ
1855 1162 1961 1211 τῶν

314 1243 716 1322 λαϐοόρων,τᾶ
772 1242 830 1300 δὲ
888 1242 983 1300 δύο
1047 1247 1183 1319 μὲρη
1218 1245 1331 1317 ἅμα
1375 1243 1622 1300 ’ἷστανται
1660 1245 1963 1321 ἔμπροσθεν

311 1342 422 1394 τῶν
454 1339 746 1410 σκήπτρων
795 1333 886 1389 καὶ
947 1338 1146 1388 σκευῶν
1191 1333 1278 1388 καὶ
1330 1332 1562 1408 βάνδων.
1597 1336 1698 1392 Καὶ
1749 1332 1814 1404 δή
1865 1342 1967 1404 τῆς

313 1423 636 1500 Αὖγοόστης
691 1422 1091 1497 ὀψικευομένης
1174 1421 1277 1476 ὑπό
1348 1443 1405 1477 τε
1455 1427 1551 1478 τοῦ
1609 1422 1966 1498 πραιποσίτου

311 1514 404 1570 καὶ
436 1520 537 1583 τῆς
572 1512 776 1580 λοιπῆς
805 1511 1006 1580 τάξεως
1033 1514 1128 1566 τοῦ
1175 1506 1600 1580 κουϐουκλείου,
1634 1513 1724 1566 καὶ
1779 1511 1843 1567 τὸ
1885 1510 1967 1582 ἐξ·

315 1600 494 1667 ελθεῖν
525 1599 692 1670 αὐτὴν
747 1596 839 1653 καί
883 1605 1075 1668 στῆναι
1125 1599 1212 1653 ἐπὶ
1263 1603 1360 1654 τοῦ
1405 1598 1661 1671 ἡλιακοῦ,
1710 1600 1968 1676 κράζουσι

314 1693 380 1749 τὰ
437 1689 534 1746 δύο
593 1693 766 1765 μὲρηο
805 1715 832 1741 ιι
867 1692 1088 1762 “Δγιος,
1122 1684 1306 1763 ἅγιος,
1348 1684 1526 1766 ἅγιος,
1564 1715 1584 1741 ι
1628 1688 1720 1745 καί
1776 1689 1971 1753 εὐθέως

1169 309 1272 370 DE
1316 308 1767 371 CERIMONIIS
1811 308 2045 372 AULIE
2085 307 2567 376 BYZANTIN/E
2607 313 2756 374 LIB.
2801 311 2852 371 Ι.

292 441 637 518 Ἀκτολογία
712 446 819 498 τῶν
881 441 1076 515 δήμων
1145 440 1234 496 ἐπῖ
1320 441 1566 517 στεψίμῳ
1626 442 1964 519 Αὐγούστης.
1999 446 2049 512 Α

3603 317 3723 381 458

2161 449 2493 507 Acclamatio
2521 447 2831 520 factionum
2860 445 2921 502 in
2951 445 3307 504 coronalione
3335 449 3611 522 Augustae.

2143 542 2420 598 Universo
2449 537 2841 595 coronationis
2863 535 3063 592 ordine
3089 533 3149 592 in
3168 535 3423 594 triclinio
3452 543 3718 611 augustei

2075 647 2178 704 pro
2211 646 2367 686 more
2402 633 2652 700 peracto,
2703 626 2842 681 dum
2892 626 3154 696 Augusta
3200 627 3272 682 ab
3320 628 3593 686 universo
3625 647 3721 688 se-

2076 725 2240 785 natu,
2273 723 2337 773 ut
2357 717 2524 786 solet,
2558 716 2791 786 stipata,
2825 713 2962 769 inde
2993 713 3272 784 procedit,
3303 721 3549 774 senatus
3581 721 3722 791 qui-

2074 810 2204 865 dem
2239 823 2340 879 per
2379 822 2650 878 magnam
2685 808 2912 875 portam
2955 803 3268 860 tribunalis
3314 807 3600 876 procedit,
3633 813 3720 866 ta-

2075 903 2342 970 gmatum
2366 901 2557 950 autem
2593 910 2698 949 seu
2729 909 3096 949 numerorum
3140 895 3392 964 praefecti
3425 896 3485 952 in
3517 899 3722 956 eodem

2075 984 2401 1050 tribunalii,
2434 983 2532 1038 ubi
2563 998 2725 1052 crux,
2758 983 2902 1038 l2]
2957 986 3188 1054 sceptra
3216 1000 3282 1039 ac
3327 984 3553 1057 reliqua
3588 1005 3723 1046 vasa

2077 1091 2207 1132 cum
2251 1072 2470 1129 labaris
2500 1075 2680 1135 stant,
2713 1076 2770 1127 et
2812 1077 2948 1126 ante
2977 1077 3228 1142 sceptra,
3259 1090 3397 1130 vasa
3431 1092 3497 1131 ac
3529 1076 3725 1135 banda

2079 1164 2205 1220 dua:
2236 1163 2534 1219 factiones.
2569 1165 2746 1216 Porro
2773 1161 3061 1230 Augusta,
3086 1177 3121 1216 a
3147 1164 3475 1232 praepositis
3506 1171 3564 1222 et
3594 1167 3725 1224 reli-

2079 1255 2211 1326 quis
2265 1251 2534 1308 cubiculo
2567 1248 2832 1320 ascriptis
2863 1248 3072 1311 cincta,
3121 1250 3262 1304 dum
3292 1255 3552 1322 procedit
3578 1265 3632 1312 et
3660 1256 3726 1314 in

2077 1341 2288 1400 solario
2320 1339 2608 1406 subsistit,
2655 1337 2934 1406 factiones
2977 1337 3305 1392 acolamant
3338 1356 3351 1394 :
3387 1362 3412 1392 ι
3446 1343 3722 1414 Sanctus,

2077 1437 2339 1494 sanctus,
2373 1428 2645 1486 sanctus!
2681 1452 2703 1480 ι
2742 1428 3050 1498 statimque
3080 1432 3310 1498 sceptra
3338 1433 3396 1484 et
3426 1447 3563 1487 vasa
3592 1450 3726 1490 cum

2079 1521 2289 1577 bandis
2322 1517 2650 1589 procidunt.
2676 1517 2950 1572 Cantores
2979 1516 3182 1571 dicunt
3216 1533 3230 1571 :
3265 1540 3293 1567 «
3319 1517 3516 1576 Gloria
3549 1522 3606 1576 in
3638 1539 3729 1578 ex-

2079 1609 2248 1666 celsis
2285 1610 2423 1674 Deo,
2463 1612 2519 1662 et
2559 1623 2666 1677 pax
2696 1605 2756 1660 in
2789 1607 2973 1660 terra!
3014 1627 3042 1654 ››
3085 1605 3288 1661 eadem
3332 1609 3586 1678 populus
3618 1615 3724 1667 ter.

2079 1703 2374 1754 Cantores:
2392 1721 2418 1747 ιι
2431 1698 2491 1752 In
2512 1695 2850 1751 hominibus
2863 1693 3205 1748 Christianis
3219 1695 3645 1766 beneplacitum
3663 1699 3678 1756 ι
3695 1722 3724 1752 ››

317 1785 680 1856 προσκυνοῦσι
751 1778 820 1834 τά
874 1798 934 1833 τε
992 1785 1241 1852 σκῆπτρα
1294 1779 1384 1833 καὶ
1444 1778 1606 1849 σκεύη
1670 1781 1803 1852 μετὰ
1858 1783 1966 1834 τῶν

2090 1789 2279 1844 eadem
2315 1785 2701 1858 populus’ter.
2724 1783 2996 1838 Cantores
3030 1799 3044 1837 :
3079 1804 3106 1833 «
3139 1784 3418 1848 Quoniam
3453 1785 3605 1842 Deus
3634 1805 3728 1860 po-

320 1869 551 1946 βάνὸων.
584 1869 690 1928 Καὶ
743 1867 992 1944 λέγουσιν
1027 1868 1078 1922 οἳ
1120 1867 1366 1943 κράκται·
1395 1893 1423 1921 ι‹
1459 1868 1592 1938 Δόξα
1623 1868 1675 1923 ἐν
1729 1867 1972 1942 ὑψίστοις

317 1966 450 2032 Θεῷ,
483 1961 572 2015 καὶ
607 1958 697 2014 ἐπὶ
731 1965 833 2031 γῆς
867 1956 1080 2030 εἷρήνη·
1114 1980 1142 2008 »
1186 1958 1214 2012 6
1249 1957 1376 2018 λαὸς
1423 1956 1482 2011 ἐκ
1507 1956 1693 2032 τρίτου
1739 1958 1968 2030 ὁμοίως.

316 2053 382 2108 Ol.
427 2051 680 2123 κράκται·
718 2070 747 2100 ιι
782 2048 870 2104 Ἐν
897 2046 1207 2120 ἀνθρώποις
1259 2050 1604 2119 Χριστιανῶν
1656 2045 1906 2102 εὐδοκία·
1940 2070 1969 2100 ››

328 2140 354 2192 6
381 2136 512 2199 λαὸς
543 2135 756 2209 ὁμοίως
787 2133 847 2190 ἐκ
889 2135 1092 2210 τρίτου.
1119 2135 1184 2192 Οἱ
1215 2135 1440 2208 κράκται
1469 2155 1480 2167 ·
1526 2161 1552 2187 ιι
1581 2139 1703 2193 ’Ότι
1738 2134 1971 2207 ἠλέησεν

322 2229 350 2281 δ
383 2227 506 2288 Θεὸς
531 2229 620 2282 τὸν
661 2228 793 2284 λαὸν
844 2225 1052 2280 αὐτοῦ’
1089 2248 1117 2278 ››
1173 2225 1200 2279 6
1251 2221 1384 2287 λαὸς
1439 2225 1647 2298 ὁμοίως
1699 2224 1756 2280 ἐκ
1803 2227 1868 2299 γ’.
1897 2223 1968 2282 Οἱ

318 2314 566 2389 κράκταν
603 2339 631 2368 ιι
662 2315 802 2387 Αὕτη
836 2318 870 2384 ἡ
904 2317 1086 2388 ἡμέρα
1117 2311 1326 2387 Κυρῖου
1372 2315 1406 2381 ἡ
1450 2314 1690 2388 μεγάληο
1725 2338 1754 2364 ιι
1788 2315 1815 2368 6
1839 2312 1973 2378 λαὸς

319 2403 382 2458 ἐκ
415 2405 466 2477 γ’
509 2405 733 2476 ὁμοίως.
755 2405 818 2460 Οἱ
844 2404 1104 2477 κράκται·
1143 2425 1167 2456 ιι
1199 2403 1342 2473 Αὕτη
1376 2404 1410 2471 ἡ
1443 2401 1624 2475 ἡμέρα
1668 2409 1770 2471 τῆς
1823 2408 1970 2473 ζωῆς

317 2499 432 2549 τῶν
457 2492 744 2566 Ῥωμαίων
770 2511 781 2525 ·
812 2518 836 2545 ιι
869 2495 896 2547 ὁ
957 2492 1090 2554 λαὸς
1139 2489 1198 2546 ἐκ
1231 2491 1413 2565 τρίτου
1455 2490 1684 2564 ὁμοίως.
1719 2493 1786 2549 Οἱ
1838 2491 1972 2567 κρά-

322 2606 451 2642 κται
479 2604 491 2616 ·
533 2606 560 2638 ι
587 2582 728 2653 Αὕτη
777 2585 810 2652 ἠ
843 2582 992 2658 χαρᾶ
1038 2581 1128 2638 καὶ
1176 2584 1210 2651 ἡ
1264 2579 1391 2652 δόξα
1435 2585 1536 2637 τοῦ
1583 2583 1831 2656 κόσμου’
1879 2608 1906 2636 ››
1943 2585 1971 2638 6

327 2675 467 2736 λαὸς
511 2674 567 2728 ἐκ
592 2675 896 2746 γ’ὁμοίως.
955 2673 1016 2726 Οἱ
1061 2671 1326 2744 κράκται·
1362 2695 1384 2725 ιι
1433 2673 1518 2728 Ἐν
1659 2672 1721 2726 τὸ
1780 2674 1970 2750 στέφος

324 2772 427 2835 τῆς
473 2762 745 2838 βασιλείας
795 2766 864 2836 τῇ
913 2765 1124 2837 κορυφῇ
1171 2783 1266 2816 σου
1313 2760 1476 2834 ἀξίως
1525 2761 1804 2836 περιετὲθη
1832 2783 1908 2815 ἰι
1943 2763 1970 2818 ὁ

323 2855 449 2916 λαός
472 2854 531 2909 ἐκ
568 2854 756 2928 τρίτου
802 2852 1031 2926 ὁμοίως.
1065 2853 1133 2910 Οἱ
1171 2853 1398 2928 κράκται
1433 2869 1446 2882 '
1482 2877 1508 2904 ιι
1544 2852 1680 2922 Δόξα
1730 2858 1847 2926 Θεῷ
1893 2857 1973 2926 τῷ

315 2944 558 3017 Δεσπότῃ
621 2943 880 2998 πάντων·
915 2965 940 2994 ιι
1000 2942 1028 2995 6
1089 2941 1216 3002 λαὸς
1272 2941 1481 3013 ὁμοίως
1533 2939 1590 2994 ἐκ
1645 2941 1851 3017 τρίτου.
1909 2942 1970 2996 Οἱ

314 3034 588 3106 κράκται*
626 3056 653 3083 ιι
700 3033 834 3101 Δόξα
893 3035 971 3102 τῷ
1023 3034 1139 3102 Θεῷ
1196 3035 1275 3102 τῷ
1321 3027 1654 3099 ἆναδείξαντί
1705 3052 1761 3085 σε
1813 3030 1970 3107 βασί⁸

2083 1876 2203 1948 puli
2226 1875 2312 1931 sui
2341 1876 2615 1930 misertus
2640 1879 2757 1938 est;
2785 1894 2811 1920 »
2842 1871 3090 1944 populus
3113 1872 3401 1930 similiter.
3421 1876 3723 1934 Cantores:

2087 1989 2114 2018 «
2141 1966 2270 2021 Hec
2290 1973 2375 2021 est
2400 1981 2610 2031 magna
2631 1964 2757 2017 dies
2778 1961 3034 2029 Domini;
3056 1984 3085 2011 »
3111 1963 3360 2032 populus
3389 1965 3573 2019 eadeu
3616 1971 3723 2022 ter.

2083 2058 2364 2113 Cantores
2398 2070 2411 2110 :
2446 2076 2475 2104 «
2509 2053 2636 2108 Haec
2665 2058 2752 2107 est
2783 2052 2907 2106 dies
2938 2050 3065 2105 vitae
3099 2051 3489 2108 Romanorum
3522 2072 3588 2120 ς»
3625 2073 3725 2128 ρο.

2086 2143 2258 2216 pulus
2289 2143 2487 2198 eadem
2521 2149 2624 2197 ter.
2656 2141 2936 2196 Cantores
2969 2157 2983 2194 :
3017 2162 3045 2189 ιι
3078 2139 3209 2195 Haac
3239 2146 3330 2196 est
3357 2144 3636 2212 gaudium
3671 2149 3729 2201 et

2083 2235 2264 2289 decus
2293 2232 2490 2300 orbis;
2523 2253 2552 2282 »
2588 2229 2836 2302 populus
2868 2231 3065 2284 eadem
3097 2234 3206 2285 ter.
3237 2229 3515 2288 Cantores
3548 2249 3561 2287 :
3595 2256 3623 2284 ιι
3660 2235 3726 2291 In

2085 2340 2199 2394 qua
2247 2338 2460 2378 corona
2503 2319 2662 2392 regni
2710 2324 2809 2374 tuo
2847 2319 3049 2373 vertici
3089 2334 3157 2372 ex
3209 2319 3412 2374 merito
3453 2322 3729 2390 imposita

2083 2420 2212 2479 est;
2243 2436 2263 2462 ι
2298 2411 2552 2484 populus
2583 2411 2787 2466 eadem
2821 2417 2925 2465 ter.
2955 2408 3230 2463 Cantores
3267 2427 3279 2464 :
3313 2431 3340 2459 «
3371 2395 3564 2467 Gloria
3591 2417 3726 2483 Deo,

2085 2502 2347 2559 omnium
2387 2498 2670 2556 Domino]
2723 2521 2752 2550 »
2799 2499 2884 2554 sic
2934 2499 3183 2570 populus
3239 2503 3347 2554 ter.
3399 2501 3725 2557 Cantores:

2083 2614 2112 2644 «
2165 2591 2358 2647 Gloria
2389 2591 2504 2646 Deo
2548 2589 2645 2661 qui
2686 2593 2744 2644 te
2773 2587 3204 2658 imperatricem
3239 2589 3490 2645 ostendit
3523 2607 3536 2657 ;
3573 2612 3601 2640 »
3633 2605 3730 2662 po-

2081 2680 2256 2752 pulus
2285 2683 2489 2736 eadem
2521 2684 2624 2734 ter.
2660 2681 2934 2733 Cantores
2965 2695 2978 2732 :
3017 2700 3045 2727 ιι
3078 2676 3273 2732 Gloria
3303 2677 3440 2749 Deo,
3469 2681 3571 2750 qui
3603 2696 3727 2736 ver-

2084 2770 2255 2825 ticem
2292 2774 2457 2824 tuum
2490 2767 2827 2834 coronavit;
2860 2789 2889 2816 ››
2924 2765 3172 2838 populus
3203 2766 3404 2822 eadem
3438 2774 3542 2822 ter.
3586 2772 3728 2825 Can-

2082 2865 2285 2915 tores:
2331 2882 2358 2908 (ι
2398 2857 2593 2913 Gloria
2655 2859 2787 2919 Deo.
2836 2857 2926 2912 cui
2988 2857 3094 2911 hoc
3140 2857 3215 2910 ita
3269 2860 3456 2914 visum
3507 2859 3662 2926 fuit;
3694 2881 3723 2910 ι»

2084 2950 2338 3022 pOpulus
2355 2950 2556 3004 eadem
2580 2953 2685 3003 ter.
2703 2948 3011 3003 Cantores:
3037 2969 3066 2997 «
3087 2947 3194 3003 Sed
3219 2949 3318 3020 qui
3343 2966 3450 3004 sua
3471 2967 3643 3004 manu
3668 2953 3728 3006 te

2082 3039 2150 3094 N.
2211 3039 2555 3106 coronavit;
2600 3057 2627 3088 ιι
2685 3035 2935 3108 populus
2980 3036 3178 3092 eadem
3231 3045 3337 3092 ter.
3390 3041 3666 3094 Cantores
3710 3056 3725 3094 :

319 3120 550 3177 λισσαν·
586 3146 614 3174 ιι
660 3123 688 3176 6
747 3119 880 3183 λαὸς
937 3119 1146 3191 ὁμοίως
1207 3118 1265 3173 ἐκ
1314 3119 1520 3194 τρίτου.
1583 3120 1650 3177 Οἱ
1707 3119 1962 3194 κράκται·

2090 3149 2107 3178 ;ι
2142 3127 2341 3183 Servet
2372 3131 2427 3183 te
2457 3126 2694 3197 longum
2730 3133 2962 3197 tempus
3005 3126 3062 3180 in
3098 3142 3395 3197 purpura;
3425 3149 3452 3175 υ
3478 3126 3729 3199 populus

326 3233 348 3262 ι
384 3213 520 3282 Δόξα
549 3216 630 3282 τῷ
679 3215 798 3282 Θεῷ
844 3209 923 3282 τῷ
976 3211 1222 3282 στέψαντι
1271 3211 1370 3279 τήν
1425 3211 1668 3286 κορυφήν
1720 3229 1836 3264 σου·
1867 3236 1885 3261 ιι
1941 3211 1969 3264 6

2090 3217 2282 3272 eadem
2317 3220 2425 3270 ter.
2453 3219 2732 3270 Cantores
2769 3238 2783 3270 :
2817 3236 2843 3263 ιι
2881 3214 2940 3268 In
2964 3212 3210 3285 gloriam
3243 3219 3300 3268 et.
3331 3213 3580 3270 salutem
3617 3215 3730 3270 Ro-

317 3301 450 3363 λαὸς
481 3299 698 3373 ὁμοίιος
744 3298 805 3353 ἐκ
840 3299 1050 3372 τρίτου.
1080 3298 1145 3352 Οἱ
1195 3298 1420 3372 κράκται
1444 3309 1456 3328 ·
1487 3321 1516 3349 ‹‹
1550 3297 1684 3366 Δόξα
1731 3303 1848 3370 Θεῷ
1890 3303 1969 3370 τῷ

2090 3320 2392 3360 manorum
2419 3323 2434 3372 ;
2461 3325 2488 3352 ››
2523 3301 2772 3374 populus
2800 3303 3001 3358 eadem
3025 3307 3132 3357 ter.
3157 3302 3470 3359 Cantores:
3497 3326 3526 3354 ιι
3550 3304 3734 3359 Exau-

321 3387 678 3460 εὐδοκήσαντι
711 3386 882 3448 οὕτως
917 3406 929 3419 ·
968 3409 996 3439 ιι
1036 3387 1063 3440 6
1096 3384 1230 3448 λαὸς
1283 3386 1492 3459 ὁμοίως
1547 3383 1607 3441 ἐκ
1663 3384 1869 3459 τρίτου.
1903 3387 1969 3443 O't

2090 3393 2200 3448 dict
2249 3392 2400 3448 Deus
2455 3392 2738 3463 populum
2796 3399 3096 3448 vestrum;
3137 3415 3155 3440 ο
3205 3393 3467 3463 populus
3529 3396 3732 3450 eadem

323 3479 551 3553 κράκται
576 3495 590 3508 ·
628 3501 657 3528 ιι
688 3474 846 3533 Ἀλλ’
876 3477 903 3530 6
935 3472 1128 3549 στὲψας
1174 3495 1233 3530 σε
1263 3475 1289 3529 ὁ
1323 3473 1472 3528 δεῖνα
1519 3473 1858 3549 αὐτοχείρως
1893 3493 1906 3506 ·
1939 3499 1967 3528 ››
2085 3489 2190 3536 ter,

323 3569 352 3623 6
399 3567 535 3629 λαὸς
587 3566 648 3621 ἐκ
703 3567 889 3640 τρίτου
934 3565 1164 3638 ὁμοίως.
1200 3564 1266 3622 Οἱ
1297 3565 1522 3639 κράκται
1557 3584 1569 3598 ο
1607 3588 1635 3616 ι(
1667 3562 1902 3635 Φυλάξει
1935 3587 1992 3620 σε
2063 3569 2141 3631 εἰς
2196 3565 2387 3638 πλήθη
2434 3566 2652 3642 χρόνῶν
2694 3565 2745 3619 ἐν
2790 3569 2858 3638 τῇ
2891 3566 3160 3642 πορφὺρᾳ·
3199 3589 3228 3617 ιι
3268 3566 3296 3619 ὁ
3337 3565 3470 3628 λαὸς
3515 3565 3575 3622 ἐκ
3623 3565 3735 3640 τρί-

322 3681 420 3715 του
467 3657 701 3732 ὁμοίως.
736 3657 804 3715 O't
852 3657 1098 3732 κράκται·
1130 3681 1158 3708 ιι
1195 3655 1288 3717 Εἰς
1327 3652 1481 3727 δόξαν
1541 3657 1627 3710 καὶ
1689 3653 1962 3731 ἀνέγερσιν
2015 3663 2122 3712 τῶν
2190 3658 2503 3731 Ῥωμαίων·
2531 3681 2558 3710 ››
2590 3658 2617 3710 6
2677 3653 2811 3719 λαὸς
2867 3655 3076 3727 ὁμοίως
3133 3653 3192 3710 ἐκ
3228 3656 3294 3730 γ’.
3327 3657 3394 3714 Οἱ
3451 3657 3680 3730 κράκται
3715 3673 3731 3691 ·

331 3774 358 3802 ιι
382 3746 703 3806 Εἶσακοῦσει
748 3749 775 3802 ὁ
807 3747 939 3809 Θεὸς
970 3749 1066 3801 τοῦ
1098 3750 1234 3800 λαοῦ
1268 3745 1418 3818 ὑμῶν
1442 3761 1454 3774 ·
1483 3767 1510 3798 ι
1547 3745 1574 3799 6
1610 3744 1740 3806 λαὸς
1773 3745 1984 3819 ὁμοίως
2013 3744 2074 3801 ἐκ
2099 3747 2309 3823 τρίτου.

653 3835 977 3910 Ἀκτολογία
1010 3834 1085 3897 εἷς
1125 3836 1252 3896 τοὺς
1285 3833 1544 3908 βασιλέας
1575 3834 1641 3890 ⁸9.

396 3931 468 3988 Οἱ
507 3928 736 4002 κράκται
762 3947 774 3959 ·
813 3951 841 3979 ιι
883 3924 1096 3995 Πολλὰ,
1127 3923 1338 3994 πολλὰ,
1388 3922 1576 3980 πολλά
1601 3945 1612 3958 ·
1650 3949 1678 3978 ››
1729 3925 1756 3980 6
1797 3921 1930 3987 λαός
1963 3943 1976 3957 ·

332 4043 360 4073 ιι
393 4017 593 4076 Πολλᾶ
630 4017 720 4088 ἔτη
756 4017 830 4078 εἰς
860 4013 1067 4072 πολλά.
1099 4041 1118 4066 ι
1147 4014 1208 4068 Oi.
1238 4014 1465 4090 κράκται
1491 4033 1503 4047 ο
1546 4039 1573 4067 ιι
1607 4013 1827 4070 Πολλοὶ
1851 4015 1979 4087 ὒμῖν

330 4110 553 4183 χρόνοι,
585 4109 614 4163 6
656 4105 799 4162 δεῖνα
826 4106 916 4161 καὶ
948 4106 975 4160 6
1009 4103 1152 4160 δεῖνα
1181 4103 1580 4179 αὐτοκράτορες
1611 4102 1924 4178 Ῥωμαίων·
1952 4127 1980 4156 ››

320 4197 349 4250 6
381 4196 518 4259 λαός
550 4214 563 4229 ·
600 4219 628 4248 ιι
663 4193 874 4253 Πολλοὶ
919 4195 1048 4268 ὑμῖν
1075 4193 1292 4269 χρόνοι.
1328 4217 1356 4245 ››
1389 4195 1456 4251 Οἱ
1486 4195 1714 4266 κράκται
1741 4213 1753 4227 ·
1780 4218 1808 4246 ι(
1843 4193 1986 4249 Πολ-

316 4283 411 4340 λοὶ
446 4286 578 4359 ὑμῖν
609 4284 824 4360 χρόνοι,
851 4285 902 4340 οἱ
936 4284 1257 4359 θεράποντες
1280 4287 1378 4338 τοῦ
1417 4283 1624 4357 Κυρίου
1649 4302 1661 4315 ·
1690 4306 1718 4334 ››
1751 4284 1779 4337 6
1812 4280 1944 4345 λαός
1969 4303 1984 4319 ο

2501 3835 2838 3894 Acclamalio
2868 3836 2938 3892 ad
2967 3835 3342 3906 imperatores.

2162 3930 2439 3983 Cantores
2475 3943 2488 3980 :
2524 3949 2551 3978 ‹‹
2577 3925 2806 3993 Multos,
2831 3924 3064 3992 multos,
3089 3927 3304 3982 multos
3330 3926 3342 3980 ι
3377 3947 3407 3976 ››
3437 3925 3686 3998 populus
3716 3941 3734 3985 :

2093 4041 2121 4068 «
2165 4017 2367 4073 Multos
2409 4033 2593 4073 annos
2642 4017 2704 4070 in
2747 4014 2987 4072 multos.
3034 4036 3064 4067 ››
3107 4015 3432 4071 Cantores:
3483 4037 3510 4065 «
3542 4016 3739 4088 Longa

2091 4107 2256 4162 vobis
2290 4112 2574 4176 tempora,
2605 4105 2674 4161 N.
2716 4104 2787 4160 N.
2823 4105 3206 4176 imperatores
3236 4104 3630 4161 Romanorum
3660 4103 3672 4156 l
3706 4125 3736 4154 »

2096 4194 2346 4267 populus
2401 4211 2414 4250 :
2462 4218 2490 4245 «
2548 4195 2748 4265 Longa
2793 4194 2955 4249 vobis
2999 4199 3284 4265 tempora.
3336 4215 3366 4244 ››
3414 4192 3734 4250 Cantores:

2101 4308 2128 4336 «
2161 4289 2359 4356 Longa
2385 4285 2548 4340 vobis
2579 4289 2867 4353 tempora,
2891 4283 3038 4338 servi
3069 4282 3340 4340 Domini!
3377 4304 3406 4333 »
3438 4283 3689 4354 pepulus
3723 4298 3737 4337 :

319 4399 348 4428 ιι
371 4373 586 4433 ΙΙοΑλοὶ
619 4374 745 4448 ὑμῖν
770 4371 986 4448 χρόνοι.
1005 4373 1113 4430 “Ol
1135 4372 1382 4448 κράκταιο
1401 4396 1429 4424 ιι
1453 4370 1670 4427 Πολλοὶ
1699 4371 1825 4445 ὑμῖν
1852 4371 1994 4450 χρό-

2105 4395 2132 4422 ‹‹
2167 4374 2365 4444 Longa
2390 4372 2552 4427 vobis
2577 4379 2838 4442 tempora
2861 4372 2874 4425 l
2911 4391 2934 4422 ι
2959 4375 3237 4428 Cantores
3261 4388 3274 4426 :
3311 4393 3339 4422 «
3363 4371 3560 4444 Longa
3580 4370 3744 4427 vobis

325 4486 436 4533 νοι,
485 4467 595 4521 τῶν
650 4465 938 4539 σκήπτρων
986 4463 1021 4531 ἡ
1072 4459 1334 4537 εὒτυχίαο
1369 4485 1398 4513 ››
1431 4462 1459 4516 6
1509 4460 1670 4524 λαός·
1701 4485 1730 4514 ιι
1773 4460 1986 4517 Πολλοὶ

325 4555 456 4629 ὑμῖν
510 4555 728 4629 χρόνοι.
763 4577 791 4605 ιι
825 4553 892 4610 Οἱ
933 4552 1164 4627 κράκται
1191 4571 1204 4585 ·
1242 4575 1271 4604 ιι
1315 4548 1530 4606 Πολλοί
1582 4572 1678 4606 σου
1711 4551 1929 4626 χρόνοι,
1960 4551 1988 4605 6

328 4642 476 4700 δεῖνα
522 4641 779 4720 βασιλεὺς
809 4645 917 4698 τῶν
952 4640 1242 4716 Ῥωμαίων
1267 4647 1282 4673 ⁸
1320 4666 1342 4695 ι
1381 4642 1410 4696 6
1470 4638 1605 4702 λαός
1632 4660 1644 4674 ·
1701 4664 1729 4693 ιι
1779 4639 1990 4696 Πολλοὶ

329 4754 429 4790 σου
450 4732 669 4810 χρόνοι.
705 4756 734 4784 ιι
766 4733 830 4786 Οἱ
859 4732 1087 4806 κράκται
1113 4751 1126 4765 ·
1161 4754 1190 4784 ιι
1222 4729 1438 4786 Πολλοὶ
1489 4731 1617 4803 ὑμῖν
1647 4730 1863 4805 χρόνοι,
1907 4726 1994 4784 δε·-

335 4823 554 4891 σπόται,
587 4823 681 4876 σὺν
730 4825 849 4884 ταῖς
897 4819 1233 4894 Αὐγούσταις
1280 4819 1370 4875 καὶ
1445 4823 1560 4879 τοῖς
1620 4838 1993 4896 πορφυρογεν-

332 4915 523 4984 νήτοις
548 4931 560 4945 ⁸
597 4937 627 4965 ››
660 4913 689 4966 6
721 4909 852 4973 λαός
878 4928 891 4944 ’
930 4934 958 4962 ιι
992 4907 1204 4965 Πολλοὶ
1253 4911 1382 4982 ὓμῖν
1430 4907 1644 4984 χρόνοι.
1678 4932 1706 4960 ››
1747 4909 1814 4965 Οἱ
1861 4910 1994 4984 κρά-

331 5021 453 5056 κται
489 5023 500 5036 ·
537 5023 563 5055 ι
603 4997 760 5057 Ἀλλ’
804 5000 832 5054 6
871 5000 1090 5054 πάντων
1132 4999 1377 5069 [Ιοιητὴς
1418 4997 1508 5053 καὶ
1557 4996 1867 5066 Δεσπότης*
1903 5021 1930 5048 ι)
1966 4999 1994 5050 6

327 5086 465 5150 λαὸς
511 5087 574 5143 ἔκ
621 5087 836 5161 τρίτου.
879 5088 948 5144 Οἱ
1001 5085 1230 5160 κράκται
1264 5106 1278 5120 ·
1315 5109 1342 5136 ιι
1381 5090 1441 5142 '0
1495 5083 1688 5158 στέψας
1736 5084 1875 5158 ὑμᾶς
1921 5088 1991 5158 τῇ

330 5177 495 5233 αὐτοῦ
527 5176 770 5251 παλάμῃ
799 5197 810 5210 ’
848 5200 875 5229 ››
903 5177 930 5230 6
973 5174 1106 5238 λαὸς
1140 5174 1370 5248 ὁμοίως.
1406 5175 1472 5232 Οἱ
1503 5174 1730 5249 κράκται
1757 5194 1767 5205 ·
1803 5199 1830 5225 ιι
1854 5173 1993 5235 Τοὺς

331 5267 572 5340 χρόνους
633 5266 788 5337 ὑμῶν
871 5264 1135 5334 πληθύνει
1198 5263 1289 5319 σὺν
1359 5268 1478 5327 ταῖς
1534 5261 1865 5338 Αὐγούσταις
1903 5261 1994 5316 καὶ

333 5361 452 5418 τοῖς
512 5356 1098 5432 πορφυρογεννήτοιςο
1158 5379 1179 5406 ιι
1237 5354 1264 5407 6
1325 5351 1456 5415 λαὸς
1497 5351 1726 5426 ὁμοίως.
1760 5352 1827 5407 Οἱ
1865 5351 1993 5405 κοά-

2096 4466 2381 4534 tempora,
2412 4461 2659 4516 felicitas
2689 4464 3046 4531 sceptrorum
3074 4460 3138 4515 l-
3169 4461 3418 4532 p0pulus
3451 4479 3463 4516 :
3505 4480 3528 4509 ι
3549 4460 3746 4531 Longa

2097 4550 2261 4607 vobis
2283 4557 2546 4622 tempora
2575 4549 2588 4604 l
2625 4571 2652 4598 »
2677 4548 2955 4604 Cantores
2990 4565 3002 4603 :
3044 4571 3064 4598 ι
3091 4549 3286 4620 Longa
3315 4549 3423 4604 tibi
3453 4553 3740 4622 tempora,

2101 4645 2165 4695 N.
2223 4639 2544 4711 imperator
2592 4637 3020 4694 Romanorum!
3071 4658 3101 4689 ››
3152 4637 3406 4711 populus
3439 4656 3452 4695 :
3485 4660 3515 4689 ιι
3550 4638 3746 4710 Longa

2101 4728 2208 4784 tibi
2242 4727 2539 4800 tempora!
2577 4749 2604 4776 ››
2630 4727 2903 4782 Cantores
2938 4743 2950 4782 :
2986 4749 3013 4775 ‹‹
3048 4726 3245 4798 Longa
3274 4727 3435 4784 vobis
3459 4734 3743 4799 tempora,

2104 4817 2350 4888 domini,
2373 4833 2506 4872 cum
2541 4815 2918 4887 Augustabus
2943 4820 3000 4872 et
3021 4816 3524 4888 porpbyrogenitis
3549 4815 3561 4868 l
3588 4835 3614 4864 ›ι
3643 4830 3748 4884 po-

2104 4907 2281 4979 pulus
2315 4923 2328 4962 :
2363 4929 2390 4956 ‹‹
2426 4906 2620 4978 Longa
2649 4905 2811 4960 vobis
2839 4909 3099 4975 tempore
3129 4904 3141 4958 l
3178 4926 3205 4955 ι)
3239 4905 3550 4959 Cantores:
3587 4923 3614 4949 «
3638 4902 3746 4956 Sed

2104 4995 2370 5052 omnium
2404 4997 2638 5051 Creator
2658 4999 2716 5049 et
2751 4994 3028 5049 Dominus
3052 5011 3065 5061 ;
3090 5016 3117 5044 »
3145 4992 3395 5065 p0pulus
3418 4992 3617 5047 eadem
3641 4995 3748 5047 ter.

2103 5085 2378 5141 Cantores
2413 5101 2426 5140 :
2453 5107 2481 5134 «
2505 5084 2609 5148 Qui
2636 5100 2743 5139 sua
2769 5100 2868 5138 vos
2893 5098 3067 5138 manu
3093 5080 3427 5146 coronavit;
3453 5101 3481 5129 ››
3502 5075 3752 5150 populus

2105 5177 2327 5230 eadem.
2360 5173 2640 5229 Cantores
2665 5189 2679 5228 :
2717 5193 2745 5222 «
2767 5173 3054 5241 Tempora
3082 5174 3273 5224 vestra
3293 5182 3426 5222 cum
3455 5167 3754 5235 Augusta-

2107 5263 2216 5319 bus
2245 5274 2297 5319 et
2331 5261 2837 5335 porphyrogenitis
2861 5255 3105 5330 augeat!
3134 5279 3162 5307 »
3183 5253 3434 5327 populus
3459 5249 3752 5309 similiter.

2107 5353 2262 5409 122
2312 5353 2588 5409 Cantores
2626 5367 2638 5403 :
2670 5372 2697 5400 ιι
2734 5349 2798 5403 In
2830 5349 3144 5420 perfectam
3187 5342 3434 5399 salutem
3469 5341 3757 5396 Romano-

1703 5528 1947 5587 VARLE
1983 5527 2289 5585 LECTION
2299 5528 2402 5583 ES.

409 5669 458 5709 ⁸⁸
486 5669 568 5731 εἷς
616 5670 751 5731 τοὺς
786 5667 1042 5745 βασιλέας
1073 5668 1140 5724 R.
1174 5683 1288 5726 em.
1320 5683 1389 5722 ex
1415 5667 1544 5740 sigl.
1579 5667 1733 5736 cod.,
1767 5665 1844 5725 sic
1876 5661 1974 5730 τὴν
2012 5658 2334 5733 βασίλισσαν
2374 5661 2467 5720 ed.

664 5797 931 5858 Panos.
985 5795 1094 5856 Gs.
1143 5793 1325 5856 CXII.

3373 5773 3447 5832 15
