4152 6302
469 343 586 413 459

1548 333 2088 414 CONSTANTINI
2139 328 2834 400 PORPHYROGENITI

3763 339 3880 404 460

470 499 623 538 rum.
661 504 682 530 ι
726 482 933 536 Postea
982 479 1108 534 dum
1155 477 1432 532 factiones
1481 475 1757 530 accinunt
1789 489 1801 526 :
1836 496 1863 522 «
1900 470 2113 527 Multos

2245 489 2346 523 ιται
2372 485 2384 497 '
2423 493 2448 519 ι(
2489 469 2580 530 Εἰς
2631 466 2838 522 τελείαν
2880 487 3130 522 συστασιν
3187 471 3294 522 τῶν
3335 466 3645 543 Ῥωμαίων.
3687 494 3716 521 υ
3778 472 3877 525 Καὶ

471 586 655 627 annos
701 565 1189 642 imperatoribus!
1225 587 1253 615 »
1303 569 1360 621 et
1391 563 1614 636 reliqua
1645 560 2109 619 acclamationis.

471 657 692 722 Quibus
722 657 996 731 peractis,
1029 656 1217 712 fausta
1243 652 1543 726 apprecati
1573 651 1814 707 abeunt.

1093 924 1326 982 CAPUT
1363 923 1500 981 XLI.

577 1017 920 1076 Observanda
950 1018 1009 1073 in
1039 1017 1292 1088 Augusta:
1322 1013 1677 1071 coronatione
1706 1014 1757 1067 et
1778 1011 2006 1082 nuptiis.

544 1179 585 1233 Ι.
619 1175 806 1232 Pridie
831 1175 1004 1231 unius
1035 1173 1147 1229 diei
1182 1170 1520 1228 mandatum
1553 1170 1626 1224 de
1660 1167 1988 1224 mutatoriis
2020 1167 2120 1223 da-

470 1271 612 1336 tur;
651 1263 915 1336 sequenti
961 1277 1162 1319 omnes
1211 1263 1512 1316 senatores
1555 1259 1751 1313 statim
1798 1256 2120 1328 procedunt

471 1359 777 1426 vestesque
803 1354 866 1410 in
897 1349 1237 1408 consistorio
1270 1351 1522 1415 mutant,
1549 1345 1775 1418 patricii
1809 1361 2042 1418 quoque
2063 1348 2120 1401 et

474 1444 664 1502 caeteri
697 1440 1019 1510 secretarii,
1043 1439 1092 1495 si
1120 1438 1202 1494 ita
1232 1437 1485 1494 dominis
1514 1436 1761 1507 videtur,
1784 1436 1854 1491 ad
1878 1450 2119 1491 auream

476 1549 716 1591 manum
765 1531 1106 1597 ascendunt,
1143 1528 1503 1598 thronosque
1542 1526 1600 1580 in
1633 1528 1918 1597 augusteo
1950 1539 2120 1596 repo-

478 1628 648 1692 nunt,
681 1623 741 1679 in
789 1619 1006 1692 quibus
1045 1616 1278 1674 Domini
1318 1615 1573 1673 coronati
1605 1614 1914 1671 consident
1941 1617 1999 1669 et
2031 1630 2120 1670 se-

480 1713 621 1769 creti
668 1711 795 1767 vela
840 1725 942 1781 pro
995 1724 1151 1764 more
1197 1706 1511 1778 excipiunt.
1563 1703 1846 1760 Universo
1895 1708 2120 1761 secreto

479 1804 722 1868 astante,
768 1796 1209 1854 cerimoniarius
1249 1800 1308 1851 et
1351 1793 1609 1866 quinque
1658 1793 1758 1849 alii
1814 1792 2119 1849 silentiarii

479 1900 608 1965 post
639 1893 927 1948 secretum
961 1889 1033 1944 ab
1076 1893 1320 1958 utroque
1348 1885 1529 1942 latere
1559 1885 1804 1952 intrant,
1838 1884 2126 1957 signoque

480 1983 552 2037 ab
579 1981 932 2053 imperatore
953 1977 1254 2049 praeposito
1280 1976 1437 2041 dato,
1463 1975 1520 2031 S.
1538 1973 1811 2047 Stephani
1836 1973 2124 2044 templum

481 2071 898 2142 ingrediuntur
936 2085 949 2123 :
997 2072 1137 2122 tunc
1196 2063 1527 2137 patriarcha
1571 2064 1910 2129 accersitur,
1946 2066 2007 2118 ut
2052 2063 2124 2117 ad

482 2163 835 2232 augusteum
854 2158 1084 2214 veniat:
1109 2171 1223 2227 quo
1249 2157 1416 2224 facto,
1441 2153 1661 2209 domini
1685 2155 1934 2224 surgunt
1958 2166 2127 2207 eum-

481 2264 591 2321 que
613 2247 960 2318 suscipiunt.
985 2250 1123 2301 Post
1142 2244 1384 2300 thronos
1403 2242 1808 2315 imperatorios
1834 2241 2126 2296 antimen-

481 2337 637 2394 sium
689 2342 822 2405 stat,
855 2337 912 2391 in
963 2352 1078 2406 quo
1119 2334 1381 2404 chlamys
1422 2334 1800 2404 imperatoria
1832 2333 2010 2404 jacet,
2053 2331 2126 2387 ad

482 2427 637 2499 quod
663 2443 795 2482 cum
830 2425 1160 2497 patriarcha
1181 2424 1447 2489 accessit,
1472 2423 1792 2492 imperator
1815 2422 2126 2494 praeposito

489 2518 730 2588 signum
763 2517 878 2584 dat,
898 2522 952 2570 et
971 2514 1194 2568 intrant
1222 2511 1478 2584 episcopi
1498 2516 1555 2566 et
1582 2510 1772 2566 clerus
1794 2511 1995 2566 secreti
2030 2528 2127 2580 pa-

480 2602 831 2668 triarchalis,
855 2607 962 2657 eta
990 2607 1153 2672 tergo
1185 2598 1543 2671 imperatorii
1567 2599 1771 2654 secreti
1805 2600 1873 2653 ad
1907 2599 2128 2669 apsidis

482 2697 703 2765 partem
736 2689 1082 2746 consistunt.
1103 2689 1267 2744 Tunc
1291 2688 1573 2744 mandato
1597 2687 1969 2759 imperatoris
1992 2705 2130 2758 pra-

481 2782 708 2854 positus
735 2782 1078 2854 Augustam,
1116 2783 1323 2851 praeter
1356 2777 1672 2834 matorium
1706 2783 1921 2833 vestem
1956 2779 2132 2832 astri-

484 2879 656 2939 ctam,
698 2886 875 2942 quam
919 2869 1262 2925 sticharium
1301 2869 1740 2939 imperatorium
1773 2873 1998 2939 vocant,
2031 2883 2129 2940 ge-

489 2967 769 3023 stantem,
802 2977 902 3033 per
930 2964 985 3014 Β.
1017 2959 1294 3032 Stephani
1327 2958 1612 3029 porticum
1649 2960 1717 3013 ad
1762 2963 2130 3030 augusteum,

485 3069 620 3108 cum
671 3056 842 3106 antea
871 3049 930 3105 in
979 3048 1245 3105 cubiculo
1277 3048 1537 3103 interiori
1577 3048 1874 3118 octanguli
1907 3047 2129 3116 fuisset,

485 3142 556 3196 ad
598 3139 865 3194 dominos
912 3138 1094 3204 ducit,
1133 3143 1190 3192 et
1229 3137 1422 3192 statim
1467 3136 1802 3208 patriarcha
1843 3152 2038 3207 preces
2071 3137 2130 3192 in

485 3229 852 3299 chlamydem
887 3227 1109 3282 recitat.

2223 557 2327 612 ἂπὸ
2377 555 2583 612 τούτων
2635 556 2942 630 εὐφημοῦσι
2980 557 3047 611 τὰ
3095 553 3189 612 δύο
3245 558 3408 632 μέρη,
3467 557 3560 613 καὶ
3609 557 3880 633 λέγουσι·

2225 673 2251 699 ‹‹
2287 645 2476 702 Πολλά
2532 647 2597 701 τὰ
2652 641 2744 717 ἔτη
2803 651 2909 702 τῶν
2965 646 3270 723 βασιλέων·
3306 670 3337 704 n
3381 650 3471 705 καὶ
3519 648 3587 704 τὰ
3614 650 3738 720 ἑξῆς
3785 654 3885 704 τοῦ

2220 734 2658 810 καταλέγματος.
2719 735 2820 791 Καὶ
2869 736 3002 808 μετά
3051 740 3217 792 ταῦτα
3275 736 3607 815 ἔπεόχονται
3653 738 3746 792 καὶ
3804 735 3883 808 ἐξ»

2227 827 2400 880 ιοῦσιν
2430 824 2495 878 ⁷ο.

2823 916 3078 974 ΚΕΦΛΛ.
3122 917 3264 974 ΜΑ’.

2223 1005 2361 1060 Ὅσα
2421 999 2500 1058 δεῖ
2563 1002 3001 1082 παραφυλάττειν
3068 1005 3157 1082 ἐπὶ
3225 1007 3473 1080 στεψίμῳ
3555 1005 3883 1082 Δῦγούστης

2785 1076 2875 1131 καὶ
2906 1076 3342 1154 στεφανώματοςξ

2296 1166 2374 1221 Α’.
2417 1165 2528 1239 Πρὸ
2595 1170 2721 1237 μιᾶς
2789 1162 2997 1222 δίδοται
3066 1165 3350 1241 ἀπόκρισις
3393 1169 3470 1240 (5)
3530 1164 3880 1241 ἀλλαξίμων,

2225 1253 2315 1308 καὶ
2363 1257 2430 1327 τῇ
2471 1255 2594 1323 ἑξῆς
2639 1255 2833 1330 τάχιον
2885 1255 3252 1332 προέρχονται
3313 1257 3504 1318 πάντες
3539 1257 3588 1310 οἱ
3635 1255 3883 1332 συγκληο

2226 1341 2392 1414 τικοὶ,
2431 1343 2521 1396 καὶ
2563 1342 2934 1398 ἀλλάσσουσιν
2983 1347 3037 1399 ἓν
3088 1350 3168 1418 τῷ
3212 1345 3610 1420 κονσιστωρίῳ,
3643 1346 3734 1399 καὶ
3793 1345 3884 1400 ὅτε

2227 1431 2539 1488 κελεύουσιν
2571 1435 2622 1487 οἱ
2662 1431 2938 1504 δεσπόται,
2974 1432 3293 1509 άνέρχονται
3343 1435 3394 1490 οἱ
3455 1433 3736 1509 πατρίκιοι
3795 1433 3888 1489 καὶ

2231 1523 2281 1578 ol
2331 1523 2523 1578 λοιποὶ
2570 1528 2665 1579 τοῦ
2719 1523 2968 1599 σεκρέτου
3020 1525 3094 1586 εἷς
3140 1527 3240 1594 τήν
3300 1531 3510 1605 χρυσῆν
3568 1531 3754 1600 χεῖρα,
3798 1524 3889 1580 καὶ

2226 1611 2428 1668 τιθέασι
2462 1611 2655 1669 σελλία
2714 1613 2789 1676 εἰς
2844 1614 2935 1670 τὸν
2969 1613 3286 1690 αὐγούστέα,
3320 1616 3408 1670 καὶ
3452 1614 3768 1684 καθέζονται
3831 1615 3891 1668 οἱ

2231 1700 2488 1758 δεσπόται
2531 1700 2872 1776 ἔστεμμὲνοι,
2915 1705 3002 1759 καῖ
3041 1701 3293 1779 δέχονται
3319 1705 3380 1760 τὸ
3422 1704 3669 1779 σέκρετον
3714 1704 3890 1780 βῆλα,

2234 1792 2384 1867 βῆλα
2423 1795 2490 1864 η,
2530 1792 2706 1854 καθὼς
2738 1788 2855 1867 ἔχει
2887 1795 2920 1860 ἡ
2956 1796 3231 1864 συνήθεια.
3274 1794 3380 1851 Καὶ
3430 1796 3562 1868 μετᾶ
3594 1795 3658 1850 τὸ
3690 1803 3887 1865 στῆναι

2231 1882 2291 1934 τὸ
2351 1881 2598 1956 σέκρετον
2643 1878 2796 1954 ὅλον,
2831 1883 3289 1957 συνεισέρχεταιὸ
3351 1891 3450 1953 τῆς
3502 1886 3886 1946 καταστάσεως

2233 1971 2366 2044 μετὰ
2403 1973 2491 2025 καὶ
2523 1970 2712 2026 ἄλλων
2751 1970 2906 2027 πέντε
2939 1970 3315 2048 σιλεντιαρίων
3364 1970 3583 2030 ὄπισθεν
3636 1979 3735 2031 τοῦ
3789 1995 3892 2029 σε-

2228 2061 2420 2138 κρέτου
2498 2057 2642 2117 ἔνθεν
2711 2064 2977 2132 κάκεῖθεν,
3030 2065 3120 2118 καὶ
3197 2065 3340 2120 νεύει
3397 2066 3426 2120 ὁ
3479 2063 3736 2140 βασιλεὺς
3808 2069 3889 2136 τῷ

2231 2153 2601 2227 πραιποσίτῳ,
2631 2153 2720 2207 καὶ
2778 2153 3116 2228 εἲσέρχονται
3175 2154 3248 2216 εἰς
3305 2155 3396 2210 τὸν
3439 2157 3632 2230 ’⁷Αγιον
3679 2155 3893 2232 Στέφα-

2229 2263 2340 2311 νον,
2372 2243 2460 2298 καὶ
2511 2242 2899 2317 προσκαλεῖται
2947 2245 3036 2299 νὸν
3100 2245 3470 2322 πατριάρχην,
3517 2245 3608 2300 καὶ
3665 2244 3887 2321 ἐξέρχε-

2231 2356 2318 2390 ται
2363 2334 2440 2398 εἷς
2504 2337 2595 2390 τὸν
2652 2335 2964 2410 αὖγουστέα,
3020 2337 3111 2392 καί
3190 2338 3324 2410 μετὰ
3378 2337 3441 2392 τὸ
3499 2335 3734 2408 ἐξελθεῖν
3791 2337 3886 2392 τὸν

2232 2426 2579 2504 πατριάρχην
2611 2425 2906 2502 ἐγείρονται
2948 2428 3005 2484 οἶ
3038 2425 3293 2484 δεσπόται
3337 2432 3426 2484 καί
3497 2425 3756 2503 δέχονται
3789 2427 3884 2482 αὐ-

2231 2515 2345 2572 τόν.
2409 2515 2512 2571 Καὶ
2579 2511 2792 2580 ὄπισθεν
2860 2521 2968 2572 τῶν
3040 2516 3339 2592 βασιλικῶν
3380 2515 3615 2572 σελλίων
3665 2514 3890 2572 ’ίσταται

2233 2603 2561 2678 ἀντιμίσιον,
2617 2602 2740 2669 ἔνθα
2818 2611 2992 2660 κεῖται
3050 2609 3083 2676 ἡ
3149 2604 3408 2681 βασιλική
3498 2605 3746 2680 χλαμὺς,
3796 2606 3886 2661 καὶ

2237 2690 2458 2755 στάντος
2511 2696 2608 2747 τοῦ
2653 2692 2998 2771 πατριάρχου
3050 2693 3126 2755 εἷς
3183 2695 3245 2748 τὸ
3287 2692 3612 2766 ἀντιμίσιον,
3662 2694 3810 2748 νεύει
3868 2694 3896 2748 ὁ

2241 2780 2496 2856 βασιλεὺς
2525 2788 2602 2854 τῷ
2650 2791 3017 2856 πραιποσίτῳ,
3048 2783 3138 2838 καὶ
3184 2779 3524 2862 εἰσέρχονται
3571 2784 3624 2838 οἱ
3672 2782 3896 2838 ἐπίσκο-

2237 2891 2330 2925 ποι
2363 2871 2452 2929 καὶ
2485 2873 2512 2926 ὁ
2551 2873 2758 2946 κλῆρος
2811 2877 2908 2926 τοῦ
2957 2874 3210 2947 σεκρέτου
3265 2877 3362 2928 τοῦ
3395 2871 3765 2948 πατριάρχου,
3807 2871 3892 2927 καὶ

2230 2957 2474 3014 Ἱστανται
2511 2956 2728 3015 ὄπισθεν
2757 2965 2853 3016 τοῦ
2889 2959 3176 3037 βασιλικοῦ
3232 2963 3483 3038 σεκρέτου
3543 2961 3632 3016 ἐπὶ
3687 2963 3750 3017 τὸ
3787 2963 3886 3024 τῆς

2241 3047 2435 3122 ἀψίδος
2519 3049 2704 3126 μέρος.
2761 3050 2860 3104 Καὶ
2947 3050 3144 3112 εὐθέως
3219 3052 3360 3106 νεύει
3418 3052 3447 3106 ὁ
3509 3049 3768 3125 βασιλεὺς
3819 3053 3894 3122 τῷ

2239 3137 2604 3213 πραιπόσίτῳ,
2638 3139 2728 3193 καὶ
2778 3139 2980 3214 εἰσάγει
3029 3141 3128 3209 τὴν
3187 3140 3494 3216 Αὐγούσταν
3551 3139 3659 3195 ἀπὸ
3714 3159 3893 3216 ματρο-

2164 3213 2206 3280 C
2245 3227 2387 3304 ρίου,
2420 3233 2686 3306 φοροῦσαν
2737 3230 2826 3285 καὶ
2877 3213 3127 3305 στιχάριν
3192 3213 3499 3306 βασιλίκιον
3545 3232 3645 3304 (6),
3681 3227 3773 3284 διὰ.
3799 3213 3893 3284 τοῦ

487 3314 804 3372 διαϐατικοῦ
841 3320 938 3370 τοῦ
970 3316 1165 3390 Ἀγίου
1196 3313 1467 3392 Στεφάνου
1501 3314 1578 3377 εἲς
1610 3315 1701 3371 τὸν
1735 3314 2054 3389 αὐγουστέα,
2087 3315 2253 3391 οὔσης
2282 3321 2452 3390 αὐτῆς
2485 3319 2560 3383 εἷς
2601 3320 2692 3376 τὸν
2737 3327 2974 3378 κοιτῶνα
3021 3316 3168 3378 ἔνδον
3217 3327 3316 3378 τοῦ
3365 3322 3698 3396 ὀκταγώνου,
3749 3321 3894 3395 πρὸς

487 3409 613 3470 τοὺς
646 3404 933 3474 δεσπότας,
956 3405 1048 3460 καὶ
1074 3405 1272 3470 εὐθέως
1303 3403 1526 3479 ἄρχεται
1563 3406 1590 3459 ὁ
1625 3406 1976 3481 πατριάρχης
2005 3407 2104 3477 τήν
2130 3409 2302 3484 εὐχήν
2338 3409 2417 3473 εἷς
2446 3411 2544 3478 τήν
2576 3408 2862 3486 χλαμύδα.

559 3502 628 3556 ΙΙ.
677 3501 922 3565 Interea,
968 3499 1107 3553 dum
1156 3497 1483 3570 patriarcha
1532 3506 1820 3569 precatur,
1868 3499 2133 3570 Augusta

486 3606 678 3646 cereos
708 3588 908 3654 sumit.
933 3595 987 3642 et
1018 3587 1291 3659 precibus
1325 3587 1527 3655 finitis,
1550 3603 1649 3643 eos
1682 3587 2008 3658 primicerio
2030 3605 2130 3645 seu

491 3678 728 3735 ostiario
761 3677 933 3733 tradit
965 3689 977 3731 :
1011 3676 1230 3732 domini
1263 3677 1573 3732 maforium
1598 3682 1866 3744 Augustas
1898 3683 2136 3747 exuunt,

493 3769 640 3838 quod
665 3765 1014 3822 cubicularii
1037 3773 1279 3822 sumunt
1299 3771 1356 3823 et
1387 3766 1538 3822 circa
1559 3767 1745 3837 ipsam
1762 3767 2134 3838 complicant.

492 3855 830 3912 Patriarcha
867 3872 1000 3912 vero
1049 3855 1416 3929 chlamydem
1464 3855 1722 3910 dominis
1773 3856 1964 3923 tradit,
2024 3875 2138 3928 qua

494 3947 696 4002 statim
727 3947 1052 4015 Augustam
1087 3947 1359 4012 induunt,
1385 3944 1611 4015 ipsique
1644 3943 1836 3999 ﬁbulis
1859 3959 1978 3998 eam
2007 3961 2138 4001 con-

495 4040 777 4102 nectunt;
819 4037 912 4091 hic
951 4035 1100 4089 123
1134 4050 1342 4089 rursus
1383 4049 1561 4103 super
1607 4048 1820 4087 corona
1867 4033 2140 4104 vittisque

495 4129 786 4194 precatur,
815 4123 1111 4193 ﬁnitisque
1134 4121 1430 4191 precibus,
1453 4135 1728 4174 coronam
1754 4120 2007 4175 dominis
2027 4127 2139 4176 tra-

495 4213 599 4280 dit,
634 4213 734 4285 qui
781 4213 970 4284 ipsam
1021 4209 1194 4281 capiti
1238 4211 1518 4279 Augustae
1560 4208 1892 4277 imponunt.
1927 4210 2138 4266 Eodem

497 4303 668 4357 modo
700 4300 1029 4373 patriarcha
1058 4298 1200 4369 ipsis
1229 4301 1410 4352 vtttas
1437 4297 1556 4367 dat,
1591 4313 1738 4368 quas
1778 4313 1999 4354 coronae
2023 4299 2143 4355 Au-

496 4397 675 4460 gustae
696 4389 1067 4461 appendunt;
1087 4402 1219 4442 mox
1242 4386 1572 4459 patriarcha
1585 4386 1642 4442 S.
1662 4385 1942 4459 Stephani
1963 4389 2141 4444 eadem

2314 3503 2386 3557 B'.
2422 3503 2526 3556 Καὶ
2558 3501 2646 3557 ὅτε
2675 3504 2709 3571 ἡ
2749 3502 2886 3581 εὐχὴ
2940 3504 3086 3578 παρὰ
3130 3507 3227 3558 τοῦ
3258 3503 3605 3579 πατριάρχου
3635 3499 3899 3572 τελεῖται,

2245 3585 2512 3662 λαμϐάνει
2543 3593 2576 3659 ἡ
2609 3590 2894 3666 Αὐγούστα
2931 3594 3162 3668 κηροὺς,
3209 3593 3298 3648 καὶ
3354 3590 3756 3666 πληρωθείσης
3802 3596 3901 3660 τῆς

2245 3679 2418 3754 εὐχῆς
2467 3678 2750 3735 ἐπιδίδωσι
2791 3681 2916 3744 τοὺς
2972 3680 3177 3756 κηροὺς
3229 3686 3310 3753 τῷ
3373 3680 3729 3756 πριμικηρίῳ
3792 3677 3898 3736 εἴτε

2243 3770 2322 3838 τῷ
2355 3766 2635 3842 όστιαρίῳ,
2669 3767 2758 3823 καὶ
2801 3768 3267 3839 άποσκεπάζουσιν
3310 3771 3388 3843 (7)
3428 3769 3482 3824 οἱ
3528 3765 3786 3823 δεσπόται
3841 3767 3901 3822 τὸ

2251 3855 2517 3932 μαφόριον
2575 3864 2676 3927 τῆς
2717 3856 3054 3931 Αὖγούστης,
3087 3859 3175 3914 καὶ
3248 3852 3622 3931 λαμϐάνουσιν
3664 3855 3800 3911 αὐτὸ
3851 3855 3902 3910 οἱ

2245 3941 2694 4020 κουϐικουλάριοι
2736 3945 3042 4010 ἁπλοῦντες
3110 3951 3192 4021 (8)
3251 3947 3380 4002 αὐτὸ
3430 3945 3655 4024 γύροθεν
3707 3945 3898 4015 αὐτῆς.

2249 4035 2345 4088 Καὶ
2387 4030 2654 4108 λαμϐάνει
2698 4035 2725 4088 ὁ
2785 4036 3136 4114 πατριάρχης
3186 4037 3285 4106 τὴν
3344 4032 3608 4112 χλαμύδα
3641 4034 3731 4090 καὶ
3792 4034 3906 4089 ἐπι.

2249 4119 2438 4177 δίδωσι
2492 4127 2609 4185 τοῖς
2668 4120 2971 4193 δεσπόταις,
3027 4125 3117 4179 καὶ
3175 4124 3369 4187 εὐθέως
3427 4124 3789 4198 περιτιθέασιν
3853 4125 3905 4178 οἱ

2249 4206 2503 4266 δεσπόται
2534 4213 2631 4280 τὴν
2667 4210 2930 4287 χλαμύδα
2959 4217 3027 4289 τῇ
3079 4213 3396 4289 Αὐγούστῃ,
3429 4214 3518 4269 καὶ
3581 4207 3900 4288 φιὸλώνουο

2250 4320 2330 4354 σιν
2381 4299 2550 4370 αὐτὴν
2585 4301 2635 4355 οἱ
2694 4301 2870 4374 αὐτοὶ,
2901 4304 2992 4357 καὶ
3049 4300 3213 4358 πάλιν
3268 4307 3418 4358 ποιεῖ
3468 4300 3637 4377 εὐχήν
3681 4299 3772 4356 ἐπὶ
3811 4303 3908 4355 τοῦ

2251 4388 2560 4462 στέμματος
2605 4390 2693 4444 καὶ
2724 4394 2832 4446 τῶν
2871 4389 3309 4468 πρεπενδουλίων
3339 4393 3438 4464 (9),
3471 4388 3563 4448 καὶ
3613 4389 3704 4444 ὅτε
3754 4389 3907 4461 πλη-

1862 4495 2104 4552 νΑΗΙᾹί
2144 4497 2556 4555 LECTXONES.

565 4564 615 4601 ³-³
646 4565 847 4636 ἐξίασιν
878 4568 967 4625 ed.
1047 4569 1090 4606 τι
1127 4564 1272 4643 βῆλα
1305 4584 1422 4625 om.
1455 4568 1549 4623 ad.

1520 4659 1718 4714 JOAN.
1762 4657 1909 4714 JAC.
1954 4659 2213 4716 REISKII
2253 4661 2841 4720 COMMENTARIUS.

570 4767 646 4839 (5)
695 4768 796 4842 E_st
841 4767 1124 4842 ἀπόκρισις
1176 4771 1365 4826 omnis
1430 4767 1778 4836 enuntiatio,
1820 4768 2130 4842 declaratis

2247 4773 2324 4828 De
2363 4772 2471 4829 hac
2511 4776 2904 4832 contractione
2933 4773 3362 4832 terminationis
3396 4794 3476 4829 ιον
3520 4775 3578 4831 ἱη

503 4856 615 4893 suae
653 4840 993 4912 voluntatis,
1035 4858 1318 4898 sensuum
1351 4859 1608 4907 suorum,
1663 4841 1832 4912 quasi
1867 4844 2132 4912 secretio,

498 4911 913 4985 eil‘pu_sio_animi
941 4913 1070 4981 sui;
1107 4913 1242 4969 hinc
1275 4913 1636 4968 mandatum.
1663 4911 1806 4968 Hinc
1832 4912 1969 4967 dicti
2004 4911 2133 4985 apo-

498 4981 767 5054 crisiarii,
809 4984 904 5054 qui
945 4985 1256 5054 apocrises,
1303 4985 1573 5039 mandata
1613 4985 1912 5054 perferunt
1950 4993 2003 5039 et
2041 4981 2134 5040 re-

500 5053 796 5117 nuntiant,
827 5053 995 5110 itam
1027 5055 1330 5126 illiusqui
1387 5055 1582 5121 mittit,
1616 5053 1806 5124 quam
1855 5054 2018 5111 illius
2062 5057 2134 5111 ad

497 5127 1046 5198 querumittuntur.
1092 5128 1137 5180 A
1185 5125 1378 5182 Graeco
1413 5126 1516 5180 hoc
1547 5125 1824 5181 vocabulo
1863 5128 2134 5198 manavit,

497 5196 651 5264 quod
688 5196 870 5250 Latini
919 5198 1215 5267 sequiores
1247 5212 1498 5264 respolisa
1544 5213 1645 5268 pro
1677 5196 2134 5268 negotiis,icom§

499 5267 874 5338 missionibus
933 5277 1235 5338 usurpant.
1285 5267 1555 5323 Chronic;
1611 5267 1837 5321 Cassia.
1891 5267 1982 5333 IV,
2015 5271 2132 5326 66:

499 5341 690 5396 Petrus
735 5337 1023 5405 diaconus,
1071 5337 1172 5410 pro
1220 5355 1491 5410 responsis
1541 5339 2138 5410 Gasinensisrcwnobir

499 5410 911 5477 apocrisiarius,
978 5409 1422 5465 ad'Lotharium
1479 5409 1575 5466 HI
1627 5409 1996 5480 Romasjmp.
2056 5412 2139 5467 di-

497 5475 697 5532 rectus.
730 5481 1030 5550 Significat
1067 5481 1244 5550 igitur
1274 5483 1451 5538 dictio
1482 5487 1680 5537 nostra
1718 5497 1731 5534 :
1767 5475 1976 5534 δίδοται
2009 5481 2141 5536 ἀπό-

496 5565 670 5626 κρισις
717 5547 1065 5626 ᾀλλαξίμων,
1093 5547 1348 5608 ’θάαηιαν
1377 5553 1650 5626 mandata
1702 5566 1805 5608 seu
1843 5551 2136 5625 signiﬁca-

505 5619 673 5672 tiones
702 5619 767 5673 de
797 5619 1091 5678 induendis
1118 5624 1453 5680 mutatoriis.

571 5687 647 5757 (6)
702 5689 778 5744 Μ.
835 5709 1080 5769 στιχαριν
1145 5692 1458 5771 βασιλίκην,
1519 5696 1578 5750 id
1629 5697 1740 5766 est,
1802 5693 2134 5770 βασιλίκιον.

3628 4795 3694 4845 ην
3729 4780 3789 4832 et
3822 4793 3906 4834 ιος

2246 4845 2305 4918 in
2363 4865 2432 4912 ης
2486 4845 2622 4902 alibi
2679 4849 2808 4918 dico
2858 4853 2914 4903 et
2974 4847 3249 4918 stichario
3307 4847 3402 4902 ad.
3457 4864 3514 4918 p.
3562 4849 3689 4913 256.
3742 4846 3914 4905 Talis

2247 4917 2542 4992 Γοιξςῃαθει
2569 4917 2919 4992 καισαρίκην,
2961 4915 3325 4992 σπαθαρίκην,
3358 4915 3470 4977 etc;

2316 4989 2392 5058 (7)
2410 4990 2675 5062 Apparet
2715 4989 2874 5060 hinc,
2908 4989 3277 5062 maphorium
3312 4989 3502 5060 caput
3529 4990 3720 5062 ipsum
3754 5005 3906 5061 quo-

2247 5075 2359 5129 que
2406 5060 2734 5132 invulvisse,
2766 5061 2923 5132 quod
2969 5060 3085 5116 alio
3112 5060 3236 5117 loco
3268 5077 3500 5132 quoque
3531 5060 3907 5117 demonstra-

2249 5147 2402 5204 mus.
2445 5131 2589 5187 Nam
2625 5131 2905 5201 σκεπάζειν
2957 5132 3030 5188 de
3058 5131 3326 5191 vestibule
3359 5131 3420 5188 in
3448 5133 3639 5204 specie
3685 5132 3910 5187 dicitur

2247 5202 2387 5270 illis,
2421 5220 2547 5276 quae
2579 5209 2677 5259 aut
2706 5207 2896 5261 solum
2929 5208 3125 5274 caput,
3165 5210 3268 5260 aut
3297 5205 3406 5261 hoc
3435 5202 3637 5276 ipsum
3668 5217 3906 5275 quoque

2247 5289 2380 5347 cum
2413 5274 2544 5330 aliis
2576 5277 2857 5332 membris
2881 5280 3112 5347 tegunt.

2318 5346 2395 5417 (8)
2450 5347 2750 5420 Explicant
2786 5344 3153 5420 mapliorium
3195 5351 3468 5420 Augustae
3503 5350 3559 5402 et
3591 5344 3746 5420 velut
3775 5361 3914 5400 cor-

2249 5416 2432 5490 tinam
2466 5416 2579 5490 ipsi
2613 5416 3002 5490 praetendunt,
3031 5434 3101 5490 ne
3131 5435 3166 5473 a
3195 5416 3721 5490 barbatoquodam
3759 5431 3912 5488 pre-

2247 5492 2337 5570 ter
2383 5488 2802 5570 imperatorem
2833 5496 2891 5547 et
2920 5489 3312 5563 patriarcbam
3344 5488 3501 5545 nudo
3541 5489 3731 5560 capite
3761 5502 3914 5543 con-

2250 5559 2594 5630 spiciantur.

2321 5629 2398 5701 (9)
2459 5632 3050 5707 Putouprtependulia
3088 5629 3264 5707 idem
3318 5635 3498 5707 atque
3540 5631 3606 5683 τὰ
3644 5627 3898 5707 διατάσεις

2250 5699 2347 5756 στα
2378 5699 2553 5778 esse,
2585 5699 2683 5763 ma
2712 5699 2815 5763 ill'a
2853 5703 3298 5781 margaritarum
3344 5699 3415 5760 ef
3457 5699 3904 5774 stemmatibus,
