4180 6304
353 306 469 369 463

1204 306 1304 367 DE
1345 302 1794 368 CERIMONIIS
1842 302 2069 366 AULZE
2112 297 2580 364 BYZANTINAE
2623 301 2768 365 LIB.
2819 301 2906 365 I.‘

3645 305 3763 364 εει

354 451 414 507 in
446 451 676 510 dicione
708 447 1001 520 subsistit,
1040 451 1338 504 senatores
1380 462 1514 504 vero
1563 462 1680 500 una
1727 459 1858 502 cum
1890 460 1990 516 pa-
2025 502 2028 510 γ

2112 439 2388 514 Λύγούστα
2448 439 2522 502 εἲς
2568 440 2632 495 τὸ
2692 438 3030 513 δικιόνιονπ,
3061 441 3150 496 καὶ
3191 439 3478 498 πίπτουσιν
3531 443 3584 497 οἱ
3632 463 3764 515 συγ·

353 540 540 596 triciis
572 538 995 611 adorant,ipsis
1009 535 1536 611 quesurgentibus,
1553 533 1900 606 praepositus
1925 531 1998 588 si-

353 628 626 685 lentiario
653 629 888 699 signum
911 629 1032 695 dat,
1068 631 1124 682 et
1169 624 1311 680 dicit
1345 640 1357 678 :
1391 646 1419 675 «
1452 623 1686 691 Jubete,
1731 644 1758 673 ››
1808 620 1998 678 caeteri

355 735 459 791 pro
482 734 640 775 more
688 717 1033 774 acclamant.
1069 717 1222 771 124
1260 716 1397 771 Inde
1454 719 1697 770 senatus
1727 713 1996 780 discedit,

355 813 412 864 et
431 825 534 879 per
552 808 802 862 mediam
832 804 1147 861 tribunalis
1171 812 1395 876 portam
1420 820 1788 875 progressus,
1811 802 1872 858 in
1898 820 1996 857 su-

354 897 557 968 periori
592 895 759 952 scalae
793 901 954 966 parte
985 897 1054 950 ab
1089 900 1335 966 utroque
1389 895 1586 961 latere,
1640 897 1704 947 ut
1733 892 1794 947 in
1827 893 1998 948 obse-

351 985 506 1057 quio,
537 988 705 1052 astat,
757 989 1099 1040 ceterorum
1130 999 1261 1038 vero
1319 983 1648 1039 ofﬁciorum
1709 981 2000 1052 principes

353 1073 427 1130 ad
483 1073 622 1129 item
656 1073 928 1143 tribunal,
973 1072 1072 1128 ubi
1104 1087 1267 1140 crux,
1318 1076 1570 1141 sceptra,
1621 1068 1820 1124 labare
1867 1082 2000 1123 cum

353 1163 578 1219 caeteris
606 1163 782 1229 vasis,
816 1162 1046 1217 duabus
1081 1160 1430 1217 factionibus
1461 1175 1528 1214 ac
1558 1157 1714 1214 omni
1775 1157 2003 1228 reliqua

356 1255 528 1310 turba
559 1254 1200 1325 adsunt,descendunt,
1232 1251 1488 1324 praefecti
1505 1255 1828 1307 turmarum
1861 1266 2000 1306 suae

361 1343 643 1400 stationes
674 1349 808 1399 ante
840 1359 974 1398 vasa
1021 1345 1332 1413 occupant.
1369 1343 1634 1412 Dumque
1676 1343 1914 1396 senatus
1945 1342 2002 1395 et

354 1432 590 1505 patricii
638 1431 856 1499 egressi
897 1434 1116 1499 astant,
1175 1433 1439 1502 Augusta
1493 1448 1525 1485 a
1583 1428 1889 1500 praeposito
1947 1436 2001 1484 et

355 1520 688 1592 primicerio
711 1521 983 1588 adducta,
1008 1523 1320 1590 comparet,
1354 1519 1540 1590 eique.
1575 1519 1634 1573 in
1668 1517 1860 1573 medio
1900 1533 1999 1572 εο-

354 1610 500 1666 lario
515 1609 753 1675 astanti,
783 1609 1058 1664 factiones
1078 1608 1341 1664 etomnis
1360 1606 1608 1678 populus
1630 1606 1957 1663 acclamant
1983 1621 1996 1662 :

357 1722 383 1749 ‹‹
413 1699 682 1765 Sanctus,
705 1701 1216 1764 sanctus,sanctus
1244 1697 1257 1752 ι
1291 1695 1562 1752 Gloriain
1585 1693 1824 1752 excelsis
1857 1696 1998 1760 Deo,

2106 528 2363 599 κλητικοὶ
2394 528 2507 603 ἅμα
2558 533 2674 592 τοῖς
2726 529 3060 606 πατρικίοις,
3120 531 3210 586 καὶ
3272 529 3612 587 ἀναστάντων
3663 533 3764 587 αὖ·

2107 623 2238 687 τῶν,
2270 619 2408 674 νεύει
2442 620 2469 672 6
2513 618 2874 694 πραιπόσιτος
2911 623 2990 692 τῷ
3037 619 3409 696 σιλεντιαρίῳ,
3440 622 3528 676 καὶ
3586 621 3759 698 λέγει·

2109 731 2137 760 ‹‹
2208 707 2533 777 Κελεύσατε,
2595 733 2624 761 ››
2684 707 2774 763 καί
2843 709 3192 784 ἐπεύχονται.
3251 711 3352 766 Καὶ
3420 711 3669 765 ἄποκινεῖ
3725 712 3762 778 ἡ

2107 797 2412 873 σύγκλητος
2443 799 2514 866 7‘,
2558 797 2647 853 καὶ
2696 797 2969 877 ἐξέρχεται
3012 795 3102 854 διὰ
3137 804 3234 855 τοῦ
3291 799 3458 872 μέσου
3502 803 3765 861 πυλῶνος

2103 891 2200 941 τοῦ
2231 881 2626 963 τριϐουναλίου
2655 884 2801 943 ἔνθεν
2835 889 3075 944 κάκεῖθεν
3108 889 3183 951 εἰς
3218 890 3318 958 τὴν
3360 886 3606 963 κεφαλὴν
3651 889 3763 943 τῶν

2108 979 2349 1052 βάθρων,
2390 979 2569 1042 καθὼς
2619 978 2982 1052 ὀψικεύουσιν·
3041 980 3093 1033 οἱ
3143 976 3198 1033 δὲ
3248 976 3433 1034 λοιποὶ
3497 975 3763 1055 ἄρχοντες

2105 1070 2212 1120 τῶν
2244 1067 2538 1141 ταγμάτων
2569 1066 2929 1141 κατέρχονται
2960 1065 3011 1122 ἓν
3051 1071 3130 1140 τῷ
3169 1066 3314 1140 αὐτῷ
3367 1063 3762 1143 τριεουναλίῳ,

2108 1152 2231 1210 ἔνθα
2255 1152 2471 1211 ’ίσταται
2503 1157 2531 1210 ὁ
2581 1157 2808 1230 σταυρὸς
2837 1157 2929 1211 καὶ
2967 1157 3036 1211 τὰ
3089 1160 3363 1231 σκῆπτρα,
3407 1153 3656 1230 λείϐουρά
3705 1178 3764 1213 τε

2108 1239 2221 1316 ἅμα
2269 1243 2359 1298 καὶ
2424 1249 2531 1299 τῶν
2596 1244 2809 1300 λοιπῶν
2880 1249 3105 1313 σκευῶν,
3147 1248 3214 1301 τὰ
3245 1243 3301 1300 δὲ
3347 1243 3442 1301 δύο
3506 1247 3644 1320 μὲρη
3706 1245 3764 1301 ἐν

2104 1335 2184 1402 τῷ
2216 1333 2350 1405 ἅμα,
2376 1334 2464 1387 καὶ
2495 1333 2555 1387 τὸ
2597 1333 2792 1389 λοιπὸν
2827 1335 2966 1388 ἃπαν
2996 1338 3093 1389 τοῦ
3125 1333 3260 1390 λαοῦ
3312 1334 3402 1389 καὶ
3443 1335 3495 1390 o't
3553 1333 3763 1410 ἄρχον-

2106 1441 2194 1482 τες
2248 1426 2356 1476 τῶν
2411 1425 2706 1498 ταγμάτων
2737 1422 2983 1479 ’ίστανται
3039 1421 3342 1499 ἔμπροσθεν
3387 1429 3495 1479 τῶν
3555 1427 3762 1479 σκευῶν

2107 1510 2184 1575 εἷς
2213 1512 2338 1574 τοὺς
2370 1511 2571 1576 τόπους
2599 1511 2798 1568 αὐτῶν.
2846 1510 2951 1568 Καί
3001 1509 3090 1567 ὅτε
3128 1511 3315 1587 ἐξέλθῃ
3355 1515 3389 1582 ἡ
3451 1511 3764 1588 σύγκλητος

2105 1601 2223 1674 ’ἅμα
2260 1606 2377 1666 τοῖς
2423 1601 2731 1678 πατρικίοις
2789 1603 2878 1656 καὶ
2941 1607 3160 1674 στῶσιν,
3221 1602 3500 1679 ἀναφαίνει
3552 1605 3666 1677 (11)
3723 1605 3760 1672 ἡ

2106 1690 2420 1766 Αύγούστα,
2497 1689 2846 1767 ὁδηγουμένη
2905 1691 3008 1747 ὑπὸ
3062 1696 3159 1746 τοῦ
3225 1693 3589 1768 πραιποσίτου
3668 1692 3762 1747 καὶ

355 1804 467 1860 pax
494 1787 556 1842 in
587 1791 743 1842 terra
767 1785 779 1840 Ι
807 1806 833 1836 ››
859 1786 1330 1841 recitantdeinde
1361 1785 1643 1842 factiones
1673 1785 1878 1841 laudes
1911 1802 2000 1842 co-

2112 1784 2502 1858 πριμικηρίου,
2555 1782 2642 1837 καὶ
2694 1785 2896 1853 στάσης
2965 1781 3134 1852 αὐτῆς
3201 1781 3277 1844 εἰς
3320 1784 3420 1853 τήν
3474 1783 3643 1856 μὲσην
3663 1787 3762 1838 τοῦ

355 1877 646 1934 ronationi
679 1881 863 1946 aptas.
891 1875 1206 1947 Postquam
1228 1877 1490 1947 Augusta
1519 1892 1549 1932 e
1580 1875 1771 1931 modio
1791 1874 2001 1931 solario

356 1967 618 2034 excessit,
653 1966 724 2021 ad
759 1965 983 2021 medios
1042 1965 1332 2021 cancellos
1365 1965 1656 2033 subsistit,
1689 1964 1788 2020 ubi
1822 1966 2001 2020 ostia-

356 2056 484 2112 rius
514 2057 661 2111 duos
686 2055 794 2126 ipsi
829 2070 1024 2110 cereos
1055 2054 1254 2121 tradit,
1280 2071 1426 2126 quos
1458 2071 1636 2110 manu
1669 2057 1895 2121 tenens,
1928 2053 2000 2108 ad

357 2161 590 2200 crucem
623 2145 866 2210 adorat;
915 2160 1031 2214 quo
1088 2142 1263 2211 facto,
1299 2159 1589 2214 proceres,
1612 2159 1751 2198 vasa
1781 2142 1996 2211 omnia,

358 2238 609 2304 sceptra,
635 2233 832 2286 labara
855 2236 913 2286 et
943 2231 1167 2302 reliqua
1188 2231 1249 2287 in
1281 2248 1469 2304 genua
1499 2231 1908 2303 procumbunt,
1945 2235 1999 2289 et

356 2325 544 2393 ipsam
588 2325 958 2378 venerantur.

2111 1871 2371 1942 ἡλιακοῦ,
2413 1869 2768 1943 ἁνακράζουσι
2807 1870 2874 1925 τὰ
2931 1867 3069 1945 μέρη
3120 1871 3207 1926 καὶ
3251 1866 3388 1925 ἅπαν
3445 1876 3541 1926 τοῦ
3601 1869 3760 1926 λαοῦ·

2111 1960 2387 2034 ‹‹’Λγιος,
2444 1960 2620 2036 ἅγιος,
2682 1960 2856 2035 ἅγιος·
2921 1958 3046 2031 δόξα
3107 1959 3158 2016 ἐν
3222 1961 3468 2034 ὑψίστοις
3500 1965 3638 2034 Θεῷ,
3669 1961 3762 2016 καὶ

2111 2046 2199 2103 ἒπὶ
2249 2055 2354 2122 γῆς
2411 2048 2676 2124 εἰρήνη,››
2738 2049 2827 2103 καὶ
2867 2047 3235 2124 ἀκτολογοῦσι
3274 2051 3339 2106 τὰ
3391 2051 3528 2124 μέρη
3577 2052 3644 2105 τᾶ
3681 2054 3763 2122 τῷ

2110 2137 2358 2213 στεψίμῳ
2393 2138 2724 2212 ἁρμόζοντα.
2777 2139 2874 2194 Καὶ
2923 2139 3171 2195 ἀποκινεῖ
3227 2143 3262 2210 ἡ
3307 2139 3595 2216 Αύγούστα
3653 2139 3761 2196 ἀπὸ

2107 2231 2207 2299 τήν
2231 2230 2277 2266 ⁷⁸
2307 2230 2477 2304 μέσην
2513 2231 2628 2303 (12)
2657 2233 2754 2285 τοῦ
2795 2230 3052 2300 ἡλιακοῦ,
3082 2231 3172 2286 καὶ
3214 2229 3303 2286 ὅτε
3331 2230 3541 2302 ἆπὲλθη
3577 2231 3656 2293 εἰς
3700 2231 3765 2287 τὸ

2111 2320 2273 2392 μέσον
2319 2317 2607 2393 κάγκελον.
2652 2316 2934 2394 ’ίσταυρὸν,
2980 2319 3070 2374 καὶ
3129 2317 3444 2376 ὲπιδίδωσιν
3493 2321 3521 2375 ὁ
3580 2321 3768 2375 ἀστιά-

361 2431 475 2486 ριος
531 2411 693 2482 ζυγήν
738 2409 943 2480 κηροὺς
998 2409 1089 2462 καὶ
1145 2401 1390 2462 λαϐοῦσα
1446 2407 1573 2469 τοὺς
1638 2407 1843 2481 κηροὺς
1898 2410 2050 2463 ποιεῖ
2073 2409 2440 2484 προσκύνησιν
2496 2407 2582 2463 ἐπὶ
2641 2409 2731 2464 τὸν
2782 2409 3031 2485 σταυρὸν,
3083 2410 3172 2465 καὶ
3231 2409 3426 2474 εύθέως
3474 2409 3769 2468 πίπτουσιν

361 2502 412 2554 οἱ
443 2499 703 2572 ἄρχοντες
732 2497 821 2551 καὶ
846 2502 1237 2570 προσκυνοῦσιν
1282 2497 1447 2567 αὐτὴν
1489 2497 1579 2552 καὶ
1609 2498 1675 2552 τὰ
1705 2497 1867 2568 σκεύη
1901 2500 2096 2571 πάντα,
2117 2506 2389 2575 σκῆπτρα,
2423 2494 2668 2576 λάϐουρα
2687 2505 2778 2556 καί
2804 2501 2870 2556 τὰ
2899 2502 3088 2558 λοιπά.

430 2591 524 2644 IV.
602 2589 924 2652 Postremo,
975 2587 1120 2642 actis
1161 2587 1626 2659 inaugurationis
1675 2587 2006 2659 completis,

361 2685 665 2749 postquam
718 2674 996 2731 factiones
1043 2683 1282 2747 precatae
1313 2681 1487 2732 sunt:
1525 2700 1553 2726 «
1583 2676 1848 2748 Regnum
1879 2677 2005 2747 hoc,

361 2765 538 2831 Deus,
559 2766 727 2819 firma
740 2769 797 2819 et
818 2764 1068 2832 custodi,
1090 2786 1117 2814 »
1134 2768 1272 2820 tunc
1296 2764 1614 2821 triclinium
1628 2764 1759 2821 XIX
1773 2766 2007 2822 accubi-

363 2865 527 2911 tuum
560 2860 859 2911 senatores
873 2859 1098 2925 petunt,
1125 2859 1180 2910 et
1192 2854 1606 2911 consistorium
1625 2871 1803 2926 usque
1824 2857 1894 2912 ad
1915 2856 2006 2910 di-

2189 2595 2259 2646 A'.
2293 2589 2390 2643 Καὶ
2422 2587 2508 2643 ’ὅτε
2541 2587 2928 2662 πληρώσουσιν
2961 2591 3025 2644 τὰ
3060 2590 3199 2666 μέρη
3239 2592 3304 2647 τὰ
3335 2592 3469 2648 ἅκτα
3508 2599 3610 2664 τῆς
3640 2593 3768 2649 ἀνα-

2116 2677 2539 2752 γορεύσεως,καὶ
2562 2676 2755 2733 εἷ’πωσι
2795 2681 2931 2753 (13)*
2967 2704 2995 2731 ››
3027 2683 3204 2737 Τοῦτο
3227 2681 3291 2746 ,τὸ
3319 2682 3598 2757 βασίλειον
3631 2686 3771 2756 (14),

2118 2767 2302 2841 Κύριε,
2350 2768 2674 2842 στερεωσον,
2711 2793 2730 2818 ιι
2791 2767 2988 2832 εὐθέως
3035 2769 3339 2845 εἰσέρχεται
3379 2774 3412 2841 ἡ
3456 2770 3773 2848 σύγκλητος

2117 2855 2194 2918 εἷς
2225 2857 2314 2911 τὸν
2345 2858 2594 2932 πόρτηκα
2614 2862 2722 2912 τῶν
2768 2860 2833 2913 ιϐ’
2864 2854 3188 2932 ἀκουόίτων,
3229 2862 3320 2917 καὶ
3347 2862 3590 2918 ’ἰστανται
3631 2885 3762 2919 κον-

365 2945 616 3002 cionium
642 2944 1058 3013 et000podium
1083 2943 1478 3011 consistuunt,
1505 2947 2006 3015 dumquesenatus

2120 2945 2405 3021 σιστώριον
2442 2947 2609 3022 μέχρι
2637 2952 2733 3002 τοῦ
2765 2945 3124 3004 δικιονίουκαὶ
3143 2949 3454 3022 ὀνοποδίου,
3477 2953 3531 3007 αἱ
3560 2949 3615 3007 δὲ
3642 2974 3770 3031 συγ-

366 3033 699 3088 interiorem
734 3031 1392 3102 portamingressusest,
1417 3033 1646 3087 feminae
1669 3037 2006 3087 senatorum

372 3138 489 3176 una
503 3125 714 3185 astant,
730 3129 781 3174 et
799 3121 865 3173 ad
886 3128 1078 3190 portas
1091 3121 1373 3174 eburneas
1387 3120 1762 3176 castrensium
1777 3120 2008 3188 abeunt,

368 3209 470 3277 ibi,
503 3208 641 3263 dum
663 3210 923 3278 Augusta
944 3206 1308 3278 ingrediatur
1325 3213 1692 3280 augusteum,
1715 3213 2008 3280 exspecta-

367 3300 532 3352 turaa.
564 3297 830 3362 Senatus,
865 3312 1052 3367 usque
1083 3295 1217 3352 dum
1243 3297 1369 3352 duae
1397 3297 1676 3354 factiones
1717 3299 2006 3356 acclama-

368 3391 504 3442 runt
536 3403 548 3441 :
589 3407 616 3438 ιι
649 3385 857 3440 Multos
913 3401 1114 3454 annos,
1147 3391 1283 3455 etc.,
1317 3408 1344 3436 »
1380 3387 1458 3443 ibi
1495 3392 1728 3456 manet;
1780 3393 2010 3460 peracta

367 3491 498 3531 vero
531 3474 966 3540 acclamatione,
986 3477 1248 3547 Augusta
1280 3476 1416 3532 hinc
1449 3475 1608 3532 illinc
1642 3477 1715 3533 ad
1746 3478 1892 3534 duas
1923 3479 2008 3534 fa-

362 3567 584 3620 ctiones
635 3565 858 3633 adorat,
893 3580 1025 3620 mox
1056 3565 1488 3637 introgreditur,
1542 3567 1893 3623 factionibus
1926 3567 2008 3624 dl-

360 3656 660 3711 centibus:
695 3676 722 3705 «
779 3655 932 3710 Deus
962 3657 1286 3725 Augustam
1333 3655 1560 3712 servet!
1593 3680 1620 3706 »
1645 3658 1871 3715 Interea
1902 3675 2004 3730 pa-

357 3745 531 3800 triciae
564 3745 719 3799 intra
742 3748 967 3814 portam
997 3743 1302 3800 tribunalis
1329 3749 1487 3801 stant
1516 3749 1574 3801 et
1603 3749 1948 3820 Augustam,
1969 3765 2004 3804 ο.

354 3833 568 3888 solario
601 3833 714 3886 huc
745 3833 1086 3899 venientem,
1121 3833 1192 3887 ad
1230 3849 1463 3890 auream
1499 3850 1738 3890 manum
1772 3836 2000 3908 patricii

2116 3031 2375 3102 κλητικαὶ
2442 3039 2687 3110 γυναῖκες
2754 3036 3170 3109 ἀκολουθοῦσαι,
3231 3039 3319 3093 ὅτε
3356 3038 3676 3110 ἆποκινήσει
3726 3042 3764 3110 ἡ

2127 3120 2437 3196 σύγκλητος
2477 3123 2576 3192 τήν
2610 3121 2735 3195 ἔσω,
2770 3125 3107 3197 μεθίστανται
3129 3149 3180 3182 αι
3210 3133 3452 3203 γυναῖκες
3483 3130 3571 3184 καὶ
3601 3128 3772 3205 ἀπέρ-

2117 3209 2417 3284 χονταιὲπὶ
2447 3213 2573 3274 τοὺς
2632 3212 3009 3291 ἐλεφαντίνους
3057 3216 3314 3279 πυλῶνας
3365 3222 3459 3273 τοῦ
3522 3239 3765 3294 καστρη-

2113 3299 2325 3369 σιάκου,
2355 3301 2445 3355 καὶ
2505 3299 2816 3381 ἐκδέχονται
2876 3303 3068 3375 ἐκεῖσε,
3105 3302 3304 3385 μέχρις
3361 3304 3420 3362 ἄν
3472 3307 3759 3383 εἰσὲληῃὴ

2110 3389 2400 3464 Αύγούστα
2438 3391 2513 3446 εἰς
2552 3393 2642 3447 τὸν
2696 3393 3012 3468 αύγουστὲα.
3044 3395 3106 3452 Ἠ
3149 3392 3206 3450 δὲ
3253 3395 3556 3471 σύγγλητος
3600 3398 3758 3454 ἳστα-

2108 3500 2218 3546 ται,
2244 3487 2440 3555 μὲχρις
2471 3475 2530 3535 ἅν
2553 3479 2892 3556 πλτλρὼσωσι
2915 3484 2980 3538 τὰ
3012 3485 3212 3559 μὲργ,.‹‹
3235 3486 3426 3542 Πολλά
3447 3489 3512 3542 τὰ
3532 3486 3623 3558 ἔτη
3648 3489 3754 3557 ⁷⁷,›

2109 3567 2196 3622 καὶ
2239 3569 2304 3623 τὰ
2363 3568 2508 3639 ἑξῆς,
2557 3570 2646 3624 καὶ
2697 3571 2785 3625 ὅτε
2844 3569 3185 3646 πληρώσωσι
3236 3576 3334 3644 τὴν
3376 3574 3636 3652 εύφηρίαν
3688 3577 3755 3630 τὰ

2111 3655 2270 3730 μὲρη,
2323 3664 2612 3732 προσκυνεῖ
2649 3662 2683 3728 ἡ
2727 3659 3011 3737 Αὐγούστα
3059 3655 3206 3718 ἔνθεν
3250 3663 3465 3720 κάκεῖσε
3521 3665 3656 3733 πρὸς
3692 3666 3757 3720 τὰ

2108 3745 2203 3802 δύο
2247 3743 2408 3822 μέρη,
2441 3749 2531 3804 καὶ
2561 3748 2810 3804 ἀποκινεῖ
2847 3757 2944 3819 τῆν
2978 3749 3103 3820 ἔσω,
3137 3753 3226 3807 καὶ
3277 3753 3494 3829 λέγουσι
3542 3755 3609 3809 τὰ
3657 3752 3754 3810 δύο

2109 3834 2267 3909 μνὲρρη⁹
2314 3860 2341 3888 ι(
2401 3839 2695 3912 Περισώσει
2741 3839 2769 3893 6
2828 3839 2956 3902 Θεὸς
2985 3841 3083 3910 τήν
3123 3841 3459 3916 Αύγούσταν·
3494 3867 3523 3896 ››
3581 3843 3634 3898 αἱ
3697 3841 3754 3899 δὲ

353 3923 710 3977 comitantur
743 3937 755 3974 :
790 3929 1078 3975 secretum
1111 3936 1243 3976 vero
1260 3920 1566 3978 consulum
1590 3938 1772 3994 usque
1801 3925 1872 3979 ad
1910 3925 2000 3978 di-

2112 3926 2383 4000 πατρίκιαι
2423 3924 2669 3982 ’ίστανται
2709 3925 2856 3983 ἔνδον
2905 3936 3007 3998 τῆς
3054 3929 3235 4002 πύλης
3301 3937 3398 3988 τοῦ
3455 3928 3748 4008 τριϐουνα-

352 4009 608 4064 cionium
642 4011 777 4068 stat,
811 4024 925 4078 quo
954 4011 1261 4078 postquam
1292 4009 1552 4078 Augusta
1591 4011 1858 4077 accessit,
1895 4027 1997 4067 ac—

2112 4011 2250 4080 Αίου,
2281 4015 2370 4068 καὶ
2398 4015 2485 4070 ὅτε
2525 4015 2740 4090 εἷ’σέλθῃ
2775 4019 2808 4085 ἡ
2870 4019 3156 4095 Αύγούστα
3204 4022 3310 4077 ἀπὸ
3347 4027 3444 4077 τοῦ
3485 4020 3746 4095 ἡλιακοῦ,

350 4097 607 4152 clamant
638 4113 651 4151 :
678 4118 706 4147 ‹‹
740 4095 799 4150 In
827 4095 1009 4150 multa
1041 4094 1307 4164 bonaque
1324 4095 1614 4164 tempora!
1652 4118 1680 4146 »
1702 4097 1793 4152 Sic
1820 4098 1996 4155 etiam

2112 4101 2446 4190 imoxwoiiaw
2498 4103 2550 4158 οἱ
2607 4104 2886 4190 πατρίκιοι
2941 4094 3108 4184 μέχρι
3166 4112 3262 4179 τῆς
3299 4116 3510 4186 χρυσῆς
3558 4113 3746 4190 γειρὸς

349 4186 576 4256 patricii
608 4185 666 4240 in
699 4199 876 4239 aurea
934 4198 1114 4237 manu
1175 4181 1412 4252 adsunt,
1447 4183 1705 4255 dumque
1732 4188 1996 4258 Augusta

2112 4189 2468 4263 ὂψικεύοντεςι
2511 4193 2573 4246 τὸ
2615 4189 2672 4247 δὲ
2727 4195 2975 4269 σὲκρετον
3046 4201 3154 4253 τῶν
3234 4199 3450 4256 ὑπάτων
3532 4201 3748 4258 ἳσταται

345 4275 577 4341 transit,
599 4281 966 4344 augusteum,
992 4271 1092 4326 ubi
1116 4275 1302 4327 totum
1322 4272 1659 4331 cubiculum
1679 4291 1993 4349 congrega-
2027 4318 2028 4323 η

345 4366 465 4384 ιη...
508 4365 589 4384 --ι
633 4361 961 4384 :...._-_-.-_..
1008 4359 1205 4384 32---..1
1230 4360 1419 4384 IE__--_
1452 4362 1661 4384 n__--,
1686 4383 1696 4384 κ
1740 4383 1746 4384 ,
1820 4365 1887 4384 h,
1950 4382 1965 4384 _
2026 4375 2028 4382 ι

2112 4278 2277 4357 μέχρι
2306 4286 2403 4335 τοῦ
2436 4278 2720 4353 δικιονίου,
2753 4285 2844 4338 καὶ
2875 4286 2965 4340 ’ὀτε
3007 4288 3213 4362 μεσάσῃ
3266 4291 3300 4358 ἡ
3344 4289 3632 4365 Δύγούστα
3671 4293 3750 4357 εἷς

345 4366 472 4416 tum
503 4365 610 4428 est,
633 4359 1208 4433 ingressura,dicunt
1229 4360 1428 4434 lingua
1452 4362 1710 4421 Romana
1736 4383 1749 4420 :
1776 4365 1994 4436 «Bene,
2026 4375 2028 4382 '

2112 4368 2202 4437 τήν
2262 4368 2427 4442 μέσην
2459 4376 2568 4426 τῶν
2624 4372 2862 4443 ὑπάτων,
2917 4375 3239 4451 ἐπεύχονται
3282 4379 3367 4434 τὸ·
3409 4403 3438 4432 ‹‹
3470 4380 3565 4443 Εἷς
3609 4381 3747 4439 πολ·

345 4453 510 4518 benc,
535 4451 700 4516 bene,
761 4449 1062 4519 Augusta!
1092 4449 1338 4522 pulchre
1361 4453 1593 4522 venisti,
1627 4456 1920 4527 Augusta!
1958 4480 1985 4506 ››

2112 4455 2230 4520 toi):
2261 4458 2349 4547 καὶ
2374 4460 2606 4536 αγαθοὺς
2655 4461 2908 4536 χρόνους.
2955 4487 2982 4517 ››
3035 4449 3276 4537 ’ὁμοίως
3314 4468 3404 4523 καὶ
3437 4469 3488 4524 οἱ
3552 4471 3750 4547 πατρί-

344 4542 491 4598 I25
527 4544 730 4596 Postea
759 4540 816 4595 in
841 4548 1186 4612 octagonum
1219 4550 1379 4598 extra
1407 4547 1462 4598 S.
1498 4544 1769 4615 Stephani
1801 4547 1983 4605 aedem

2112 4568 2203 4602 ιιοι
2237 4546 2310 4611 εἰς
2335 4551 2435 4617 τὴν
2458 4558 2668 4623 χρυσῆν
2700 4557 2881 4629 χεῖρα,
2924 4555 3012 4610 καὶ
3047 4551 3322 4630 διέρχεται
3353 4561 3388 4628 ἡ
3433 4540 3738 4634 Αὑγούστα,

339 4630 514 4698 venit,
540 4629 688 4699 quod
713 4629 854 4685 dum
885 4629 1202 4702 imperator
1231 4648 1364 4688 cum
1407 4633 1675 4706 Augusta
1724 4635 1985 4707 ingredi-

2112 4636 2182 4693 ιαὶ
2240 4636 2544 4712 εἰσέρχεται
2604 4637 2679 4701 εἰς
2735 4640 2830 4696 τὸν
2896 4629 3216 4718 αύγουστέα,
3265 4646 3356 4701 καὶ
3403 4629 3620 4703 ’ίσταται
3677 4651 3739 4704 τὸ

1695 4783 1934 4841 VARl/E
1973 4788 2388 4847 LECTIONES.

406 4895 450 4929 ⁷⁸
488 4888 727 4948 δικίονον
759 4893 888 4949 cod.
966 4891 1012 4928 7'
1042 4891 1378 4968 συγκλητική
1409 4898 1498 4952 ed.
1579 4899 1624 4934 ⁷⁸
1651 4897 1757 4954 ἀπὸ
1777 4902 1878 4969 τήν
1898 4904 2049 4976 conj.
2077 4908 2167 4975 R.,
2207 4903 2295 4958 ἐπὶ
2324 4905 2422 4973 τήν
2453 4907 2581 4962 cod.
2615 4911 2673 4964 et
2701 4911 2791 4964 ed.
2869 4911 2912 4947 ⁷⁷
2941 4909 3126 4968 πολλὰ
3164 4909 3254 4986 ἔτη
3288 4917 3380 4974 ed.

1356 5021 1557 5078 JOAN.
1598 5025 1744 5084 JAC.
1788 5027 2056 5085 REISKII
2096 5029 2690 5094 COMMENTARIUS.

404 5143 882 5219 (tl)_Subintel_l_.
936 5143 1155 5219 ἑαυτὴν,
1190 5143 1564 5215 semetipsum
1615 5150 1978 5219 conspicien-

331 5215 466 5299 dam
523 5215 642 5299 dat,
699 5216 896 5298 prodit
1075 5221 1454 5299 conspectum
1490 5234 1521 5299 ;‘
1582 5215 1978 5299 quod-potest
2087 5242 2266 5299 χεται.

330 5286 452 5370 ﬁeri
485 5287 715 5342 etiamsi
749 5303 860 5340 non
896 5286 1128 5342 sublato
1158 5287 1276 5342 velo
1310 5288 1435 5356 ;vel
1468 5287 1530 5341 τὸ
1547 5286 1839 5372 πρόσωπόν
1861 5291 1977 5346 ἒαυ-
2090 5286 2128 5299 ’“
2155 5297 2269 5420 (14)
2337 5299 2468 5355 Haec
2526 5317 2628 5356 vox
2689 5303 2903 5362 Graecis
2959 5307 3122 5364 novis
3155 5308 3309 5365 idem
3370 5315 3546 5385 atque
3581 5314 3733 5390 βασι-

330 5373 446 5420 της,
482 5356 638 5420 quod
688 5362 750 5412 ut
782 5357 905 5420 fiat,
957 5356 1278 5413 tollendum
1329 5365 1418 5415 est
1458 5359 1671 5415 velum.
1718 5361 1849 5418 Vld.
1901 5366 1971 5420 ad
2085 5363 2146 5419 λε
2175 5388 2225 5420 α.
2279 5386 2524 5420 manum-
2585 5375 2755 5420 νιιιρε-
2817 5376 2962 5420 Hine
3017 5379 3364 5420 ἰηιοιιίσίιη..
3440 5386 3579 5420 της...
3626 5386 3724 5420 ιιι,

482 5356 638 5452 quod
688 5362 750 5412 ut
782 5357 905 5427 fiat,
957 5356 1278 5413 tollendum
1329 5365 1418 5415 est
1458 5356 1671 5415 velum.
1718 5361 1849 5418 Vid.
1901 5366 1971 5420 ad
2085 5356 2526 5452 λεία,’νεοηαιη,
2585 5356 3730 5452 valet."Hivncjintcl-liéiturw‘m‘irarilla

326 5428 734 5525 palg‘.m12qq.|“‘
769 5500 898 5525 nn:
933 5499 1110 5525 nn“:
1145 5497 1244 5525 μὶ
1282 5516 1408 5525 nm
1474 5503 1794 5525 unum“
1837 5521 1928 5525 μ-
2081 5428 2258 5525 pictio
2307 5428 2568 5525 incepi].
2605 5428 3354 5525 :"Apngga'"s§&tié23&

397 5497 739 5600 ganSolent
769 5500 901 5555 novi
933 5499 1111 5556 Graeci
1141 5497 1248 5553 ἀπὸ
1279 5516 1412 5556 cum
1473 5503 1800 5560 accusativo
1831 5521 1965 5561 con-
2080 5497 2218 5600 θῶν,
2265 5497 3723 5600 αάιξρέεοῗἷερηιῖῶδέοῃιίιξιηιᾟί’ἶιὶοορξιῗνμῌὲέέ

326 5573 578 5656 δίδαξις,
618 5635 646 5656 L
818 5644 828 5656 ι
959 5641 971 5655 .
1591 5645 1605 5656 _
1637 5645 1648 5656 _
2079 5573 2230 5637 conf.
2256 5598 2314 5656 p.
2346 5573 2437 5639 57.

397 5635 508 5707 (t3)
539 5635 836 5695 Cohaerent
882 5641 1038 5698 enim
1062 5651 1216 5700 arelo
1250 5659 1397 5703 nexu
1431 5661 1563 5702 cum
1591 5645 1684 5704 his
1714 5663 1965 5722 sequen-

2090 5155 2169 5244 tia
2199 5163 2251 5210 et
2283 5158 2554 5228 apodosis
2607 5160 2678 5215 ad
2710 5159 2800 5213 ὅτε
2857 5168 2944 5219 est
2989 5165 3045 5221 in
3097 5167 3286 5226 verbis
3320 5165 3518 5232 εὐθέως
3559 5169 3735 5244 εἳσὲρ-
