4152 6302
329 371 448 435 465

1243 383 1341 444 DE
1383 383 1840 448 GERIMONIIS
1883 390 2120 452 AUL/E
2165 389 2642 452 ΒΥΖΑΝΤΙΝᾸΞ
2689 393 2835 453 LIB.
2887 392 2930 452 Ι.

3673 399 3794 461 466

336 512 439 562 πᾶν
478 511 582 562 τοῦ
636 502 1050 566 κουὸουκλείου
1098 508 1174 575 εἷς
1218 513 1311 568 τὸν
1359 513 1677 590 αύγουστέα,
1729 518 1822 573 καὶ
1877 519 2020 574 Ῥω·
2052 555 2064 588 λ

2137 523 2256 592 tur,
2289 521 2550 579 ofﬁcium
2582 523 2925 596 celebratur,
2953 531 3010 581 et
3039 525 3120 581 sic
3150 540 3180 582 e
3211 526 3423 600 templo
3452 528 3784 591 discedunt.

347 596 625 690 μαίζουσιο
770 601 958 690 Βαῖνε,
1008 603 1159 674 βαῖνε
1197 605 1331 676 (51),
1385 607 1420 674 ἡ
1475 605 1792 682 Αύγούστα·
1826 605 2029 670 καλῶς

2141 609 2468 684 Liturgiam
2518 629 2651 669 vero
2701 630 2923 670 sacram
2984 596 3639 687 patriarcha—celebrat,
3673 637 3790 690 qua

351 689 540 758 ἦλθες,
647 687 967 778 Αὐγούστα.
1002 714 1030 742 ››
1074 690 1172 746 Καὶ
1217 691 1521 772 εἰσέρχεται
1552 696 1586 764 ἡ
1621 695 1921 771 Αὐγούστα
1951 695 2031 758 εἷς

2140 700 2328 768 finita,
2364 703 2592 758 Domini
2623 720 2756 759 cum
2799 709 3065 777 Augusta
3114 705 3359 778 intrant,
3403 711 3461 763 et
3490 687 3785 765 coronatio

358 778 419 834 τὸ
466 778 789 853 ὀκτάγωνον
822 778 888 834 τὸ
917 773 1018 848 ἔξω
1049 783 1148 835 τοῦ
1178 780 1364 856 ’Λγίου
1397 784 1694 861 Στεφάνου,
1727 785 1816 839 καὶ
1858 784 2030 859 εἰσέρ-

2141 790 2413 861 nuptialis
2444 793 2760 864 peragitur.

361 868 518 958 χεται
644 865 905 958 βασιλεὺς
938 869 1039 958 Δκαὶ
1093 870 1126 937 ἡ
1173 868 1460 946 Αύγούστα
1512 871 1588 935 εἷς
1637 873 1698 928 τὸ
1749 874 1933 947 Ἀγιον
1998 873 2286 951 Στέφανον,
2337 877 2428 932 καὶ
2475 877 2676 954 γίνεται
2725 879 2788 934 τὸ
2840 887 3110 956 μνῆστρον
3162 883 3294 955 (16),
3343 882 3432 936 καὶ
3472 881 3782 958 ἐξέρχονται

359 961 458 1024 τῆς
488 954 814 1026 ἐκκλησίας.
851 955 954 1014 Καὶ
987 955 1298 1032 λειτουργεῖ
1323 960 1350 1014 6
1389 962 1758 1036 πατριάρχης,
1789 965 1878 1017 καί
1919 963 2010 1018 ὅτε
2047 963 2310 1020 ἀπολύσει
2353 969 2387 1036 ἡ
2438 965 2768 1042 λειτουργία,
2820 954 3157 1045 εἰσέρχονται
3207 954 3258 1025 oi
3308 968 3562 1027 δεσπόται
3592 954 3707 1028 "xxi
3741 976 3776 1042 ἡ

358 1045 676 1119 Δύγούστα,
709 1045 801 1100 καὶ
835 1045 1035 1120 γίνεται
1063 1048 1127 1102 τὸ
1160 1048 1501 1126 στεφάνωμα.

428 1136 507 1193 Ε’.
541 1137 672 1211 Χρὴ
707 1132 765 1190 δὲ
795 1133 1014 1207 εἰδέναι,
1046 1134 1129 1192 ὅτι
1163 1136 1190 1190 6
1234 1136 1493 1212 βασιλεὺς
1532 1138 1861 1216 ἐστεμμένος
1891 1163 2018 1198 στε-

355 1229 646 1302 φανοῦται,
720 1225 813 1279 καὶ
885 1221 1198 1300 ὶξέρχονται
1285 1226 1715 1305 ἐστεφανωμένοι
1774 1229 1862 1286 ἐπὶ
1919 1234 2020 1301 τήν

351 1321 569 1389 χρυσῆν
603 1319 791 1389 χεῖρα,
831 1313 918 1368 καὶ
951 1311 1228 1392 δέχονται
1278 1318 1329 1371 οἱ
1379 1317 1654 1391 πατρίκιοι
1688 1318 1740 1374 ἐν
1782 1324 1860 1390 τῷ
1895 1319 2018 1375 ὀνο·

349 1400 555 1476 ποδίῳ,
605 1401 699 1458 καὶ
749 1401 988 1458 στάντων
1043 1409 1150 1459 τῶν
1197 1406 1246 1440 ⁷⁸
1294 1402 1590 1476 δεσποτῶν,
1642 1408 1932 1463 πίπτουσιν
1965 1411 2018 1463 οἱ

351 1491 530 1550 αύτοί.
577 1493 682 1549 Καὶ
731 1493 1072 1548 ἀναστάντων
1130 1492 1331 1561 αὒτῶν,
1386 1495 1527 1551 νεύει
1581 1498 1610 1551 ὁ
1656 1499 2017 1572 πραιπόσιτος

347 1587 429 1654 τῷ
484 1588 590 1651 τῆς
653 1581 1054 1649 καταστάσεως,
1113 1581 1204 1637 καὶ
1283 1581 1453 1660 λέγει’
1519 1609 1547 1637 ‹‹
1611 1584 1929 1656 Κελεύσατε,
1987 1610 2015 1638 ››

346 1672 438 1727 καὶ
472 1669 826 1745 ἐπεύχονταιο
864 1693 892 1723 ι(
922 1670 1017 1732 Εἰς
1047 1670 1298 1735 πολλοὺς
1329 1674 1419 1728 καὶ
1442 1674 1676 1746 ἀγαθοὺς
1698 1675 1951 1748 χρόνους,
1985 1697 2014 1726 ››

2200 1144 2264 1201 ν.
2300 1146 2496 1218 Neque
2510 1148 2870 1218 praetermitti
2897 1149 3002 1205 hoc
3025 1149 3150 1206 loco
3174 1152 3777 1222 debet,imperatorem

2125 1238 2280 1290 serto
2312 1235 2647 1291 redimitum
2699 1241 2981 1304 coronari,
3014 1243 3071 1294 et
3120 1241 3191 1295 ad
3242 1258 3478 1297 auream
3530 1259 3770 1298 manum

2125 1339 2420 1395 egressum
2453 1342 2487 1380 a
2523 1325 2784 1395 patriciis
2816 1325 2874 1380 iu
2915 1329 3204 1398 onopodio
3235 1330 3440 1400 excipi,
3474 1330 3594 1401 qui,
3627 1332 3769 1386 dum

2124 1412 2458 1469 subsistunt
2485 1413 2739 1480 Domini,
2765 1414 2823 1468 in
2855 1422 3068 1471 terram
3093 1417 3423 1486 procidunt.
3457 1419 3772 1490 Postquam

2122 1517 2256 1557 vero
2306 1518 2628 1569 surrexere,
2680 1503 3030 1574 pra-positus
3089 1503 3324 1576 signum
3373 1507 3772 1561 cerimoniario

2122 1591 2239 1657 dat,
2273 1590 2373 1662 qui
2405 1591 2548 1646 dicit
2579 1608 2592 1646 :
2630 1611 2655 1643 «
2689 1592 2914 1659 Jubete,
2949 1614 2976 1641 ››
3010 1591 3216 1663 reliqui
3260 1594 3514 1650 faustum
3547 1610 3614 1649 ac
3644 1593 3774 1648 diu-

2123 1682 2366 1735 turnum
2409 1679 2717 1750 imperium
2767 1684 3171 1752 apprecantur,
3205 1689 3257 1737 et
3288 1682 3349 1738 in
3381 1683 3666 1753 obsequio
3699 1684 3771 1738 ad

347 1760 440 1816 καὶ
506 1760 893 1826 ἀποκινοῦσιν,
954 1759 1300 1834 ὀψικεύοντες
1360 1762 1527 1836 μέχρι
1591 1767 1694 1818 τοῦ
1765 1762 2014 1838 σεκρέτου

349 1855 460 1907 τῶν
499 1851 748 1919 ὑπάτων,
793 1849 881 1904 καὶ
926 1851 1168 1906 στάντων
1206 1856 1315 1906 τῶν
1367 1849 1672 1920 δεσποτῶν,
1722 1852 2014 1908 πίπτουσιν

2134 1856 2212 1926 .is,
2245 1865 2542 1912 senatores
2593 1873 2796 1912 omnes
2851 1873 2983 1913 cum
3034 1858 3298 1928 patriciis
3349 1859 3765 1931 procumbunt,

350 1941 401 1996 οἱ
460 1937 833 2015 συγκλητικοί
891 1937 1078 2000 πάντες
1157 1935 1273 2013 ἅμα
1347 1945 1463 2004 τοῖς
1533 1941 1863 2014 πατρικίοις,
1919 1942 2064 2018 καὶ·

2134 1945 3228 2018 luipostquamsurrexere,praapositus
3253 1949 3481 2018 signum
3507 1947 3766 2004 silentia-

348 2027 699 2085 ἆταστάντων
757 2027 957 2096 αὐτῶν,
1015 2029 1156 2083 νεύει
1209 2030 1237 2083 6
1295 2029 1654 2105 πραιπόσιτος
1708 2035 1786 2103 τῷ
1825 2003 2064 2087 σιλεν-1

2134 2003 2203 2090 ζίο
2227 2003 2345 2102 dat,
2375 2003 2478 2103 qui
2509 2034 2650 2090 dicit
2675 2050 2688 2090 :
2712 2056 2739 2084 ‹‹
2772 2003 3059 2102 Jub.ete,‘»
3092 2040 3148 2090 et
3179 2035 3264 2092 sic
3296 2003 3661 2106 inobsequio

341 2116 569 2192 τιαρίῳ,
629 2117 723 2170 καὶ
784 2113 952 2192 λέγει·
1019 2139 1045 2170 ιι
1093 2115 1421 2189 Κελεύσατε,
1472 2142 1501 2172 ››
1541 2119 1631 2174 καὶ
1664 2121 2007 2176 ἀποκινοῦσιν

2134 2120 2445 2178 '.halamum
2478 2127 2748 2196 pergunt.
2782 2123 3082 2179 Factiones
3116 2124 3175 2179 in
3206 2124 3456 2180 triclinio
3488 2125 3765 2181 candida-

344 2206 701 2282 ὀψικεύοντες
736 2204 903 2281 μέχρι
947 2210 1044 2261 τοῦ
1097 2211 1326 2262 παστοῦ.
1374 2207 1457 2264 Τὰ
1489 2206 1545 2263 δὲ
1578 2208 1716 2283 μέρη
1751 2207 2004 2284 δέχονται

2134 2225 2310 2266 .orum
2353 2211 2422 2266 ab
2455 2217 2705 2283 utroque
2737 2211 2913 2266 latere
2957 2227 3132 2282 prope
3162 2213 3382 2284 gradus
3429 2212 3760 2285 Magnauraa

340 2299 418 2360 εἰς
468 2297 566 2353 τὸν
623 2295 908 2371 τρίκλινον
940 2299 986 2333 7’
1014 2302 1121 2352 τῶν
1179 2294 1514 2352 κανδιδάτων
1575 2297 1712 2354 ἔνθεν
1764 2298 2004 2354 κάκεῖθεν

2134 2299 2466 2369 ιοιιεὶεῑυυι,
2497 2301 2802 2357 ambarum
2834 2315 2967 2355 vero
2997 2299 3310 2356 factionum
3347 2306 3632 2370 cantores,
3666 2302 3760 2357 in-

335 2386 582 2458 πλησίον
617 2389 728 2440 τῶν
759 2383 1080 2461 γραδηλίων
1113 2393 1213 2456 τῆς
1249 2373 1556 2461 Μαναύρας,
1591 2388 1641 2442 οἳ
1682 2385 1740 2443 δὲ
1777 2389 2005 2461 κράκται

2134 2387 2298 2444 ricem
2323 2388 2538 2459 juncti,
2561 2389 2860 2444 cautiones
2892 2387 3071 2443 simul
3091 2389 3356 2455 recitent,
3379 2390 3516 2445 dum
3541 2405 3759 2462 organa

335 2480 450 2532 τῶν
489 2473 592 2529 δύο
636 2479 811 2547 μερῶν
840 2474 1116 2547 ἡνωμέναι
1151 2474 1404 2549 λέγουσιν
1439 2477 1491 2530 οἱ
1524 2474 1829 2555 ἀμφότεροι
1860 2478 2003 2550 ὁμοῦ

2138 2493 2174 2533 n
2197 2477 2733 2548 partePrasinorum
2757 2477 3082 2548 pulsantur.
3097 2476 3478 2532 Coronatione
3500 2487 3752 2549 peracta,

341 2567 445 2627 τὰς
481 2565 876 2640 ἀναφωνήσεις,
926 2565 992 2621 τὰ
1039 2562 1096 2620 δὲ
1148 2561 1353 2642 ὄργανα
1391 2565 1648 2622 αὐλοῦσιν
1691 2565 1779 2622 ἐπὶ
1808 2569 1872 2622 τὸ
1905 2567 2004 2641 μέ-

2135 2566 2389 2621 actiones
2419 2565 2489 2620 ad
2524 2565 2866 2632 thalamum,
2902 2563 2998 2619 ubi
3029 2565 3260 2620 coronis
3291 2565 3474 2619 ornati
3499 2566 3747 2636 impera-

352 2674 450 2731 ρος
509 2658 612 2709 τῶν
664 2655 968 2729 Ηρασίνων.
1031 2655 1128 2710 Καὶ
1161 2653 1250 2711 ὅτε
1292 2653 1479 2731 διέλθῃ
1540 2657 1600 2711 τὸ
1655 2657 2000 2733 στεφάνωμα,

2134 2670 2268 2710 .ores
2299 2659 2473 2725 stant,
2509 2655 2726 2710 abeunt
2753 2657 2810 2707 ct
2839 2652 3126 2710 solemnes
3158 2654 3604 2710 acclamationes
3627 2671 3754 2724 per-

356 2743 693 2822 ιῖσέρχονται
719 2744 788 2799 τὰ
841 2743 980 2819 μέρη
1030 2743 1106 2805 εἰς
1154 2745 1250 2800 τὸν
1299 2746 1525 2812 παστὸν,
1557 2748 1648 2799 καὶ
1674 2743 1914 2800 ἵστανται
1949 2747 2000 2800 οἱ

2134 2751 2308 2814 ιειιηι.
2344 2742 2431 2798 Illi
2457 2758 2590 2798 vero
2621 2741 2899 2808 coronati,
2931 2741 3000 2796 ad
3033 2741 3311 2797 concham
3347 2741 3612 2810 thalami,
3651 2743 3750 2798 ubi

357 2832 599 2908 βασιλεῖς
628 2831 952 2906 ἐστεμμένοι
1006 2832 1084 2898 εἷς
1129 2834 1221 2889 τὸν
1253 2835 1484 2902 παστὸν,
1511 2835 1602 2889 καὶ
1634 2833 1999 2910 ἀκτολογοῦσι

2134 2831 2386 2904 grabatus
2417 2831 2822 2901 imperatorius
2871 2830 3153 2900 repositus
3182 2833 3290 2895 est,
3323 2829 3650 2897 discedunt,
3683 2846 3749 2887 ac

348 2921 409 2976 τὰ
455 2921 600 2995 μέρη
648 2922 716 2977 τὰ
760 2922 898 2976 κατὰ
948 2923 1244 2992 συνήθειαν.
1299 2923 1400 2979 Καὶ
1449 2922 1784 3001 ἀπέρχονται
1824 2921 1876 2976 oi
1909 2919 1999 2976 δε-

2134 2919 2394 2992 lepositis
2423 2918 2503 2974 ibi
2535 2917 2890 2990 coronis,per
2913 2917 3194 2989 porticus,
3217 2918 3382 2989 quasi
3397 2918 3467 2972 ad
3496 2934 3750 2983 amores,

339 3013 541 3068 σπὸται
582 3011 1018 3088 ἐστεφανωμένοι
1063 3010 1144 3067 sic
1197 3013 1298 3082 τήν
1352 3013 1570 3087 κόγχην
1628 3015 1724 3067 τοῦ
1770 3014 1997 3081 παστοῦ,

2134 3009 2184 3066 ιὰ
2216 3009 2348 3066 XIX
2397 3008 2698 3064 accubitus
2745 3009 2979 3074 abeunt,
3010 3023 3076 3062 ac
3121 3006 3202 3062 ibi
3251 3022 3466 3062 mensae
3509 3022 3744 3062 accum-

339 3101 468 3158 ἔνθα
511 3100 731 3156 ἵσταται
783 3102 812 3155 6
865 3100 1144 3176 βασικικὸς
1191 3095 1515 3177 κράόάττος,
1564 3100 1654 3156 καὶ
1697 3100 1902 3165 τιθέασι
1932 3101 1999 3154 τὰ

2134 3101 2278 3165 lunt,
2302 3101 2360 3154 et
2389 3099 2701 3169 postquam
2733 3110 3050 3161 surrexere,
3075 3093 3316 3160 amicos,
3349 3110 3497 3165 quos
3528 3095 3738 3150 invita-

345 3192 635 3265 στέμματα
685 3190 772 3245 ἐπὶ
821 3191 914 3246 τὸν
979 3186 1302 3265 κράϐαττον,
1352 3192 1443 3246 καὶ
1493 3188 1690 3253 εὐθέως
1730 3190 1998 3266 ἀπέρχον-
2047 3262 2064 3266 _

2134 3187 2164 3242 ’ί
2192 3185 2338 3255 vult,
2369 3185 2690 3256 imperator
2727 3182 3005 3250 nominat,
3038 3182 3158 3254 qui,
3210 3185 3271 3238 ut
3315 3197 3438 3238 mos
3477 3186 3582 3250 est,
3614 3181 3749 3238 tha-

343 3262 451 3336 ται*
491 3262 549 3336 οἱ
606 3277 862 3336 δεσπόται
915 3262 1026 3334 διὰ.
1056 3284 1170 3336 τῶν
1228 3276 1577 3351 διαϐατικῶν,
1637 3281 1712 3342 ὡς
1769 3262 2064 3334 ἐπὶν-τὸν(

2140 3290 2339 3331 amum
2372 3273 2614 3329 intrant.

342 3366 540 3445 ἔρωτα,
576 3371 653 3436 εἷς
679 3372 748 3426 τὰ
780 3372 842 3426 ιϐ’
880 3365 1162 3443 ἀκούϐιτα,
1192 3370 1282 3426 καὶ
1313 3366 1732 3444 ἆκουμϐίζουσι,
1762 3371 1852 3425 καὶ
1885 3371 1974 3424 ὅτε
2003 3368 2329 3432 αναστῶσιν,
2363 3361 2552 3436 ὁρίζει,
2575 3361 2668 3422 οὓς
2689 3358 2898 3415 κελεύει
2920 3358 3114 3438 φίλους
3138 3361 3273 3434 (17),
3297 3361 3387 3415 καὶ
3409 3360 3750 3436 εἰσέρχονται

344 3459 418 3524 εἷς
447 3461 544 3515 τὸν
577 3461 803 3528 παστὸν,
836 3460 911 3523 ὡς
943 3459 1058 3536 ἔχει
1088 3462 1123 3530 ἡ
1154 3460 1430 3530 συνήθεια.

417 3552 479 3620 ζ’.
532 3553 650 3624 Χρή
703 3548 762 3604 δὲ
799 3551 1109 3626 γινώσκειν,
1150 3548 1232 3605 ὅτι
1267 3547 1328 3604 ού
1359 3549 1673 3618 καθέζονται
1705 3549 1758 3603 οἱ
1799 3545 1997 3603 δεσπό-

341 3659 430 3692 ται
476 3638 612 3709 μετὰ
669 3634 930 3712 χλανίδια
968 3637 1044 3699 είς
1095 3637 1188 3692 τὸν
1235 3636 1438 3692 παστὸν
1493 3635 1626 3709 μετὰ
1653 3639 1761 3690 τῶν
1795 3633 1996 3712 φίλων,

343 3725 470 3782 ἀλλ’
523 3728 574 3762 ⁸ο
631 3727 658 3781 ὁ
711 3725 880 3801 μέγας
928 3724 1183 3802 βασιλεὺς
1237 3729 1417 3804 φορῶν
1454 3724 1639 3800 σαγίον
1669 3728 1932 3799 χρυσοῦν,
1967 3724 1995 3778 6

345 3809 401 3867 δὲ
435 3814 633 3886 μικρὸς
687 3812 942 3887 βασιλεὺς
999 3817 1182 3891 φορῶν
1238 3813 1567 3884 τζιτζάκιον,
1599 3813 1652 3866 οἱ
1710 3809 1766 3866 δὲ
1819 3811 1994 3886 φίλοι,

348 3903 534 3963 καθὼς
602 3897 1050 3974 ἆκουμϐίζουσιν.
1110 3902 1228 3975 Χρὴ
1287 3899 1344 3956 δὲ
1397 3902 1702 3977 γινώσκειν,
1752 3899 1858 3971 ὅτι,
1905 3898 1994 3955 ἐὰν

343 3989 532 4064 ἑξέλθῃ
592 3993 626 4061 ἡ
683 3990 969 4068 Αὐγούστα
1025 3987 1330 4064 ἐστεμμένη
1377 3989 1428 4045 ἐν
1473 3990 1554 4061 τῷ
1603 3988 1894 4064 τρικλίνῳ,
1943 3989 1994 4044 οἱ

345 4081 641 4157 σπαθάριοι
683 4081 819 4154 μετᾶ
866 4077 1153 4154 διστράλια
1209 4080 1576 4154 ὀψικεύουσιι,
1622 4083 1685 4134 τὸ
1740 4076 1794 4133 δὲ
1848 4079 1993 4153 ἅρμα

343 4170 436 4226 οὖν
468 4168 783 4226 ἀκολουθεῖ·
818 4168 866 4224 εἰ
895 4166 952 4224 δὶ
1003 4167 1091 4224 ἐπὶ
1141 4172 1248 4225 τῶν
1314 4169 1375 4222 ιθ¹
1433 4169 1474 4204 ³¹
1535 4163 1858 4238 ἂκουϐίτων,
1892 4166 1994 4222 οὐκ

2134 4170 2267 4243 equi
2301 4169 2484 4225 solere
2516 4185 2529 4223 :
2564 4169 2613 4224 si
2635 4182 2770 4222 vero
2802 4169 2873 4222 ad
2904 4167 3045 4222 XIX
3076 4164 3374 4221 accubitus
3396 4165 3586 4233 abeat,
3609 4181 3736 4236 spa-

345 4258 694 4333 ὀψικεύουσιν
723 4260 776 4314 οἱ
815 4259 1106 4332 σπαθάριοι
1151 4259 1215 4314 τὸ
1263 4254 1517 4313 σύνολον.
1560 4257 1628 4314 Δὶ
1661 4253 1718 4311 δὲ
1749 4256 1993 4331 συγκλη-

2134 4259 2320 4314 barios
2349 4273 2476 4314 eam
2520 4255 2692 4329 plane
2733 4271 2847 4312 non
2877 4254 3166 4312 comitari.
3199 4254 3333 4318 Quis
3366 4257 3679 4324 postquam
3707 4270 3740 4308 a

343 4349 508 4419 τικαῖ,
539 4347 635 4420 ἀφ’
663 4345 724 4402 οὗ
756 4345 974 4421 εἰσέλθῃ
1021 4348 1056 4416 ἡ
1101 4345 1392 4420 Αύγούστα
1436 4346 1542 4400 ἀπὸ
1569 4348 1666 4398 τοῦ
1695 4341 1990 4419 τριϐουνα-

2134 4347 2376 4405 ribunali
2423 4348 2482 4404 in
2533 4351 2880 4419 augusteum
2945 4346 3204 4416 ingressa
3250 4349 3359 4414 est,
3397 4351 3740 4402 senatorum

343 4435 462 4492 λίου
513 4436 595 4498 εἷς
634 4435 726 4490 τὸν
771 4434 1086 4509 αύγοὶιστέα,
1137 4431 1474 4510 εἰσέρχονται
1505 4433 1596 4488 καὶ
1645 4432 1698 4486 αἱ
1738 4436 1989 4507 γυναῖκες

2134 4453 2306 4494 .xores
2339 4453 2440 4508 per
2485 4434 2805 4492 triclinium
2850 4433 2974 4490 XIX
3023 4435 3176 4490 I26
3226 4434 3604 4490 accubituum
3639 4450 3741 4506 per

343 4522 426 4580 διὰ
448 4528 551 4582 τοῦ
569 4522 852 4599 τρικλίνου
874 4528 981 4578 τῶν
1005 4524 1069 4588 ιθ’
1091 4517 1395 4578 ἀκουὸίτων
1418 4519 1508 4577 διὰ
1526 4527 1625 4592 τῆς
1658 4519 1871 4577 εἰσόδου
1893 4525 1990 4577 τοῦ

2134 4525 2408 4582 ntroitum
2433 4522 2796 4595 imperatorii
2815 4521 3120 4578 accubitus
3143 4523 3384 4588 intrant,
3403 4527 3460 4578 et
3478 4522 3548 4577 ad
3575 4521 3742 4592 porti-

346 4614 640 4688 βασιλικοῦ
699 4607 1013 4682 ἀκουῦίτου,
1061 4612 1154 4668 καὶ
1201 4611 1534 4687 ἀπέρχονται
1581 4610 1657 4673 εἰς
1705 4610 1796 4665 τὸν
1852 4610 1989 4684 πόρ-

2138 4629 2236 4668 um
2253 4610 2886 4685 augustei,ubicortina
2899 4626 3183 4680 suspensa
3203 4618 3312 4678 est,
3337 4611 3573 4666 abeunt.
3596 4613 3740 4664 Cum

344 4724 481 4774 τηκα
533 4706 636 4759 τοῦ
708 4701 1072 4778 αύγουσθέως,
1144 4697 1274 4756 ἔνθα
1328 4698 1590 4775 γρέμαται
1648 4701 1683 4768 ἡ
1741 4699 1988 4773 κορτίνα.
2022 4774 2051 4778 _

2134 4702 2394 4756 oronatio
2426 4700 2483 4755 in
2517 4714 2693 4754 aurea
2741 4714 2914 4754 manu
2947 4702 3074 4754 acta
3103 4702 3211 4770 est,
3255 4699 3508 4772 patriciae
3539 4714 3604 4754 ac
3633 4714 3742 4752 caa-

343 4793 442 4850 Kal
473 4791 566 4847 ὅτε
597 4774 802 4866 διέλθῃγ
822 4790 885 4846 τὸ
918 4789 1246 4867 στεφάνωμα
1291 4774 1374 4850 εἰς
1412 4788 1512 4857 τήν
1545 4793 1755 4862 χρυσῆν
1807 4792 1989 4862 χεῖρα,
2019 4774 2064 4840 D

2134 4805 2228 4844 me
2260 4793 2387 4860 post
2415 4787 2602 4859 ipsam
2647 4802 2836 4859 usque
2884 4787 2955 4842 ad
3002 4791 3261 4857 pontem.
3306 4789 3378 4845 ad
3411 4786 3740 4843 convivium

1684 4922 1926 4979 VARle
1963 4923 2374 4983 LECTIONES.

411 5036 458 5074 ⁷⁸
485 5039 596 5092 τῶν
625 5050 747 5094 om.
779 5035 873 5092 ed.
949 5031 995 5068 ⁷⁸
1021 5031 1084 5087 τὸ
1110 5029 1294 5106 τρίκλ.
1326 5031 1416 5088 ed.
1492 5030 1538 5067 ³ο
1574 5025 1700 5084 ἀλλ’
1731 5030 1893 5086 deest
1918 5030 1980 5088 in
2009 5029 2132 5088 cod.
2167 5030 2331 5087 Forte
2360 5029 2527 5103 plura
2557 5029 2787 5089 desunt.
2863 5031 2904 5067 ’ί
2935 5032 3045 5086 τῶν
3075 5030 3118 5083 θ’
3146 5031 3240 5086 ed.

1390 5156 1594 5215 JOAN.
1625 5156 1767 5214 JAC.
1802 5155 2066 5214 REISKII
2095 5155 2685 5216 COMMENTARIUS.

407 5294 522 5367 (15)
557 5289 918 5367 humilique.
950 5286 1285 5345 Proximum
1336 5299 1584 5357 sequens
1627 5279 1811 5342 καλῶς
1864 5283 1991 5354 ejus
2101 5282 2543 5367 distribuebau‘t.
2581 5283 2781 5367 gignis
2811 5280 3272 5367 Bassiiquidem‘
3295 5283 3556 5367 tempore
3583 5280 3737 5367 acci-

350 5349 900 5437 estiinterpre'tatiot
1045 5427 1079 5437 __
1245 5431 1256 5437 Δ
1384 5349 1436 5437 ί
1535 5425 1554 5437 _
1813 5424 1849 5437 η
1891 5349 1911 5354 ⁷
1937 5426 1949 5437 .
2092 5355 2572 5437 piabantmilites
2592 5349 3403 5437 ZSQAgrachmas'innepulum,
3424 5349 3738 5437 populares

414 5437 528 5508 (746)
577 5422 951 5508 Desponsam,
1013 5427 1174 5508 ritus.
1208 5431 1265 5484 et
1312 5434 1474 5484 actus
1513 5424 1986 5508 ldespousationis
2094 5422 2239 5508 Z159;
2270 5426 2516 5508 xli‘p‘hiln
2547 5442 2602 5508 pa.
2633 5424 2815 5508 _135.8‘,
2863 5425 2951 5480 ‘75.
2997 5422 3259 5508 Desiitne
3298 5422 3566 5508 hicnmzos
3624 5423 3737 5478 sub

353 5492 720 5575 nu'beutiuzn,
754 5519 883 5577 quae
915 5492 1351 5558 coronationem
1385 5492 1707 5570 nuptialem
1743 5495 1988 5552 debebat
2095 5492 2600 5577 impp_.__CPtan_is'_?
2633 5496 2923 5576 Equidem.
2957 5493 3119 5577 pulla
3148 5492 3275 5572 ejus
3300 5493 3548 5577 vestigia.
3569 5508 3731 5563 repe-

353 5563 719 5648 precederef
771 5563 792 5577 ’
984 5643 996 5648 _
1399 5639 1413 5648 _
1470 5563 1490 5570 ’
1636 5641 1647 5648 ⁸
1869 5638 1908 5648 __
1940 5638 1951 5648 I
2096 5563 2353 5648 rio-{illa
2374 5572 2536 5648 certe
2565 5563 2845 5648 tempore,
2879 5563 2927 5619 si
2961 5564 3099 5648 [orte
3132 5563 3442 5648 majum‘am
3477 5563 3730 5648 aliquam

444 5632 952 5723 lii—Imperatores
981 5643 1042 5698 in
1072 5640 1291 5723 nuptiis
1328 5639 1448 5697 suis
1489 5641 1784 5723 senatores
1819 5638 1989 5693 adhi-
2097 5632 2336 5722 ferrent,
2370 5642 2592 5723 tantum
2625 5632 2818 5723 tamen
2852 5632 3271 5705 profusionem,
3303 5638 3366 5690 ut
3395 5634 3582 5690 acciso
3616 5639 3728 5691 im-

353 5707 560 5778 bebant
578 5707 862 5778 conviviis
888 5730 1023 5772 cum
1047 5707 1321 5770 uxoribus
1346 5727 1543 5770 eorum
1565 5716 1622 5766 et
1651 5709 1722 5765 iis
1753 5725 1994 5765 munera
2100 5709 2280 5781 perio,
2313 5723 2426 5764 non
2456 5707 2733 5764 ferebant.

2121 1772 2410 1825 secretum
2435 1768 2746 1824 consulum
2770 1769 3006 1837 abeunt,
3031 1774 3090 1825 et
3109 1771 3366 1826 dominis
3390 1771 3469 1828 ibi
3493 1772 3770 1827 constitu-

2180 3542 2265 3598 γι.
2300 3541 2472 3598 Porro
2503 3539 3002 3595 animadversione
3033 3538 3274 3610 dignum
3307 3542 3414 3604 est,
3447 3539 3604 3610 quod
3637 3539 3742 3594 do-

2111 3629 2258 3687 mini
2294 3645 2407 3684 non
2456 3629 2518 3684 in
2550 3626 2958 3697 chlamydibus
2990 3642 3122 3680 cum
3159 3626 3364 3680 amicis
3396 3625 3455 3680 in
3486 3625 3745 3681 thalamo

2106 3719 2465 3782 consideaut,
2491 3716 2592 3772 sed
2626 3731 2871 3787 magnus
2899 3716 3211 3785 imperator
3241 3729 3481 3769 aureum
3514 3728 3745 3785 sagum,

2106 3812 2298 3868 minor
2327 3811 2676 3881 tzitzacium,
2717 3808 2890 3866 amici
2928 3812 3139 3875 vestes,
3170 3809 3230 3864 in
3262 3807 3479 3880 quibus
3509 3823 3746 3864 accum-

2104 3903 2271 3966 bunt,
2298 3903 2548 3972 gestent.
2581 3899 2888 3956 Sciendum
2919 3913 3150 3968 quoque
3179 3901 3286 3965 est,
3319 3899 3644 3969 Augustam
3684 3897 3744 3952 in

2104 3992 2423 4050 triclinium
2455 4006 2588 4046 cum
2635 4005 2848 4046 corona
2895 4004 3212 4060 egressam,
3243 3987 3575 4059 spatharios
3604 3988 3745 4043 dex-

2101 4082 2271 4138 tralia
2302 4081 2575 4136 manibus
2626 4081 2871 4135 ferentes
2927 4076 3210 4148 comitari,
3241 4093 3406 4132 arma
3452 4093 3586 4133 vero
3627 4092 3742 4132 non
