  <div class='ocr_page' id='page_1' title='image "/cluster/home/n/w/nwhite01/storage/ocr_20150623/112/mdp.39015034364078/243.png"; bbox 0 0 4152 6302; ppageno 0'>
   <div class='ocr_carea' id='block_1_1' title="bbox 395 287 511 346">
    <p class='ocr_par' dir='ltr' id='par_1_1' title="bbox 395 287 511 346">
     <span class='ocr_line' id='line_1_1' title="bbox 395 287 511 346; baseline 0.009 -2"><span class='ocrx_word' id='word_1_1' title='bbox 395 287 511 346; x_wconf 71' lang='grc'><strong>471</strong></span> 
     </span>
    </p>
   </div>
   <div class='ocr_carea' id='block_1_2' title="bbox 1411 279 2690 343">
    <p class='ocr_par' dir='ltr' id='par_1_2' title="bbox 1411 279 2690 343">
     <span class='ocr_line' id='line_1_2' title="bbox 1411 279 2690 343; baseline -0.002 -1"><span class='ocrx_word' id='word_1_2' title='bbox 1411 282 1945 343; x_wconf 76' lang='grc' dir='ltr'><strong>ΟΟΝΞΤΑΝΤΙΝΙ</strong></span> <span class='ocrx_word' id='word_1_3' title='bbox 1991 279 2690 340; x_wconf 75' lang='lat' dir='ltr'><strong>PORPHYROGENITI</strong></span> 
     </span>
    </p>
   </div>
   <div class='ocr_carea' id='block_1_3' title="bbox 3690 278 3818 338">
    <p class='ocr_par' dir='ltr' id='par_1_3' title="bbox 3690 278 3818 338">
     <span class='ocr_line' id='line_1_3' title="bbox 3690 278 3818 338; baseline 0 0"><span class='ocrx_word' id='word_1_4' title='bbox 3690 278 3818 338; x_wconf 72' lang='lat'><strong>472</strong></span> 
     </span>
    </p>
   </div>
   <div class='ocr_carea' id='block_1_4' title="bbox 395 406 2045 486">
    <p class='ocr_par' dir='ltr' id='par_1_4' title="bbox 395 413 2028 486">
     <span class='ocr_line' id='line_1_4' title="bbox 395 413 2028 486; baseline -0.006 -14"><span class='ocrx_word' id='word_1_5' title='bbox 395 416 516 472; x_wconf 62' lang='lat' dir='ltr'><strong>haec</strong></span> <span class='ocrx_word' id='word_1_6' title='bbox 567 416 712 473; x_wconf 91' lang='lat' dir='ltr'><strong>dies.</strong></span> <span class='ocrx_word' id='word_1_7' title='bbox 733 439 761 466; x_wconf 87' lang='lat'>»</span> <span class='ocrx_word' id='word_1_8' title='bbox 781 419 1094 474; x_wconf 89' lang='lat' dir='ltr'><strong>Cantores:</strong></span> <span class='ocrx_word' id='word_1_9' title='bbox 1122 437 1151 466; x_wconf 91' lang='grc'><strong>‹‹</strong></span> <span class='ocrx_word' id='word_1_10' title='bbox 1184 418 1252 470; x_wconf 88' lang='lat' dir='ltr'><strong>Et</strong></span> <span class='ocrx_word' id='word_1_11' title='bbox 1285 413 1424 485; x_wconf 90' lang='lat' dir='ltr'><strong>quid</strong></span> <span class='ocrx_word' id='word_1_12' title='bbox 1477 415 1616 486; x_wconf 86' lang='lat' dir='ltr'>ipsis</span> <span class='ocrx_word' id='word_1_13' title='bbox 1633 413 1977 486; x_wconf 80' lang='lat' dir='ltr'><strong>contingat?</strong></span> <span class='ocrx_word' id='word_1_14' title='bbox 2001 435 2028 463; x_wconf 69' lang='grc' dir='ltr'><strong>η</strong></span> 
     </span>
    </p>
   </div>
   <div class='ocr_carea' id='block_1_5' title="bbox 2160 406 3818 486">
    <p class='ocr_par' dir='ltr' id='par_1_5' title="bbox 2160 406 3818 485">
     <span class='ocr_line' id='line_1_5' title="bbox 2160 406 3818 485; baseline 0.003 -26"><span class='ocrx_word' id='word_1_15' title='bbox 2160 432 2176 459; x_wconf 89' lang='grc'><strong>‹</strong></span> <span class='ocrx_word' id='word_1_16' title='bbox 2208 409 2304 464; x_wconf 76' lang='grc' dir='ltr'><strong>Καὶ</strong></span> <span class='ocrx_word' id='word_1_17' title='bbox 2338 408 2618 485; x_wconf 82' lang='grc' dir='ltr'>ἐνίσχυσον</span> <span class='ocrx_word' id='word_1_18' title='bbox 2671 407 2882 479; x_wconf 78' lang='grc' dir='ltr'>αὐτοὺς,</span> <span class='ocrx_word' id='word_1_19' title='bbox 2932 411 3044 478; x_wconf 80' lang='grc' dir='ltr'>καὶ,</span> <span class='ocrx_word' id='word_1_20' title='bbox 3087 409 3274 481; x_wconf 72' lang='grc' dir='ltr'>Κύριε,</span> <span class='ocrx_word' id='word_1_21' title='bbox 3327 406 3388 464; x_wconf 73' lang='grc' dir='ltr'>σὺ</span> <span class='ocrx_word' id='word_1_22' title='bbox 3435 408 3636 472; x_wconf 69' lang='grc' dir='ltr'>αὐτοὺς</span> <span class='ocrx_word' id='word_1_23' title='bbox 3700 412 3818 464; x_wconf 78' lang='grc' dir='ltr'>σῶ-</span> 
     </span>
    </p>
   </div>
   <div class='ocr_carea' id='block_1_6' title="bbox 391 502 2042 578">
    <p class='ocr_par' dir='ltr' id='par_1_6' title="bbox 391 502 2042 578">
     <span class='ocr_line' id='line_1_6' title="bbox 391 502 2042 578; baseline -0.002 -16"><span class='ocrx_word' id='word_1_24' title='bbox 391 507 644 578; x_wconf 87' lang='lat' dir='ltr'><strong>pOpulus</strong></span> <span class='ocrx_word' id='word_1_25' title='bbox 666 526 681 567; x_wconf 75' lang='grc' dir='ltr'><strong>ς</strong></span> <span class='ocrx_word' id='word_1_26' title='bbox 707 528 733 555; x_wconf 83' lang='grc' dir='ltr'>ι(</span> <span class='ocrx_word' id='word_1_27' title='bbox 768 511 848 560; x_wconf 89' lang='lat' dir='ltr'><strong>Tu</strong></span> <span class='ocrx_word' id='word_1_28' title='bbox 882 506 1042 574; x_wconf 88' lang='lat' dir='ltr'><strong>ipsos</strong></span> <span class='ocrx_word' id='word_1_29' title='bbox 1061 505 1391 565; x_wconf 80' lang='lat' dir='ltr'><strong>corrobora.</strong></span> <span class='ocrx_word' id='word_1_30' title='bbox 1423 503 1538 560; x_wconf 90' lang='lat' dir='ltr'><strong>imo</strong></span> <span class='ocrx_word' id='word_1_31' title='bbox 1567 502 1824 572; x_wconf 88' lang='lat' dir='ltr'><strong>Domine,</strong></span> <span class='ocrx_word' id='word_1_32' title='bbox 1850 509 1911 557; x_wconf 87' lang='lat' dir='ltr'><strong>tu</strong></span> <span class='ocrx_word' id='word_1_33' title='bbox 1945 520 2042 559; x_wconf 88' lang='lat' dir='ltr'><strong>eos</strong></span> 
     </span>
    </p>
   </div>
   <div class='ocr_carea' id='block_1_7' title="bbox 395 593 2042 664">
    <p class='ocr_par' dir='ltr' id='par_1_7' title="bbox 395 593 2042 664">
     <span class='ocr_line' id='line_1_7' title="bbox 395 593 2042 664; baseline -0.006 -12"><span class='ocrx_word' id='word_1_34' title='bbox 395 611 579 663; x_wconf 84' lang='lat' dir='ltr'><strong>serva,</strong></span> <span class='ocrx_word' id='word_1_35' title='bbox 623 595 760 662; x_wconf 91' lang='lat' dir='ltr'><strong>imo,</strong></span> <span class='ocrx_word' id='word_1_36' title='bbox 815 595 1073 662; x_wconf 89' lang='lat' dir='ltr'><strong>Domine,</strong></span> <span class='ocrx_word' id='word_1_37' title='bbox 1116 593 1364 664; x_wconf 77' lang='lat' dir='ltr'><strong>insignis</strong></span> <span class='ocrx_word' id='word_1_38' title='bbox 1413 593 1668 649; x_wconf 90' lang='lat' dir='ltr'><strong>victoriis</strong></span> <span class='ocrx_word' id='word_1_39' title='bbox 1707 597 1798 648; x_wconf 90' lang='lat' dir='ltr'><strong>est</strong></span> <span class='ocrx_word' id='word_1_40' title='bbox 1835 593 1981 648; x_wconf 85' lang='lat' dir='ltr'><strong>dies.</strong></span> <span class='ocrx_word' id='word_1_41' title='bbox 2013 614 2042 643; x_wconf 84' lang='grc'><strong>››</strong></span> 
     </span>
    </p>
   </div>
   <div class='ocr_carea' id='block_1_8' title="bbox 472 681 2042 751">
    <p class='ocr_par' dir='ltr' id='par_1_8' title="bbox 472 681 2042 751">
     <span class='ocr_line' id='line_1_8' title="bbox 472 681 2042 751; baseline -0.002 -12"><span class='ocrx_word' id='word_1_42' title='bbox 472 684 541 739; x_wconf 87' lang='lat' dir='ltr'>II.</span> <span class='ocrx_word' id='word_1_43' title='bbox 589 683 690 738; x_wconf 88' lang='lat' dir='ltr'><strong>His</strong></span> <span class='ocrx_word' id='word_1_44' title='bbox 739 683 941 751; x_wconf 85' lang='lat' dir='ltr'><strong>ﬁnitis,</strong></span> <span class='ocrx_word' id='word_1_45' title='bbox 993 688 1261 740; x_wconf 88' lang='lat' dir='ltr'><strong>cantores</strong></span> <span class='ocrx_word' id='word_1_46' title='bbox 1311 681 1426 738; x_wconf 88' lang='lat' dir='ltr'><strong>alia</strong></span> <span class='ocrx_word' id='word_1_47' title='bbox 1475 683 1685 739; x_wconf 85' lang='lat' dir='ltr'><strong>deinde</strong></span> <span class='ocrx_word' id='word_1_48' title='bbox 1730 687 1860 738; x_wconf 87' lang='lat' dir='ltr'><strong>acta</strong></span> <span class='ocrx_word' id='word_1_49' title='bbox 1894 681 2042 737; x_wconf 90' lang='lat' dir='ltr'><strong>reci-</strong></span> 
     </span>
    </p>
   </div>
   <div class='ocr_carea' id='block_1_9' title="bbox 399 772 2044 838">
    <p class='ocr_par' dir='ltr' id='par_1_9' title="bbox 399 772 2044 838">
     <span class='ocr_line' id='line_1_9' title="bbox 399 772 2044 838; baseline -0.001 -11"><span class='ocrx_word' id='word_1_50' title='bbox 399 775 529 827; x_wconf 84' lang='lat' dir='ltr'><strong>tant</strong></span> <span class='ocrx_word' id='word_1_51' title='bbox 565 788 577 826; x_wconf 89' lang='lat'>:</span> <span class='ocrx_word' id='word_1_52' title='bbox 614 793 642 822; x_wconf 88' lang='lat'>«</span> <span class='ocrx_word' id='word_1_53' title='bbox 675 772 956 829; x_wconf 87' lang='lat' dir='ltr'><strong>Pulchras</strong></span> <span class='ocrx_word' id='word_1_54' title='bbox 1006 787 1073 828; x_wconf 90' lang='lat' dir='ltr'><strong>ac</strong></span> <span class='ocrx_word' id='word_1_55' title='bbox 1123 772 1316 828; x_wconf 86' lang='lat' dir='ltr'><strong>felices</strong></span> <span class='ocrx_word' id='word_1_56' title='bbox 1363 772 1488 827; x_wconf 90' lang='lat' dir='ltr'><strong>dies</strong></span> <span class='ocrx_word' id='word_1_57' title='bbox 1535 772 1816 838; x_wconf 89' lang='lat' dir='ltr'><strong>dominis,</strong></span> <span class='ocrx_word' id='word_1_58' title='bbox 1845 787 2044 826; x_wconf 89' lang='lat' dir='ltr'><strong>veram</strong></span> 
     </span>
    </p>
   </div>
   <div class='ocr_carea' id='block_1_10' title="bbox 399 859 2045 932">
    <p class='ocr_par' dir='ltr' id='par_1_10' title="bbox 399 859 2045 932">
     <span class='ocr_line' id='line_1_10' title="bbox 399 859 2045 932; baseline -0.001 -17"><span class='ocrx_word' id='word_1_59' title='bbox 399 860 740 932; x_wconf 82' lang='lat' dir='ltr'><strong>religionem</strong></span> <span class='ocrx_word' id='word_1_60' title='bbox 799 861 1192 930; x_wconf 76' lang='lat' dir='ltr'><strong>servantibus,</strong></span> <span class='ocrx_word' id='word_1_61' title='bbox 1225 861 1380 916; x_wconf 89' lang='lat' dir='ltr'><strong>Deus</strong></span> <span class='ocrx_word' id='word_1_62' title='bbox 1424 861 1675 916; x_wconf 82' lang='lat' dir='ltr'><strong>tribuat!</strong></span> <span class='ocrx_word' id='word_1_63' title='bbox 1713 882 1740 910; x_wconf 85' lang='lat'><strong>»</strong></span> <span class='ocrx_word' id='word_1_64' title='bbox 1792 859 2045 930; x_wconf 89' lang='lat' dir='ltr'><strong>populus</strong></span> 
     </span>
    </p>
   </div>
   <div class='ocr_carea' id='block_1_11' title="bbox 400 949 2044 1006">
    <p class='ocr_par' dir='ltr' id='par_1_11' title="bbox 400 949 2044 1006">
     <span class='ocr_line' id='line_1_11' title="bbox 400 949 2044 1006; baseline -0.003 0"><span class='ocrx_word' id='word_1_65' title='bbox 400 952 602 1006; x_wconf 90' lang='lat' dir='ltr'><strong>eadem</strong></span> <span class='ocrx_word' id='word_1_66' title='bbox 634 955 740 1004; x_wconf 92' lang='lat' dir='ltr'><strong>ter.</strong></span> <span class='ocrx_word' id='word_1_67' title='bbox 770 950 1051 1006; x_wconf 82' lang='lat' dir='ltr'><strong>Cantores</strong></span> <span class='ocrx_word' id='word_1_68' title='bbox 1086 967 1100 1006; x_wconf 91' lang='lat'><strong>:</strong></span> <span class='ocrx_word' id='word_1_69' title='bbox 1136 971 1164 1000; x_wconf 90' lang='lat'>«</span> <span class='ocrx_word' id='word_1_70' title='bbox 1202 949 1490 1005; x_wconf 87' lang='lat' dir='ltr'><strong>Felicibus</strong></span> <span class='ocrx_word' id='word_1_71' title='bbox 1521 950 1728 1005; x_wconf 89' lang='lat' dir='ltr'><strong>diebus</strong></span> <span class='ocrx_word' id='word_1_72' title='bbox 1760 953 1913 1002; x_wconf 88' lang='lat' dir='ltr'><strong>Deus</strong></span> <span class='ocrx_word' id='word_1_73' title='bbox 1957 963 2044 1002; x_wconf 89' lang='lat' dir='ltr'><strong>re-</strong></span> 
     </span>
    </p>
   </div>
   <div class='ocr_carea' id='block_1_12' title="bbox 401 1037 2044 1112">
    <p class='ocr_par' dir='ltr' id='par_1_12' title="bbox 401 1037 2044 1112">
     <span class='ocr_line' id='line_1_12' title="bbox 401 1037 2044 1112; baseline -0.001 -19"><span class='ocrx_word' id='word_1_74' title='bbox 401 1056 579 1110; x_wconf 80' lang='lat' dir='ltr'><strong>gnum</strong></span> <span class='ocrx_word' id='word_1_75' title='bbox 623 1041 864 1109; x_wconf 90' lang='lat' dir='ltr'><strong>impleat</strong></span> <span class='ocrx_word' id='word_1_76' title='bbox 899 1041 910 1094; x_wconf 93' lang='lat'><strong>!</strong></span> <span class='ocrx_word' id='word_1_77' title='bbox 943 1062 971 1091; x_wconf 87' lang='grc'><strong>››</strong></span> <span class='ocrx_word' id='word_1_78' title='bbox 1012 1038 1261 1112; x_wconf 92' lang='lat' dir='ltr'><strong>populus</strong></span> <span class='ocrx_word' id='word_1_79' title='bbox 1311 1040 1510 1094; x_wconf 87' lang='lat' dir='ltr'><strong>eodem</strong></span> <span class='ocrx_word' id='word_1_80' title='bbox 1558 1040 1724 1094; x_wconf 91' lang='lat' dir='ltr'><strong>modo</strong></span> <span class='ocrx_word' id='word_1_81' title='bbox 1755 1043 1860 1093; x_wconf 92' lang='lat' dir='ltr'><strong>ter.</strong></span> <span class='ocrx_word' id='word_1_82' title='bbox 1897 1037 2044 1092; x_wconf 86' lang='lat' dir='ltr'><strong>Can-</strong></span> 
     </span>
    </p>
   </div>
   <div class='ocr_carea' id='block_1_13' title="bbox 401 1127 2046 1198">
    <p class='ocr_par' dir='ltr' id='par_1_13' title="bbox 401 1127 2046 1198">
     <span class='ocr_line' id='line_1_13' title="bbox 401 1127 2046 1198; baseline -0.001 -15"><span class='ocrx_word' id='word_1_83' title='bbox 401 1131 558 1183; x_wconf 83' lang='lat' dir='ltr'><strong>tores</strong></span> <span class='ocrx_word' id='word_1_84' title='bbox 593 1144 605 1182; x_wconf 93' lang='lat'>:</span> <span class='ocrx_word' id='word_1_85' title='bbox 641 1150 670 1179; x_wconf 88' lang='grc'><strong>‹‹</strong></span> <span class='ocrx_word' id='word_1_86' title='bbox 693 1129 846 1185; x_wconf 90' lang='lat' dir='ltr'><strong>Deus</strong></span> <span class='ocrx_word' id='word_1_87' title='bbox 880 1128 1073 1184; x_wconf 87' lang='lat' dir='ltr'><strong>felices</strong></span> <span class='ocrx_word' id='word_1_88' title='bbox 1105 1129 1228 1184; x_wconf 89' lang='lat' dir='ltr'><strong>dies</strong></span> <span class='ocrx_word' id='word_1_89' title='bbox 1259 1127 1510 1181; x_wconf 91' lang='lat' dir='ltr'><strong>dominis</strong></span> <span class='ocrx_word' id='word_1_90' title='bbox 1544 1127 1852 1182; x_wconf 81' lang='lat' dir='ltr'><strong>concedat!</strong></span> <span class='ocrx_word' id='word_1_91' title='bbox 1890 1148 1917 1175; x_wconf 84' lang='lat'>»</span> <span class='ocrx_word' id='word_1_92' title='bbox 1951 1143 2046 1198; x_wconf 89' lang='lat' dir='ltr'><strong>po-</strong></span> 
     </span>
    </p>
   </div>
   <div class='ocr_carea' id='block_1_14' title="bbox 402 1215 2044 1289">
    <p class='ocr_par' dir='ltr' id='par_1_14' title="bbox 402 1215 2044 1289">
     <span class='ocr_line' id='line_1_14' title="bbox 402 1215 2044 1289; baseline 0.001 -19"><span class='ocrx_word' id='word_1_93' title='bbox 402 1217 576 1289; x_wconf 90' lang='lat' dir='ltr'><strong>pulus</strong></span> <span class='ocrx_word' id='word_1_94' title='bbox 621 1217 891 1272; x_wconf 82' lang='lat' dir='ltr'><strong>similiter</strong></span> <span class='ocrx_word' id='word_1_95' title='bbox 939 1217 1128 1272; x_wconf 90' lang='lat' dir='ltr'><strong>tribus</strong></span> <span class='ocrx_word' id='word_1_96' title='bbox 1177 1217 1422 1270; x_wconf 89' lang='lat' dir='ltr'><strong>vicibus.</strong></span> <span class='ocrx_word' id='word_1_97' title='bbox 1475 1215 1793 1271; x_wconf 83' lang='lat' dir='ltr'><strong>Cantores:</strong></span> <span class='ocrx_word' id='word_1_98' title='bbox 1833 1237 1860 1265; x_wconf 86' lang='grc'>‹‹</span> <span class='ocrx_word' id='word_1_99' title='bbox 1897 1217 2044 1271; x_wconf 85' lang='lat' dir='ltr'><strong>Deus</strong></span> 
     </span>
    </p>
   </div>
   <div class='ocr_carea' id='block_1_15' title="bbox 405 1305 2040 1377">
    <p class='ocr_par' dir='ltr' id='par_1_15' title="bbox 405 1305 2040 1377">
     <span class='ocr_line' id='line_1_15' title="bbox 405 1305 2040 1377; baseline -0.003 -17"><span class='ocrx_word' id='word_1_100' title='bbox 405 1306 600 1361; x_wconf 84' lang='lat' dir='ltr'><strong>felices</strong></span> <span class='ocrx_word' id='word_1_101' title='bbox 623 1306 746 1360; x_wconf 91' lang='lat' dir='ltr'><strong>dies</strong></span> <span class='ocrx_word' id='word_1_102' title='bbox 769 1309 1041 1376; x_wconf 72' lang='lat' dir='ltr'><strong>Augustas</strong></span> <span class='ocrx_word' id='word_1_103' title='bbox 1065 1310 1121 1359; x_wconf 91' lang='lat' dir='ltr'><strong>et</strong></span> <span class='ocrx_word' id='word_1_104' title='bbox 1144 1305 1652 1377; x_wconf 79' lang='lat' dir='ltr'><strong>porphyrogenitis</strong></span> <span class='ocrx_word' id='word_1_105' title='bbox 1675 1305 1988 1373; x_wconf 81' lang='lat' dir='ltr'><strong>concedat;</strong></span> <span class='ocrx_word' id='word_1_106' title='bbox 2017 1325 2040 1355; x_wconf 74' lang='grc' dir='ltr'><strong>ν</strong></span> 
     </span>
    </p>
   </div>
   <div class='ocr_carea' id='block_1_16' title="bbox 402 1394 2042 1464">
    <p class='ocr_par' dir='ltr' id='par_1_16' title="bbox 402 1394 2042 1464">
     <span class='ocr_line' id='line_1_16' title="bbox 402 1394 2042 1464; baseline 0.002 -19"><span class='ocrx_word' id='word_1_107' title='bbox 402 1395 656 1464; x_wconf 79' lang='lat' dir='ltr'><strong>populus</strong></span> <span class='ocrx_word' id='word_1_108' title='bbox 706 1396 904 1448; x_wconf 90' lang='lat' dir='ltr'><strong>eadem</strong></span> <span class='ocrx_word' id='word_1_109' title='bbox 958 1399 1064 1448; x_wconf 87' lang='lat' dir='ltr'><strong>ter.</strong></span> <span class='ocrx_word' id='word_1_110' title='bbox 1113 1394 1388 1449; x_wconf 88' lang='lat' dir='ltr'><strong>Cantores</strong></span> <span class='ocrx_word' id='word_1_111' title='bbox 1421 1411 1435 1449; x_wconf 86' lang='lat'><strong>:</strong></span> <span class='ocrx_word' id='word_1_112' title='bbox 1472 1416 1499 1443; x_wconf 89' lang='grc'><strong>‹‹</strong></span> <span class='ocrx_word' id='word_1_113' title='bbox 1534 1394 1818 1449; x_wconf 82' lang='lat' dir='ltr'><strong>Perlectas</strong></span> <span class='ocrx_word' id='word_1_114' title='bbox 1866 1395 2042 1449; x_wconf 85' lang='lat' dir='ltr'><strong>victo-</strong></span> 
     </span>
    </p>
   </div>
   <div class='ocr_carea' id='block_1_17' title="bbox 409 1481 2047 1554">
    <p class='ocr_par' dir='ltr' id='par_1_17' title="bbox 409 1481 2047 1554">
     <span class='ocr_line' id='line_1_17' title="bbox 409 1481 2047 1554; baseline 0.002 -18"><span class='ocrx_word' id='word_1_115' title='bbox 409 1481 523 1536; x_wconf 84' lang='lat' dir='ltr'><strong>rias</strong></span> <span class='ocrx_word' id='word_1_116' title='bbox 549 1482 700 1536; x_wconf 91' lang='lat' dir='ltr'><strong>Deus</strong></span> <span class='ocrx_word' id='word_1_117' title='bbox 731 1481 799 1537; x_wconf 89' lang='lat' dir='ltr'><strong>N.</strong></span> <span class='ocrx_word' id='word_1_118' title='bbox 829 1492 881 1536; x_wconf 90' lang='lat' dir='ltr'><strong>et</strong></span> <span class='ocrx_word' id='word_1_119' title='bbox 912 1482 978 1536; x_wconf 89' lang='lat' dir='ltr'><strong>N.</strong></span> <span class='ocrx_word' id='word_1_120' title='bbox 1010 1483 1266 1551; x_wconf 85' lang='lat' dir='ltr'><strong>tribuat;</strong></span> <span class='ocrx_word' id='word_1_121' title='bbox 1306 1503 1329 1533; x_wconf 71' lang='grc' dir='ltr'><strong>ι</strong></span> <span class='ocrx_word' id='word_1_122' title='bbox 1364 1482 1447 1538; x_wconf 90' lang='lat' dir='ltr'><strong>sic</strong></span> <span class='ocrx_word' id='word_1_123' title='bbox 1482 1484 1735 1554; x_wconf 80' lang='lat' dir='ltr'><strong>populus</strong></span> <span class='ocrx_word' id='word_1_124' title='bbox 1768 1489 1871 1538; x_wconf 87' lang='lat' dir='ltr'><strong>ter.</strong></span> <span class='ocrx_word' id='word_1_125' title='bbox 1905 1483 2047 1539; x_wconf 89' lang='lat' dir='ltr'><strong>Can-</strong></span> 
     </span>
    </p>
   </div>
   <div class='ocr_carea' id='block_1_18' title="bbox 400 1570 2046 1644">
    <p class='ocr_par' dir='ltr' id='par_1_18' title="bbox 400 1570 2046 1644">
     <span class='ocr_line' id='line_1_18' title="bbox 400 1570 2046 1644; baseline 0.002 -20"><span class='ocrx_word' id='word_1_126' title='bbox 400 1575 556 1625; x_wconf 83' lang='lat' dir='ltr'><strong>tores</strong></span> <span class='ocrx_word' id='word_1_127' title='bbox 588 1586 601 1624; x_wconf 91' lang='lat'><strong>:</strong></span> <span class='ocrx_word' id='word_1_128' title='bbox 645 1591 667 1619; x_wconf 83' lang='grc'><strong>«</strong></span> <span class='ocrx_word' id='word_1_129' title='bbox 700 1570 854 1626; x_wconf 86' lang='lat' dir='ltr'><strong>Deus</strong></span> <span class='ocrx_word' id='word_1_130' title='bbox 887 1571 1084 1626; x_wconf 85' lang='lat' dir='ltr'><strong>felices</strong></span> <span class='ocrx_word' id='word_1_131' title='bbox 1116 1572 1239 1626; x_wconf 91' lang='lat' dir='ltr'><strong>dies</strong></span> <span class='ocrx_word' id='word_1_132' title='bbox 1269 1587 1334 1625; x_wconf 89' lang='lat' dir='ltr'><strong>ac</strong></span> <span class='ocrx_word' id='word_1_133' title='bbox 1382 1572 1604 1626; x_wconf 82' lang='lat' dir='ltr'><strong>natales</strong></span> <span class='ocrx_word' id='word_1_134' title='bbox 1653 1574 2046 1644; x_wconf 81' lang='lat' dir='ltr'><strong>porphyroge—</strong></span> 
     </span>
    </p>
   </div>
   <div class='ocr_carea' id='block_1_19' title="bbox 401 1659 2043 1732">
    <p class='ocr_par' dir='ltr' id='par_1_19' title="bbox 401 1659 2043 1732">
     <span class='ocr_line' id='line_1_19' title="bbox 401 1659 2043 1732; baseline 0.004 -20"><span class='ocrx_word' id='word_1_135' title='bbox 401 1659 544 1726; x_wconf 87' lang='lat' dir='ltr'><strong>nito,</strong></span> <span class='ocrx_word' id='word_1_136' title='bbox 569 1676 735 1728; x_wconf 91' lang='lat' dir='ltr'><strong>quem</strong></span> <span class='ocrx_word' id='word_1_137' title='bbox 760 1661 1122 1728; x_wconf 89' lang='lat' dir='ltr'><strong>suscepistis,</strong></span> <span class='ocrx_word' id='word_1_138' title='bbox 1148 1660 1426 1715; x_wconf 85' lang='lat' dir='ltr'><strong>concedat</strong></span> <span class='ocrx_word' id='word_1_139' title='bbox 1455 1659 1467 1714; x_wconf 94' lang='lat' dir='ltr'><strong>l</strong></span> <span class='ocrx_word' id='word_1_140' title='bbox 1503 1684 1524 1712; x_wconf 74' lang='grc' dir='ltr'><strong>ι</strong></span> <span class='ocrx_word' id='word_1_141' title='bbox 1556 1661 1807 1732; x_wconf 86' lang='lat' dir='ltr'><strong>populus</strong></span> <span class='ocrx_word' id='word_1_142' title='bbox 1839 1665 2043 1718; x_wconf 87' lang='lat' dir='ltr'><strong>eodem</strong></span> 
     </span>
    </p>
   </div>
   <div class='ocr_carea' id='block_1_20' title="bbox 400 1747 2041 1820">
    <p class='ocr_par' dir='ltr' id='par_1_20' title="bbox 400 1747 2041 1820">
     <span class='ocr_line' id='line_1_20' title="bbox 400 1747 2041 1820; baseline 0.002 -17"><span class='ocrx_word' id='word_1_143' title='bbox 400 1747 573 1803; x_wconf 87' lang='lat' dir='ltr'><strong>modo</strong></span> <span class='ocrx_word' id='word_1_144' title='bbox 623 1753 729 1803; x_wconf 89' lang='lat' dir='ltr'><strong>ter.</strong></span> <span class='ocrx_word' id='word_1_145' title='bbox 777 1749 1053 1804; x_wconf 90' lang='lat' dir='ltr'><strong>Cantores</strong></span> <span class='ocrx_word' id='word_1_146' title='bbox 1087 1765 1100 1804; x_wconf 91' lang='lat'><strong>:</strong></span> <span class='ocrx_word' id='word_1_147' title='bbox 1136 1772 1164 1798; x_wconf 88' lang='lat'><strong>«</strong></span> <span class='ocrx_word' id='word_1_148' title='bbox 1198 1750 1450 1820; x_wconf 87' lang='lat' dir='ltr'><strong>Spiritus</strong></span> <span class='ocrx_word' id='word_1_149' title='bbox 1482 1751 1878 1816; x_wconf 86' lang='lat' dir='ltr'><strong>sanctissime,</strong></span> <span class='ocrx_word' id='word_1_150' title='bbox 1924 1752 2041 1806; x_wconf 84' lang='lat' dir='ltr'><strong>Au-</strong></span> 
     </span>
    </p>
   </div>
   <div class='ocr_carea' id='block_1_21' title="bbox 2153 498 3292 572">
    <p class='ocr_par' dir='ltr' id='par_1_21' title="bbox 2153 498 3292 572">
     <span class='ocr_line' id='line_1_21' title="bbox 2153 498 3292 572; baseline -0.003 -19"><span class='ocrx_word' id='word_1_151' title='bbox 2153 519 2266 570; x_wconf 86' lang='grc' dir='ltr'>σον,</span> <span class='ocrx_word' id='word_1_152' title='bbox 2298 499 2405 571; x_wconf 85' lang='grc' dir='ltr'>ναὶ,</span> <span class='ocrx_word' id='word_1_153' title='bbox 2430 499 2615 572; x_wconf 69' lang='grc' dir='ltr'>Κύριε,</span> <span class='ocrx_word' id='word_1_154' title='bbox 2647 499 2819 561; x_wconf 80' lang='grc' dir='ltr'><strong>νίκαις</strong></span> <span class='ocrx_word' id='word_1_155' title='bbox 2851 498 2994 568; x_wconf 85' lang='grc' dir='ltr'><strong>καλή</strong></span> <span class='ocrx_word' id='word_1_156' title='bbox 3028 498 3228 572; x_wconf 67' lang='grc' dir='ltr'>ἡμέρα.</span> <span class='ocrx_word' id='word_1_157' title='bbox 3265 522 3292 550; x_wconf 88' lang='grc'>››</span> 
     </span>
    </p>
   </div>
   <div class='ocr_carea' id='block_1_22' title="bbox 2223 671 3821 750">
    <p class='ocr_par' dir='ltr' id='par_1_22' title="bbox 2223 671 3821 750">
     <span class='ocr_line' id='line_1_22' title="bbox 2223 671 3821 750; baseline 0.001 -18"><span class='ocrx_word' id='word_1_158' title='bbox 2223 676 2298 732; x_wconf 81' lang='grc' dir='ltr'><strong>Β“.</strong></span> <span class='ocrx_word' id='word_1_159' title='bbox 2332 676 2397 733; x_wconf 78' lang='lat'><strong>0&#39;:</strong></span> <span class='ocrx_word' id='word_1_160' title='bbox 2420 677 2643 750; x_wconf 77' lang='grc' dir='ltr'>κράκται</span> <span class='ocrx_word' id='word_1_161' title='bbox 2677 672 2734 731; x_wconf 70' lang='grc' dir='ltr'>δὲ</span> <span class='ocrx_word' id='word_1_162' title='bbox 2773 674 3030 750; x_wconf 82' lang='grc' dir='ltr'>λέγουσιν</span> <span class='ocrx_word' id='word_1_163' title='bbox 3070 675 3174 731; x_wconf 81' lang='grc' dir='ltr'><strong>ἀπὸ</strong></span> <span class='ocrx_word' id='word_1_164' title='bbox 3203 675 3410 730; x_wconf 72' lang='grc' dir='ltr'>τούτων</span> <span class='ocrx_word' id='word_1_165' title='bbox 3442 671 3596 750; x_wconf 77' lang='grc' dir='ltr'>ἔτερα</span> <span class='ocrx_word' id='word_1_166' title='bbox 3646 677 3821 734; x_wconf 86' lang='grc' dir='ltr'>ἄκτα.</span> 
     </span>
    </p>
   </div>
   <div class='ocr_carea' id='block_1_23' title="bbox 2153 763 3820 843">
    <p class='ocr_par' dir='ltr' id='par_1_23' title="bbox 2153 763 3820 843">
     <span class='ocr_line' id='line_1_23' title="bbox 2153 763 3820 843; baseline 0.003 -27"><span class='ocrx_word' id='word_1_167' title='bbox 2153 789 2180 816; x_wconf 85' lang='grc' dir='ltr'>ι(</span> <span class='ocrx_word' id='word_1_168' title='bbox 2233 763 2418 828; x_wconf 74' lang='grc' dir='ltr'>Καλᾶς</span> <span class='ocrx_word' id='word_1_169' title='bbox 2469 767 2678 840; x_wconf 77' lang='grc' dir='ltr'>ἡμέρας</span> <span class='ocrx_word' id='word_1_170' title='bbox 2733 765 2824 820; x_wconf 81' lang='grc' dir='ltr'><strong>καὶ</strong></span> <span class='ocrx_word' id='word_1_171' title='bbox 2863 765 3067 843; x_wconf 72' lang='grc' dir='ltr'>ἀγαθὰς</span> <span class='ocrx_word' id='word_1_172' title='bbox 3120 767 3147 820; x_wconf 92' lang='lat'><strong>6</strong></span> <span class='ocrx_word' id='word_1_173' title='bbox 3191 764 3322 828; x_wconf 84' lang='grc' dir='ltr'><strong>Θεὸς</strong></span> <span class='ocrx_word' id='word_1_174' title='bbox 3367 766 3627 842; x_wconf 76' lang='grc' dir='ltr'>παράσχῃ</span> <span class='ocrx_word' id='word_1_175' title='bbox 3685 772 3820 830; x_wconf 88' lang='grc' dir='ltr'>τοῖς</span> 
     </span>
    </p>
   </div>
   <div class='ocr_carea' id='block_1_24' title="bbox 2153 851 3824 931">
    <p class='ocr_par' dir='ltr' id='par_1_24' title="bbox 2153 851 3824 931">
     <span class='ocr_line' id='line_1_24' title="bbox 2153 851 3824 931; baseline 0.001 -23"><span class='ocrx_word' id='word_1_176' title='bbox 2153 851 2464 927; x_wconf 77' lang='grc' dir='ltr'>ὀρθοδόξοις</span> <span class='ocrx_word' id='word_1_177' title='bbox 2493 852 2798 918; x_wconf 77' lang='grc' dir='ltr'>δεσπόταιςο</span> <span class='ocrx_word' id='word_1_178' title='bbox 2837 878 2864 907; x_wconf 72' lang='grc' dir='ltr'>ι)</span> <span class='ocrx_word' id='word_1_179' title='bbox 2899 855 2926 908; x_wconf 92' lang='lat'><strong>6</strong></span> <span class='ocrx_word' id='word_1_180' title='bbox 2969 853 3100 916; x_wconf 90' lang='grc' dir='ltr'>λαὸς</span> <span class='ocrx_word' id='word_1_181' title='bbox 3132 855 3340 926; x_wconf 85' lang='grc' dir='ltr'>ὁμοίως</span> <span class='ocrx_word' id='word_1_182' title='bbox 3364 854 3424 910; x_wconf 81' lang='grc' dir='ltr'>ἐκ</span> <span class='ocrx_word' id='word_1_183' title='bbox 3453 856 3518 931; x_wconf 70' lang='grc' dir='ltr'><strong>γ’.</strong></span> <span class='ocrx_word' id='word_1_184' title='bbox 3553 856 3621 912; x_wconf 75' lang='grc' dir='ltr'><strong>Οἱ</strong></span> <span class='ocrx_word' id='word_1_185' title='bbox 3672 857 3824 929; x_wconf 77' lang='grc' dir='ltr'>κρά-</span> 
     </span>
    </p>
   </div>
   <div class='ocr_carea' id='block_1_25' title="bbox 2150 940 3820 1018">
    <p class='ocr_par' dir='ltr' id='par_1_25' title="bbox 2150 940 3820 1018">
     <span class='ocr_line' id='line_1_25' title="bbox 2150 940 3820 1018; baseline 0.001 -23"><span class='ocrx_word' id='word_1_186' title='bbox 2150 960 2293 999; x_wconf 82' lang='grc' dir='ltr'>κται.</span> <span class='ocrx_word' id='word_1_187' title='bbox 2334 966 2354 993; x_wconf 80' lang='grc' dir='ltr'><strong>ι</strong></span> <span class='ocrx_word' id='word_1_188' title='bbox 2383 943 2443 1000; x_wconf 75' lang='grc' dir='ltr'>Ὀ</span> <span class='ocrx_word' id='word_1_189' title='bbox 2473 945 2599 1004; x_wconf 86' lang='grc' dir='ltr'><strong>Θεὸς</strong></span> <span class='ocrx_word' id='word_1_190' title='bbox 2643 940 2838 1004; x_wconf 88' lang='grc' dir='ltr'>καλαῖς</span> <span class='ocrx_word' id='word_1_191' title='bbox 2879 943 3111 1016; x_wconf 77' lang='grc' dir='ltr'>ἡμέραις</span> <span class='ocrx_word' id='word_1_192' title='bbox 3159 941 3445 997; x_wconf 82' lang='grc' dir='ltr'>πλεονάσει</span> <span class='ocrx_word' id='word_1_193' title='bbox 3480 944 3579 1011; x_wconf 70' lang='grc' dir='ltr'>τὴν</span> <span class='ocrx_word' id='word_1_194' title='bbox 3644 945 3820 1018; x_wconf 84' lang='grc' dir='ltr'>βασι-</span> 
     </span>
    </p>
   </div>
   <div class='ocr_carea' id='block_1_26' title="bbox 2154 1029 3816 1106">
    <p class='ocr_par' dir='ltr' id='par_1_26' title="bbox 2154 1029 3816 1106">
     <span class='ocr_line' id='line_1_26' title="bbox 2154 1029 3816 1106; baseline 0.001 -20"><span class='ocrx_word' id='word_1_195' title='bbox 2154 1029 2320 1086; x_wconf 86' lang='grc' dir='ltr'>λείαν·</span> <span class='ocrx_word' id='word_1_196' title='bbox 2353 1055 2380 1082; x_wconf 88' lang='grc'>››</span> <span class='ocrx_word' id='word_1_197' title='bbox 2414 1033 2441 1086; x_wconf 98' lang='lat'><strong>6</strong></span> <span class='ocrx_word' id='word_1_198' title='bbox 2483 1030 2614 1094; x_wconf 83' lang='grc' dir='ltr'>λαὸς</span> <span class='ocrx_word' id='word_1_199' title='bbox 2666 1031 2875 1104; x_wconf 85' lang='grc' dir='ltr'>ὁμοίως</span> <span class='ocrx_word' id='word_1_200' title='bbox 2926 1032 2982 1086; x_wconf 85' lang='grc' dir='ltr'>ἐκ</span> <span class='ocrx_word' id='word_1_201' title='bbox 3020 1033 3087 1106; x_wconf 76' lang='grc' dir='ltr'><strong>γ’.</strong></span> <span class='ocrx_word' id='word_1_202' title='bbox 3138 1033 3205 1090; x_wconf 76' lang='grc' dir='ltr'><strong>Οἱ</strong></span> <span class='ocrx_word' id='word_1_203' title='bbox 3245 1033 3491 1106; x_wconf 79' lang='grc' dir='ltr'>κράκται’</span> <span class='ocrx_word' id='word_1_204' title='bbox 3531 1032 3641 1089; x_wconf 82' lang='grc' dir='ltr'><strong>«Ὁ</strong></span> <span class='ocrx_word' id='word_1_205' title='bbox 3673 1033 3816 1088; x_wconf 80' lang='grc' dir='ltr'>Θεὸς</span> 
     </span>
    </p>
   </div>
   <div class='ocr_carea' id='block_1_27' title="bbox 2151 1118 3820 1198">
    <p class='ocr_par' dir='ltr' id='par_1_27' title="bbox 2151 1118 3820 1198">
     <span class='ocr_line' id='line_1_27' title="bbox 2151 1118 3820 1198; baseline 0.002 -24"><span class='ocrx_word' id='word_1_206' title='bbox 2151 1119 2323 1181; x_wconf 76' lang='grc' dir='ltr'>καλὰς</span> <span class='ocrx_word' id='word_1_207' title='bbox 2359 1121 2571 1198; x_wconf 74' lang='grc' dir='ltr'>ἡμέρας</span> <span class='ocrx_word' id='word_1_208' title='bbox 2605 1122 2943 1194; x_wconf 75' lang='grc' dir='ltr'>καταπέμψει</span> <span class='ocrx_word' id='word_1_209' title='bbox 2973 1126 3090 1179; x_wconf 79' lang='grc' dir='ltr'>τοῖς</span> <span class='ocrx_word' id='word_1_210' title='bbox 3114 1118 3400 1183; x_wconf 78' lang='grc' dir='ltr'><strong>δεσπόταις</strong></span> <span class='ocrx_word' id='word_1_211' title='bbox 3441 1121 3506 1179; x_wconf 74' lang='lat'><strong>9°.</strong></span> <span class='ocrx_word' id='word_1_212' title='bbox 3544 1144 3571 1172; x_wconf 85' lang='lat'><strong>»</strong></span> <span class='ocrx_word' id='word_1_213' title='bbox 3612 1122 3641 1175; x_wconf 98' lang='lat'><strong>6</strong></span> <span class='ocrx_word' id='word_1_214' title='bbox 3674 1119 3820 1184; x_wconf 82' lang='grc' dir='ltr'>λαὸς</span> 
     </span>
    </p>
   </div>
   <div class='ocr_carea' id='block_1_28' title="bbox 2155 1209 3819 1287">
    <p class='ocr_par' dir='ltr' id='par_1_28' title="bbox 2155 1209 3819 1287">
     <span class='ocr_line' id='line_1_28' title="bbox 2155 1209 3819 1287; baseline 0.002 -24"><span class='ocrx_word' id='word_1_215' title='bbox 2155 1209 2367 1282; x_wconf 84' lang='grc' dir='ltr'>ὁμοίως</span> <span class='ocrx_word' id='word_1_216' title='bbox 2407 1209 2466 1264; x_wconf 84' lang='grc' dir='ltr'>ἐκ</span> <span class='ocrx_word' id='word_1_217' title='bbox 2495 1211 2562 1287; x_wconf 87' lang='grc' dir='ltr'><strong>γ’.</strong></span> <span class='ocrx_word' id='word_1_218' title='bbox 2619 1211 2685 1268; x_wconf 71' lang='grc' dir='ltr'><strong>Οἱ</strong></span> <span class='ocrx_word' id='word_1_219' title='bbox 2753 1218 3000 1283; x_wconf 84' lang='grc' dir='ltr'>κράκται·</span> <span class='ocrx_word' id='word_1_220' title='bbox 3036 1235 3064 1262; x_wconf 90' lang='grc'><strong>‹‹</strong></span> <span class='ocrx_word' id='word_1_221' title='bbox 3123 1211 3185 1265; x_wconf 82' lang='grc' dir='ltr'>Ὃ</span> <span class='ocrx_word' id='word_1_222' title='bbox 3249 1211 3375 1272; x_wconf 82' lang='grc' dir='ltr'><strong>Θεὸς</strong></span> <span class='ocrx_word' id='word_1_223' title='bbox 3445 1209 3614 1272; x_wconf 78' lang='grc' dir='ltr'>καλὰς</span> <span class='ocrx_word' id='word_1_224' title='bbox 3665 1212 3819 1282; x_wconf 80' lang='grc' dir='ltr'>ἡμέ-</span> 
     </span>
    </p>
   </div>
   <div class='ocr_carea' id='block_1_29' title="bbox 2156 1298 3812 1375">
    <p class='ocr_par' dir='ltr' id='par_1_29' title="bbox 2156 1298 3812 1375">
     <span class='ocr_line' id='line_1_29' title="bbox 2156 1298 3812 1375; baseline 0.001 -23"><span class='ocrx_word' id='word_1_225' title='bbox 2156 1319 2248 1374; x_wconf 87' lang='grc' dir='ltr'><strong>ρας</strong></span> <span class='ocrx_word' id='word_1_226' title='bbox 2314 1301 2654 1373; x_wconf 77' lang='grc' dir='ltr'>καταπέμψει</span> <span class='ocrx_word' id='word_1_227' title='bbox 2723 1305 2844 1360; x_wconf 84' lang='grc' dir='ltr'>ταῖς</span> <span class='ocrx_word' id='word_1_228' title='bbox 2904 1298 3248 1373; x_wconf 74' lang='grc' dir='ltr'><strong>Αὐγούσταις</strong></span> <span class='ocrx_word' id='word_1_229' title='bbox 3325 1300 3416 1353; x_wconf 75' lang='grc' dir='ltr'>σὺν</span> <span class='ocrx_word' id='word_1_230' title='bbox 3481 1304 3596 1360; x_wconf 86' lang='grc' dir='ltr'>τοῖς</span> <span class='ocrx_word' id='word_1_231' title='bbox 3666 1320 3812 1375; x_wconf 88' lang='grc' dir='ltr'>πορ-</span> 
     </span>
    </p>
   </div>
   <div class='ocr_carea' id='block_1_30' title="bbox 2157 1385 3815 1466">
    <p class='ocr_par' dir='ltr' id='par_1_30' title="bbox 2157 1385 3815 1466">
     <span class='ocr_line' id='line_1_30' title="bbox 2157 1385 3815 1466; baseline 0.001 -24"><span class='ocrx_word' id='word_1_232' title='bbox 2157 1390 2594 1466; x_wconf 70' lang='grc' dir='ltr'>φυρογεννήτοις·</span> <span class='ocrx_word' id='word_1_233' title='bbox 2641 1413 2668 1440; x_wconf 88' lang='grc'>››</span> <span class='ocrx_word' id='word_1_234' title='bbox 2722 1389 2749 1442; x_wconf 92' lang='lat'><strong>6</strong></span> <span class='ocrx_word' id='word_1_235' title='bbox 2800 1385 2932 1450; x_wconf 89' lang='grc' dir='ltr'>λαὸς</span> <span class='ocrx_word' id='word_1_236' title='bbox 2984 1387 3192 1460; x_wconf 86' lang='grc' dir='ltr'>ὁμοίως</span> <span class='ocrx_word' id='word_1_237' title='bbox 3228 1385 3286 1442; x_wconf 79' lang='grc' dir='ltr'>ἐκ</span> <span class='ocrx_word' id='word_1_238' title='bbox 3329 1389 3398 1462; x_wconf 86' lang='grc' dir='ltr'><strong>γ’.</strong></span> <span class='ocrx_word' id='word_1_239' title='bbox 3453 1388 3517 1446; x_wconf 78' lang='grc' dir='ltr'><strong>Οἱ</strong></span> <span class='ocrx_word' id='word_1_240' title='bbox 3555 1389 3815 1462; x_wconf 78' lang='grc' dir='ltr'>κράκται·</span> 
     </span>
    </p>
   </div>
   <div class='ocr_carea' id='block_1_31' title="bbox 2166 1474 3810 1554">
    <p class='ocr_par' dir='ltr' id='par_1_31' title="bbox 2166 1474 3810 1554">
     <span class='ocr_line' id='line_1_31' title="bbox 2166 1474 3810 1554; baseline 0.003 -27"><span class='ocrx_word' id='word_1_241' title='bbox 2166 1501 2191 1527; x_wconf 81' lang='grc' dir='ltr'>ι(</span> <span class='ocrx_word' id='word_1_242' title='bbox 2241 1477 2467 1536; x_wconf 80' lang='grc' dir='ltr'>Τελείας</span> <span class='ocrx_word' id='word_1_243' title='bbox 2517 1477 2667 1539; x_wconf 72' lang='grc' dir='ltr'>νὶκας</span> <span class='ocrx_word' id='word_1_244' title='bbox 2714 1478 2740 1531; x_wconf 93' lang='lat'><strong>6</strong></span> <span class='ocrx_word' id='word_1_245' title='bbox 2790 1477 2919 1538; x_wconf 85' lang='grc' dir='ltr'>Θεὸς</span> <span class='ocrx_word' id='word_1_246' title='bbox 2971 1479 3280 1554; x_wconf 72' lang='grc' dir='ltr'>χορηγήσει</span> <span class='ocrx_word' id='word_1_247' title='bbox 3355 1478 3381 1530; x_wconf 89' lang='lat'><strong>6</strong></span> <span class='ocrx_word' id='word_1_248' title='bbox 3435 1474 3583 1530; x_wconf 79' lang='grc' dir='ltr'>δεῖνα</span> <span class='ocrx_word' id='word_1_249' title='bbox 3632 1477 3726 1531; x_wconf 74' lang='grc' dir='ltr'><strong>καὶ</strong></span> <span class='ocrx_word' id='word_1_250' title='bbox 3782 1478 3810 1532; x_wconf 97' lang='lat'><strong>6</strong></span> 
     </span>
    </p>
   </div>
   <div class='ocr_carea' id='block_1_32' title="bbox 2160 1564 3808 1642">
    <p class='ocr_par' dir='ltr' id='par_1_32' title="bbox 2160 1564 3808 1642">
     <span class='ocr_line' id='line_1_32' title="bbox 2160 1564 3808 1642; baseline -0.001 -22"><span class='ocrx_word' id='word_1_251' title='bbox 2160 1564 2325 1621; x_wconf 86' lang='grc' dir='ltr'>δεῖνα·</span> <span class='ocrx_word' id='word_1_252' title='bbox 2376 1591 2403 1617; x_wconf 88' lang='grc'><strong>››</strong></span> <span class='ocrx_word' id='word_1_253' title='bbox 2463 1567 2490 1620; x_wconf 92' lang='lat'><strong>6</strong></span> <span class='ocrx_word' id='word_1_254' title='bbox 2549 1565 2680 1629; x_wconf 85' lang='grc' dir='ltr'>λαὸς</span> <span class='ocrx_word' id='word_1_255' title='bbox 2737 1567 2946 1640; x_wconf 83' lang='grc' dir='ltr'>ὁμοίως</span> <span class='ocrx_word' id='word_1_256' title='bbox 3006 1569 3066 1621; x_wconf 84' lang='grc' dir='ltr'>ἐκ</span> <span class='ocrx_word' id='word_1_257' title='bbox 3109 1568 3175 1642; x_wconf 79' lang='grc' dir='ltr'><strong>γ’.</strong></span> <span class='ocrx_word' id='word_1_258' title='bbox 3221 1568 3283 1620; x_wconf 76' lang='grc' dir='ltr'><strong>Οἱ</strong></span> <span class='ocrx_word' id='word_1_259' title='bbox 3341 1567 3589 1641; x_wconf 68' lang='grc' dir='ltr'>κρᾶκταιδ</span> <span class='ocrx_word' id='word_1_260' title='bbox 3648 1591 3676 1618; x_wconf 87' lang='grc'><strong>‹‹</strong></span> <span class='ocrx_word' id='word_1_261' title='bbox 3745 1568 3808 1625; x_wconf 88' lang='lat'><strong>&#39;0</strong></span> 
     </span>
    </p>
   </div>
   <div class='ocr_carea' id='block_1_33' title="bbox 2168 1652 3806 1731">
    <p class='ocr_par' dir='ltr' id='par_1_33' title="bbox 2168 1652 3806 1731">
     <span class='ocr_line' id='line_1_33' title="bbox 2168 1652 3806 1731; baseline 0.001 -21"><span class='ocrx_word' id='word_1_262' title='bbox 2168 1657 2295 1718; x_wconf 87' lang='grc' dir='ltr'>Θεὸς</span> <span class='ocrx_word' id='word_1_263' title='bbox 2333 1655 2505 1719; x_wconf 73' lang='grc' dir='ltr'>καλὰς</span> <span class='ocrx_word' id='word_1_264' title='bbox 2545 1658 2755 1731; x_wconf 76' lang='grc' dir='ltr'>ἡμέρας</span> <span class='ocrx_word' id='word_1_265' title='bbox 2799 1657 2888 1710; x_wconf 83' lang='grc' dir='ltr'><strong>καὶ</strong></span> <span class='ocrx_word' id='word_1_266' title='bbox 2936 1655 3078 1710; x_wconf 81' lang='grc' dir='ltr'>καλὰ</span> <span class='ocrx_word' id='word_1_267' title='bbox 3128 1652 3377 1730; x_wconf 73' lang='grc' dir='ltr'>γενέθλια</span> <span class='ocrx_word' id='word_1_268' title='bbox 3415 1655 3674 1731; x_wconf 73' lang='grc' dir='ltr'>παράσχῃ</span> <span class='ocrx_word' id='word_1_269' title='bbox 3722 1660 3806 1728; x_wconf 84' lang='grc' dir='ltr'><strong>τῷ</strong></span> 
     </span>
    </p>
   </div>
   <div class='ocr_carea' id='block_1_34' title="bbox 2150 1742 3807 1823">
    <p class='ocr_par' dir='ltr' id='par_1_34' title="bbox 2150 1742 3807 1823">
     <span class='ocr_line' id='line_1_34' title="bbox 2150 1742 3807 1823; baseline 0.001 -25"><span class='ocrx_word' id='word_1_270' title='bbox 2150 1745 2401 1819; x_wconf 80' lang='grc' dir='ltr'>τεχθέντι</span> <span class='ocrx_word' id='word_1_271' title='bbox 2435 1745 2560 1817; x_wconf 83' lang='grc' dir='ltr'>ὑμῖν</span> <span class='ocrx_word' id='word_1_272' title='bbox 2594 1745 2621 1798; x_wconf 97' lang='lat'><strong>6</strong></span> <span class='ocrx_word' id='word_1_273' title='bbox 2675 1742 2825 1799; x_wconf 83' lang='grc' dir='ltr'>δεῖνα</span> <span class='ocrx_word' id='word_1_274' title='bbox 2853 1748 2932 1816; x_wconf 77' lang='grc' dir='ltr'>τῷ</span> <span class='ocrx_word' id='word_1_275' title='bbox 2989 1746 3502 1823; x_wconf 71' lang='grc' dir='ltr'>πορφυρογεννήτῳ.</span> <span class='ocrx_word' id='word_1_276' title='bbox 3539 1768 3565 1794; x_wconf 88' lang='grc'><strong>››</strong></span> <span class='ocrx_word' id='word_1_277' title='bbox 3608 1746 3634 1798; x_wconf 88' lang='grc' dir='ltr'>ὁ</span> <span class='ocrx_word' id='word_1_278' title='bbox 3669 1743 3807 1808; x_wconf 84' lang='grc' dir='ltr'>λαὸς</span> 
     </span>
    </p>
   </div>
   <div class='ocr_carea' id='block_1_35' title="bbox 400 1831 2045 1936">
    <p class='ocr_par' dir='ltr' id='par_1_35' title="bbox 400 1837 2040 1908">
     <span class='ocr_line' id='line_1_35' title="bbox 400 1837 2040 1908; baseline 0.004 -20"><span class='ocrx_word' id='word_1_279' title='bbox 400 1839 600 1906; x_wconf 84' lang='lat' dir='ltr'><strong>gustas</strong></span> <span class='ocrx_word' id='word_1_280' title='bbox 651 1840 852 1904; x_wconf 83' lang='lat' dir='ltr'><strong>tuere;</strong></span> <span class='ocrx_word' id='word_1_281' title='bbox 885 1858 912 1886; x_wconf 87' lang='grc'><strong>‹‹</strong></span> <span class='ocrx_word' id='word_1_282' title='bbox 949 1837 1196 1908; x_wconf 86' lang='lat' dir='ltr'><strong>populus</strong></span> <span class='ocrx_word' id='word_1_283' title='bbox 1246 1841 1444 1893; x_wconf 88' lang='lat' dir='ltr'><strong>eodem</strong></span> <span class='ocrx_word' id='word_1_284' title='bbox 1492 1840 1680 1893; x_wconf 91' lang='lat' dir='ltr'><strong>modo.</strong></span> <span class='ocrx_word' id='word_1_285' title='bbox 1717 1840 1993 1895; x_wconf 82' lang='lat' dir='ltr'><strong>Cantores</strong></span> <span class='ocrx_word' id='word_1_286' title='bbox 2027 1857 2040 1896; x_wconf 94' lang='lat'>:</span> 
     </span>
    </p>
   </div>
   <div class='ocr_carea' id='block_1_36' title="bbox 2160 1831 3805 1936">
    <p class='ocr_par' dir='ltr' id='par_1_36' title="bbox 2161 1831 3805 1936">
     <span class='ocr_line' id='line_1_36' title="bbox 2161 1831 3805 1912; baseline 0 -26"><span class='ocrx_word' id='word_1_287' title='bbox 2161 1833 2372 1904; x_wconf 88' lang='grc' dir='ltr'>ὁμοίως</span> <span class='ocrx_word' id='word_1_288' title='bbox 2430 1831 2488 1886; x_wconf 78' lang='grc' dir='ltr'>ἐκ</span> <span class='ocrx_word' id='word_1_289' title='bbox 2531 1834 2596 1910; x_wconf 86' lang='grc' dir='ltr'><strong>γ’.</strong></span> <span class='ocrx_word' id='word_1_290' title='bbox 2652 1833 2711 1886; x_wconf 90' lang='grc' dir='ltr'><strong>Οἰ</strong></span> <span class='ocrx_word' id='word_1_291' title='bbox 2778 1834 3025 1906; x_wconf 82' lang='grc' dir='ltr'>κράκται⁴</span> <span class='ocrx_word' id='word_1_292' title='bbox 3061 1857 3090 1885; x_wconf 89' lang='grc'><em>‹‹</em></span> <span class='ocrx_word' id='word_1_293' title='bbox 3153 1837 3372 1905; x_wconf 79' lang='grc' dir='ltr'>Πνεῦμα</span> <span class='ocrx_word' id='word_1_294' title='bbox 3420 1835 3480 1888; x_wconf 92' lang='grc' dir='ltr'><strong>τὸ</strong></span> <span class='ocrx_word' id='word_1_295' title='bbox 3512 1835 3805 1912; x_wconf 72' lang='grc' dir='ltr'>πανᾶγιον,</span> 
     </span>
     <span class='ocr_line' id='line_1_37' title="bbox 2197 1919 3796 1936; baseline 0 0"><span class='ocrx_word' id='word_1_296' title='bbox 2197 1921 2209 1936; x_wconf 69' lang='grc' dir='ltr'><strong>ι</strong></span> <span class='ocrx_word' id='word_1_297' title='bbox 2296 1921 2351 1936; x_wconf 85' lang='lat'><strong>..</strong></span> <span class='ocrx_word' id='word_1_298' title='bbox 2444 1921 2456 1936; x_wconf 82' lang='lat'><strong>.</strong></span> <span class='ocrx_word' id='word_1_299' title='bbox 2698 1923 2708 1936; x_wconf 92' lang='lat'><strong>.</strong></span> <span class='ocrx_word' id='word_1_300' title='bbox 3020 1923 3032 1936; x_wconf 91' lang='lat'><strong>.</strong></span> <span class='ocrx_word' id='word_1_301' title='bbox 3082 1919 3101 1936; x_wconf 55' lang='grc' dir='ltr'><strong><em>κ</em></strong></span> <span class='ocrx_word' id='word_1_302' title='bbox 3162 1922 3174 1936; x_wconf 77' lang='lat'><strong>.</strong></span> <span class='ocrx_word' id='word_1_303' title='bbox 3272 1922 3285 1936; x_wconf 92' lang='lat'><strong>.</strong></span> <span class='ocrx_word' id='word_1_304' title='bbox 3383 1921 3393 1936; x_wconf 92' lang='lat'><strong>.</strong></span> <span class='ocrx_word' id='word_1_305' title='bbox 3518 1923 3532 1936; x_wconf 83' lang='lat'><strong>.</strong></span> <span class='ocrx_word' id='word_1_306' title='bbox 3657 1924 3668 1936; x_wconf 88' lang='lat'><strong>.</strong></span> <span class='ocrx_word' id='word_1_307' title='bbox 3737 1926 3796 1936; x_wconf 62' lang='grc' dir='ltr'><strong>Α.</strong></span> 
     </span>
    </p>
   </div>
   <div class='ocr_carea' id='block_1_37' title="bbox 399 1924 2041 2000">
    <p class='ocr_par' dir='ltr' id='par_1_37' title="bbox 399 1924 2041 2000">
     <span class='ocr_line' id='line_1_38' title="bbox 399 1924 2041 2000; baseline 0.007 -27"><span class='ocrx_word' id='word_1_308' title='bbox 399 1946 426 1973; x_wconf 85' lang='grc'><strong>‹‹</strong></span> <span class='ocrx_word' id='word_1_309' title='bbox 462 1927 641 1978; x_wconf 83' lang='lat' dir='ltr'><strong>Mater</strong></span> <span class='ocrx_word' id='word_1_310' title='bbox 689 1924 790 1979; x_wconf 91' lang='lat' dir='ltr'><strong>Dei</strong></span> <span class='ocrx_word' id='word_1_311' title='bbox 840 1927 1045 1992; x_wconf 81' lang='lat' dir='ltr'><strong>nostri,</strong></span> <span class='ocrx_word' id='word_1_312' title='bbox 1078 1943 1246 1982; x_wconf 87' lang='lat' dir='ltr'><strong>serva</strong></span> <span class='ocrx_word' id='word_1_313' title='bbox 1277 1929 1834 2000; x_wconf 80' lang='lat' dir='ltr'><strong>porphyrogenitos;</strong></span> <span class='ocrx_word' id='word_1_314' title='bbox 1877 1950 1905 1978; x_wconf 81' lang='lat'><strong>»</strong></span> <span class='ocrx_word' id='word_1_315' title='bbox 1943 1946 2041 1998; x_wconf 89' lang='lat' dir='ltr'><strong>po-</strong></span> 
     </span>
    </p>
   </div>
   <div class='ocr_carea' id='block_1_38' title="bbox 401 2011 2042 2082">
    <p class='ocr_par' dir='ltr' id='par_1_38' title="bbox 401 2011 2042 2082">
     <span class='ocr_line' id='line_1_39' title="bbox 401 2011 2042 2082; baseline 0.004 -17"><span class='ocrx_word' id='word_1_316' title='bbox 401 2012 577 2082; x_wconf 90' lang='lat' dir='ltr'><strong>pulus</strong></span> <span class='ocrx_word' id='word_1_317' title='bbox 621 2011 907 2068; x_wconf 88' lang='lat' dir='ltr'><strong>similiter.</strong></span> <span class='ocrx_word' id='word_1_318' title='bbox 959 2014 1237 2070; x_wconf 87' lang='lat' dir='ltr'><strong>Cantores</strong></span> <span class='ocrx_word' id='word_1_319' title='bbox 1273 2033 1285 2070; x_wconf 90' lang='lat'><strong>:</strong></span> <span class='ocrx_word' id='word_1_320' title='bbox 1320 2038 1348 2065; x_wconf 85' lang='lat'><strong><em>«</em></strong></span> <span class='ocrx_word' id='word_1_321' title='bbox 1387 2022 1535 2070; x_wconf 87' lang='lat' dir='ltr'><strong>Deus</strong></span> <span class='ocrx_word' id='word_1_322' title='bbox 1581 2025 1801 2081; x_wconf 88' lang='lat' dir='ltr'><strong>sancte,</strong></span> <span class='ocrx_word' id='word_1_323' title='bbox 1853 2017 2042 2072; x_wconf 89' lang='lat' dir='ltr'><strong>domi-</strong></span> 
     </span>
    </p>
   </div>
   <div class='ocr_carea' id='block_1_39' title="bbox 403 2099 2038 2171">
    <p class='ocr_par' dir='ltr' id='par_1_39' title="bbox 403 2099 2038 2171">
     <span class='ocr_line' id='line_1_40' title="bbox 403 2099 2038 2171; baseline 0.005 -19"><span class='ocrx_word' id='word_1_324' title='bbox 403 2114 507 2152; x_wconf 93' lang='lat' dir='ltr'><strong>nos</strong></span> <span class='ocrx_word' id='word_1_325' title='bbox 537 2113 740 2166; x_wconf 82' lang='lat' dir='ltr'><strong>serva;</strong></span> <span class='ocrx_word' id='word_1_326' title='bbox 773 2121 800 2148; x_wconf 88' lang='grc'>››</span> <span class='ocrx_word' id='word_1_327' title='bbox 825 2099 1069 2171; x_wconf 90' lang='lat' dir='ltr'><strong>populus</strong></span> <span class='ocrx_word' id='word_1_328' title='bbox 1091 2102 1293 2157; x_wconf 91' lang='lat' dir='ltr'><strong>eodem</strong></span> <span class='ocrx_word' id='word_1_329' title='bbox 1328 2104 1519 2158; x_wconf 90' lang='lat' dir='ltr'><strong>modo.</strong></span> <span class='ocrx_word' id='word_1_330' title='bbox 1545 2103 1860 2160; x_wconf 88' lang='lat' dir='ltr'><strong>Cantores:</strong></span> <span class='ocrx_word' id='word_1_331' title='bbox 1886 2105 2038 2160; x_wconf 72' lang='grc'><strong>128</strong></span> 
     </span>
    </p>
   </div>
   <div class='ocr_carea' id='block_1_40' title="bbox 402 2186 2040 2264">
    <p class='ocr_par' dir='ltr' id='par_1_40' title="bbox 402 2186 2040 2264">
     <span class='ocr_line' id='line_1_41' title="bbox 402 2186 2040 2264; baseline 0.007 -26"><span class='ocrx_word' id='word_1_332' title='bbox 402 2209 431 2238; x_wconf 84' lang='grc'><strong>‹‹</strong></span> <span class='ocrx_word' id='word_1_333' title='bbox 465 2186 728 2254; x_wconf 87' lang='lat' dir='ltr'><strong>Domine,</strong></span> <span class='ocrx_word' id='word_1_334' title='bbox 758 2189 935 2242; x_wconf 85' lang='lat' dir='ltr'><strong>vitam</strong></span> <span class='ocrx_word' id='word_1_335' title='bbox 969 2206 1171 2244; x_wconf 90' lang='lat' dir='ltr'><strong>eorum</strong></span> <span class='ocrx_word' id='word_1_336' title='bbox 1215 2207 1282 2246; x_wconf 83' lang='lat' dir='ltr'><strong>ex</strong></span> <span class='ocrx_word' id='word_1_337' title='bbox 1314 2197 1509 2247; x_wconf 85' lang='lat' dir='ltr'><strong>nostra</strong></span> <span class='ocrx_word' id='word_1_338' title='bbox 1538 2193 1690 2261; x_wconf 89' lang='lat' dir='ltr'><strong>vita;</strong></span> <span class='ocrx_word' id='word_1_339' title='bbox 1727 2215 1755 2243; x_wconf 64' lang='grc' dir='ltr'>ν)</span> <span class='ocrx_word' id='word_1_340' title='bbox 1791 2201 2040 2264; x_wconf 88' lang='lat' dir='ltr'><strong>populus</strong></span> 
     </span>
    </p>
   </div>
   <div class='ocr_carea' id='block_1_41' title="bbox 404 2277 2037 2353">
    <p class='ocr_par' dir='ltr' id='par_1_41' title="bbox 404 2277 2037 2353">
     <span class='ocr_line' id='line_1_42' title="bbox 404 2277 2037 2353; baseline 0.006 -25"><span class='ocrx_word' id='word_1_341' title='bbox 404 2277 605 2329; x_wconf 86' lang='lat' dir='ltr'><strong>eodem</strong></span> <span class='ocrx_word' id='word_1_342' title='bbox 635 2279 821 2331; x_wconf 88' lang='lat' dir='ltr'><strong>modo.</strong></span> <span class='ocrx_word' id='word_1_343' title='bbox 853 2277 1150 2333; x_wconf 79' lang='lat' dir='ltr'><strong>Postremo</strong></span> <span class='ocrx_word' id='word_1_344' title='bbox 1205 2297 1445 2335; x_wconf 82' lang='lat' dir='ltr'><strong>omnes:</strong></span> <span class='ocrx_word' id='word_1_345' title='bbox 1474 2303 1500 2331; x_wconf 85' lang='grc'>‹‹</span> <span class='ocrx_word' id='word_1_346' title='bbox 1533 2280 1680 2337; x_wconf 92' lang='lat' dir='ltr'><strong>Deus</strong></span> <span class='ocrx_word' id='word_1_347' title='bbox 1726 2282 2037 2353; x_wconf 87' lang='lat' dir='ltr'><strong>imperium</strong></span> 
     </span>
    </p>
   </div>
   <div class='ocr_carea' id='block_1_42' title="bbox 397 2367 1507 2438">
    <p class='ocr_par' dir='ltr' id='par_1_42' title="bbox 397 2367 1507 2438">
     <span class='ocr_line' id='line_1_43' title="bbox 397 2367 1507 2438; baseline 0.005 -19"><span class='ocrx_word' id='word_1_348' title='bbox 397 2370 657 2420; x_wconf 85' lang='lat' dir='ltr'><strong>vestrum</strong></span> <span class='ocrx_word' id='word_1_349' title='bbox 682 2367 1025 2422; x_wconf 88' lang='lat' dir='ltr'><strong>diuturnum</strong></span> <span class='ocrx_word' id='word_1_350' title='bbox 1056 2385 1185 2423; x_wconf 89' lang='lat' dir='ltr'><strong>esse</strong></span> <span class='ocrx_word' id='word_1_351' title='bbox 1206 2370 1443 2438; x_wconf 87' lang='lat' dir='ltr'><strong>jubeatl</strong></span> <span class='ocrx_word' id='word_1_352' title='bbox 1478 2391 1507 2419; x_wconf 84' lang='grc'><strong>››</strong></span> 
     </span>
    </p>
   </div>
   <div class='ocr_carea' id='block_1_43' title="bbox 978 2543 1445 2601">
    <p class='ocr_par' dir='ltr' id='par_1_43' title="bbox 978 2543 1445 2601">
     <span class='ocr_line' id='line_1_44' title="bbox 978 2543 1445 2601; baseline 0.002 -3"><span class='ocrx_word' id='word_1_353' title='bbox 978 2543 1213 2601; x_wconf 86' lang='lat' dir='ltr'><strong>CAPUT</strong></span> <span class='ocrx_word' id='word_1_354' title='bbox 1251 2544 1445 2600; x_wconf 87' lang='lat' dir='ltr'>XLIII.</span> 
     </span>
    </p>
   </div>
   <div class='ocr_carea' id='block_1_44' title="bbox 708 2629 1721 2690">
    <p class='ocr_par' dir='ltr' id='par_1_44' title="bbox 708 2629 1721 2690">
     <span class='ocr_line' id='line_1_45' title="bbox 708 2629 1721 2690; baseline 0.004 -4"><span class='ocrx_word' id='word_1_355' title='bbox 708 2629 1053 2686; x_wconf 75' lang='lat' dir='ltr'><strong>Observanda</strong></span> <span class='ocrx_word' id='word_1_356' title='bbox 1084 2635 1139 2687; x_wconf 78' lang='lat' dir='ltr'><strong>in</strong></span> <span class='ocrx_word' id='word_1_357' title='bbox 1174 2634 1410 2688; x_wconf 72' lang='lat' dir='ltr'><strong>Caesaris</strong></span> <span class='ocrx_word' id='word_1_358' title='bbox 1440 2634 1721 2690; x_wconf 77' lang='lat' dir='ltr'><strong>electione.</strong></span> 
     </span>
    </p>
   </div>
   <div class='ocr_carea' id='block_1_45' title="bbox 469 2717 2036 2790">
    <p class='ocr_par' dir='ltr' id='par_1_45' title="bbox 469 2717 2036 2790">
     <span class='ocr_line' id='line_1_46' title="bbox 469 2717 2036 2790; baseline 0.006 -18"><span class='ocrx_word' id='word_1_359' title='bbox 469 2717 512 2774; x_wconf 85' lang='grc' dir='ltr'>ι.</span> <span class='ocrx_word' id='word_1_360' title='bbox 533 2717 781 2773; x_wconf 85' lang='lat' dir='ltr'><strong>Senatus</strong></span> <span class='ocrx_word' id='word_1_361' title='bbox 810 2724 868 2774; x_wconf 90' lang='lat' dir='ltr'><strong>et</strong></span> <span class='ocrx_word' id='word_1_362' title='bbox 896 2721 1085 2775; x_wconf 88' lang='lat' dir='ltr'><strong>omnis</strong></span> <span class='ocrx_word' id='word_1_363' title='bbox 1118 2721 1400 2777; x_wconf 82' lang='lat' dir='ltr'><strong>exercitus</strong></span> <span class='ocrx_word' id='word_1_364' title='bbox 1425 2723 1496 2776; x_wconf 90' lang='lat' dir='ltr'><strong>de</strong></span> <span class='ocrx_word' id='word_1_365' title='bbox 1522 2727 1905 2790; x_wconf 81' lang='lat' dir='ltr'><strong>promovendo</strong></span> <span class='ocrx_word' id='word_1_366' title='bbox 1924 2727 2036 2782; x_wconf 82' lang='lat' dir='ltr'><strong>Cse-</strong></span> 
     </span>
    </p>
   </div>
   <div class='ocr_carea' id='block_1_46' title="bbox 396 2807 2033 2881">
    <p class='ocr_par' dir='ltr' id='par_1_46' title="bbox 396 2807 2033 2881">
     <span class='ocr_line' id='line_1_47' title="bbox 396 2807 2033 2881; baseline 0.007 -20"><span class='ocrx_word' id='word_1_367' title='bbox 396 2821 525 2861; x_wconf 87' lang='lat' dir='ltr'><strong>sare</strong></span> <span class='ocrx_word' id='word_1_368' title='bbox 575 2807 864 2862; x_wconf 87' lang='lat' dir='ltr'><strong>sententia</strong></span> <span class='ocrx_word' id='word_1_369' title='bbox 895 2808 1238 2879; x_wconf 84' lang='lat' dir='ltr'><strong>postulatur,</strong></span> <span class='ocrx_word' id='word_1_370' title='bbox 1280 2826 1393 2881; x_wconf 87' lang='lat' dir='ltr'><strong>quo</strong></span> <span class='ocrx_word' id='word_1_371' title='bbox 1425 2811 1598 2877; x_wconf 85' lang='lat' dir='ltr'><strong>facto,</strong></span> <span class='ocrx_word' id='word_1_372' title='bbox 1631 2817 1708 2881; x_wconf 90' lang='lat' dir='ltr'><strong>et,</strong></span> <span class='ocrx_word' id='word_1_373' title='bbox 1755 2813 1804 2868; x_wconf 90' lang='lat' dir='ltr'><strong>si</strong></span> <span class='ocrx_word' id='word_1_374' title='bbox 1846 2815 2033 2871; x_wconf 84' lang='lat' dir='ltr'><strong>domi-</strong></span> 
     </span>
    </p>
   </div>
   <div class='ocr_carea' id='block_1_47' title="bbox 399 2894 2032 2966">
    <p class='ocr_par' dir='ltr' id='par_1_47' title="bbox 399 2894 2032 2966">
     <span class='ocr_line' id='line_1_48' title="bbox 399 2894 2032 2966; baseline 0.007 -18"><span class='ocrx_word' id='word_1_375' title='bbox 399 2894 456 2949; x_wconf 88' lang='lat' dir='ltr'><strong>ni</strong></span> <span class='ocrx_word' id='word_1_376' title='bbox 475 2894 699 2963; x_wconf 88' lang='lat' dir='ltr'><strong>jubcnt,</strong></span> <span class='ocrx_word' id='word_1_377' title='bbox 717 2897 950 2966; x_wconf 89' lang='lat' dir='ltr'><strong>quando</strong></span> <span class='ocrx_word' id='word_1_378' title='bbox 976 2897 1178 2952; x_wconf 88' lang='lat' dir='ltr'><strong>electio</strong></span> <span class='ocrx_word' id='word_1_379' title='bbox 1205 2899 1262 2953; x_wconf 89' lang='lat' dir='ltr'><strong>in</strong></span> <span class='ocrx_word' id='word_1_380' title='bbox 1286 2904 1483 2954; x_wconf 87' lang='lat' dir='ltr'><strong>sancta</strong></span> <span class='ocrx_word' id='word_1_381' title='bbox 1500 2901 1797 2957; x_wconf 88' lang='lat' dir='ltr'><strong>Dominica</strong></span> <span class='ocrx_word' id='word_1_382' title='bbox 1817 2911 2032 2959; x_wconf 63' lang='lat' dir='ltr'><strong>sanctae</strong></span> 
     </span>
    </p>
   </div>
   <div class='ocr_carea' id='block_1_48' title="bbox 397 2982 2031 3052">
    <p class='ocr_par' dir='ltr' id='par_1_48' title="bbox 397 2982 2031 3052">
     <span class='ocr_line' id='line_1_49' title="bbox 397 2982 2031 3052; baseline 0.004 -15"><span class='ocrx_word' id='word_1_383' title='bbox 397 2982 861 3038; x_wconf 84' lang='lat' dir='ltr'><strong>Resurrectionis</strong></span> <span class='ocrx_word' id='word_1_384' title='bbox 883 2985 1230 3052; x_wconf 89' lang='lat' dir='ltr'><strong>celebratur,</strong></span> <span class='ocrx_word' id='word_1_385' title='bbox 1247 2987 1326 3040; x_wconf 90' lang='lat' dir='ltr'><strong>ita</strong></span> <span class='ocrx_word' id='word_1_386' title='bbox 1347 2986 1689 3043; x_wconf 90' lang='lat' dir='ltr'><strong>instituitur.</strong></span> <span class='ocrx_word' id='word_1_387' title='bbox 1707 2991 2031 3044; x_wconf 89' lang='lat' dir='ltr'><strong>Procedunt</strong></span> 
     </span>
    </p>
   </div>
   <div class='ocr_carea' id='block_1_49' title="bbox 397 3073 2032 3148">
    <p class='ocr_par' dir='ltr' id='par_1_49' title="bbox 397 3073 2032 3148">
     <span class='ocr_line' id='line_1_50' title="bbox 397 3073 2032 3148; baseline 0.005 -20"><span class='ocrx_word' id='word_1_388' title='bbox 397 3073 552 3128; x_wconf 90' lang='lat' dir='ltr'><strong>dicto</strong></span> <span class='ocrx_word' id='word_1_389' title='bbox 584 3074 676 3127; x_wconf 90' lang='lat' dir='ltr'><strong>die</strong></span> <span class='ocrx_word' id='word_1_390' title='bbox 707 3074 906 3128; x_wconf 89' lang='lat' dir='ltr'><strong>statim</strong></span> <span class='ocrx_word' id='word_1_391' title='bbox 933 3091 1134 3129; x_wconf 90' lang='lat' dir='ltr'><strong>omnes</strong></span> <span class='ocrx_word' id='word_1_392' title='bbox 1166 3091 1430 3146; x_wconf 88' lang='lat' dir='ltr'><strong>proceres</strong></span> <span class='ocrx_word' id='word_1_393' title='bbox 1464 3083 1521 3131; x_wconf 89' lang='lat' dir='ltr'><strong>et</strong></span> <span class='ocrx_word' id='word_1_394' title='bbox 1540 3077 1716 3148; x_wconf 66' lang='lat' dir='ltr'><strong>copiae</strong></span> <span class='ocrx_word' id='word_1_395' title='bbox 1750 3077 2032 3136; x_wconf 85' lang='lat' dir='ltr'><strong>militares</strong></span> 
     </span>
    </p>
   </div>
   <div class='ocr_carea' id='block_1_50' title="bbox 400 3159 2032 3233">
    <p class='ocr_par' dir='ltr' id='par_1_50' title="bbox 400 3159 2032 3233">
     <span class='ocr_line' id='line_1_51' title="bbox 400 3159 2032 3233; baseline 0.006 -19"><span class='ocrx_word' id='word_1_396' title='bbox 400 3159 474 3214; x_wconf 91' lang='lat' dir='ltr'><strong>ad</strong></span> <span class='ocrx_word' id='word_1_397' title='bbox 494 3159 744 3213; x_wconf 90' lang='lat' dir='ltr'><strong>tribunal</strong></span> <span class='ocrx_word' id='word_1_398' title='bbox 772 3177 952 3228; x_wconf 60' lang='lat' dir='ltr'><strong>arceas,</strong></span> <span class='ocrx_word' id='word_1_399' title='bbox 985 3165 1134 3232; x_wconf 86' lang='lat' dir='ltr'><strong>quod</strong></span> <span class='ocrx_word' id='word_1_400' title='bbox 1169 3169 1326 3217; x_wconf 86' lang='lat' dir='ltr'><strong>extra</strong></span> <span class='ocrx_word' id='word_1_401' title='bbox 1350 3166 1482 3219; x_wconf 85' lang='lat' dir='ltr'><strong>XlX</strong></span> <span class='ocrx_word' id='word_1_402' title='bbox 1513 3166 1812 3220; x_wconf 89' lang='lat' dir='ltr'><strong>accubitus</strong></span> <span class='ocrx_word' id='word_1_403' title='bbox 1840 3173 1949 3233; x_wconf 89' lang='lat' dir='ltr'><strong>est,</strong></span> <span class='ocrx_word' id='word_1_404' title='bbox 1973 3173 2032 3225; x_wconf 90' lang='lat' dir='ltr'><strong>et</strong></span> 
     </span>
    </p>
   </div>
   <div class='ocr_carea' id='block_1_51' title="bbox 2153 1919 3801 1999">
    <p class='ocr_par' dir='ltr' id='par_1_51' title="bbox 2153 1919 3801 1999">
     <span class='ocr_line' id='line_1_52' title="bbox 2153 1919 3801 1999; baseline 0.002 -23"><span class='ocrx_word' id='word_1_405' title='bbox 2153 1921 2246 1982; x_wconf 74' lang='grc' dir='ltr'><strong>τὰς</strong></span> <span class='ocrx_word' id='word_1_406' title='bbox 2279 1921 2590 1996; x_wconf 71' lang='grc' dir='ltr'>Αὐγούστας</span> <span class='ocrx_word' id='word_1_407' title='bbox 2625 1923 2906 1976; x_wconf 83' lang='grc' dir='ltr'>σκέπασον·</span> <span class='ocrx_word' id='word_1_408' title='bbox 2941 1944 2966 1975; x_wconf 67' lang='grc' dir='ltr'><strong>ν</strong></span> <span class='ocrx_word' id='word_1_409' title='bbox 3013 1923 3040 1976; x_wconf 87' lang='lat'><strong>6</strong></span> <span class='ocrx_word' id='word_1_410' title='bbox 3082 1919 3214 1983; x_wconf 86' lang='grc' dir='ltr'>λαὸς</span> <span class='ocrx_word' id='word_1_411' title='bbox 3265 1921 3476 1995; x_wconf 87' lang='grc' dir='ltr'>ὁμοίως</span> <span class='ocrx_word' id='word_1_412' title='bbox 3517 1923 3576 1977; x_wconf 81' lang='grc' dir='ltr'>ἐκ</span> <span class='ocrx_word' id='word_1_413' title='bbox 3623 1924 3690 1999; x_wconf 89' lang='grc' dir='ltr'><strong>γ’.</strong></span> <span class='ocrx_word' id='word_1_414' title='bbox 3732 1926 3801 1982; x_wconf 79' lang='grc' dir='ltr'>Οἱ</span> 
     </span>
    </p>
   </div>
   <div class='ocr_carea' id='block_1_52' title="bbox 2151 2008 3801 2090">
    <p class='ocr_par' dir='ltr' id='par_1_52' title="bbox 2151 2008 3801 2090">
     <span class='ocr_line' id='line_1_53' title="bbox 2151 2008 3801 2090; baseline 0.001 -26"><span class='ocrx_word' id='word_1_415' title='bbox 2151 2011 2398 2082; x_wconf 78' lang='grc' dir='ltr'>κράκται·</span> <span class='ocrx_word' id='word_1_416' title='bbox 2435 2034 2462 2061; x_wconf 93' lang='grc'><strong>‹‹</strong></span> <span class='ocrx_word' id='word_1_417' title='bbox 2503 2013 2705 2085; x_wconf 67' lang='grc' dir='ltr'>Μήτηρ</span> <span class='ocrx_word' id='word_1_418' title='bbox 2737 2014 2832 2065; x_wconf 90' lang='grc' dir='ltr'><strong>τοῦ</strong></span> <span class='ocrx_word' id='word_1_419' title='bbox 2857 2014 2991 2066; x_wconf 83' lang='grc' dir='ltr'>Θεοῦ</span> <span class='ocrx_word' id='word_1_420' title='bbox 3030 2013 3214 2082; x_wconf 74' lang='grc' dir='ltr'>ἡμῶν,</span> <span class='ocrx_word' id='word_1_421' title='bbox 3265 2008 3503 2090; x_wconf 69' lang='grc' dir='ltr'>φύλαττε</span> <span class='ocrx_word' id='word_1_422' title='bbox 3549 2012 3616 2065; x_wconf 80' lang='grc' dir='ltr'><strong>τὰ</strong></span> <span class='ocrx_word' id='word_1_423' title='bbox 3664 2031 3801 2087; x_wconf 89' lang='grc' dir='ltr'>πορ-</span> 
     </span>
    </p>
   </div>
   <div class='ocr_carea' id='block_1_53' title="bbox 2155 2097 3800 2175">
    <p class='ocr_par' dir='ltr' id='par_1_53' title="bbox 2155 2097 3800 2175">
     <span class='ocr_line' id='line_1_54' title="bbox 2155 2097 3800 2175; baseline 0.002 -24"><span class='ocrx_word' id='word_1_424' title='bbox 2155 2098 2546 2175; x_wconf 78' lang='grc' dir='ltr'>φυρογέννητα.</span> <span class='ocrx_word' id='word_1_425' title='bbox 2603 2122 2630 2150; x_wconf 86' lang='grc'><strong>››</strong></span> <span class='ocrx_word' id='word_1_426' title='bbox 2689 2100 2717 2153; x_wconf 89' lang='lat'><strong>6</strong></span> <span class='ocrx_word' id='word_1_427' title='bbox 2759 2097 2892 2162; x_wconf 88' lang='grc' dir='ltr'>λαὸς</span> <span class='ocrx_word' id='word_1_428' title='bbox 2949 2098 3155 2172; x_wconf 86' lang='grc' dir='ltr'>ὁμοίως</span> <span class='ocrx_word' id='word_1_429' title='bbox 3213 2097 3271 2153; x_wconf 86' lang='grc' dir='ltr'>ἐκ</span> <span class='ocrx_word' id='word_1_430' title='bbox 3309 2101 3373 2174; x_wconf 75' lang='grc' dir='ltr'><strong>γ’.</strong></span> <span class='ocrx_word' id='word_1_431' title='bbox 3427 2100 3494 2157; x_wconf 78' lang='grc' dir='ltr'><strong>Οἱ</strong></span> <span class='ocrx_word' id='word_1_432' title='bbox 3551 2101 3800 2174; x_wconf 71' lang='grc' dir='ltr'>κράκται·</span> 
     </span>
    </p>
   </div>
   <div class='ocr_carea' id='block_1_54' title="bbox 2151 2185 3803 2265">
    <p class='ocr_par' dir='ltr' id='par_1_54' title="bbox 2151 2185 3803 2265">
     <span class='ocr_line' id='line_1_55' title="bbox 2151 2185 3803 2265; baseline 0.004 -27"><span class='ocrx_word' id='word_1_433' title='bbox 2151 2211 2180 2239; x_wconf 89' lang='grc'><strong>‹‹</strong></span> <span class='ocrx_word' id='word_1_434' title='bbox 2211 2187 2272 2244; x_wconf 82' lang='grc' dir='ltr'>Ὀ</span> <span class='ocrx_word' id='word_1_435' title='bbox 2294 2187 2423 2248; x_wconf 84' lang='grc' dir='ltr'>Θεὸς</span> <span class='ocrx_word' id='word_1_436' title='bbox 2448 2189 2475 2242; x_wconf 87' lang='lat'><strong>6</strong></span> <span class='ocrx_word' id='word_1_437' title='bbox 2501 2186 2656 2262; x_wconf 82' lang='grc' dir='ltr'>’ἁγιος</span> <span class='ocrx_word' id='word_1_438' title='bbox 2675 2189 2745 2256; x_wconf 77' lang='grc'><strong>⁹¹,</strong></span> <span class='ocrx_word' id='word_1_439' title='bbox 2776 2187 2928 2256; x_wconf 78' lang='grc' dir='ltr'>τοὺς,</span> <span class='ocrx_word' id='word_1_440' title='bbox 2963 2185 3226 2250; x_wconf 84' lang='grc' dir='ltr'>δεσπότας</span> <span class='ocrx_word' id='word_1_441' title='bbox 3254 2187 3508 2265; x_wconf 76' lang='grc' dir='ltr'>φύλαττε·</span> <span class='ocrx_word' id='word_1_442' title='bbox 3549 2212 3574 2238; x_wconf 79' lang='grc' dir='ltr'>›ι</span> <span class='ocrx_word' id='word_1_443' title='bbox 3610 2190 3638 2244; x_wconf 93' lang='lat'><strong>6</strong></span> <span class='ocrx_word' id='word_1_444' title='bbox 3670 2187 3803 2252; x_wconf 88' lang='grc' dir='ltr'>λαὸς</span> 
     </span>
    </p>
   </div>
   <div class='ocr_carea' id='block_1_55' title="bbox 2149 2275 3800 2351">
    <p class='ocr_par' dir='ltr' id='par_1_55' title="bbox 2149 2275 3800 2351">
     <span class='ocr_line' id='line_1_56' title="bbox 2149 2275 3800 2351; baseline 0.001 -21"><span class='ocrx_word' id='word_1_445' title='bbox 2149 2276 2358 2348; x_wconf 86' lang='grc' dir='ltr'>ὁμοίως</span> <span class='ocrx_word' id='word_1_446' title='bbox 2380 2276 2437 2330; x_wconf 83' lang='grc' dir='ltr'>ἐκ</span> <span class='ocrx_word' id='word_1_447' title='bbox 2465 2277 2529 2349; x_wconf 86' lang='grc' dir='ltr'><strong>γ’.</strong></span> <span class='ocrx_word' id='word_1_448' title='bbox 2579 2277 2648 2334; x_wconf 73' lang='grc' dir='ltr'><strong>Οἱ</strong></span> <span class='ocrx_word' id='word_1_449' title='bbox 2695 2279 2942 2350; x_wconf 80' lang='grc' dir='ltr'>κράκται’</span> <span class='ocrx_word' id='word_1_450' title='bbox 2979 2301 3007 2328; x_wconf 92' lang='grc'><strong>‹‹</strong></span> <span class='ocrx_word' id='word_1_451' title='bbox 3055 2275 3242 2351; x_wconf 79' lang='grc' dir='ltr'>Κύριε,</span> <span class='ocrx_word' id='word_1_452' title='bbox 3297 2278 3440 2347; x_wconf 73' lang='grc' dir='ltr'>ζωὴν</span> <span class='ocrx_word' id='word_1_453' title='bbox 3488 2276 3663 2332; x_wconf 75' lang='grc' dir='ltr'>αὐτῶν</span> <span class='ocrx_word' id='word_1_454' title='bbox 3707 2275 3800 2333; x_wconf 70' lang='grc' dir='ltr'><strong>διὰ</strong></span> 
     </span>
    </p>
   </div>
   <div class='ocr_carea' id='block_1_56' title="bbox 2149 2364 3795 2444">
    <p class='ocr_par' dir='ltr' id='par_1_56' title="bbox 2149 2364 3795 2444">
     <span class='ocr_line' id='line_1_57' title="bbox 2149 2364 3795 2444; baseline 0.002 -25"><span class='ocrx_word' id='word_1_455' title='bbox 2149 2367 2293 2435; x_wconf 75' lang='grc' dir='ltr'>ζωὴν</span> <span class='ocrx_word' id='word_1_456' title='bbox 2322 2368 2500 2435; x_wconf 70' lang='grc' dir='ltr'>ἡμῶν.</span> <span class='ocrx_word' id='word_1_457' title='bbox 2533 2389 2560 2415; x_wconf 88' lang='grc'><strong>››</strong></span> <span class='ocrx_word' id='word_1_458' title='bbox 2593 2367 2620 2420; x_wconf 93' lang='lat'><strong>6</strong></span> <span class='ocrx_word' id='word_1_459' title='bbox 2654 2365 2784 2427; x_wconf 87' lang='grc' dir='ltr'>λαὸς</span> <span class='ocrx_word' id='word_1_460' title='bbox 2818 2366 3026 2439; x_wconf 85' lang='grc' dir='ltr'>ὁμοίως</span> <span class='ocrx_word' id='word_1_461' title='bbox 3056 2365 3110 2420; x_wconf 80' lang='grc' dir='ltr'><strong>ἐγ</strong></span> <span class='ocrx_word' id='word_1_462' title='bbox 3141 2369 3208 2442; x_wconf 89' lang='grc' dir='ltr'><strong>γ’.</strong></span> <span class='ocrx_word' id='word_1_463' title='bbox 3259 2366 3363 2424; x_wconf 85' lang='grc' dir='ltr'><strong>Καὶ</strong></span> <span class='ocrx_word' id='word_1_464' title='bbox 3405 2364 3625 2444; x_wconf 85' lang='grc' dir='ltr'>λέγουσι</span> <span class='ocrx_word' id='word_1_465' title='bbox 3663 2368 3795 2422; x_wconf 73' lang='grc' dir='ltr'>παν-</span> 
     </span>
    </p>
   </div>
   <div class='ocr_carea' id='block_1_57' title="bbox 2147 2453 3264 2530">
    <p class='ocr_par' dir='ltr' id='par_1_57' title="bbox 2147 2453 3264 2530">
     <span class='ocr_line' id='line_1_58' title="bbox 2147 2453 3264 2530; baseline -0.003 -21"><span class='ocrx_word' id='word_1_466' title='bbox 2147 2471 2255 2516; x_wconf 86' lang='grc' dir='ltr'>τες·</span> <span class='ocrx_word' id='word_1_467' title='bbox 2282 2477 2310 2505; x_wconf 84' lang='lat'><strong>»</strong></span> <span class='ocrx_word' id='word_1_468' title='bbox 2333 2453 2721 2530; x_wconf 63' lang='grc' dir='ltr'>Ηολυχρόνιον</span> <span class='ocrx_word' id='word_1_469' title='bbox 2747 2458 2965 2525; x_wconf 75' lang='grc' dir='ltr'>ποιήσει</span> <span class='ocrx_word' id='word_1_470' title='bbox 2999 2457 3027 2510; x_wconf 92' lang='grc' dir='ltr'>ὁ</span> <span class='ocrx_word' id='word_1_471' title='bbox 3060 2455 3208 2520; x_wconf 86' lang='grc' dir='ltr'>Θεός.</span> <span class='ocrx_word' id='word_1_472' title='bbox 3235 2479 3264 2507; x_wconf 83' lang='grc'><strong>››</strong></span> 
     </span>
    </p>
   </div>
   <div class='ocr_carea' id='block_1_58' title="bbox 2750 2546 3190 2601">
    <p class='ocr_par' dir='ltr' id='par_1_58' title="bbox 2750 2546 3190 2601">
     <span class='ocr_line' id='line_1_59' title="bbox 2750 2546 3190 2601; baseline 0.005 -3"><span class='ocrx_word' id='word_1_473' title='bbox 2750 2547 3008 2600; x_wconf 82' lang='grc' dir='ltr'><strong>ΚΕΦΑΛ.</strong></span> <span class='ocrx_word' id='word_1_474' title='bbox 3062 2546 3190 2601; x_wconf 81' lang='lat' dir='ltr'><strong>Ml&quot;.</strong></span> 
     </span>
    </p>
   </div>
   <div class='ocr_carea' id='block_1_59' title="bbox 2214 2627 3727 2710">
    <p class='ocr_par' dir='ltr' id='par_1_59' title="bbox 2214 2627 3727 2710">
     <span class='ocr_line' id='line_1_60' title="bbox 2214 2627 3727 2710; baseline 0.004 -26"><span class='ocrx_word' id='word_1_475' title='bbox 2214 2632 2352 2689; x_wconf 78' lang='grc' dir='ltr'>’Ὁσα</span> <span class='ocrx_word' id='word_1_476' title='bbox 2382 2627 2464 2685; x_wconf 82' lang='grc' dir='ltr'><strong>δεῖ</strong></span> <span class='ocrx_word' id='word_1_477' title='bbox 2499 2630 2940 2710; x_wconf 74' lang='grc' dir='ltr'>παραφυλάττειν</span> <span class='ocrx_word' id='word_1_478' title='bbox 2968 2631 3054 2687; x_wconf 83' lang='grc' dir='ltr'>ἐπὶ</span> <span class='ocrx_word' id='word_1_479' title='bbox 3086 2652 3402 2708; x_wconf 80' lang='grc' dir='ltr'>χειροτονιᾳ</span> <span class='ocrx_word' id='word_1_480' title='bbox 3435 2634 3727 2710; x_wconf 84' lang='grc' dir='ltr'>Καίσαρος.</span> 
     </span>
    </p>
   </div>
   <div class='ocr_carea' id='block_1_60' title="bbox 2215 2717 3800 2798">
    <p class='ocr_par' dir='ltr' id='par_1_60' title="bbox 2215 2717 3800 2798">
     <span class='ocr_line' id='line_1_61' title="bbox 2215 2717 3800 2798; baseline 0.003 -24"><span class='ocrx_word' id='word_1_481' title='bbox 2215 2720 2299 2774; x_wconf 77' lang='grc' dir='ltr'><strong>Α“.</strong></span> <span class='ocrx_word' id='word_1_482' title='bbox 2360 2717 2586 2789; x_wconf 73' lang='grc' dir='ltr'>Αἴτησις</span> <span class='ocrx_word' id='word_1_483' title='bbox 2650 2719 2856 2798; x_wconf 88' lang='grc' dir='ltr'>γίνεται</span> <span class='ocrx_word' id='word_1_484' title='bbox 2902 2727 3002 2790; x_wconf 83' lang='grc' dir='ltr'>τῆς</span> <span class='ocrx_word' id='word_1_485' title='bbox 3056 2719 3371 2798; x_wconf 77' lang='grc' dir='ltr'>συγκλήτου</span> <span class='ocrx_word' id='word_1_486' title='bbox 3430 2722 3521 2777; x_wconf 85' lang='grc' dir='ltr'><strong>καὶ</strong></span> <span class='ocrx_word' id='word_1_487' title='bbox 3581 2723 3800 2778; x_wconf 77' lang='grc' dir='ltr'>πάντων</span> 
     </span>
    </p>
   </div>
   <div class='ocr_carea' id='block_1_61' title="bbox 2144 2808 3806 2882">
    <p class='ocr_par' dir='ltr' id='par_1_61' title="bbox 2144 2808 3806 2882">
     <span class='ocr_line' id='line_1_62' title="bbox 2144 2808 3806 2882; baseline 0.003 -21"><span class='ocrx_word' id='word_1_488' title='bbox 2144 2812 2252 2861; x_wconf 81' lang='grc' dir='ltr'><strong>τῶν</strong></span> <span class='ocrx_word' id='word_1_489' title='bbox 2283 2809 2720 2881; x_wconf 68' lang='grc' dir='ltr'>στρατευμάτων,</span> <span class='ocrx_word' id='word_1_490' title='bbox 2773 2809 2862 2862; x_wconf 87' lang='grc' dir='ltr'><strong>καὶ</strong></span> <span class='ocrx_word' id='word_1_491' title='bbox 2918 2808 3007 2862; x_wconf 81' lang='grc' dir='ltr'><strong>ὅτε</strong></span> <span class='ocrx_word' id='word_1_492' title='bbox 3054 2808 3366 2865; x_wconf 76' lang='grc' dir='ltr'>κελεύουσιν</span> <span class='ocrx_word' id='word_1_493' title='bbox 3410 2811 3462 2865; x_wconf 77' lang='grc' dir='ltr'>οἱ</span> <span class='ocrx_word' id='word_1_494' title='bbox 3523 2808 3806 2882; x_wconf 84' lang='grc' dir='ltr'>δεσπόται,</span> 
     </span>
    </p>
   </div>
   <div class='ocr_carea' id='block_1_62' title="bbox 2141 2896 3811 2976">
    <p class='ocr_par' dir='ltr' id='par_1_62' title="bbox 2141 2896 3811 2976">
     <span class='ocr_line' id='line_1_63' title="bbox 2141 2896 3811 2976; baseline 0.004 -27"><span class='ocrx_word' id='word_1_495' title='bbox 2141 2898 2242 2964; x_wconf 74' lang='grc' dir='ltr'><strong>τῆς</strong></span> <span class='ocrx_word' id='word_1_496' title='bbox 2313 2896 2664 2970; x_wconf 85' lang='grc' dir='ltr'>ὑποσχέσεως</span> <span class='ocrx_word' id='word_1_497' title='bbox 2730 2898 3030 2972; x_wconf 71' lang='grc' dir='ltr'>γενομένης</span> <span class='ocrx_word' id='word_1_498' title='bbox 3084 2903 3154 2972; x_wconf 83' lang='grc' dir='ltr'><strong>τῇ</strong></span> <span class='ocrx_word' id='word_1_499' title='bbox 3213 2899 3344 2976; x_wconf 78' lang='grc' dir='ltr'>ἁγίᾳ</span> <span class='ocrx_word' id='word_1_500' title='bbox 3387 2903 3633 2974; x_wconf 79' lang='grc' dir='ltr'>Κυριακῇ</span> <span class='ocrx_word' id='word_1_501' title='bbox 3709 2903 3811 2970; x_wconf 77' lang='grc' dir='ltr'><strong>τῆς</strong></span> 
     </span>
    </p>
   </div>
   <div class='ocr_carea' id='block_1_63' title="bbox 2141 2982 3812 3066">
    <p class='ocr_par' dir='ltr' id='par_1_63' title="bbox 2141 2982 3812 3066">
     <span class='ocr_line' id='line_1_64' title="bbox 2141 2982 3812 3066; baseline 0.005 -28"><span class='ocrx_word' id='word_1_502' title='bbox 2141 2984 2297 3058; x_wconf 82' lang='grc' dir='ltr'>ἁγίας</span> <span class='ocrx_word' id='word_1_503' title='bbox 2346 2982 2708 3055; x_wconf 74' lang='grc' dir='ltr'>ἀναστάσεως,</span> <span class='ocrx_word' id='word_1_504' title='bbox 2780 2985 2988 3059; x_wconf 86' lang='grc' dir='ltr'>γίνεται</span> <span class='ocrx_word' id='word_1_505' title='bbox 3043 2987 3240 3050; x_wconf 75' lang='grc' dir='ltr'>οὓτως.</span> <span class='ocrx_word' id='word_1_506' title='bbox 3289 2990 3373 3063; x_wconf 80' lang='grc' dir='ltr'>Ίῇ</span> <span class='ocrx_word' id='word_1_507' title='bbox 3422 2989 3559 3063; x_wconf 77' lang='grc' dir='ltr'>αὐτῇ</span> <span class='ocrx_word' id='word_1_508' title='bbox 3626 2992 3812 3066; x_wconf 84' lang='grc' dir='ltr'>ἡμέρα</span> 
     </span>
    </p>
   </div>
   <div class='ocr_carea' id='block_1_64' title="bbox 2147 3073 3807 3157">
    <p class='ocr_par' dir='ltr' id='par_1_64' title="bbox 2147 3073 3807 3157">
     <span class='ocr_line' id='line_1_65' title="bbox 2147 3073 3807 3157; baseline 0.006 -31"><span class='ocrx_word' id='word_1_509' title='bbox 2147 3073 2516 3147; x_wconf 77' lang='grc' dir='ltr'>προέρχονται</span> <span class='ocrx_word' id='word_1_510' title='bbox 2584 3073 2775 3148; x_wconf 84' lang='grc' dir='ltr'>τάχιον</span> <span class='ocrx_word' id='word_1_511' title='bbox 2833 3075 3026 3137; x_wconf 82' lang='grc' dir='ltr'>πάντες</span> <span class='ocrx_word' id='word_1_512' title='bbox 3084 3077 3136 3130; x_wconf 74' lang='grc' dir='ltr'>οἱ</span> <span class='ocrx_word' id='word_1_513' title='bbox 3185 3079 3448 3153; x_wconf 75' lang='grc' dir='ltr'>ἄρχοντες</span> <span class='ocrx_word' id='word_1_514' title='bbox 3503 3081 3593 3134; x_wconf 84' lang='grc' dir='ltr'><strong>καὶ</strong></span> <span class='ocrx_word' id='word_1_515' title='bbox 3645 3101 3807 3157; x_wconf 86' lang='grc' dir='ltr'>στρα-</span> 
     </span>
    </p>
   </div>
   <div class='ocr_carea' id='block_1_65' title="bbox 2151 3159 3807 3242">
    <p class='ocr_par' dir='ltr' id='par_1_65' title="bbox 2151 3159 3807 3242">
     <span class='ocr_line' id='line_1_66' title="bbox 2151 3159 3807 3242; baseline 0.005 -26"><span class='ocrx_word' id='word_1_516' title='bbox 2151 3163 2393 3235; x_wconf 73' lang='grc' dir='ltr'>τεύματα</span> <span class='ocrx_word' id='word_1_517' title='bbox 2423 3162 2499 3223; x_wconf 87' lang='grc' dir='ltr'><strong>εἰς</strong></span> <span class='ocrx_word' id='word_1_518' title='bbox 2519 3163 2581 3217; x_wconf 92' lang='grc' dir='ltr'><strong>τὸ</strong></span> <span class='ocrx_word' id='word_1_519' title='bbox 2619 3159 3003 3237; x_wconf 77' lang='grc' dir='ltr'>τριϐουνάλιον</span> <span class='ocrx_word' id='word_1_520' title='bbox 3057 3172 3161 3235; x_wconf 80' lang='grc' dir='ltr'><strong>τῆς</strong></span> <span class='ocrx_word' id='word_1_521' title='bbox 3206 3167 3394 3242; x_wconf 84' lang='grc' dir='ltr'>ἀραίας</span> <span class='ocrx_word' id='word_1_522' title='bbox 3442 3170 3553 3242; x_wconf 83' lang='grc'>(32)</span> <span class='ocrx_word' id='word_1_523' title='bbox 3611 3166 3807 3240; x_wconf 81' lang='grc' dir='ltr'>ἔξωθεν</span> 
     </span>
    </p>
   </div>
   <div class='ocr_carea' id='block_1_66' title="bbox 406 3237 2045 3333">
    <p class='ocr_par' dir='ltr' id='par_1_66' title="bbox 406 3246 2044 3319">
     <span class='ocr_line' id='line_1_67' title="bbox 406 3246 2044 3319; baseline 0.007 -18"><span class='ocrx_word' id='word_1_524' title='bbox 406 3246 852 3319; x_wconf 86' lang='lat' dir='ltr'><strong>imperatoribus</strong></span> <span class='ocrx_word' id='word_1_525' title='bbox 873 3249 1194 3306; x_wconf 86' lang='lat' dir='ltr'><strong>acclamant</strong></span> <span class='ocrx_word' id='word_1_526' title='bbox 1214 3254 1412 3308; x_wconf 74' lang='lat' dir='ltr'><strong>eodem</strong></span> <span class='ocrx_word' id='word_1_527' title='bbox 1438 3255 1628 3309; x_wconf 89' lang='lat' dir='ltr'><strong>modo.</strong></span> <span class='ocrx_word' id='word_1_528' title='bbox 1651 3259 1796 3310; x_wconf 86' lang='lat' dir='ltr'><strong>Tum</strong></span> <span class='ocrx_word' id='word_1_529' title='bbox 1827 3257 1898 3311; x_wconf 93' lang='lat' dir='ltr'><strong>ob</strong></span> <span class='ocrx_word' id='word_1_530' title='bbox 1921 3256 2044 3312; x_wconf 74' lang='lat' dir='ltr'><strong>Cae-</strong></span> 
     </span>
    </p>
   </div>
   <div class='ocr_carea' id='block_1_67' title="bbox 2160 3237 3804 3333">
    <p class='ocr_par' dir='ltr' id='par_1_67' title="bbox 2160 3237 3804 3333">
     <span class='ocr_line' id='line_1_68' title="bbox 2160 3237 3804 3333; baseline 0.007 -30"><span class='ocrx_word' id='word_1_531' title='bbox 2160 3254 2262 3304; x_wconf 82' lang='grc' dir='ltr'><strong>τῶν</strong></span> <span class='ocrx_word' id='word_1_532' title='bbox 2286 3252 2348 3305; x_wconf 76' lang='grc' dir='ltr'>ιθ¹</span> <span class='ocrx_word' id='word_1_533' title='bbox 2377 3246 2708 3320; x_wconf 78' lang='grc' dir='ltr'>Ζιικουϐίτων,</span> <span class='ocrx_word' id='word_1_534' title='bbox 2742 3251 2832 3307; x_wconf 81' lang='grc' dir='ltr'><strong>καὶ</strong></span> <span class='ocrx_word' id='word_1_535' title='bbox 2883 3253 3191 3332; x_wconf 76' lang='grc' dir='ltr'>εὐφημοῦσι</span> <span class='ocrx_word' id='word_1_536' title='bbox 3229 3237 3358 3320; x_wconf 78' lang='grc' dir='ltr'>τοὺς</span> <span class='ocrx_word' id='word_1_537' title='bbox 3397 3237 3661 3331; x_wconf 69' lang='grc' dir='ltr'>βασιλεῖς</span> <span class='ocrx_word' id='word_1_538' title='bbox 3688 3260 3804 3333; x_wconf 90' lang='grc'><strong>(33)</strong></span> 
     </span>
    </p>
   </div>
   <div class='ocr_carea' id='block_1_68' title="bbox 409 3341 2046 3417">
    <p class='ocr_par' dir='ltr' id='par_1_68' title="bbox 409 3341 2046 3417">
     <span class='ocr_line' id='line_1_69' title="bbox 409 3341 2046 3417; baseline 0.007 -25"><span class='ocrx_word' id='word_1_539' title='bbox 409 3353 593 3393; x_wconf 84' lang='lat' dir='ltr'><strong>sarem</strong></span> <span class='ocrx_word' id='word_1_540' title='bbox 620 3345 931 3408; x_wconf 89' lang='lat' dir='ltr'><strong>precantur</strong></span> <span class='ocrx_word' id='word_1_541' title='bbox 950 3346 1006 3396; x_wconf 88' lang='lat' dir='ltr'><strong>et</strong></span> <span class='ocrx_word' id='word_1_542' title='bbox 1023 3341 1173 3397; x_wconf 86' lang='lat' dir='ltr'><strong>brevi</strong></span> <span class='ocrx_word' id='word_1_543' title='bbox 1200 3360 1545 3413; x_wconf 89' lang='lat' dir='ltr'><strong>responsum</strong></span> <span class='ocrx_word' id='word_1_544' title='bbox 1570 3345 1886 3417; x_wconf 88' lang='lat' dir='ltr'><strong>accipiunt,</strong></span> <span class='ocrx_word' id='word_1_545' title='bbox 1905 3349 2046 3404; x_wconf 88' lang='lat' dir='ltr'><strong>dum</strong></span> 
     </span>
    </p>
   </div>
   <div class='ocr_carea' id='block_1_69' title="bbox 409 3427 2047 3508">
    <p class='ocr_par' dir='ltr' id='par_1_69' title="bbox 409 3427 2047 3508">
     <span class='ocr_line' id='line_1_70' title="bbox 409 3427 2047 3508; baseline 0.009 -27"><span class='ocrx_word' id='word_1_546' title='bbox 409 3431 511 3481; x_wconf 90' lang='lat' dir='ltr'><strong>aut</strong></span> <span class='ocrx_word' id='word_1_547' title='bbox 557 3427 875 3499; x_wconf 89' lang='lat' dir='ltr'><strong>imperator</strong></span> <span class='ocrx_word' id='word_1_548' title='bbox 912 3429 1036 3501; x_wconf 90' lang='lat' dir='ltr'><strong>ipse</strong></span> <span class='ocrx_word' id='word_1_549' title='bbox 1071 3433 1454 3503; x_wconf 81' lang='lat' dir='ltr'><strong>progreditur,</strong></span> <span class='ocrx_word' id='word_1_550' title='bbox 1485 3441 1585 3490; x_wconf 90' lang='lat' dir='ltr'><strong>aut</strong></span> <span class='ocrx_word' id='word_1_551' title='bbox 1631 3437 1685 3490; x_wconf 92' lang='lat' dir='ltr'><strong>id</strong></span> <span class='ocrx_word' id='word_1_552' title='bbox 1733 3453 1836 3508; x_wconf 92' lang='lat' dir='ltr'><strong>per</strong></span> <span class='ocrx_word' id='word_1_553' title='bbox 1865 3440 2047 3496; x_wconf 88' lang='lat' dir='ltr'><strong>alium</strong></span> 
     </span>
    </p>
   </div>
   <div class='ocr_carea' id='block_1_70' title="bbox 408 3515 2050 3586">
    <p class='ocr_par' dir='ltr' id='par_1_70' title="bbox 408 3515 2050 3586">
     <span class='ocr_line' id='line_1_71' title="bbox 408 3515 2050 3586; baseline 0.008 -16"><span class='ocrx_word' id='word_1_554' title='bbox 408 3516 542 3583; x_wconf 89' lang='lat' dir='ltr'><strong>edit,</strong></span> <span class='ocrx_word' id='word_1_555' title='bbox 559 3515 818 3571; x_wconf 91' lang='lat' dir='ltr'><strong>etsilent.</strong></span> <span class='ocrx_word' id='word_1_556' title='bbox 836 3517 1067 3574; x_wconf 87' lang='lat' dir='ltr'><strong>Domini</strong></span> <span class='ocrx_word' id='word_1_557' title='bbox 1083 3519 1141 3574; x_wconf 91' lang='lat' dir='ltr'><strong>in</strong></span> <span class='ocrx_word' id='word_1_558' title='bbox 1163 3521 1636 3586; x_wconf 77' lang='lat' dir='ltr'><strong>magnotriclinio</strong></span> <span class='ocrx_word' id='word_1_559' title='bbox 1654 3527 2050 3583; x_wconf 88' lang='lat' dir='ltr'><strong>novemdecim</strong></span> 
     </span>
    </p>
   </div>
   <div class='ocr_carea' id='block_1_71' title="bbox 407 3605 2053 3679">
    <p class='ocr_par' dir='ltr' id='par_1_71' title="bbox 407 3605 2053 3679">
     <span class='ocr_line' id='line_1_72' title="bbox 407 3605 2053 3679; baseline 0.007 -19"><span class='ocrx_word' id='word_1_560' title='bbox 407 3605 777 3662; x_wconf 88' lang='lat' dir='ltr'><strong>accubituum</strong></span> <span class='ocrx_word' id='word_1_561' title='bbox 829 3608 1158 3676; x_wconf 87' lang='lat' dir='ltr'><strong>consident,</strong></span> <span class='ocrx_word' id='word_1_562' title='bbox 1219 3610 1549 3679; x_wconf 87' lang='lat' dir='ltr'><strong>patriarcha</strong></span> <span class='ocrx_word' id='word_1_563' title='bbox 1602 3628 1733 3669; x_wconf 87' lang='lat' dir='ltr'><strong>vero</strong></span> <span class='ocrx_word' id='word_1_564' title='bbox 1791 3615 2053 3673; x_wconf 90' lang='lat' dir='ltr'><strong>celeriter</strong></span> 
     </span>
    </p>
   </div>
   <div class='ocr_carea' id='block_1_72' title="bbox 405 3692 2053 3776">
    <p class='ocr_par' dir='ltr' id='par_1_72' title="bbox 405 3692 2053 3776">
     <span class='ocr_line' id='line_1_73' title="bbox 405 3692 2053 3776; baseline 0.008 -29"><span class='ocrx_word' id='word_1_565' title='bbox 405 3692 728 3765; x_wconf 86' lang='lat' dir='ltr'><strong>ingressus,</strong></span> <span class='ocrx_word' id='word_1_566' title='bbox 777 3695 836 3752; x_wconf 90' lang='lat' dir='ltr'><strong>in</strong></span> <span class='ocrx_word' id='word_1_567' title='bbox 883 3697 940 3752; x_wconf 93' lang='lat' dir='ltr'><strong>S.</strong></span> <span class='ocrx_word' id='word_1_568' title='bbox 985 3699 1260 3770; x_wconf 85' lang='lat' dir='ltr'><strong>Stephani</strong></span> <span class='ocrx_word' id='word_1_569' title='bbox 1292 3707 1606 3772; x_wconf 82' lang='lat' dir='ltr'><strong>exspectat,</strong></span> <span class='ocrx_word' id='word_1_570' title='bbox 1639 3707 1695 3758; x_wconf 87' lang='lat' dir='ltr'><strong>et</strong></span> <span class='ocrx_word' id='word_1_571' title='bbox 1738 3709 2053 3776; x_wconf 88' lang='lat' dir='ltr'><strong>postquam</strong></span> 
     </span>
    </p>
   </div>
   <div class='ocr_carea' id='block_1_73' title="bbox 408 3784 2054 3866">
    <p class='ocr_par' dir='ltr' id='par_1_73' title="bbox 408 3784 2054 3866">
     <span class='ocr_line' id='line_1_74' title="bbox 408 3784 2054 3866; baseline 0.009 -30"><span class='ocrx_word' id='word_1_572' title='bbox 408 3784 798 3839; x_wconf 88' lang='lat' dir='ltr'><strong>consederunt</strong></span> <span class='ocrx_word' id='word_1_573' title='bbox 828 3786 1071 3854; x_wconf 87' lang='lat' dir='ltr'><strong>domini,</strong></span> <span class='ocrx_word' id='word_1_574' title='bbox 1097 3789 1305 3844; x_wconf 87' lang='lat' dir='ltr'><strong>secreti</strong></span> <span class='ocrx_word' id='word_1_575' title='bbox 1337 3789 1530 3845; x_wconf 91' lang='lat' dir='ltr'><strong>velum</strong></span> <span class='ocrx_word' id='word_1_576' title='bbox 1563 3791 1840 3860; x_wconf 88' lang='lat' dir='ltr'><strong>primum,</strong></span> <span class='ocrx_word' id='word_1_577' title='bbox 1872 3796 2054 3866; x_wconf 86' lang='lat' dir='ltr'><strong>magi-</strong></span> 
     </span>
    </p>
   </div>
   <div class='ocr_carea' id='block_1_74' title="bbox 409 3870 2054 3951">
    <p class='ocr_par' dir='ltr' id='par_1_74' title="bbox 409 3870 2054 3951">
     <span class='ocr_line' id='line_1_75' title="bbox 409 3870 2054 3951; baseline 0.01 -31"><span class='ocrx_word' id='word_1_578' title='bbox 409 3877 582 3937; x_wconf 87' lang='lat' dir='ltr'><strong>stros,</strong></span> <span class='ocrx_word' id='word_1_579' title='bbox 607 3870 819 3926; x_wconf 88' lang='lat' dir='ltr'><strong>deinde</strong></span> <span class='ocrx_word' id='word_1_580' title='bbox 851 3872 1076 3944; x_wconf 89' lang='lat' dir='ltr'><strong>reliqua</strong></span> <span class='ocrx_word' id='word_1_581' title='bbox 1104 3874 1229 3928; x_wconf 90' lang='lat' dir='ltr'><strong>vela</strong></span> <span class='ocrx_word' id='word_1_582' title='bbox 1262 3892 1364 3945; x_wconf 92' lang='lat' dir='ltr'><strong>pro</strong></span> <span class='ocrx_word' id='word_1_583' title='bbox 1398 3892 1554 3931; x_wconf 90' lang='lat' dir='ltr'><strong>more</strong></span> <span class='ocrx_word' id='word_1_584' title='bbox 1583 3879 1898 3948; x_wconf 83' lang='lat' dir='ltr'><strong>excipiunt,</strong></span> <span class='ocrx_word' id='word_1_585' title='bbox 1923 3882 2054 3951; x_wconf 84' lang='lat' dir='ltr'><strong>qui-</strong></span> 
     </span>
    </p>
   </div>
   <div class='ocr_carea' id='block_1_75' title="bbox 415 3955 2060 4036">
    <p class='ocr_par' dir='ltr' id='par_1_75' title="bbox 415 3955 2060 4036">
     <span class='ocr_line' id='line_1_76' title="bbox 415 3955 2060 4036; baseline 0.009 -26"><span class='ocrx_word' id='word_1_586' title='bbox 415 3955 528 4012; x_wconf 90' lang='lat' dir='ltr'><strong>bus</strong></span> <span class='ocrx_word' id='word_1_587' title='bbox 562 3961 858 4027; x_wconf 84' lang='lat' dir='ltr'><strong>omnihus,</strong></span> <span class='ocrx_word' id='word_1_588' title='bbox 911 3961 1075 4017; x_wconf 89' lang='lat' dir='ltr'><strong>nullo</strong></span> <span class='ocrx_word' id='word_1_589' title='bbox 1109 3962 1439 4026; x_wconf 86' lang='lat' dir='ltr'><strong>deticiente,</strong></span> <span class='ocrx_word' id='word_1_590' title='bbox 1489 3964 1798 4034; x_wconf 76' lang='lat' dir='ltr'><strong>ingressis,</strong></span> <span class='ocrx_word' id='word_1_591' title='bbox 1846 3968 2060 4036; x_wconf 86' lang='lat' dir='ltr'><strong>jubent</strong></span> 
     </span>
    </p>
   </div>
   <div class='ocr_carea' id='block_1_76' title="bbox 411 4044 2054 4126">
    <p class='ocr_par' dir='ltr' id='par_1_76' title="bbox 411 4044 2054 4126">
     <span class='ocr_line' id='line_1_77' title="bbox 411 4044 2054 4126; baseline 0.009 -30"><span class='ocrx_word' id='word_1_592' title='bbox 411 4044 655 4113; x_wconf 88' lang='lat' dir='ltr'><strong>domini,</strong></span> <span class='ocrx_word' id='word_1_593' title='bbox 689 4047 988 4116; x_wconf 89' lang='lat' dir='ltr'><strong>dibetesia,</strong></span> <span class='ocrx_word' id='word_1_594' title='bbox 1037 4049 1379 4120; x_wconf 84' lang='lat' dir='ltr'><strong>chlamydes</strong></span> <span class='ocrx_word' id='word_1_595' title='bbox 1411 4055 1469 4105; x_wconf 85' lang='lat' dir='ltr'><strong>et</strong></span> <span class='ocrx_word' id='word_1_596' title='bbox 1507 4067 1750 4107; x_wconf 90' lang='lat' dir='ltr'><strong>coronas</strong></span> <span class='ocrx_word' id='word_1_597' title='bbox 1777 4070 1916 4108; x_wconf 89' lang='lat' dir='ltr'><strong>suas</strong></span> <span class='ocrx_word' id='word_1_598' title='bbox 1954 4071 2054 4126; x_wconf 85' lang='lat' dir='ltr'><strong>ge-</strong></span> 
     </span>
    </p>
   </div>
   <div class='ocr_carea' id='block_1_77' title="bbox 415 4135 2055 4212">
    <p class='ocr_par' dir='ltr' id='par_1_77' title="bbox 415 4135 2055 4212">
     <span class='ocr_line' id='line_1_78' title="bbox 415 4135 2055 4212; baseline 0.009 -26"><span class='ocrx_word' id='word_1_599' title='bbox 415 4137 659 4202; x_wconf 81' lang='lat' dir='ltr'><strong>stantes,</strong></span> <span class='ocrx_word' id='word_1_600' title='bbox 684 4141 746 4190; x_wconf 91' lang='lat' dir='ltr'><strong>ut</strong></span> <span class='ocrx_word' id='word_1_601' title='bbox 774 4137 843 4189; x_wconf 89' lang='lat' dir='ltr'><strong>de</strong></span> <span class='ocrx_word' id='word_1_602' title='bbox 873 4135 1095 4191; x_wconf 67' lang='lat' dir='ltr'><strong>Caesare</strong></span> <span class='ocrx_word' id='word_1_603' title='bbox 1127 4153 1318 4192; x_wconf 87' lang='lat' dir='ltr'><strong>sermo</strong></span> <span class='ocrx_word' id='word_1_604' title='bbox 1352 4137 1709 4208; x_wconf 88' lang='lat' dir='ltr'><strong>instituatur,</strong></span> <span class='ocrx_word' id='word_1_605' title='bbox 1742 4149 1794 4195; x_wconf 91' lang='lat' dir='ltr'><strong>et</strong></span> <span class='ocrx_word' id='word_1_606' title='bbox 1824 4145 2055 4212; x_wconf 88' lang='lat' dir='ltr'><strong>quando</strong></span> 
     </span>
    </p>
   </div>
   <div class='ocr_carea' id='block_1_78' title="bbox 413 4221 2056 4294">
    <p class='ocr_par' dir='ltr' id='par_1_78' title="bbox 413 4221 2056 4294">
     <span class='ocr_line' id='line_1_79' title="bbox 413 4221 2056 4294; baseline 0.007 -20"><span class='ocrx_word' id='word_1_607' title='bbox 413 4236 616 4276; x_wconf 89' lang='lat' dir='ltr'><strong>omnes</strong></span> <span class='ocrx_word' id='word_1_608' title='bbox 663 4221 722 4276; x_wconf 87' lang='lat' dir='ltr'><strong>in</strong></span> <span class='ocrx_word' id='word_1_609' title='bbox 769 4221 1047 4278; x_wconf 90' lang='lat' dir='ltr'><strong>electione</strong></span> <span class='ocrx_word' id='word_1_610' title='bbox 1105 4223 1345 4279; x_wconf 65' lang='lat' dir='ltr'><strong>Caesaris</strong></span> <span class='ocrx_word' id='word_1_611' title='bbox 1391 4228 1784 4294; x_wconf 86' lang='lat' dir='ltr'><strong>consentiunt,</strong></span> <span class='ocrx_word' id='word_1_612' title='bbox 1835 4231 2056 4286; x_wconf 89' lang='lat' dir='ltr'><strong>domini</strong></span> 
     </span>
    </p>
   </div>
   <div class='ocr_carea' id='block_1_79' title="bbox 416 4308 2058 4383">
    <p class='ocr_par' dir='ltr' id='par_1_79' title="bbox 416 4308 2058 4383">
     <span class='ocr_line' id='line_1_80' title="bbox 416 4308 2058 4383; baseline 0.009 -23"><span class='ocrx_word' id='word_1_613' title='bbox 416 4308 723 4378; x_wconf 66' lang='lat' dir='ltr'><strong>praeposito</strong></span> <span class='ocrx_word' id='word_1_614' title='bbox 747 4309 979 4380; x_wconf 85' lang='lat' dir='ltr'><strong>signum</strong></span> <span class='ocrx_word' id='word_1_615' title='bbox 1003 4311 1162 4376; x_wconf 89' lang='lat' dir='ltr'><strong>dant,</strong></span> <span class='ocrx_word' id='word_1_616' title='bbox 1197 4312 1294 4383; x_wconf 91' lang='lat' dir='ltr'><strong>qui</strong></span> <span class='ocrx_word' id='word_1_617' title='bbox 1318 4312 1459 4369; x_wconf 90' lang='lat' dir='ltr'><strong>dicit</strong></span> <span class='ocrx_word' id='word_1_618' title='bbox 1489 4331 1503 4370; x_wconf 91' lang='lat'><strong>:</strong></span> <span class='ocrx_word' id='word_1_619' title='bbox 1531 4336 1559 4365; x_wconf 85' lang='lat'>«</span> <span class='ocrx_word' id='word_1_620' title='bbox 1585 4314 1811 4372; x_wconf 85' lang='lat' dir='ltr'><strong>Jubete.</strong></span> <span class='ocrx_word' id='word_1_621' title='bbox 1843 4340 1872 4368; x_wconf 90' lang='lat'>»</span> <span class='ocrx_word' id='word_1_622' title='bbox 1896 4319 2058 4376; x_wconf 91' lang='lat' dir='ltr'><strong>Tunc</strong></span> 
     </span>
    </p>
   </div>
   <div class='ocr_carea' id='block_1_80' title="bbox 413 4394 2056 4476">
    <p class='ocr_par' dir='ltr' id='par_1_80' title="bbox 413 4394 2056 4476">
     <span class='ocr_line' id='line_1_81' title="bbox 413 4394 2056 4476; baseline 0.007 -26"><span class='ocrx_word' id='word_1_623' title='bbox 413 4399 543 4464; x_wconf 86' lang='lat' dir='ltr'><strong>post</strong></span> <span class='ocrx_word' id='word_1_624' title='bbox 560 4394 777 4450; x_wconf 81' lang='lat' dir='ltr'><strong>faustas</strong></span> <span class='ocrx_word' id='word_1_625' title='bbox 789 4397 1233 4455; x_wconf 87' lang='lat' dir='ltr'><strong>acclamationes</strong></span> <span class='ocrx_word' id='word_1_626' title='bbox 1251 4411 1534 4457; x_wconf 87' lang='lat' dir='ltr'><strong>secretum</strong></span> <span class='ocrx_word' id='word_1_627' title='bbox 1557 4403 2056 4476; x_wconf 89' lang='lat' dir='ltr'><strong>discedit,patricii</strong></span> 
     </span>
    </p>
   </div>
   <div class='ocr_carea' id='block_1_81' title="bbox 409 4483 2056 4565">
    <p class='ocr_par' dir='ltr' id='par_1_81' title="bbox 409 4483 2056 4565">
     <span class='ocr_line' id='line_1_82' title="bbox 409 4483 2056 4565; baseline 0.009 -29"><span class='ocrx_word' id='word_1_628' title='bbox 409 4483 819 4538; x_wconf 87' lang='lat' dir='ltr'><strong>consistorium</strong></span> <span class='ocrx_word' id='word_1_629' title='bbox 839 4485 895 4540; x_wconf 92' lang='lat' dir='ltr'><strong>in</strong></span> <span class='ocrx_word' id='word_1_630' title='bbox 910 4488 1129 4557; x_wconf 89' lang='lat' dir='ltr'><strong>porticu</strong></span> <span class='ocrx_word' id='word_1_631' title='bbox 1145 4487 2056 4565; x_wconf 77' lang='lat' dir='ltr'><strong>XlXaccubituumconstituunt,</strong></span> 
     </span>
    </p>
   </div>
   <div class='ocr_carea' id='block_1_82' title="bbox 2155 3338 3804 3417">
    <p class='ocr_par' dir='ltr' id='par_1_82' title="bbox 2155 3338 3804 3417">
     <span class='ocr_line' id='line_1_83' title="bbox 2155 3338 3804 3417; baseline 0.004 -24"><span class='ocrx_word' id='word_1_632' title='bbox 2155 3340 2290 3394; x_wconf 84' lang='grc' dir='ltr'>κατὰ</span> <span class='ocrx_word' id='word_1_633' title='bbox 2309 3341 2400 3394; x_wconf 91' lang='grc' dir='ltr'><strong>τὸν</strong></span> <span class='ocrx_word' id='word_1_634' title='bbox 2435 3338 2630 3414; x_wconf 76' lang='grc' dir='ltr'>ὅμοιον</span> <span class='ocrx_word' id='word_1_635' title='bbox 2661 3342 2885 3417; x_wconf 87' lang='grc' dir='ltr'>τρόπον,</span> <span class='ocrx_word' id='word_1_636' title='bbox 2925 3343 3030 3398; x_wconf 86' lang='grc' dir='ltr'>Καὶ</span> <span class='ocrx_word' id='word_1_637' title='bbox 3084 3344 3358 3400; x_wconf 84' lang='grc' dir='ltr'>αἰτοῦνται</span> <span class='ocrx_word' id='word_1_638' title='bbox 3391 3344 3478 3399; x_wconf 76' lang='grc' dir='ltr'><strong>διὰ</strong></span> <span class='ocrx_word' id='word_1_639' title='bbox 3522 3348 3615 3401; x_wconf 85' lang='grc' dir='ltr'><strong>τὸν</strong></span> <span class='ocrx_word' id='word_1_640' title='bbox 3664 3349 3804 3403; x_wconf 74' lang='grc' dir='ltr'><strong>Καὶ·</strong></span> 
     </span>
    </p>
   </div>
   <div class='ocr_carea' id='block_1_83' title="bbox 2160 3425 3804 3507">
    <p class='ocr_par' dir='ltr' id='par_1_83' title="bbox 2160 3425 3804 3507">
     <span class='ocr_line' id='line_1_84' title="bbox 2160 3425 3804 3507; baseline 0.005 -26"><span class='ocrx_word' id='word_1_641' title='bbox 2160 3449 2317 3502; x_wconf 87' lang='grc' dir='ltr'>σαρα,</span> <span class='ocrx_word' id='word_1_642' title='bbox 2366 3427 2456 3482; x_wconf 80' lang='grc' dir='ltr'><strong>καὶ</strong></span> <span class='ocrx_word' id='word_1_643' title='bbox 2506 3429 2788 3502; x_wconf 81' lang='grc' dir='ltr'>συντόμως</span> <span class='ocrx_word' id='word_1_644' title='bbox 2850 3425 3220 3504; x_wconf 77' lang='grc' dir='ltr'>λαμϐάνουσιν</span> <span class='ocrx_word' id='word_1_645' title='bbox 3294 3430 3604 3507; x_wconf 80' lang='grc' dir='ltr'>ἀπόκρισιν,</span> <span class='ocrx_word' id='word_1_646' title='bbox 3692 3434 3804 3490; x_wconf 74' lang='grc' dir='ltr'>εἴτε</span> 
     </span>
    </p>
   </div>
   <div class='ocr_carea' id='block_1_84' title="bbox 2160 3515 3811 3595">
    <p class='ocr_par' dir='ltr' id='par_1_84' title="bbox 2160 3515 3811 3595">
     <span class='ocr_line' id='line_1_85' title="bbox 2160 3515 3811 3595; baseline 0.005 -24"><span class='ocrx_word' id='word_1_647' title='bbox 2160 3517 2326 3571; x_wconf 83' lang='grc' dir='ltr'>αὐτοῦ</span> <span class='ocrx_word' id='word_1_648' title='bbox 2355 3521 2451 3572; x_wconf 92' lang='grc' dir='ltr'><strong>τοῦ</strong></span> <span class='ocrx_word' id='word_1_649' title='bbox 2487 3515 2756 3592; x_wconf 76' lang='grc' dir='ltr'>βασιλέως</span> <span class='ocrx_word' id='word_1_650' title='bbox 2797 3516 3180 3595; x_wconf 78' lang='grc' dir='ltr'>ἔξερχομὲνου,</span> <span class='ocrx_word' id='word_1_651' title='bbox 3219 3519 3329 3577; x_wconf 79' lang='grc' dir='ltr'>εἷ’τε</span> <span class='ocrx_word' id='word_1_652' title='bbox 3369 3519 3811 3593; x_wconf 82' lang='grc' dir='ltr'>δηλοποιοῦντος</span> 
     </span>
    </p>
   </div>
   <div class='ocr_carea' id='block_1_85' title="bbox 2163 3605 3810 3677">
    <p class='ocr_par' dir='ltr' id='par_1_85' title="bbox 2163 3605 3810 3677">
     <span class='ocr_line' id='line_1_86' title="bbox 2163 3605 3810 3677; baseline 0.005 -17"><span class='ocrx_word' id='word_1_653' title='bbox 2163 3605 2364 3674; x_wconf 83' lang='grc' dir='ltr'>αὐτοῖς,</span> <span class='ocrx_word' id='word_1_654' title='bbox 2398 3606 2485 3660; x_wconf 87' lang='grc' dir='ltr'><strong>καὶ</strong></span> <span class='ocrx_word' id='word_1_655' title='bbox 2528 3611 2826 3666; x_wconf 82' lang='grc' dir='ltr'>σιωπῶσιν.</span> <span class='ocrx_word' id='word_1_656' title='bbox 2862 3607 3186 3677; x_wconf 84' lang='grc' dir='ltr'>Καθέζονται</span> <span class='ocrx_word' id='word_1_657' title='bbox 3243 3607 3301 3666; x_wconf 75' lang='grc' dir='ltr'>δὲ</span> <span class='ocrx_word' id='word_1_658' title='bbox 3350 3612 3403 3665; x_wconf 77' lang='grc' dir='ltr'>οἱ</span> <span class='ocrx_word' id='word_1_659' title='bbox 3450 3609 3707 3669; x_wconf 84' lang='grc' dir='ltr'>δεσπόται</span> <span class='ocrx_word' id='word_1_660' title='bbox 3753 3612 3810 3669; x_wconf 85' lang='grc' dir='ltr'>ἐν</span> 
     </span>
    </p>
   </div>
   <div class='ocr_carea' id='block_1_86' title="bbox 2162 3692 3819 3777">
    <p class='ocr_par' dir='ltr' id='par_1_86' title="bbox 2162 3692 3819 3777">
     <span class='ocr_line' id='line_1_87' title="bbox 2162 3692 3819 3777; baseline 0.006 -27"><span class='ocrx_word' id='word_1_661' title='bbox 2162 3699 2242 3766; x_wconf 79' lang='grc' dir='ltr'><strong>τῷ</strong></span> <span class='ocrx_word' id='word_1_662' title='bbox 2302 3692 2527 3769; x_wconf 75' lang='grc' dir='ltr'>μεγάλῳ</span> <span class='ocrx_word' id='word_1_663' title='bbox 2583 3696 2846 3770; x_wconf 82' lang='grc' dir='ltr'>τρικλίνῳ</span> <span class='ocrx_word' id='word_1_664' title='bbox 2900 3701 3008 3752; x_wconf 82' lang='grc' dir='ltr'><strong>τῶν</strong></span> <span class='ocrx_word' id='word_1_665' title='bbox 3063 3694 3482 3773; x_wconf 71' lang='grc' dir='ltr'>ιθ’ἀγου6ίτων,</span> <span class='ocrx_word' id='word_1_666' title='bbox 3513 3703 3600 3756; x_wconf 87' lang='grc' dir='ltr'><strong>καὶ</strong></span> <span class='ocrx_word' id='word_1_667' title='bbox 3647 3703 3819 3777; x_wconf 78' lang='grc' dir='ltr'>εἰσέρ-</span> 
     </span>
    </p>
   </div>
   <div class='ocr_carea' id='block_1_87' title="bbox 2164 3783 3816 3868">
    <p class='ocr_par' dir='ltr' id='par_1_87' title="bbox 2164 3783 3816 3868">
     <span class='ocr_line' id='line_1_88' title="bbox 2164 3783 3816 3868; baseline 0.007 -32"><span class='ocrx_word' id='word_1_668' title='bbox 2164 3804 2320 3861; x_wconf 87' lang='grc' dir='ltr'>χεται</span> <span class='ocrx_word' id='word_1_669' title='bbox 2371 3783 2398 3837; x_wconf 84' lang='grc' dir='ltr'>ὀ</span> <span class='ocrx_word' id='word_1_670' title='bbox 2456 3788 2804 3863; x_wconf 83' lang='grc' dir='ltr'>πατριάρχης</span> <span class='ocrx_word' id='word_1_671' title='bbox 2862 3786 3079 3860; x_wconf 85' lang='grc' dir='ltr'>τάχιον,</span> <span class='ocrx_word' id='word_1_672' title='bbox 3139 3787 3229 3842; x_wconf 88' lang='grc' dir='ltr'><strong>καὶ</strong></span> <span class='ocrx_word' id='word_1_673' title='bbox 3281 3787 3563 3868; x_wconf 82' lang='grc' dir='ltr'>ἐκδέχεται</span> <span class='ocrx_word' id='word_1_674' title='bbox 3614 3790 3691 3854; x_wconf 75' lang='grc' dir='ltr'><strong>εἷς</strong></span> <span class='ocrx_word' id='word_1_675' title='bbox 3719 3793 3816 3848; x_wconf 84' lang='grc' dir='ltr'><strong>τὸν</strong></span> 
     </span>
    </p>
   </div>
   <div class='ocr_carea' id='block_1_88' title="bbox 2163 3873 3814 3951">
    <p class='ocr_par' dir='ltr' id='par_1_88' title="bbox 2163 3873 3814 3951">
     <span class='ocr_line' id='line_1_89' title="bbox 2163 3873 3814 3951; baseline 0.005 -23"><span class='ocrx_word' id='word_1_676' title='bbox 2163 3874 2355 3948; x_wconf 72' lang='grc' dir='ltr'>’Άγιον</span> <span class='ocrx_word' id='word_1_677' title='bbox 2410 3873 2700 3951; x_wconf 72' lang='grc' dir='ltr'>Στέφανον,</span> <span class='ocrx_word' id='word_1_678' title='bbox 2740 3875 2830 3928; x_wconf 80' lang='grc' dir='ltr'><strong>καὶ</strong></span> <span class='ocrx_word' id='word_1_679' title='bbox 2899 3877 3261 3932; x_wconf 84' lang='grc' dir='ltr'>καθεσθέντων</span> <span class='ocrx_word' id='word_1_680' title='bbox 3331 3883 3438 3933; x_wconf 84' lang='grc' dir='ltr'>τῶν</span> <span class='ocrx_word' id='word_1_681' title='bbox 3512 3877 3814 3951; x_wconf 81' lang='grc' dir='ltr'>δεσποτῶν,</span> 
     </span>
    </p>
   </div>
   <div class='ocr_carea' id='block_1_89' title="bbox 2167 3959 3816 4045">
    <p class='ocr_par' dir='ltr' id='par_1_89' title="bbox 2167 3959 3816 4045">
     <span class='ocr_line' id='line_1_90' title="bbox 2167 3959 3816 4045; baseline 0.008 -31"><span class='ocrx_word' id='word_1_682' title='bbox 2167 3959 2415 4036; x_wconf 80' lang='grc' dir='ltr'>δέχονται</span> <span class='ocrx_word' id='word_1_683' title='bbox 2458 3963 2521 4017; x_wconf 87' lang='grc' dir='ltr'><strong>τὸ</strong></span> <span class='ocrx_word' id='word_1_684' title='bbox 2561 3963 2830 4037; x_wconf 85' lang='grc' dir='ltr'>σέκρετον,</span> <span class='ocrx_word' id='word_1_685' title='bbox 2866 3965 3042 4040; x_wconf 81' lang='grc' dir='ltr'>βῆλον</span> <span class='ocrx_word' id='word_1_686' title='bbox 3072 3968 3139 4037; x_wconf 84' lang='grc' dir='ltr'>α’,</span> <span class='ocrx_word' id='word_1_687' title='bbox 3171 3967 3302 4030; x_wconf 82' lang='grc' dir='ltr'>τοὺς</span> <span class='ocrx_word' id='word_1_688' title='bbox 3333 3969 3688 4045; x_wconf 87' lang='grc' dir='ltr'>μαγίστρους,</span> <span class='ocrx_word' id='word_1_689' title='bbox 3721 3972 3816 4028; x_wconf 81' lang='grc' dir='ltr'><strong>καὶ</strong></span> 
     </span>
    </p>
   </div>
   <div class='ocr_carea' id='block_1_90' title="bbox 2166 4047 3812 4135">
    <p class='ocr_par' dir='ltr' id='par_1_90' title="bbox 2166 4047 3812 4135">
     <span class='ocr_line' id='line_1_91' title="bbox 2166 4047 3812 4135; baseline 0.007 -31"><span class='ocrx_word' id='word_1_690' title='bbox 2166 4049 2233 4104; x_wconf 79' lang='grc' dir='ltr'>τὰ</span> <span class='ocrx_word' id='word_1_691' title='bbox 2281 4047 2449 4104; x_wconf 85' lang='grc' dir='ltr'>λοιπὰ</span> <span class='ocrx_word' id='word_1_692' title='bbox 2503 4049 2649 4124; x_wconf 82' lang='grc' dir='ltr'>βῆλα</span> <span class='ocrx_word' id='word_1_693' title='bbox 2687 4053 2823 4106; x_wconf 87' lang='grc' dir='ltr'>κατᾶ</span> <span class='ocrx_word' id='word_1_694' title='bbox 2877 4055 3046 4126; x_wconf 77' lang='grc' dir='ltr'>τάξιν,</span> <span class='ocrx_word' id='word_1_695' title='bbox 3079 4055 3154 4116; x_wconf 86' lang='grc' dir='ltr'><strong>ὡς</strong></span> <span class='ocrx_word' id='word_1_696' title='bbox 3193 4054 3310 4135; x_wconf 82' lang='grc' dir='ltr'>ἔχει</span> <span class='ocrx_word' id='word_1_697' title='bbox 3369 4061 3651 4129; x_wconf 73' lang='grc' dir='ltr'>συνήθεια,</span> <span class='ocrx_word' id='word_1_698' title='bbox 3719 4060 3812 4116; x_wconf 84' lang='grc' dir='ltr'><strong>καὶ</strong></span> 
     </span>
    </p>
   </div>
   <div class='ocr_carea' id='block_1_91' title="bbox 2167 4137 3812 4219">
    <p class='ocr_par' dir='ltr' id='par_1_91' title="bbox 2167 4137 3812 4219">
     <span class='ocr_line' id='line_1_92' title="bbox 2167 4137 3812 4219; baseline 0.007 -26"><span class='ocrx_word' id='word_1_699' title='bbox 2167 4139 2255 4193; x_wconf 82' lang='grc' dir='ltr'><strong>ὅτε</strong></span> <span class='ocrx_word' id='word_1_700' title='bbox 2313 4137 2595 4193; x_wconf 78' lang='grc' dir='ltr'>εἰσέλθωσι</span> <span class='ocrx_word' id='word_1_701' title='bbox 2651 4141 2718 4195; x_wconf 75' lang='grc' dir='ltr'><strong>τὰ</strong></span> <span class='ocrx_word' id='word_1_702' title='bbox 2755 4141 2904 4215; x_wconf 77' lang='grc' dir='ltr'>βῆλα</span> <span class='ocrx_word' id='word_1_703' title='bbox 2954 4143 3045 4197; x_wconf 78' lang='grc' dir='ltr'><strong>καὶ</strong></span> <span class='ocrx_word' id='word_1_704' title='bbox 3093 4141 3456 4219; x_wconf 76' lang='grc' dir='ltr'>πληρωθῶσι,</span> <span class='ocrx_word' id='word_1_705' title='bbox 3497 4146 3812 4205; x_wconf 70' lang='grc' dir='ltr'>κελεύουσιν</span> 
     </span>
    </p>
   </div>
   <div class='ocr_carea' id='block_1_92' title="bbox 2166 4223 3819 4313">
    <p class='ocr_par' dir='ltr' id='par_1_92' title="bbox 2166 4223 3819 4313">
     <span class='ocr_line' id='line_1_93' title="bbox 2166 4223 3819 4313; baseline 0.008 -31"><span class='ocrx_word' id='word_1_706' title='bbox 2166 4227 2218 4282; x_wconf 73' lang='grc' dir='ltr'>οἱ</span> <span class='ocrx_word' id='word_1_707' title='bbox 2277 4223 2530 4282; x_wconf 86' lang='grc' dir='ltr'>δεσπόται</span> <span class='ocrx_word' id='word_1_708' title='bbox 2591 4227 2830 4298; x_wconf 82' lang='grc' dir='ltr'>λαλῆσαι</span> <span class='ocrx_word' id='word_1_709' title='bbox 2881 4229 3063 4294; x_wconf 83' lang='grc' dir='ltr'>αὐτοῖς</span> <span class='ocrx_word' id='word_1_710' title='bbox 3101 4238 3167 4288; x_wconf 83' lang='grc' dir='ltr'>τὰ</span> <span class='ocrx_word' id='word_1_711' title='bbox 3215 4237 3339 4310; x_wconf 87' lang='grc' dir='ltr'><strong>περὶ</strong></span> <span class='ocrx_word' id='word_1_712' title='bbox 3379 4240 3475 4291; x_wconf 89' lang='grc' dir='ltr'><strong>τοῦ</strong></span> <span class='ocrx_word' id='word_1_713' title='bbox 3518 4237 3819 4313; x_wconf 79' lang='grc' dir='ltr'>Καίσαρος,</span> 
     </span>
    </p>
   </div>
   <div class='ocr_carea' id='block_1_93' title="bbox 2166 4315 3813 4400">
    <p class='ocr_par' dir='ltr' id='par_1_93' title="bbox 2166 4315 3813 4400">
     <span class='ocr_line' id='line_1_94' title="bbox 2166 4315 3813 4400; baseline 0.008 -30"><span class='ocrx_word' id='word_1_714' title='bbox 2166 4319 2455 4393; x_wconf 81' lang='grc' dir='ltr'>φοροῦντες</span> <span class='ocrx_word' id='word_1_715' title='bbox 2513 4315 2603 4372; x_wconf 82' lang='grc' dir='ltr'><strong>καὶ</strong></span> <span class='ocrx_word' id='word_1_716' title='bbox 2645 4317 2712 4373; x_wconf 79' lang='grc' dir='ltr'>τὰ</span> <span class='ocrx_word' id='word_1_717' title='bbox 2768 4315 3064 4391; x_wconf 74' lang='grc' dir='ltr'>διῦητήσια</span> <span class='ocrx_word' id='word_1_718' title='bbox 3107 4321 3196 4376; x_wconf 86' lang='grc' dir='ltr'><strong>καὶ</strong></span> <span class='ocrx_word' id='word_1_719' title='bbox 3243 4324 3338 4386; x_wconf 74' lang='grc' dir='ltr'><strong>τὰς</strong></span> <span class='ocrx_word' id='word_1_720' title='bbox 3385 4322 3677 4400; x_wconf 79' lang='grc' dir='ltr'>χλαμύδας</span> <span class='ocrx_word' id='word_1_721' title='bbox 3721 4332 3813 4384; x_wconf 78' lang='grc' dir='ltr'><strong>καὶ</strong></span> 
     </span>
    </p>
   </div>
   <div class='ocr_carea' id='block_1_94' title="bbox 2163 4404 3825 4478">
    <p class='ocr_par' dir='ltr' id='par_1_94' title="bbox 2163 4404 3825 4478">
     <span class='ocr_line' id='line_1_95' title="bbox 2163 4404 3825 4478; baseline 0.008 -19"><span class='ocrx_word' id='word_1_722' title='bbox 2163 4405 2231 4459; x_wconf 75' lang='grc' dir='ltr'><strong>τὰ</strong></span> <span class='ocrx_word' id='word_1_723' title='bbox 2297 4406 2577 4478; x_wconf 86' lang='grc' dir='ltr'>στέμματα</span> <span class='ocrx_word' id='word_1_724' title='bbox 2644 4404 2849 4477; x_wconf 75' lang='grc' dir='ltr'>αὒτῶν,</span> <span class='ocrx_word' id='word_1_725' title='bbox 2907 4410 2998 4464; x_wconf 80' lang='grc' dir='ltr'>καὶ</span> <span class='ocrx_word' id='word_1_726' title='bbox 3055 4409 3268 4466; x_wconf 87' lang='grc' dir='ltr'>πάντων</span> <span class='ocrx_word' id='word_1_727' title='bbox 3331 4417 3722 4471; x_wconf 82' lang='grc' dir='ltr'>συναινούντων</span> <span class='ocrx_word' id='word_1_728' title='bbox 3775 4418 3825 4454; x_wconf 71' lang='grc'><strong>⁸³</strong></span> 
     </span>
    </p>
   </div>
   <div class='ocr_carea' id='block_1_95' title="bbox 2165 4492 3821 4574">
    <p class='ocr_par' dir='ltr' id='par_1_95' title="bbox 2165 4492 3821 4574">
     <span class='ocr_line' id='line_1_96' title="bbox 2165 4492 3821 4574; baseline 0.009 -26"><span class='ocrx_word' id='word_1_729' title='bbox 2165 4492 2253 4549; x_wconf 81' lang='grc' dir='ltr'>ἐπὶ</span> <span class='ocrx_word' id='word_1_730' title='bbox 2282 4497 2348 4558; x_wconf 85' lang='grc' dir='ltr'><strong>τῆ</strong></span> <span class='ocrx_word' id='word_1_731' title='bbox 2380 4497 2693 4569; x_wconf 83' lang='grc' dir='ltr'>χειροτονίᾳ</span> <span class='ocrx_word' id='word_1_732' title='bbox 2730 4501 2831 4551; x_wconf 89' lang='grc' dir='ltr'><strong>τοῦ</strong></span> <span class='ocrx_word' id='word_1_733' title='bbox 2879 4498 3168 4574; x_wconf 88' lang='grc' dir='ltr'>Καίσαρος,</span> <span class='ocrx_word' id='word_1_734' title='bbox 3223 4499 3461 4556; x_wconf 81' lang='grc' dir='ltr'>νεύουσιν</span> <span class='ocrx_word' id='word_1_735' title='bbox 3514 4504 3569 4557; x_wconf 76' lang='lat' dir='ltr'><strong>oi.</strong></span> <span class='ocrx_word' id='word_1_736' title='bbox 3611 4503 3821 4562; x_wconf 79' lang='grc' dir='ltr'>δεσπό-</span> 
     </span>
    </p>
   </div>
   <div class='ocr_carea' id='block_1_96' title="bbox 411 4570 2045 4668">
    <p class='ocr_par' dir='ltr' id='par_1_96' title="bbox 411 4570 2045 4652">
     <span class='ocr_line' id='line_1_97' title="bbox 411 4570 2045 4652; baseline 0.01 -28"><span class='ocrx_word' id='word_1_737' title='bbox 411 4570 622 4642; x_wconf 89' lang='lat' dir='ltr'><strong>reliqui</strong></span> <span class='ocrx_word' id='word_1_738' title='bbox 655 4579 951 4631; x_wconf 89' lang='lat' dir='ltr'><strong>senatores</strong></span> <span class='ocrx_word' id='word_1_739' title='bbox 996 4576 1213 4633; x_wconf 89' lang='lat' dir='ltr'><strong>abeunt</strong></span> <span class='ocrx_word' id='word_1_740' title='bbox 1255 4583 1310 4634; x_wconf 86' lang='lat' dir='ltr'><strong>et</strong></span> <span class='ocrx_word' id='word_1_741' title='bbox 1353 4579 1411 4634; x_wconf 92' lang='lat' dir='ltr'><strong>in</strong></span> <span class='ocrx_word' id='word_1_742' title='bbox 1461 4580 1738 4652; x_wconf 86' lang='lat' dir='ltr'><strong>gradibus</strong></span> <span class='ocrx_word' id='word_1_743' title='bbox 1766 4598 1924 4638; x_wconf 64' lang='grc' dir='ltr'>ιιι-ωδε</span> <span class='ocrx_word' id='word_1_744' title='bbox 1973 4587 2045 4640; x_wconf 91' lang='lat' dir='ltr'><strong>ab</strong></span> 
     </span>
    </p>
   </div>
   <div class='ocr_carea' id='block_1_97' title="bbox 2160 4570 3812 4668">
    <p class='ocr_par' dir='ltr' id='par_1_97' title="bbox 2160 4585 3812 4664">
     <span class='ocr_line' id='line_1_98' title="bbox 2160 4585 3812 4664; baseline 0.006 -24"><span class='ocrx_word' id='word_1_745' title='bbox 2160 4603 2241 4640; x_wconf 80' lang='grc' dir='ltr'><strong>ται</strong></span> <span class='ocrx_word' id='word_1_746' title='bbox 2289 4587 2366 4654; x_wconf 83' lang='grc' dir='ltr'>τῷ</span> <span class='ocrx_word' id='word_1_747' title='bbox 2416 4585 2760 4658; x_wconf 86' lang='grc' dir='ltr'>πραιποσίτῳ</span> <span class='ocrx_word' id='word_1_748' title='bbox 2810 4585 2899 4640; x_wconf 82' lang='grc' dir='ltr'><strong>καὶ</strong></span> <span class='ocrx_word' id='word_1_749' title='bbox 2961 4585 3124 4662; x_wconf 80' lang='grc' dir='ltr'>λέγει·</span> <span class='ocrx_word' id='word_1_750' title='bbox 3171 4612 3199 4640; x_wconf 82' lang='grc' dir='ltr'><strong>ι(</strong></span> <span class='ocrx_word' id='word_1_751' title='bbox 3261 4589 3585 4664; x_wconf 80' lang='grc' dir='ltr'>Κελεύσασε,</span> <span class='ocrx_word' id='word_1_752' title='bbox 3648 4617 3677 4647; x_wconf 85' lang='grc'>››</span> <span class='ocrx_word' id='word_1_753' title='bbox 3719 4597 3812 4650; x_wconf 85' lang='grc' dir='ltr'><strong>καὶ</strong></span> 
     </span>
    </p>
   </div>
   <div class='ocr_carea' id='block_1_98' title="bbox 412 4661 2048 4738">
    <p class='ocr_par' dir='ltr' id='par_1_98' title="bbox 412 4661 2048 4738">
     <span class='ocr_line' id='line_1_99' title="bbox 412 4661 2048 4738; baseline 0.01 -26"><span class='ocrx_word' id='word_1_754' title='bbox 412 4666 654 4732; x_wconf 89' lang='lat' dir='ltr'><strong>utroque</strong></span> <span class='ocrx_word' id='word_1_755' title='bbox 677 4661 872 4718; x_wconf 86' lang='lat' dir='ltr'><strong>solarii</strong></span> <span class='ocrx_word' id='word_1_756' title='bbox 895 4664 1094 4736; x_wconf 88' lang='lat' dir='ltr'><strong>latere,</strong></span> <span class='ocrx_word' id='word_1_757' title='bbox 1114 4671 1341 4738; x_wconf 88' lang='lat' dir='ltr'><strong>sceptra</strong></span> <span class='ocrx_word' id='word_1_758' title='bbox 1367 4685 1494 4725; x_wconf 83' lang='lat' dir='ltr'><strong>vero</strong></span> <span class='ocrx_word' id='word_1_759' title='bbox 1519 4674 1574 4725; x_wconf 86' lang='lat' dir='ltr'><strong>et</strong></span> <span class='ocrx_word' id='word_1_760' title='bbox 1603 4668 1801 4727; x_wconf 84' lang='lat' dir='ltr'><strong>labara</strong></span> <span class='ocrx_word' id='word_1_761' title='bbox 1828 4675 1884 4728; x_wconf 87' lang='lat' dir='ltr'><strong>et</strong></span> <span class='ocrx_word' id='word_1_762' title='bbox 1914 4689 2048 4730; x_wconf 84' lang='lat' dir='ltr'><strong>vasa</strong></span> 
     </span>
    </p>
   </div>
   <div class='ocr_carea' id='block_1_99' title="bbox 410 4746 2059 4826">
    <p class='ocr_par' dir='ltr' id='par_1_99' title="bbox 410 4746 2059 4826">
     <span class='ocr_line' id='line_1_100' title="bbox 410 4746 2059 4826; baseline 0.01 -24"><span class='ocrx_word' id='word_1_763' title='bbox 410 4746 611 4805; x_wconf 87' lang='lat' dir='ltr'><strong>omnia</strong></span> <span class='ocrx_word' id='word_1_764' title='bbox 629 4765 763 4806; x_wconf 88' lang='lat' dir='ltr'><strong>cum</strong></span> <span class='ocrx_word' id='word_1_765' title='bbox 786 4766 953 4808; x_wconf 88' lang='lat' dir='ltr'><strong>cruce</strong></span> <span class='ocrx_word' id='word_1_766' title='bbox 967 4756 1023 4808; x_wconf 91' lang='lat' dir='ltr'><strong>et</strong></span> <span class='ocrx_word' id='word_1_767' title='bbox 1041 4755 1253 4826; x_wconf 87' lang='lat' dir='ltr'><strong>populo</strong></span> <span class='ocrx_word' id='word_1_768' title='bbox 1270 4757 1536 4815; x_wconf 88' lang='lat' dir='ltr'><strong>universo</strong></span> <span class='ocrx_word' id='word_1_769' title='bbox 1553 4758 1612 4815; x_wconf 92' lang='lat' dir='ltr'><strong>in</strong></span> <span class='ocrx_word' id='word_1_770' title='bbox 1630 4760 1908 4817; x_wconf 87' lang='lat' dir='ltr'><strong>tribunali</strong></span> <span class='ocrx_word' id='word_1_771' title='bbox 1925 4778 2059 4818; x_wconf 87' lang='lat' dir='ltr'><strong>con-</strong></span> 
     </span>
    </p>
   </div>
   <div class='ocr_carea' id='block_1_100' title="bbox 411 4835 2057 4916">
    <p class='ocr_par' dir='ltr' id='par_1_100' title="bbox 411 4835 2057 4916">
     <span class='ocr_line' id='line_1_101' title="bbox 411 4835 2057 4916; baseline 0.01 -27"><span class='ocrx_word' id='word_1_772' title='bbox 411 4835 646 4902; x_wconf 87' lang='lat' dir='ltr'><strong>sistunt,</strong></span> <span class='ocrx_word' id='word_1_773' title='bbox 672 4837 768 4893; x_wconf 90' lang='lat' dir='ltr'><strong>ubi</strong></span> <span class='ocrx_word' id='word_1_774' title='bbox 795 4839 967 4895; x_wconf 87' lang='lat' dir='ltr'><strong>etiam</strong></span> <span class='ocrx_word' id='word_1_775' title='bbox 989 4840 1407 4900; x_wconf 86' lang='lat' dir='ltr'><strong>antimensium</strong></span> <span class='ocrx_word' id='word_1_776' title='bbox 1431 4846 1764 4916; x_wconf 87' lang='lat' dir='ltr'><strong>collocatur,</strong></span> <span class='ocrx_word' id='word_1_777' title='bbox 1787 4849 1882 4906; x_wconf 90' lang='lat' dir='ltr'><strong>cui</strong></span> <span class='ocrx_word' id='word_1_778' title='bbox 1901 4849 2057 4906; x_wconf 83' lang='lat' dir='ltr'><strong>chla-</strong></span> 
     </span>
    </p>
   </div>
   <div class='ocr_carea' id='block_1_101' title="bbox 2157 4669 3810 4754">
    <p class='ocr_par' dir='ltr' id='par_1_101' title="bbox 2157 4669 3810 4754">
     <span class='ocr_line' id='line_1_102' title="bbox 2157 4669 3810 4754; baseline 0.007 -28"><span class='ocrx_word' id='word_1_779' title='bbox 2157 4669 2504 4745; x_wconf 72' lang='grc' dir='ltr'>ἰπεύχονται.</span> <span class='ocrx_word' id='word_1_780' title='bbox 2565 4673 2669 4730; x_wconf 83' lang='grc' dir='ltr'>Καὶ</span> <span class='ocrx_word' id='word_1_781' title='bbox 2719 4673 2995 4750; x_wconf 78' lang='grc' dir='ltr'>ἐξέρχεται</span> <span class='ocrx_word' id='word_1_782' title='bbox 3049 4677 3112 4731; x_wconf 89' lang='grc' dir='ltr'><strong>τὸ</strong></span> <span class='ocrx_word' id='word_1_783' title='bbox 3171 4675 3443 4754; x_wconf 80' lang='grc' dir='ltr'>σέκρετον,</span> <span class='ocrx_word' id='word_1_784' title='bbox 3494 4681 3584 4736; x_wconf 83' lang='grc' dir='ltr'><strong>καὶ</strong></span> <span class='ocrx_word' id='word_1_785' title='bbox 3626 4680 3810 4738; x_wconf 58' lang='grc' dir='ltr'>τίσταν-</span> 
     </span>
    </p>
   </div>
   <div class='ocr_carea' id='block_1_102' title="bbox 2167 4762 3815 4846">
    <p class='ocr_par' dir='ltr' id='par_1_102' title="bbox 2167 4762 3815 4846">
     <span class='ocr_line' id='line_1_103' title="bbox 2167 4762 3815 4846; baseline 0.007 -31"><span class='ocrx_word' id='word_1_786' title='bbox 2167 4782 2254 4816; x_wconf 82' lang='grc' dir='ltr'><strong>ται</strong></span> <span class='ocrx_word' id='word_1_787' title='bbox 2280 4762 2340 4816; x_wconf 79' lang='grc' dir='ltr'>οἱ</span> <span class='ocrx_word' id='word_1_788' title='bbox 2390 4762 2668 4838; x_wconf 83' lang='grc' dir='ltr'>πατρίκιοι</span> <span class='ocrx_word' id='word_1_789' title='bbox 2706 4767 3098 4839; x_wconf 84' lang='grc' dir='ltr'>κονσιστώριον</span> <span class='ocrx_word' id='word_1_790' title='bbox 3157 4767 3234 4831; x_wconf 78' lang='grc' dir='ltr'><strong>εἰς</strong></span> <span class='ocrx_word' id='word_1_791' title='bbox 3280 4768 3372 4824; x_wconf 86' lang='grc' dir='ltr'><strong>τὸν</strong></span> <span class='ocrx_word' id='word_1_792' title='bbox 3417 4770 3666 4846; x_wconf 86' lang='grc' dir='ltr'>πόρτηκα</span> <span class='ocrx_word' id='word_1_793' title='bbox 3710 4778 3815 4829; x_wconf 82' lang='grc' dir='ltr'><strong>τῶν</strong></span> 
     </span>
    </p>
   </div>
   <div class='ocr_carea' id='block_1_103' title="bbox 2173 4845 3811 4936">
    <p class='ocr_par' dir='ltr' id='par_1_103' title="bbox 2173 4845 3811 4936">
     <span class='ocr_line' id='line_1_104' title="bbox 2173 4845 3811 4936; baseline 0.009 -34"><span class='ocrx_word' id='word_1_794' title='bbox 2173 4850 2236 4902; x_wconf 84' lang='grc' dir='ltr'>ιθ’</span> <span class='ocrx_word' id='word_1_795' title='bbox 2275 4845 2610 4921; x_wconf 74' lang='grc' dir='ltr'>ἀκουῦίτων,</span> <span class='ocrx_word' id='word_1_796' title='bbox 2657 4853 2707 4907; x_wconf 73' lang='grc' dir='ltr'>οἱ</span> <span class='ocrx_word' id='word_1_797' title='bbox 2755 4850 2812 4907; x_wconf 75' lang='grc' dir='ltr'>δὲ</span> <span class='ocrx_word' id='word_1_798' title='bbox 2855 4853 3044 4910; x_wconf 82' lang='grc' dir='ltr'>λοιποὶ</span> <span class='ocrx_word' id='word_1_799' title='bbox 3092 4855 3451 4932; x_wconf 79' lang='grc' dir='ltr'>συγκλητικοὶ</span> <span class='ocrx_word' id='word_1_800' title='bbox 3498 4845 3811 4936; x_wconf 62' lang='grc' dir='ltr'>ἒξὲρχονται</span> 
     </span>
    </p>
   </div>
   <div class='ocr_carea' id='block_1_104' title="bbox 1758 4973 2468 5032">
    <p class='ocr_par' dir='ltr' id='par_1_104' title="bbox 1758 4973 2468 5032">
     <span class='ocr_line' id='line_1_105' title="bbox 1758 4973 2468 5032; baseline 0.003 -3"><span class='ocrx_word' id='word_1_801' title='bbox 1758 4973 2004 5031; x_wconf 80' lang='lat' dir='ltr'><strong>VARle</strong></span> <span class='ocrx_word' id='word_1_802' title='bbox 2051 4973 2468 5032; x_wconf 80' lang='lat' dir='ltr'><strong>LECTIONES.</strong></span> 
     </span>
    </p>
   </div>
   <div class='ocr_carea' id='block_1_105' title="bbox 484 5054 1140 5124">
    <p class='ocr_par' dir='ltr' id='par_1_105' title="bbox 484 5054 1140 5124">
     <span class='ocr_line' id='line_1_106' title="bbox 484 5054 1140 5124; baseline 0.014 -14"><span class='ocrx_word' id='word_1_803' title='bbox 484 5057 531 5093; x_wconf 83' lang='grc'><strong>⁹⁰</strong></span> <span class='ocrx_word' id='word_1_804' title='bbox 565 5056 693 5120; x_wconf 84' lang='grc' dir='ltr'>τοὺς</span> <span class='ocrx_word' id='word_1_805' title='bbox 725 5054 983 5124; x_wconf 87' lang='grc' dir='ltr'>δεσπότας</span> <span class='ocrx_word' id='word_1_806' title='bbox 1017 5065 1140 5122; x_wconf 85' lang='lat' dir='ltr'><strong>cod.</strong></span> 
     </span>
    </p>
   </div>
   <div class='ocr_carea' id='block_1_106' title="bbox 1247 5066 2424 5151">
    <p class='ocr_par' dir='ltr' id='par_1_106' title="bbox 1247 5066 2424 5151">
     <span class='ocr_line' id='line_1_107' title="bbox 1247 5066 2424 5151; baseline 0.01 -31"><span class='ocrx_word' id='word_1_807' title='bbox 1247 5068 1288 5103; x_wconf 68' lang='grc'><strong>³1</strong></span> <span class='ocrx_word' id='word_1_808' title='bbox 1321 5066 1450 5130; x_wconf 80' lang='grc' dir='ltr'>Θεὸς</span> <span class='ocrx_word' id='word_1_809' title='bbox 1482 5067 1638 5146; x_wconf 80' lang='grc' dir='ltr'>ἃγιος</span> <span class='ocrx_word' id='word_1_810' title='bbox 1660 5073 1750 5128; x_wconf 90' lang='lat' dir='ltr'><strong>ed.</strong></span> <span class='ocrx_word' id='word_1_811' title='bbox 1829 5075 1873 5109; x_wconf 69' lang='grc'><strong>⁸³</strong></span> <span class='ocrx_word' id='word_1_812' title='bbox 1905 5074 2301 5151; x_wconf 76' lang='grc' dir='ltr'>συναιρούντων</span> <span class='ocrx_word' id='word_1_813' title='bbox 2335 5075 2424 5132; x_wconf 87' lang='lat' dir='ltr'><strong>ed.</strong></span> 
     </span>
    </p>
   </div>
   <div class='ocr_carea' id='block_1_107' title="bbox 1456 5197 2764 5261">
    <p class='ocr_par' dir='ltr' id='par_1_107' title="bbox 1456 5197 2764 5261">
     <span class='ocr_line' id='line_1_108' title="bbox 1456 5197 2764 5261; baseline 0.006 -8"><span class='ocrx_word' id='word_1_814' title='bbox 1456 5197 1648 5254; x_wconf 84' lang='lat' dir='ltr'><strong>JOAN.</strong></span> <span class='ocrx_word' id='word_1_815' title='bbox 1689 5197 1834 5254; x_wconf 87' lang='lat' dir='ltr'><strong>JAC.</strong></span> <span class='ocrx_word' id='word_1_816' title='bbox 1878 5201 2143 5259; x_wconf 84' lang='lat' dir='ltr'><strong>REISKlI</strong></span> <span class='ocrx_word' id='word_1_817' title='bbox 2183 5202 2764 5261; x_wconf 81' lang='lat' dir='ltr'><strong>COMMENTARIUS.</strong></span> 
     </span>
    </p>
   </div>
   <div class='ocr_carea' id='block_1_108' title="bbox 479 5298 2061 5378">
    <p class='ocr_par' dir='ltr' id='par_1_108' title="bbox 479 5298 2061 5378">
     <span class='ocr_line' id='line_1_109' title="bbox 479 5298 2061 5378; baseline 0.008 -26"><span class='ocrx_word' id='word_1_818' title='bbox 479 5298 890 5378; x_wconf 61' lang='lat' dir='ltr'><strong>(32_)__4re3,_id</strong></span> <span class='ocrx_word' id='word_1_819' title='bbox 904 5306 1025 5378; x_wconf 86' lang='lat' dir='ltr'><strong>_e_st,</strong></span> <span class='ocrx_word' id='word_1_820' title='bbox 1057 5317 1246 5378; x_wconf 74' lang='lat' dir='ltr'><strong>vacuas</strong></span> <span class='ocrx_word' id='word_1_821' title='bbox 1278 5304 1563 5376; x_wconf 88' lang='lat' dir='ltr'><strong>planitiei,</strong></span> <span class='ocrx_word' id='word_1_822' title='bbox 1584 5322 1707 5378; x_wconf 63' lang='lat' dir='ltr'><strong>quae</strong></span> <span class='ocrx_word' id='word_1_823' title='bbox 1737 5323 1932 5364; x_wconf 84' lang='lat' dir='ltr'><strong>coram</strong></span> <span class='ocrx_word' id='word_1_824' title='bbox 1962 5327 2061 5367; x_wconf 75' lang='lat' dir='ltr'><strong>xxx</strong></span> 
     </span>
    </p>
   </div>
   <div class='ocr_carea' id='block_1_109' title="bbox 409 5369 2050 5452">
    <p class='ocr_par' dir='ltr' id='par_1_109' title="bbox 409 5369 2050 5452">
     <span class='ocr_line' id='line_1_110' title="bbox 409 5369 2050 5452; baseline 0.008 -31"><span class='ocrx_word' id='word_1_825' title='bbox 409 5369 692 5452; x_wconf 72' lang='lat' dir='ltr'><strong>accubitis</strong></span> <span class='ocrx_word' id='word_1_826' title='bbox 746 5369 1027 5452; x_wconf 74' lang='lat' dir='ltr'><strong>est._Vox</strong></span> <span class='ocrx_word' id='word_1_827' title='bbox 1073 5381 1162 5452; x_wconf 86' lang='lat' dir='ltr'><strong>est</strong></span> <span class='ocrx_word' id='word_1_828' title='bbox 1204 5369 1425 5452; x_wconf 65' lang='lat' dir='ltr'><strong>Latina.</strong></span> <span class='ocrx_word' id='word_1_829' title='bbox 1477 5369 1849 5452; x_wconf 59' lang='grc' dir='ltr'>Ἱέποσχέσεως</span> <span class='ocrx_word' id='word_1_830' title='bbox 1896 5398 2050 5452; x_wconf 87' lang='grc' dir='ltr'>γενο-</span> 
     </span>
    </p>
   </div>
   <div class='ocr_carea' id='block_1_110' title="bbox 413 5436 2048 5519">
    <p class='ocr_par' dir='ltr' id='par_1_110' title="bbox 413 5436 2048 5519">
     <span class='ocr_line' id='line_1_111' title="bbox 413 5436 2048 5519; baseline 0.012 -31"><span class='ocrx_word' id='word_1_831' title='bbox 413 5436 596 5519; x_wconf 59' lang='grc' dir='ltr'>μένης,</span> <span class='ocrx_word' id='word_1_832' title='bbox 619 5443 850 5519; x_wconf 78' lang='lat' dir='ltr'><strong>quando</strong></span> <span class='ocrx_word' id='word_1_833' title='bbox 868 5443 1243 5516; x_wconf 86' lang='lat' dir='ltr'><strong>imperatores</strong></span> <span class='ocrx_word' id='word_1_834' title='bbox 1267 5449 1530 5519; x_wconf 89' lang='lat' dir='ltr'><strong>petitioni</strong></span> <span class='ocrx_word' id='word_1_835' title='bbox 1551 5436 1792 5506; x_wconf 69' lang='lat' dir='ltr'><strong>senatus</strong></span> <span class='ocrx_word' id='word_1_836' title='bbox 1811 5436 1863 5506; x_wconf 80' lang='lat' dir='ltr'><strong>et</strong></span> <span class='ocrx_word' id='word_1_837' title='bbox 1885 5436 2048 5507; x_wconf 76' lang='lat' dir='ltr'><strong>exer-</strong></span> 
     </span>
    </p>
   </div>
   <div class='ocr_carea' id='block_1_111' title="bbox 409 5512 2049 5592">
    <p class='ocr_par' dir='ltr' id='par_1_111' title="bbox 409 5512 2049 5592">
     <span class='ocr_line' id='line_1_112' title="bbox 409 5512 2049 5592; baseline 0.012 -32"><span class='ocrx_word' id='word_1_838' title='bbox 409 5512 652 5592; x_wconf 44' lang='lat' dir='ltr'><strong>cituum.</strong></span> <span class='ocrx_word' id='word_1_839' title='bbox 674 5512 1000 5592; x_wconf 67' lang='lat' dir='ltr'><strong>indulturus</strong></span> <span class='ocrx_word' id='word_1_840' title='bbox 1049 5533 1133 5592; x_wconf 88' lang='lat' dir='ltr'><strong>s_e_</strong></span> <span class='ocrx_word' id='word_1_841' title='bbox 1156 5512 1283 5592; x_wconf 79' lang='lat' dir='ltr'><strong>esse</strong></span> <span class='ocrx_word' id='word_1_842' title='bbox 1304 5522 1718 5592; x_wconf 79' lang='lat' dir='ltr'><strong>promiserint.</strong></span> <span class='ocrx_word' id='word_1_843' title='bbox 1764 5521 2049 5579; x_wconf 82' lang='lat' dir='ltr'><strong>Volabant</strong></span> 
     </span>
    </p>
   </div>
   <div class='ocr_carea' id='block_1_112' title="bbox 411 5580 2046 5666">
    <p class='ocr_par' dir='ltr' id='par_1_112' title="bbox 411 5580 2046 5666">
     <span class='ocr_line' id='line_1_113' title="bbox 411 5580 2046 5666; baseline 0.013 -36"><span class='ocrx_word' id='word_1_844' title='bbox 411 5580 564 5633; x_wconf 91' lang='lat' dir='ltr'><strong>enim</strong></span> <span class='ocrx_word' id='word_1_845' title='bbox 598 5580 653 5634; x_wconf 90' lang='lat' dir='ltr'><strong>id</strong></span> <span class='ocrx_word' id='word_1_846' title='bbox 697 5586 907 5655; x_wconf 81' lang='lat' dir='ltr'><strong>rogari,</strong></span> <span class='ocrx_word' id='word_1_847' title='bbox 933 5589 1086 5658; x_wconf 87' lang='lat' dir='ltr'><strong>quod</strong></span> <span class='ocrx_word' id='word_1_848' title='bbox 1119 5589 1230 5662; x_wconf 89' lang='lat' dir='ltr'><strong>ipsi</strong></span> <span class='ocrx_word' id='word_1_849' title='bbox 1263 5580 1607 5666; x_wconf 74' lang='lat' dir='ltr'><strong>plerumque</strong></span> <span class='ocrx_word' id='word_1_850' title='bbox 1644 5593 1957 5665; x_wconf 84' lang='lat' dir='ltr'><strong>cupiebant</strong></span> <span class='ocrx_word' id='word_1_851' title='bbox 1990 5599 2046 5651; x_wconf 88' lang='lat' dir='ltr'><strong>et</strong></span> 
     </span>
    </p>
   </div>
   <div class='ocr_carea' id='block_1_113' title="bbox 2169 5312 2505 5369">
    <p class='ocr_par' dir='ltr' id='par_1_113' title="bbox 2169 5312 2505 5369">
     <span class='ocr_line' id='line_1_114' title="bbox 2169 5312 2505 5369; baseline 0 -2"><span class='ocrx_word' id='word_1_852' title='bbox 2169 5312 2505 5369; x_wconf 84' lang='lat' dir='ltr'><strong>studebant.</strong></span> 
     </span>
    </p>
   </div>
   <div class='ocr_carea' id='block_1_114' title="bbox 2229 5382 3811 5462">
    <p class='ocr_par' dir='ltr' id='par_1_114' title="bbox 2229 5382 3811 5462">
     <span class='ocr_line' id='line_1_115' title="bbox 2229 5382 3811 5462; baseline 0.008 -25"><span class='ocrx_word' id='word_1_853' title='bbox 2229 5382 2340 5462; x_wconf 47' lang='lat'><strong>(&#39;33)</strong></span> <span class='ocrx_word' id='word_1_854' title='bbox 2372 5384 2448 5462; x_wconf 54' lang='lat' dir='ltr'><strong>NI:</strong></span> <span class='ocrx_word' id='word_1_855' title='bbox 2483 5401 2598 5462; x_wconf 74' lang='lat' dir='ltr'><strong>non</strong></span> <span class='ocrx_word' id='word_1_856' title='bbox 2641 5389 2767 5462; x_wconf 84' lang='lat' dir='ltr'><strong>post</strong></span> <span class='ocrx_word' id='word_1_857' title='bbox 2793 5384 2944 5462; x_wconf 7' lang='lat' dir='ltr'><strong>ihfpv.</strong></span> <span class='ocrx_word' id='word_1_858' title='bbox 2975 5389 3062 5454; x_wconf 79' lang='lat' dir='ltr'><strong>(ut</strong></span> <span class='ocrx_word' id='word_1_859' title='bbox 3091 5394 3213 5462; x_wconf 69' lang='lat' dir='ltr'><strong>erat</strong></span> <span class='ocrx_word' id='word_1_860' title='bbox 3243 5389 3304 5443; x_wconf 78' lang='lat' dir='ltr'><strong>in</strong></span> <span class='ocrx_word' id='word_1_861' title='bbox 3332 5388 3513 5462; x_wconf 56' lang='lat' dir='ltr'><strong>edim,</strong></span> <span class='ocrx_word' id='word_1_862' title='bbox 3546 5391 3648 5447; x_wconf 88' lang='lat' dir='ltr'><strong>sed</strong></span> <span class='ocrx_word' id='word_1_863' title='bbox 3680 5397 3811 5462; x_wconf 88' lang='lat' dir='ltr'><strong>post</strong></span> 
     </span>
    </p>
   </div>
   <div class='ocr_carea' id='block_1_115' title="bbox 2158 5447 3800 5535">
    <p class='ocr_par' dir='ltr' id='par_1_115' title="bbox 2158 5447 3800 5535">
     <span class='ocr_line' id='line_1_116' title="bbox 2158 5447 3800 5535; baseline 0.009 -29"><span class='ocrx_word' id='word_1_864' title='bbox 2158 5447 2360 5535; x_wconf 56' lang='grc' dir='ltr'>τρόπόν</span> <span class='ocrx_word' id='word_1_865' title='bbox 2391 5447 2722 5535; x_wconf 69' lang='lat' dir='ltr'><strong>distinguit,</strong></span> <span class='ocrx_word' id='word_1_866' title='bbox 2745 5461 2809 5535; x_wconf 80' lang='lat' dir='ltr'><strong>ut</strong></span> <span class='ocrx_word' id='word_1_867' title='bbox 2840 5447 3033 5535; x_wconf 78' lang='lat' dir='ltr'><strong>itaque</strong></span> <span class='ocrx_word' id='word_1_868' title='bbox 3062 5458 3172 5514; x_wconf 88' lang='lat' dir='ltr'><strong>sit:</strong></span> <span class='ocrx_word' id='word_1_869' title='bbox 3203 5476 3312 5514; x_wconf 85' lang='lat' dir='ltr'><strong>uno</strong></span> <span class='ocrx_word' id='word_1_870' title='bbox 3341 5447 3800 5535; x_wconf 60' lang='grc' dir='ltr'><strong>θοάεὖὶᾳιιθῃίοάὸ</strong></span> 
     </span>
    </p>
   </div>
   <div class='ocr_carea' id='block_1_116' title="bbox 2157 5525 3800 5605">
    <p class='ocr_par' dir='ltr' id='par_1_116' title="bbox 2157 5525 3800 5605">
     <span class='ocr_line' id='line_1_117' title="bbox 2157 5525 3800 5605; baseline 0.007 -27"><span class='ocrx_word' id='word_1_871' title='bbox 2157 5525 2337 5605; x_wconf 74' lang='lat' dir='ltr'><strong>ambo,</strong></span> <span class='ocrx_word' id='word_1_872' title='bbox 2375 5525 2466 5605; x_wconf 12' lang='lat' dir='ltr'><strong>vel,</strong></span> <span class='ocrx_word' id='word_1_873' title='bbox 2484 5525 2689 5605; x_wconf 64' lang='lat' dir='ltr'><strong>ptui-es,</strong></span> <span class='ocrx_word' id='word_1_874' title='bbox 2718 5527 2767 5583; x_wconf 88' lang='lat' dir='ltr'><strong>si</strong></span> <span class='ocrx_word' id='word_1_875' title='bbox 2800 5525 2961 5605; x_wconf 62' lang='lat' dir='ltr'><strong>sunt,</strong></span> <span class='ocrx_word' id='word_1_876' title='bbox 2992 5529 3376 5605; x_wconf 65' lang='lat' dir='ltr'><strong>imperatores,</strong></span> <span class='ocrx_word' id='word_1_877' title='bbox 3409 5537 3511 5589; x_wconf 85' lang='lat' dir='ltr'><strong>aut</strong></span> <span class='ocrx_word' id='word_1_878' title='bbox 3533 5525 3596 5588; x_wconf 72' lang='lat' dir='ltr'><strong>et</strong></span> <span class='ocrx_word' id='word_1_879' title='bbox 3624 5532 3800 5605; x_wconf 74' lang='lat' dir='ltr'><strong>impe-</strong></span> 
     </span>
    </p>
   </div>
   <div class='ocr_carea' id='block_1_117' title="bbox 2159 5600 3292 5670">
    <p class='ocr_par' dir='ltr' id='par_1_117' title="bbox 2159 5600 3292 5670">
     <span class='ocr_line' id='line_1_118' title="bbox 2159 5600 3292 5670; baseline 0.008 -20"><span class='ocrx_word' id='word_1_880' title='bbox 2159 5603 2391 5652; x_wconf 73' lang='lat' dir='ltr'><strong>ratorem</strong></span> <span class='ocrx_word' id='word_1_881' title='bbox 2413 5604 2574 5670; x_wconf 78' lang='lat' dir='ltr'><strong>atque</strong></span> <span class='ocrx_word' id='word_1_882' title='bbox 2605 5600 3007 5670; x_wconf 75' lang='lat' dir='ltr'><strong>impcratriccm</strong></span> <span class='ocrx_word' id='word_1_883' title='bbox 3038 5600 3292 5659; x_wconf 75' lang='lat' dir='ltr'><strong>laudant.</strong></span> 
     </span>
    </p>
   </div>
  </div>
