4180 6304
419 382 536 446 ιτε
1495 377 2026 442 CONSTANTINI
2073 373 2756 438 PORPHYROGENITI
3706 379 3825 438 4'16

420 520 770 594 πατριάρχης
828 523 928 587 τῆς
983 517 1156 592 εὐχῆς
1210 513 1310 570 τό·
1366 538 1393 566 ‹‹
1456 513 1697 569 Δέσποτα
1752 509 1954 585 Κύριε’
1983 531 2012 561 »
2046 508 2134 562 καὶ
2193 506 2282 562 ὅτε
2324 504 2599 582 πληρώσῃ
2648 509 2746 576 τὴν
2789 509 2961 584 εὐχὴν
3011 506 3325 584 μέχριτοῦ,
3356 531 3387 566 ι(
3417 513 3523 569 Νῦν
3569 512 3662 567 καὶ
3719 510 3828 578 ἀεὶ,

413 609 507 665 καὶ
555 609 630 672 εἰς
669 608 797 670 τοὺς
854 607 1052 671 αἰῶνας
1107 611 1215 660 τῶν
1261 604 1496 673 αἰώνων,
1532 627 1559 654 ››
1590 600 1681 657 καὶ
1738 600 2102 675 ἀποκριθῆναι
2159 597 2251 652 τὸν
2309 595 2476 652 λαόν·
2516 619 2542 651 ι
2575 599 2775 671 Ἀμὴν,
2809 621 2838 650 ››
2871 600 3082 674 ἐπαίρει
3113 601 3142 654 6
3175 603 3522 677 πατριάρχης
3563 603 3629 658 τὸ
3681 600 3835 677 χλα-

414 696 587 755 νίδιον
661 697 1073 771 ἐπικείμενονκ
1120 696 1195 758 εἰς
1235 696 1366 750 αὐτὸ
1434 693 1496 749 τὸ
1562 687 1784 770 φιϐλίον
1859 691 1950 744 καὶ
2036 685 2320 744 ἐπιδίδωσι
2382 686 2508 749 τοὺς
2571 689 2927 763 βεστητορας,
2986 689 3188 755 εὖθὲως
3263 691 3527 747 ἀπλοῦσιν
3588 692 3723 750 αὐτὸ
3775 693 3835 747 οἱ

421 790 764 865 βεστήτορες,
787 791 1105 862 κρατοῦντες
1133 785 1262 840 αὐτὸ
1293 782 1595 858 ἔμπροσθεν
1635 785 1744 837 τῶν
1786 777 2086 835 δεσποτῶν.

485 883 583 938 III.
617 883 736 947 Quo
767 881 935 948 facto,
968 879 1314 952 praepositus
1343 882 1398 934 et
1447 875 1729 948 magister
1757 877 2052 947 promotos

2237 874 2310 926 I".
2345 869 2446 924 Καὶ
2495 869 2644 944 φέρει
2701 871 2729 924 6
2780 871 3136 946 πραιπόσιτος
3164 875 3252 928 καὶ
3288 875 3316 929 6
3351 875 3648 951 μάγιστρος
3687 874 3829 938 τοὺς

415 970 476 1026 in
520 974 898 1040 conspectum
965 968 1332 1025 dominorum
1396 965 1654 1030 adducit.
1706 964 1802 1036 qui
1855 977 2064 1018 manus

415 1060 700 1131 pandunt,
723 1063 780 1114 et
797 1057 1104 1132 chlamyde
1126 1057 1364 1115 sublata
1381 1057 1636 1113 Caesares
1658 1053 1912 1109 induunt
1936 1068 2067 1108 eos-

409 1163 523 1220 que
550 1146 924 1204 osculantur:
984 1146 1309 1204 factionarii
1350 1162 1455 1201 seu
1503 1153 1770 1200 cantores
1819 1142 2063 1197 dicunt:

403 1259 431 1287 «
465 1235 750 1306 Feliciter,
779 1236 1050 1301 feliciter,
1072 1257 1100 1286 n
1129 1235 1403 1306 idemque
1441 1234 1692 1305 populus
1713 1236 1803 1287 ter
1832 1229 2064 1302 repetit.

407 1325 571 1381 Tunc
618 1324 954 1397 patriarcha
982 1329 1074 1379 ter
1113 1338 1286 1380 cruce
1336 1321 1640 1394 populum,
1673 1325 1739 1375 ut
1778 1319 1888 1391 ipsi
1940 1335 2068 1374 mos

413 1419 520 1480 est,
537 1414 802 1486 signans,
820 1413 1036 1469 dicit:«
1053 1412 1165 1468 Pax
1179 1411 1453 1467 omnibus
1476 1428 1488 1479 ;
1515 1431 1545 1460 »
1569 1409 1819 1483 populus
1832 1425 2071 1478 respon-

418 1503 548 1558 det:
575 1525 604 1551 ι(
637 1506 706 1556 Et
730 1501 962 1572 spiritui
1004 1505 1127 1556 tuo.
1161 1521 1189 1551 ι)
1226 1501 1548 1555 Diaconos:
1575 1519 1604 1547 «
1645 1499 1845 1569 Capita
1875 1501 2069 1552 nostra

419 1587 1026 1645 Dominoinclinemus
1050 1605 1109 1644 ε»
1125 1586 1408 1660 populus:
1431 1608 1460 1637 «
1475 1584 2067 1654 Tu,Domine.»Tunc

419 1677 675 1750 populus
694 1682 869 1748 caput
891 1676 1183 1748 paulisper
1203 1674 1465 1742 inclinat,
1490 1675 1644 1744 quod
1663 1680 1719 1729 et
1740 1673 2068 1742 patriarcha

418 1774 473 1822 et
529 1767 908 1837 imperatores
955 1769 1011 1820 et
1057 1765 1314 1820 Causares
1379 1764 1640 1830 faciunt;
1691 1779 1890 1833 preces
1935 1779 2066 1818 vero

419 1858 705 1910 secundas
739 1854 1069 1927 patriarcha
1095 1853 1371 1909 instituit.
1405 1853 1625 1920 Quibus
1651 1853 1855 1920 ﬁnitis,
1887 1869 2069 1924 popu-

414 1943 530 2011 lus,
550 1966 574 1995 ι
591 1946 797 2010 Amen,
814 1965 843 1995 »
858 1943 999 1999 dicit
1021 1964 1035 2012 ;
1053 1944 1177 2014 ipse
1189 1961 1321 2000 vero
1337 1944 1629 1999 cassaricia
1651 1942 1881 1998 sublata
1901 1958 2067 2000 oscu-

416 2033 574 2088 latur
602 2037 658 2088 et
686 2032 939 2088 dominis
964 2033 1158 2098 tradit,
1185 2032 1285 2106 qui
1305 2049 1370 2088 ea
1392 2049 1626 2104 quoque
1648 2030 1987 2087 osculantur
2002 2047 2068 2086 ac

421 2120 746 2176 Caesaribus
769 2119 1094 2176 osculanda
1115 2123 1370 2176 tradunt.
1395 2120 1539 2175 Cum
1557 2119 1648 2175 his
1670 2119 1876 2174 deinde
1898 2135 2069 2189 supra

2172 955 2603 1037 προϐληθέντας,
2646 961 2736 1016 καὶ
2795 967 3125 1037 παριστῶσιν
3183 963 3380 1029 αὖτοὺς
3447 971 3562 1028 τοῖς
3627 963 3833 1020 δεσπό-

2171 1073 2314 1115 ταις,
2357 1051 2447 1106 καὶ
2506 1049 2838 1130 ἐφαπλοῦσιν
2904 1054 2956 1108 o't
3015 1051 3272 1111 δεσπόται
3327 1056 3423 1118 τὰς
3465 1062 3677 1131 χεῖρας,
3735 1057 3832 1110 καὶ

2173 1145 2432 1217 κρατοῦσι
2459 1141 2558 1210 τήν
2592 1139 2875 1216 χλαμύδα,
2908 1143 2997 1197 καὶ
3047 1138 3442 1217 περιϐάλλουσι
3498 1145 3628 1209 τοὺς
3681 1145 3835 1202 Καί-

2177 1249 2340 1305 σαρας
2391 1231 2440 1264 9⁷
2504 1232 2593 1285 καὶ
2650 1229 2899 1306 φιλοῦσιν
2955 1231 3170 1302 αὖτοὺς,
3228 1235 3316 1288 καὶ
3394 1235 3743 1310 ἀποκρίνεται
3805 1235 3835 1289 6

2179 1319 2334 1385 λαὸς,
2365 1315 2492 1388 ἤτοι
2519 1319 2570 1372 οἱ
2597 1319 2846 1394 κράκται,
2871 1318 3142 1396 λέγοντες·
3161 1346 3189 1374 ι(
3212 1321 3494 1398 Εὐτυχῶς,
3517 1323 3572 1378 εὖ
3584 1328 3834 1400 τυχῶςο»

2174 1406 2266 1462 καὶ
2300 1408 2328 1462 6
2379 1405 2513 1470 λαὸς
2553 1405 2611 1462 ἐκ
2648 1409 2835 1483 τρίτου
2865 1409 2927 1464 τὸ
2952 1409 3104 1469 αὐτό.
3136 1410 3236 1466 Καὶ
3269 1410 3464 1475 εὐθέως
3493 1413 3521 1467 6
3558 1413 3834 1487 πατριάρ-

2179 1515 2287 1572 χης
2352 1498 2778 1574 κατασφραγίζει
2834 1499 2970 1573 πρὸς
3025 1501 3116 1556 τὸν
3164 1499 3295 1555 λαὸν
3325 1502 3510 1569 τρίτον
3566 1501 3634 1557 τὰ
3686 1502 3836 1556 κατᾶ

2178 1587 2458 1657 συνήθειαν
2490 1586 2615 1662 τρία
2643 1589 2868 1661 σταυρία
2899 1590 2986 1643 καὶ
3041 1586 3188 1664 λέγει
3214 1609 3228 1622 ·
3261 1614 3288 1641 (ι
3322 1590 3534 1666 Εἰρήνη
3576 1596 3772 1645 πᾶσιν
3800 1615 3832 1645 ››

2176 1677 2266 1731 καὶ
2325 1676 2667 1751 ἀποκρίνεται
2700 1677 2727 1731 6
2779 1675 2953 1739 λαόςο
2988 1701 3016 1730 ‹‹
3052 1678 3149 1735 Καὶ
3206 1684 3286 1752 τῷ
3334 1680 3599 1753 πνεύματί
3642 1701 3764 1737 σου.
3805 1705 3835 1732 ››

2178 1765 2280 1822 Καὶ
2314 1764 2512 1842 λέγειὸ
2558 1763 2804 1826 διάκονος
2829 1785 2840 1797 °
2869 1791 2897 1817 «
2929 1767 3034 1828 Τὰς
3067 1766 3307 1845 κεφαλὰς
3358 1772 3522 1843 ἡμῶν
3577 1774 3658 1842 τῷ
3713 1774 3835 1828 Kn-

2179 1854 2280 1929 ρίῳ
2327 1852 2598 1927 κλίνωμεν
2625 1875 2636 1886 '
2673 1855 2822 1910 »καὶ
2881 1855 2908 1909 6
2969 1855 3100 1918 λαός
3131 1876 3142 1890 ·
3176 1880 3204 1908 ι(
3267 1857 3362 1928 Σὺ,
3416 1858 3596 1933 Κύριε.
3637 1882 3658 1908 ι
3721 1859 3833 1915 Καὶ

2176 1944 2477 2006 κόπτοντος
2532 1949 2629 1999 τοῦ
2687 1943 2822 2000 λαοῦ
2872 1947 3063 2019 μικρὸν
3113 1945 3296 2020 μέρος,
3328 1946 3420 2001 καὶ
3479 1948 3506 2001 ὁ
3557 1949 3832 2023 πατριάρ-

2180 2053 2288 2108 χης
2317 2035 2490 2107 κύψας
2521 2034 2607 2088 καὶ
2638 2036 2688 2089 οἱ
2739 2033 2985 2109 βασιλεῖς
3015 2036 3107 2090 καὶ
3158 2037 3210 2090 οἱ
3253 2037 3546 2113 Καίσαρες,
3597 2036 3749 2112 λέγει
3805 2039 3832 2092 6

2177 2123 2527 2199 πατριάρχης
2577 2126 2677 2194 τὴν
2721 2121 2969 2200 δευτέραν
3020 2123 3214 2199 εὐχήν.
3259 2125 3357 2180 Καὶ
3407 2127 3498 2182 ὅτε
3554 2125 3832 2201 πληρώσῃ

411 2203 594 2281 caput
624 2209 872 2265 sublatis
902 2210 1140 2282 signum
1189 2209 1380 2265 crucis
1428 2210 1670 2276 faciunt,
1712 2207 1972 2264 invocato
2005 2208 2064 2264 S.

2181 2217 2280 2286 τὴν
2340 2215 2534 2291 εὐχὴν,
2567 2215 2656 2270 καὶ
2714 2213 2985 2289 ἀποκριθῇ
3013 2217 3056 2252 ⁸⁸
3110 2216 3137 2268 ὁ
3193 2213 3323 2278 λαὸς
3376 2217 3468 2271 τὸ·
3505 2240 3534 2268 ‹‹
3564 2218 3766 2289 Ἀμην,
3804 2241 3832 2268 υ

410 2299 726 2368 Trinitatis
739 2299 997 2368 nomine,
1010 2297 1318 2371 postelecti
1333 2297 1569 2354 Caesaris
1584 2297 1760 2370 capiti
1774 2297 2071 2368 imponunt

413 2387 555 2444 dum
583 2388 861 2444 factiones
891 2389 1108 2444 interea
1133 2393 1188 2443 et
1214 2389 1466 2460 populus
1484 2388 1679 2443 omnis
1701 2387 2027 2443 acclamant
2051 2406 2065 2458 ;

417 2483 684 2536 cantores
710 2478 986 2549 quidem:
1017 2499 1040 2530 α
1071 2476 1444 2542 Felicissime,
1465 2477 1825 2544 felicissime,
1855 2477 2068 2532 felicis-

417 2568 597 2634 sime;
617 2589 638 2614 ι
661 2566 911 2637 populus
927 2570 1043 2620 ter:
1067 2587 1088 2616 ι
1109 2566 1489 2621 Felicissimo.
1511 2569 1833 2621 )Cantores
1849 2583 1862 2621 :
1880 2588 1908 2615 ‹‹
1925 2565 2071 2620 Mul-

419 2660 514 2712 tos
536 2671 722 2710 annos
749 2655 1197 2725 imperatoribus
1221 2655 1231 2709 ι
1269 2653 1338 2709 N.
1362 2654 1430 2709 N.
1457 2652 2069 2725 magnisimperatori-

420 2745 528 2802 bus
559 2745 773 2802 multos
795 2762 982 2801 annos
1007 2744 1018 2799 ί
1047 2763 1080 2802 a
1101 2745 1217 2802 Deo
1240 2745 1527 2817 promotis
1543 2744 2014 2815 imperatoribus,
2036 2764 2066 2796 »

417 2843 472 2890 et
497 2853 622 2907 quis
654 2839 1003 2907 sequuntur.

2185 2303 2393 2377 ἐπαίρει
2450 2305 2479 2358 6
2527 2304 2878 2378 πατριάρχης
2928 2304 2994 2358 τὰ
3049 2303 3380 2378 καισαρίκια,
3439 2303 3614 2382 φιλῶν
3671 2304 3830 2376 αὐτὰ,

2176 2394 2267 2448 καὶ
2318 2389 2604 2447 ἐπιδίδωσι
2654 2397 2769 2454 τοῖς
2821 2389 3130 2462 δεσπόταις,
3189 2393 3278 2446 καὶ
3337 2387 3707 2466 λαμϐάνοντες
3767 2395 3822 2448 οἱ

2180 2480 2457 2551 δεσπόται,
2518 2480 2768 2557 φιλοῦσιν
2827 2479 2960 2536 αὐτὰ
3005 2482 3093 2536 καὶ
3153 2485 3371 2536 ποιοῦσι
3430 2479 3662 2556 φιλῆσαι
3735 2483 3826 2537 καὶ

2178 2570 2305 2631 τοὺς
2382 2568 2676 2643 Καίσαρας.
2737 2569 2839 2625 Καὶ
2909 2569 3113 2631 εὐθέως
3193 2569 3715 2647 κατασφραγίζουσιν
3776 2571 3828 2626 οἱ

2179 2654 2433 2712 δεσπόται
2486 2658 2601 2730 μετ’
2660 2655 2833 2712 αὐτῶν
2914 2655 3090 2712 ἐπάνω
3153 2663 3253 2728 τῆς
3321 2656 3564 2731 κεφαλῆς
3623 2659 3828 2730 αὐτῶν,

2176 2745 2641 2818 κατονομάςοντες
2662 2745 2710 2780 ⁹⁹
2740 2745 2801 2800 τὸ
2842 2741 3017 2817 ὄνομα
3062 2752 3161 2815 τῆς
3211 2746 3366 2821 ἁγίας
3399 2744 3649 2819 Τριάδος,
3689 2747 3826 2822 βάλ-

2179 2844 2366 2888 Αουσιν
2396 2833 2533 2888 αὐτά
2563 2833 2581 2868 ί
2613 2832 2688 2895 εἴς
2717 2835 2817 2902 τὴν
2851 2832 3095 2910 κεφαλὴν
3129 2835 3150 2870 ²
3195 2839 3291 2889 τοῦ
3331 2835 3825 2909 χειροτονουμένου

416 2923 704 2998 Καίσαρος,
761 2921 851 2976 καὶ
926 2922 1122 2984 εὐθέως
1211 2921 1571 2997 ἆνακράζουσι
1631 2923 1698 2977 τὰ
1773 2923 1910 2996 μέρη
1972 2922 2062 2977 καὶ
2138 2927 2242 2984 πᾶς
2320 2923 2348 2976 6
2434 2919 2587 2989 λαὸς,
2656 2922 2707 2976 οἱ
2793 2924 3057 2997 xpetunt“
3119 2947 3147 2975 «
3229 2922 3634 2997 Φιλλικήσιμε,
3695 2934 3824 3002 φιλ-

415 3009 703 3086 λικήσιμε,
766 3009 1169 3085 φιλλικήσιμε·
1213 3013 1357 3066 »καὶ
1403 3013 1430 3066 6
1472 3011 1602 3073 λαὸς
1659 3010 1719 3065 ἐκ
1775 3012 1997 3081 τρίτου·
2060 3035 2089 3063 ‹‹
2137 3009 2542 3084 Φιλλικήσιμε.
2593 3035 2622 3062 ››
2682 3013 2749 3069 Οἱ
2806 3011 3032 3084 κράκται
3067 3027 3081 3042 ⁶
3116 3036 3144 3064 ‹‹
3203 3010 3396 3070 Πολλὰ
3449 3015 3514 3068 τὰ
3569 3008 3662 3084 ἔτη
3715 3019 3825 3069 τῶν

421 3098 716 3175 βασιλέων,
756 3101 785 3154 6
817 3097 963 3154 δεῖνα
991 3098 1082 3153 καὶ
1124 3100 1151 3152 6
1203 3097 1349 3153 δεῖνα
1403 3098 1653 3174 μεγάλων
1705 3097 1972 3176 βασιλέων
2000 3097 2186 3155 πολλὰ
2213 3099 2280 3155 τὰ
2335 3097 2452 3170 ἔτη,
2485 3095 2911 3174 θεοπροϐλήτων
2968 3099 3258 3176 βασιλέων,
3292 3105 3334 3172 ³,
3367 3125 3395 3155 ››
3445 3103 3534 3156 καὶ
3582 3102 3647 3158 τὰ
3680 3103 3822 3172 ἑξῆς.

486 3193 643 3248 180
666 3191 759 3250 IV.
788 3194 902 3248 Hac
920 3191 1340 3248 acclamatione
1360 3201 1415 3246 et
1434 3194 1723 3247 Caesarum
1752 3191 2060 3264 inaugura-

420 3280 579 3337 tione
609 3283 858 3351 peracta,
887 3280 1104 3336 domini
1145 3296 1277 3335 cum
1309 3281 1637 3352 patriarcha
1662 3286 1719 3336 et
1737 3282 2064 3337 Caesaribus

423 3369 740 3426 triclinium
755 3370 894 3425 XIX
908 3368 1283 3425 accubituum
1297 3368 1568 3440 ingressi,
1586 3371 1644 3424 in
1659 3369 1907 3436 thronis,
1923 3377 1976 3424 et
1992 3369 2064 3425 ad

422 3467 738 3532 utrumque
759 3459 912 3514 latus
933 3474 1131 3515 eorum
1153 3460 1402 3515 Caesares
1415 3459 1742 3514 consident.
1759 3459 1927 3516 Tunc
1948 3463 2064 3515 sta-

418 3551 527 3608 tim
558 3566 716 3618 vasa,
753 3550 1037 3606 factiones
1088 3554 1146 3605 et
1197 3549 1390 3605 omnis
1441 3549 1694 3622 populus
1740 3549 1977 3615 abeunt,
2006 3550 2064 3604 in

414 3637 558 3695 locis
589 3638 716 3694 suis
750 3638 1104 3704 subsistunt,
1135 3642 1195 3696 et
1236 3637 1678 3695 considentibus
1727 3638 2002 3705 dominis,
2035 3654 2070 3692 a

2245 3192 2315 3248 A'.
2350 3191 2448 3245 Καὶ
2491 3191 2580 3245 ὅτε
2627 3191 2900 3265 πληρωθῇ
2951 3193 2984 3260 ἡ
3046 3191 3288 3267 εὐφημία
3334 3191 3423 3246 καὶ
3473 3193 3824 3269 ἀναγόρευσις

2171 3284 2279 3335 τῶν
2330 3280 2634 3354 Καισάρων,
2690 3280 3032 3356 εἰσέρχονται
3090 3281 3146 3334 οἱ
3199 3278 3452 3338 δεσπόται
3534 3284 3668 3355 μετὰ
3726 3288 3824 3338 τοῦ

2172 3371 2518 3445 πατριάρχου
2575 3369 2664 3423 καὶ
2719 3373 2828 3425 τῶν
2890 3371 3170 3444 Καισάρων
3231 3369 3306 3433 εἲς
3353 3372 3440 3426 τὸν
3472 3372 3494 3407 ⁴
3540 3371 3823 3447 τρίκλινον

2174 3463 2280 3514 τῶν
2333 3460 2394 3523 ιθ¹
2445 3456 2777 3525 ἀκουϐίτων,
2810 3459 2901 3514 καὶ
2964 3461 3278 3529 καθέζονται
3328 3461 3377 3515 ἐν
3438 3459 3701 3530 σελλίοις,
3734 3463 3825 3517 καὶ

2177 3548 2230 3603 οἱ
2287 3547 2548 3622 Καίσαρες
2618 3541 2758 3602 ἔνθεν
2804 3547 3073 3612 κάκεῖθεν.
3134 3547 3237 3606 Καὶ
3298 3547 3493 3613 εὐθέως
3537 3549 3606 3605 τὰ
3661 3551 3824 3622 στεύη

2177 3636 2263 3692 κα)
2298 3639 2365 3693 τὰ
2399 3638 2536 3712 μέρη
2569 3637 2658 3690 καὶ
2690 3641 2792 3696 πᾶς
2823 3637 2851 3690 6
2883 3634 3016 3699 λαὸς
3048 3635 3384 3712 ἀπέρχονται
3432 3640 3520 3694 καὶ
3579 3638 3824 3695 ἵστανται

412 3727 594 3786 latere
626 3745 848 3801 agapen
879 3728 1293 3785 distribuentes
1316 3728 1558 3796 intrant,
1578 3744 1768 3800 genua
1790 3727 1987 3801 magni
2012 3731 2064 3783 et

2178 3727 2253 3788 εἷς
2299 3726 2429 3790 τοὺς
2475 3728 2677 3788 τόπους
2736 3725 2936 3795 αὐτῶν,
2996 3727 3087 3782 καὶ
3145 3728 3506 3792 καθεσθέντων
3576 3735 3686 3787 τῶν
3747 3729 3828 3788 δε-

413 3818 657 3875 minoris
687 3817 1057 3890 imperatoris
1099 3817 1453 3888 osculantur,
1485 3818 1569 3874 ita
1599 3822 1663 3874 ut
1693 3835 1872 3873 unum
1907 3834 2058 3890 genu

411 3908 650 3964 Cesaris
683 3908 757 3964 ad
790 3907 1071 3974 dextram,
1099 3923 1281 3963 unum
1309 3907 1381 3962 ad
1416 3905 1722 3962 sinistram
1748 3906 2062 3962 assidentis

415 4004 781 4066 venerentur,
813 3997 884 4051 ad
915 3996 1038 4052 hac
1067 3996 1242 4052 etiam
1275 4011 1494 4065 agapen
1525 3994 1909 4051 distribuunt.
1933 3994 2064 4061 Qui-

413 4083 527 4141 bus
548 4085 821 4142 omnibus
851 4084 1125 4157 peractis,
1159 4086 1450 4139 secretum
1501 4085 1685 4138 totum
1737 4083 1936 4147 intrat,
1967 4098 2062 4137 ve-

415 4173 539 4232 lum
565 4175 842 4248 primum,
868 4174 1154 4246 magistri,
1175 4179 1232 4227 et
1253 4175 1454 4226 caetera
1478 4187 1584 4227 suo
1607 4173 1828 4240 ordine,
1851 4175 1918 4227 ut
1941 4187 2063 4227 mo-

414 4281 475 4321 re
505 4268 806 4337 receptum
830 4268 954 4330 est;
979 4267 1244 4327 senatus,
1269 4260 1606 4318 adoratione
1637 4261 1806 4327 facta,
1839 4277 2063 4333 agapen

413 4354 531 4420 dat,
561 4369 676 4423 qua
727 4351 1057 4417 distributa,
1090 4349 1438 4422 praepositus
1477 4367 1513 4406 a
1567 4351 1843 4407 mandato
1886 4349 2059 4405 dicit:

415 4464 445 4494 ι(
478 4441 706 4498 Jubete.
746 4462 775 4491 ››
806 4441 969 4496 Tunc
1008 4439 1226 4514 egressi
1255 4440 1472 4497 domini
1523 4440 1646 4496 lora
1695 4443 1752 4496 et
1797 4456 2061 4509 coronas,

415 4533 666 4587 Cesares
715 4528 837 4587 lora
882 4533 938 4585 et
985 4529 1282 4587 cesaricia
1328 4534 1557 4587 mutant
1612 4533 1670 4586 et
1741 4528 1976 4597 abeunt,
2009 4532 2067 4584 et

417 4635 592 4676 omne
623 4618 886 4674 ofﬁcium
919 4618 1075 4688 festi,
1109 4628 1171 4675 ut
1201 4619 1260 4676 in
1293 4619 1481 4691 typico
1513 4618 1920 4691 praescriptum
1951 4623 2062 4684 est,

413 4709 769 4767 celebratur.
800 4709 883 4764 Ad
915 4725 1138 4782 agapen
1181 4714 1238 4767 et
1286 4709 1759 4767 communionem
1809 4709 2063 4782 primum

415 4797 640 4857 domini
663 4814 916 4872 cumque
933 4799 1078 4872 ipsis
1098 4799 1348 4856 Caesares
1368 4800 1605 4872 abeunt,
1633 4798 1930 4873 simulque
1947 4815 2067 4856 me-

411 4889 690 4947 tatorium
751 4889 990 4957 intrant,
1046 4888 1360 4960 omniaque
1417 4891 1738 4947 secundum
1799 4891 2064 4947 ordinem

411 4979 570 5050 festi,
603 4983 670 5035 ut
696 4977 756 5034 in
787 4978 980 5051 typico
1003 4993 1108 5033 seu
1139 4976 1432 5033 ordinario
1463 4982 1572 5050 est,
1604 4983 1881 5051 aguntur.

2172 3821 2406 3886 σποτῶν,
2462 3813 2801 3890 εἰσέρχονται
2873 3815 2924 3868 οἱ
2995 3811 3231 3876 διδόντες
3284 3817 3385 3885 τήν
3445 3817 3655 3894 ἆγάπην
3720 3818 3826 3874 ἀπὸ

2172 3905 2432 3980 πλαγίου,
2462 3903 2552 3959 καὶ
2582 3905 3048 3979 προσκυνοῦσιτὰ
3101 3901 3196 3960 δύο
3249 3905 3450 3982 γόνατα
3506 3911 3606 3962 τοῦ
3656 3909 3828 3982 μεγά-

2174 4001 2275 4050 λου
2310 3993 2599 4070 βασιλέως.
2641 3992 2849 4066 ὁμοίως
2897 3993 2987 4048 καὶ
3030 3998 3128 4049 τοῦ
3188 3999 3407 4070 μικροῦ,
3452 3997 3541 4051 καὶ
3582 4017 3826 4071 προσκυ-

2171 4087 2354 4140 νοῦσιν
2377 4082 2432 4138 ’ἐν
2463 4084 2737 4159 γόνατον⁵
2777 4080 2879 4138 τοῦ
2929 4080 3195 4156 Καίσαρος
3247 4087 3345 4140 τοῦ
3381 4083 3439 4140 ἐκ
3498 4082 3688 4155 δεξιῶν
3735 4088 3827 4143 καὶ

2173 4171 2227 4227 ἐν
2266 4175 2362 4226 τοῦ
2419 4171 2470 4241 ἐξ
2530 4170 2849 4244 εὐωνύμων,
2881 4172 2970 4227 καὶ
3023 4177 3450 4248 προσκυνοῦντες
3509 4171 3698 4230 δίδωσι
3737 4177 3826 4232 καὶ

2170 4261 2270 4330 τὴν
2308 4258 2546 4336 ἀγάπην.
2580 4259 2684 4317 Καὶ
2731 4258 2821 4315 ὅτε
2874 4258 3232 4335 πληρώσουσι
3286 4263 3352 4317 τά
3399 4262 3506 4318 ἀπὸ
3562 4262 3825 4339 πλαγίου,

2174 4348 2474 4425 εἰσέρχεται
2500 4355 2562 4405 1o
2610 4349 2860 4422 σέκρετον
2911 4349 3066 4420 ὅλον,
3103 4349 3278 4425 βῆλον
3309 4352 3374 4420 α’,
3400 4353 3451 4406 οἱ
3512 4353 3825 4429 μάγιστροι,

2173 4438 2264 4493 καὶ
2292 4439 2361 4494 τὰ
2388 4437 2558 4495 λοιπά
2603 4439 2752 4516 βῆλα
2800 4439 2936 4495 κατὰ
2989 4441 3160 4513 τάξιν,
3189 4441 3264 4503 ὡς
3305 4436 3424 4520 ἔχει
3471 4445 3506 4512 ἡ
3551 4445 3825 4515 συνήθεια,

2171 4529 2262 4584 καὶ
2293 4532 2669 4604 προσκυνοῦσα
2699 4531 2734 4598 ἡ
2767 4528 3079 4603 σύγκλητος
3114 4525 3304 4585 δίδωσι
3334 4531 3433 4600 τήν
3469 4530 3704 4607 ἀγάπην,
3739 4534 3826 4589 καὶ

2172 4616 2570 4694 πληρωσάσης,
2605 4616 2754 4692 λέγει
2795 4619 2822 4672 6
2865 4618 3229 4693 πραιπόσιτος
3260 4619 3365 4674 ἀπὸ
3397 4618 3698 4685 κελεύσεως
3725 4622 3788 4678 τό
3810 4643 3824 4656 ⁸

2176 4732 2203 4760 ‹‹
2225 4708 2540 4764 Κιλεύσατε.
2560 4707 2708 4764 »Καὶ
2731 4704 3041 4783 ἐξέρχονται
3062 4707 3153 4762 καὶ
3182 4707 3546 4765 ἀλλάσσουσιν
3567 4712 3618 4766 οἱ
3643 4709 3827 4768 δεσπό·

2171 4817 2260 4852 ται
2290 4795 2418 4858 τοὺς
2439 4793 2655 4870 λώρους
2677 4794 2766 4849 καὶ
2787 4795 2855 4849 τὰ
2889 4794 3191 4870 στέμματα,
3207 4797 3418 4870 ὁμοίως
3439 4799 3529 4854 καί
3562 4801 3613 4854 οἱ
3636 4801 3828 4858 Καίσα-

2176 4906 2263 4963 ρες
2317 4884 2443 4948 τοὺς
2503 4883 2722 4960 λώρους
2770 4884 2952 4940 καὶτὰ
2981 4885 3311 4961 καισαρίκια,
3343 4888 3432 4942 καὶ
3491 4886 3824 4966 ἐξέρχονται,

2174 4977 2262 5032 καὶ
2296 4973 2607 5051 πληροῦται
2640 4981 2784 5031 πᾶσα
2831 4978 2866 5046 ἡ
2911 4973 3214 5040 ἀκολουθία
3251 4984 3351 5048 τῆς
3382 4981 3603 5053 ἓορτῆς,
3639 4980 3716 5045 ὡς
3758 4982 3822 5050 ἦν

419 5067 668 5125 τυπικόν.
700 5064 797 5129 Εἲς
857 5062 915 5120 δὲ
969 5066 1068 5136 τὴν
1128 5064 1340 5142 ἀγάπην
1394 5065 1484 5119 καὶ
1543 5065 1644 5134 τὴν
1699 5066 1986 5125 κοινωνίαν
2026 5071 2244 5141 πρῶτον
2305 5067 2358 5121 οἱ
2415 5063 2692 5139 δεσπόται,
2741 5064 2832 5120 καὶ
2885 5066 3004 5139 μετ’
3057 5067 3238 5122 αύτῶν
3296 5068 3349 5122 οἱ
3402 5068 3663 5142 Καίσαρες
3717 5072 3824 5144 (38)

1763 5184 2007 5242 νΑΡιυΕ
2044 5183 2460 5242 LECTIONES.

486 5284 536 5320 κ
565 5285 656 5340 καὶ
713 5289 850 5344 ante
903 5281 1244 5356 ἐπικείμενον
1294 5281 1579 5356 excidisse

419 5355 467 5462 ζ’
494 5355 582 5465 καὶ
615 5357 798 5465 κόνριμ.
834 5373 956 5465 pro‘
993 5351 1252 5465 ητένομ.
1283 5355 1374 5413 ed.
1453 5357 1471 5394 ί
1503 5351 1649 5408 αύτᾶ
1681 5355 1773 5425 R.,
1815 5354 1946 5410 αὐτὸ
2003 5356 2127 5413 cod.
2179 5361 2237 5412 et
2270 5351 2377 5414 'ed.
2454 5357 2478 5392 ²
2523 5354 2603 5416 εἰς
2653 5351 2774 5432 κεφ.
2816 5355 2907 5410 ed.

420 5427 442 5462 ⁸
470 5427 547 5489 είς
575 5427 638 5483 τὸ
669 5427 760 5486 οᾱζ
837 5427 861 5465 ⁵
889 5429 1021 5506 γόνυ
1052 5430 1143 5486 ed.

1633 5287 1798 5357 putat
1989 5283 2037 5320 ’7
2090 5283 2179 5357 καὶ
2233 5286 2492 5357 κρατοῦσι
2554 5283 2824 5357 βαίσαρας
2869 5299 3017 5357 ,οωκ
3057 5282 3150 5357 ed.
3228 5282 3290 5357 '3_
3333 5282 3680 5357 ἀποκρίνεται
3733 5288 3818 5345 ed.

3001 5355 3022 5389 ³
3049 5349 3452 5427 θεοπροεΛήτῳ
3480 5349 3706 5429 ’βασιλεῖ
3731 5360 3816 5416 ed.

1464 5531 1664 5588 JOAN.
1700 5532 1849 5589 JAC.
1892 5533 2152 5592 REISKII
2189 5531 2764 5591 COMMENTARIUS

490 5647 602 5717 (38)
649 5649 889 5725 Scilicet
928 5650 1754 5725 xowmvoﬁet,_commun_z‘cant,
1814 5653 2286 5711 communionem
2346 5653 2610 5709 sanctam
2669 5649 3016 5725 percipiunt.
3075 5648 3205 5705 Vid.
3269 5663 3326 5720 p.
3388 5651 3508 5707 134.
3560 5653 3707 5708 Μετὰ
3762 5655 3816 5714 in

419 5716 524 5772 hac
554 5733 685 5776 cum
717 5721 964 5790 genitivo
990 5716 1420 5782 constructione
1449 5716 1749 5796 significat
1767 5729 1912 5796 post.
