4180 6304
280 343 390 403 47Ἶ

1126 345 1227 406 DE
1271 345 1723 410 CERIMONIIS
1767 348 2003 411 AULIE
2042 353 2513 419 ΒῩΖΑΝΤΙΝιΕ
2559 360 2703 421 LIB.
2752 361 2794 422 Ι.

3565 357 3683 416 478

279 475 367 530 καὶ
399 474 424 509 ⁸
481 471 829 550 εἰσέρχονται
890 478 1031 552 ὁμοῦ
1096 479 1149 534 ἐν
1206 479 1286 553 τῷ
1356 480 1711 555 μητατωρίῳ,
1770 482 1859 536 καὶ
1933 479 2271 558 πληροῦνται
2319 489 2488 546 πάντα
2546 492 2679 548 κατὰ
2725 491 2872 562 τάξιν
2919 495 3020 561 τῆς
3069 491 3287 564 ἑορτῆς,
3328 488 3404 551 ὡς
3431 488 3497 558 ἦν
3524 507 3683 543 τυπι-

280 581 373 618 κον
381 607 395 620 .

280 651 615 728 Ἀκτολογία
674 658 780 708 τῶν
843 651 1034 727 δήμων
1103 656 1192 712 ἐπὶ
1252 657 1563 734 χειροτονίᾳ
1639 658 1928 733 Καίσαρος.
1963 668 2008 731 Α

349 742 430 798 A'.
513 745 633 798 Τῶν
688 739 964 799 δεσποτῶν
1023 741 1396 822 διερχομένων
1468 748 1602 821 μετὰ
1657 748 1746 801 καὶ
1833 752 1931 803 τοῦ

278 831 634 906 πατριάρχου
667 829 758 887 διὰ
785 837 881 888 τοῦ
914 835 1162 909 μεγάλου
1189 835 1474 912 τρικλίνου
1493 840 1600 892 τῶν
1625 837 1687 891 ιϐ’
1715 831 1934 891 ἀκουϐί-

273 941 413 987 των,
453 922 627 991 μήπω
657 923 973 996 φθασάντων
1006 922 1058 980 ἒν
1099 930 1177 999 τῷ
1226 926 1448 1000 ἡλιακῷ
1495 927 1593 982 τού
1643 921 1934 1001 τριϐουνα-

273 1007 430 1076 λίου,
465 1009 517 1064 ἐν
554 1012 600 1082 ᾦ
649 1013 1073 1085 προαποτίθεται
1123 1014 1450 1090 ἀνττμίσιον,
1484 1015 1559 1078 εἰς
1605 1014 1635 1070 6'
1680 1015 1934 1092 πρόκειν-

269 1098 420 1168 ταιῆ
451 1121 514 1155 τε
545 1100 878 1175 χΛαμὺςκαὶ
928 1106 957 1158 6
1007 1104 1285 1183 στέφανος,
1335 1103 1508 1179 ἤγουν
1563 1106 1630 1160 τὰ
1683 1105 1936 1181 καισαρίο

271 1209 391 1256 κια,
455 1186 709 1264 λέγουσιν
771 1191 822 1245 οἱ
881 1193 1130 1266 κράκται·
1198 1217 1225 1246 ιι
1279 1194 1606 1264 Ἀνάτειλον,
1665 1197 1700 1264 ἡ
1758 1189 1934 1256 ἔνθεος

270 1277 564 1371 βασιλεία.
600 1279 628 1333 ὁ
655 1278 797 1371 λλαύς
828 1279 887 1335 ἐκ
916 1283 987 1371 γ’·
1020 1306 1048 1335 ι(
1081 1282 1385 1340 Ἀνάτειλον
1436 1285 1565 1356 (39).
1599 1306 1626 1338 ι
1686 1285 1750 1339 O't
1803 1285 1937 1359 κρά-

292 1389 440 1423 κταιο
481 1393 504 1421 ι
537 1368 852 1425 ’Λνάτειλον
893 1373 920 1426 6
971 1370 1118 1428 δεῖνα
1159 1375 1249 1428 καὶ
1282 1375 1310 1429 ὁ
1362 1370 1509 1429 δεῖνα
1547 1373 1939 1450 αὐτοκράτορες

293 1463 600 1532 Ρωμαίων·
635 1485 662 1513 ››
732 1465 760 1518 6
812 1463 940 1525 λαὸς
997 1463 1057 1520 ἐκ
1098 1467 1166 1542 γ’⁴
1199 1489 1227 1518 ‹‹
1283 1466 1610 1523 Ἀνάτειλον.
1643 1491 1669 1519 υ
1712 1468 1780 1524 Ol.
1809 1467 1939 1543 κρά-

278 1571 431 1606 κται·
467 1577 497 1603 ‹‹
549 1551 868 1608 Ἀνάτειλον
927 1557 978 1610 οἱ
1029 1558 1352 1629 θεράποντες
1410 1555 1508 1612 τοῦ
1567 1557 1786 1633 Κυρίου·
1850 1580 1878 1610 ››
1911 1559 1939 1613 6

280 1639 418 1703 λαός
448 1639 510 1696 ἐκ
537 1643 602 1716 γ’.
639 1665 668 1695 ι(
729 1643 1066 1702 Ἀνάτειλον.
1102 1669 1130 1696 ››
1199 1646 1266 1703 Oi
1322 1646 1569 1721 κράκται·
1605 1671 1632 1697 ‹‹
1694 1645 1940 1702 Ἀνάτει-

280 1731 382 1787 λον
417 1733 445 1786 6
472 1730 622 1787 δεῖνα
652 1734 741 1788 καὶ
773 1735 800 1788 ὀ
861 1733 1007 1790 δεῖνα
1055 1736 1361 1810 Αὐγοῦσται
1413 1742 1518 1793 τῶν
1562 1738 1873 1810 Ῥωμαίων·
1911 1762 1938 1790 ››

283 1817 317 1873 ὁ
375 1818 512 1883 λαὸς
569 1819 629 1874 ἐκ
685 1820 894 1894 τρίτου·
954 1847 982 1875 (ι
1035 1822 1374 1882 ’Λνάτειλον.
1442 1849 1471 1876 ››
1543 1828 1605 1879 Οἱ
1688 1826 1936 1901 κράκται·

288 1929 322 1959 (ι
354 1907 671 1965 Ἀνάτειλον
694 1911 745 1964 οἱ
778 1907 1031 1966 δεσπόται
1053 1911 1146 1967 σὺν
1160 1918 1278 1974 ταῖς
1307 1913 1668 1989 Αὐγούσταις·
1694 1939 1723 1967 ››
1756 1915 1784 1969 6
1808 1912 1941 1978 λαὸς

291 1995 350 2052 έκ
379 1999 448 2071 γ’·
485 2022 512 2048 ‹‹
568 1997 902 2058 Ἀνάτειλον.
945 2024 974 2051 ››
1005 2001 1105 2056 Καὶ
1153 1999 1219 2070 δὴ
1271 2002 1641 2078 ἐξερχομένων
1703 2008 1810 2059 τῶν
1855 2000 1942 2058 δε·
1969 2040 2017 2105 Β

293 2091 514 2143 σποτῶν
575 2089 665 2143 καὶ
722 2089 1021 2163 ἱσταμένων
1079 2089 1166 2147 ἐπὶ
1213 2096 1309 2147 τοῦ
1347 2092 1584 2163 ἡλιακοῦ
1619 2098 1717 2150 τοῦ
1775 2093 1938 2148 αὐτοῦ

293 2170 671 2245 τιόουναλίου,
712 2181 810 2233 τοῦ
867 2181 1211 2256 πατριάρχου
1260 2183 1553 2256 ἱσταμένου
1611 2182 1661 2237 ἐν
1723 2186 1802 2255 τῷ
1849 2182 1941 2236 ἆν-

291 2265 525 2337 τιμισίῳ
551 2266 641 2320 καὶ
669 2271 768 2321 τοῦ
824 2263 1076 2323 διακύνου
1125 2269 1343 2326 ὄπισθεν
1391 2269 1575 2339 αὐτοῦ,
1634 2291 1941 2348 κατασφρα-

291 2354 538 2430 γίζουσιν
569 2357 620 2409 οἱ
660 2353 915 2412 δεσπόται
943 2359 1036 2414 τὸν
1071 2357 1200 2415 λαὸν
1231 2360 1290 2416 ἐκ
1326 2361 1530 2435 τρίτου,
1562 2362 1652 2417 καὶ
1711 2362 1805 2426 εἶθ’
1846 2363 1942 2418 οὓ-

289 2463 400 2506 τως
436 2442 657 2520 λέγουσι
694 2446 762 2500 τὰ
789 2444 887 2502 δύο
933 2447 1093 2522 μέρη.
1134 2473 1154 2499 ι
1209 2456 1429 2522 ¹Ἀγιος,
1487 2452 1662 2525 ἅγιος,
1713 2455 1885 2526 ἅγιος.
1913 2476 1940 2504 ››

291 2533 383 2586 καὶ
445 2532 723 2588 αἰτοῦνται
791 2535 897 2591 ἀπὸ
955 2539 1217 2614 φθογγῆς,
1269 2538 1542 2614 λέγοντες·
1589 2564 1617 2592 ››
1677 2541 1942 2597 Δεσπόται

293 2626 397 2688 τῆς
453 2619 792 2694 οἰκουμένης,
842 2622 1055 2700 δέξασθε
1090 2628 1218 2690 τοὺς
1259 2625 1490 2691 δούλους
1548 2631 1700 2702 ὑμῶν
1759 2651 1942 2707 παρα-

305 2708 632 2793 καλοῦντας,
663 2713 733 2774 ὡς
790 2711 978 2771 δοῦλοι
1031 2714 1331 2791 τολμῶμεν
1381 2719 1776 2793 παρακαλέσαι,
1812 2722 1945 2792 μετὰ

315 2792 487 2874 φόϐου
512 2801 533 2835 ⁸
561 2797 911 2876 δυσωποῦμεν
959 2805 1086 2868 τοὺς
1140 2807 1424 2879 δεσπότας,
1461 2792 1569 2863 καὶ
1619 2809 1945 2879 ἀνεξικάκως

313 2887 719 2961 παρακλήθητε,
751 2891 798 2945 ὦ
843 2892 1132 2968 εὐεργέται,
1167 2898 1245 2959 εἰς
1292 2899 1392 2966 τὴν
1443 2895 1620 2964 δέησιν
1662 2902 1759 2953 τοῦ
1807 2897 1945 2955 λαοῦ

306 2977 480 3048 ὑμῶν,
526 2975 806 3050 δεσπόται,
859 2987 1269 3058 χαροποιήσατε
1311 2987 1440 3048 τοὺς
1492 2984 1724 3050 δούλους
1772 2987 1943 3062 ὑμῶν,

299 3061 556 3122 δεσπόται
609 3067 742 3142 ὑπὲρ
783 3069 1116 3147 εὐφροσύνης
1166 3080 1266 3144 τῆς
1322 3074 1539 3137 πόλεως
1601 3077 1753 3149 ὑμῶν
1810 3061 1946 3132 δυσ-

2148 666 2481 725 Acclamatio
2508 673 2814 742 factionum
2841 670 2901 726 in
2947 670 3284 742 promotione
3323 666 3576 723 Caesaris.

2113 755 2156 809 Ι.
2185 755 2410 812 Domini
2459 776 2592 815 cum
2640 760 2966 832 patriarcha
3022 776 3122 832 per
3179 773 3453 830 maguum
3503 754 3684 812 tricli-

2042 843 2202 899 nium
2235 847 2363 901 XIX
2387 849 2757 905 accubituum
2779 851 3118 921 procedunt,
3151 865 3217 904 ac
3248 847 3507 904 nondum
3540 845 3686 917 ipsis

2042 930 2320 988 solarium
2353 936 2687 1005 tribunalis,
2720 940 2779 995 in
2811 957 2927 1011 quo
2985 955 3086 995 ara
3117 953 3253 994 cum
3294 935 3599 1009 chlamyde
3629 937 3688 989 et

2044 1036 2257 1076 corona
2278 1038 2379 1078 seu
2412 1027 2721 1083 caesariciis
2761 1034 2894 1083 ante
2938 1027 3192 1099 reposita
3221 1026 3352 1093 fuit,
3380 1023 3684 1097 ingressis.

2046 1114 2313 1168 cantores
2341 1113 2613 1170 accinunt
2645 1131 2659 1171 :
2689 1139 2710 1166 ιι
2737 1118 3024 1188 Appareat
3061 1116 3257 1171 divina
3312 1114 3617 1186 majestasl
3655 1135 3684 1163 »

2046 1201 2295 1272 populus
2343 1207 2460 1258 ter:
2511 1205 2874 1276 Appareat.»
2933 1209 3253 1261 Cantores:
3301 1227 3322 1253 ι
3357 1206 3690 1276 Appareant

2047 1288 2115 1346 N.
2161 1289 2229 1345 N.
2289 1290 2667 1361 imperatores
2717 1293 3155 1360 Romanorum;
3188 1314 3217 1342 »
3251 1292 3502 1365 populus
3549 1295 3683 1347 ter:

2049 1398 2078 1428 ιι
2109 1379 2467 1451 Appareantl
2496 1401 2520 1432 ι
2553 1382 2831 1438 Cantores
2867 1399 2881 1438 :
2909 1402 2934 1435 σ
2967 1383 3302 1453 Appareant
3341 1379 3545 1434 famuli
3573 1379 3686 1434 Do-

2051 1467 2240 1536 mini;
2276 1489 2305 1517 »
2346 1469 2597 1540 populus
2643 1475 2765 1527 ter:
2822 1493 2852 1522 «
2912 1473 3260 1541 Appareant.
3293 1491 3320 1518 »
3381 1469 3686 1536 Cantores;

2057 1579 2085 1613 ι
2120 1562 2544 1631 AppareantN.
2579 1565 2634 1616 et
2663 1562 2728 1616 N.
2760 1559 3034 1632 Augustas
3075 1544 3505 1616 Romanorum!
3542 1576 3570 1606 η
3594 1571 3692 1628 po-

2051 1648 2224 1722 pulus
2261 1653 2384 1704 ter:
2411 1672 2440 1699 «
2478 1651 2827 1720 Appareant.
2854 1671 2882 1699 »
2934 1653 3209 1704 Cantores
3241 1664 3255 1702 :
3284 1667 3310 1700 α
3363 1647 3691 1718 Appareant

2051 1738 2273 1793 domini
2320 1753 2454 1794 eum
2487 1739 2900 1809 Augustabus;
2959 1736 3207 1810 populus
3261 1740 3381 1791 ter:
3443 1739 3691 1804 «Appa-

2051 1835 2234 1882 reant.
2263 1849 2283 1875 ι
2320 1828 2468 1882 131
2506 1826 2733 1899 Egressi
2783 1832 2976 1882 autem
3023 1825 3244 1882 domini
3304 1833 3358 1879 et
3390 1824 3447 1878 in
3479 1821 3688 1877 soiario

2049 1915 2357 1972 tribunalis
2377 1916 2854 1983 constituti,dum
2887 1913 3215 1987 patriarcha
3238 1912 3296 1967 in
3319 1910 3685 1975 antimensio,

2054 2014 2182 2080 post
2204 2006 2362 2062 hunc
2393 2006 2674 2062 diaconus
2699 2010 2834 2073 stat,
2856 2003 3137 2077 populum
3158 2008 3246 2058 ter
3274 2002 3529 2074 signant,
3561 1998 3688 2054 duas

2052 2095 2335 2151 factiones
2391 2094 2644 2149 dicunt:
2697 2115 2727 2144 ιι
2787 2095 3056 2162 Sanctus,
3108 2095 3368 2156 sanctus,
3428 2092 3688 2153 sanctus,

2051 2187 2184 2251 etc.,
2217 2204 2246 2233 »
2275 2187 2332 2239 et
2361 2191 2671 2254 precantur
2697 2199 2833 2240 voce
2855 2179 3395 2238 modulatahuncin
3420 2177 3687 2234 modum:

2053 2295 2082 2324 «
2118 2273 2340 2328 Domini
2363 2274 2522 2328 orbis
2562 2277 2868 2336 terrarum.
2927 2272 3174 2344 excipite
3233 2285 3429 2326 servos
3472 2271 3691 2323 vestros

2051 2364 2441 2420 obtestantes:
2475 2372 2530 2418 ut
2557 2363 2706 2419 servi
2738 2363 3022 2417 audemus
3054 2361 3299 2432 precari:
3336 2374 3466 2415 cum
3516 2358 3694 2413 timo-

2050 2470 2110 2509 re
2127 2469 2473 2509 veneramur
2502 2451 2773 2508 dominos
2808 2469 2821 2507 :
2855 2451 3146 2515 benevole,
3180 2467 3212 2505 ο
3243 2447 3465 2504 domini
3498 2445 3695 2501 muni-

2051 2541 2166 2611 ﬁci,
2213 2542 2281 2596 ad
2337 2557 2534 2612 preces
2580 2539 2778 2612 populi
2848 2539 3018 2594 vestri
3095 2537 3407 2593 attendite:
3482 2535 3694 2606 gaudio

2052 2647 2251 2686 servos
2299 2633 2544 2700 vestros,
2572 2646 2605 2684 ο
2642 2628 2889 2697 domini,
2941 2626 3268 2701 pel-fundite
3300 2625 3412 2681 :ob
3444 2623 3694 2679 salutem

2053 2720 2217 2774 urbis
2235 2729 2435 2774 vestras
2457 2718 2618 2774 vultu
2639 2719 2707 2772 ad
2731 2723 2941 2772 terram
2977 2718 3234 2772 demisso
3251 2714 3700 2786 precamur.Ap-

2053 2813 2255 2883 pareat
2285 2809 2466 2864 servis
2503 2808 2709 2863 vestris
2733 2811 2942 2874 Caesar,
2975 2821 3250 2877 rogamus
3291 2820 3397 2858 nos
3426 2803 3576 2859 servi
3595 2817 3695 2858 ve-

2053 2899 2180 2962 stri,
2205 2915 2236 2954 ο
2259 2897 2504 2962 domini,
2533 2899 2603 2952 ad
2625 2896 2869 2970 gloriam
2891 2895 3206 2951 maximam
3227 2897 3489 2957 senatus,
3515 2890 3696 2946 felici-

2053 2993 2230 3044 tatem
2283 2989 2596 3060 perfectam
2630 2995 2954 3042 castrorum
2987 3002 3052 3040 ac
3100 2983 3361 3040 laetitiam
3416 2985 3692 3050 vestram,

2053 3079 2277 3135 domini
2308 3078 2566 3150 benigni.
2599 3099 2626 3128 ››

295 3159 580 3226 ωποῦμεν·
643 3155 1003 3236 ἐπιφανείσθω
1035 3162 1057 3197 ⁹
1110 3167 1228 3223 τοῖς
1287 3160 1507 3228 δούλοις
1568 3165 1720 3238 ὑμῶν
1778 3167 1805 3221 6
1847 3171 2068 3243 Καῖσαρ,
2108 3163 2531 3240 παρακαλοῦμεν
2577 3165 2630 3219 o't
2678 3162 2870 3220 δοῦλοι
2905 3165 3079 3236 ὑμῶν,
3129 3159 3405 3227 δεσπόται,
3437 3159 3515 3222 εἰς
3547 3157 3700 3228 δόξαν

295 3245 561 3318 μεγίστην
608 3246 706 3314 τῆς
763 3248 1096 3326 συγκλήτου,
1157 3252 1233 3317 εἷς
1282 3253 1535 3331 εὐτυχίαν
1593 3254 1858 3333 μεγίστην
1913 3261 2020 3314 τῶν
2079 3253 2475 3334 στρατοπέδων,
2517 3255 2594 3318 εἰς
2647 3253 3003 3331 χαρμοσύνην
3060 3258 3167 3309 τῶν
3211 3253 3364 3326 ὑμῶν
3394 3253 3457 3323 ¹⁰,
3491 3247 3705 3324 εὐεργέ··

287 3357 402 3392 ται.
441 3361 462 3389 Ι

360 3426 438 3482 Β’.
471 3426 576 3483 Καὶ
606 3427 696 3482 ὅτε
727 3426 949 3502 γένηται
979 3431 1043 3485 τὸ
1073 3437 1246 3506 νεῦμα
1283 3434 1430 3508 παρὰ
1493 3437 1591 3488 τοῦ
1649 3434 1940 3509 πραιποσί-
1972 3441 2017 3507 c

283 3535 387 3570 του
408 3521 508 3571 τοῦ
538 3523 759 3593 σιγῆσαι
791 3519 857 3573 τὰ
881 3519 1018 3594 μέρη
1045 3521 1119 3583 εἰς
1176 3523 1238 3576 τὸ
1286 3520 1526 3594 λαλῆσαι
1575 3524 1665 3579 τὸν
1718 3521 1943 3598 βασιλέα

282 3606 431 3680 πρὸς
460 3607 554 3659 τὺν
586 3606 718 3661 λαὸν
749 3608 838 3662 καὶ
885 3607 960 3672 εἰς
995 3631 1057 3664 το
1093 3609 1251 3671 τέλος
1307 3608 1476 3668 δῶσαι
1512 3616 1552 3650 ¹¹
1597 3614 1772 3691 εὐχήν
1821 3613 1950 3668 ἀνα-

285 3695 582 3770 κράζουσιν
630 3696 683 3750 οἱ
740 3698 967 3772 κράκται
1023 3701 1114 3755 καὶ
1161 3699 1398 3777 λέγουσι·
1446 3727 1473 3755 ‹‹
1535 3708 1642 3771 Τῆς
1710 3700 1948 3773 δεήσεως

284 3787 458 3857 ἡμῶν
509 3784 828 3855 εἰσήκουσαν
899 3789 952 3843 οἱ
1019 3787 1358 3867 στεφοδόται,
1435 3791 1784 3869 εὐφράναντες
1852 3789 1945 3846 τὸν

284 3875 430 3931 λαὸν
472 3875 649 3930 αὐτῶν
710 3876 988 3954 μεγάλως,
1023 3883 1494 3954 χαροποιήσαντες
1531 3882 1630 3950 τήν
1664 3880 1945 3936 πολιτείαν

284 3965 349 4019 οἱ
389 3960 669 4032 δεσπύται,
704 3966 782 4030 εἷς
826 3965 1035 4030 πλάτος
1080 3969 1169 4023 καὶ
1217 3966 1438 4040 αὔξησιν
1484 3976 1592 4026 τῶν
1631 3970 1947 4044 Ῥωμαίων,

281 4050 592 4125 εὖδοκιᾳ¹³
649 4060 747 4111 τοῦ
787 4053 1074 4130 στέψαντος
1138 4059 1299 4130 ὑμᾶς,
1373 4058 1671 4138 εὐεργέται·
1733 4056 1862 4116 ἀλλ’
1917 4060 1947 4115 6

283 4143 512 4199 πάντων
570 4146 814 4213 Ποιητής
868 4145 958 4200 καὶ
999 4147 1277 4218 Δεσπότης
1335 4147 1463 4211 τοὺς
1515 4149 1752 4224 χρόνους
1793 4150 1944 4221 ὑμῶν

280 4233 561 4304 πληθύνει
605 4236 698 4291 σὺν
745 4241 866 4298 ταῖς
919 4238 1258 4312 Αὐγούσταις
1310 4240 1400 4295 καὶ
1457 4242 1551 4295 σὺν
1589 4239 1669 4314 τῷ
1695 4242 1945 4316 Καίσαρι,

283 4324 359 4381 τὸ
416 4325 616 4400 κράτος
654 4325 809 4398 ὑμῶν
864 4325 1087 4407 φυλάξει
1147 4329 1222 4392 εἷς
1273 4328 1462 4401 πλήθη
1520 4330 1736 4410 χρόνων
1783 4330 1836 4386 ἐν
1875 4337 1945 4407 τῇ

283 4414 573 4492 πορφύρα,
622 4413 923 4470 εῒσακούσει
962 4418 990 4471 ὁ
1031 4418 1163 4480 Θεὸς
1203 4422 1298 4472 τοῦ
1347 4417 1483 4474 λαοῦ
1517 4421 1694 4492 ὑμῶν,
1726 4421 1754 4475 6
1802 4417 1947 4476 δεῖνα

281 4501 383 4558 καὶ
418 4505 448 4557 6
488 4501 635 4558 δεῖνα
700 4503 1062 4581 φιλόχριστοι
1109 4507 1160 4560 ἐν
1214 4512 1351 4580 Θεῷ,
1401 4513 1602 4565 νικᾶτε.
1661 4530 1682 4560 ι
1728 4508 1827 4564 Καὶ
1876 4507 1943 4577 δὴ

287 4598 392 4649 τοῦ
441 4592 748 4666 μέλλοντος
787 4593 1030 4674 γενέσθαι
1075 4598 1339 4676 Καίσαρος
1383 4601 1677 4675 ἱσταμένου
1728 4597 1942 4657 ὄπισθεν

2130 3437 2205 3494 ll.
2239 3437 2550 3508 Postquam
2583 3452 2716 3491 vero
2745 3452 2776 3491 a
2798 3434 3102 3507 praeposito
3136 3432 3368 3505 signum
3424 3429 3701 3486 factioni-

2055 3527 2190 3596 bus,
2225 3529 2290 3580 ut
2321 3525 2553 3586 sileant.
2585 3525 2783 3580 datum
2834 3526 2940 3590 est,
2988 3526 3045 3578 et
3074 3521 3391 3593 imperator
3419 3520 3492 3575 ad
3525 3533 3703 3590 popu-

2057 3617 2176 3673 lum
2210 3615 2385 3670 verba
2416 3613 2542 3668 fecit
2570 3629 2636 3668 ac
2676 3612 2911 3668 tandem
2944 3627 3142 3684 preces
3189 3609 3469 3677 recitavit,
3501 3612 3702 3662 canto-

2058 3721 2150 3760 res
2180 3718 2316 3759 voce
2348 3701 2500 3758 elata
2523 3701 2729 3756 dicunt
2764 3717 2777 3755 :
2812 3723 2840 3750 «
2874 3701 3078 3756 Preces
3102 3703 3329 3754 nostras
3357 3713 3702 3754 coronarum

2056 3793 2306 3859 datores,
2323 3791 2423 3862 qui
2447 3790 2731 3862 populum
2755 3794 3012 3844 vestrum
3033 3785 3500 3843 summaalsetitiaa
3523 3787 3702 3856 parti-

2058 3881 2244 3954 cipem
2271 3881 2550 3945 fecerunt,
2587 3878 2857 3933 audivere
2891 3894 2904 3932 :
2948 3876 3297 3932 audiverunt
3326 3876 3569 3943 domini,
3601 3874 3701 3945 qui

2061 3970 2484 4042 rempublicam
2541 3969 2612 4024 ad
2648 3967 2847 4024 florem
2879 3967 3379 4022 etincrementum
3413 3965 3704 4020 Romano-

2055 4079 2187 4119 rum
2209 4061 2634 4127 exhilararunt,
2675 4057 3041 4129 beneplacito
3063 4058 3210 4127 ejus,
3251 4057 3351 4128 qui
3381 4072 3504 4124 vos,
3538 4054 3706 4111 bene-

2060 4153 2320 4219 factores,
2349 4166 2565 4205 corona
2590 4147 2842 4205 ornavit.
2869 4148 2942 4202 At
2969 4146 3204 4202 Creator
3232 4161 3426 4200 rerum
3450 4142 3706 4201 omnium

2057 4257 2122 4296 ac
2155 4240 2441 4296 Dominus
2461 4242 2730 4310 tempora
2751 4237 2936 4304 vobis,
2988 4234 3358 4307 Augustabus
3407 4242 3460 4290 et.
3501 4233 3707 4289 (lmsari

2056 4331 2332 4387 diuturna
2353 4330 2651 4397 concedat,
2681 4343 2747 4382 ac
2779 4328 2956 4384 robur
2989 4330 3253 4384 vestrum
3283 4323 3614 4381 diutissime
3641 4322 3707 4381 in

2056 4437 2316 4494 purpura
2328 4419 2642 4475 custodiat!
2662 4418 2935 4474 exaudiat
2953 4422 3102 4473 Deus
3119 4415 3402 4489 populum
3428 4421 3704 4484 vestrum,

2055 4510 2122 4567 N.
2156 4508 2296 4566 etN.
2321 4507 2531 4564 Christi
2552 4515 2830 4574 amantes,
2851 4507 2911 4561 in
2935 4506 3052 4562 Deo
3081 4505 3314 4562 vincite.
3344 4526 3372 4558 ι
3405 4505 3549 4562 Dum
3572 4521 3706 4563 vero

2056 4601 2288 4655 futurus
2320 4599 2511 4654 Caesar
2531 4612 2680 4670 pone
2696 4596 3007 4652 diaconum
3029 4598 3166 4663 stat,
3182 4610 3378 4652 cereos
3406 4611 3441 4652 a
3478 4609 3706 4669 prepo-

1671 4721 1912 4777 VARI/E
1949 4717 2339 4776 LECTIONES

366 4830 512 4908 °_xai
541 4836 678 4908 ante
702 4830 918 4908 εἰσέρχ.
951 4849 1068 4890 om.
1096 4835 1188 4908 ed.

1292 4834 1316 4910 ’ξ
1345 4836 1454 4910 Pro
1485 4833 1737 4910 λέγουσιν
1769 4836 1867 4910 ε’ςςὶἱ
1891 4835 2001 4910 καὶ.
2037 4833 2245 4910 ξΧΟΑ.
2281 4829 2614 4910 Ἰστέονηὸτι
2637 4830 2687 4885 έν
2721 4831 2807 4894 οἷς
2842 4829 3032 4910 τόποις
3056 4828 3309 4910 Ἷστανται
3341 4831 3548 4910 ρῖιτῆς
3580 4850 3704 4910 συγ-⁸

295 4901 722 4994 κλήιτρυγκαὶηοὶ
753 4899 1013 4994 ἄρχοντες
1044 4904 1135 4959 καὶ
1163 4905 1233 4994 τὰ
1265 4906 1314 4982 β’
1349 4905 1485 4980 μέρη
1526 4899 1752 4994 aanimi:
1779 4907 1821 4994 ~6
1853 4904 2008 4973 λαὸς,
2041 4902 2518 4994 δτεισταυῠρὸςγκαὶ
2558 4904 2624 4957 τὰ
2653 4910 2902 4994 σκῆπτρα
2937 4903 3054 4994 καὶΧ
3078 4907 3192 4994 ’πᾶς
3251 4903 3279 4958 6
3324 4899 3490 4994 ’λαὸς
3507 4899 3572 4957 γέν
3627 4899 3706 4972 τῷ

297 4967 550 5047 στεῷίμῳ
606 4980 706 5044 τῆς
766 4967 1113 5104 Αὐγούστης,
1167 4967 1428 5033 ἵστανται¹
1475 4967 1568 5034 καὶ
1631 4977 1681 5033 ἐν
1741 4967 1810 5053 τῇ
1880 4967 2196 5071 χειροτονίᾳ
2229 4967 2326 5031 τοῦ
2383 4975 2669 5049 Καίσαρος.
2743 4967 2789 5011 ’⁸
2815 4967 3187 5047 παρακαλέσαι
3211 4973 3347 5047 μετὰ
3384 4967 3577 5050 φόϐου,
3612 4967 3701 5030 ed.

297 5047 316 5081 '
343 5043 662 5104 έπιφανείτο
693 5048 823 5104 cod.
880 5065 974 5104 ea.
1005 5048 1341 5104 έπιφανήτω.
1421 5051 1466 5086 ¹⁰
1492 5055 1600 5104 τῶν
1630 5046 1842 5104 δούλων
1877 5055 2030 5104 υμῶν
2061 5051 2216 5104 coni.
2252 5049 2318 5104 Β.
2356 5049 2393 5084 ¹¹
2429 5044 2590 5102 δώσει
2613 5049 2740 5104 cod.
2819 5049 2861 5083 ¹²
2893 5045 3111 5102 εὐδοκία
3141 5048 3267 5103 cod.

295 5047 316 5081 '
343 5043 662 5123 ἐπιφανείτο
693 5048 823 5105 cod.

880 5065 974 5122 eg.
1005 5044 1341 5125 έπιφανήτω.
1421 5051 1466 5086 ¹⁰
1492 5055 1600 5104 τῶν
1630 5044 1842 5106 δούλων
1877 5044 2030 5122 ὑμῶν
2061 5044 2216 5121 conj.
2252 5049 2318 5106 R.
2356 5049 2393 5084 ¹¹
2429 5044 2590 5102 δώσει
2613 5049 2740 5105 cod.
2819 5049 2861 5083 ¹²
2893 5044 3111 5102 εὐδοκία
3141 5044 3267 5103 cod.

1355 5175 1560 5233 JOAN.
1590 5175 1737 5233 JAC.
1771 5175 2024 5232 REISKII
2054 5171 2640 5230 COMMENTARIUS.

365 5279 476 5406 {39)
509 5276 854 5362 ’ᾼνάτειλοη
883 5280 1082 5351 Surge,
1111 5283 1260 5345 veni.
1287 5283 1454 5354 prodi
1485 5286 1544 5338 in
1590 5293 1944 5354 conspectum.

386 5365 579 5406 omnis
610 5350 860 5406 formula
889 5354 1376 5406 acclamationum
1409 5372 1442 5406 ει
1473 5355 1801 5406 factonibus
1829 5355 1944 5406 im—

301 5350 579 5407 solemnls
610 5350 860 5406 formula
889 5350 1376 5410 acclamationum
1409 5372 1442 5410 a
1473 5350 1801 5412 factonihus
1829 5355 1946 5411 im—

302 5427 621 5508 peratorem
656 5423 1039 5508 poscent-ibus
1090 5424 1200 5508 vel
1235 5427 1651 5508 salutantibus,
1697 5433 1828 5508 tam.
1875 5427 1948 5508 ad

305 5492 1224 5646 ’ἐᾷἓὲἰάἒξῗῗρέῗρξέὲξῖῒοξὲῒ
1254 5498 1706 5646 ξιξρεέέιδυδάςξῗὲ
1714 5503 1950 5646 Risi:

307 5636 513 5709 citatus
569 5644 624 5693 et
674 5635 847 5709 _alius_
889 5638 1127 5709 Cedreni
1171 5655 1225 5708 p.
1257 5641 1380 5696 404.
1413 5635 1527 5700 ﬁlio
1559 5635 1950 5709 ε’Ποιήσαντος

307 5703 465 5760 αὐτοῦ
494 5704 722 5761 ἱππικὸν
763 5705 853 5759 καὶ
892 5704 1092 5778 πολλῷ
1140 5703 1489 5783 χρησαμένου
1537 5716 1616 5783 τῷ
1677 5703 1812 5780 οἴνῳ
1859 5708 1949 5761 καὶ

2061 5274 2744 5356 βραδύναντοςμάνελθεῖν,
2774 5271 3011 5356 ἔκραξεν.
3033 5277 3061 5330 ὁ
3093 5273 3176 5356 *δῆ
3191 5293 3289 5356 μσς
3311 5290 3323 5304 ⁸
3361 5272 3700 5356 ’Δνάτειλομ

2057 5343 2244 5436 ἑιξωκῖὶ.
2286 5352 2379 5418 Μή
2436 5349 2798 5436 έξερχομέγρυ
2840 5343 2929 5403 ’δὲ’
2955 5346 3118 5436 αὐτοῦ
3161 5343 3359 5424 τοίχιον
3399 5343 3551 5436 ,πρὸς
3601 5347 3699 5428 τὴν

2058 5423 2204 5490 θέαν,
2238 5433 2344 5479 etc.
2369 5414 2530 5476 ἸΙιιὶό
2556 5414 2884 5474 ’ἇνὲιτέλλειν
2913 5424 3002 5473 est
3031 5414 3299 5490 advegife
3319 5414 3473 5490 ;_v_id.
3509 5418 3704 5490 Nostri

2057 5482 2276 5568 13.133,
2309 5493 2421 5568 θιή
2451 5491 2693 5568 avaram
2725 5495 3111 5568 ασρεριαδηρ.
3149 5484 3271 5568 178,
3307 5483 3404 5568 ubi
3437 5489 3525 5568 est
3552 5482 3706 5568 ἐκδε.

2056 5557 2284 5640 χόμενοί
2313 5557 2711 5640 τήν-ἀνατολὴν
2737 5564 2833 5616 τοῦ
2881 5557 3166 5627 δεσπότου,
3189 5557 3560 5625 exspectantes
3599 5561 3707 5616 ad.

2058 5631 2277 5694 acutum
2296 5631 2529 5692 domini.
