4180 6304
221 372 329 432 481

1093 369 1197 429 DE
1241 362 1684 430 CERIMONIIS
1729 360 1965 429 AULE
2006 365 2480 430 BYZANTIN/E
2525 367 2669 432 LIB.
2717 373 2769 432 Ι.

3521 373 3640 435 482

221 508 412 580 Ἀγιον
466 500 763 582 Στέφανον,
803 503 894 557 καὶ
943 498 1220 577 ἐκδέχεται
1283 502 1410 562 τοὺς
1459 497 1741 571 δεσπότας,
1787 502 1921 569 καὶ)

2008 501 2251 560 :ribunal
2283 503 2414 561 XIX
2437 505 2815 562 accubituum
2848 507 3191 578 procedunt,
3224 506 3528 573 factiones,
3561 507 3640 563 ci-

224 592 545 668 έξὲρχονται
575 592 643 648 τὰ
674 591 838 662 σκεύη
888 591 1057 646 πάντα
1101 590 1191 646 καὶ
1232 591 1260 644 6
1309 591 1537 665 σταυρὸς
1567 589 1618 646 ἐν
1648 595 1728 664 τῷ
1759 612 1878 667 τρι-

229 677 510 754 εουναλίῳ
537 685 651 736 τῶν
689 682 752 746 ιθ¹
780 675 1111 747 άκουόίτων,
1144 679 1358 751 ὁμοίως
1386 679 1478 734 καὶ
1523 679 1590 733 τὰ
1621 680 1758 755 μέρη
1791 681 1881 736 καὶ

229 775 278 827 οἱ
323 778 428 841 τῆς
469 769 692 834 πόλεως
735 769 825 825 καὶ
861 769 929 825 τὰ
978 768 1371 845 στρατεύματαο
1425 771 1453 825 6
1499 766 1555 824 δὲ
1585 777 1684 839 τῆς
1716 791 1884 825 κατα-

231 863 472 923 στάσεως
515 859 819 934 εὐτρεπίζει
873 858 941 913 τὰ
1001 856 1148 932 βῆλα
1205 857 1284 920 εἷς
1330 859 1423 913 τὸν
1473 858 1720 933 πόρτηκα
1776 863 1884 914 τῶν

235 952 294 1004 ιθ“
349 943 684 1018 ἆκουόίτων,
738 947 812 1010 ὡς
871 940 988 1020 ἔχει
1019 949 1054 1016 ἡ
1106 947 1382 1016 συνήθεια,
1439 947 1529 1002 καὶ
1573 947 1884 1017 καθέζονται

234 1041 282 1094 οἱ
315 1037 576 1094 δεσπόται
608 1037 684 1100 είς
723 1037 816 1092 τὸν
867 1036 1026 1091 αὐτὸν
1077 1033 1358 1110 τρίκλινον
1391 1035 1442 1091 ἐν
1484 1035 1749 1104 σελλίοις,
1782 1057 1887 1114 φο-

239 1133 458 1204 ροῦντες
489 1127 555 1182 τὰ
585 1120 881 1197 διϐητήσια
910 1124 1002 1179 καὶ
1049 1124 1144 1185 τὰς
1190 1122 1481 1200 χλαμύδας
1509 1125 1599 1180 καὶ
1628 1127 1694 1180 τὰ
1723 1125 1888 1200 στέμ-

239 1239 406 1293 ματα,
445 1217 536 1273 καὶ
581 1218 662 1279 εἷς
696 1220 898 1290 Καῖσαρ
946 1213 1227 1284 καθέζεται
1277 1213 1336 1269 ἐκ
1385 1212 1569 1285 δεξιῶν
1600 1215 1691 1271 καὶ
1723 1219 1804 1279 εἷς
1838 1218 1888 1289 ἐξ

238 1307 559 1380 εὐωνύμων,
598 1305 685 1360 καὶ
738 1305 982 1360 νεύουσιν
1033 1305 1085 1359 οἱ
1135 1301 1495 1377 δεσπόταιτῷ
1524 1307 1888 1380 πραιποσίτῳ,

237 1398 327 1452 καὶ
357 1395 639 1473 ἐξέρχεται
685 1393 820 1468 μετᾶ
870 1392 1160 1470 ὁστιαρίων
1207 1393 1296 1448 καὶ
1345 1393 1734 1470 προσκαλεῖται
1787 1397 1890 1470 βῆ-

242 1488 343 1542 λον
375 1489 444 1554 α’,
488 1485 580 1539 τὸν
641 1481 1063 1558 κουροπαλάτην
1113 1484 1159 1522 ¹⁶
1206 1486 1338 1556 (41)’
1401 1480 1670 1558 δεύτερον,
1735 1487 1897 1562 μαγί-

241 1591 460 1652 “Pw;-
521 1580 589 1648 γ’,
656 1573 784 1634 τοὺς
839 1571 1180 1647 πατρικίους,
1241 1573 1330 1627 καὶ
1387 1572 1454 1627 τά
1510 1571 1679 1628 λοιπᾶ
1746 1575 1896 1649 βῆλα

1989 609 2107 661 ves,
2167 596 2448 653 exercitus
2496 600 2841 669 sequuntur.
2886 596 3346 653 Cerimoniarius
3403 595 3534 652 vela
3577 596 3640 651 in

1992 684 2217 754 portlcu
2244 685 2382 740 XIX
2411 685 2789 741 accubituum
2823 702 2924 756 pro
2948 701 3108 742 more
3129 684 3382 755 ordinat,
3405 685 3639 740 sedent-

1993 789 2107 844 que
2140 775 2367 831 Domini
2399 776 2458 832 in
2493 778 2696 835 eodem
2728 776 2986 834 triclinio
3033 777 3091 832 in
3143 776 3327 844 sellis,
3362 775 3646 833 dibetesia

1994 866 2052 918 et
2080 862 2417 936 chlamydes
2439 871 2496 920 et
2523 882 2769 922 coronas
2822 867 3070 923 ferentes
3101 883 3114 922 :
3167 882 3319 921 unus
3351 867 3543 921 Caisar
3573 864 3644 920 ad

1995 952 2278 1020 dextram,
2313 953 2460 1008 alter
2489 954 2562 1009 ad
2595 954 2891 1010 sinistram
2932 957 3117 1023 sedet,
3166 955 3391 1010 domini
3423 968 3646 1026 praepo-

1997 1041 2115 1096 sito
2145 1045 2432 1107 annuunt,
2479 1043 2578 1112 qui
2635 1058 2768 1098 cum
2825 1043 3082 1100 ostiariis
3138 1059 3428 1116 egressus,
3489 1042 3645 1098 188

1997 1132 2190 1188 velum
2209 1132 2484 1201 primum,
2498 1134 2892 1203 curopalatem
2911 1133 3283 1203 ;secundum,
3300 1134 3645 1206 magistros;

2000 1221 2232 1276 tertium
2267 1220 2568 1291 patricios,
2603 1237 2669 1276 ac
2709 1221 2938 1292 reliqua
2982 1223 3110 1278 vela
3157 1223 3382 1288 ordine,
3410 1227 3474 1278 ut
3521 1238 3650 1278 mos

2002 1314 2110 1379 est,
2144 1310 2403 1366 arcessit.
2427 1309 2742 1379 Completis
2767 1315 2962 1365 autem
2984 1310 3129 1366 velis
3152 1312 3427 1368 omnibus
3458 1327 3525 1368 ac
3555 1327 3652 1368 se-

2004 1403 2160 1455 creto
2211 1399 2480 1454 universo
2539 1402 2786 1468 astante,
2840 1397 3052 1467 jubent
3109 1414 3206 1455 eos
3259 1399 3504 1468 domini,
3567 1405 3647 1468 ut,

2005 1506 2134 1562 qua;
2163 1487 2533 1544 nobilissimo
2565 1487 2753 1544 accini
2805 1485 3016 1556 solent,
3049 1487 3319 1556 recitent,
3350 1489 3512 1559 sique
3549 1504 3653 1544 vo-

2007 1581 2155 1648 lunt,
2189 1576 2564 1648 respondent.

239 1667 378 1722 κατὰ
403 1665 579 1737 τάξιν,
611 1663 688 1726 ὡς
718 1658 834 1739 ἔχει
864 1664 900 1731 ἡ
932 1664 1202 1733 συνήθεια.
1247 1662 1349 1719 Καὶ
1382 1661 1472 1718 ὅτε
1518 1662 1792 1740 πληρωθῇ
1841 1668 2015 1726 πάντα
2061 1667 2127 1723 τὰ
2178 1662 2324 1742 βῆλα
2371 1663 2461 1719 καὶ
2504 1665 2667 1738 σταθῇ
2698 1664 2760 1718 τὸ
2792 1664 3040 1740 σέκρετον
3065 1664 3216 1724 ὂλον.
3243 1662 3559 1720 κελεύουσιν
3601 1664 3654 1720 οἱ

243 1754 499 1812 δεσπόται
533 1751 774 1822 λαλῆσαι
809 1751 1004 1816 αὐτοὺς
1032 1752 1100 1808 τὰ
1128 1753 1174 1790 ¹⁷
1203 1753 1327 1825 περὶ
1355 1750 1452 1808 τοῦ
1482 1749 1894 1830 νωϐελησίμου,
1924 1758 2013 1815 καὶ
2045 1758 2094 1814 εἳ
2121 1779 2172 1811 τι
2209 1755 2518 1830 βούλονται,
2552 1754 3053 1830 ἀνταποκρίνονται.

316 1847 391 1902 Β“.
428 1845 527 1899 Καὶ
558 1843 803 1898 νεύουσιν
854 1842 905 1896 οἱ
957 1839 1214 1897 δεσπόται
1262 1847 1340 1914 τῷ
1388 1844 1755 1918 πραιποσίτῳ,
1806 1849 1896 1902 καὶ
1934 1853 1977 1918 Β

246 1934 415 2010 λέγει,
479 1958 507 1986 ι(
549 1930 867 1988 Κελεύσατε·
909 1955 937 1983 ››
993 1933 1085 1986 καὶ
1142 1931 1504 2006 ἐπευχόμενοι
1563 1933 1898 2011 ἐξέρχονται,

246 2024 335 2078 καὶ
367 2023 646 2101 ἐξέρχεται
699 2023 734 2090 ἡ
786 2019 1098 2096 συγκλητος
1136 2021 1228 2076 καὶ
1274 2022 1490 2077 ἳσταται
1530 2023 1606 2086 εἷς
1654 2026 1722 2079 τὰ
1765 2045 1903 2102 γρα-

248 2108 416 2181 δήλια
464 2112 561 2164 τοῦ
609 2103 997 2184 τριϐουναλίου
1045 2102 1191 2172 ἔνθεν
1240 2108 1484 2174 κάκεῖθεν
1516 2114 1612 2165 τοῦ
1641 2109 1897 2181 ἡλιακοῦ.

248 2200 315 2256 Οἱ
371 2196 430 2253 δὲ
487 2196 764 2272 πατρίκιοι
815 2193 1062 2251 ’ίστανται
1119 2195 1196 2259 είς
1253 2198 1346 2252 τὸν
1395 2199 1648 2274 πόρτηκα
1693 2204 1800 2255 τῶν
1835 2199 1901 2264 ιθ¹

247 2281 554 2342 ἆκουϐίτων
619 2286 1031 2360 κονσιστώριον,
1099 2286 1189 2340 καὶ
1253 2285 1450 2350 εὐθέως
1508 2287 1818 2362 ἐξέρχονται
1851 2288 1902 2343 o't

249 2374 508 2433 δεσπόται
564 2377 677 2449 ἅμα
733 2379 840 2430 τῶν
896 2376 1169 2448 καισάρων
1227 2375 1316 2430 καὶ
1375 2379 1473 2431 τοῦ
1533 2378 1900 2452 πατριάρχου,

245 2468 340 2523 καὶ
382 2465 641 2544 δέχονται
679 2464 842 2520 αὐτὸν
877 2466 928 2519 οἱ
959 2465 1234 2541 πατρίκιοι
1280 2465 1333 2520 ἐν
1377 2470 1456 2538 τῷ
1498 2469 1783 2541 πορτήκῳ,
1813 2465 1902 2522 καὶ

251 2556 455 2618 εὐθέως
515 2556 791 2623 πίπτουσι,
851 2555 943 2609 καὶ
1019 2552 1164 2631 λέγει
1247 2556 1274 2609 6
1345 2559 1445 2622 τῆς
1507 2559 1900 2618 καταστάσεως·

253 2669 283 2697 α
311 2642 639 2698 Κελεύσατε.
670 2665 698 2694 »
745 2644 843 2701 Καὶ
897 2641 1214 2718 ἐξέρχονται
1265 2644 1356 2700 καὶ
1405 2645 1651 2700 ’ἰστανται
1705 2646 1780 2707 εἷς
1839 2644 1906 2700 τὰ

254 2733 541 2812 γραδήλια
568 2739 660 2790 τοῦ
686 2730 1074 2810 τριϐουναλίου
1123 2734 1268 2792 ’ἐνθεν
1321 2737 1586 2793 κάκεῖθεν·
1622 2740 1675 2793 οἱ
1717 2735 1773 2792 δὲ
1817 2735 1904 2792 δε-

252 2824 455 2880 σπόται
486 2822 794 2900 ἐξέρχονται
828 2823 916 2880 διὰ
945 2831 1055 2880 τῶν
1098 2829 1275 2899 μέσων
1325 2825 1514 2882 πυλῶν
1549 2826 1601 2882 έν
1629 2833 1709 2900 τῷ
1739 2827 1904 2896 ἡλια-

262 2917 368 2985 κῷ,
403 2912 490 2968 καὶ
516 2913 707 2978 εὐθέως
733 2913 1019 2969 κελεύουσι
1067 2912 1308 2984 λαλῆσαι
1355 2921 1470 2977 τοῖς
1501 2915 1661 2980 λαοῖς
1688 2915 1754 2971 τὰ
1783 2915 1906 2990 περὶ

257 3006 357 3058 τοῦ
383 2998 794 3077 νωϐελτρίμου,
827 3003 917 3057 καὶ
972 3001 1026 3058 εἶ’
1074 3025 1125 3058 τι
1181 3003 1242 3058 ἃν
1296 3003 1545 3076 θέλωσιν,
1578 3005 1906 3081 ἀποκρίνον-

245 3112 362 3159 ται,
395 3092 484 3147 καὶ
515 3092 718 3157 τίθεται
769 3092 1105 3166 ἂντιμίσιον,
1159 3089 1284 3157 ἔνθα
1332 3099 1507 3149 κεῖται
1536 3095 1569 3163 ἢ
1596 3115 1655 3150 τε
1686 3092 1910 3168 χλαμὺς

243 3181 335 3236 καὶ
386 3184 421 3252 ἡ
475 3176 670 3260 φίόλα,
727 3181 792 3238 Ἡ
854 3181 947 3253 μὲν
1006 3181 1230 3257 χλαμύς
1295 3181 1406 3238 ἐστι
1466 3185 1898 3257 Πρασινοςμὲ),

242 3264 452 3348 ἔχουσα
483 3266 617 3344 ῥόδα
648 3273 828 3343 χρυσᾶ
854 3268 944 3324 καὶ
993 3264 1196 3324 ταϐλία
1245 3275 1446 3345 χρυσᾶ.
1503 3272 1607 3326 Καὶ
1657 3270 1899 3325 νεύουσιν

247 3360 299 3413 οἱ
360 3356 618 3414 δεσπόται
665 3363 749 3431 τῷ
797 3359 1142 3432 πραιποσίτῳ
1198 3359 1287 3414 καὶ
1335 3364 1414 3432 τῷ
1458 3359 1755 3435 μαγίστρῳ,
1806 3362 1894 3416 καὶ

246 3449 583 3524 ἂπέρχονται
613 3448 702 3502 καὶ
733 3446 954 3525 φέρουσι
1002 3449 1092 3502 τὸν
1137 3447 1429 3528 ὀφείλοντά
1458 3449 1897 3524 προχειρίζεσθαι

246 3535 652 3613 νωϐελήσιμον,
689 3537 958 3615 φοροῦντα
1009 3533 1332 3609 διϐητήσιον
1372 3538 1588 3613 ῥούσιον
1636 3539 1727 3596 καὶ
1758 3559 1902 3611 καμ-

247 3623 492 3683 πότουϐα
517 3629 565 3666 ¹⁸
583 3629 697 3700 (43)
713 3627 803 3681 καὶ
825 3627 916 3681 καὶ
937 3628 1241 3704 καμπάγια’
1262 3625 1583 3683 καῖ’ίσταται
1604 3629 1631 3683 6
1651 3629 1902 3703 πατριάρ-

250 3738 362 3792 χης
396 3715 700 3791 ἔμπροσθεν
740 3721 838 3772 τοῦ
884 3717 1216 3791 ἀντιμισίου,
1253 3717 1305 3772 o't
1352 3715 1410 3772 δὲ
1449 3715 1700 3773 δεσπόται
1734 3717 1809 3780 εἰς
1838 3719 1900 3774 τὸ

251 3806 484 3882 πλάγιον
529 3811 626 3862 τοῦ
671 3807 1016 3883 πατριάρχου
1069 3804 1207 3862 ἔνθεν
1254 3807 1518 3876 κάκεῖθεν,
1551 3807 1640 3863 καὶ
1681 3802 1899 3862 ὄπισθεν

250 3901 358 3952 τῶν
402 3892 677 3950 δεσποτῶν
727 3896 779 3949 οἱ
826 3895 1115 3972 Καίσαρες,
1163 3895 1254 3952 καὶ
1304 3894 1478 3956 οὕτως
1518 3896 1546 3950 6
1593 3891 1902 3966 νωϐελήσι-

253 4005 376 4061 μος.
411 3985 515 4042 Καὶ
572 3979 939 4058 λαμϐάνουσιν
1001 3986 1053 4040 οἱ
1111 3982 1370 4040 δεσπόται
1413 3984 1504 4039 καὶ
1544 3985 1594 4038 οἱ
1639 3983 1901 4061 Καίσαρες

2079 1850 2146 1905 ΙΙ.
2181 1849 2346 1904 Tunc
2373 1847 2612 1919 signum
2647 1847 2877 1904 Domini
2929 1847 3243 1920 praaposito
3295 1847 3456 1917 dant,
3488 1848 3656 1917 isque

2009 1937 2149 1994 dicit
2178 1953 2190 1991 :
2217 1959 2244 1987 «
2265 1937 2489 2006 Jubete,
2516 1957 2544 1987 »
2578 1936 2906 2008 precatique
2927 1937 3303 2008 egrediuntur
3321 1951 3544 2006 unaque
3566 1951 3656 1991 se-

2009 2031 2206 2095 natus,
2240 2031 2298 2081 et
2328 2025 2384 2080 in
2418 2024 2699 2097 gradibus
2729 2024 3040 2080 tribunalis
3090 2025 3149 2081 in
3203 2029 3446 2094 utroque
3475 2024 3656 2079 latere

2011 2113 2208 2170 sularii
2241 2112 2592 2169 subsistunt.
2627 2112 2862 2168 Patricii
2895 2129 3031 2168 vero
3061 2114 3120 2168 in
3153 2112 3372 2184 porticu
3405 2113 3528 2168 XIX
3559 2127 3658 2167 ac-

2012 2203 2208 2258 cubitu
2221 2219 2316 2257 um
2340 2202 2751 2259 consistorium
2773 2203 3155 2270 constituunt,
3171 2217 3408 2274 unaque
3431 2200 3658 2256 domini

2011 2307 2149 2349 cum
2196 2290 2516 2346 Cesaribus
2546 2295 2602 2346 et
2651 2291 2980 2362 patriarcha
3026 2291 3428 2363 egrediuntur,
3479 2305 3656 2360 quem

2014 2384 2325 2452 postquam
2358 2378 2418 2434 in
2451 2380 2671 2450 porticu
2705 2379 2934 2450 patricii
2974 2395 3267 2451 excepere,
3307 2396 3371 2435 se
3402 2382 3660 2450 proster-

2015 2475 2184 2538 nunt,
2247 2470 2650 2535 cerimoniario
2708 2470 2974 2526 dicente:
3037 2471 3382 2528 «Jubete.»
3433 2467 3659 2540 Egressi

2014 2573 2218 2614 omnes
2269 2557 2329 2613 in
2386 2557 2660 2624 gradibus
2718 2557 3028 2612 tribunalis
3082 2559 3154 2612 ab
3187 2563 3431 2629 utroque
3477 2557 3658 2614 latere

2015 2651 2205 2715 stant;
2237 2646 2458 2702 domini
2489 2662 2622 2701 vero
2653 2663 2755 2718 per
2785 2647 3008 2702 medias
3037 2651 3235 2717 portas
3277 2647 3348 2701 ad
3381 2645 3659 2701 solarium

2017 2738 2252 2805 abeunt,
2284 2736 2596 2806 statimque
2627 2735 2906 2806 populum
2934 2737 3160 2806 jubent,
3185 2744 3245 2790 ut
3293 2734 3658 2792 nobilissimo

2017 2823 2316 2886 acclamet,
2351 2823 2462 2889 cui,
2499 2823 2548 2878 si
2584 2823 2760 2890 lubet,
2797 2825 3175 2896 respondent,
3209 2841 3342 2880 mox
3373 2825 3656 2880 antimen-

2017 2913 2190 2980 sium,
2225 2913 2282 2968 in
2317 2929 2434 2984 quo
2464 2912 2724 2986 chlamys
2756 2918 2811 2968 et
2844 2913 3036 2969 ﬁbulas
3069 2920 3450 2986 reponuntur,
3485 2913 3661 2971 collo-

2017 3008 2202 3058 catur.
2244 3001 2516 3074 Chlamys
2575 3001 2675 3057 illa
2729 3002 2967 3072 prasina
3014 3007 3122 3069 est,
3173 3003 3319 3058 rosis
3373 3003 3564 3059 aureis
3594 3018 3659 3059 ac

2018 3090 2248 3147 {imbris
2305 3107 2478 3146 aurea
2537 3095 2759 3146 ornata.
2795 3090 2926 3146 Mox
2983 3091 3204 3147 domini
3253 3092 3558 3164 praeposito
3592 3107 3658 3148 ac

2019 3180 2295 3254 magistro
2329 3180 2559 3250 signum
2594 3180 2732 3235 dant
2781 3181 3134 3252 abeuntque,
3167 3197 3325 3251 eum,
3355 3182 3450 3248 qui
3485 3181 3664 3236 ποδὶ-

2020 3227 2113 3238 ⁸⁸⁵*
2161 3227 2292 3236 "'"'
2330 3227 2559 3250 ”Ο”““¹“’“
2597 3227 2732 3235 “’“”“”’
2781 3227 3134 3252 """"'"‘l""
3169 3227 3325 3251 *“⁹⁶⁹’
3360 3227 3450 3248 Ί“”
3487 3227 3620 3236 “⁹“¹’-“

1931 3227 1974 3294 C
2015 3227 2276 3324 tissimus
2307 3266 2488 3323 creari
2509 3266 2701 3335 debet,
2725 3281 3076 3338 russumque
3107 3267 3482 3336 dibetesium,
3505 3283 3659 3323 cam-

2010 3361 2224 3432 potuba
2254 3363 2311 3414 et
2345 3355 2650 3428 campagia
2679 3362 2888 3430 gestat,
2927 3359 3233 3414 adducturi
3261 3375 3274 3414 :
3328 3359 3659 3430 patriarcha

2011 3468 2206 3508 coram
2241 3449 2614 3516 antimensio,
2636 3450 2704 3503 ad
2733 3456 3042 3520 utrumque
3074 3452 3200 3520 ejus
3228 3451 3378 3506 latus
3410 3450 3656 3520 domini,
3769 3480 3776 3486 ~

2012 3546 2142 3613 post
2171 3539 2276 3594 hos
2309 3541 2576 3602 Caesares,
2602 3536 2809 3592 deinde
2841 3538 3268 3605 nobilissimus,
3291 3543 3472 3593 stant.
3492 3539 3658 3593 Tunc

2012 3628 2256 3696 domini,
2279 3629 2526 3682 Csesares
2557 3630 2613 3681 et
2646 3626 3048 3682 nobilissimus
3081 3642 3277 3682 cereos
3309 3627 3659 3692 accendunt,

2012 3723 2068 3773 et
2098 3716 2333 3788 quando
2363 3715 2648 3769 diaconus
2673 3713 2936 3769 litaniarn
2971 3716 3197 3782 recitat,
3225 3715 3552 3787 patriarcha
3577 3717 3664 3771 in-

2013 3806 2228 3863 clinato
2261 3803 2451 3875 capite
2481 3819 2680 3873 preces
2721 3803 2883 3867 dicit,
2917 3819 3028 3874 quo
3067 3803 3240 3866 facto,
3267 3805 3526 3858 tunicam
3559 3819 3660 3860 su-

2014 3898 2118 3952 mit
2148 3899 2205 3951 et
2233 3891 2610 3949 vestitoribus
2640 3891 2839 3959 tradit,
2871 3909 3048 3964 quam
3087 3892 3403 3964 explicant,
3435 3893 3665 3948 statim-

2015 4001 2128 4058 que
2159 3980 2506 4055 praapositus
2535 3986 2593 4036 et
2625 3980 2900 4052 magister
2947 3980 3318 4038 nobillissimi
3366 3982 3655 4052 dignitate

1634 4112 1873 4170 VARUE
1909 4109 2318 4170 LECTIONES.

326 4211 372 4247 ¹⁶
389 4207 792 4284 κουροπαλάτιν
825 4213 975 4281 cod.,
1015 4210 1449 4289 κουροπαλάτιον
1481 4213 1574 4270 ed.
1650 4211 1694 4248 ¹⁷
1724 4210 1896 4267 αὐτοὺ
1927 4211 2018 4266 καὶ
2049 4209 2116 4265 τὰ
2146 4211 2274 4266 cod.
2353 4207 2395 4243 η
2424 4199 2783 4278 καμϐότουϐα
2819 4207 2914 4264 ed.

1359 4335 1558 4393 JOAN.
1589 4336 1731 4393 JAC.
1764 4335 2026 4393 REISKII
2046 4329 2635 4390 COMMENTARIUS.

337 4451 454 4524 (41)
489 4452 564 4524 De
591 4452 934 4524 curopalata
954 4453 1068 4510 vid.
1121 4455 1292 4511 Goar.
1325 4457 1384 4510 et
1412 4453 1666 4510 Gretser.
1699 4454 1770 4509 ad
1803 4453 1918 4509 Co-
1947 4456 1993 4521 D
2023 4452 2325 4524 Lecapeno
2344 4450 2674 4524 eqsceptus.
2693 4445 2902 4524 Script.
2919 4455 3049 4524 post
3066 4446 3483 4524 Theophanm.
3505 4445 3663 4524 2439.]

265 4522 393 4579 din.
427 4522 484 4579 et
512 4523 598 4578 Du
632 4522 811 4596 Cang.
860 4525 1048 4582 Gloss.
1090 4525 1188 4582 Gr.
1220 4525 1280 4581 h.
1327 4543 1382 4582 ν.
1416 4530 1472 4581 et
1501 4529 1622 4582 Lat.
1654 4541 1707 4579 ν.
1746 4526 1914 4581 Cura.

265 4595 358 4651 Est
388 4596 614 4668 proprie
652 4595 787 4651 cura
833 4597 1083 4668 palatii.
1117 4597 1325 4654 Seculo
1355 4596 1620 4666 sequiore
1638 4613 1776 4668 cura
1807 4612 1912 4667 pro

259 4665 517 4740 curatore
541 4665 843 4734 dicebant,
865 4673 934 4723 ut
970 4667 1118 4724 ratio
1153 4685 1261 4740 pro,
1301 4665 1573 4724 rationali
1599 4685 1700 4724 seu
1736 4665 1909 4740 λοῨο-

260 4736 422 4809 Θᾶτῃ;
461 4739 602 4794 ratio
627 4741 1000 4809 patrimonii,-
1033 4736 1420 4796 videalmas.
1469 4741 1540 4794 ad
1584 4740 1706 4796 Scr.
1758 4736 1908 4794 Hist.

265 4813 414 4878 Aug.
449 4809 595 4882 t.,lI,
627 4827 681 4882 p.
715 4810 819 4865 609
844 4820 898 4867 et
931 4812 1196 4882 pluribus
1229 4816 1269 4866 t.
1316 4813 1361 4880 Ι,
1396 4827 1451 4882 ρ.
1485 4811 1607 4866 391.
1659 4811 1910 4882 Primam

264 4882 421 4936 hanc
435 4881 611 4954 fuisse
625 4881 966 4952 dignitatem
991 4889 1123 4953 post
1135 4883 1278 4954 regii
1294 4881 1602 4952 sanguinis
1618 4881 1912 4954 principes

265 4954 325 5007 in
366 4951 504 5007 aula
535 4951 870 5022 Byzantina,
903 4951 1170 5022 constat;
1203 4951 1335 5008 ἠοω
1386 4951 1527 5008 item
1577 4951 1712 5008 satis
1745 4951 1908 5018 bene,

265 5023 442 5094 quale
494 5023 724 5079 illorum
777 5041 993 5080 munus
1051 5026 1243 5081 fuerit.
1277 5025 1442 5079 Forte
1491 5024 1602 5079 fuit
1655 5023 1912 5095 dignitas

263 5099 490 5166 absque
505 5095 818 5152 iunctione.
837 5097 1148 5152 Perhibent
1162 5111 1314 5152 curas
1330 5095 1525 5166 palatii
1541 5111 1667 5151 com
1679 5097 1912 5150 missam

263 5165 448 5238 fuisse
478 5181 680 5222 curam
713 5168 1094 5224 aediﬁciorum
1132 5166 1530 5238 imperialium
1563 5183 1910 5238 conservan-

267 5236 477 5310 dorum
519 5243 577 5293 et
607 5240 1094 5310 reparandarum.
1127 5236 1294 5295 Forte
1324 5239 1383 5294 id
1419 5237 1621 5310 primis
1650 5237 1917 5310 tempori-

269 5309 383 5364 bus
407 5310 489 5381 ita
519 5309 630 5364 fuit
651 5308 859 5379 {quod
892 5313 1044 5366 haud
1076 5311 1325 5367 obscure
1355 5308 1598 5381 colligas
1655 5326 1685 5365 e
1709 5308 1913 5381 Nostri

272 5396 402 5450 pag.
440 5380 584 5447 405;
621 5383 1042 5452 posterioribus
1075 5384 1260 5438 multo
1291 5380 1538 5436 nobilidr
1565 5396 1632 5435 ea
1663 5380 1916 5452 dignitas

274 5452 400 5507 fuit.
432 5452 630 5522 Neque
651 5452 804 5508 idem
822 5469 956 5508 cum
981 5456 1192 5510 comite
1213 5453 1611 5510 excubitorum
1634 5452 1917 5508 fuitcuro-

275 5522 484 5595 palata,
519 5529 784 5595 utiputat
810 5525 1117 5595 Alemann.
1148 5525 1221 5580 ad
1274 5525 1518 5595 Procop.
1545 5540 1599 5594 p.
1635 5524 1721 5579 17.
1750 5523 1917 5595 '[Cu-

273 5593 559 5668 ropalates
589 5593 747 5668 idem
767 5594 872 5668 qui
901 5596 1310 5668 majordomus
1328 5593 1481 5668 apud
1507 5593 1913 5668 Francosivid.

273 5664 557 5738 Scriptor.
590 5665 755 5738 apud
781 5664 1014 5738 Βθεειειῖ⁸
1027 5666 1101 5722 ad
1129 5664 1436 5738 Eginhsrt.
1472 5668 1542 5723 de
1570 5668 1698 5738 Vita
1725 5664 1916 5720 Caroli

273 5736 370 5811 IL,
399 5736 459 5814 β.
495 5736 586 5793 14.
620 5736 755 5792 Iber
781 5736 1246 5812 ouropalataquo
1267 5738 1384 5794 ritu
1406 5738 1583 5795 fuerit
1602 5755 1637 5795 a
1659 5737 1919 5793 Romano

2023 4518 2358 4578 Observavit
2385 4518 2474 4590 Du
2506 4518 2721 4590 (lange,
2745 4518 3036 4589 principes
3065 4519 3262 4574 lberiaa
3282 4534 3512 4589 semper
3532 4519 3669 4590 titu-

2023 4593 2148 4649 lum
2180 4589 2529 4662 curopalataa
2553 4589 2827 4660 gessisse.
2845 4590 3047 4644 Simile
3070 4591 3124 4645 id
3149 4595 3302 4646 esset
3324 4606 3456 4646 cum
3480 4589 3666 4645 titulis

2025 4659 2411 4720 haereditariis
2457 4659 2776 4732 electorum
2829 4662 3188 4730 nostratium,
3239 4662 3337 4732 qui
3376 4662 3669 4717 archima-

2021 4734 2320 4797 rescballi,
2352 4731 2870 4799 arcichancellarii,
2897 4739 3033 4803 etc.,
3065 4731 3336 4790 audiunt.

2092 4806 2206 4879 (42)
2261 4804 2386 4879 Non
2445 4803 2688 4859 concilio
2732 4805 3045 4879 bocgcum
3093 4807 3167 4879 iis
3224 4823 3348 4879 quas
3391 4805 3668 4876 sequente

2022 4872 2217 4966 [1113—4
2274 4876 2584 4964 leguntur:
2634 4879 2697 4931 Ἡ
2728 4872 2816 4963 δὲ..
2834 4873 3055 4968 χλαμὺς
3097 4878 3140 4962 ᾖ
3172 4875 3351 4968 τρύμτῳ
3396 4872 3668 4968 περιτξριτ

2022 4939 2160 5022 ξιένη
2233 4939 2361 5000 οὐκυ
2380 4939 2523 5000 ἔστιν
2570 4939 2873 5023 πορφυρᾶῗ
2893 4939 2981 5002 οἷα
3030 4939 3140 5001 τού
3173 4939 3478 5019 Καίσαρος,’
3519 4939 3668 4998 ἀλλᾶ

2020 5021 2295 5092 κόκκινος.
2329 5019 2465 5092 ἸΑῐι
2499 5034 2754 5088 purpura
2785 5020 3137 5076 nobilissimi
3169 5021 3396 5092 insigne
3416 5015 3538 5092 ?_Y.
3570 5014 3669 5092 Ζο-

2023 5096 2210 5149 simus
2242 5091 2300 5144 in
2335 5087 2637 5163 constant.
2673 5092 2804 5163 Jun.
2831 5092 2871 5147 l.
2904 5108 2966 5156 ιι,
2990 5097 3047 5163 et
3075 5087 3331 5163 Cangiu's
3363 5088 3422 5144 in
3455 5087 3672 5142 Hanni-

2024 5165 2350 5236 balianqp.
2385 5161 2487 5215 149
2521 5161 2724 5236 Eamjl.
2761 5162 3050 5236 Byzant.]'

2093 5235 2210 5308 (43)
2242 5227 2731 5308 Μἠκαμπότουϐα,
2765 5227 2827 5288 id
2852 5239 2962 5308 est,
2984 5227 3140 5308 tubae
3162 5249 3273 5308 pro
3295 5231 3540 5308 campis,
3561 5227 3669 5308 huc

2024 5303 2114 5363 est
2142 5305 2369 5378 gambis
2402 5320 2504 5358 seu
2538 5307 2828 5360 cruribus.
2858 5305 2937 5359 Ne
2966 5305 3039 5359 de
3071 5303 3229 5378 tubis
3264 5303 3492 5378 bellicis
3520 5303 3670 5378 cogi-

2023 5369 2200 5444 tetur,
2233 5380 2535 5448 propterea
2588 5377 2941 5448 mentionem
2975 5375 3223 5448 membri
3270 5372 3528 5444 corporis
3561 5369 3672 5448 hu-

2025 5441 2208 5517 mani,
2233 5441 2574 5521 'oui'seryit,
2598 5445 2964 5521 addiderunt.
2995 5445 3113 5521 Nos
3145 5441 3391 5521 braccas:
3413 5441 3674 5521 appella-

2026 5512 2300 5577 musIAd
2338 5533 2393 5587 p.
2424 5517 2530 5587 240
2559 5517 2736 5570 latius
2767 5519 2838 5573 de
2878 5516 3266 5587 campotubis,
3316 5512 3461 5587 alias
3491 5512 3674 5568 etiam

2027 5583 2377 5662 simpliciter
2409 5586 2588 5640 tubiis
2621 5587 2807 5664 dictis,
2840 5605 2941 5644 seu
2975 5583 3306 5664 braccis,_et
3334 5583 3404 5636 de
3432 5596 3684 5664 campa—

2027 5649 2273 5789 giis‘sp:
2313 5670 2526 5731 genere
2574 5649 2813 5717 amicali
2859 5656 3128 5729 cruralis,
3177 5655 3467 5718 udonum,
3495 5649 3692 5713 latius

2071 5749 2200 5789 isnu
2270 5771 2285 5789 .

2071 5734 2285 5808 isputo.
