4180 6304
305 311 445 374 483

1194 314 1295 376 DE
1339 257 1802 377 CEIiIMONIlS
1845 312 2074 377 AULZE
2116 313 2594 378 BYZANTIN/E
2639 313 2788 377 LIB.
2837 311 2888 376 Ι.

3619 315 3738 381 486

309 447 619 522 έρχεταιιο
649 445 706 503 δὲ
754 447 844 524 καὶ
886 449 915 504 ὁ
963 446 1302 523 βουλόμενος
1352 446 1590 523 γενέσθαι
1623 449 1736 521 (46)
1783 467 1980 522 κουρο-

2092 447 2240 517 lum,
2274 449 2578 521 comitum,
2627 450 3091 520 candidatorum,
3147 449 3622 522 exprmfectorum
3682 461 3737 510 et

308 535 624 606 πάλάτης·
675 535 850 611 βῆλον
907 538 976 614 γ’,
1041 537 1167 599 τοὺς
1244 535 1660 614 συγκλητικοὺς,
1721 535 1978 607 ὑπάτους,

307 623 601 696 κόμητας,
650 622 1031 697 κανδιδάτους,
1079 627 1184 680 ἀπὸ
1265 624 1520 701 ἐπάρχων
1587 625 1678 680 καὶ
1746 646 1982 700 στρατη-

308 711 517 782 λάτας,
561 714 713 789 βῆλα
747 713 936 791 βῆλαο
981 717 1418 792 συνεισέρχονται
1476 715 1565 770 καὶ
1624 714 1978 791 σιλεντιάριοι

308 801 396 866 εἷς
461 804 564 873 τήν
623 803 1026 881 συμπλήρωσιν
1054 810 1166 861 τῶν
1218 802 1433 880 βήλων,
1464 805 1556 859 καὶ
1598 801 1857 874 ξ’στανται,
1889 803 1976 858 καὶ

307 891 408 948 ὅτε
441 892 730 950 είσέλθωσι
759 894 826 951 τὰ
859 892 1010 970 βῆλα
1037 895 1213 950 πάντα
1259 895 1348 948 καὶ
1395 894 1758 968 πληρωθῶσι,
1796 890 1981 947 νεύου-

307 1003 400 1036 σιν
461 983 517 1037 οἱ
565 980 820 1040 δεσπόται
878 983 958 1056 τῷ
1039 983 1402 1057 πραιποσίτῳ,
1470 981 1560 1036 καὶ
1627 979 1835 1056 ἒπαίρει
1891 981 1981 1036 τὸν

307 1070 618 1149 ὀφείλοντα
654 1067 1177 1147 προϐληθῆναι,καὶ
1217 1071 1429 1141 ’ίστησιν
1462 1070 1622 1126 αὐτὸν
1679 1071 1839 1143 μέσον
1884 1073 1980 1124 τοῦ

308 1160 603 1237 σεκρὲτου,
643 1161 732 1216 καὶ
777 1163 989 1230 πίπτει,
1046 1161 1137 1216 καὶ
1193 1160 1361 1216 πάλιν
1429 1160 1722 1234 προσφέρει
1794 1159 1978 1228 αὐτὸν,

305 1248 407 1303 καὶ
469 1247 659 1304 πίπτει
708 1245 799 1304 καὶ
850 1248 999 1327 φιλεῖ
1045 1250 1173 1312 τοὺς
1205 1248 1375 1311 πόδας
1425 1249 1513 1304 καὶ
1544 1250 1610 1303 τὰ
1647 1248 1846 1322 γόνατα
1883 1245 1979 1302 τοῦ

310 1334 573 1411 μεγάλου
621 1334 914 1410 βασιλέως,
943 1335 1151 1409 ὁμοίως
1200 1336 1290 1391 καὶ
1332 1341 1430 1390 τοῦ
1464 1339 1683 1410 μικροῦ,
1712 1337 1799 1390 καὶ
1851 1334 1982 1390 ἂνα-

308 1425 448 1486 oti;
493 1423 674 1478 ἁπλοῖ
700 1425 799 1487 τὰς
849 1430 1063 1501 χεῖρας,
1106 1425 1196 1480 καὶ
1254 1420 1521 1499 λαμϐάνει
1569 1425 1712 1500 παρὰ
1741 1429 1849 1479 τῶν
1893 1422 1978 1479 δε-

306 1516 541 1567 σποτῶν
586 1507 911 1583 διϐητήσιον
969 1513 1250 1583 ἀληθινὸν,
1300 1514 1391 1568 καὶ
1430 1512 1583 1592 φιλεῖ
1638 1516 1733 1576 τὰς
1791 1518 1982 1589 χεῖρας

307 1600 522 1658 αὐτῶν.
558 1602 659 1658 Καὶ
707 1599 917 1676 ἐπαίρει
969 1603 1134 1658 αὐτὸν
1185 1604 1212 1658 6
1253 1603 1635 1678 πραιπόσιτος,
1676 1604 1764 1656 καὶ
1836 1602 1979 1678 ἐξέρ-

305 1708 478 1766 χεται
511 1689 593 1752 εἷς
632 1688 932 1760 ἐπισκοπὴν
981 1694 1092 1765 (47)
1134 1697 1242 1746 τῶν
1282 1692 1605 1766 πατρικίων,
1637 1694 1726 1746 καί
1780 1687 1978 1746 ἔκϐαλ-

306 1777 398 1834 λει
432 1781 552 1853 (48)
580 1779 644 1834 τὸ
685 1777 824 1834 ἴδιον
858 1780 1024 1834 αὐτοῦ
1064 1777 1351 1859 χλανίδιον
1380 1782 1468 1836 καὶ
1501 1777 1674 1836 ένδύει
1721 1780 1883 1835 αὐτὸν
1915 1780 1978 1835 τὸ

309 1863 672 1940 διὸητήσιον,
730 1871 819 1924 καὶ
898 1865 1190 1948 προσφέρει
1243 1872 1286 1908 ²¹
1338 1869 1484 1944 αὐτῷ
1541 1873 1656 1944 (49)
1723 1869 1889 1926 πάλιν
1947 1871 1974 1925 ὁ

307 1962 704 2036 πραιπόσιτος,
764 1960 855 2016 καὶ
921 1962 1106 2017 πίπτει
1155 1959 1460 2040 ἔμπροσθεν
1517 1969 1625 2018 τῶν
1675 1960 1975 2033 δεσποτῶν,

307 2050 403 2104 καὶ
435 2046 814 2121 λαμϐάνουσιν
845 2052 896 2105 οἱ
927 2053 1280 2127 πριμικήριοι
1321 2051 1411 2106 καὶ
1453 2053 1509 2106 οἱ
1561 2052 1830 2125 όστιάριοι
1877 2054 1977 2122 τήν

2093 536 2311 594 ducum
2343 539 2708 598 bellicorum.
2733 538 3071 610 Silentiarii,
3095 555 3216 594 una
3237 554 3372 594 cum
3395 538 3488 595 his
3517 541 3588 595 ad
3613 540 3740 598 vela

2091 629 2438 698 complenda
2488 629 2762 700 ingressi,
2815 631 3010 685 astant
3057 644 3072 684 :
3134 643 3248 698 quo
3300 627 3451 685 facto
3500 635 3554 684 et
3596 628 3740 686 velis

2093 717 2370 774 omnibus
2401 719 2727 792 completis,
2752 717 3135 775 domini‘lSli
3164 717 3476 789 praeposito
3499 718 3736 790 signum

2095 807 2255 877 dant,
2287 807 2388 878 qui
2420 808 2878 878 promovendum
2912 808 3170 875 adducit,
3202 807 3264 862 in
3295 807 3489 863 medio
3513 811 3736 864 secreto

2094 895 2395 951 constituit
2425 901 2481 952 et
2501 897 2855 969 procumbit,
2879 896 3088 952 deinde
3119 911 3253 952 eum
3286 913 3490 954 rursus
3521 897 3737 968 produ-

2091 983 2190 1052 cit,
2227 1000 2292 1040 ac
2325 999 2550 1055 pronus
2594 986 2654 1041 in
2686 991 2903 1041 terram
2936 985 3111 1056 pedes
3140 990 3195 1041 et
3219 1001 3407 1058 genua
3438 987 3636 1058 magni
3669 1002 3734 1042 ac

2091 1070 2337 1127 minoris
2369 1073 2735 1142 imperatoris
2779 1072 3101 1144 osculatur,
3151 1079 3207 1129 et
3247 1083 3555 1146 postquam
3603 1091 3735 1133 sur-
3805 1099 3808 1102 ’

2093 1161 2260 1229 rexit,
2293 1177 2499 1217 manus
2529 1163 2751 1232 pandit,
2783 1161 3097 1218 aDominis
3130 1161 3475 1220 dibetesium
3510 1181 3732 1235 purpu-

2094 1265 2257 1305 reum
2290 1248 2501 1320 accipit
2530 1256 2586 1306 et
2638 1267 2850 1306 manus
2897 1266 3097 1305 eorum
3138 1252 3456 1308 osculatur.
3503 1253 3671 1309 Tunc
3701 1269 3736 1309 a

2093 1339 2404 1410 praeposito
2433 1339 2703 1410 stipatus,
2723 1340 2794 1394 ad
2818 1338 3139 1394 custodiam
3165 1340 3547 1410 patriciorum
3569 1356 3734 1412 egre-

2089 1427 2268 1493 ditur,
2289 1431 2347 1481 et
2377 1426 2613 1498 propria
2632 1428 2832 1483 tunica
2857 1427 3142 1498 deposita,
3175 1443 3306 1482 eum
3339 1427 3620 1484 dibetesio
3641 1429 3733 1484 in-

2090 1516 2218 1570 duit
2249 1532 2314 1571 ac
2343 1532 2552 1572 rursus
2570 1518 2813 1586 reducit,
2838 1516 2938 1572 ubi
2963 1521 3272 1588 postquam
3295 1517 3565 1573 dominos
3587 1518 3732 1574 ﬂexo

2089 1620 2241 1676 genu
2275 1610 2584 1661 veneratus
2627 1610 2732 1673 est,
2766 1605 3078 1674 primicerii
3112 1610 3168 1662 et
3197 1605 3421 1662 ostiarii
3473 1606 3732 1664 tunicam

2089 1699 2352 1762 sumunt,
2371 1711 2543 1766 quam
2577 1694 2800 1750 domini
2827 1695 2938 1764 ipsi
2961 1693 3294 1766 imponunt,
3320 1695 3461 1751 recti
3483 1700 3731 1764 stantes,

2090 1799 2335 1854 eamque
2366 1786 2488 1839 suis
2520 1783 2794 1838 manibus
2836 1783 3018 1838 ﬁbula
3048 1784 3379 1854 astringunt
3409 1800 3422 1838 :
3456 1784 3736 1855 praeposi-

2086 1878 2180 1928 tus
2216 1889 2350 1928 vero
2381 1889 2514 1927 eum
2549 1889 2583 1928 a
2612 1877 2773 1944 tergo
2813 1872 3073 1942 sequitur
3112 1872 3292 1943 inque
3321 1872 3512 1929 medio
3538 1876 3731 1928 consi-

2086 1963 2208 2028 stit,
2240 1968 2296 2019 et
2325 1963 2544 2018 intrant
2593 1978 2815 2032 omnes,
2860 1979 2894 2016 a
2932 1962 3271 2018 silentiariis
3319 1962 3543 2034 stipati,
3596 1979 3733 2035 pro-

2089 2052 2377 2108 cumbunt
2405 2052 2462 2106 in
2496 2068 2688 2123 genua
2710 2056 2768 2106 et
2803 2051 3023 2122 gratias
3053 2055 3253 2122 agunt.

312 2137 606 2214 χλαμύδα,
640 2140 730 2195 καὶ
793 2138 1091 2215 βάλλουσιν
1152 2141 1317 2210 αὐτὴν
1356 2139 1505 2212 αὐτῷ
1561 2142 1613 2196 οἱ
1673 2139 1930 2196 δεσπόται
1959 2142 2049 2196 καὶ
2104 2137 2348 2194 ἵστανται
2407 2137 2562 2194 αὐτοὶ
2619 2137 2792 2212 ὀρθοὶ,
2822 2137 2910 2192 καὶ
2971 2133 3266 2212 φιϐλοῦσιν
3307 2139 3353 2174 ²²
3403 2138 3570 2209 αὐτὴν
3615 2141 3735 2215 (50)

301 2228 474 2291 ἰδίαις
527 2229 708 2307 χερσὶ,
758 2235 848 2284 καί
904 2227 1260 2285 όπισθοποδεῖ
1313 2230 1477 2286 αὐτὸν
1536 2232 1563 2285 6
1621 2232 2004 2305 πραιπόσιτος,

2065 2229 2155 2284 καὶ
2205 2225 2421 2283 ’ίσταται
2482 2227 2559 2291 εἰς
2602 2228 2664 2282 τὸ
2713 2229 2896 2301 μέσον,
2963 2226 3052 2282 καὶ
3110 2226 3444 2302 εἰσέρχονται
3503 2228 3720 2304 πάντες,

298 2317 667 2391 κρατούμενοι
703 2318 807 2372 ὑπὸ
839 2317 1242 2393 σιλεντιαρίών,
1273 2318 1559 2382 πίπτοντες
1597 2321 1688 2374 καὶ
1721 2321 2273 2396 ἀπευχαριστοῦντες.

383 2409 458 2463 Β’.
487 2408 585 2463 Καὶ
617 2407 706 2462 ὅτε
737 2405 1013 2483 πληρώσῃ
1047 2411 1081 2477 ἡ
1117 2406 1428 2483 σύγκλητος
1455 2408 1555 2477 τήν
1587 2408 1962 2483 εὐχαριστίαν,

307 2494 557 2550 νεύουσιν
589 2496 641 2550 οἱ
685 2492 940 2550 δεσπόται
994 2500 1073 2566 τῷ
1127 2496 1494 2571 πραιποσίτῳ,
1521 2497 1611 2552 καὶ
1669 2497 1964 2573 προσφέρει

312 2583 476 2637 αὐτὸν
511 2582 604 2636 καὶ
636 2579 797 2656 λέγει·
823 2609 845 2636 ι
894 2585 1192 2641 Κελεύσατε
1215 2603 1228 2616 ·
1269 2609 1298 2639 ››
1341 2587 1433 2641 καὶ
1471 2585 1799 2662 ἐπεύχονται
1853 2584 1917 2642 τό
1948 2605 1962 2620 ⁶

323 2695 352 2723 ‹‹
395 2671 492 2735 Εἰς
537 2669 776 2735 πολλοὺς
805 2673 894 2728 καί
934 2671 1171 2748 ἀγαθοὺς
1203 2677 1453 2749 χρόνους.
1497 2699 1525 2729 ››
1561 2675 1658 2730 Καὶ
1688 2675 1967 2755 ἐξέρχεται

326 2759 392 2815 τὸ
431 2759 1076 2838 σὲκρετον,συνεξέρχεται
1108 2765 1197 2819 καὶ
1225 2767 1252 2818 ὁ
1283 2761 1752 2840 προϐληθεὶς,καὶ
1785 2764 1968 2820 ἵσταν-

331 2869 414 2903 ται
449 2849 746 2922 πατρίκιοι,
777 2849 994 2920 ὕπατοι,
1028 2852 1403 2927 σιλεντιάριοι,
1433 2855 1818 2928 κονσιστώριον
1877 2855 1968 2909 καὶ

328 2933 420 2991 δύο
477 2936 827 3014 σιλεντιάριοι
887 2941 1240 3014 βαστάζοντες
1302 2941 1510 3018 βεργία.
1572 2944 1640 3000 Οἱ
1687 2942 1967 3019 πατρίκιοι

318 3025 665 3098 ὀψικεύουσιν
721 3028 884 3083 αὐτὸν
933 3027 1120 3104 ὀλίγον
1178 3030 1369 3100 τόπον,
1426 3032 1479 3086 οἱ
1537 3029 1592 3086 δέ
1633 3031 1829 3087 ὕπατοι
1877 3034 1966 3090 καὶ

315 3116 672 3192 σιλεντιάριοι
733 3118 1173 3196 συνεισέρχονται
1235 3123 1350 3195 μετ’
1410 3122 1574 3177 αὐτοῦ
1653 3123 1821 3198 μέχρι
1869 3127 1968 3190 τῆς

312 3203 611 3276 ἐκκλησίας
668 3210 784 3280 (51)
839 3213 937 3262 τοῦ
1008 3210 1228 3284 Κυρίου,
1269 3210 1358 3265 καὶ
1411 3212 1565 3267 ἅπτει
1611 3212 1818 3288 κηροὺς
1875 3213 1965 3268 καὶ

310 3294 590 3370 ἐξέρχεται
650 3297 1038 3371 ὀψικευόμενος
1080 3301 1182 3356 ὑπὸ
1237 3305 1345 3355 τῶν
1403 3302 1619 3357 ὑπάτων
1663 3304 1752 3359 καὶ
1784 3303 1965 3359 σιλεν-

306 3384 534 3460 τιαρίων
580 3387 748 3463 μέχρι
782 3393 883 3456 τῆς
940 3388 1130 3464 ῥηγίας
1162 3391 1294 3461 (25),
1328 3391 1417 3444 καὶ
1472 3393 1848 3466 ἀναχωροῦσιν
1911 3395 1965 3450 οἱ

307 3469 365 3528 δὲ
425 3472 790 3548 ἀξιωματικοί
855 3475 946 3530 καὶ
1021 3475 1260 3550 κόμητες
1316 3482 1413 3533 τοῦ
1460 3479 1695 3553 ἀριθμοῦ
1751 3481 1842 3535 καὶ
1898 3481 1967 3537 τὰ

2147 2410 2214 2464 II.
2249 2408 2372 2472 Qua
2409 2409 2726 2482 gratiarum
2757 2408 2986 2465 actione
3015 2425 3050 2464 a
3079 2412 3290 2466 senatu
3331 2413 3581 2480 peracta,
3615 2411 3720 2468 do-

2077 2499 2220 2554 mini
2253 2498 2568 2570 prseposito
2611 2499 2847 2570 signum
2880 2498 3042 2567 dant,
3075 2499 3171 2568 qui
3219 2513 3351 2554 eum
3402 2500 3725 2570 adducens,

2076 2589 2258 2645 dicit:
2291 2611 2321 2638 «
2380 2589 2626 2655 Jubete;
2684 2608 2714 2638 »
2769 2603 2974 2644 omnes
3010 2604 3022 2641 :
3063 2609 3084 2636 ι
3143 2589 3209 2642 In
3249 2588 3432 2644 multa
3459 2589 3729 2661 bonaque

2076 2681 2365 2748 tempora,
2399 2698 2428 2726 υ
2459 2675 2806 2732 acclamant.
2862 2676 2930 2731 Et
2975 2676 3268 2746 egreditur
3311 2692 3427 2732 uua
3474 2693 3608 2733 cum
3639 2693 3731 2734 se-

2077 2772 2238 2822 creto
2271 2771 2610 2837 promotus;
2648 2764 2896 2837 patricii,
2929 2766 3223 2832 consules,
3254 2765 3586 2835 silentiarii,
3615 2767 3730 2822 duo

2081 2854 2390 2910 silentiarii
2429 2854 2622 2924 virgas
2677 2859 2999 2926 gestantes,
3050 2854 3463 2910 consistorium
3508 2855 3729 2912 consti-

2080 2951 2296 3003 tuunt:
2329 2945 2556 3016 patricii
2605 2946 2812 3017 exiguo
2845 2945 3034 3017 spatio
3077 2955 3423 3018 sequuntur,
3458 2947 3728 3004 consules

2079 3053 2210 3092 vero
2240 3040 2297 3091 et
2328 3035 2634 3100 silentiarii
2687 3051 2806 3090 una
2835 3051 2968 3090 cum
3008 3033 3136 3106 ipso
3173 3036 3244 3090 ad
3277 3036 3582 3092 ecclesiam
3610 3037 3727 3092 Do-

2082 3126 2224 3184 mini
2251 3129 2517 3196 pergunt,
2539 3124 2639 3180 ubi
2662 3140 2858 3180 cereos
2880 3125 3168 3192 accendit,
3191 3129 3364 3198 atque
3383 3125 3729 3184 consulibus

2083 3225 2134 3273 et
2164 3214 2504 3271 silentiariis
2530 3213 2805 3285 stipatus,
2839 3213 2910 3269 ad
2937 3213 3158 3285 regiam
3191 3214 3582 3286 progreditur,
3602 3230 3732 3286 proo

2082 3320 2266 3372 ceres,
2306 3303 2516 3359 deinde
2559 3303 2803 3358 comites
2854 3302 3093 3358 scutarii
3133 3302 3383 3370 numeri,
3435 3319 3727 3373 cursores,

2076 3392 2320 3450 diaetarii
2361 3392 2627 3448 omnium
2678 3392 2986 3447 diaetarum
3026 3395 3084 3447 et
3124 3391 3330 3448 decani
3362 3408 3463 3463 per
3493 3392 3722 3449 scholas

2075 3483 2310 3539 abeunt.
2345 3481 2647 3537 Factiones
2685 3480 2745 3535 in
2796 3480 2938 3535 locis
2969 3482 3094 3536 suis
3125 3485 3334 3550 presto
3365 3485 3521 3549 sunt,
3555 3480 3726 3538 libel-

1666 3578 1908 3636 VABIE
1957 3577 2367 3636 LECTIONES.

381 3668 431 3753 ξο
461 3672 779 3753 συνέρχεται
836 3673 926 3729 ed.
1005 3673 1048 3710 ²¹
1081 3672 1375 3753 προσφέρει
1429 3676 1594 3731 αὐτὸν
1643 3678 1811 3734 malit
1836 3682 1901 3733 Β.
1979 3679 2028 3714 ⁸⁸³
2057 3671 2346 3745 φιϐλοῦσιν
2379 3675 2507 3731 cod.
2539 3689 2609 3730 ex
2656 3673 3060 3730 emendatione
3098 3677 3338 3732 vetusta
3367 3689 3602 3742 manus,
3633 3694 3727 3750 φι-

297 3736 501 3795 λοῦσιν
533 3736 627 3800 ed;

1344 3839 1551 3896 JOAN.
1592 3839 1744 3897 JAC.
1786 3841 2050 3898 REISKII
2089 3835 2682 3898 COMMENTARIUS.

381 3922 495 3995 (46)
609 3995 619 4003 _
641 3928 748 4003 est,
777 3921 1112 4003 'Oupsﬂluw
1139 3928 1398 4002 γενέσθαι,
1455 3929 1555 4002 qui
1592 3935 1652 3988 in
1682 3946 1742 3989 eo
1770 3937 1870 4003 est,
1902 3935 1964 3988 ut

296 3993 659 4072 illevetille
689 3996 803 4066 ﬁat.
838 3993 966 4053 Vid.
998 4001 1070 4055 ad
1104 3993 1163 4072 ρΣ
1195 4003 1318 4072 173.

386 4066 502 4144 (47)
531 4067 594 4122 In
621 4080 970 4144 conspectum
1005 4066 1375 4142 patriciorum
1400 4091 1414 4144 ;
1465 4072 1622 4130 sistit
1666 4089 1728 4131 se
1757 4073 1873 4131 illis
1902 4079 1961 4133 et

298 4112 990 4212 ειὶπὲῌθὶὶόῖι⁷ῐὲ¹ιᾙῦἱὲὖῑι
1000 4112 1125 4200 ίίἱὲἶξ

528 4209 859 4300 μοεᾼίυοξὶ
877 4217 1100 4298 vestes,
1137 4230 1281 4286 quas
1312 4215 1444 4286 quis
1501 4232 1742 4300 eorpore
1786 4218 1954 4300 gerit,

299 4282 562 4361 quande
582 4287 802 4361 vestem
833 4282 1202 4361 honorarium
1233 4303 1266 4341 a
1295 4282 1404 4342 suo
1437 4282 1693 4361 principe
1723 4282 1954 4361 accipit,

299 4352 564 4435 exeundi
596 4358 653 4435 et
683 4355 927 4435 missam
958 4357 1046 4413 vel
1067 4357 1356 4435 donatam
1387 4352 1704 4431 aprinci'pe
1734 4361 1797 4416 in
1831 4352 1959 4432 ejus

303 4425 500 4478 vicem
531 4425 839 4500 induendi,
871 4432 936 4483 ut
965 4444 1035 4484 ex
1067 4429 1172 4485 hoc
1201 4428 1327 4486 loco
1349 4425 1814 4500 patet,unacum
1837 4425 1958 4488 toto

309 4503 680 4570 moremque
719 4498 1143 4570 rituiproceres
1189 4498 1450 4557 vestibus
1491 4498 1821 4558 honerariis
1852 4505 1957 4559 do-

307 4565 518 4642 nandi,
551 4565 955 4642 a‘B‘yzantinis
1006 4571 1078 4626 ad
1134 4571 1396 4628 sultanos
1445 4573 1880 4630 Otlomannicos
1911 4579 1968 4630 et
2000 4577 2044 4642 ι)

308 4637 629 4716 hodiernae
647 4637 954 4716 Persarum
986 4657 1150 4714 reges
1179 4653 1514 4716 veteresque
1536 4645 1787 4716 Bagdadi
1809 4644 1964 4702 Cali-

310 4711 836 4787 i}:s__et_ori_ent_ales
870 4711 1082 4787 omnes
1117 4711 1435 4787 principes
1459 4711 1649 4787 ﬂuxit:
1680 4717 1957 4787 Exposuit

307 4778 672 4858 del_la.Salle.
703 4781 744 4858 1,
779 4799 835 4837 ιν
866 4778 1173 4858 Itinerarii.
1202 4778 1570 4858 cerimonias,
1602 4778 1953 4858 quibuscum

310 4851 450 4926 talis
467 4849 779 4926 honoraria
794 4855 977 4926 vestis
998 4855 1238 4910 Challah
1256 4849 1652 4914 Orientalibus
1682 4859 1856 4926 dicta,
1880 4860 1954 4916 ab

313 4921 604 5002 honorato
622 4925 934 5002 accipitur,
977 4927 1199 5002 Incidit
1227 4929 1334 4983 hac
1365 4929 1667 5002 occasione
1697 4921 1954 5002 monere,

315 5009 519 5076 vocem
537 4993 816 5076 Gallicam
831 4999 991 5076 gela,
1010 5014 1078 5054 en
1106 4999 1366 5076 gala,pr_o
1387 4999 1693 5076 splendido
1715 4993 1952 5068 amictu;

308 5065 466 5121 hanc
496 5065 686 5140 ipsam
719 5065 1021 5125 Arabicam
1051 5065 1522 5128 vocem'Challah
1554 5088 1704 5140 esse,
1725 5079 1784 5130 et
1803 5065 1955 5130 com;

305 5152 510 5222 parere
538 5139 598 5194 in
623 5141 778 5264 rata,
802 5143 1029 5213 proprie
1048 5157 1200 5213 esse,
1219 5143 1414 5215 quoad
1434 5145 1918 5228 originem,proce
1936 5176 1956 5186 ς

307 5208 445 5264 dere
460 5223 523 5264 In
545 5226 616 5263 au
646 5219 834 5264 armet
853 5229 916 5264 se
939 5219 1261 5264 monstrare
1286 5214 1533 5264 nrincim
1555 5217 1610 5264 in
1635 5231 1701 5264 eo
1725 5215 1950 5264 habitu-

307 5208 834 5287 dersin_aulam,e't
853 5208 923 5268 se
939 5208 1261 5270 monstrare
1286 5208 1554 5287 principi'
1555 5217 1612 5270 in
1635 5231 1701 5272 eo
1725 5208 1953 5287 habitu,

304 5295 482 5404 gnem
532 5280 774 5339 honoris
830 5299 1006 5340 causa
1061 5287 1132 5341 ab
1199 5280 1574 5343 eo'missum
1631 5280 1950 5359 acceperat:

355 5351 530 5404 einde
558 5351 736 5404 latins
795 5355 1053 5404 manavit
1099 5372 1237 5404 usus
1294 5356 1409 5404 illa-
1461 5368 1515 5404 nt
1554 5358 1728 5404 etiam
1763 5362 1950 5404 vestes

355 5351 530 5408 einde
558 5351 736 5425 latius
795 5355 1053 5411 manavit
1099 5372 1237 5412 usus
1294 5356 1410 5425 ille,
1461 5368 1515 5414 ut
1554 5358 1730 5414 etiam
1763 5351 1952 5414 vestes

305 5437 510 5502 omnes
540 5424 897 5502 splendidas,
937 5443 1088 5500 quas
1117 5429 1189 5491 de
1218 5445 1324 5486 suo
1346 5424 1480 5502 quis
1511 5429 1625 5487 sibi
1655 5445 1957 5501 compara-

307 5495 471 5566 verit,
514 5495 960 5566 complectatur;

376 5565 494 5637 (49)
525 5565 756 5624 Mallem
795 5567 978 5625 αὐτόν.
1029 5570 1253 5628 Passim
1299 5572 1360 5629 in
1408 5573 1501 5629 bis
1543 5573 1617 5630 Με
1652 5572 1954 5629 observavi

306 5655 350 5688 ω
378 5636 650 5717 Rqsitum
681 5655 784 5717 pro
817 5659 908 5717 ov._
935 5642 1129 5717 Possis
1158 5659 1389 5717 quoque
1419 5640 1562 5699 οὕτω
1593 5644 1807 5717 legere,

396 5708 493 5785 50)
548 5708 913 5769 Patrocinari
970 5708 1236 5770 videntur
1291 5708 1428 5772 huic
1484 5721 1611 5775 loco
1649 5708 1955 5773 dictiones

2071 3948 2129 4002 p.
2168 3930 2268 3984 129
2291 3935 2347 3985 et
2378 3928 2519 3995 432;
2552 3925 2641 3982 vel
2672 3924 2723 3980 si
2753 3925 2889 4052 guis
2920 3923 3124 3982 mallet
3154 3924 3334 3993 αὐτὸν,
3370 3933 3558 3995 posset
3580 3943 3724 3999 pra.

2071 4002 2287 4052 sidium
2317 4016 2386 4052 ex
2419 4017 2473 4052 υ.
2509 4000 2608 4052 129
2634 4003 2691 4052 et
2722 3998 2746 4052 1
2796 3999 2818 4052 1
2868 3996 2972 4052 ult.
3018 4013 3332 4052 arcessere.
3365 3997 3578 4052 Verum
3611 4005 3721 4052 no-

2069 3996 2287 4058 sidium
2317 4016 2386 4056 ex
2419 4017 2473 4068 p.
2509 4000 2608 4053 129
2634 4003 2691 4054 et
2722 3996 2818 4053 131
2868 3996 2972 4054 ult.
3018 4013 3332 4054 arcessere.
3365 3996 3721 4055 Verum—ho-

2069 4090 2293 4140 norem,
2324 4067 2499 4144 quem
2529 4069 3167 4144 imperatorACaesariAet
3211 4067 3617 4144 Nobilissimo,
3645 4074 3712 4127 ut

2069 4139 2381 4202 eminentis
2413 4139 2716 4212 dignitatis
2761 4139 2921 4214 viris,
2972 4139 3304 4214 et_imperii
3346 4141 3718 4214 principibus

2067 4216 2402 4282 exhibebat,
2431 4211 2568 4270 eum
2598 4213 2970 4284 curopolatm,
3004 4211 3201 4284 sinon
3235 4211 3516 4279 multum,
3544 4211 3606 4268 at
3632 4214 3721 4270 in-

2066 4289 2262 4344 feriori
2294 4291 2514 4354 tamen,
2535 4300 2652 4340 non
2673 4283 3005 4356 exhibebat.
3022 4283 3272 4356 ideoque
3292 4286 3717 4356 nequeipsum,

2068 4375 2258 4431 neque
2286 4364 2472 4431 vestes
2502 4353 2656 4431 ejus
2715 4353 3116 4431 esculabaturz
3171 4353 3426 4431 Denique
3467 4353 3722 4431 intelligi

2069 4421 2299 4503 nequit,
2329 4429 2483 4503 quid
2525 4421 2606 4503 sit
2643 4422 2834 4503 _tpi)\s_iv
2892 4429 3011 4503 ταῖς
3043 4421 3209 4503 ξδίαις
3242 4421 3423 4503 χερσί,
3455 4421 3724 4503 manibus

2068 4494 2312 4574 proprii:
2333 4494 3008 4574 osculari._!5raeferenda
3046 4494 3524 4574 itaque"sc_riptio
3547 4501 3619 4555 Μ.
3653 4515 3722 4555 ex

2075 4568 2484 4629 emendatione
2525 4568 2787 4639 quidem,
2829 4572 2888 4623 at
2947 4568 3453 4639 ipsius'ejusdem
3483 4575 3720 4626 vetustae

2075 4661 2308 4713 manus,
2338 4659 2470 4714 quae
2493 4634 2715 4716 caetera
2761 4634 3060 4716 scripsit):
3107 4634 3420 4716 φιϐλοῦσιν,
3453 4642 3714 4716 ﬁbulant.

2065 4711 2444 4786 Chlamydem
2493 4711 2751 4768 humeris
2798 4711 3132 4786 impositam
3181 4714 3497 4769 commissa
3537 4713 3716 4786 ﬁbula

2067 4790 2150 4844 sic
2182 4782 2530 4855 astringunt,
2566 4787 2630 4838 ut
2677 4797 2918 4854 corpore
2965 4782 3182 4840 haereat
3231 4799 3418 4855 neque
3462 4785 3709 4840 decidat.

2065 4857 2250 4927 Αὐτὴν
2285 4871 2518 4928 quoque
2545 4855 2619 4928 ab
2665 4855 2864 4928 eadem
2913 4860 3144 4928 vetusta
3187 4871 3363 4910 manu
3394 4865 3711 4928 correctum

2064 4937 2172 4994 est,
2207 4924 2322 5001 pro
2345 4924 2460 5000 quo
2503 4926 2732 4981 videtur
2779 4926 2944 4997 prius
2982 4924 3143 5001 αὐτὸν
3189 4928 3471 5001 scriptum
3505 4927 3708 4982 fuisse.

2137 4997 2249 5073 (51)
2282 4997 2584 5073 Βοίωοτθ,
2607 5013 2724 5073 quo
2753 5013 2955 5073 recens
2986 4998 3252 5073 bgnorati
3286 4997 3489 5073 statim
3511 5014 3553 5073 a_
3574 5013 3714 5067 pro-

2065 5068 2430 5142 motionein
2469 5068 2772 5142 ecclesiam
2819 5069 3004 5142 ibant,
3038 5071 3152 5142 Deo
3182 5069 3398 5142 gratias
3429 5068 3704 5140 agebant,

2062 5141 2528 5200 benedictionem
2557 5139 2971 5196 sacerdotalem
3014 5138 3374 5210 accipiebant
3403 5138 3708 5196 et'munus

2063 5215 2319 5274 ecclesia
2347 5213 2686 5277 offerebant,
2719 5213 2810 5283 egi
2843 5212 2915 5268 ad
2956 5228 3010 5283 p.
3043 5212 3170 5266 255.

2136 5285 2546 5360 (52)”Usquqad
2567 5282 2803 5360 regigni,
2835 5282 3043 5354 nempe
3073 5286 3317 5360 partem.
3342 5282 3486 5360 Cave
3507 5296 3710 5338 sumas

2064 5352 2164 5430 pro
2194 5352 2773 5430 π’ύλαιςβασιλικαῖς,
2805 5369 2932 5430 quin
2975 5352 3019 5408 _e
3072 5355 3346 5430 narthece
3393 5352 3466 5430 _i_n
3519 5367 3703 5430 neum

2062 5424 2370 5508 ducebant.
2403 5424 2533 5508 ῌαεο
2559 5424 2747 5508 nimie,
2780 5424 2954 5507 regie,
2978 5431 3103 5480 erat
3135 5424 3531 5508 porta_extima
3556 5427 3709 5508 tem-

2063 5501 2166 5574 pii,
2198 5502 2292 5557 hic
2321 5498 2433 5574 loei
2460 5493 2663 5574 templi
2686 5498 2936 5574 pomini,
2961 5512 3086 5574 qua;
3109 5493 3149 5550 θ’
3171 5494 3384 5574 palatio
3416 5495 3475 5548 in
3503 5493 3710 5574 urbem

2063 5566 2329 5629 ducebat.
2367 5570 2543 5637 Regia:
2565 5566 2908 5622 dicebantur
2941 5566 3082 5621 olim
3117 5566 3406 5637 majorum
3439 5566 3712 5637 omnium

2063 5633 2651 5709 aediﬁciorum'portte
2693 5641 2996 5709 extreme;
3033 5639 3149 5695 vid.
3183 5637 3266 5693 Du
3294 5633 3488 5706 Gange
3515 5633 3714 5698 Gloss.

2065 5714 2127 5772 L.
2159 5715 2223 5775 h.
2252 5728 2310 5772 ν.
