4152 6302
449 403 564 464 487

1557 378 2090 447 CONSTANTINI
2135 379 2826 444 PORPHYROGENITI

3734 376 3854 436 488

447 534 588 590 iaria
618 533 744 601 ipse
798 547 831 584 ο.
887 525 1214 583 demarcbis
1270 520 1502 593 accipit,
1537 519 1595 574 hi
1647 516 1988 581 acclamant,
2025 517 2084 569 ut

2199 513 2491 585 σκουτάρια
2519 517 2616 566 τοῦ
2648 510 2884 584 ἀριθμοῦ
2932 506 3024 562 καὶ
3055 504 3364 580 κούρσωρες
3401 506 3491 560 καὶ
3531 505 3584 560 oi
3643 503 3852 561 διαιτά-

446 621 707 694 patriciis
739 633 972 690 quoque
1001 612 1434 670 solent.Deinde
1458 625 1559 681 per
1592 607 1826 679 cbytum
1861 605 2085 694 chalces

449 693 520 766 ad
553 710 831 765 Sanctum
863 708 1112 762 Puteum
1143 699 1462 767 descendit,
1493 702 1550 754 et
1579 711 1776 753 cereos
1801 693 2087 760 accendit,

446 797 774 868 patriarcha
803 793 1083 865 procedit,
1116 807 1313 847 sacras
1348 804 1542 860 preces
1583 784 1786 841 recitat
1835 788 1890 838 et
1921 798 2086 837 com-

446 887 784 942 munionem
828 881 1110 952 impertit,
1153 881 1276 950 ipse
1325 879 1562 933 domum
1605 875 1748 942 abit,
1796 872 1866 928 ab
1898 870 1990 925 his
2022 887 2086 925 ac

447 973 675 1028 duobus
723 969 1080 1036 silentiariis,
1131 967 1231 1039 qui
1281 983 1382 1038 per
1429 972 1546 1022 tres
1595 965 1718 1019 dies
1756 961 1949 1033 virgas
1979 959 2085 1031 ipsi

447 1061 782 1133 praeferunt,
815 1060 1066 1131 stipatus
1093 1070 1415 1127 sagumque
1447 1067 1801 1125 purpureum
1830 1053 2084 1122 gestans.

445 1151 547 1207 His
579 1152 752 1207 etiam
783 1148 1112 1214 comitibus,
1149 1147 1291 1201 dum
1313 1145 1556 1211 recedit,
1593 1143 1795 1198 utitur.

2197 621 2305 677 ριοι
2333 607 2440 656 τῶν
2471 600 2616 656 ὅλων
2643 596 2863 654 διαιτῶν
2895 597 2984 651 καὶ
3028 597 3078 649 οἱ
3111 592 3325 650 δεκανοὶ
3365 592 3455 648 διὰ
3482 599 3589 649 τῶν
3630 593 3856 669 σχολῶν

2197 689 2451 765 Δέχονται
2497 691 2564 745 τὰ
2619 689 2756 762 μέρη
2821 687 2897 748 εἷς
2937 685 3065 746 τοὺς
3113 683 3315 745 τόπους
3364 682 3566 753 αὐτῶν,
3619 679 3847 756 λαμϐά-

2197 801 2273 834 νει
2331 782 2443 851 (53)
2492 779 2577 833 καὶ
2643 773 2965 850 λιϐελλάριν
3017 775 3162 848 παρὰ
3215 778 3321 828 τῶν
3380 771 3712 851 δημάρχων,
3764 774 3860 828 καί

2198 867 2615 943 ἂκτολογοῦσιν,
2645 867 2718 928 ὡς
2757 860 2874 940 ἔχει
2914 867 2947 933 ἡ
2994 865 3249 933 συνήθεια
3300 861 3390 916 καὶ
3438 861 3524 916 ἐπὶ
3573 868 3682 916 τῶν
3739 885 3857 918 πα-

2194 959 2441 1031 τρικίων.
2477 957 2573 1010 Καὶ
2627 955 2930 1029 εἰσέρχεται
2977 949 3066 1006 διὰ
3103 947 3199 1006 τοῦ
3256 955 3432 1027 χυτοῦ
3487 954 3587 1015 τῆς
3630 951 3858 1026 χαλκῆς

2198 1045 2272 1107 εἰς
2304 1047 2363 1099 τὸ
2393 1045 2548 1118 ἅγιον
2603 1043 2770 1119 φρὲαρ
2803 1045 2937 1114 (54),
2969 1040 3058 1094 καὶ
3104 1041 3256 1096 ἅπτει
3306 1039 3528 1113 κηροὺς,
3563 1041 3650 1094 καὶ
3701 1039 3858 1114 ἐξέρ-

2197 1153 2356 1209 χεται
2395 1135 2422 1188 6
2462 1133 2814 1209 πατριάρχης
2870 1131 2958 1185 καὶ
2998 1134 3148 1184 ποιεῖ
3193 1129 3387 1202 εὐχὴν,
3445 1129 3533 1182 καὶ
3572 1135 3856 1199 κοινωνεῖ,

448 1239 538 1294 καὶ
608 1239 930 1314 ὑποστρέφει
976 1235 1053 1298 εἷς
1107 1235 1199 1288 τὸν
1249 1234 1403 1287 οἶκον
1462 1232 1650 1303 αὐτοῦ,
1683 1228 2072 1302 ὀψικευόμενος
2138 1224 2239 1279 ὑπὸ
2297 1228 2403 1278 τῶν
2470 1224 2665 1291 αὐτῶν,
2698 1222 2785 1276 καὶ
2848 1218 2942 1274 δύο
2996 1218 3346 1291 σιλεντιάριοι
3556 1219 3860 1293 βαστάζον-

449 1347 537 1389 τες
595 1328 661 1380 τόι
723 1307 913 1401 βεργία
962 1324 1136 1378 αὐτῶν
1201 1323 1367 1398 μέχρι
1431 1324 1597 1395 τριῶν
1647 1321 1890 1393 ἡμερῶν,
1947 1318 2238 1393 φεροῦντος
2296 1311 2463 1368 αὐτοῦ
2533 1312 2719 1385 σαγίον
2778 1307 3080 1380 ἀληθινόν·
3143 1307 3318 1370 οὕτως
3367 1307 3856 1383 προέρχεται

447 1417 837 1493 ὀψικευόμενος
863 1413 1074 1487 ὁμοίως
1107 1411 1196 1467 καί
1238 1411 1315 1474 εἰς
1345 1413 1442 1480 τήν
1487 1409 1836 1484 ἀναχώρησιν
1870 1406 2034 1460 αὐτοῦ
2073 1405 2168 1460 εν.

839 1507 910 1561 De
946 1505 1294 1577 promotion:
1322 1502 1693 1570 Curapahita’.

517 1595 855 1652 Notandum
887 1598 997 1661 est,
1031 1593 1090 1648 in
1141 1591 1497 1664 promotione
1527 1587 1873 1660 curopalata
1902 1585 2086 1642 silen-

447 1685 594 1742 tium
628 1701 742 1741 non
776 1685 895 1739 fieri
925 1708 939 1744 :
981 1683 1077 1739 sed
1124 1682 1434 1752 imperator
1472 1680 1533 1734 in
1567 1679 1788 1750 privato
1819 1676 2085 1732 cubiculo

443 1777 815 1832 candidatum
875 1773 1180 1846 dignitatis
1228 1773 1578 1843 curopalataa
1637 1768 1871 1840 excipit,
1930 1767 2084 1822 136

438 1867 782 1938 virgamque
831 1866 902 1920 ab
975 1880 1091 1920 uno
1145 1861 1651 1934 imperatoriorum
1709 1859 2080 1915 ostiariorum

2521 1492 2651 1564 Περὶ
2684 1496 3024 1566 προαγωγῆς
3053 1487 3506 1562 Κουροπαλάτου.

2269 1582 2390 1655 Χρὴ
2454 1578 2673 1650 εἰδέναι,
2725 1581 2830 1647 ὅτι,
2914 1580 3202 1653 γινομένου
3295 1577 3733 1650 κουροπαλάτου,
3789 1581 3855 1636 οὗ

2193 1671 2400 1743 γίνεται
2469 1669 2733 1724 σιλέντιον
2807 1671 2936 1741 (5⁸7),
2989 1666 3113 1722 ἀλλ’
3171 1669 3198 1722 6
3251 1667 3502 1742 βασιλεὺς
3553 1664 3856 1742 λαμϐάνων

2195 1757 2247 1813 ἐν
2278 1763 2357 1831 τῷ
2415 1755 2537 1830 ἰδίῳ
2592 1759 2682 1812 τὸν
2744 1757 3020 1830 μέλλοντα
3076 1759 3321 1832 γενέσθαι
3405 1756 3853 1833 κουροπαλάτην,

2195 1845 2404 1922 ἒπαίρει
2448 1848 2668 1921 βεργίον
2738 1845 2789 1916 ἐξ
2858 1846 2976 1908 ἑνὸς
3019 1851 3128 1900 τῶν
3181 1843 3482 1921 βασιλικῶν
3534 1846 3852 1917 ὀστιαρίων,

442 1934 742 2025 sumptam
775 1954 824 2010 ei
856 1953 1056 2010 tradit.
1089 1953 1281 2023 Atque
1311 1950 1392 2006 ita
1417 1949 1608 2022 ipsius
1639 1946 1924 2020 promotio
1955 1963 2084 2018 per-

2197 1938 2279 1993 ιιαί
2332 1934 2645 1992 ἐπιδίδωσιν
2706 1936 2878 2009 αὐτῷ,
2928 1936 3259 2012 καὶγίνεται
3305 1939 3340 2006 ἡ
3401 1940 3701 2012 προαγωγὴ
3744 1939 3854 1992 αὖ·

443 2043 656 2117 agitur.

1032 2130 1268 2188 CAPUT
1306 2129 1502 2186 XLVI.

447 2224 792 2282 Obseruando
819 2224 875 2278 in
889 2225 1226 2293 promotione
1244 2221 1520 2293 Magistri,
1537 2219 1588 2273 si
1608 2216 2085 2288 imperatoriubet,

620 2305 681 2350 ut
712 2297 773 2349 in
799 2291 1052 2366 processu
1089 2293 1303 2362 Magnae
1331 2291 1573 2348 ecclesiae
1593 2293 1940 2346 instituatur.

517 2458 558 2514 l.
595 2459 918 2528 Imperator
947 2461 1264 2514 coronatus
1293 2471 1357 2509 ac
1387 2454 1694 2525 chlamyde
1724 2453 1988 2516 indutus,
2019 2465 2086 2506 ex

443 2552 728 2617 augusteo
761 2545 1038 2617 procedit,
1071 2559 1129 2599 et
1156 2550 1216 2597 in
1256 2558 1432 2597 aurea
1464 2557 1636 2596 manu
1671 2541 1741 2594 ad
1773 2540 1963 2594 velum
1999 2537 2087 2607 pi-

444 2635 628 2690 cturis
651 2635 841 2687 avium
860 2641 1125 2687 ornatum
1149 2629 1454 2686 subsistit:
1477 2628 1822 2698 praepositus
1844 2625 2083 2681 ostiario

441 2721 639 2780 velum
673 2721 983 2776 marmorei
1015 2719 1244 2792 pulpiti,
1277 2718 1432 2790 quod
1475 2719 1532 2772 in
1563 2715 1919 2787 onopodium
1950 2729 2084 2786 pro-

442 2811 719 2876 tenditur,
753 2810 970 2866 tenenti
1003 2809 1231 2865 annuit.
1274 2808 1341 2863 Hi
1375 2806 1541 2880 signo
1586 2807 1744 2871 dato,
1786 2805 2081 2878 patricios,

444 2905 511 2956 ut
540 2900 702 2955 festis
744 2899 948 2954 diebus
1008 2899 1368 2954 consuetudo
1420 2901 1530 2966 est,
1589 2896 1912 2963 adducunt,
1948 2908 2082 2949 cum

443 2989 656 3060 quibus
686 2988 759 3056 is,
790 2989 889 3059 qui
923 2987 1188 3059 magistri
1222 2987 1499 3058 dignitate
1527 2986 1824 3040 ornandus
1850 2988 2083 3049 est,una

441 3078 792 3148 ingreditur,
824 3082 880 3133 et
909 3078 966 3132 in
1000 3078 1308 3148 angiportu
1358 3091 1540 3130 aureo:
1581 3091 1814 3137 manus,
1847 3073 1942 3126 ubi
1976 3073 2080 3126 do-

441 3167 588 3221 mini
619 3172 796 3232 stant,
831 3181 1034 3220 omnes
1075 3164 1405 3236 procidunt.
1441 3164 1756 3234 Postquam
1789 3177 1917 3216 vero
1950 3177 2083 3216 sur-

440 3271 654 3319 rexere,
689 3252 910 3308 domini
943 3254 1250 3324 praeposito
1282 3259 1569 3321 annuunt,
1599 3253 1649 3307 is
1685 3267 1697 3307 :
1732 3274 1760 3302 «
1791 3251 2019 3316 Jubete,
2047 3272 2076 3301 »

439 3346 676 3410 dicit,et
707 3344 790 3400 sic
819 3345 879 3399 in
907 3344 1182 3415 obsequio
1200 3345 1572 3399 dominorum
1597 3344 1668 3398 ad
1699 3343 2074 3413 anapodium,

436 3434 532 3490 ubi
569 3433 1012 3490 cerimoniarius
1065 3441 1122 3489 et
1161 3449 1324 3488 arma
1369 3439 1426 3489 et
1463 3433 1746 3503 spatharii
1777 3450 1882 3486 sua
1913 3449 2078 3488 arma

433 3529 729 3596 gestantes
760 3524 993 3588 adsunt,
1049 3524 1371 3594 procedunt
1403 3523 1650 3594 patricii,
1698 3539 1797 3594 pro
1831 3538 1987 3578 more
2013 3537 2075 3578 se

433 3614 1179 3685 prosternunt,priepositus
1207 3629 1340 3668 vero
1363 3612 1770 3668 cerimoniario
1790 3628 2072 3679 annuens,

434 3702 620 3759 dicit:
656 3725 684 3753 «
724 3703 948 3758 iubete.
987 3722 1012 3754 ιι
1066 3702 1296 3757 Patricii
1353 3703 1621 3758 dominos
1666 3703 1737 3756 ad
1792 3718 2074 3774 magnum

431 3809 619 3864 usque
649 3792 1084 3858 consistorium,
1119 3791 1218 3846 ubi
1268 3795 1534 3847 consules
1564 3807 1629 3847 ac
1674 3791 1880 3864 reliqui
1909 3809 2073 3847 sena-

430 3887 588 3938 tores
610 3882 842 3946 adsunt,
866 3882 1010 3936 iaatis
1032 3881 1302 3936 omnibus
1330 3891 1782 3952 prosequuntur,
1807 3899 1873 3937 ac
1896 3881 2076 3936 domi-

431 3970 522 4026 nis
555 3974 612 4026 in
646 3971 862 4026 ciborio
896 3986 1069 4042 super
1101 3971 1499 4041 porphyretica
1531 3970 1688 4025 scala
1715 3970 2072 4039 constitutis,

429 4064 731 4115 senatores
763 4075 966 4113 omnes
1000 4059 1411 4129 procumbunt.

2192 2030 2311 2083 τοῦ.

2803 2117 3062 2171 ΚΕΦΑΛ.
3104 2115 3220 2184 MC.

2191 2205 2326 2258 Ὅσα
2413 2201 2523 2280 δεῖ-
2579 2202 3042 2280 παραφυλάττειν-
3092 2203 3190 2280 ’ἐπὶ
3273 2204 3570 2280 προαγωγῇ
3663 2204 3848 2280 Μαγί-

2266 2295 2450 2351 στρου,
2483 2275 2928 2351 εἰη-κελεύει-(ὃϐ)
2985 2275 3144 2351 αρτῥν
3209 2275 3441 2351 ποιῆσαί
3483 2275 3850 2351 ἐν-προκὲνσῳ

2263 2345 2362 2417 τῆς
2395 2345 2662 2424 Μεγάλης
2691 2345 2986 2416 ἐκκλησίας
3020 2348 3047 2400 6
3079 2346 3352 2422 βασιλεύς.

2263 2458 2342 2510 Α’.
2375 2452 2683 2528 Ἐξὲρχεται
2752 2454 2780 2507 6
2835 2451 3088 2527 βασιλεὺς
3157 2453 3264 2507 ἀπὸ
3349 2457 3445 2508 τοῦ
3502 2454 3846 2528 αὐγουστὲως

2191 2541 2540 2614 ἐστεμμένος,
2602 2546 2783 2620 φορῶν
2851 2544 2950 2609 τήν
3011 2539 3296 2620 χλαμύδα,
3353 2542 3445 2596 καὶ
3492 2541 3708 2598 ’ίσταται
3767 2545 3847 2606 εἷς

2189 2632 2288 2700 τήν
2332 2637 2541 2706 χρυσῆν
2594 2636 2754 2704 χεῖρα
2802 2631 3050 2685 ἀπέναντι
3097 2635 3194 2684 τοῦ
3247 2628 3427 2704 βήλου
3461 2635 3558 2685 τοῦ
3605 2653 3844 2705 ταγηνα-

2194 2721 2336 2794 ρίου,
2369 2720 2458 2774 καὶ
2497 2719 2639 2774 νεύει
2670 2720 2697 2773 ὁ
2738 2720 3097 2794 πραιπόσιτος
3143 2724 3222 2790 τῷ
3274 2719 3538 2794 ὀστιαρίῳ
3583 2725 3662 2791 τῷ
3706 2742 3847 2797 κρα-

2188 2813 2371 2864 τοῦντι
2426 2810 2488 2864 τὸ
2549 2808 2723 2883 βῆλον
2781 2813 2876 2864 τοῦ
2967 2812 3311 2883 μαρμαρινοῦ
3382 2806 3693 2864 πουλπίτου
3741 2816 3844 2866 τοῦ

2190 2896 2554 2972 ἐξερχομὲνου
2612 2897 2688 2959 εἷς
2773 2898 2835 2952 τὸ
2895 2895 3200 2954 ὀνοπόδιον.
3235 2898 3335 2952 Καὶ
3393 2897 3520 2952 ὅταν
3573 2893 3717 2974 λάϐῃ
3776 2903 3844 2956 τὸ

2187 2991 2375 3060 νεῦμα,
2436 2988 2708 3063 εἰσάγουσι
2777 2988 2904 3049 τοὺς
2990 2990 3334 3058 πατρικίους,
3390 2989 3571 3050 καθὼς
3627 2987 3744 3064 ἔχει
3804 2992 3842 3059 ἡ

2190 3078 2442 3146 συνήθεια
2501 3081 2611 3131 τῶν
2665 3078 2865 3150 ἑορτῶν
2893 3095 2906 3108 ο
2951 3078 3351 3152 συνεισέρχεται
3409 3074 3467 3131 δὲ
3521 3079 3610 3132 καὶ
3643 3079 3670 3132 6
3707 3079 3843 3152 βουο

2189 3162 2427 3236 λόμενος
2483 3164 2725 3238 γενέσθαι
2778 3165 3096 3239 μάγιστρος.
3147 3167 3236 3220 καὶ
3295 3165 3586 3221 πίπτόυσιν
3643 3165 3720 3228 εἷς
3775 3169 3843 3222 τὸ

2190 3253 2465 3308 στενάκιον
2521 3259 2620 3321 τῆς
2653 3259 2880 3327 χρυσῆς
2939 3253 3146 3328 χειρὸς,
3193 3249 3317 3317 ἔνθα
3358 3251 3601 3310 ’ίστανται
3653 3255 3706 3309 οἱ
3751 3251 3844 3310 δε-

2189 3344 2406 3398 σπόται.
2452 3343 2549 3399 Καὶ
2590 3344 2932 3398 ἀναστάντων
2982 3343 3185 3413 αὐτῶν,
3223 3343 3467 3398 νεύουσιν
3536 3345 3588 3399 οἱ
3637 3342 3841 3400 δεσπό-

2182 3441 2384 3509 ταιτῷ
2421 3436 2788 3510 πραιποσίτῳ,
2839 3436 2929 3491 καὶ
2988 3435 3175 3512 λέγει·
3230 3461 3258 3489 ‹‹
3310 3435 3624 3506 Κελεύσατε,
3658 3462 3686 3490 ››
3745 3438 3839 3493 καὶ

2186 3525 2498 3605 ἐξέρχονται
2569 3527 2915 3602 ὀψικεύοντες
2969 3526 3096 3590 τοὺς
3154 3525 3416 3591 δεσπότας
3501 3528 3666 3607 μέχρι
3735 3532 3839 3583 τοῦ

2185 3613 2471 3682 ὀνόποδος,
2505 3615 2627 3670 ἔνθα
2654 3615 2864 3670 ἳσταται
2899 3617 2926 3670 ὁ
2982 3619 3080 3686 τῆς
3133 3617 3509 3680 καταστάσεως
3546 3617 3638 3672 καὶ
3675 3618 3742 3672 τά
3789 3619 3839 3655 ³³

2184 3703 2399 3782 ἅρματα
2446 3708 2535 3762 καὶ
2593 3708 2645 3762 οἱ
2703 3707 2992 3782 σπαθάριοι
3040 3709 3395 3781 βαστάζοντες
3435 3710 3503 3763 τὰ
3532 3707 3679 3764 ὅπλα
3735 3709 3837 3764 αὖ.

2181 3801 2312 3866 τῶν,
2354 3796 2444 3851 καὶ
2511 3797 2798 3851 πίπτουσιν
2861 3797 2912 3850 οἱ
2969 3797 3124 3851 αὐτοὶ
3182 3799 3455 3872 πατρίκιοι
3491 3799 3626 3853 κατὰ
3675 3800 3838 3869 συνή-

2183 3894 2350 3952 Θειαν,
2400 3882 2491 3938 καὶ
2542 3882 2684 3938 νεύει
2744 3885 2770 3937 6
2831 3884 3192 3956 πραιπὸσιτος
3257 3888 3338 3955 τῷ
3408 3891 3507 3954 τῆς
3565 3886 3834 3940 καταπά-

2183 3992 2339 4042 σεως,
2378 3973 2470 4026 καὶ
2529 3971 2708 4046 λέγει·
2745 3995 2772 4023 ‹‹
2815 3971 3138 4043 Κελεῦσατε,
3173 3993 3196 4024 ο
3245 3971 3336 4027 καὶ
3393 3972 3722 4047 ἐπεύχονται
3783 3975 3838 4028 οἱ

2180 4060 2481 4135 πατρίκιοι,
2549 4060 2892 4134 ὀψικεῦοντες
2957 4059 3084 4123 τοὺς
3150 4057 3413 4126 δεσπότας
3495 4063 3664 4138 μέχρι
3735 4067 3836 4118 τοῦ

442 4144 684 4223 μεγάλου
730 4146 1140 4220 κονσιστωρίου,
1208 4144 1330 4209 ἔνθα
1384 4144 1630 4200 ἳστανται
1675 4146 1728 4199 οἱ
1796 4145 1990 4203 ὕπατοι
2055 4151 2444 4225 κονσιστώριον
2503 4156 2594 4205 καί
2681 4152 2732 4205 οἱ
2809 4149 2996 4205 λοιποὶ
3087 4149 3466 4228 συγκλητικοὶ,
3517 4152 3606 4207 καὶ
3681 4154 3840 4210 στάν-

430 4258 538 4291 των
589 4241 695 4291 τῶν
757 4234 1029 4291 δεσποτῶν
1099 4234 1174 4294 εἰς
1214 4234 1275 4288 τὸ
1332 4228 1593 4308 κιϐώριον
1649 4233 1828 4291 ἐπάνω
1882 4243 1992 4294 τῶν
2049 4244 2344 4318 πορφυρῶν
2410 4238 2754 4316 γραδηλίων,
2813 4241 3103 4297 πίπτουσιν
3171 4244 3224 4297 οἱ
3290 4242 3651 4320 συγκλητικοὶ
3712 4245 3848 4300 πάν-

433 4345 542 4387 τες.

1795 4449 2034 4508 νΑΡιιΔς
2079 4451 2480 4509 LECTIONES.

507 4545 574 4580 ²²¹
599 4543 762 4600 αὐτοῦ
794 4561 909 4603 om.
943 4546 1031 4604 ed.
1108 4547 1154 4583 ³³
1183 4546 1248 4602 τὰ
1279 4563 1395 4604 om.
1438 4548 1528 4604 ed.

1492 4675 1694 4733 JOAN.
1728 4677 1874 4736 JAC.
1929 4678 2186 4736 REISKII
2219 4677 2807 4736 COMMENTARIUS.

504 4790 620 4864 (53)
655 4791 1001 4864 Membrana;
1031 4792 1198 4864 aliter
1228 4809 1406 4864 quam
1444 4794 1636 4851 editus
1667 4797 1846 4852 codex
1875 4797 2082 4853 distin-

429 4863 760 4935 guunt.Sed
788 4865 1026 4935 praefero
1048 4863 1482 4922 distinctionem
1514 4867 1635 4922 acl.
1664 4868 1890 4924 Leicbio
1909 4869 2084 4926 intro-

431 4939 668 5007 ductam
701 4935 1288 5007 Distinguuptautem
1306 4939 1656 4993 membranae
1675 4942 1825 4996 sic...
1842 4940 1909 4995 Οἱ
1929 4935 2083 4994 δεκα-

432 5005 519 5080 νοὶ
583 5001 672 5059 διὰ
723 5009 845 5080 ,τῶν
895 5001 1133 5080 ’σχολῶν
1179 5002 1435 5080 δέχονται
1493 5007 1561 5060 τὰ
1612 5009 1773 5080 μέρη.
1809 5010 1903 5071 Et:
1952 5010 2081 5074 τοὺς

432 5078 636 5137 τόπους
683 5073 882 5131 αὓτῶν.
941 5070 1622 5149 λαμϐάνειίῗυιουοιῖυθ
1652 5070 1868 5149 verses,
1893 5070 1899 5071 ⁷
1928 5070 2084 5138 sem;-

431 5167 534 5222 per
565 5151 726 5206 deest
757 5151 1016 5221 aliquid;
1051 5151 1195 5222 forte
1222 5148 1390 5220 plura
1417 5166 1430 5216 ;
1462 5151 1575 5204 vid.
1624 5167 1680 5220 p.
1719 5154 1819 5207 138
1850 5159 1907 5207 et
1939 5172 2083 5221 pras-

427 5221 686 5295 cipue__p.
724 5222 844 5275 140.
889 5224 967 5295 Ad
1023 5221 1327 5275 minimum
1389 5224 1826 5295 deestfverbum
1861 5223 2082 5295 ὀψικεύ-

430 5293 735 5348 ουσι.Νιίῐι]
763 5300 886 5362 post
902 5291 1282 5364 ἀναχωροῦσιν
1311 5299 1465 5347 recte
1497 5291 2083 5352 collocavitlibrarius

429 5365 490 5420 in
522 5365 719 5420 codice
753 5373 1026 5435 punctum
1062 5366 1378 5434 perfectum
1409 5381 1421 5420 :
1447 5393 1473 5406 -
1497 5395 1516 5406 -
1551 5381 1722 5436 usque
1751 5365 1821 5420 ad
1842 5368 2081 5437 regiam,

427 5441 482 5490 et
509 5437 713 5491 abeunt
739 5438 1014 5506 deinceps.
1058 5437 1398 5492 Axiomatiei
1438 5451 1586 5508 vero,
1629 5437 1715 5494 vel
1757 5438 2079 5496 honorati...

429 5509 936 5590 comitantur-eum
947 5525 1047 5590 per
1072 5509 1310 5590 relictas.

505 5578 620 5651 (ξρ)
651 5577 1129 5651 Subintelligitur
1155 5580 1213 5635 S.
1245 5577 1492 5651 Sophim.

453 5648 622 5722 ._(5§)
652 5647 871 5720 Nempe
906 5647 1301 5722 ὑποστρέφουσι
1322 5647 1455 5722 ’μετ’
1488 5648 1656 5704 αὐτοῦ
1688 5650 1762 5712 εἷς
1794 5654 1885 5707 τὸν
1931 5653 2082 5708 οἶκον

435 5717 626 5788 αὐτοῦ,
655 5717 817 5788 quod
843 5722 1010 5778 facile
1038 5717 1498 5796 e'superioribus
1529 5740 1562 5779 a
1593 5727 1892 5788 communi
1924 5743 2082 5799 repe-

2111 4801 2160 4866 D
2190 4798 2625 4874 tendumLNam
2657 4806 2809 4874 recte
2839 4799 3028 4874 οοᾱριιΔ
3047 4801 3176 4874 post
3195 4794 3374 4852 αὐτῶν
3409 4805 3694 4872 punctum
3727 4802 3843 4874 ple-

2194 4867 2631 4944 numcoilocat.
2677 4869 2797 4944 Duo
2837 4867 3162 4937 silentiurii,
3213 4867 3482 4942 gestantes
3529 4867 3845 4944 virgea-cet

2195 4941 2418 5015 oacittos
2449 4955 2598 5015 suos,
2652 4941 2998 5015 comitantur
3033 4958 3158 4997 eum
3203 4941 3425 4997 domum
3457 4941 3631 5015 usque
3663 4962 3841 5000 suam.

2193 5011 2565 5085 Deindegeril
2591 5028 2699 5081 per
2727 5014 2995 5068 triduum
3023 5029 3366 5085 purpureum
3393 5011 3609 5085 sagum.

2265 5084 2374 5151 (56)
2408 5081 2708 5158 Utverum
2764 5085 2968 5158 fatear,
3022 5081 3139 5139 non
3175 5086 3366 5158 video,
3411 5081 3552 5157 quid
3585 5089 3706 5142 hec
3745 5103 3842 5158 po-

2194 5158 2425 5228 strema
2447 5153 2559 5228 sibi
2589 5153 2774 5209 velint
2809 5172 2822 5208 :
2857 5152 3029 5228 οὕτως
3056 5152 3553 5228 προέρχεται,’θιο.

2262 5227 2375 5295 (57)
2410 5227 2465 5280 ld
2499 5229 2590 5281 est
2622 5245 2635 5280 :
2673 5241 2774 5294 per
2802 5226 3179 5293 stlentiarids,
3197 5226 3478 5284 cursores
3509 5235 3567 5284 et
3593 5229 3841 5284 manda-

2194 5301 2350 5352 tores
2400 5313 2514 5352 non
2569 5297 2864 5352 indicitur.
2883 5298 2980 5354 illo
3020 5299 3108 5356 vel
3154 5299 3252 5356 illo
3303 5300 3398 5355 die
3426 5300 3840 5357 consistorium

2193 5368 2456 5424 solemne
2492 5371 2633 5423 fore.

2265 5441 2382 5510 (58)
2405 5446 2563 5514 Saepe
2603 5444 2893 5514 usurpant
2940 5441 3083 5514 novi,
3114 5442 3294 5514 Graeci
3350 5459 3454 5514 pro
3485 5443 3638 5511 velle,
3671 5446 3730 5498 et
3757 5442 3842 5497 sic

2196 5512 2498 5585 usurpavit
2531 5527 2767 5582 quoque
2791 5513 2916 5585 jam
2949 5513 3280 5585 Euripides.
3312 5512 3374 5570 Si
3404 5519 3518 5571 vult
3539 5517 3843 5584 imperator

2192 5598 2325 5657 eam
2343 5582 2548 5657 facere,
2577 5582 2984 5657 procursionem
3026 5582 3112 5639 ιη’
3132 5583 3386 5657 Magnam
3413 5582 3716 5656 ecclesiam,
3746 5599 3841 5640 seu

2194 5653 2254 5709 S.
2289 5654 2578 5725 Sophiam,
2615 5655 2892 5727 facturus.
