4152 6302
338 365 456 424 489

409 494 485 550 Β’.
517 490 626 547 Καὶ
658 489 760 554 εἶθ’
798 486 977 552 οὕτως
1031 486 1268 544 νεύουσιν
1303 490 1355 544 οἱ
1412 486 1669 543 δεσπόται
1715 489 1794 557 τῷ
1824 502 1991 559 πραι-
2019 485 2072 552 Α

339 580 572 653 ποσὶτῳ,
631 579 722 632 καὶ
789 577 996 653 εἰσάγει
1060 577 1151 632 τὸν
1229 576 1520 654 ὀφείλοντα
1603 569 1995 649 προϐληθῆναι

347 670 644 746 μάγιστρον
673 667 752 729 εἷς
798 665 927 729 τοὺς
957 663 1128 730 πόδας
1157 670 1266 722 τῶν
1326 664 1626 729 δεσποτῶν,
1661 663 1751 718 καὶ
1808 660 1997 716 πίπτει

336 760 412 822 εἰς
478 759 542 814 τὸ
591 761 810 831 πρῶτον
856 753 1159 831 γραδήλιον
1211 759 1259 792 ﬂ
1307 757 1335 811 ὁ
1383 750 1865 828 προϐαλλόμενος,
1901 748 1992 804 καὶ

335 845 592 922 ἀναφέρει
625 846 782 901 αὐτὸν
815 845 891 909 εἰς
943 847 1006 900 τὸ
1061 846 1246 920 τρίτον
1299 841 1626 920 γραδήλιον,
1685 841 1777 896 xvi
1826 858 1997 914 προσ-

332 942 514 993 κυνῶν
572 933 724 1012 φιλεῖ
768 933 897 998 τοὺς
950 932 1121 996 πόδας
1178 938 1285 988 τῶν
1363 930 1663 1002 δεσποτῶν,
1745 929 1994 984 ἑστώτων

332 1029 524 1084 αὐτῶν
581 1027 672 1082 καὶ
720 1024 782 1081 ού
842 1023 1238 1099 καθεζομένων,
1286 1022 1425 1080 διότι
1482 1024 1558 1086 εἷς
1609 1024 1802 1098 ἑορτὴν
1861 1039 1995 1094 προ-

333 1117 613 1194 βάλλεται
663 1116 714 1172 ἐν
762 1118 1044 1191 προκένσῳ
1092 1124 1192 1186 τῆς
1240 1115 1560 1187 ἐκκλησίας.
1596 1113 1699 1169 Καὶ
1745 1111 1992 1168 ἀσπασά-

338 1229 510 1284 μενος
562 1207 694 1270 τοὺς
751 1204 926 1272 πόδας
979 1208 1007 1262 ὁ
1059 1205 1421 1282 προϐληθεὶς,
1471 1204 1772 1274 ἀνίσταται,
1816 1203 1908 1257 καὶ
1969 1201 1996 1254 ὁ

328 1299 525 1373 ’ἔτερος
571 1298 929 1372 πραιπόσιτος
968 1295 1200 1372 παρέχει
1258 1300 1373 1356 τοῖς
1435 1292 1726 1357 δεσπόταις
1752 1292 1816 1347 τὸ
1871 1311 1995 1346 στι-

332 1386 544 1464 χάριον
582 1383 759 1440 καὶτὸ
811 1379 1114 1459 βαλτίδιον,
1145 1380 1236 1438 καὶ
1285 1383 1339 1436 οἱ
1389 1379 1644 1436 δεσπόται
1687 1375 1995 1433 ἐπιδιδοῦσι

326 1479 413 1546 τῷ
474 1469 923 1548 προϐαλλομένῳ
986 1470 1288 1547 μαγίστρῳ,
1337 1471 1427 1526 καὶ
1481 1468 1635 1543 φιλεῖ
1660 1467 1756 1532 τὰς
1803 1471 1995 1542 χεῖρας

331 1568 452 1619 τῶν
488 1560 768 1618 δεσποτῶν
802 1562 830 1616 ὁ
861 1557 1227 1636 προϐληθεὶς,
1257 1555 1560 1633 λαμϐάνων
1590 1558 1654 1614 τὸ
1712 1557 1994 1632 στιχάριον

331 1653 520 1709 καὶτὸ
547 1648 849 1726 βαλτίδιον,
881 1650 971 1706 καὶ
1012 1645 1278 1723 λαμϐάνει
1336 1649 1473 1705 αὐτὰ
1532 1648 1560 1703 ὁ
1617 1647 1777 1708 αὐτὸς
1833 1665 1998 1720 πραι-

329 1746 596 1813 πόσιτος,
641 1742 869 1816 εἰσάγων
927 1740 1087 1797 αὐτὸν
1130 1741 1184 1797 ἐν
1213 1745 1294 1814 τῷ
1341 1743 1645 1816 χειμερινῷ
1697 1756 1994 1793 κονσιστω-

1193 359 1292 420 DE
1334 353 1804 418 CERIMONIIS
1851 351 2086 412 AUUE
2137 354 2609 426 BYZANTlN/E
2652 369 2798 428 LIB.
2845 369 2893 428 Ι.

3629 377 3751 435 490

2176 489 2248 548 ΙΙ.
2284 495 2468 568 Tunc,
2509 505 2746 573 accepto
2791 520 2827 560 a
2882 503 3135 560 dominis
3173 504 3364 576 signo,
3406 508 3749 578 praepositus

2112 582 2379 654 magistri
2410 589 2694 662 dignitate
2733 592 3059 649 ornandum
3091 594 3162 649 ad
3197 594 3374 665 pedes
3413 609 3614 650 eorum
3646 597 3754 652 ad-

2107 667 2305 739 ducit;
2339 674 2388 730 is
2445 675 2503 732 in
2537 678 2724 748 primo
2755 681 2936 751 gradu
2969 695 3031 736 se
3070 681 3405 752 prosternit,
3438 681 3649 737 deinde
3679 682 3750 738 ad

2106 759 2341 818 tertium
2362 768 2706 835 ascendens,
2721 771 2932 826 adorat
2953 787 3016 826 ac
3038 772 3214 840 pedes
3231 770 3631 838 dominorum,
3646 771 3748 842 qui

2105 851 2282 917 stant,
2309 867 2424 908 non
2449 856 2669 925 sedent,
2697 858 2973 929 quoniam
3005 860 3152 915 festo
3174 860 3267 916 die
3299 859 3355 914 in
3388 859 3750 932 processione

2105 936 2359 995 ecclesias
2392 953 2642 1016 creatur,
2671 947 2990 1005 osculatur.
3026 949 3236 1006 Osculo
3269 949 3518 1020 pedibus
3551 950 3749 1019 inﬁxo,

2108 1032 2412 1094 promotus
2443 1033 2646 1104 surgit,
2671 1034 2934 1108 aliusque
2959 1040 3304 1111 praepositus
3330 1039 3672 1096 sticharium
3695 1044 3754 1094 et

2107 1115 2298 1172 halteu
2310 1135 2363 1173 m
2379 1123 2655 1191 dominis,
2671 1124 2730 1180 hi
2749 1127 3022 1198 magistro
3037 1134 3301 1198 promoto
3314 1129 3528 1197 dant,is
3543 1145 3754 1185 manus

2106 1204 2474 1263 dominorum
2494 1211 2810 1284 osculatus,
2827 1214 3169 1272 sticharium
3187 1234 3251 1273 ac
3266 1218 3521 1273 balteum
3541 1218 3748 1288 sumit,

2106 1307 2309 1349 rursus
2357 1296 2557 1354 eadem
2597 1299 2752 1355 idem
2794 1303 3145 1373 praepositus
3174 1303 3407 1376 accipit,
3440 1305 3654 1376 ipsum,
3687 1305 3750 1362 iu

2109 1379 2422 1440 hibernum
2446 1387 2861 1446 consistorium
2895 1391 3236 1460 deductum,
3265 1393 3542 1449 stichario
3563 1393 3753 1449 induit

2107 1469 2415 1543 balteoque
2446 1475 2644 1548 cingit,
2673 1479 2819 1534 187
2863 1483 2920 1535 et
2950 1483 3138 1552 gestat
3169 1481 3460 1552 propriam
3490 1481 3751 1537 tunicam

2105 1574 2284 1630 super
2313 1562 2610 1620 stichario.
2642 1565 2810 1622 Tuna
2839 1568 2996 1624 idem
3024 1569 3374 1641 praepositus
3403 1585 3536 1626 eum
3567 1570 3637 1625 ad
3670 1570 3755 1626 ci-

2107 1644 2362 1718 borium,
2395 1651 2495 1707 ubi
2544 1653 2770 1710 domini
2817 1660 2998 1725 stant,
3037 1657 3295 1723 adducit,
3339 1657 3419 1713 ibi
3477 1658 3534 1713 in
3567 1657 3757 1730 primo

2105 1737 2287 1807 gradu
2320 1741 2733 1814 procumbens,
2761 1746 2930 1814 pedes
2959 1760 3160 1801 eorum
3185 1746 3508 1814 osculatur,
3527 1751 3583 1802 et
3605 1751 3758 1818 post-

337 1834 471 1910 ρίφ,
527 1832 620 1888 ναὶ
682 1829 852 1888 ἐνδύει
912 1831 1073 1887 αὐτὸν
1141 1832 1202 1886 τὸ
1252 1831 1535 1906 στιχάριον
1590 1828 1681 1883 καὶ
1736 1827 1992 1896 ζώννυσιν

2117 1843 2281 1897 quam
2341 1830 2610 1898 surrexit,
2662 1833 2879 1904 gratias
2929 1833 3046 1906 agit
3081 1850 3094 1889 :
3129 1835 3264 1890 dein
3297 1837 3640 1907 praepositus
3681 1837 3752 1892 ad

335 1925 506 1980 αὐτὸν
530 1923 598 1978 τὸ
645 1918 1058 1997 βαλτίδιον,καὶ
1111 1925 1265 1998 φορεῖ
1309 1920 1372 1975 τὸ
1413 1915 1702 1998 χλανίδιον
1747 1915 1910 1972 αὐτοῦ
1937 1915 2000 1970 τὸ

331 2013 482 2071 ’ίδιον
520 2010 709 2066 ἐπάνῶ
738 2015 835 2066 τοῦ
877 2009 1194 2085 στιχαρίου.
1230 2007 1336 2065 Καὶ
1367 2007 1577 2083 ἐπαίρει
1624 2005 1784 2061 αὐτὸν
1842 2006 1870 2059 ὁ
1902 2003 1998 2059 αύ-

335 2099 432 2165 τός
463 2103 516 2139 ³⁵
548 2100 936 2176 πραιπόσιτος,
993 2099 1084 2154 καὶ
1140 2097 1339 2174 εἰσάγει
1385 2097 1546 2152 αὐτὸν
1575 2095 1652 2158 εἷς
1719 2095 1780 2150 τὸ
1827 2089 1997 2148 κιϐώ-

339 2213 482 2268 ριον,
547 2185 675 2255 ἔνθα
733 2187 976 2244 ἵστανται
1033 2190 1083 2242 οἱ
1133 2185 1410 2254 δεσπόται,
1467 2185 1555 2241 καὶ
1595 2184 1780 2240 πίπτει
1823 2181 1898 2244 εἰς
1936 2182 2000 2237 τὸ

343 2286 576 2359 πφῶτον
607 2275 908 2354 γραδήλιον
939 2278 1030 2333 καὶ
1061 2276 1213 2356 φιλεῖ
1253 2275 1379 2338 τοὺς
1407 2273 1579 2338 πόδας
1633 2278 1743 2328 τῶν
1802 2270 1999 2327 δεσποο

336 2377 474 2440 τῶν,
532 2369 628 2424 καὶ
680 2368 911 2429 ἀναστὰς
975 2367 1390 2441 ἀπευχαριστεῖ,
1430 2363 1519 2418 καὶ
1593 2361 1811 2433 ’ἱστησιν
1897 2359 1999 2414 αύ-

338 2461 485 2516 τὸνὸ
518 2455 886 2533 πραιπόσιτος
925 2455 1001 2517 εἰς
1054 2452 1295 2534 κεφαλὴν
1353 2457 1451 2508 τοῦ
1514 2451 1764 2525 σεκρέτου
1820 2447 1998 2504 ἐπάνω

339 2551 563 2606 πάντων
615 2551 723 2602 τῶν
759 2543 1086 2620 πατρικίων,
1142 2543 1232 2598 καὶ
1291 2540 1488 2606 εὐθέως
1541 2541 1594 2595 οἱ
1643 2537 1997 2612 σιλεντιάριοι

343 2635 572 2694 ἔπισθεν
610 2640 702 2691 τοῦ
758 2633 1012 2709 σεκρέτου
1069 2629 1213 2688 ἔνθεν
1267 2632 1513 2687 κάκεῖθεν
1538 2629 1816 2707 εἰσάγουσι
1861 2627 1999 2681 κατὰ

348 2728 530 2800 τιμὴν
559 2721 800 2794 ἕκαστον,
831 2723 925 2780 καὶ
975 2721 1260 2778 πίπτουσιν
1321 2717 1622 2795 ἔμπροσθεν
1649 2722 1756 2772 τῶν
1806 2713 1998 2771 δεσπο-

2111 1921 2286 1988 caput
2305 1919 2509 1974 secreti
2529 1937 2704 1989 super
2733 1938 2935 1978 omnes
2959 1924 3230 1995 patricios
3260 1941 3394 1980 eum
3427 1925 3753 1993 constituit,

2114 2021 2180 2063 ac
2199 2007 2396 2062 statim
2419 2007 2726 2065 silentiarii
2749 2015 2876 2082 post
2897 2017 3187 2068 secretum
3211 2013 3475 2085 singulos
3501 2030 3602 2086 pro
3636 2031 3753 2070 suis

2110 2097 2395 2170 dignitate
2425 2100 2748 2168 adducunt,
2780 2105 2878 2175 qui
2914 2103 3080 2175 proni
3111 2105 3170 2160 in
3210 2108 3426 2160 terram
3474 2105 3641 2177 quasi
3691 2107 3751 2162 in

2110 2185 2296 2256 capite
2327 2189 2532 2244 secreti
2564 2191 2882 2258 constituti,
2915 2191 3168 2248 dominis
3199 2193 3412 2266 gratias
3437 2199 3648 2263 agunt:
3673 2194 3757 2250 sic

2108 2281 2160 2328 et
2191 2275 2459 2333 consules
2492 2282 2844 2350 ceterosque
2871 2297 3057 2352 usque
3089 2282 3161 2337 ad
3194 2288 3557 2352 postremum
3585 2298 3753 2339 sena-

2109 2368 2287 2417 torem
2317 2363 2858 2422 adducunt.Ullimo
2877 2368 3099 2424 domini
3120 2371 3452 2440 praeposito,
3483 2369 3534 2426 is
3557 2371 3757 2427 tunica

2109 2465 2212 2505 sua
2241 2450 2564 2510 silentiario
2595 2454 2655 2510 in
2689 2455 2878 2511 medio
2910 2461 3134 2512 secreto
3162 2457 3484 2514 constituto
3515 2459 3751 2530 signum

2108 2539 2225 2608 dat,
2250 2543 2308 2595 et
2329 2540 2470 2596 dicit
2496 2559 2509 2597 :
2545 2562 2570 2594 ι
2599 2543 2843 2609 Jubete;
2880 2567 2910 2595 »
2939 2550 3173 2601 senatus
3190 2563 3342 2616 vero,
3377 2569 3405 2597 «
3440 2547 3622 2604 Multa
3652 2549 3754 2604 bo-

2109 2642 2296 2698 naque
2325 2632 2607 2702 tempore,
2641 2655 2670 2682 «
2703 2633 2959 2690 dominis
2985 2639 3353 2706 apprecatus,
3379 2635 3440 2693 in
3473 2653 3750 2709 processu

2107 2715 2362 2772 ecclesiae
2394 2734 2510 2774 una
2539 2737 2670 2777 cum
2702 2722 2955 2778 dominis
2977 2721 3246 2780 discedit.

342 2819 457 2870 τῶν
512 2813 1052 2889 ἂπευχαριστοῦντες,
1119 2810 1194 2873 ὡς
1258 2804 1522 2871 λαϐόντες
1579 2805 1823 2885 κεφαλὴν
1885 2803 2136 2878 σεκρέτου
2201 2806 2337 2876 (59),
2401 2807 2614 2879 ὁμοίως
2652 2811 2741 2864 καὶ
2812 2807 3050 2873 ’ὑπάτους
3118 2810 3283 2886 μέχρι
3348 2815 3445 2868 τοῦ
3512 2813 3746 2892 ἐσχάτου

341 2909 452 2962 τῶν
508 2903 909 2978 συγκλητικῶν.
974 2903 1096 2967 Εἶθ’
1157 2900 1329 2962 οὕτως
1368 2899 1612 2955 νεύουσιν
1677 2898 1728 2951 οἱ
1797 2892 2050 2950 δεσπόται
2116 2896 2196 2964 τῷ
2261 2899 2908 2971 πραιποσίτῳ,κάκεῖνος
2971 2903 3112 2957 νεύει
3184 2899 3272 2956 διὰ
3307 2910 3408 2972 τῆς
3477 2902 3742 2979 χλανίδος

333 2996 503 3052 αύτοῦ
531 2995 626 3051 τὸν
655 2993 1019 3071 σιλεντιάριον
1047 2992 1141 3049 τὸν
1173 2992 1377 3047 ἑστῶτα
1411 2991 1572 3064 μέσον
1603 2991 1700 3044 τοῦ
1731 2987 2004 3061 σεκρέτου,
2040 2982 2129 3036 καὶ
2162 2981 2327 3059 λέγει’
2374 3009 2403 3040 ιι
2441 2987 2759 3061 Κελεύσατε,
2794 3015 2823 3042 ››
2871 2991 2960 3046 καὶ
3009 2990 3297 3067 ἐπεύχεται
3337 2999 3479 3048 πᾶσα
3527 2998 3562 3064 ἡ
3610 2995 3747 3070 σύγ-

330 3085 567 3156 κλητος·
595 3110 626 3138 ‹‹
658 3084 756 3149 Εἲς
783 3082 1030 3145 πολλοὺς
1058 3082 1150 3138 καὶ
1170 3081 1407 3158 ἀγαθοὺς
1431 3079 1690 3158 χρόνους,
1724 3100 1751 3130 ››
1784 3075 1873 3130 καὶ
1891 3074 1939 3110 ²⁶
1961 3073 2209 3128 ἀποκυεῖ
2228 3071 2280 3128 ἐν
2311 3080 2391 3148 τῷ
2407 3076 2686 3153 προκένσῳ
2711 3087 2812 3150 τῆς
2834 3078 3125 3153 ἐκκλησίας
3149 3077 3260 3155 ἅμα
3287 3087 3402 3144 τοῖς
3433 3080 3743 3146 δεσπόταις.

330 3174 470 3232 ’Ὀσα
552 3174 638 3232 δεῖ
695 3173 1162 3252 ,παρςοφυλάττειν
1244 3170 1332 3226 ἐπὶ
1367 3172 1720 3252 ῌπροαγιυγῇ

407 3269 606 3324 στρου,
664 3246 716 3303 εἷ’
766 3240 978 3303 κελεύει
1033 3244 1193 3300 αὐτὸν
1261 3240 1490 3313 ποιῆσαι
1566 3240 1990 3314 εἶς”κυριακὴν

411 3321 690 3398 παγανήν.

409 3397 648 3486 Α’ξΙΙρὸ
707 3411 834 3482 μιᾶς
891 3413 960 3482 τῇ
1020 3405 1154 3481 αὐτῇ
1230 3402 1428 3479 ἑσπέρᾳ
1485 3400 1872 3479 ἀσφαλίζονται
1949 3397 2001 3452 οἱ

336 3506 483 3577 τρεῖς
537 3497 792 3562 πυλῶνες
841 3499 894 3553 οἱ
941 3495 1276 3574 ἐλεφάντινοι
1322 3498 1412 3550 tu?)
1460 3491 1870 3564 κονσιστωρίου,
1911 3487 2001 3542 καὶ

345 3575 396 3645 οῖ
420 3587 779 3664 ἐξερχόμενοι
812 3585 889 3648 εἷς
926 3587 1018 3642 τὸν
1075 3585 1336 3659 μάκρωνα
1380 3587 1487 3636 τῶν
1548 3578 1883 3636 κανδιδάτων
1912 3575 2001 3632 καὶ

345 3683 597 3754 κρεμῶσι
664 3675 810 3752 βῆλα
865 3675 940 3740 εἷς
996 3677 1123 3738 τοὺς
1172 3679 1320 3750 τρεῖς
1395 3674 1678 3743 πυλῶνας,
1757 3673 2008 3747 ἀσφαίζε-

347 3790 435 3824 ται
467 3767 560 3822 καὶ
609 3767 674 3822 τὸ
718 3766 972 3841 τρίθυρον
1021 3769 1117 3820 τοῦ
1161 3761 1473 3820 ὁνοποδίου.
1537 3762 1746 3836 ὁμοίιος
1803 3762 1893 3816 καὶ
1951 3763 2006 3817 αῖ

350 3857 508 3928 θύραι
565 3858 663 3910 τοῦ
721 3853 1009 3932 δέλφακος,
1068 3853 1158 3908 καὶ
1214 3853 1427 3908 ’ἰσταται
1478 3853 1541 3908 τὸ
1601 3855 1784 3923 σένζον
1828 3851 1902 3914 εἰς
1943 3851 2005 3906 τὸ

349 3941 625 4020 κθὸώριον
646 3948 742 3999 νοῦ
783 3943 1200 4018 κονσιστωρίου,
1253 3943 1340 3997 καὶ
1371 3945 1442 4016 τῇ
1481 3940 1679 4017 ἑσπέρᾳ
1737 3939 2009 4018 φυλιπίττιις⁵

351 4056 438 4090 ται
488 4036 596 4090 ὕπὸ
658 4031 1030 4108 σιλεντιαρίων
1089 4031 1180 4086 καὶ
1241 4026 1594 4110 ξχοσϐαῖτῶν,
1664 4029 1753 4086 καὶ
1833 4027 2009 4092 οὐδεὶς

357 4122 639 4201 διέρχεται
702 4127 771 4196 τῇ
843 4123 1043 4195 ἑσπέρᾳ
1098 4119 1273 4195 ἐκείνῃ
1338 4120 1391 4175 ἐν
1465 4124 1543 4192 τῷ
1611 4118 2008 4194 κονσιστωρίῳ,

354 4215 651 4286 ἱσταμένου
705 4212 801 4267 τοῦ
871 4209 1074 4280 σένζου.
1127 4210 1224 4265 Καὶ
1293 4208 1554 4281 μηνύεται
1616 4209 1705 4283 ἀφ’
1785 4209 2010 4282 ἑσπέρας

357 4308 499 4358 πᾶσα
529 4305 567 4371 ἡ
621 4299 954 4377 σύγκλητος,
991 4300 1092 4355 ’ἰνω
1135 4297 1481 4370 προέλθωσιν
1538 4296 1626 4352 ἐπὶ
1669 4296 2010 4373 προελεύσει,

359 4391 449 4447 καὶ
477 4392 544 4446 τὸ
601 4387 752 4464 πρωΐ
797 4391 912 4463 (60)
961 4390 1006 4424 ³⁷
1055 4385 1317 4443 ἀλλάσσει
1360 4388 1395 4456 ἡ
1458 4384 1770 4463 σύγκλητος
1826 4385 1878 4442 ἐν
1935 4391 2014 4459 τῷ

363 4482 611 4557 μάκρωνι
655 4482 766 4533 τῶν
817 4473 1174 4547 κανδιδάτων,
1223 4477 1314 4531 καί
1375 4476 1427 4532 o't
1482 4475 1760 4551 πατρίκιοι
1813 4475 2016 4533 ἀλλάσο

1829 3163 1990 3253 μαγὶί-
2020 3166 2071 3232 C
2102 3165 2446 3253 Observandq
2495 3172 2554 3226 in
2603 3175 2949 3253 promotion
2994 3176 3269 3253 magistri,
3298 3178 3364 3253 _.sz'
3392 3175 3547 3246 jubet
3586 3191 3752 3248 tmpe-

2358 3247 2534 3310 ναίον,
2568 3253 2630 3299 ιιι
2657 3243 2744 3300 die
2770 3247 2907 3316 festo
2923 3262 3148 3319 pagano
3177 3243 3500 3304 celebretur.

2183 3405 2226 3460 Ι.
2257 3405 2445 3463 Pridie
2483 3408 2610 3479 ejus
2651 3408 2765 3464 diei
2811 3411 3034 3481 vesperi
3080 3415 3198 3467 tres
3255 3412 3520 3470 eburneas
3575 3416 3754 3483 portae

2112 3496 2464 3565 consistorii,
2517 3502 2640 3554 tum
2685 3515 2812 3570 quae
2853 3501 2924 3555 ad
2968 3516 3298 3557 macronem
3330 3517 3432 3557 seu
3468 3502 3754 3572 porticum

2114 3583 2556 3641 candidatorum
2605 3594 2833 3657 exeunt,
2878 3586 3256 3657 clauduntur,
3299 3589 3426 3644 vela
3456 3589 3514 3642 in
3561 3590 3751 3643 tribus

2116 3673 2300 3745 portis
2331 3675 2787 3744 suspenduntur,
2822 3676 3026 3746 triplex
3074 3677 3252 3746 janua
3293 3677 3562 3748 onopodii
3595 3692 3757 3748 aeque

2114 3779 2180 3817 ac
2211 3768 2388 3833 portis
2419 3763 2719 3835 delphacis
2750 3764 3124 3832 clauduntur,
3157 3765 3408 3822 thronus
3446 3765 3506 3820 in
3537 3765 3756 3821 ciborio

2117 3851 2443 3907 consistorii
2495 3852 2814 3909 collocatur
2867 3861 2921 3910 et
2968 3869 3205 3926 vespere
3249 3871 3283 3910 a
3326 3852 3664 3909 silentiariis
3706 3859 3763 3908 et

2119 3939 2435 3997 chosbaitis
2474 3943 2819 4011 custoditur,
2873 3959 2977 3999 nec
3025 3943 3162 3999 licet
3213 3942 3316 3998 ulli
3361 3943 3469 3999 hac
3500 3958 3758 4014 vespera,

2121 4029 2306 4102 posito
2339 4031 2572 4099 throno,
2604 4031 3009 4089 consistorium
3043 4032 3290 4104 ingredi.
3322 4037 3499 4088 Porro
3537 4033 3761 4104 vesperi

2123 4125 2360 4176 senatus
2385 4121 2601 4190 omnis,
2631 4123 2776 4191 utiin
2801 4123 3167 4191 processione
3197 4123 3456 4192 prodeat,
3482 4121 3760 4189 monitus,

2123 4225 2291 4264 mane
2321 4209 2380 4264 in
2404 4227 2677 4266 mucrone
2695 4211 3164 4279 candidatorum,
3187 4209 3408 4279 patricii
3435 4209 3494 4265 in
3517 4226 3583 4265 eo
3617 4209 3765 4279 loco,

2123 4298 2221 4371 qui
2293 4299 2363 4353 ad
2439 4299 2616 4355 Indos
2671 4305 2935 4368 vocatur,
2969 4299 3244 4370 quoniam
3310 4299 3478 4371 ipsis,
3559 4298 3764 4355 throno

2124 4388 2460 4453 constituto,
2481 4387 2888 4443 consistorium
2913 4387 3128 4442 intrare
3151 4387 3528 4444 interdictum
3551 4393 3656 4456 est,
3681 4404 3769 4443 ve-

2126 4485 2240 4532 stes
2271 4479 2521 4532 mutant.
2543 4475 2604 4531 Si
2628 4491 2763 4530 vero
2786 4474 3003 4530 domini
3027 4476 3086 4530 in
3109 4476 3316 4532 throno
3348 4477 3648 4533 considere
3672 4492 3768 4533 vo-

363 4539 376 4553 .
475 4539 486 4557 .
1161 4539 1171 4547 .
1593 4539 1602 4551 .

362 4589 544 4625 σουσιν
589 4569 670 4630 εἰς
709 4566 839 4630 τοὺς
869 4563 1098 4638 Ἰνδοὺς,
1143 4566 1219 4640 μή
1273 4562 1494 4642 ἔχοντες
1554 4562 1733 4621 ἄδειαν
1793 4565 2013 4622 εἰσιέναι

2122 4565 2277 4632 lunt,
2309 4580 2549 4622 coronas
2579 4579 2646 4620 ac
2669 4563 3006 4635 chlamydes
3034 4571 3350 4636 gestantes,
3383 4583 3452 4622 ex
3483 4570 3766 4638 augusteo

368 4658 418 4713 ἐν
457 4663 537 4731 τῷ
588 4656 992 4731 κονσιστωρίῳ,
1035 4655 1327 4728 ἱσταμένου
1375 4658 1471 4709 τοῦ
1520 4655 1727 4725 σένζου.
1779 4658 1882 4714 Καὶ
1931 4659 2022 4715 ’ὀτε

368 4747 678 4804 κελεύουσιν
737 4747 790 4800 οἱ
850 4743 1108 4800 δεσπόται
1153 4745 1371 4798 καθίσαι
1420 4743 1496 4806 εἷς
1543 4745 1605 4799 τὸ
1655 4745 1832 4815 σένζον
1886 4745 2023 4823 ἐξέρ-

370 4855 560 4911 χονται
611 4835 674 4891 ἐκ
723 4837 821 4890 τοίῑ
883 4829 1226 4909 αὖγουστέως
1307 4831 1659 4905 ἐστεμμένοι,
1732 4839 2022 4910 φοροῦντες

374 4925 458 4981 καί
510 4925 606 4990 τὰς
653 4919 971 5002 χλαμύδας,
1011 4921 1101 4978 καὶ
1148 4925 1423 4995 μυστικῶς
1484 4919 1867 4995 ὀψικευόμενοι
1919 4925 2025 4981 ὑπὸ

372 5019 468 5070 τοῦ
523 5007 954 5081 κουϐουκλείου,
1011 5008 1328 5080 καθέζονται
1385 5007 1463 5071 εἰς
1513 5009 1578 5064 τὸ
1640 5006 1844 5083 σένζον,
1889 5013 1917 5068 ὁ
1969 5011 2026 5070 δὲ

2133 4652 2784 4728 prodeunt,etcubiculo
2798 4669 2893 4709 eos
2908 4659 3127 4710 secreto
3140 4657 3542 4722 comitante,in
3557 4656 3773 4711 throno

2133 4745 2460 4813 consident,
2500 4741 2944 4800 cerimoniarius
2989 4759 3122 4801 vero
3171 4750 3330 4802 extra
3372 4754 3570 4818 portas
3603 4746 3776 4801 ebur-

2133 4851 2272 4892 neas
2293 4835 2352 4890 in
2379 4834 2552 4905 longa
2581 4831 2803 4904 porticu
2825 4833 3293 4902 candidatorum,
3310 4837 3465 4891 unde
3487 4835 3776 4905 processio

2136 4923 2218 4989 tit,
2256 4922 2378 4978 vela
2427 4921 2865 4993 magistrorum,
2900 4923 3269 4994 patriciorum
3312 4939 3377 4978 ac
3423 4921 3775 4992 reliquorum

2135 5016 2470 5070 senatorum
2492 5011 2746 5068 ordinat.

375 5108 473 5168 τῆς
522 5102 906 5165 καταστάσεως
963 5099 1153 5172 ἔξωθεν
1228 5103 1339 5154 τῶν
1426 5097 1789 5176 ἐλεφαντίνων
1861 5107 2046 5158 πυκῶν
2104 5103 2178 5165 εἷς
2225 5101 2320 5156 τὸν
2378 5099 2639 5174 μάκριυνα
2683 5103 2793 5154 τῶν
2825 5095 3181 5170 κανδιδάτων,
3232 5093 3354 5153 ἔνθα
3401 5097 3491 5153 καὶ
3542 5098 3576 5166 ἡ
3638 5115 3778 5171 προ-

376 5191 612 5265 ὶλευσις,
639 5191 938 5266 εὐτρεπίζει
968 5190 1034 5245 τὰ
1061 5187 1324 5265 βῆλαᾶπὸ
1353 5208 1412 5244 τε
1449 5189 1779 5267 μαγίστρων,
1813 5211 2109 5268 πατρικιων
2143 5190 2232 5248 καὶ
2264 5188 2474 5246 λοιπῶν
2509 5187 2918 5265 συγκλητικῶν.

1735 5310 1976 5366 VARI/E
2015 5309 2422 5370 LECTIONES.

447 5421 491 5458 ³⁵
527 5413 834 5498 γραδήλιον
867 5410 1143 5492 προϐαλλ.
1185 5417 1278 5476 ed.
1359 5417 1403 5453 ³³
1428 5413 1590 5478 αὐτὸς
1624 5433 1740 5474 om.
1775 5417 1864 5474 ed.
1942 5420 1987 5457 ²⁶
2016 5418 2106 5474 καὶ
2133 5424 2269 5477 ante
2295 5417 2544 5472 ἀποκινεῖ
2568 5431 2684 5472 om.
2719 5415 2848 5472 cod.
2879 5413 3011 5470 add.
3048 5413 3244 5472 Leich.

3347 5410 3394 5448 ³⁷
3415 5414 3498 5484 τῷ
3526 5408 3658 5486 προΐ
3699 5413 3790 5469 ed.

1441 5525 1646 5584 JOAN.
1685 5525 1826 5583 JAC.
1870 5528 2122 5586 BEISKII
2161 5521 2743 5584 COMMENTARIUS.

451 5639 566 5712 (59)
603 5638 688 5712 θυι
735 5638 888 5696 nacti
931 5642 1119 5709 caput,
1168 5633 1258 5712 νει
1305 5633 1615 5712 principem
1641 5637 1878 5712 secreti,
1907 5653 2040 5712 _s_eu

386 5706 646 5786 corporis
677 5706 1010 5784 procerum,
1037 5706 1193 5780 quod
1226 5706 1383 5778 apud
1406 5706 1821 5780 imperatorem
1853 5707 1926 5764 ad
1948 5709 2040 5766 de-

711 5843 980 5904 PATIOL.
1030 5841 1140 5902 Gn.
1186 5837 1368 5900 CXII.

2149 5633 2522 5692 libet-stiones
2553 5629 2896 5687 secretiores
2929 5627 3240 5686 convenire
3271 5627 3437 5688 solet.

2223 5705 2337 5775 (60)
2371 5702 2496 5759 Vid.
2534 5705 2653 5758 not.
2688 5701 2754 5757 ad
2801 5716 2854 5773 p.
2891 5699 3013 5755 138.

3408 5832 3482 5893 16
