4180 6304
435 382 550 442 491

1500 356 2031 423 CONSTANTINI
2073 352 2773 417 POBPHYBOGENITI

3776 360 3899 419 492

510 529 580 584 Il.
624 524 1004 598 Praepositus,
1051 521 1216 593 signo
1246 536 1278 573 a
1320 514 1577 573 dominis
1617 514 1872 583 accepto,
1923 509 2081 598 foras

2264 489 2319 543 B'
2368 484 2647 559 Λαμϐάνει
2693 493 2863 562 νεῦμα
2911 490 3057 564 παρά
3098 493 3204 543 τῶν
3253 485 3561 544 δεσποτῶν
3632 490 3664 543 ὁ
3729 510 3899 564 πραι-

2243 576 2258 598 Ι
2403 597 2406 598 ,
2471 597 2474 598 ,
2542 577 2557 597 \
2607 577 2677 598 ’δ’
2928 575 2975 598 ν»
3081 575 3105 598 β
3145 578 3159 596 ἱ
3292 582 3317 594 ε’
3446 576 3460 598 Ι
3525 597 3534 598 κ
3633 597 3656 598 η
3709 575 3732 598 Ἴ
3759 582 3787 593 ⁸*

440 633 541 690 per
573 596 827 672 mediam
857 608 1181 669 consistorii
1213 609 1464 679 portam,
1496 620 1529 659 a
1576 601 1801 658 duobus
1831 596 2083 655 ostiariis

441 686 710 776 stipatus,
738 702 1015 775 procedit,
1044 703 1101 755 et
1124 696 1250 753 vela
1276 693 1514 751 adducit
1549 710 1562 747 :
1596 691 1874 763 primum,
1901 686 2083 776 magi-

443 774 626 861 stros;
653 792 996 858 secundum,
1013 786 1281 861 patricios
1298 803 1312 853 ;
1332 784 1592 849 tertium,
1607 779 1906 861 consules;
1982 774 2082 831 88

445 849 738 937 quartum,
764 849 1064 918 comites"
1085 883 1098 927 ;
1119 849 1414 929 quintum,
1436 854 1810 925 expraefectos
1837 849 2084 905 etduces

443 936 760 1024 cupiarum.
776 949 913 1005 Vela
934 948 1015 1005 sic
1038 946 1328 1019 completa
1344 950 1650 1016 postquam
1675 936 2084 1024 consistorium

442 1022 701 1112 ingressa
730 1044 888 1104 sunt,
920 1036 1141 1093 domini
1173 1032 1481 1107 praeposito
1527 1031 1759 1101 signum
1791 1027 1952 1092 dant,
1984 1022 2086 1095 qui

442 1131 705 1203 magistri
728 1129 1012 1201 dignitate
1032 1125 1363 1182 ornandum
1386 1139 1455 1178 ex
1480 1119 1854 1192 patriciorum
1882 1114 2087 1171 ordine

442 1220 701 1289 adducit,
733 1224 788 1274 et
819 1218 877 1273 in
908 1216 1090 1273 medio
1121 1215 1403 1287 graduum
1434 1206 1967 1281 porphyreticorum
1998 1218 2089 1258 co-

443 1325 567 1364 ram
613 1307 853 1372 ciborio,
888 1305 1099 1360 deinde
1138 1304 1199 1356 in
1230 1300 1401 1356 tertio
1450 1299 1631 1370 gradu
1666 1291 2004 1351 constituit:
2036 1292 2086 1347 is

441 1399 509 1455 ad
541 1397 853 1455 scabellum
890 1394 1079 1450 throni
1124 1390 1471 1463 procumbit,
1505 1390 1798 1460 pedesque
1828 1388 1884 1441 et
1913 1382 2085 1439 ambo

440 1504 629 1558 genua
661 1485 852 1556 magni
891 1483 1260 1554 imperatoris
1291 1496 1453 1550 atque
1482 1494 1547 1533 ac
1578 1475 1819 1532 minoris
1852 1470 2084 1529 oscula-

439 1582 560 1641 tus,
593 1578 780 1646 surgit
809 1577 866 1629 et
888 1571 1163 1644 expansis
1196 1569 1470 1626 manibus
1502 1565 1839 1621 sticharium
1873 1569 1927 1617 et
1958 1559 2083 1617 bal-

442 1668 601 1720 teum
635 1679 669 1718 a
700 1660 955 1717 dominis
986 1658 1217 1729 accipit.
1242 1657 1404 1712 Tunc
1458 1671 1583 1711 eum
1611 1652 1982 1724 prapositus,
2018 1648 2082 1705 in

438 1753 747 1807 hibernum
780 1749 1189 1804 consistorium
1221 1747 1558 1810 deductum,
1590 1742 1861 1799 stichario
1892 1738 2083 1795 induit

437 1845 493 1896 et
523 1838 711 1895 balteo
735 1838 933 1907 cingit,
950 1836 1152 1908 sicque
1174 1836 1246 1891 ad
1278 1836 1455 1906 pedes
1475 1832 1846 1889 dominorum
1871 1827 2081 1885 consti-

436 1927 636 1994 tuitur,
686 1943 852 1997 quos,
887 1929 948 1980 ut
988 1926 1265 1996 primum,
1300 1921 1621 1986 osculatus,
1674 1919 1818 1990 ipsis
1867 1916 2087 1988 gratias

437 2015 576 2085 agit.
610 2015 774 2071 Tunc
806 2031 940 2071 eum
981 2014 1326 2085 praepositus
1358 2012 1415 2066 in
1447 2010 1635 2081 capite
1665 2006 1868 2064 secreti
1900 2004 2075 2078 patri-

440 2104 659 2158 ciorum
708 2102 1027 2173 constituit,
1074 2108 1132 2158 et
1178 2102 1548 2157 adducuntur
1595 2095 1819 2170 patricii
1867 2109 2082 2161 omnes,

442 2192 781 2249 silentiariis
812 2193 1034 2264 stipati,
1068 2196 1124 2247 et
1162 2192 1374 2263 gratias
1414 2192 1617 2260 agunt,
1659 2190 1831 2258 caput
1878 2183 2085 2241 secreti

444 2282 611 2353 quasi
634 2287 917 2338 tenentes.
941 2280 1309 2338 Silentiarius
1336 2284 1551 2344 autem,
1570 2278 1631 2333 in
1649 2275 1837 2333 medio
1862 2278 2084 2330 secreto

442 2374 824 2443 constitutus,
878 2377 1087 2428 nutum
1128 2388 1162 2429 a
1195 2370 1501 2443 praeposito
1534 2368 1766 2439 accipit,
1807 2371 1864 2422 et
1896 2363 2037 2419 dicit
2070 2379 2084 2419 :

444 2485 473 2513 κ
494 2463 732 2530 Jubete;
757 2485 787 2512 »
809 2470 1069 2527 senatus,
1087 2482 1115 2510 ι‹
1141 2459 1317 2517 Multa
1335 2475 1401 2516 ac
1428 2457 1617 2514 felicia
1636 2462 1913 2526 tempora,
1936 2476 1965 2504 »
1992 2469 2087 2524 ap-

444 2558 733 2623 precatur,
747 2558 800 2606 et
818 2552 898 2607 sic
915 2551 974 2605 in
1000 2564 1330 2605 macronem
1345 2548 1778 2604 canditaturum
1805 2561 1867 2600 se
1882 2545 2086 2600 confe—

446 2646 603 2709 runt,
627 2641 986 2697 silentiarius
1024 2641 1267 2695 missam
1302 2639 1420 2695 dat.
1453 2639 1766 2692 Promotus
1800 2636 1871 2689 ad
1906 2632 2087 2706 magi-

445 2730 547 2785 stri
577 2729 916 2801 dignitatem
938 2730 1007 2784 ad
1039 2728 1213 2783 Indos
1244 2726 1492 2783 discedit
1513 2739 1840 2797 sagumque
1867 2739 2083 2796 purpu-

444 2835 608 2875 reum
624 2834 799 2889 supra
814 2817 1159 2874 sticbarium
1176 2832 1350 2872 suum
1367 2815 1579 2885 induit,
1593 2816 1909 2886 etzdomum
1924 2814 2081 2870 abit:

442 2925 570 2979 quaa
601 2908 650 2964 si
682 2908 949 2980 proxima
977 2905 1192 2979 palatio
1223 2909 1335 2972 est,
1369 2920 1654 2978 proceres,
1693 2902 1999 2959 domestici
2031 2910 2086 2958 et

443 2996 711 3053 scholarii
733 2997 973 3067 pedites,
990 2995 1229 3053 scutarii
1257 2994 1504 3059 numeri,
1526 2993 1768 3049 diaetarii
1792 2997 1852 3048 et
1879 2991 2084 3047 decani

443 3102 575 3142 eum
607 3091 954 3159 sequuntur,
984 3086 1077 3141 sin
1106 3085 1401 3149 remotior,
1432 3082 1633 3154 iidem,
1664 3082 1916 3153 exceptis
1947 3097 2084 3153 pro-

444 3178 695 3244 ceribus,
727 3177 1099 3233 comitantur.
1147 3173 1587 3229 Observandum
1620 3187 1750 3226 vero
1806 3176 1916 3239 est,
1949 3186 2084 3226 eum

2190 576 2411 638 πόσιτος
2466 577 2557 632 καὶ
2604 577 2881 656 ἐξερχεται
2926 575 3026 648 ἔξω
3078 575 3169 632 διά
3228 582 3321 633 τοῦ
3382 576 3588 650 μέσου
3623 575 3899 640 πυλῶνος

2190 671 2287 720 τοῦ
2343 666 2756 741 κονσιστωρίου,
2817 665 3207 740 ὀψικευόμενος
3244 667 3344 722 ὑπὸ
3399 664 3514 721 δύο
3556 665 3899 741 ὀστιαρίων,

2192 756 2281 809 καὶ
2311 754 2509 829 εἰσάγει
2544 756 2718 830 βῇλον
2737 757 2803 824 α’,
2846 754 3180 830 μαγίστρους
3214 758 3280 811 ³⁸.
3315 755 3516 831 βῆλον
3557 755 3636 830 β’,
3703 775 3900 830 πατριο

2193 842 2369 905 λίους·
2408 842 2579 918 βῆλον
2621 845 2689 920 γ’,
2746 845 2873 907 τοὺς
2935 845 3192 907 ὑπάτους·
3264 842 3454 920 βῆλον
3528 841 3602 912 δ’,
3639 845 3779 905 τοὺς
3813 846 3908 898 κό-

2198 952 2377 1005 μητασ
2416 933 2651 1005 σεκόρων
2706 936 2817 1007 (61)
2858 933 2922 989 ’9.
2973 931 3153 1007 βῆλον
3214 934 3271 1001 ε’,
3324 933 3470 994 τοὺς
3537 932 3663 986 ἀπὸ
3727 931 3901 1006 ἐπάρ-

2194 1041 2310 1097 χων
2365 1022 2453 1075 καὶ
2507 1021 2900 1096 στρανηλάτας.
2950 1022 3047 1077 Καὶ
3112 1022 3203 1099 ἀφ’
3273 1022 3331 1075 οὗ
3398 1020 3793 1090 πληρωθῶσι
3851 1022 3900 1057 ³ο

2192 1111 2261 1164 τὰ
2320 1109 2465 1185 βῆλα
2533 1110 2620 1164 καὶ
2676 1110 2994 1174 εἰσέλθωσιν
3062 1106 3213 1165 ἔνδον
3274 1108 3369 1165 τοῦ
3437 1109 3899 1183 κονσισιτωρίου,

2194 1199 2434 1253 νεύουσιν
2494 1200 2544 1254 οἱ
2599 1197 2854 1255 δεσπόται
2909 1203 2990 1271 τῷ
3045 1198 3421 1274 πραιποσίτῳ,
3481 1197 3587 1253 καὶ
3687 1198 3900 1273 εἰσάγει

2193 1289 2284 1341 τὸν
2312 1285 2600 1366 ὀφείλοντα
2627 1282 3013 1362 προϐληθῆναι
3055 1288 3351 1363 μάγιστρον
3385 1285 3458 1341 ἐκ
3534 1306 3643 1360 τῃς
3688 1284 3898 1355 τάξεως

2194 1380 2303 1431 τῶν
2348 1376 2668 1450 πατρικίων,
2719 1378 2808 1432 καὶ
2859 1375 3006 1454 φέρει
3062 1376 3223 1432 αὐτὸν
3275 1374 3449 1449 μέσον
3493 1378 3617 1431 τῶν
3675 1396 3894 1452 πορφυ-

2195 1468 2302 1539 ρῶν
2338 1463 2656 1543 γραδηλίων
2722 1462 3022 1543 ἔμπροσθεν
3064 1469 3166 1521 τοῦ
3236 1461 3554 1539 κιϐωρίου,
3616 1463 3719 1518 καὶ
3772 1464 3902 1518 ἀνα-

2194 1555 2340 1633 φέρει
2390 1556 2550 1610 αὐτὸν
2604 1554 2679 1617 εἷς
2745 1556 2807 1610 τὸ
2870 1554 3055 1629 τρίτον
3124 1551 3461 1630 γραδήλιον,
3536 1552 3641 1608 καὶ
3702 1553 3896 1609 πίπτει

2194 1643 2493 1717 ἔμπροσθεν
2522 1647 2619 1699 τοῦ
2661 1642 2964 1699 ὑποποδίου
3008 1648 3105 1699 τοῦ
3137 1643 3344 1713 σὲνζου,
3387 1641 3495 1698 καὶ
3545 1642 3717 1719 φιλεῖ
3765 1643 3893 1705 τοὺς

2191 1730 2361 1787 πόδας
2421 1738 2517 1787 τοῦ
2571 1732 2816 1808 μεγάλου
2866 1730 3127 1788 δεσπότου
3175 1733 3266 1787 καὶ
3313 1732 3381 1786 τά
3469 1729 3581 1786 δύο
3656 1732 3890 1805 γόνατα,

2193 1822 2403 1895 ὁμοίως
2458 1821 2692 1876 καὶτοῦ
2755 1827 2974 1895 μικροῦ,
3040 1822 3131 1876 καὶ
3199 1822 3433 1883 ἀναστὰς
3520 1818 3717 1875 ἁπλοῖ
3782 1821 3880 1882 τάς

2194 1916 2383 1989 χεῖρας
2419 1910 2507 1965 καὶ
2563 1906 2831 1983 λαμϐάνει
2880 1910 3026 1984 παρά
3071 1915 3179 1965 τῶν
3232 1907 3528 1965 δεσποτῶν
3578 1910 3648 1965 τὸ
3686 1909 3888 1985 στιχά·

2198 2021 2310 2076 ριον
2359 2001 2450 2055 καὶ
2519 2001 2582 2055 τὸ
2645 1998 2944 2076 βαλτίδιον.
2997 2001 3102 2056 Καὶ
3144 1999 3343 2074 εἰσάγει
3395 1998 3584 2055 αὐτὸν
3643 2000 3674 2054 ὁ
3726 2018 3893 2074 πραι-

2194 2091 2423 2154 πόσιτος
2475 2088 2529 2145 ἒν
2576 2094 2656 2161 τῷ
2714 2094 3010 2165 χειμερινῷ
3070 2088 3484 2163 κονσιστωρίῳ,
3555 2089 3655 2144 καί
3719 2086 3889 2144 ἐνδύει

2195 2178 2353 2234 αὐτὸν
2386 2179 2448 2235 τὸ
2479 2180 2763 2255 πιχάριον
2796 2180 2886 2234 καὶ
2928 2182 3186 2248 ζώννυσιν
3215 2178 3380 2233 αὐτὸ)
3440 2180 3513 2234 τὸ
3565 2175 3889 2252 βαλτίδιον,

2195 2270 2282 2324 καὶ
2335 2270 2426 2324 εἶθ’
2476 2268 2650 2331 οὕτως
2691 2270 2987 2346 προσφέρει
3035 2268 3195 2323 αὐτὸν
3264 2268 3399 2342 πρὸς
3491 2268 3637 2328 τοὺς
3712 2264 3889 2328 πόδας

2194 2365 2300 2416 τῶν
2331 2359 2628 2429 δεσποτῶν,
2660 2360 2749 2415 καὶ
2802 2366 2955 2436 φιλεῖ
2999 2359 3125 2421 τοὺς
3174 2356 3364 2429 πόδας,
3412 2359 3506 2421 ὡς
3561 2360 3631 2414 τὸ
3689 2358 3888 2431 πρότε-

2198 2471 2310 2525 ρον,
2361 2448 2777 2527 ἂπευχαριστῶν
2844 2449 2972 2512 τοὺς
3035 2448 3318 2509 δεσπότας.
3372 2449 3486 2503 Καὶ
3543 2442 3748 2503 λαϐὼν
3786 2444 3882 2501 αὖ·

2195 2540 2287 2595 τὸν
2342 2541 2369 2594 ὁ
2424 2541 2781 2615 πραιπόσιτος
2824 2538 3039 2611 ’ίστησιν
3104 2538 3264 2593 αὐτὸν
3325 2537 3401 2599 εἷς
3472 2536 3741 2615 κεφαλὴν
3784 2538 3881 2591 τοῦ

2198 2628 2448 2703 σεκρέτου
2504 2633 2612 2683 τῶν
2654 2629 2972 2702 πατρικίων,
3031 2629 3119 2683 καὶ
3210 2628 3538 2702 εἰσάγονται
3620 2626 3736 2681 ἀπὸ
3822 2644 3878 2679 τε

2196 2717 2493 2793 πατρικίων
2552 2718 2717 2794 μέχρι
2747 2725 2856 2774 τῶν
2916 2718 3180 2795 ἐσχάτων,
3211 2718 3594 2792 κρατούμενοι
3640 2716 3750 2771 ὑπὸ
3793 2735 3875 2768 σι-

2196 2807 2534 2884 λεντιαρίων,
2580 2808 2669 2863 καὶ
2724 2807 3238 2884 ἀπευχαριστοῦσιν,
3287 2807 3364 2867 ὡς
3436 2802 3729 2867 λαϐόντες
3788 2822 3879 2858 κε-

2196 2901 2375 2979 φαλὴν
2434 2900 2706 2975 σεκρέτου.
2762 2902 2825 2957 Ὀ
2885 2900 2943 2956 δὲ
3001 2899 3385 2974 σιλεντιάριος,
3456 2900 3641 2961 ἑστὼς
3706 2896 3869 2972 μέσον

2192 2997 2290 3047 τοῦ
2328 2993 2602 3067 σεκρὲτου,
2650 2988 2915 3066 λαμϐάνει
2972 2997 3146 3064 νεῦμα
3202 2992 3346 3068 παρὰ
3401 2996 3515 3046 τοῦ
3566 2991 3875 3066 πραιποσί-

2194 3102 2295 3136 του
2325 3082 2412 3136 καὶ
2456 3080 2621 3157 λέγει·
2652 3105 2673 3133 ι
2708 3082 3067 3151 Κελεύσατε,››
3096 3080 3186 3136 καὶ
3217 3078 3522 3155 ἐπεύχεται
3548 3083 3586 3151 ἡ
3626 3077 3875 3157 σύγκλη-

2199 3190 2311 3233 τοςσ
2340 3195 2367 3221 ‹‹
2400 3171 2494 3232 Εἰς
2523 3169 2770 3233 πολλοὺς
2794 3171 2884 3225 καὶ
2916 3170 3149 3247 ἀγαθοὺς
3194 3170 3456 3248 χρόνους,
3499 3195 3530 3224 ››
3574 3171 3668 3226 καὶ
3723 3168 3876 3243 ἐξέρ-

444 3230 591 3322 festo
611 3230 844 3337 quoque
865 3264 978 3334 die,
1003 3263 1051 3319 si
1076 3267 1381 3335 promotus
1404 3265 1511 3329 est,
1537 3260 1627 3315 his
1643 3230 2083 3329 comitantibus,

2201 3278 2390 3335 χονται
2427 3258 2479 3314 ἐν
2525 3263 2604 3331 τῷ
2637 3262 2885 3336 μάκρωνι
2922 3263 3029 3314 τῶν
3060 3256 3417 3329 κανδιδάτων,
3476 3260 3575 3314 καὶ
3625 3255 3871 3313 δίδονται

444 3357 683 3409 domum
720 3353 948 3410 reverti.

2203 3349 2381 3423 μίνσαι
2441 3348 2587 3424 παρά
2650 3351 2747 3404 τοῦ
2807 3346 3191 3423 σιλεντιαρίου.
3250 3348 3311 3406 Ὀ
3376 3344 3433 3401 δε
3518 3342 3869 3420 προϐληθεὶς

446 3442 740 3516 μάγιστρος
807 3439 1079 3516 ἐξέρχεται
1147 3438 1225 3503 εἷς
1287 3438 1414 3500 τοὺς
1474 3434 1695 3508 Ἰνδοὺς,
1750 3435 1840 3491 καὶ
1899 3433 2161 3493 ἀλλάσσει
2222 3437 2401 3514 σαγίον
2467 3438 2728 3510 ἀληθινὸν
2788 3440 2967 3494 ἐπάνω
3026 3442 3124 3495 τοῦ
3156 3435 3451 3514 στιχαρίου
3522 3437 3719 3507 αὐτοῦ,
3777 3433 3867 3489 καὶ

441 3531 723 3610 ἀναχωρεῖ
760 3530 838 3592 εἷς
892 3530 982 3584 τὸν
1040 3529 1187 3583 οἶκον
1220 3529 1405 3598 αὑτοῦ,
1464 3527 1553 3581 καὶ
1613 3525 1663 3580 εἷ’
1723 3526 1819 3600 μὶν
1872 3524 1985 3582 ἔστι
2040 3525 2363 3599 πλησιάζων
2420 3532 2498 3601 τῷ
2556 3528 2809 3602 παλατίῳ
2867 3530 2895 3583 ὁ
2956 3528 3105 3590 οἶκος
3164 3526 3350 3598 αὐτοῦ,
3383 3527 3715 3601 ὀψικεῦεται
3760 3521 3862 3579 ὑπὸ

443 3621 825 3693 ἀξιωματικῶν
854 3620 943 3675 καὶ
976 3616 1309 3691 δομεστίκων
1358 3614 1580 3672 πεδίτου
1636 3616 1726 3671 καὶ
1770 3614 2108 3691 ἶσχολαρίων
2154 3615 2376 3673 πεδίτου
2432 3622 2548 3692 (62)
2587 3618 2678 3674 καὶ
2728 3617 3063 3693 σκουταρίων
3108 3615 3205 3674 τοῦ
3258 3617 3503 3693 ἀριθμοῦ
3562 3618 3659 3673 καὶ
3719 3614 3862 3670 διαι-

437 3712 640 3786 ταρίων
744 3712 834 3766 καὶ
933 3708 1188 3766 δεκανῶν’

442 3804 526 3859 ’ὁτι
556 3804 647 3859 καὶ
677 3802 730 3858 ἐν
755 3804 938 3876 ὲοστῇ,
972 3804 1057 3858 saw
1090 3796 1409 3875 προϐληθῇ,
1440 3798 1614 3861 οὕτως
1647 3799 1946 3876 ἀναχωρεῖ.

1027 3894 1258 3951 CAPUT
1299 3891 1517 3947 XLVII.

452 3987 799 4045 Obseruando
832 3986 894 4041 in
922 3985 1265 4058 promotion:
1292 3981 1527 4058 patricii
1554 3980 1821 4036 senatoris
1848 3990 1900 4037 et
1930 3980 2089 4036 mili-

1059 4061 1179 4111 tum
1202 4054 1468 4125 praefecti.

520 4221 563 4275 Ι.
599 4219 787 4275 Pridie
824 4216 1004 4272 unius
1034 4214 1150 4269 diei
1187 4226 1534 4282 responsum
1578 4210 2091 4284 datur,omnisque

447 4312 682 4363 senatus
701 4311 992 4374 monetur,
1014 4302 1150 4359 utin
1175 4297 1508 4355 mutatoriis
1543 4299 1840 4370 procedat:
1859 4300 1908 4356 is
1925 4317 2091 4357 mane

1296 3709 1342 3763 ei
1446 3706 1503 3762 δὲ
1574 3706 1688 3762 ἐστι
1766 3707 2024 3781 μηκόθεν,
2084 3709 2139 3764 oi
2212 3708 2365 3764 αὐτοὶ
2442 3709 2563 3764 ἃνευ
2618 3713 2724 3764 τῶν
2784 3708 3189 3783 ἀξιωματικῶν.
3230 3708 3356 3783 Χρὴ
3420 3703 3485 3762 δὲ
3566 3706 3858 3785 γινώσκειν

2822 3892 3081 3949 ΚΕΦΑΛ.
3102 3890 3233 3948 ΜΖ’.

2198 3981 2339 4053 ὀσα
2404 3977 2523 4058 ,δεῖ
2622 3978 3254 4058 παραφυλάττειν--.ἐπι
3342 3980 3668 4058 προαγωγῇ
3759 3994 3861 4058 πα-

2269 4050 2480 4127 τρικίου
2580 4050 2946 4125 συγκλητιγοῦ
3048 4052 3164 4123 (63)
3266 4050 3407 4105 καὶ’
3485 4050 3863 4127 στρατηγοῦν-

2270 4144 2386 4179 τος.

2270 4143 2386 4184 τος.

2269 4212 2351 4270 Α’.
2411 4213 2524 4284 ΙΙρὸ
2575 4214 2700 4285 μιᾶς
2757 4207 2964 4266 δίδοται
3023 4210 3330 4281 ἀπόκρισις,
3400 4211 3494 4265 καὶ
3590 4206 3854 4284 μηνύεται

2200 4302 2343 4354 πᾶσα
2398 4301 2433 4367 ἡ
2493 4298 2819 4374 σύγκλητος,
2872 4296 2964 4355 ἵνα
3023 4299 3262 4375 προέλθῃ
3324 4300 3457 4373 μετά
3488 4298 3840 4371 ἀλλαξίμων,

1800 4390 2038 4446 νΑΒΙΔΕ
2079 4391 2495 4449 LECTlONES.

518 4484 561 4558 is
588 4482 767 4558 βῆλπιἈ
790 4493 833 4537 α’

868 4479 1343 4557 μαγίστρῖοιξςχκᾳξ
1368 4478 1419 4554 β’
1437 4480 1528 4536 ed.
1599 4478 1941 4557 ²⁹Ασεκόρων,
2000 4481 2349 4537 vocabulum
2400 4482 2632 4557 incerta;
2678 4481 3122 4557 significationis
3169 4480 3298 4557 cod,
3340 4479 3471 4557 b.gl.
3538 4479 3759 4557 praebet
3797 4475 3853 4529 et

448 4549 600 4611 infra
632 4549 685 4627 p.
712 4549 834 4611 237.
868 4549 925 4610 il
958 4549 1023 4611 "et
1055 4549 1122 4609 l2
1153 4549 1423 4627 Leicbius
1454 4568 1523 4627 ea
1547 4549 1885 4627 conjectura
1917 4560 2002 4609 ter
2033 4557 2281 4627 σοιιιρῷν.⁸
2295 4553 2473 4627 semel
2505 4558 2696 4627 autem
2730 4549 2993 4627 σεκρὲτων
3026 4552 3346 4625 rescripsit.
3382 4549 3699 4622 utrumque
3719 4549 3851 4620 jure

447 4620 815 4699 improbante
845 4627 1098 4684 Reiskio.
1174 4627 1219 4661 ⁸ο
1251 4622 1522 4696 πληρωθῇ
1557 4620 1998 4686 Θό.ἐίσὲλθωσιν
2033 4620 2411 4693 8.,ἐίσελθὼν
2446 4626 2598 4691 cod.,
2632 4620 2885 4691 εἰσῆλθόν
2918 4626 3009 4682 ed.

1484 4711 1683 4767 JOAN.
1725 4712 1870 4769 JAC.
1913 4714 2175 4771 REISKII
2216 4711 2809 4770 COMMENTARIUS.

520 4803 632 4874 (61)
672 4802 820 4866 Quid
870 4802 945 4858 sit
993 4801 1250 4874 σεκόρων,
1305 4817 1399 4874 me
1440 4815 1554 4855 non
1606 4801 1833 4871 assequi
1867 4801 2093 4874 fateor;
2127 4805 2173 4869 D
2206 4802 2351 4874 mini
2414 4817 2506 4857 me
2563 4801 2905 4874 candidatos
2980 4803 3082 4855 aut
3139 4800 3492 4874 domesticos
3551 4805 3848 4874 sacrarum

451 4873 635 4946 neque
690 4882 884 4930 tamen
946 4873 1253 4931 assensum
1313 4873 1470 4946 dare,
1521 4877 1621 4946 aut
1681 4873 2090 4946 auctoritatem

451 4943 772 5004 Lei'chiants
831 4948 1181 5017 conjecturae
1232 4945 1467 5014 σακρῶν,
1515 4944 1619 5017 cui
1678 4943 1802 5014 ipse
1858 4944 2090 5017 diffidit,

449 5013 1039 5090 quandoquidem'p.
1092 5016 1213 5090 139.
1274 5013 1639 5090 Αᾳσεκρὲτων
1692 5013 1795 5084 pro
1854 5015 2090 5090 σεκόρων

449 5084 773 5154 substituit,
807 5084 1068 5145 astruere
1096 5088 1272 5142 valeo.
1321 5084 1767 5154 Obtinuerintne
1798 5087 1944 5141 seris
1978 5084 2090 5143 illis

449 5163 808 5231 temporibus
841 5161 1081 5216 comites
1118 5170 1421 5231 sacrarum
1454 5153 1819 5231 largitionem
1851 5158 1923 5231 _in
1958 5158 2090 5231 aula

450 5226 783 5304 Byzantina,
826 5232 986 5287 valde
1035 5230 1234 5285 dubito
1269 5247 1283 5295 ;
1316 5226 1479 5295 item,
1527 5226 1758 5304 nudene
1816 5228 1898 5282 sic
1950 5229 2088 5304 dicti

449 5298 657 5359 fuerint
703 5298 1008 5370 sacrarum,
1051 5318 1153 5374 pro
1191 5314 1475 5374 sacrarum
1519 5298 1879 5374 largitionum
1915 5300 2087 5374 comi:

444 5378 524 5429 te:
559 5393 571 5429 :
607 5379 759 5445 quod
795 5376 1030 5445 quidem
1051 5370 1220 5444 'apud
1257 5370 1506 5445 Latinos
1530 5370 1587 5445 in
1621 5384 1729 5423 usu
1758 5373 2087 5445 era_t,__a_pu_d

446 5440 672 5502 Graecos
703 5440 893 5501 autem
928 5447 1054 5501 ideo
1085 5440 1199 5500 non
1221 5443 1451 5496 videtur
1481 5440 1675 5506 fuisse,
1708 5442 1856 5510 quod
1892 5440 1973 5496 illi
1998 5442 2087 5495 cai-

446 5532 577 5588 κρας
649 5518 1009 5590 appellarent
1060 5510 1744 5590 imperatorumﬁdicta.
1804 5513 2086 5590 Praeterea

446 5582 557 5640 non
604 5582 767 5647 erant
816 5589 1010 5658 plures
1041 5582 1283 5658 comites
1324 5582 1729 5658 largitionum,
1756 5585 1853 5638 sed
1890 5599 2081 5653 unus;

445 5672 631 5724 neque
653 5654 834 5728 etiam
848 5664 965 5714 tam
1001 5658 1161 5723 viles,
1182 5662 1245 5712 ut
1262 5654 1492 5728 bypatjs
1518 5654 1866 5726 posteriores
1887 5662 2084 5713 essent

444 5732 501 5783 et
531 5726 849 5789 stratclatis
886 5725 1631 5801 aquipararentur.‘quue
1663 5742 1924 5800 unquam
1955 5744 2080 5789 me-

2205 4872 2583 4944 largitionum
2658 4871 2918 4944 legisse,
2954 4888 3128 4944 quos,
3170 4870 3381 4927 Latina
3454 4861 3849 4944 interpretatio

2202 4962 2258 5016 p.
2287 4941 2387 4999 {39
2407 4941 2791 5000 commendat.
2826 4941 3230 5016 Mihi'quidem
3268 4958 3338 4997 ne
3373 4941 3686 5013 probabilis
3714 4941 3842 5016 qui-

2201 5006 2334 5071 dem
2381 5016 2716 5086 conjectura
2756 5006 3046 5070 succurrit
3074 5014 3144 5069 de
3176 5006 3394 5086 sensu:
3425 5019 3525 5068 aut
3567 5006 3837 5067 emenda-

2199 5089 2377 5151 tione,
2411 5088 2458 5143 si
2488 5082 2608 5158 qua
2638 5103 2781 5158 opus
2806 5092 2913 5147 est,
2947 5085 3211 5141 vocabuli
3243 5082 3500 5157 σεκόρων.
3817 5140 3827 5153 ,

2269 5159 2383 5230 (62)
2413 5158 2654 5214 Videtur
2677 5159 2829 5214 idem
2861 5173 2989 5230 esse
3009 5162 3182 5228 atque
3212 5160 3513 5230 peditatus,
3536 5161 3593 5209 et
3624 5158 3831 5230 oppon!

2199 5222 2537 5286 domesticis
2560 5236 2617 5285 et
2648 5229 2952 5285 scholariis
2983 5222 3300 5299 equitatus,
3323 5227 3413 5282 vel
3443 5222 3827 5299 equestribus.

2197 5301 2531 5368 Domestici,
2568 5301 2712 5357 alias
2757 5294 3111 5371 protectores
3162 5294 3513 5371 domesticis
3542 5294 3831 5371 (deincepﬁ

2195 5373 2471 5429 slholarit‘
2495 5361 2658 5439 dicti,
2694 5361 2929 5427 nomine
2960 5371 3260 5427 domestici
3298 5373 3355 5426 in
3379 5361 3639 5441 ipsorum
3667 5361 3832 5441 capt“

2194 5451 2249 5515 et
2282 5445 2611 5515 praefectum
2636 5430 3021 5510 transeunte),
3044 5443 3333 5514 geminam
3362 5430 3828 5515 habebantﬂsclt?

2193 5499 2337 5581 lam,
2369 5499 2862 5587 unamipeditum,
2888 5499 3131 5587 alteram
3163 5515 3463 5587 equitum;
3497 5507 3613 5566 vid.
3640 5499 3823 5557 ναιει.

2193 5587 2481 5659 ειᾶᾼωῃι.
2517 5585 2768 5642 Marcell.
2801 5585 2980 5659 p.52.
3014 5585 3074 5640 Β.

2260 5636 3178 5740 (egisseegisse;saepe
3209 5654 3479 5740 eam...
3507 5636 3819 5740 .1935ng

2188 5724 2514 5809 σύῒκλήτοῖθξ
2528 5733 2797 5788 senatum
2812 5724 2974 5801 regni
2985 5771 3000 5799 ,
3012 5726 3401 5801 pertinebant,
3416 5724 3676 5799 proceres
3691 5724 3818 5769 con-
