4152 6302
436 358 554 421 495

1480 354 2016 418 GONSTANTINI
2059 355 2762 418 PORPHYROGENITI

3717 357 3835 418 496

425 495 656 550 motum
693 491 1004 564 patricium
1029 490 1087 546 in
1115 490 1370 547 medium
1399 495 1687 546 secretum
1721 491 2008 563 perducit,
2040 507 2053 546 ι

2182 487 2446 560 κάκεῖθεν,
2497 489 2743 544 νεύουσιν
2798 489 2850 542 οἱ
2899 484 3270 561 δεσπόταιτῷ
3317 488 3686 564 πραιποσίτῳ,
3740 490 3833 544 καὶ

428 581 712 654 magistro
725 581 1172 638 cerimoniarum
1196 579 1426 651 alioque
1448 578 1771 636 silentiario
1787 579 2066 652 stipatus:

422 671 588 743 sique
617 686 774 726 unus
805 674 916 736 est,
950 676 1050 726 aut
1081 669 1194 747 duo
1233 677 1440 737 tresve,
1473 683 1702 738 omnes,
1733 667 2072 724 silentiariis

423 761 644 832 stipati,
669 776 788 817 una
808 757 1363 828 intrant,caudidati
1386 757 1566 813 semel
1590 773 1650 814 se
1670 761 2070 830 prosternunt,

425 852 483 903 et
499 848 727 920 primus
749 862 949 904 eorum
971 847 1042 902 ad
1067 844 1388 902 scabellum
1412 845 1786 900 dominorum
1806 843 2070 917 perduci-

422 945 558 1008 tur;
582 940 632 995 is
667 939 842 1011 pedes
865 943 922 995 et
951 938 1122 994 ambo
1145 953 1338 1011 genua
1359 937 1557 1009 magni
1591 953 1656 992 ac
1687 937 1932 992 minoris
1955 936 2066 991 im-

423 1030 706 1101 peratoris
757 1028 1075 1098 osculatus,
1125 1026 1334 1098 surgit,
1375 1030 1430 1081 et
1469 1025 1743 1096 expansis
1793 1023 2065 1079 manibus

421 1118 718 1175 codicillos
746 1136 780 1174 a
819 1116 1075 1175 dominis
1107 1115 1340 1186 accipit,
1372 1130 1694 1184 eorumque
1734 1129 1941 1170 manus
1982 1129 2065 1169 os-

421 1208 671 1266 culatur.

2183 578 2210 631 6
2268 578 2626 652 πραιπόσιτος
2670 582 2753 650 τῷ
2797 584 2897 647 τῆς
2946 579 2993 615 ³³
3039 578 3434 650 καταστάσεως,
3485 577 3574 634 καὶ
3619 578 3835 654 ἐπαίρει

2181 667 2210 721 6
2264 674 2365 736 τῆς
2435 670 2809 730 καταστάσεως
2881 673 3015 741 μετὰ
3067 671 3166 723 τοῦ
3214 667 3677 744 σεκουνδηκηρίου
3743 671 3840 726 τὸν

2179 751 2636 830 προϐαλλόμενον
2695 758 3003 830 πατρίκιον,
3069 757 3158 812 καὶ
3236 759 3450 813 ἳσταται
3511 759 3674 831 μέσον
3735 763 3839 814 τοῦ

2180 845 2450 920 σεκρέτου,
2483 847 2854 920 κρατούμενος
2891 847 2994 902 ὑπὸ
3036 851 3137 902 τοῦ
3183 847 3283 916 τῆς
3330 850 3710 910 καταστάσεως
3743 849 3841 904 καὶ

2175 937 2271 988 τοῦ
2337 933 2521 1010 ἑτέρου
2587 933 2974 1011 σιλεντιαρίου·
3034 935 3129 992 κᾶν
3187 957 3247 992 τε
3305 937 3382 997 εἶς
3437 936 3570 1006 ἔστι,
3624 936 3726 994 κᾶν
3777 959 3841 994 τε

2177 1018 2298 1088 δύο,
2328 1019 2426 1076 κᾶν
2463 1042 2521 1077 τε
2569 1027 2738 1097 τρεῖς,
2787 1023 2877 1078 καὶ
2926 1023 3084 1078 αὐτοὶ
3137 1022 3570 1103 συνεισέρχονται
3605 1027 3708 1080 ὑπὸ
3743 1047 3837 1080 σι-

2175 1108 2480 1185 λεντιαρίου
2528 1112 2916 1187 κρατούμενοι,
2980 1112 3071 1167 καὶ
3126 1113 3412 1168 πίπτουσιν
3467 1115 3518 1168 οἱ
3576 1109 3838 1188 προϐαλ-

2174 1198 2399 1273 λόμενοι
2427 1201 2517 1255 καὶ
2571 1196 2763 1275 μόνον,
2815 1202 2906 1257 καὶ
2957 1200 3230 1276 εἰσάγουσι
3276 1203 3370 1258 τὸν
3401 1206 3617 1277 πρῶτὸν
3650 1204 3836 1260 αὐτῶν

420 1294 724 1371 ἔμπροσθεν
751 1299 848 1350 τοῦ
881 1290 1185 1350 ὑποποδίου
1230 1297 1340 1347 τῶν
1387 1288 1686 1360 δεσποτῶν,
1735 1291 1825 1346 καὶ
1873 1288 2060 1345 πίπτει
2098 1289 2188 1344 καὶ
2239 1289 2392 1367 φιλεῖ
2442 1290 2570 1356 τοὺς
2595 1289 2766 1354 πόδας
2798 1292 2886 1347 καὶ
2915 1293 2981 1348 τὰ
3013 1289 3108 1347 δύο
3137 1295 3183 1330 ⁸⁸
3211 1293 3411 1367 γόνατα
3441 1297 3544 1350 τοῦ
3587 1294 3837 1369 μεγάλου

420 1383 709 1459 βασιλέως,
742 1383 950 1456 ὁμοίως
978 1382 1071 1437 καὶ
1100 1383 1197 1436 τοὺ
1240 1385 1460 1456 μικροῦ,
1492 1382 1578 1436 καὶ
1614 1380 1854 1458 ἐγερθεὶς
1895 1378 2065 1435 ἁπλοῖ
2101 1379 2197 1444 τὰς
2226 1385 2437 1455 χεῖρας,
2483 1381 2572 1437 καὶ
2616 1377 2886 1456 λαμϐάνει
2935 1382 3001 1438 τὰ
3031 1379 3368 1438 κωδικὲλλία
3397 1386 3507 1457 (66)
3539 1386 3682 1459 παρᾶ
3717 1389 3835 1440 τῶν

417 1473 691 1530 δεσποτῶν
720 1474 809 1529 καὶ
835 1471 986 1551 φιλεῖ
1013 1473 1108 1536 τὰς
1137 1477 1327 1547 χεῖρας
1349 1471 1544 1527 αὐτῶν.

489 1567 587 1622 Ill.
629 1566 794 1621 Tunc
835 1566 1028 1637 ipsum
1072 1563 1517 1620 cerimoniarius
1555 1579 1622 1620 eo
1672 1564 1732 1620 in
1771 1563 1919 1629 loco,
1960 1561 2058 1618 ubi

417 1655 625 1727 reliqui
655 1659 831 1725 stant,
873 1653 1167 1710 constituit
1197 1658 1253 1709 et
1295 1654 1618 1709 secundum
1650 1654 1966 1710 adductum
1999 1653 2060 1708 in

417 1743 667 1802 scabello
703 1743 982 1812 collocat;
1010 1742 1056 1797 is
1087 1741 1438 1814 procumbit,
1468 1758 1534 1798 ac
1565 1742 1743 1814 pedes
1783 1745 1840 1798 et
1870 1757 2060 1813 genua

2241 1562 2291 1616 1"
2348 1569 2384 1617 Κ
2427 1563 2442 1581 ‘
2500 1562 2521 1582 "
2815 1563 2828 1583 ’
2873 1563 2900 1618 ὸ
3010 1563 3041 1618 6'
3190 1561 3214 1584 “
3533 1565 3550 1619 l
3611 1564 3643 1621 λ
3795 1564 3812 1584 ⁸

2299 1606 2310 1618 .
2391 1585 2443 1618 αι
2509 1583 2714 1635 ιστησιν
2770 1584 2868 1619 αυτ
2902 1585 2952 1632 ν,
3043 1583 3148 1619 που
3201 1584 3441 1620 ιστανται
3499 1586 3527 1620 ο
3652 1585 3836 1637 οιποι,

2167 1648 2257 1704 καὶ
2298 1649 2500 1727 εῗσάγει
2548 1652 2641 1707 τὸν
2693 1649 2966 1728 δεύτερον,
3013 1653 3104 1706 καὶ
3151 1652 3442 1731 προσφέρει
3489 1655 3741 1709 κᾶκεῖνον
3776 1653 3832 1708 ἐν

2167 1742 2247 1811 τῷ
2279 1737 2591 1812 ὑποποδίῳ,
2637 1740 2729 1795 καὶ
2766 1739 2952 1795 πίπτει
3001 1741 3092 1796 καὶ
3149 1739 3301 1815 φιλεῖ
3344 1740 3475 1804 τοὺς
3503 1740 3673 1806 πόδας
3707 1745 3831 1818 (67)

415 1833 789 1890 dominorum
812 1831 1133 1900 osculatur,
1155 1829 1443 1887 codicillis
1464 1847 1596 1887 vero
1621 1831 1896 1903 acceptis,
1928 1846 2053 1886 ma-

2169 1828 2378 1901 ὁμοίως
2407 1829 2494 1883 καὶ
2535 1829 2603 1884 τὰ
2632 1829 2837 1906 γόνατα
2879 1833 2986 1884 τῶν
3029 1827 3125 1884 δύο
3174 1827 3476 1903 δεσποτῶν,
3507 1832 3596 1886 καὶ
3630 1827 3826 1888 λαϐὼν

415 1941 529 1981 nus
560 1922 858 1980 osculatur
888 1926 944 1978 et
974 1921 1093 1977 abit
1124 1939 1136 1978 :
1168 1921 1254 1977 sic
1293 1920 1469 1977 etiam
1503 1921 1736 1992 reliqui,
1766 1924 2059 1992 quotquot

414 2030 614 2071 eorum
660 2017 822 2083 sunt,
854 2017 971 2067 tres
1016 2014 1355 2082 quatuorve,
1408 2010 1652 2066 faciunt.
1693 2010 1881 2065 Ambo
1922 2026 2056 2065 vero

411 2105 567 2161 140
598 2111 930 2174 postquam,
964 2101 1218 2172 acceptis
1258 2098 1564 2168 codicillis,
1588 2098 1993 2170 constiterunt,
2023 2116 2056 2155 a

388 2192 686 2263 'magistro
713 2196 1014 2248 senatores
1045 2204 1271 2258 omnes,
1297 2205 1331 2244 a
1360 2187 1546 2260 primo
1567 2188 1638 2244 ad
1671 2187 1971 2258 ultimum,
1990 2188 2053 2245 in

409 2286 784 2354 conspectum
809 2280 1204 2345 dominorum,
1228 2277 1421 2349 stipati
1444 2277 1806 2346 silentiariis,
1825 2277 2050 2334 ducun-

407 2381 498 2429 tur
522 2374 580 2428 et
599 2370 818 2443 gratias
842 2375 1038 2440 agunt.
1063 2368 1185 2432 Qua
1219 2366 1532 2438 gratiarum
1557 2369 1785 2424 actione
1816 2385 1850 2424 a
1887 2384 2052 2424 sena-

405 2466 472 2517 tu
488 2464 739 2533 peracta,
755 2457 1198 2516 cerimoniarius
1212 2455 1466 2528 primum
1481 2471 1511 2512 e
1529 2457 1811 2527 promotis
1834 2458 2048 2514 iterum

409 2549 668 2618 adducit,
695 2549 744 2602 is
768 2547 828 2601 in
851 2545 1102 2602 scabello
1125 2563 1183 2602 se
1211 2545 1546 2617 prosternit,
1573 2546 1746 2616 pedes
1768 2563 1833 2601 ac
1863 2562 2049 2617 genua

406 2637 606 2709 magni
638 2650 800 2707 aeque
839 2650 907 2691 ac
948 2633 1191 2690 minoris
1223 2633 1596 2705 imperatoris
1636 2633 1951 2706 osculatur,
1983 2653 2048 2692 ac

409 2725 688 2792 dominis,
719 2741 870 2780 nova
916 2722 1199 2795 dignitate
1237 2726 1500 2792 ornatus,
1531 2723 1719 2780 fausta
1757 2729 2043 2794 precatur.

400 2814 560 2870 Tunc
575 2812 1295 2883 cerimoniariusipsnmin
1311 2811 1634 2884 loco,quem
1649 2813 1778 2884 ejus
1793 2813 2044 2886 dignitas

398 2904 678 2976 postulat,
704 2904 822 2960 sive
843 2903 960 2958 dux
990 2901 1244 2958 militum
1267 2901 1624 2971 ordinarius,
1657 2919 1756 2958 seu
1797 2901 2042 2960 honora-

399 2997 524 3050 rius
542 2995 638 3062 sit,
663 2993 989 3060 constituit,
1014 2993 1093 3049 sic
1116 2998 1172 3050 et
1195 2992 1433 3064 reliquis
1459 2993 1731 3065 facit,qui
1753 3010 1815 3050 se
1838 2993 2038 3052 itidem

395 3087 776 3154 prosternunt
796 3083 1090 3154 pedesque
1120 3098 1187 3138 ac
1216 3097 1405 3154 genua
1436 3082 1796 3151 osculantur,
1831 3083 2041 3141 deinde

2163 1917 2230 1971 τὰ
2286 1914 2624 1972 κωδικέλλια
2682 1917 2837 1997 φιλεῖ
2890 1919 2985 1981 τὰς
3044 1923 3258 1997 χεῖρας,
3314 1920 3405 1975 καὶ
3463 1919 3833 1979 ὀπισθοποδεῖ

2161 2006 2428 2076 κάκεῖνος,
2461 2005 2667 2080 ὁμοίως
2713 2007 2803 2062 καὶ
2855 2007 2905 2061 οἱ
2953 2006 3165 2076 λοιποὶ,
3199 2009 3319 2064 ὅσοι
3351 2010 3438 2064 ἐάν
3467 2010 3588 2078 εἰσι,
3621 2015 3826 2066 ποιοῦ-

2161 2117 2242 2152 σιν
2275 2095 2472 2168 οὕτως,
2517 2097 2613 2152 κᾶν
2671 2118 2728 2151 τε
2783 2103 2954 2172 τρεῖς,
3010 2096 3109 2152 κᾶν
3166 2119 3225 2153 τε
3279 2098 3552 2173 τέσσαρες.
3596 2101 3700 2157 Καὶ
3731 2102 3827 2156 ὅτε

2160 2180 2399 2242 λάϐωσιν
2434 2186 2485 2240 οἱ
2531 2186 2829 2262 ἀμφότεροι
2878 2187 2944 2242 τὰ
2993 2184 3332 2243 κωδικὲλλια
3386 2189 3476 2244 καὶ
3527 2191 3822 2264 σταθῶσιν,

2158 2273 2462 2351 εἰσάγονται
2495 2275 2602 2331 ἀπὸ
2641 2297 2699 2331 τε
2743 2281 2842 2332 τοῦ
2897 2277 3198 2352 μαγίστρου
3233 2277 3402 2356 μέχρι
3433 2283 3540 2333 τῶν
3567 2279 3820 2355 ἐσχάτων

2159 2369 2538 2442 συγκΛητικῶν
2590 2363 2897 2442 ἔμπροσθεν
2947 2371 3054 2421 τῶν
3103 2363 3403 2437 δεσποτῶν,
3453 2368 3819 2444 κρατούμενοι

2158 2455 2262 2510 ὑπὸ
2311 2453 2712 2529 σιλεντιαρίων,
2763 2455 3308 2531 ἀπευχαριστοῢντες.
3358 2456 3465 2512 Καὶ
3513 2459 3602 2513 ὃτε
3659 2457 3819 2530 πλη-

2157 2544 2322 2618 ρώσῳ
2352 2546 2386 2613 ἡ
2416 2541 2727 2620 σύγκλητος
2770 2545 2870 2614 τήν
2920 2543 3290 2620 εὐχαριστίαν,
3320 2545 3613 2624 προσφέρει
3644 2546 3818 2602 πάλιν

2155 2634 2182 2688 6
2237 2640 2340 2703 τῆς
2391 2631 2768 2695 καταστάσεως
2823 2635 2915 2687 τὸν
2971 2629 3351 2708 προϐληθέντα
3407 2640 3647 2710 πρῶτον,
3717 2637 3813 2692 καὶ

2151 2722 2336 2779 πίπτει
2369 2721 2421 2777 ἐν
2465 2727 2544 2796 τῷ
2578 2719 2863 2795 ὑποποδίῳ
2911 2721 3002 2776 καὶ
3040 2723 3190 2797 φιλεῖ
3236 2722 3365 2786 ἀοὺς
3412 2722 3582 2787 πόδας
3621 2725 3710 2781 καὶ
3743 2728 3811 2782 τὰ

2149 2813 2348 2889 γόνατα
2377 2815 2476 2866 τοῦ
2530 2809 2778 2887 μεγάλου
2827 2808 3112 2884 δεσπότου,
3155 2811 3368 2886 ὁμοίιος
3403 2815 3496 2869 καὶ
3549 2818 3648 2869 τοῦ
3704 2837 3808 2890 μι-

2147 2906 2302 2975 κροῦ,
2352 2900 2442 2956 καὶ
2491 2899 2712 2978 εὔχεται
2755 2898 2882 2962 τοὺς
2934 2897 3218 2972 δεσπότας,
3262 2902 3337 2963 ὡς
3385 2903 3656 2976 τιμηθείς.
3704 2904 3806 2960 Καὶ

2144 2988 2362 3060 ’ίστησιν
2394 2989 2558 3044 αὐτον
2610 2989 2638 3044 6
2684 2995 2785 3058 τῆς
2832 2989 3208 3052 καταστάσεως
3257 2984 3378 3054 ἔνθα
3429 2990 3628 3062 ἐστίνὴ
3663 2993 3803 3068 τιμὴ

2146 3079 2335 3149 αὐτοῦ,
2384 3075 2478 3132 κάν
2539 3078 2841 3153 στρατηγὸς
2897 3071 3177 3154 ἕμπρατος
3219 3081 3352 3154 (68),
3384 3078 3481 3136 κέἷν
3525 3101 3584 3136 τε
3628 3080 3806 3160 ἄπρα-

393 3169 641 3241 singulis
655 3187 757 3242 pro
772 3186 877 3225 suo
902 3185 1140 3225 munere
1155 3169 1343 3224 locum
1362 3170 1645 3242 assignat,
1660 3175 2034 3243 etpostquam

2165 3189 2262 3240 ιος,
2297 3168 2504 3243 ὁμοίως
2551 3167 2644 3223 καὶ
2688 3172 2806 3230 τοῖς
2857 3166 3076 3231 λοιποῖς
3123 3174 3272 3224 ποιεῖ
3309 3169 3503 3241 οὕτως,
3543 3171 3805 3228 πίπτουσι

391 3258 624 3329 utrique
639 3257 882 3329 promoti
897 3257 1230 3313 cerimonias
1246 3257 1509 3328 ritusque
1526 3274 1731 3316 omnes
1745 3276 2038 3334 peregere,

388 3346 612 3402 domini
629 3345 934 3418 praeposito
947 3344 1179 3418 signum
1195 3347 1355 3414 dant,
1373 3346 1424 3402 is
1440 3346 1610 3403 dicit:
1627 3370 1656 3398 ‹‹
1673 3348 1898 3420 Jubete,
1916 3372 1945 3402 »
1959 3358 2038 3423 et,

390 3458 419 3486 ‹‹
434 3435 651 3492 Multos
666 3451 870 3504 annos,
889 3456 918 3485 »
933 3440 1340 3508 apprecantur.
1355 3435 1518 3494 Tunc
1537 3441 1775 3494 senatus
1791 3455 1922 3496 cum
1941 3458 2038 3497 su-

2151 3259 2392 3314 κάκεῖνοι
2430 3256 2518 3313 καὶ
2576 3254 2801 3332 φιλοῦσι
2856 3257 2984 3321 τοὺς
3023 3255 3194 3320 πόδας
3224 3259 3311 3314 καὶ
3353 3258 3420 3314 τὰ
3447 3261 3669 3335 γόνατα,
3709 3263 3802 3318 καὶ

2151 3349 2364 3420 ἳστησιν
2405 3346 2628 3416 αὐτοὺς,
2671 3343 2896 3403 ’ἑκαστον
2944 3348 3081 3402 κατὰ
3127 3348 3226 3417 τήν
3265 3349 3432 3423 τιμὴν
3481 3348 3668 3420 αὐτοῦ,
3711 3351 3805 3406 καὶ

2151 3441 2240 3496 ὅτε
2297 3437 2797 3513 συμπληρώσουσιν
2858 3436 3159 3518 ἀμφότεροι
3245 3439 3297 3494 οὶ
3377 3434 3805 3514 προϐληθέντες,

1758 3540 1852 3595 VA
1862 3541 2000 3600 RI/E
2033 3540 2440 3602 LECTIONES.

460 3623 507 3659 ³³
537 3621 564 3674 6
597 3619 656 3677 δὲ
685 3627 764 3696 τῷ
790 3627 890 3692 τῆς
923 3625 1016 3680 ed.
1091 3623 1139 3658 ³³
1167 3621 1256 3677 καὶ
1290 3619 1386 3678 δύο
1427 3626 1520 3682 ed.

1421 3724 1620 3783 JOAN.
1678 3728 1820 3785 JAG.
1883 3732 2143 3792 REISKII
2183 3727 2772 3789 COMMENTARIUS.

391 3812 504 3938 (663
543 3812 874 3939 tGodicillos,
935 3812 1150 3885 quibus
1216 3829 1425 3886 nempe
1473 3815 1753 3887 patricius
1802 3836 2034 3878 nuncu-

391 3900 463 3939 na
509 3901 538 3937 a
571 3901 660 3939 ur.

389 3900 660 3954 pacatur.

461 3955 572 4027 (67)
597 3955 876 4034 Id_ipsu_r_n
909 3972 1136 4034 quoque
1163 3956 1296 4034 _sib_i_
1317 3956 1439 4012 fieri
1475 3958 1814 4034 ﬂagitabant
1844 3963 2028 4034 impe-

390 4035 612 4103 ratores
659 4028 1007 4103 Carolingici
1053 4044 1091 4103 _a
1148 4028 1394 4103 ducibus
1439 4029 1672 4103 quibus,
1702 4028 2030 4103 provincias

389 4098 792 4168 concederent,
856 4099 1180 4153 imitatione
1239 4098 1384 4169 aulis
1440 4097 1788 4169 Byzantines.
1850 4105 2030 4163 Vetus

385 4169 707 4245 Qbronicon
731 4167 884 4245 apud
907 4172 981 4245 du
1023 4169 1210 4238 Gange
1251 4167 1599 4245 Gloss._Lat.
1649 4189 1706 4245 v.
1749 4175 1924 4245 Bigot,
1960 4178 2033 4234 de

386 4239 650 4307 Rollone,
697 4238 884 4311 primo
925 4238 1393 4311 Normaunorum
1443 4240 1636 4298 duce:
1689 4243 1779 4300 hic
1806 4238 1920 4302 non
1949 4253 2030 4305 est

384 4311 647 4380 dignatus
693 4309 881 4378 pedem
939 4309 1120 4365 Caroli
1168 4311 1429 4378 osculari,
1480 4315 1593 4369 nisi
1649 4315 1719 4371 ad
1765 4332 1821 4372 os
1865 4335 2029 4375 suum

387 4386 596 4456 enaret.
647 4381 886 4456 cumque
931 4380 1022 4435 sui
1066 4382 1290 4456 comites
1345 4383 1512 4456 illum
1567 4388 1907 4456 animarent,
1958 4401 2022 4448 ut

2143 3821 2234 3878 t.I
2267 3821 2409 3876 Hist.
2445 3825 2592 3886 Aug.
2628 3835 2685 3890 p.
2730 3815 2875 3890 543:
2921 3815 3099 3876 Jussit
3128 3832 3216 3874 eo:
3246 3819 3346 3889 qui
3362 3827 3635 3890 praeturas
3685 3837 3796 3879 non

2139 3896 2426 3965 gessissent
2477 3891 2578 3946 sed
2627 3887 2918 3965 dilectione
2955 3887 3314 3965 accepissent,
3352 3887 3474 3962 post
3509 3908 3618 3965 _cos
3674 3909 3793 3951 esse

2178 3963 2240 4019 ui
2265 3980 2391 4036 pere
2416 3966 2682 4036 praetore:
2710 3962 2960 4036 fuissent.
2997 3959 3397 4036 Vegetii‘locus
3420 3979 3482 4036 ll,
3503 3963 3788 4036 2t,quem

2197 4035 2440 4091 utherus
2479 4033 2641 4101 citat,
2675 4030 2990 4104 praeclarus
3033 4030 3155 4100 es];
3188 4033 3288 4088 lli:
3327 4035 3483 4089 enim
3513 4030 3792 4104 multipli-

2139 4115 2339 4162 cantur
2367 4119 2628 4176 annonae,
2656 4102 2752 4174 qui
2797 4105 2857 4158 in
2905 4107 3243 4176 actutunt;
3295 4119 3414 4176 qua
3463 4107 3575 4161 illis
3615 4102 3790 4164 etiam

2138 4178 2460 4233 vacantibus
2484 4172 2829 4242 tributi-alim,
2863 4190 3006 4245 quas,
3028 4172 3318 4231 honorarii
3345 4176 3531 4232 nullas
3557 4176 3784 4236 habent.

2142 4247 2269 4319 Yid.
2306 4250 2386 4304 Du
2418 4249 2610 4319 Cange
2642 4245 2824 4319 Gloss.
2865 4244 2962 4301 Gr.
2995 4244 3053 4302 b.
3086 4262 3146 4319 v._
3172 4251 3228 4303 et
3255 4246 3447 4303 Vales.
3482 4248 3551 4304 ad
3582 4251 3782 4306 Amm.

2140 4317 2318 4376 Marc.
2353 4336 2407 4390 p.
2439 4319 2530 4384 78,
2548 4317 2678 4390 ubi
2707 4325 2761 4372 et

2797 4319 3090 4390 praecincti
3126 4317 3329 4374 honore
3356 4319 3576 4390 cinguli
3619 4324 3788 4378 otiosi

2136 4388 2429 4458 dicuntur,
2464 4400 2517 4446 et
2552 4388 2788 4461 Selden.
2823 4389 2936 4461 Tit.
2986 4388 3202 4445 Honor.
3247 4405 3304 4461 p.
3356 4391 3411 4460 2,

3445 4407 3500 4475 ρ.
3534 4391 3626 4475 32,
3663 4393 3778 4463 33;

381 4453 568 4532 sedent
604 4454 748 4532 regis
778 4443 839 4508 in
878 4455 1208 4532 acceptione
1229 4454 1384 4510 tanti
1419 4459 1666 4532 muneris
1708 4443 2020 4525 (Neus'lri'ie
2055 4443 2099 4508 Β
2135 4443 2938 4532 nonmtamen'coniundendi
2977 4443 3497 4532 cum'asc‘ripti’tiis
3541 4443 3627 4518 vel
3669 4443 3779 4519 λιᾎί

379 4523 711 4603 provinciae)
744 4525 1361 4603 fosgulqrelurtlingua
1407 4527 1636 4603 Anglica
1692 4523 1969 4603 respondit
2004 4552 2018 4592 :

381 4593 457 4648 Ne
499 4610 554 4650 se
587 4593 752 4668 ⁸ρἰζτξε
800 4596 999 4668 [Νἱσὴιᾉ
1027 4612 1086 4651 so
1131 4597 1226 4668 bey
1254 4593 1411 4664 ’Gotl,
1450 4593 1564 4667 vel,
1605 4604 1670 4656 ut
1717 4593 1921 4661 ru'stici
1965 4610 2023 4662 et

386 4665 623 4750 carrarii
651 4665 1006 4750 ‘Thuringici
1049 4665 1475 4750 pronuntiant:
1524 4665 1612 4750 {Va
1657 4689 1715 4728 ,ςο
1755 4676 1816 4730 bi
1853 4675 2017 4749 Gott],

386 4737 536 4806 quod
581 4737 1006 4806 interpretatur:
1047 4737 1122 4793 Ne
1157 4755 1258 4807 per
1290 4741 1479 4796 Deum.
1523 4744 1638 4799 Rex
1675 4761 1800 4802 vero
1834 4751 1884 4802 et
1930 4737 2020 4804 sui

384 4807 547 4888 illum
575 4807 956 4888 derident_es_e_t
985 4824 1289 4888 sermonem
1311 4812 1428 4888 ejus
1453 4825 1704 4885 corrupte
1725 4822 2020 4888 referentes

383 4879 550 4933 illum
578 4884 840 4935 vocarunt
877 4879 1097 4949 Bigoth.
1152 4881 1300 4936 Unde
1333 4879 1658 4942 'Normann'i
1702 4879 1880 4945 adhuc
1919 4889 2018 4946 Bi-

380 4950 532 5021 gothi
553 4961 835 5021 vocantur.

397 5084 406 5106 ι
454 5021 563 5092 (68)
615 5021 710 5077 Vel
773 5019 1314 5106 ἔμπραττος,νιὶονω
1391 5024 1618 5106 Graeciae
1694 5045 2013 5106 more_pro

380 5087 728 5166 ἔμπρακτοςς
762 5087 823 5172 ut
861 5087 1059 5172 contra
1098 5090 1366 5172 ἄπραττος
1407 5112 1505 5172 pro
1543 5093 1838 5172 ἄπρακτος.
1872 5087 2012 5172 ’Ἐμέ

377 5182 630 5234 πρακτοι,
685 5167 781 5234 qui
838 5170 968 5219 sunt
1023 5169 1082 5219 in
1137 5167 1369 5221 actione.
1427 5167 1770 5236 Apella'bant
1819 5167 2009 5229 Latini

374 5237 676 5305 sequiores
705 5238 996 5304 actionem,
1029 5237 1180 5306 quod
1213 5254 1318 5292 nos
1359 5239 1724 5305 functionem.
1760 5241 1890 5298 Vid.
1925 5249 2008 5300 Du

373 5307 564 5385 Gange
606 5307 797 5385 Gloss.
843 5313 912 5385 μ..
943 5325 995 5362 ν.
1059 5310 1217 5385 grtia
1265 5313 1321 5363 et
1358 5308 1540 5365 Actus.
1575 5311 1852 5385 Dignitas,
1884 5330 2011 5385 quae

371 5372 674 5464 ipsojqestu
701 5379 1018 5448 praefulget,
1067 5372 1400 5464 ἔμπραττος,
1432 5372 1678 5464 etque?
1699 5372 2006 5464 ῥοῃοξᾶνία

367 5452 794 5522 εδιζᾷπραττος,
828 5458 1247 5522 apponuntur;
1283 5452 1398 5506 vid.
1426 5452 1662 5509 Gnther.
1698 5455 1804 5513 Oll‘.
1842 5459 1902 5512 Ι).
1934 5463 2002 5514 Α.

366 5534 422 5588 p.
459 5519 550 5582 54,
581 5519 635 5574 et
676 5522 822 5587 431.,
864 5519 960 5576 ubi
999 5521 1205 5592 triplex
1237 5521 1646 5583 honoratorum
1687 5527 2002 5586 discrimen

365 5592 607 5662 statuit:
643 5594 740 5662 qui
786 5595 846 5647 in
875 5597 1001 5648 actu
1039 5603 1185 5659 sunt,
1223 5598 1497 5662 vacantes,
1531 5613 1632 5653 seu
1677 5599 1868 5656 allecti
1914 5601 2002 5658 vel

364 5659 600 5742 suﬁecli,
635 5659 692 5716 et
721 5663 1024 5742 honorari‘i.
1049 5665 1228 5721 Primi
1249 5659 1726 5742 sunt_’e'pjrpaxroz,
1759 5672 2002 5729 secundi

372 5728 758 5804 μεσόπρακτοι,
781 5736 933 5788 tertii
956 5731 1242 5808 ἄπρακτοι.
1267 5728 1571 5810 Capitolih.
1597 5741 1656 5799 in
1680 5728 1994 5804 Fertiuacc.

2132 4532 2420 4606 cantibus,
2449 4531 2547 4604 qui
2575 4535 2739 4606 erant
2769 4530 2982 4588 milites
3000 4530 3776 4606 Δειιρει-ι]ιιιιίιξτειιῆἱ,ευριπι-

2130 4605 2226 4660 dia
2259 4601 2647 4676 percipi—entes
2679 4603 2902 4676 absque
2933 4601 3154 4676 militiae
3187 4601 3773 4676 functione.'Vid:Ga-

2130 4672 2293 4732 saub.
2328 4672 2476 4731 Hist.
2508 4677 2650 4746 Aug.
2690 4677 2733 4729 t.
2771 4672 2822 4743 Ι,
2857 4690 2914 4746 p.
2947 4674 3077 4746 9‘02.
3105 4672 3400 4731 Harduino
3432 4677 3502 4732 ad
3534 4675 3770 4734 Themi-

2128 4750 2302 4820 stium
2332 4763 2387 4818 p.
2423 4744 2630 4820 475,ξῆ
2660 4744 3247 4820 αεειιΑεὸιιειίιιιᾷ-ευῑιι
3280 4747 3438 4820 praef.
3474 4749 3764 4820 praetorio,

2127 4815 2430 4890 praefectus
2462 4817 2622 4890 urbi,
2663 4815 2923 4890 magistri
2962 4815 3220 4890 militum
3252 4815 3526 4874 {diversi
3572 4815 3765 4876 autem

2125 4886 2356 4962 generis
2385 4889 2664 4962 (adeoque
2693 4886 2982 4962 ἄπρακτοι)
3011 4904 3205 4944 comes
3229 4905 3539 4962 sacrarum
3560 4961 3565 4962 γ
3586 4890 3767 4962 largi-

2125 4959 2614 5026 tionum,‘comes
2652 4961 2745 5032 rei
2775 4959 3038 5032 privatae,
3090 4959 3365 5032 magister
3416 4959 3763 5031 ofﬁciorum,

2123 5040 2394 5102 quaestor.
2426 5033 2535 5088 Sed
2570 5031 2690 5086 falli
2736 5047 2871 5087 eum
2923 5031 3116 5102 palam
3155 5031 3264 5087 est.
3297 5031 3441 5088 Nam
3486 5037 3544 5088 et
3597 5033 3679 5102 hi,
3713 5035 3765 5090 si

2122 5097 2222 5176 qui
2273 5104 2370 5159 alii
2430 5119 2709 5176 unquam,
2759 5097 2940 5176 erant:
2983 5097 3308 5174 ἕμπρακτοι.
3367 5103 3579 5176 Verum
3618 5097 3762 5176 toto

2122 5174 2264 5230 cmlo
2288 5173 2728 5247 diversa'tradit
2757 5173 2948 5247 abibis
2983 5173 3186 5230 auctor
3215 5175 3578 5247 Cletorologii
3611 5175 3763 5231 infra

2120 5261 2177 5316 p.
2226 5247 2350 5310 461,
2395 5247 2493 5318 qui
2544 5246 2716 5318 primi
2741 5245 2982 5318 ordinis
3033 5262 3319 5318 proceres,
3367 5252 3430 5303 ut
3479 5245 3758 5318 patricios

2119 5313 2428 5391 strategos,
2451 5313 3081 5391 ad_'rob¢_épnpaiatoo;
3123 5317 3298 5374 refert
3318 5342 3339 5391 _;
3372 5313 3556 5391 medii
3599 5319 3758 5374 ordi-

2117 5388 2310 5470 nis_,.ut
2337 5388 2606 5470 patricios
2629 5388 3038 5470 ofﬁciale_s,seu
3060 5389 3120 5444 in
3144 5389 3363 5470 muniis
3387 5389 3754 5470 aulicisknon

2117 5456 2494 5534 militaribus,
2542 5461 2648 5534 sed
2706 5456 2998 5534 civilibus,
3049 5459 3416 5534 constitutos,
3467 5456 3756 5534 ἐμπολιτι-

2112 5529 2264 5595 κοὺς,
2311 5529 2759 5605 μεσρπράκτουςς
2801 5533 3034 5605 tandem
3072 5531 3365 5588 inferioris
3404 5529 3662 5597 Ordinis,
3694 5540 3758 5605 ut

2109 5602 2628 5726 Erotospatharios,
2665 5610 2800 5674 etc.,
2824 5602 3131 5726 ἀπράκτους
3167 5605 3450 5672 nominat,
3483 5604 3753 5675 quamvis

2155 5672 2171 5726 i
2220 5689 2335 5726 non
2384 5675 2582 5726 minus
2627 5677 2805 5726 ataue
2846 5675 2934 5726 ili
2975 5673 3306 5726 superiores
3349 5677 3407 5726 in
3456 5673 3753 5726 {unctione

2155 5672 2171 5727 i
2220 5672 2335 5730 non
2384 5675 2582 5733 minus
2627 5672 2805 5748 atque
2846 5672 2934 5731 illi
2975 5673 3306 5748 superiores
3349 5677 3407 5732 in
3456 5672 3754 5733 {tinctione

2110 5751 2327 5804 essent.
