4180 6304
363 377 482 443 499

1441 372 1972 435 CONSTANTINI
2016 369 2713 432 PORPHYROGENITI

3661 369 3778 432 500

366 523 630 592 puteum,
662 531 911 589 cumque
939 516 1120 572 cereis
1143 512 1403 570 accensis
1432 511 1716 583 templum
1739 509 2009 582 ingressi,

2134 509 2196 562 τὰ
2224 508 2506 579 ποιήματα
2557 506 2751 561 αὐτῶν.
2785 507 2913 562 Ὅτε
2942 503 2999 560 δὲ
3029 503 3175 582 λέγει
3213 507 3278 561 τὸ
3326 501 3502 579 ὄνομα
3551 505 3641 560 καὶ
3679 508 3779 576 τήν

366 609 429 665 in
463 623 704 665 scamno
733 606 1108 679 patriciorum
1142 602 1491 669 consistunt,
1525 607 1581 656 et
1611 616 1743 656 cum
1779 607 2013 672 tempus

369 697 721 770 precationis
751 713 784 750 a
815 692 1142 766 patriarcha
1179 707 1356 761 super
1399 690 1662 761 patriciis
1709 692 2016 745 recitandaa

371 786 819 860 appmpinquat,
851 782 1009 837 venit
1039 779 1466 836 referendarius
1497 794 1713 850 eosque
1755 780 2018 845 advocat,

373 881 431 930 et
451 877 532 930 sic
553 872 833 944 templum
857 875 914 926 et
933 869 1172 934 soleam,
1188 868 1286 924 ubi
1310 868 1740 924 antimensium
1762 869 2017 940 positum

367 968 474 1025 est.
499 964 730 1018 intrant.
765 946 1099 1015 Patriarcha
1118 960 1188 1013 ab
1213 956 1384 1013 altari
1410 958 1752 1030 procedens,
1776 959 2017 1013 codicil-

365 1054 454 1110 los
483 1055 555 1108 ab
583 1054 729 1124 ipsis
759 1055 1027 1122 sumptos
1059 1049 1116 1104 in
1148 1049 1505 1106 antimensio
1538 1049 1786 1122 reponit,
1818 1065 2016 1118 preces

369 1143 588 1207 recitat,
604 1146 660 1196 et
679 1140 771 1196 his
797 1140 1002 1206 finitis,
1023 1139 1344 1211 unicuique
1368 1139 1611 1211 patricio
1630 1155 1769 1194 suos
1786 1138 2014 1194 codicil-

363 1231 451 1288 los
480 1230 695 1298 tradit;
729 1247 843 1302 quo
876 1229 1046 1296 facto,
1078 1229 1294 1300 singuli
1329 1228 1556 1301 patricii
1589 1228 1743 1284 dona
1775 1245 1882 1284 sua
1913 1243 2016 1284 seu

370 1319 714 1392 apocombia
743 1319 805 1373 in
836 1318 1187 1374 antimensio
1219 1318 1488 1386 otl‘eruut,
1523 1321 1813 1389 strategus
1855 1333 2020 1372 num-

375 1426 502 1466 mos
534 1409 746 1477 LXXII,
778 1408 1112 1464 ordinarius
1146 1408 1208 1472 L,
1242 1407 1589 1463 honorarius
1621 1407 1874 1462 XXXVI.
1911 1413 2018 1464 Pa-

371 1498 627 1556 triarcha
655 1499 725 1553 ad
751 1497 1190 1565 antimensium,
1219 1497 1278 1553 in
1309 1514 1420 1568 quo
1437 1498 1591 1553 dona
1612 1501 2015 1569 reposuerunt,

378 1603 704 1661 progresso,
740 1586 960 1657 patricii
981 1585 1214 1653 intrant,
1239 1588 1296 1640 et
1317 1586 1723 1641 communione
1747 1586 1892 1658 ipsis
1915 1587 2020 1640 im-

379 1678 610 1749 pertita,
636 1676 705 1730 ad
734 1690 1040 1730 scamnum
1064 1673 1439 1745 patriciorum
1465 1675 1798 1744 discedunt,
1819 1690 2021 1729 omnes

379 1780 517 1835 saga
541 1778 834 1834 purpurea
863 1765 1116 1833 gestant,
1148 1766 1205 1816 et
1231 1761 1513 1833 obsequio
1570 1761 1856 1833 promotis
1905 1761 2024 1816 dis-

379 1855 621 1919 tributo,
652 1852 722 1906 ad
753 1852 953 1906 domos
983 1867 1120 1906 suas
1151 1866 1288 1906 cum
1331 1851 1638 1906 comitibus
1689 1851 2019 1905 discedunt.

381 1941 691 1996 Silentiarii
714 1940 872 2010 sagis
897 1941 1084 1994 russis
1114 1939 1326 2010 induti,
1360 1939 1691 1995 conscensis
1721 1940 1905 2010 equis,
1938 1939 2021 2010 ip-

380 2045 574 2084 sorum
597 2028 893 2084 codicillos
916 2031 1144 2099 portant
1163 2033 1220 2083 et
1243 2043 1425 2099 usque
1444 2029 1514 2082 ad
1534 2029 1738 2083 domos
1760 2044 1898 2083 suas
1921 2043 2020 2082 eos

381 2124 726 2188 sequuntur.
761 2117 818 2171 Si
861 2121 1155 2187 promotus
1193 2117 1472 2187 patricius
1529 2132 1766 2172 uxorem
1827 2116 2019 2185 habet,

382 2206 732 2262 silentiarius
762 2205 1060 2262 codicillos
1093 2207 1344 2277 patriciae
1377 2206 1548 2271 tradi,
1580 2206 1728 2262 etab
1750 2223 1818 2261 ea
1850 2223 2019 2262 num-

383 2310 507 2348 mos
528 2293 622 2348 ΧΙΙ
645 2294 855 2363 accipit
878 2310 890 2348 :
913 2293 961 2348 si
983 2293 1188 2349 caelebs
1212 2299 1316 2360 est,
1341 2293 1698 2350 silentiarius
1720 2294 2020 2350 codicillos

386 2383 444 2437 in
478 2381 713 2453 grabato
741 2382 868 2450 ejus
899 2381 1145 2452 reponit,
1179 2382 1248 2436 ab
1281 2382 1403 2453 ipso
1437 2399 1711 2438 nummos
1740 2383 1843 2438 XII
1867 2383 2021 2439 acci-

381 2470 486 2540 pit,
519 2475 575 2524 et
607 2469 866 2525 convivio
892 2468 1129 2538 insuper
1153 2473 1445 2539 exceptus,
1479 2471 1717 2525 domum
1749 2471 2020 2526 discedit.

2127 598 2292 668 ἀξίαν,
2327 601 2621 665 προσκυνεῖ
2669 595 2808 670 πρὸς
2837 595 2927 649 τὸν
2961 592 3252 670 δήμαρχον
3291 595 3380 649 καὶ
3431 595 3526 650 τὸν
3572 593 3775 667 δῆμον,

2125 687 2215 740 καὶ
2282 687 2310 739 6
2361 682 2651 758 δήμαρχος
2706 684 2842 758 πρὸς
2900 682 3060 738 αὐτὸν
3105 689 3277 738 ποιῶν
3318 683 3381 738 τὸ
3427 678 3588 744 σέϐας
3633 686 3772 757 (70),

2127 775 2339 848 ὁμοίως
2367 772 2731 848 ἀκτολογοῦσι
2771 774 2862 827 καὶ
2900 775 3027 835 τοὺς
3074 773 3328 841 λοιποὺς,
3359 773 3575 845 ὁμοίως
3613 772 3707 827 καὶ
3745 775 3774 827 6

2129 862 2305 937 δῆμος
2343 867 2440 918 τοῦ
2489 864 2733 919 Βενέτου.
2768 861 2873 917 Καὶ
2931 861 3265 938 ἀπέρχονται
3324 862 3376 916 οἱ
3433 857 3776 935 προϐληθέν-

2127 974 2214 1015 τες
2264 950 2353 1006 διὰ
2396 955 2494 1006 τοῦ
2551 956 2724 1029 χυτοῦ
2768 958 2868 1020 τῆς
2905 953 3125 1028 χαλκῆς
3173 951 3250 1012 εἷς
3287 951 3350 1005 τὸ
3394 950 3550 1026 ἅγιον
3585 952 3774 1026 φρέαρ,

2128 1041 2218 1097 καὶ
2250 1042 2478 1096 ἅπτουσι
2533 1040 2735 1115 κηροὺς
2792 1041 2881 1094 καὶ
2930 1040 3270 1114 εἰσέρχονται
3329 1038 3380 1093 ἐν
3411 1043 3493 1112 τῷ
3518 1044 3653 1112 ναῷ,
3686 1041 3778 1094 καὶ

2123 1130 2368 1186 ’ίστανται
2400 1130 2476 1195 εἷς
2502 1131 2564 1185 τὸ
2606 1131 2839 1203 σκάμνον
2871 1135 2980 1186 τῶν
3024 1129 3347 1204 πατρικίων,
3380 1129 3473 1185 καὶ
3513 1128 3604 1185 ὅτε
3635 1130 3776 1186 ἐστιν

2136 1223 2164 1276 6
2212 1222 2399 1296 καιρὸς
2459 1220 2702 1296 γενέσθαι
2759 1221 2860 1288 τήν
2920 1219 3092 1295 εὐχὴν
3145 1223 3253 1275 τῶν
3291 1220 3596 1295 πατρικίων
3635 1220 3783 1293 παρά

2133 1313 2232 1366 τοῦ
2267 1311 2640 1388 πατριάρχου,
2679 1304 2900 1385 ἔρχεται
2931 1311 2960 1364 6
3007 1307 3413 1387 ῥεφερενδάριος
3462 1310 3552 1365 καὶ
3609 1330 3782 1384 προσ-

2131 1400 2380 1456 καλεῖται
2420 1399 2636 1466 αὐτοὺς,
2663 1401 2748 1454 καὶ
2784 1399 3123 1474 εἰσέρχονται
3163 1399 3238 1459 εἰς
3271 1399 3361 1453 τὸν
3393 1400 3518 1454 ναὸν
3569 1399 3645 1462 εἷς
3684 1401 3782 1470 τήν

2135 1489 2397 1558 σωλαίαν,
2431 1485 2549 1543 ἔνθα
2594 1485 2809 1543 ’ίσταται
2865 1488 2927 1541 τὸ
2977 1486 3298 1560 ἀντιμίσιον.
3332 1487 3438 1542 Καὶ
3507 1487 3783 1566 ἐξέρχεται

2133 1579 2161 1631 ὀ
2199 1578 2553 1652 πατριάρχης
2591 1576 2652 1630 έκ
2679 1580 2774 1630 τοῦ
2814 1576 3222 1650 θυσιαστηρίου,
3254 1577 3341 1630 καὶ
3392 1571 3664 1650 λαμϐάνει
3719 1577 3786 1630 τὰ

2130 1663 2472 1722 κωδικέλλια
2501 1664 2551 1737 ἐξ
2598 1665 2802 1733 αὐτῶν,
2841 1664 2932 1719 καὶ
2977 1664 3189 1734 τίθησιν
3239 1664 3375 1719 αὐτὰ
3409 1663 3462 1718 ἐν
3503 1668 3584 1737 τῷ
3633 1667 3785 1720 άντι-

2136 1755 2320 1829 μισίῳ,
2351 1754 2441 1809 καὶ
2470 1758 2620 1808 ποιεῖ
2663 1754 2764 1821 τήν
2798 1753 2992 1828 εὐχὴν,
3024 1754 3114 1806 καὶ
3174 1753 3273 1807 εἶθ’
3301 1753 3479 1814 οὕτως
3522 1751 3783 1808 ἐπιδίδω-

2134 1865 2215 1897 σιν
2268 1843 2341 1897 ένὶ
2393 1842 2600 1914 ἑκάστῳ
2647 1841 2918 1915 πατρικίῳ
2963 1842 3030 1895 τὰ
3081 1839 3417 1896 κωδικέλλια
3467 1842 3781 1912 αὐτῶν,καὶ

2124 1931 2350 1993 ἕκαστος
2380 1931 2661 2004 πατρίκιος
2693 1930 2871 1999 τίθησι
2903 1931 2966 1985 τὸ
2996 1925 3337 2003 ἀποκόμϐιον
3389 1929 3554 1986 αὐτοῦ
3598 1931 3648 1985 έν
3701 1937 3781 2004 τῷ

2132 2020 2450 2094 ἀντιμισίῳ,
2495 2021 2522 2074 6
2573 2020 2873 2094 στρατηγὸς
2917 2019 3229 2092 νομίσματα
3278 2022 3388 2092 (71)
3439 2021 3541 2095 οβ’,
3598 2022 3626 2075 ὁ
3685 2017 3784 2093 ἔμ-

2127 2132 2364 2186 πραττος
2409 2109 2718 2183 νομίσματα
2771 2117 2834 2182 ν’,
2886 2111 2913 2164 6
2969 2108 3245 2184 ἄπραττος
3304 2112 3624 2184 νομίσματα
3678 2111 3780 2175 λς’.

2131 2202 2231 2258 Καὶ
2266 2200 2566 2275 ἀπέρχεται
2611 2201 2638 2253 6
2669 2200 3021 2273 πατριάρχης
3065 2197 3117 2253 έν
3174 2204 3254 2270 τῷ
3313 2199 3625 2273 ἀντιμισίῳ,
3659 2198 3786 2264 ἔνθα

2131 2285 2405 2362 μεταδίδει
2433 2289 2555 2332 ³⁴-³⁵
2576 2291 2713 2360 (72),
2761 2287 2850 2341 καὶ
2899 2281 3236 2363 εἰσέρχονται
3278 2289 3329 2342 οἱ
3361 2290 3642 2363 πατρίκιοι
3693 2289 3785 2343 καὶ

2130 2377 2649 2448 κοινωνοῦσιν,εἶθ’
2689 2377 2868 2438 οὕτως
2925 2377 3256 2452 ἀπέρχονται
3316 2377 3394 2440 εἷς
3435 2377 3499 2432 τὸ
3547 2377 3788 2451 πάμνον

2131 2471 2245 2522 τῶν
2278 2466 2604 2539 πατρικίων,
2635 2466 2726 2520 καὶ
2759 2469 2991 2542 φοροῦσι
3021 2464 3181 2541 σαγία
3212 2463 3450 2536 ἀληθινὰ
3491 2466 3791 2543 ἀμφότεροι

383 2558 476 2612 καὶ
531 2554 899 2630 διαμερίζεται
965 2558 1078 2629 (75)
1137 2557 1198 2609 τὸ
1257 2556 1466 2629 ὀψίκιον
1530 2558 1605 2620 εἷς
1661 2557 1786 2620 τοὺς
1845 2555 2281 2631 προϐληθέντας,
2321 2556 2411 2610 καὶ
2470 2555 2854 2629 ἀναχωροῦσιν
2905 2557 2981 2617 εἱς
3034 2554 3161 2618 τοὺς
3193 2554 3380 2619 οἷ’κους
3436 2557 3617 2612 αὐτῶν
3667 2558 3794 2632 ὀψι-

383 2647 685 2719 κευόμενοι.
728 2645 834 2700 Καὶ
894 2647 944 2699 oi
1004 2643 1360 2718 σιλεντιάριοι
1422 2650 1708 2725 φοροῦντες
1767 2646 1926 2720 σαγία
1983 2646 2116 2722 ῥοῆς
2174 2640 2567 2718 καϐαλλάριοι,
2623 2645 2975 2719 βαστάζοντες
3045 2655 3113 2699 τά
3176 2642 3516 2702 κωδικέλλια
3590 2646 3788 2720 αὐτῶν,

384 2735 476 2792 καὶ
525 2731 857 2811 ἀπέρχονται
909 2735 1075 2810 μέχρι
1129 2740 1234 2790 τῶν
1283 2735 1446 2790 οἴκων
1495 2735 1670 2791 αὐτῶν
1731 2736 2094 2810 ὀψικεύοντες.
2127 2735 2191 2793 Ei
2245 2735 2340 2808 μὲν
2401 2733 2518 2809 ἔχει
2549 2739 2776 2809 γυναῖκα
2824 2737 2852 2788 6
2901 2730 3239 2810 προϐληθεὶς
3276 2737 3582 2811 πατρίκιος,
3613 2735 3787 2793 ἐπιδί-

387 2823 550 2880 δωσιν
605 2827 632 2879 ὁ
683 2824 1041 2900 σιλεντιάριος
1100 2825 1168 2878 τά
1221 2822 1558 2880 κωδικέλλια
1606 2831 1674 2900 τῇ
1732 2826 2010 2901 πατρικίᾳ,
2037 2827 2128 2881 καὶ
2188 2819 2455 2897 λαμϐάνει
2514 2823 2564 2894 ἐξ
2605 2824 2771 2892 αὐτῆς
2826 2826 3138 2897 νομίσματα
3190 2827 3277 2898 ιβ’·
3314 2826 3359 2880 εί
3411 2823 3470 2880 δὲ
3519 2827 3622 2882 οὐκ
3670 2825 3784 2902 ἔχει

396 2920 647 2990 γυναῖκα,
677 2913 891 2983 τίθησιν
947 2914 1080 2967 αὐτά
1136 2913 1211 2974 εἰς
1266 2914 1356 2967 τὸν
1413 2908 1712 2988 κράϐαττον
1764 2914 1947 2980 αὐτοῦ,
2006 2915 2094 2967 καὶ
2163 2908 2428 2984 λαμϐάνει
2484 2912 2551 2966 τὰ
2607 2913 2677 2985 ιβ’
2737 2911 3050 2984 οομίσματα
3104 2911 3156 2984 ἐξ
3214 2913 3400 2985 αὐτοῦ,
3449 2915 3539 2969 καὶ
3596 2916 3790 2990 ἀριστᾷ

392 3004 516 3076 μετ’
547 3001 711 3057 αὐτοῦ
743 3005 875 3075 (74),
906 3003 996 3056 καὶ
1028 3003 1204 3064 οὕτως
1237 3002 1509 3076 ἀναχωρεῖ
1541 3001 1618 3057 sic
1659 3005 1748 3058 τὸν
1784 3004 1932 3057 οἶκον
1977 3001 2162 3057 αὐτοῦ.

457 3096 525 3147 ν.
561 3093 997 3148 Observandum
1050 3097 1157 3160 est,
1207 3096 1360 3163 quod
1401 3094 1490 3147 die
1534 3094 1682 3148 festo
1735 3094 2018 3164 promotio
2050 3100 2092 3165 (ς

387 3179 611 3252 patricii
642 3197 756 3234 non
799 3181 1160 3244 instituatur,
1194 3181 1536 3236 instituatur
1589 3197 1717 3236 vero
1764 3182 1823 3236 in
1857 3181 2029 3236 dode-

390 3284 649 3327 caemero
703 3270 1002 3335 festorum,
1037 3270 1094 3323 in
1151 3268 1493 3326 hexaemero
1551 3272 1887 3340 septimana:
1947 3286 2029 3324 re-

394 3357 740 3421 novationis,
773 3358 831 3411 in
863 3357 954 3412 die
989 3357 1314 3412 Palmarum
1345 3367 1398 3412 el
1443 3359 1743 3414 Dominica
1782 3375 2027 3430 pagana.

391 3448 604 3503 Sancto
635 3447 887 3502 Sabbato
913 3455 1152 3502 senatus
1175 3448 1540 3516 admonetur,
1565 3457 1629 3503 ut
1650 3450 1795 3504 albis
1815 3448 2030 3504 tunicis

388 3543 445 3592 et
473 3537 796 3592 alrebaticis
828 3537 1079 3601 incedat,
1111 3544 1169 3592 et
1201 3539 1544 3611 priusquam
1577 3538 1798 3593 domini
1842 3539 1903 3593 in
1934 3555 2031 3594 cc-

391 3625 627 3680 clesiam
681 3627 934 3693 veniant,
988 3631 1276 3681 secretum
1323 3627 1602 3682 candidas
1651 3629 1880 3682 tunicas
1927 3642 2031 3699 ge-

391 3718 556 3767 stans
587 3715 644 3768 in
678 3712 1138 3785 chrysotriclinio
1163 3722 1365 3784 prasto
1394 3720 1502 3783 est,
1528 3715 1811 3786 promolio
1833 3716 1903 3770 ad
1927 3731 2031 3786 pa-

389 3801 654 3856 triciatus
698 3801 1039 3872 dignitatem
1088 3801 1431 3871 celebratur,
1483 3811 1532 3858 et
1577 3804 1637 3858 in
1686 3804 2030 3860 consistorio

391 3889 670 3946 solemnis
701 3890 1066 3960 imperatoris
1097 3892 1155 3945 in
1185 3891 1394 3946 throno
1417 3909 1716 3947 consessus
1748 3894 1830 3959 lit,
1863 3908 2031 3948 sena-

393 3981 488 4034 tus
507 3978 698 4034 omnis
720 3979 1065 4032 atrebaticas
1095 3979 1346 4045 tunicas,
1379 3984 1438 4034 ut
1457 3980 1548 4034 die
1581 3981 1764 4034 sancti
1797 3980 2033 4040 Sabbati

395 4082 521 4122 mos
558 4072 666 4131 est,
700 4065 926 4136 patricii
969 4081 1166 4120 recens
1221 4067 1394 4120 creati
1442 4067 1753 4121 atrebatica
1785 4075 2030 4133 mutant,

397 4157 563 4227 sique
593 4157 650 4210 in
686 4154 774 4210 his
805 4159 1097 4225 strategus
1119 4157 1228 4222 est,
1261 4170 1462 4225 sagum
1489 4170 1839 4226 purpureum
1865 4171 2034 4212 suos-

2207 3090 2276 3145 E'.
2312 3091 2428 3163 Χρή
2481 3087 2538 3143 δὲ
2585 3090 2890 3162 γινώσκειν,
2916 3091 2998 3145 ὅτι
3057 3089 3109 3145 ἐν
3171 3093 3334 3166 ἑορτῇ
3396 3088 3652 3166 προϐολὴ
3687 3115 3787 3148 πα-

2131 3179 2344 3254 τρικίου
2402 3179 2462 3233 οὑ
2528 3177 2753 3254 γίνεται,
2810 3180 2908 3247 τὴν
2992 3177 3408 3256 δωδεκαήμερον
3487 3186 3604 3256 (75)
3680 3188 3784 3237 τῶν

2135 3268 2338 3342 ἑορτῶν
2387 3271 2590 3341 γίνεται
2637 3268 2728 3321 καὶ
2777 3268 2876 3336 τὴν
2937 3269 3236 3346 ἒξαήμερον
3287 3275 3386 3336 τῆς
3450 3269 3786 3343 διακαινησί-

2137 3379 2264 3432 μου,
2295 3359 2386 3412 καὶ
2437 3359 2536 3426 τήν
2591 3357 2799 3432 ἡμέραν
2827 3362 2934 3412 τῶν
2976 3359 3145 3413 Βαίων
3180 3363 3269 3414 καὶ
3329 3360 3381 3415 ἐν
3429 3367 3652 3438 ηπαγανῇ
3685 3369 3790 3422 Κυ-

2137 3452 2301 3523 ριακῇ
2343 3448 2409 3514 ³6,
2443 3449 2532 3501 καὶ
2562 3446 2625 3501 τὸ
2657 3449 2812 3523 ἅγιον
2845 3443 3128 3503 Σάϐϐατον
3163 3449 3424 3521 μηνύεται
3473 3453 3507 3521 ἡ
3556 3453 3792 3528 σύγκλη-

2136 3557 2255 3604 τος,
2313 3533 2404 3589 τίνςι
2447 3535 2754 3610 βαστάζωσι
2801 3539 2868 3590 τὰ
2912 3535 3090 3611 ἄσπρα
3139 3535 3406 3616 χλανίδια
3475 3542 3610 3614 μετά
3683 3549 3790 3598 τῶν

2138 3619 2535 3698 ἀτραϐατικῶν,
2595 3623 2682 3678 xui
2725 3625 2830 3698 πρὸ
2887 3629 2983 3679 τοῦ
3035 3625 3288 3681 ἀπελθεῖν
3347 3627 3472 3684 τοὺς
3524 3627 3788 3695 δεσπότας

2140 3713 2218 3776 εἷς
2273 3713 2373 3781 τὴν
2435 3710 2729 3782 ἐκκλησίαν
2791 3712 3010 3791 δέχεται
3087 3715 3332 3791 σέκρετον
3391 3718 3524 3789 μετά
3580 3719 3787 3776 λευκῶν

2138 3799 2442 3876 χλανιδίων
2493 3801 2568 3862 εἰς
2616 3800 2677 3855 τὸ
2728 3801 3206 3876 χρυσοτρίκλινον,
3237 3806 3326 3858 καὶ
3356 3805 3553 3880 γίνεται
3584 3809 3619 3876 ἡ
3652 3829 3788 3884 προ-

2140 3887 2283 3959 ϐολὴ
2326 3897 2425 3959 τῆς
2475 3891 2862 3964 πατριότητος,
2896 3890 2983 3945 xui
3026 3888 3234 3946 δίδοται
3287 3896 3688 3968 μεταστάσιμον
3738 3896 3791 3953 ἒν

2139 3982 2220 4050 τῷ
2278 3978 2670 4052 κονσιστωρίῳ,
2730 3979 2819 4033 καὶ
2877 3977 3138 4034 ἀλλάσσει
3196 3985 3341 4037 πᾶσα
3387 3985 3422 4052 ἡ
3484 3983 3793 4062 σύγκλητος

2142 4061 2472 4140 ἀτραϐατικά
2499 4066 2761 4141 χλανίδια
2791 4067 2925 4122 κατὰ
2963 4070 3062 4139 τήν
3109 4072 3391 4140 συνήθειαν
3436 4080 3535 4142 τῆς
3581 4074 3790 4150 ἡμέρας

2141 4159 2238 4209 τοῦ
2285 4155 2439 4230 ἁγίου
2497 4150 2802 4226 Σαϐϐάτου,
2854 4157 3063 4230 ὁμοίως
3130 4159 3219 4214 καὶ
3279 4163 3329 4215 οἱ
3387 4158 3795 4236 προϐληθέντες

1679 4253 1914 4311 VARUE
1953 4254 2251 4311 LECTION
2259 4256 2362 4312 ES.

469 4350 584 4393 διεδ
616 4346 944 4423 μεταδίδωσι
988 4350 1080 4408 ed.
1158 4349 1206 4385 ³ο
1235 4352 1487 4424 κυριακῇ,
1520 4350 1610 4404 καὶ
1640 4352 1731 4411 6d.

1422 4455 1620 4513 JOAN.
1661 4458 1798 4513 JAC.
1843 4456 2102 4514 REISKII
2141 4457 2728 4518 COMMENTARIUS.

469 4554 584 4623 (70)
611 4554 853 4628 Videtur
873 4554 1156 4628 peculiare
1175 4554 1408 4628 aliquod
1435 4571 1619 4627 genus
1639 4555 2036 4628 inclinationis
2065 4558 2113 4624 Β

400 4627 657 4710 corpqris
705 4641 806 4712 seu
858 4625 1298 4714 προσκυνῄξεως,
1331 4625 1690 4714 αμοῇαιέογεὶδ,
1721 4625 2037 4714 fuisse"?

400 4692 676 4824 πὲόσῆκον
723 4692 1012 4767 ἀπονέμειν
1064 4692 1224 4758 σέϐας
1279 4697 1457 4780 habet
1511 4692 1750 4782 Cedren:
1802 4715 1855 4768 p.
1911 4699 2035 4754 489.

401 4768 422 4823 I
470 4761 747 4841 emecsuc
781 4784 893 4841 pro_
915 4768 1024 4841 fide
1047 4773 1223 4841 atque
1261 4769 1535 4840 religione
1585 4780 1777 4841 posmt
1823 4786 1876 4839 p.
1911 4770 2036 4841 604.

472 4839 584 4911 (71)
755 4833 844 4920 vi}...
865 4833 893 4890 6'
921 4833 1146 4920 duplici
1170 4833 1648 4920 superimposit6._
1668 4841 1731 4896 Id
1761 4833 1844 4896 csl
1876 4838 2038 4912 νομί-

402 4909 600 4982 σματα.
635 4911 756 4966 Mos
788 4909 884 4982 ille
927 4909 1034 4982 fuit
1080 4909 1319 4982 librarii,
1343 4916 1407 4964 ut
1430 4909 1442 4910 ί
1464 4911 1717 4980 plurales
1767 4909 2038 4968 numeros

401 4979 502 5053 per
531 4980 881 5053 compendia
903 4979 1165 5053 scribens
1185 4980 1403 5053 litteras
1420 4979 1783 5053 geminaret;
1817 4988 1879 5038 ut
1905 5001 2036 5036 κοκο

402 5048 537 5109 sunt
570 5048 835 5120 comites,
867 5048 939 5123 λλ
973 5049 1344 5123 ευοιλίτρα-ι,
1379 5048 1478 5123 ubi
1507 5067 1690 5107 unum
1729 5072 1791 5105 κο
1835 5053 2040 5110 fuisset

401 5126 582 5195 κόμης
615 5129 671 5180 et
703 5119 880 5178 unum
913 5119 944 5175 λ
977 5119 1657 5195 unalibra.Nomismata
1679 5129 1872 5179 autem
1901 5129 2039 5180 sunt

402 5191 632 5250 nummi
661 5195 845 5262 aurei,
867 5209 1114 5264 quorum
1153 5193 1252 5247 100
1279 5191 1443 5264 initio
1459 5197 1516 5249 et
1540 5195 1751 5264 secutis
1769 5196 2037 5264 tempori-

402 5267 513 5320 bus
549 5268 622 5320 72
649 5265 1054 5321 tantummodo
1085 5264 1290 5318 libram
1323 5263 1449 5318 auri
1475 5263 1818 5331 efﬁciebant,
1843 5263 1899 5319 et
1927 5266 2039 5320 sin-

402 5335 540 5406 gula
569 5339 840 5392 duodena
871 5335 1186 5406 miliaresia
1214 5335 1609 5406 continebant.

474 5407 588 5475 (72)
757 5401 1163 5479 per:6€6_i,_hoc
1225 5411 1314 5461 est
1372 5401 1666 5478 μεταδίδει.
1711 5405 2035 5476 Saepissime

402 5472 610 5550 Noster
636 5472 802 5550 δίδεὶν
832 5495 935 5550 pro
967 5472 1468 5550 6L66vaiusurpat.

475 5547 584 5615 (73)
635 5547 774 5604 Vult
830 5547 1019 5604 dicere
1069 5563 1083 5604 :
1143 5549 1287 5605 Tota
1351 5547 1522 5605 turba
1580 5548 2029 5606 silentiariorum

404 5624 855 5690 cancrorumque
901 5618 1253 5686 ofﬁcialium,
1294 5620 1395 5690 qui
1441 5636 1642 5676 recens
1686 5621 2028 5676 honoratum

407 5684 829 5754 obsequiare'et
859 5706 984 5744 cum
1015 5707 1220 5760 pompa
1241 5684 1477 5747 domum
1497 5693 1777 5748 deducere
1799 5693 2026 5756 debent,

2148 4563 2287 4640 tunc
2321 4573 2451 4640 sese
2483 4558 2709 4640 dividit,
2741 4559 2803 4614 bi
2834 4576 2896 4616 se
2927 4561 3060 4618 huic
3087 4564 3346 4635 patricio,
3381 4566 3477 4624 alii
3509 4573 3792 4640 secundo,

2148 4626 2246 4712 alii
2271 4631 2436 4712 tertio
2461 4635 2516 4683 et
2538 4629 2622 4712 sic
2645 4647 2815 4710 porro
2836 4626 3246 4712 aggregaht,et
3267 4626 3399 4712 eum
3413 4626 3787 4712 obsequiaut:

2151 4696 2500 4783 'Ampipé‘rspoz,
2563 4696 2726 4756 ut'in
2780 4696 3418 4783 pricedé'ntibusjam
3477 4696 3790 4783 aliquoties

2148 4769 2518 4854 offendimus,
2542 4788 2735 4854 omnes
2766 4769 2943 4854 notat,
2985 4793 3100 4854 non
3151 4769 3327 4854 amlio'.
3361 4769 3656 4854 Quotquot
3689 4786 3788 4842 de-

2149 4842 2559 4923 mu_m‘f'uerint
2589 4845 2834 4923 patricii,
2868 4843 3191 4923 ἀμφότεροι,
3225 4842 3400 4907 simul
3453 4842 3676 4910 omnes.

2217 4912 2329 4983 (74)
2361 4912 2440 4968 De
2470 4915 2744 4969 conviviis
2793 4912 3114 4974 ami'ccrum
3155 4912 3286 4976 cum
3341 4939 3541 4980 recens
3591 4933 3786 4984 creato

2147 4999 2487 5064 quocunque
2520 4985 2863 5070 magislratu
2906 4989 3118 5070 οἰδ-ξιιί
3167 4993 3363 5070 ofﬁcii,
3395 5011 3509 5070 seu
3547 5013 3634 5063 eo,
3667 5016 3785 5070 quo

2146 5054 2404 5125 primum
2435 5054 2732 5125 promotus
2767 5058 2892 5125 fuit,
2921 5077 2977 5115 v.
3003 5061 3190 5118 Vales.
3215 5066 3286 5119 ad
3321 5054 3784 5126 ᾸωωίοοίΜῖιτὲ

2146 5123 2272 5179 celi.
2313 5143 2367 5195 p.
2400 5128 2488 5192 84,
2522 5133 2575 5182 et
2605 5127 2755 5184 intra
2793 5146 2848 5195 p.
2883 5130 3005 5188 412.

2216 5146 2272 5179 u.
2313 5146 2367 5195 p.
2400 5146 2488 5192 csa,
2522 5146 2575 5182 θι
2605 5146 2755 5184 intra
2793 5146 2848 5200 p.
2883 5146 3005 5188 aiz.

2216 5197 2326 5277 0.5)
2359 5197 2548 5277 Nihilo
2582 5199 2712 5269 plus
2743 5201 2898 5277 edito
2929 5202 3132 5277 M_._bi_c
3172 5203 3280 5261 loci
3335 5205 3575 5264 habent.
3616 5211 3784 5266 Nihi-

2143 5265 2648 5348 19mi_nus.certu'm
2676 5273 2767 5348 est
2819 5271 3034 5348 aliquid
3066 5275 3300 5348 deesse,
3331 5294 3381 5333 e.
3416 5296 3466 5334 c.
3501 5277 3664 5348 ὑλλά,
3694 5265 3781 5338 vel

2144 5335 2196 5410 εις
2223 5339 2298 5408 μή
2337 5337 2522 5410 μόνον,
2554 5340 2643 5394 vel
2676 5339 2801 5394 ὅταν
2845 5335 3098 5399 δὲ’κατά.
3155 5348 3217 5404 Ut
3265 5335 3565 5406 duodecim
3619 5335 3786 5409 alarii

2144 5407 2265 5490 dies
2297 5407 3088 5490 a'festo'Eativitatistristi
3112 5433 3292 5489 usque
3321 5421 3390 5475 ad
3422 5407 3637 5477 festum
3667 5407 3781 5479 Lu;

2144 5482 2364 5561 minum
2398 5498 2497 5561 seu
2529 5482 3335 5561 Theophaniaa,_qu_ibus‘tota
3382 5493 3542 5548 curia
3572 5492 3782 5550 hilaria

2142 5551 2365 5635 agepal.
2402 5551 2481 5606 ita
2528 5551 2756 5635 quoque
2800 5551 3251 5635 convivabantur
3299 5561 3358 5635 in
3408 5563 3542 5635 aula
3589 5581 3688 5635 per
3716 5566 3778 5619 τὸ

2141 5619 2458 5705 έξαήμερογ,
2479 5619 2591 5705 se}:
2620 5619 2767 5705 dies,
2789 5627 2906 5705 ἐ]μί
2939 5627 3148 5705 festum
3188 5631 3485 5692 Paschatis
3522 5619 3781 5694 ct‘octa—

2139 5709 2264 5748 vam
2293 5694 2350 5750 in
2379 5694 2526 5750 albis
2552 5694 3006 5755 intercedebant.
