  <div class='ocr_page' id='page_1' title='image "/cluster/home/n/w/nwhite01/storage/ocr_20150623/112/mdp.39015034364078/259.png"; bbox 0 0 4152 6302; ppageno 0'>
   <div class='ocr_carea' id='block_1_1' title="bbox 313 354 429 415">
    <p class='ocr_par' dir='ltr' id='par_1_1' title="bbox 313 354 429 415">
     <span class='ocr_line' id='line_1_1' title="bbox 313 354 429 415; baseline 0.009 -3"><span class='ocrx_word' id='word_1_1' title='bbox 313 354 429 415; x_wconf 85' lang='grc'>503</span> 
     </span>
    </p>
   </div>
   <div class='ocr_carea' id='block_1_2' title="bbox 1369 325 2642 400">
    <p class='ocr_par' dir='ltr' id='par_1_2' title="bbox 1369 325 2642 400">
     <span class='ocr_line' id='line_1_2' title="bbox 1369 325 2642 400; baseline -0.01 1"><span class='ocrx_word' id='word_1_2' title='bbox 1369 332 1899 400; x_wconf 79' lang='lat' dir='ltr'>CONSTAN&#39;I‘INI</span> <span class='ocrx_word' id='word_1_3' title='bbox 1943 325 2642 390; x_wconf 79' lang='lat' dir='ltr'>POBPHYROGENITI</span> 
     </span>
    </p>
   </div>
   <div class='ocr_carea' id='block_1_3' title="bbox 3610 321 3723 382">
    <p class='ocr_par' dir='ltr' id='par_1_3' title="bbox 3610 321 3723 382">
     <span class='ocr_line' id='line_1_3' title="bbox 3610 321 3723 382; baseline -0.009 0"><span class='ocrx_word' id='word_1_4' title='bbox 3610 321 3723 382; x_wconf 62' lang='grc'>504</span> 
     </span>
    </p>
   </div>
   <div class='ocr_carea' id='block_1_4' title="bbox 314 459 1998 555">
    <p class='ocr_par' dir='ltr' id='par_1_4' title="bbox 314 470 1976 555">
     <span class='ocr_line' id='line_1_4' title="bbox 314 470 1976 555; baseline -0.015 -11"><span class='ocrx_word' id='word_1_5' title='bbox 314 502 504 555; x_wconf 81' lang='lat' dir='ltr'>russo,</span> <span class='ocrx_word' id='word_1_6' title='bbox 530 500 564 540; x_wconf 88' lang='lat' dir='ltr'>a</span> <span class='ocrx_word' id='word_1_7' title='bbox 589 480 1000 538; x_wconf 87' lang='lat' dir='ltr'><strong>cerimoniario</strong></span> <span class='ocrx_word' id='word_1_8' title='bbox 1031 476 1264 548; x_wconf 88' lang='lat' dir='ltr'><strong>alioque</strong></span> <span class='ocrx_word' id='word_1_9' title='bbox 1322 472 1640 531; x_wconf 88' lang='lat' dir='ltr'><strong>silentiario</strong></span> <span class='ocrx_word' id='word_1_10' title='bbox 1689 470 1976 525; x_wconf 86' lang='lat' dir='ltr'><strong>sustenta-</strong></span> 
     </span>
    </p>
   </div>
   <div class='ocr_carea' id='block_1_5' title="bbox 2106 459 3726 555">
    <p class='ocr_par' dir='ltr' id='par_1_5' title="bbox 2106 459 3726 538">
     <span class='ocr_line' id='line_1_5' title="bbox 2106 459 3726 538; baseline -0.002 -21"><span class='ocrx_word' id='word_1_11' title='bbox 2106 461 2186 518; x_wconf 76' lang='grc' dir='ltr'>ἶλα</span> <span class='ocrx_word' id='word_1_12' title='bbox 2214 463 2350 517; x_wconf 82' lang='grc' dir='ltr'>κατὰ</span> <span class='ocrx_word' id='word_1_13' title='bbox 2389 463 2488 530; x_wconf 79' lang='grc' dir='ltr'>τήν</span> <span class='ocrx_word' id='word_1_14' title='bbox 2510 463 2787 533; x_wconf 82' lang='grc' dir='ltr'>συνήθειαν</span> <span class='ocrx_word' id='word_1_15' title='bbox 2813 460 2865 517; x_wconf 83' lang='grc' dir='ltr'>έν</span> <span class='ocrx_word' id='word_1_16' title='bbox 2896 463 2976 535; x_wconf 82' lang='grc' dir='ltr'>τῷ</span> <span class='ocrx_word' id='word_1_17' title='bbox 3025 459 3470 538; x_wconf 84' lang='grc' dir='ltr'>χρυσοτρικλίνῳ</span> <span class='ocrx_word' id='word_1_18' title='bbox 3494 460 3583 515; x_wconf 82' lang='grc' dir='ltr'>καὶ</span> <span class='ocrx_word' id='word_1_19' title='bbox 3610 480 3726 514; x_wconf 86' lang='grc' dir='ltr'>στα-</span> 
     </span>
    </p>
   </div>
   <div class='ocr_carea' id='block_1_6' title="bbox 315 556 1974 640">
    <p class='ocr_par' dir='ltr' id='par_1_6' title="bbox 315 556 1974 640">
     <span class='ocr_line' id='line_1_6' title="bbox 315 556 1974 640; baseline -0.014 -8"><span class='ocrx_word' id='word_1_20' title='bbox 315 582 439 640; x_wconf 82' lang='lat' dir='ltr'><strong>tus,</strong></span> <span class='ocrx_word' id='word_1_21' title='bbox 470 572 794 638; x_wconf 69' lang='lat' dir='ltr'>ingreditur</span> <span class='ocrx_word' id='word_1_22' title='bbox 817 573 873 624; x_wconf 89' lang='lat' dir='ltr'>et</span> <span class='ocrx_word' id='word_1_23' title='bbox 906 585 1018 624; x_wconf 87' lang='lat' dir='ltr'>una</span> <span class='ocrx_word' id='word_1_24' title='bbox 1038 582 1167 622; x_wconf 89' lang='lat' dir='ltr'>cum</span> <span class='ocrx_word' id='word_1_25' title='bbox 1195 561 1538 620; x_wconf 90' lang='lat' dir='ltr'><strong>silentiariis</strong></span> <span class='ocrx_word' id='word_1_26' title='bbox 1561 559 1810 632; x_wconf 90' lang='lat' dir='ltr'><strong>primam</strong></span> <span class='ocrx_word' id='word_1_27' title='bbox 1841 556 1974 611; x_wconf 86' lang='lat' dir='ltr'><strong>ado-</strong></span> 
     </span>
    </p>
   </div>
   <div class='ocr_carea' id='block_1_7' title="bbox 319 647 1974 724">
    <p class='ocr_par' dir='ltr' id='par_1_7' title="bbox 319 647 1974 724">
     <span class='ocr_line' id='line_1_7' title="bbox 319 647 1974 724; baseline -0.013 -4"><span class='ocrx_word' id='word_1_28' title='bbox 319 665 606 722; x_wconf 87' lang='lat' dir='ltr'><strong>rationcm</strong></span> <span class='ocrx_word' id='word_1_29' title='bbox 639 660 890 724; x_wconf 78' lang='lat' dir='ltr'>exhibet,</span> <span class='ocrx_word' id='word_1_30' title='bbox 911 655 1230 712; x_wconf 89' lang='lat' dir='ltr'><strong>secundam</strong></span> <span class='ocrx_word' id='word_1_31' title='bbox 1257 653 1317 707; x_wconf 90' lang='lat' dir='ltr'>in</span> <span class='ocrx_word' id='word_1_32' title='bbox 1351 651 1542 707; x_wconf 91' lang='lat' dir='ltr'><strong>medio</strong></span> <span class='ocrx_word' id='word_1_33' title='bbox 1561 647 1831 714; x_wconf 85' lang='lat' dir='ltr'><strong>triclinio,</strong></span> <span class='ocrx_word' id='word_1_34' title='bbox 1865 653 1974 699; x_wconf 85' lang='lat' dir='ltr'><strong>ter-</strong></span> 
     </span>
    </p>
   </div>
   <div class='ocr_carea' id='block_1_8' title="bbox 319 736 1975 823">
    <p class='ocr_par' dir='ltr' id='par_1_8' title="bbox 319 736 1975 823">
     <span class='ocr_line' id='line_1_8' title="bbox 319 736 1975 823; baseline -0.014 -12"><span class='ocrx_word' id='word_1_35' title='bbox 319 757 460 812; x_wconf 88' lang='lat' dir='ltr'><strong>tiam</strong></span> <span class='ocrx_word' id='word_1_36' title='bbox 493 750 748 823; x_wconf 89' lang='lat' dir='ltr'><strong>quodam</strong></span> <span class='ocrx_word' id='word_1_37' title='bbox 782 764 816 802; x_wconf 91' lang='lat' dir='ltr'>a</span> <span class='ocrx_word' id='word_1_38' title='bbox 846 747 1052 802; x_wconf 85' lang='lat' dir='ltr'>throno</span> <span class='ocrx_word' id='word_1_39' title='bbox 1076 741 1398 800; x_wconf 86' lang='lat' dir='ltr'><strong>intervallo.</strong></span> <span class='ocrx_word' id='word_1_40' title='bbox 1430 743 1557 795; x_wconf 78' lang='lat' dir='ltr'>Mox</span> <span class='ocrx_word' id='word_1_41' title='bbox 1579 739 1650 793; x_wconf 87' lang='lat' dir='ltr'>ab</span> <span class='ocrx_word' id='word_1_42' title='bbox 1689 736 1761 792; x_wconf 90' lang='lat' dir='ltr'>iis</span> <span class='ocrx_word' id='word_1_43' title='bbox 1793 736 1975 790; x_wconf 83' lang='lat' dir='ltr'><strong>dedu-</strong></span> 
     </span>
    </p>
   </div>
   <div class='ocr_carea' id='block_1_9' title="bbox 323 823 1974 913">
    <p class='ocr_par' dir='ltr' id='par_1_9' title="bbox 323 823 1974 913">
     <span class='ocr_line' id='line_1_9' title="bbox 323 823 1974 913; baseline -0.013 -14"><span class='ocrx_word' id='word_1_44' title='bbox 323 850 472 912; x_wconf 84' lang='lat' dir='ltr'><strong>ctus,</strong></span> <span class='ocrx_word' id='word_1_45' title='bbox 507 841 682 913; x_wconf 84' lang='lat' dir='ltr'><strong>pedes</strong></span> <span class='ocrx_word' id='word_1_46' title='bbox 715 853 779 892; x_wconf 91' lang='lat' dir='ltr'>ac</span> <span class='ocrx_word' id='word_1_47' title='bbox 801 851 992 908; x_wconf 86' lang='lat' dir='ltr'><strong>genua</strong></span> <span class='ocrx_word' id='word_1_48' title='bbox 1016 832 1212 904; x_wconf 82' lang='lat' dir='ltr'>magni</span> <span class='ocrx_word' id='word_1_49' title='bbox 1242 836 1300 886; x_wconf 90' lang='lat' dir='ltr'>et</span> <span class='ocrx_word' id='word_1_50' title='bbox 1333 829 1574 885; x_wconf 89' lang='lat' dir='ltr'><strong>minoris</strong></span> <span class='ocrx_word' id='word_1_51' title='bbox 1604 823 1974 898; x_wconf 79' lang='lat' dir='ltr'>imperatoris</span> 
     </span>
    </p>
   </div>
   <div class='ocr_carea' id='block_1_10' title="bbox 327 913 1979 998">
    <p class='ocr_par' dir='ltr' id='par_1_10' title="bbox 327 913 1979 998">
     <span class='ocr_line' id='line_1_10' title="bbox 327 913 1979 998; baseline -0.013 -10"><span class='ocrx_word' id='word_1_52' title='bbox 327 929 640 995; x_wconf 80' lang='lat' dir='ltr'>osculatur,</span> <span class='ocrx_word' id='word_1_53' title='bbox 657 931 715 982; x_wconf 89' lang='lat' dir='ltr'>et</span> <span class='ocrx_word' id='word_1_54' title='bbox 735 924 1007 998; x_wconf 81' lang='lat' dir='ltr'>expansis</span> <span class='ocrx_word' id='word_1_55' title='bbox 1028 922 1324 989; x_wconf 87' lang='lat' dir='ltr'><strong>manibus,</strong></span> <span class='ocrx_word' id='word_1_56' title='bbox 1345 922 1654 990; x_wconf 78' lang='lat' dir='ltr'>postquam</span> <span class='ocrx_word' id='word_1_57' title='bbox 1677 913 1979 971; x_wconf 89' lang='lat' dir='ltr'><strong>codicillos</strong></span> 
     </span>
    </p>
   </div>
   <div class='ocr_carea' id='block_1_11' title="bbox 327 1004 1977 1087">
    <p class='ocr_par' dir='ltr' id='par_1_11' title="bbox 327 1004 1977 1087">
     <span class='ocr_line' id='line_1_11' title="bbox 327 1004 1977 1087; baseline -0.014 -8"><span class='ocrx_word' id='word_1_58' title='bbox 327 1039 360 1078; x_wconf 91' lang='lat' dir='ltr'>a</span> <span class='ocrx_word' id='word_1_59' title='bbox 389 1018 644 1078; x_wconf 89' lang='lat' dir='ltr'><strong>dominis</strong></span> <span class='ocrx_word' id='word_1_60' title='bbox 675 1015 920 1087; x_wconf 89' lang='lat' dir='ltr'><strong>accepit,</strong></span> <span class='ocrx_word' id='word_1_61' title='bbox 951 1015 1183 1070; x_wconf 83' lang='lat' dir='ltr'><strong>dextras</strong></span> <span class='ocrx_word' id='word_1_62' title='bbox 1224 1026 1424 1066; x_wconf 87' lang='lat' dir='ltr'><strong>eorum</strong></span> <span class='ocrx_word' id='word_1_63' title='bbox 1477 1005 1795 1068; x_wconf 85' lang='lat' dir='ltr'><strong>osculatur,</strong></span> <span class='ocrx_word' id='word_1_64' title='bbox 1827 1004 1977 1058; x_wconf 87' lang='lat' dir='ltr'><strong>ceri-</strong></span> 
     </span>
    </p>
   </div>
   <div class='ocr_carea' id='block_1_12' title="bbox 328 1091 1980 1166">
    <p class='ocr_par' dir='ltr' id='par_1_12' title="bbox 328 1091 1980 1166">
     <span class='ocr_line' id='line_1_12' title="bbox 328 1091 1980 1166; baseline -0.013 0"><span class='ocrx_word' id='word_1_65' title='bbox 328 1107 649 1166; x_wconf 88' lang='lat' dir='ltr'><strong>moniarius</strong></span> <span class='ocrx_word' id='word_1_66' title='bbox 687 1120 818 1163; x_wconf 91' lang='lat' dir='ltr'>eum</span> <span class='ocrx_word' id='word_1_67' title='bbox 863 1105 931 1159; x_wconf 89' lang='lat' dir='ltr'>ad</span> <span class='ocrx_word' id='word_1_68' title='bbox 965 1103 1182 1166; x_wconf 92' lang='lat' dir='ltr'><strong>locum,</strong></span> <span class='ocrx_word' id='word_1_69' title='bbox 1215 1100 1312 1155; x_wconf 89' lang='lat' dir='ltr'>ubi</span> <span class='ocrx_word' id='word_1_70' title='bbox 1343 1098 1585 1153; x_wconf 86' lang='lat' dir='ltr'><strong>tertium</strong></span> <span class='ocrx_word' id='word_1_71' title='bbox 1642 1091 1980 1166; x_wconf 85' lang='lat' dir='ltr'><strong>procubuit,</strong></span> 
     </span>
    </p>
   </div>
   <div class='ocr_carea' id='block_1_13' title="bbox 329 1181 1979 1267">
    <p class='ocr_par' dir='ltr' id='par_1_13' title="bbox 329 1181 1979 1267">
     <span class='ocr_line' id='line_1_13' title="bbox 329 1181 1979 1267; baseline -0.012 -12"><span class='ocrx_word' id='word_1_72' title='bbox 329 1198 575 1267; x_wconf 88' lang='lat' dir='ltr'><strong>reducit,</strong></span> <span class='ocrx_word' id='word_1_73' title='bbox 606 1199 663 1253; x_wconf 84' lang='lat' dir='ltr'>et</span> <span class='ocrx_word' id='word_1_74' title='bbox 687 1193 912 1267; x_wconf 82' lang='lat' dir='ltr'><strong>patricii</strong></span> <span class='ocrx_word' id='word_1_75' title='bbox 945 1209 980 1247; x_wconf 88' lang='lat' dir='ltr'>a</span> <span class='ocrx_word' id='word_1_76' title='bbox 1009 1189 1331 1262; x_wconf 76' lang='lat' dir='ltr'><strong>magistris,</strong></span> <span class='ocrx_word' id='word_1_77' title='bbox 1362 1185 1587 1242; x_wconf 66' lang='lat' dir='ltr'><strong>caeteris</strong></span> <span class='ocrx_word' id='word_1_78' title='bbox 1618 1181 1882 1255; x_wconf 81' lang='lat' dir='ltr'><strong>patriciis</strong></span> <span class='ocrx_word' id='word_1_79' title='bbox 1912 1197 1979 1236; x_wconf 88' lang='lat' dir='ltr'>ac</span> 
     </span>
    </p>
   </div>
   <div class='ocr_carea' id='block_1_14' title="bbox 330 1272 1978 1343">
    <p class='ocr_par' dir='ltr' id='par_1_14' title="bbox 330 1272 1978 1343">
     <span class='ocr_line' id='line_1_14' title="bbox 330 1272 1978 1343; baseline -0.012 0"><span class='ocrx_word' id='word_1_80' title='bbox 330 1284 668 1343; x_wconf 82' lang='lat' dir='ltr'><strong>silentiariis</strong></span> <span class='ocrx_word' id='word_1_81' title='bbox 698 1280 1062 1343; x_wconf 82' lang='lat' dir='ltr'><strong>circumdati,</strong></span> <span class='ocrx_word' id='word_1_82' title='bbox 1115 1278 1359 1343; x_wconf 90' lang='lat' dir='ltr'><strong>intrant,</strong></span> <span class='ocrx_word' id='word_1_83' title='bbox 1405 1289 1436 1329; x_wconf 90' lang='lat' dir='ltr'>e</span> <span class='ocrx_word' id='word_1_84' title='bbox 1485 1272 1697 1343; x_wconf 87' lang='lat' dir='ltr'><strong>quibus</strong></span> <span class='ocrx_word' id='word_1_85' title='bbox 1753 1275 1978 1326; x_wconf 89' lang='lat' dir='ltr'><strong>tantum</strong></span> 
     </span>
    </p>
   </div>
   <div class='ocr_carea' id='block_1_15' title="bbox 337 1360 1983 1448">
    <p class='ocr_par' dir='ltr' id='par_1_15' title="bbox 337 1360 1983 1448">
     <span class='ocr_line' id='line_1_15' title="bbox 337 1360 1983 1448; baseline -0.012 -17"><span class='ocrx_word' id='word_1_86' title='bbox 337 1375 558 1448; x_wconf 83' lang='lat' dir='ltr'><strong>patricii</strong></span> <span class='ocrx_word' id='word_1_87' title='bbox 592 1372 805 1445; x_wconf 80' lang='lat' dir='ltr'><strong>gratias</strong></span> <span class='ocrx_word' id='word_1_88' title='bbox 828 1366 1083 1424; x_wconf 90' lang='lat' dir='ltr'><strong>dominis</strong></span> <span class='ocrx_word' id='word_1_89' title='bbox 1111 1367 1312 1436; x_wconf 86' lang='lat' dir='ltr'><strong>agunt,</strong></span> <span class='ocrx_word' id='word_1_90' title='bbox 1374 1360 1577 1431; x_wconf 83' lang='lat' dir='ltr'><strong>reliqui</strong></span> <span class='ocrx_word' id='word_1_91' title='bbox 1619 1375 1752 1416; x_wconf 89' lang='lat' dir='ltr'><strong>vero</strong></span> <span class='ocrx_word' id='word_1_92' title='bbox 1819 1374 1983 1414; x_wconf 86' lang='lat' dir='ltr'><strong>sena-</strong></span> 
     </span>
    </p>
   </div>
   <div class='ocr_carea' id='block_1_16' title="bbox 331 1453 1980 1535">
    <p class='ocr_par' dir='ltr' id='par_1_16' title="bbox 331 1453 1980 1535">
     <span class='ocr_line' id='line_1_16' title="bbox 331 1453 1980 1535; baseline -0.012 -12"><span class='ocrx_word' id='word_1_93' title='bbox 331 1475 503 1532; x_wconf 85' lang='lat' dir='ltr'><strong>tores,</strong></span> <span class='ocrx_word' id='word_1_94' title='bbox 526 1463 806 1535; x_wconf 87' lang='lat' dir='ltr'><strong>quoniam</strong></span> <span class='ocrx_word' id='word_1_95' title='bbox 839 1475 951 1515; x_wconf 87' lang='lat' dir='ltr'>non</span> <span class='ocrx_word' id='word_1_96' title='bbox 986 1474 1138 1512; x_wconf 89' lang='lat' dir='ltr'><strong>unus</strong></span> <span class='ocrx_word' id='word_1_97' title='bbox 1169 1454 1260 1510; x_wconf 90' lang='lat' dir='ltr'>sui</span> <span class='ocrx_word' id='word_1_98' title='bbox 1293 1453 1516 1510; x_wconf 88' lang='lat' dir='ltr'><strong>ordinis</strong></span> <span class='ocrx_word' id='word_1_99' title='bbox 1540 1455 1841 1524; x_wconf 85' lang='lat' dir='ltr'><strong>promotus</strong></span> <span class='ocrx_word' id='word_1_100' title='bbox 1870 1453 1980 1516; x_wconf 89' lang='lat' dir='ltr'><strong>est,</strong></span> 
     </span>
    </p>
   </div>
   <div class='ocr_carea' id='block_1_17' title="bbox 336 1538 1983 1625">
    <p class='ocr_par' dir='ltr' id='par_1_17' title="bbox 336 1538 1983 1625">
     <span class='ocr_line' id='line_1_17' title="bbox 336 1538 1983 1625; baseline -0.012 -12"><span class='ocrx_word' id='word_1_101' title='bbox 336 1556 493 1613; x_wconf 91' lang='lat' dir='ltr'><strong>haud</strong></span> <span class='ocrx_word' id='word_1_102' title='bbox 527 1551 858 1625; x_wconf 88' lang='lat' dir='ltr'><strong>procidunt.</strong></span> <span class='ocrx_word' id='word_1_103' title='bbox 893 1549 1189 1603; x_wconf 88' lang='lat' dir='ltr'><strong>Postremo</strong></span> <span class='ocrx_word' id='word_1_104' title='bbox 1222 1545 1281 1599; x_wconf 90' lang='lat' dir='ltr'>in</span> <span class='ocrx_word' id='word_1_105' title='bbox 1325 1541 1574 1598; x_wconf 85' lang='lat' dir='ltr'><strong>solemni</strong></span> <span class='ocrx_word' id='word_1_106' title='bbox 1606 1538 1880 1610; x_wconf 91' lang='lat' dir='ltr'><strong>obsequio</strong></span> <span class='ocrx_word' id='word_1_107' title='bbox 1911 1539 1983 1594; x_wconf 81' lang='lat' dir='ltr'>ad</span> 
     </span>
    </p>
   </div>
   <div class='ocr_carea' id='block_1_18' title="bbox 341 1627 1991 1706">
    <p class='ocr_par' dir='ltr' id='par_1_18' title="bbox 341 1627 1991 1706">
     <span class='ocr_line' id='line_1_18' title="bbox 341 1627 1991 1706; baseline -0.012 -5"><span class='ocrx_word' id='word_1_108' title='bbox 341 1640 783 1706; x_wconf 83' lang='lat' dir='ltr'><strong>consistorium,</strong></span> <span class='ocrx_word' id='word_1_109' title='bbox 816 1637 952 1693; x_wconf 90' lang='lat' dir='ltr'><strong>inde</strong></span> <span class='ocrx_word' id='word_1_110' title='bbox 985 1636 1056 1691; x_wconf 90' lang='lat' dir='ltr'>ad</span> <span class='ocrx_word' id='word_1_111' title='bbox 1092 1633 1402 1690; x_wconf 88' lang='lat' dir='ltr'><strong>ecclesiam</strong></span> <span class='ocrx_word' id='word_1_112' title='bbox 1455 1631 1598 1696; x_wconf 90' lang='lat' dir='ltr'><strong>abit,</strong></span> <span class='ocrx_word' id='word_1_113' title='bbox 1632 1629 1730 1685; x_wconf 89' lang='lat' dir='ltr'>ubi</span> <span class='ocrx_word' id='word_1_114' title='bbox 1764 1627 1991 1700; x_wconf 86' lang='lat' dir='ltr'><strong>reliqua</strong></span> 
     </span>
    </p>
   </div>
   <div class='ocr_carea' id='block_1_19' title="bbox 337 1718 1988 1802">
    <p class='ocr_par' dir='ltr' id='par_1_19' title="bbox 337 1718 1988 1802">
     <span class='ocr_line' id='line_1_19' title="bbox 337 1718 1988 1802; baseline -0.012 -12"><span class='ocrx_word' id='word_1_115' title='bbox 337 1733 535 1791; x_wconf 87' lang='lat' dir='ltr'><strong>omnia</strong></span> <span class='ocrx_word' id='word_1_116' title='bbox 568 1746 668 1802; x_wconf 90' lang='lat' dir='ltr'>pro</span> <span class='ocrx_word' id='word_1_117' title='bbox 703 1742 860 1783; x_wconf 90' lang='lat' dir='ltr'><strong>more</strong></span> <span class='ocrx_word' id='word_1_118' title='bbox 890 1725 1063 1781; x_wconf 91' lang='lat' dir='ltr'><strong>etiam</strong></span> <span class='ocrx_word' id='word_1_119' title='bbox 1100 1741 1128 1779; x_wconf 92' lang='lat' dir='ltr'>a</span> <span class='ocrx_word' id='word_1_120' title='bbox 1158 1722 1379 1778; x_wconf 68' lang='lat' dir='ltr'><strong>caeteris</strong></span> <span class='ocrx_word' id='word_1_121' title='bbox 1408 1718 1667 1792; x_wconf 87' lang='lat' dir='ltr'><strong>patriciis</strong></span> <span class='ocrx_word' id='word_1_122' title='bbox 1701 1733 1988 1789; x_wconf 85' lang='lat' dir='ltr'><strong>peragun-</strong></span> 
     </span>
    </p>
   </div>
   <div class='ocr_carea' id='block_1_20' title="bbox 2077 549 3724 626">
    <p class='ocr_par' dir='ltr' id='par_1_20' title="bbox 2077 549 3724 626">
     <span class='ocr_line' id='line_1_20' title="bbox 2077 549 3724 626; baseline -0.002 -20"><span class='ocrx_word' id='word_1_123' title='bbox 2077 558 2211 616; x_wconf 85' lang='grc' dir='ltr'>θῶσι</span> <span class='ocrx_word' id='word_1_124' title='bbox 2258 550 2663 624; x_wconf 85' lang='grc' dir='ltr'>κονσιστώριον,</span> <span class='ocrx_word' id='word_1_125' title='bbox 2731 557 2919 626; x_wconf 87' lang='grc' dir='ltr'>κρατεῖ</span> <span class='ocrx_word' id='word_1_126' title='bbox 2963 553 2991 606; x_wconf 87' lang='lat'>6</span> <span class='ocrx_word' id='word_1_127' title='bbox 3038 557 3138 620; x_wconf 86' lang='grc' dir='ltr'>τῆς</span> <span class='ocrx_word' id='word_1_128' title='bbox 3195 551 3572 611; x_wconf 75' lang='grc' dir='ltr'>καταστάσεως</span> <span class='ocrx_word' id='word_1_129' title='bbox 3637 549 3724 603; x_wconf 85' lang='grc' dir='ltr'>τὸν</span> 
     </span>
    </p>
   </div>
   <div class='ocr_carea' id='block_1_21' title="bbox 2078 636 3722 719">
    <p class='ocr_par' dir='ltr' id='par_1_21' title="bbox 2078 636 3722 719">
     <span class='ocr_line' id='line_1_21' title="bbox 2078 636 3722 719; baseline -0.002 -25"><span class='ocrx_word' id='word_1_130' title='bbox 2078 640 2368 719; x_wconf 78' lang='grc' dir='ltr'>ὀφείλοντα</span> <span class='ocrx_word' id='word_1_131' title='bbox 2397 636 2782 712; x_wconf 79' lang='grc' dir='ltr'>προϐληθῆναι</span> <span class='ocrx_word' id='word_1_132' title='bbox 2808 640 2886 704; x_wconf 70' lang='grc' dir='ltr'>εἷς</span> <span class='ocrx_word' id='word_1_133' title='bbox 2904 641 2966 695; x_wconf 90' lang='grc' dir='ltr'>τὸ</span> <span class='ocrx_word' id='word_1_134' title='bbox 3005 638 3310 695; x_wconf 82' lang='grc' dir='ltr'>πούλπιτον</span> <span class='ocrx_word' id='word_1_135' title='bbox 3331 644 3438 694; x_wconf 91' lang='grc' dir='ltr'>τῶν</span> <span class='ocrx_word' id='word_1_136' title='bbox 3474 639 3722 712; x_wconf 77' lang='grc' dir='ltr'>ἀργυρῶν</span> 
     </span>
    </p>
   </div>
   <div class='ocr_carea' id='block_1_22' title="bbox 2078 723 3728 804">
    <p class='ocr_par' dir='ltr' id='par_1_22' title="bbox 2078 723 3728 804">
     <span class='ocr_line' id='line_1_22' title="bbox 2078 723 3728 804; baseline -0.004 -19"><span class='ocrx_word' id='word_1_137' title='bbox 2078 733 2268 785; x_wconf 64' lang='grc' dir='ltr'>πυλῶν</span> <span class='ocrx_word' id='word_1_138' title='bbox 2304 731 2437 801; x_wconf 75' lang='grc' dir='ltr'>μετά</span> <span class='ocrx_word' id='word_1_139' title='bbox 2454 727 2630 783; x_wconf 86' lang='grc' dir='ltr'>άλλου</span> <span class='ocrx_word' id='word_1_140' title='bbox 2661 728 3046 804; x_wconf 89' lang='grc' dir='ltr'>σιλεντιαρίου,</span> <span class='ocrx_word' id='word_1_141' title='bbox 3067 729 3158 784; x_wconf 80' lang='grc' dir='ltr'>καὶ</span> <span class='ocrx_word' id='word_1_142' title='bbox 3180 723 3400 803; x_wconf 79' lang='grc' dir='ltr'>ἔρχεται</span> <span class='ocrx_word' id='word_1_143' title='bbox 3424 728 3451 782; x_wconf 88' lang='lat'>6</span> <span class='ocrx_word' id='word_1_144' title='bbox 3471 727 3522 763; x_wconf 81' lang='grc'><strong>³⁸</strong></span> <span class='ocrx_word' id='word_1_145' title='bbox 3551 723 3728 781; x_wconf 84' lang='grc' dir='ltr'>ὀστιά-</span> 
     </span>
    </p>
   </div>
   <div class='ocr_carea' id='block_1_23' title="bbox 2081 813 3727 894">
    <p class='ocr_par' dir='ltr' id='par_1_23' title="bbox 2081 813 3727 894">
     <span class='ocr_line' id='line_1_23' title="bbox 2081 813 3727 894; baseline -0.004 -20"><span class='ocrx_word' id='word_1_146' title='bbox 2081 840 2197 894; x_wconf 89' lang='grc' dir='ltr'>ριος</span> <span class='ocrx_word' id='word_1_147' title='bbox 2241 819 2424 891; x_wconf 80' lang='grc' dir='ltr'>μόνος,</span> <span class='ocrx_word' id='word_1_148' title='bbox 2457 818 2547 872; x_wconf 82' lang='grc' dir='ltr'>καὶ</span> <span class='ocrx_word' id='word_1_149' title='bbox 2576 816 2794 872; x_wconf 73' lang='grc' dir='ltr'>’ίσταται</span> <span class='ocrx_word' id='word_1_150' title='bbox 2823 817 2900 880; x_wconf 80' lang='grc' dir='ltr'>εἰς</span> <span class='ocrx_word' id='word_1_151' title='bbox 2930 820 2992 873; x_wconf 85' lang='grc' dir='ltr'>τὸ</span> <span class='ocrx_word' id='word_1_152' title='bbox 3038 819 3215 894; x_wconf 79' lang='grc' dir='ltr'>βῆλον</span> <span class='ocrx_word' id='word_1_153' title='bbox 3264 813 3484 882; x_wconf 82' lang='grc' dir='ltr'>ἔσωθεν,</span> <span class='ocrx_word' id='word_1_154' title='bbox 3515 815 3607 869; x_wconf 86' lang='grc' dir='ltr'>καὶ</span> <span class='ocrx_word' id='word_1_155' title='bbox 3639 815 3727 870; x_wconf 79' lang='grc' dir='ltr'>ὅτε</span> 
     </span>
    </p>
   </div>
   <div class='ocr_carea' id='block_1_24' title="bbox 2081 902 3724 982">
    <p class='ocr_par' dir='ltr' id='par_1_24' title="bbox 2081 902 3724 982">
     <span class='ocr_line' id='line_1_24' title="bbox 2081 902 3724 982; baseline -0.003 -20"><span class='ocrx_word' id='word_1_156' title='bbox 2081 903 2224 980; x_wconf 80' lang='grc' dir='ltr'>λάϐῃ</span> <span class='ocrx_word' id='word_1_157' title='bbox 2249 909 2312 961; x_wconf 87' lang='grc' dir='ltr'>τὸ</span> <span class='ocrx_word' id='word_1_158' title='bbox 2340 912 2510 980; x_wconf 70' lang='grc' dir='ltr'>νεῦμα</span> <span class='ocrx_word' id='word_1_159' title='bbox 2532 909 2677 980; x_wconf 78' lang='grc' dir='ltr'>παρὰ</span> <span class='ocrx_word' id='word_1_160' title='bbox 2696 911 2792 962; x_wconf 74' lang='grc' dir='ltr'>τοῦ</span> <span class='ocrx_word' id='word_1_161' title='bbox 2821 907 3208 982; x_wconf 82' lang='grc' dir='ltr'>πραιποσίτου,</span> <span class='ocrx_word' id='word_1_162' title='bbox 3228 904 3412 964; x_wconf 79' lang='grc' dir='ltr'>κρούει</span> <span class='ocrx_word' id='word_1_163' title='bbox 3435 904 3498 960; x_wconf 81' lang='grc' dir='ltr'>τὸ</span> <span class='ocrx_word' id='word_1_164' title='bbox 3527 902 3724 978; x_wconf 80' lang='grc' dir='ltr'>βῆλον,</span> 
     </span>
    </p>
   </div>
   <div class='ocr_carea' id='block_1_25' title="bbox 2079 991 3725 1071">
    <p class='ocr_par' dir='ltr' id='par_1_25' title="bbox 2079 991 3725 1071">
     <span class='ocr_line' id='line_1_25' title="bbox 2079 991 3725 1071; baseline -0.002 -20"><span class='ocrx_word' id='word_1_165' title='bbox 2079 995 2168 1051; x_wconf 86' lang='grc' dir='ltr'>καὶ</span> <span class='ocrx_word' id='word_1_166' title='bbox 2200 991 2410 1071; x_wconf 76' lang='grc' dir='ltr'>ἔπαίρει</span> <span class='ocrx_word' id='word_1_167' title='bbox 2433 996 2565 1051; x_wconf 75' lang='grc' dir='ltr'>αὐτὸ</span> <span class='ocrx_word' id='word_1_168' title='bbox 2589 997 2617 1050; x_wconf 93' lang='lat'>6</span> <span class='ocrx_word' id='word_1_169' title='bbox 2657 995 3043 1069; x_wconf 80' lang='grc' dir='ltr'>σιλεντιάριος,</span> <span class='ocrx_word' id='word_1_170' title='bbox 3065 995 3155 1051; x_wconf 81' lang='grc' dir='ltr'>καὶ</span> <span class='ocrx_word' id='word_1_171' title='bbox 3201 995 3504 1068; x_wconf 74' lang='grc' dir='ltr'>εἰσέρχεται</span> <span class='ocrx_word' id='word_1_172' title='bbox 3529 995 3556 1048; x_wconf 98' lang='lat'>6</span> <span class='ocrx_word' id='word_1_173' title='bbox 3584 1013 3725 1068; x_wconf 82' lang='grc' dir='ltr'>προ-</span> 
     </span>
    </p>
   </div>
   <div class='ocr_carea' id='block_1_26' title="bbox 2083 1080 3727 1161">
    <p class='ocr_par' dir='ltr' id='par_1_26' title="bbox 2083 1080 3727 1161">
     <span class='ocr_line' id='line_1_26' title="bbox 2083 1080 3727 1161; baseline -0.002 -22"><span class='ocrx_word' id='word_1_174' title='bbox 2083 1080 2309 1155; x_wconf 89' lang='grc' dir='ltr'>ϐληθεὶς</span> <span class='ocrx_word' id='word_1_175' title='bbox 2341 1084 2621 1160; x_wconf 75' lang='grc' dir='ltr'>πατρίκιος</span> <span class='ocrx_word' id='word_1_176' title='bbox 2654 1085 2759 1140; x_wconf 85' lang='grc' dir='ltr'>ἀπὸ</span> <span class='ocrx_word' id='word_1_177' title='bbox 2791 1085 2981 1159; x_wconf 84' lang='grc' dir='ltr'>σαγίου</span> <span class='ocrx_word' id='word_1_178' title='bbox 3014 1084 3168 1161; x_wconf 81' lang='grc' dir='ltr'>ῥοῆς,</span> <span class='ocrx_word' id='word_1_179' title='bbox 3191 1085 3560 1159; x_wconf 76' lang='grc' dir='ltr'>κρατούμενος</span> <span class='ocrx_word' id='word_1_180' title='bbox 3620 1082 3727 1136; x_wconf 70' lang='grc' dir='ltr'>ὕπὸ</span> 
     </span>
    </p>
   </div>
   <div class='ocr_carea' id='block_1_27' title="bbox 2081 1171 3734 1248">
    <p class='ocr_par' dir='ltr' id='par_1_27' title="bbox 2081 1171 3734 1248">
     <span class='ocr_line' id='line_1_27' title="bbox 2081 1171 3734 1248; baseline -0.002 -20"><span class='ocrx_word' id='word_1_181' title='bbox 2081 1179 2178 1230; x_wconf 73' lang='grc' dir='ltr'>τοῦ</span> <span class='ocrx_word' id='word_1_182' title='bbox 2207 1181 2306 1243; x_wconf 79' lang='grc' dir='ltr'>τῆς</span> <span class='ocrx_word' id='word_1_183' title='bbox 2335 1175 2708 1236; x_wconf 70' lang='grc' dir='ltr'>καταστάσεως</span> <span class='ocrx_word' id='word_1_184' title='bbox 2734 1177 2826 1228; x_wconf 81' lang='grc' dir='ltr'>καὶ</span> <span class='ocrx_word' id='word_1_185' title='bbox 2855 1174 3040 1248; x_wconf 69' lang='grc' dir='ltr'>ἑτέρου</span> <span class='ocrx_word' id='word_1_186' title='bbox 3091 1172 3476 1248; x_wconf 83' lang='grc' dir='ltr'>σιλεντιαρίου,</span> <span class='ocrx_word' id='word_1_187' title='bbox 3516 1172 3608 1226; x_wconf 85' lang='grc' dir='ltr'>καὶ</span> <span class='ocrx_word' id='word_1_188' title='bbox 3638 1171 3734 1226; x_wconf 87' lang='grc' dir='ltr'>πί-</span> 
     </span>
    </p>
   </div>
   <div class='ocr_carea' id='block_1_28' title="bbox 2083 1258 3730 1339">
    <p class='ocr_par' dir='ltr' id='par_1_28' title="bbox 2083 1258 3730 1339">
     <span class='ocr_line' id='line_1_28' title="bbox 2083 1258 3730 1339; baseline -0.003 -19"><span class='ocrx_word' id='word_1_189' title='bbox 2083 1285 2205 1320; x_wconf 89' lang='grc' dir='ltr'>πτει</span> <span class='ocrx_word' id='word_1_190' title='bbox 2230 1263 2363 1336; x_wconf 87' lang='grc' dir='ltr'>μετᾶ</span> <span class='ocrx_word' id='word_1_191' title='bbox 2392 1265 2498 1318; x_wconf 82' lang='grc' dir='ltr'>τῶν</span> <span class='ocrx_word' id='word_1_192' title='bbox 2543 1262 2920 1339; x_wconf 88' lang='grc' dir='ltr'>σιλεντιαρίων</span> <span class='ocrx_word' id='word_1_193' title='bbox 2949 1264 2978 1318; x_wconf 97' lang='lat'>6</span> <span class='ocrx_word' id='word_1_194' title='bbox 3025 1258 3360 1338; x_wconf 81' lang='grc' dir='ltr'>προϐληθεὶς</span> <span class='ocrx_word' id='word_1_195' title='bbox 3395 1263 3458 1317; x_wconf 84' lang='grc' dir='ltr'>τὸ</span> <span class='ocrx_word' id='word_1_196' title='bbox 3509 1265 3730 1337; x_wconf 88' lang='grc' dir='ltr'>πρῶτον</span> 
     </span>
    </p>
   </div>
   <div class='ocr_carea' id='block_1_29' title="bbox 2084 1349 3742 1428">
    <p class='ocr_par' dir='ltr' id='par_1_29' title="bbox 2084 1349 3742 1428">
     <span class='ocr_line' id='line_1_29' title="bbox 2084 1349 3742 1428; baseline -0.003 -19"><span class='ocrx_word' id='word_1_197' title='bbox 2084 1355 2146 1409; x_wconf 86' lang='grc' dir='ltr'>τὸ</span> <span class='ocrx_word' id='word_1_198' title='bbox 2179 1352 2427 1428; x_wconf 85' lang='grc' dir='ltr'>δεύτερον</span> <span class='ocrx_word' id='word_1_199' title='bbox 2467 1355 2656 1408; x_wconf 89' lang='grc' dir='ltr'>πίπτει</span> <span class='ocrx_word' id='word_1_200' title='bbox 2707 1353 2782 1417; x_wconf 74' lang='grc' dir='ltr'>εἷς</span> <span class='ocrx_word' id='word_1_201' title='bbox 2840 1355 2938 1422; x_wconf 77' lang='grc' dir='ltr'>τήν</span> <span class='ocrx_word' id='word_1_202' title='bbox 2980 1353 3150 1426; x_wconf 82' lang='grc' dir='ltr'>μέσην</span> <span class='ocrx_word' id='word_1_203' title='bbox 3179 1356 3275 1408; x_wconf 78' lang='grc' dir='ltr'>τοῦ</span> <span class='ocrx_word' id='word_1_204' title='bbox 3331 1349 3639 1426; x_wconf 77' lang='grc' dir='ltr'>τρικλίνου,</span> <span class='ocrx_word' id='word_1_205' title='bbox 3678 1352 3742 1404; x_wconf 83' lang='grc' dir='ltr'>τὸ</span> 
     </span>
    </p>
   </div>
   <div class='ocr_carea' id='block_1_30' title="bbox 2083 1439 3742 1519">
    <p class='ocr_par' dir='ltr' id='par_1_30' title="bbox 2083 1439 3742 1519">
     <span class='ocr_line' id='line_1_30' title="bbox 2083 1439 3742 1519; baseline -0.004 -21"><span class='ocrx_word' id='word_1_206' title='bbox 2083 1444 2264 1519; x_wconf 89' lang='grc' dir='ltr'>τρίτον</span> <span class='ocrx_word' id='word_1_207' title='bbox 2297 1443 2479 1498; x_wconf 84' lang='grc' dir='ltr'>πίπτει</span> <span class='ocrx_word' id='word_1_208' title='bbox 2543 1443 2648 1497; x_wconf 85' lang='grc' dir='ltr'>ἀπὸ</span> <span class='ocrx_word' id='word_1_209' title='bbox 2682 1439 3052 1514; x_wconf 77' lang='grc' dir='ltr'>διαστήματος</span> <span class='ocrx_word' id='word_1_210' title='bbox 3100 1444 3195 1496; x_wconf 77' lang='grc' dir='ltr'>τοῦ</span> <span class='ocrx_word' id='word_1_211' title='bbox 3254 1441 3457 1511; x_wconf 84' lang='grc' dir='ltr'>σένζου.</span> <span class='ocrx_word' id='word_1_212' title='bbox 3492 1440 3597 1495; x_wconf 81' lang='grc' dir='ltr'>Καὶ</span> <span class='ocrx_word' id='word_1_213' title='bbox 3646 1439 3742 1516; x_wconf 78' lang='grc' dir='ltr'>φὲο</span> 
     </span>
    </p>
   </div>
   <div class='ocr_carea' id='block_1_31' title="bbox 2091 1526 3724 1608">
    <p class='ocr_par' dir='ltr' id='par_1_31' title="bbox 2091 1526 3724 1608">
     <span class='ocr_line' id='line_1_31' title="bbox 2091 1526 3724 1608; baseline -0.005 -18"><span class='ocrx_word' id='word_1_214' title='bbox 2091 1555 2270 1608; x_wconf 91' lang='grc' dir='ltr'>ρουσιν</span> <span class='ocrx_word' id='word_1_215' title='bbox 2329 1533 2512 1600; x_wconf 75' lang='grc' dir='ltr'>αὐτὸν,</span> <span class='ocrx_word' id='word_1_216' title='bbox 2542 1533 2630 1587; x_wconf 84' lang='grc' dir='ltr'>καὶ</span> <span class='ocrx_word' id='word_1_217' title='bbox 2687 1531 2871 1587; x_wconf 86' lang='grc' dir='ltr'>πίπτει</span> <span class='ocrx_word' id='word_1_218' title='bbox 2912 1529 3214 1604; x_wconf 81' lang='grc' dir='ltr'>ἔμπροσθεν</span> <span class='ocrx_word' id='word_1_219' title='bbox 3260 1535 3360 1585; x_wconf 78' lang='grc' dir='ltr'>τοῦ</span> <span class='ocrx_word' id='word_1_220' title='bbox 3399 1526 3724 1598; x_wconf 74' lang='grc' dir='ltr'>ὑποποδίου,</span> 
     </span>
    </p>
   </div>
   <div class='ocr_carea' id='block_1_32' title="bbox 2088 1617 3744 1700">
    <p class='ocr_par' dir='ltr' id='par_1_32' title="bbox 2088 1617 3744 1700">
     <span class='ocr_line' id='line_1_32' title="bbox 2088 1617 3744 1700; baseline -0.005 -22"><span class='ocrx_word' id='word_1_221' title='bbox 2088 1624 2178 1678; x_wconf 84' lang='grc' dir='ltr'>καὶ</span> <span class='ocrx_word' id='word_1_222' title='bbox 2210 1621 2361 1700; x_wconf 78' lang='grc' dir='ltr'>φιλεῖ</span> <span class='ocrx_word' id='word_1_223' title='bbox 2416 1621 2544 1685; x_wconf 84' lang='grc' dir='ltr'>τούς</span> <span class='ocrx_word' id='word_1_224' title='bbox 2601 1619 2775 1682; x_wconf 85' lang='grc' dir='ltr'>πόδας</span> <span class='ocrx_word' id='word_1_225' title='bbox 2831 1625 2929 1676; x_wconf 71' lang='grc' dir='ltr'>τοῦ</span> <span class='ocrx_word' id='word_1_226' title='bbox 2964 1620 3205 1695; x_wconf 77' lang='grc' dir='ltr'>μεγάΑου</span> <span class='ocrx_word' id='word_1_227' title='bbox 3241 1618 3509 1695; x_wconf 79' lang='grc' dir='ltr'>βασιλέως</span> <span class='ocrx_word' id='word_1_228' title='bbox 3557 1618 3648 1672; x_wconf 75' lang='grc' dir='ltr'>καὶ</span> <span class='ocrx_word' id='word_1_229' title='bbox 3675 1617 3744 1671; x_wconf 74' lang='grc' dir='ltr'>τά</span> 
     </span>
    </p>
   </div>
   <div class='ocr_carea' id='block_1_33' title="bbox 2096 1706 3746 1787">
    <p class='ocr_par' dir='ltr' id='par_1_33' title="bbox 2096 1706 3746 1787">
     <span class='ocr_line' id='line_1_33' title="bbox 2096 1706 3746 1787; baseline -0.004 -20"><span class='ocrx_word' id='word_1_230' title='bbox 2096 1712 2192 1767; x_wconf 83' lang='grc' dir='ltr'>δύο</span> <span class='ocrx_word' id='word_1_231' title='bbox 2225 1712 2386 1767; x_wconf 80' lang='grc' dir='ltr'>οὐτοῦ</span> <span class='ocrx_word' id='word_1_232' title='bbox 2415 1710 2634 1787; x_wconf 76' lang='grc' dir='ltr'>γόνατα,</span> <span class='ocrx_word' id='word_1_233' title='bbox 2664 1709 2875 1782; x_wconf 78' lang='grc' dir='ltr'>ὁμοίως</span> <span class='ocrx_word' id='word_1_234' title='bbox 2907 1712 2996 1763; x_wconf 80' lang='grc' dir='ltr'>καὶ</span> <span class='ocrx_word' id='word_1_235' title='bbox 3030 1714 3126 1765; x_wconf 74' lang='grc' dir='ltr'>τοῦ</span> <span class='ocrx_word' id='word_1_236' title='bbox 3161 1713 3384 1783; x_wconf 74' lang='grc' dir='ltr'>μικροῦ,</span> <span class='ocrx_word' id='word_1_237' title='bbox 3426 1708 3516 1762; x_wconf 81' lang='grc' dir='ltr'>καὶ</span> <span class='ocrx_word' id='word_1_238' title='bbox 3576 1706 3746 1761; x_wconf 85' lang='grc' dir='ltr'>άπλοῖ</span> 
     </span>
    </p>
   </div>
   <div class='ocr_carea' id='block_1_34' title="bbox 342 1793 1998 1892">
    <p class='ocr_par' dir='ltr' id='par_1_34' title="bbox 342 1813 1988 1892">
     <span class='ocr_line' id='line_1_34' title="bbox 342 1813 1988 1892; baseline -0.011 -13"><span class='ocrx_word' id='word_1_239' title='bbox 342 1832 454 1892; x_wconf 89' lang='lat' dir='ltr'><strong>tur,</strong></span> <span class='ocrx_word' id='word_1_240' title='bbox 488 1836 557 1876; x_wconf 84' lang='lat' dir='ltr'><strong>ex</strong></span> <span class='ocrx_word' id='word_1_241' title='bbox 578 1816 818 1874; x_wconf 85' lang='lat' dir='ltr'><strong>ecclesia</strong></span> <span class='ocrx_word' id='word_1_242' title='bbox 847 1831 983 1870; x_wconf 88' lang='lat' dir='ltr'><strong>vero</strong></span> <span class='ocrx_word' id='word_1_243' title='bbox 1017 1813 1348 1880; x_wconf 81' lang='lat' dir='ltr'><strong>discedens,</strong></span> <span class='ocrx_word' id='word_1_244' title='bbox 1379 1825 1588 1880; x_wconf 82' lang='lat' dir='ltr'><strong>sagum</strong></span> <span class='ocrx_word' id='word_1_245' title='bbox 1631 1823 1988 1880; x_wconf 89' lang='lat' dir='ltr'><strong>purpureum</strong></span> 
     </span>
    </p>
   </div>
   <div class='ocr_carea' id='block_1_35' title="bbox 2106 1793 3749 1892">
    <p class='ocr_par' dir='ltr' id='par_1_35' title="bbox 2106 1793 3749 1875">
     <span class='ocr_line' id='line_1_35' title="bbox 2106 1793 3749 1875; baseline -0.005 -19"><span class='ocrx_word' id='word_1_246' title='bbox 2106 1801 2195 1863; x_wconf 79' lang='grc' dir='ltr'>τάς</span> <span class='ocrx_word' id='word_1_247' title='bbox 2253 1805 2442 1875; x_wconf 80' lang='grc' dir='ltr'>χεῖρας</span> <span class='ocrx_word' id='word_1_248' title='bbox 2501 1797 2591 1853; x_wconf 76' lang='grc' dir='ltr'>καί</span> <span class='ocrx_word' id='word_1_249' title='bbox 2650 1793 2916 1871; x_wconf 87' lang='grc' dir='ltr'>λαμϐάνει</span> <span class='ocrx_word' id='word_1_250' title='bbox 2957 1798 3102 1872; x_wconf 81' lang='grc' dir='ltr'>παρᾶ</span> <span class='ocrx_word' id='word_1_251' title='bbox 3156 1802 3264 1853; x_wconf 86' lang='grc' dir='ltr'>τῶν</span> <span class='ocrx_word' id='word_1_252' title='bbox 3335 1795 3608 1852; x_wconf 82' lang='grc' dir='ltr'>δεσποτῶν</span> <span class='ocrx_word' id='word_1_253' title='bbox 3679 1795 3749 1848; x_wconf 68' lang='grc' dir='ltr'>τὰ</span> 
     </span>
    </p>
   </div>
   <div class='ocr_carea' id='block_1_36' title="bbox 342 1880 1998 1982">
    <p class='ocr_par' dir='ltr' id='par_1_36' title="bbox 342 1880 1732 1982">
     <span class='ocr_line' id='line_1_36' title="bbox 342 1880 1732 1982; baseline -0.014 -15"><span class='ocrx_word' id='word_1_254' title='bbox 342 1880 856 1982; x_wconf 59' lang='grc' dir='ltr'>εθειιιηε,ἀοωιιω</span> <span class='ocrx_word' id='word_1_255' title='bbox 876 1904 1019 1960; x_wconf 91' lang='lat' dir='ltr'><strong>abit.</strong></span> <span class='ocrx_word' id='word_1_256' title='bbox 1723 1981 1732 1982; x_wconf 12' lang='grc' dir='ltr'>ί</span> 
     </span>
    </p>
   </div>
   <div class='ocr_carea' id='block_1_37' title="bbox 2106 1880 3749 1982">
    <p class='ocr_par' dir='ltr' id='par_1_37' title="bbox 2106 1880 3749 1961">
     <span class='ocr_line' id='line_1_37' title="bbox 2106 1880 3749 1961; baseline -0.007 -15"><span class='ocrx_word' id='word_1_257' title='bbox 2106 1885 2459 1955; x_wconf 82' lang='grc' dir='ltr'>κωδικέλλια,</span> <span class='ocrx_word' id='word_1_258' title='bbox 2492 1887 2582 1941; x_wconf 78' lang='grc' dir='ltr'>καὶ</span> <span class='ocrx_word' id='word_1_259' title='bbox 2615 1884 2799 1961; x_wconf 78' lang='grc' dir='ltr'>φειλεῖ</span> <span class='ocrx_word' id='word_1_260' title='bbox 2825 1887 2919 1948; x_wconf 74' lang='grc' dir='ltr'>τὰς</span> <span class='ocrx_word' id='word_1_261' title='bbox 2962 1892 3152 1961; x_wconf 80' lang='grc' dir='ltr'>χεῖρας</span> <span class='ocrx_word' id='word_1_262' title='bbox 3181 1890 3290 1940; x_wconf 89' lang='grc' dir='ltr'>τῶν</span> <span class='ocrx_word' id='word_1_263' title='bbox 3333 1882 3626 1952; x_wconf 81' lang='grc' dir='ltr'>δεσποτῶν,</span> <span class='ocrx_word' id='word_1_264' title='bbox 3660 1880 3749 1936; x_wconf 83' lang='grc' dir='ltr'>καὶ</span> 
     </span>
    </p>
   </div>
   <div class='ocr_carea' id='block_1_38' title="bbox 351 1971 3749 2057">
    <p class='ocr_par' dir='ltr' id='par_1_38' title="bbox 351 1971 3749 2057">
     <span class='ocr_line' id='line_1_38' title="bbox 351 1971 3749 2057; baseline -0.008 -6"><span class='ocrx_word' id='word_1_265' title='bbox 351 1990 706 2051; x_wconf 86' lang='grc' dir='ltr'>ὀπισθοποδεῖ</span> <span class='ocrx_word' id='word_1_266' title='bbox 770 1991 926 2046; x_wconf 80' lang='grc' dir='ltr'>αὐτὸν</span> <span class='ocrx_word' id='word_1_267' title='bbox 994 1991 1022 2044; x_wconf 94' lang='lat'>6</span> <span class='ocrx_word' id='word_1_268' title='bbox 1089 1994 1189 2057; x_wconf 78' lang='grc' dir='ltr'>τῆς</span> <span class='ocrx_word' id='word_1_269' title='bbox 1256 1986 1653 2052; x_wconf 85' lang='grc' dir='ltr'>καταστάσεωε,</span> <span class='ocrx_word' id='word_1_270' title='bbox 1721 1981 1844 2036; x_wconf 81' lang='grc' dir='ltr'>ἔνθα</span> <span class='ocrx_word' id='word_1_271' title='bbox 1899 1982 1962 2036; x_wconf 87' lang='grc' dir='ltr'>τὸ</span> <span class='ocrx_word' id='word_1_272' title='bbox 2039 1979 2221 2054; x_wconf 84' lang='grc' dir='ltr'>τρίτον</span> <span class='ocrx_word' id='word_1_273' title='bbox 2300 1975 2694 2050; x_wconf 73' lang='grc' dir='ltr'>προσεκύνησε,</span> <span class='ocrx_word' id='word_1_274' title='bbox 2771 1974 2860 2029; x_wconf 87' lang='grc' dir='ltr'>καὶ</span> <span class='ocrx_word' id='word_1_275' title='bbox 2937 1973 3279 2054; x_wconf 66' lang='grc' dir='ltr'>εἷσέρχονται</span> <span class='ocrx_word' id='word_1_276' title='bbox 3356 1974 3406 2027; x_wconf 76' lang='grc' dir='ltr'>οἱ</span> <span class='ocrx_word' id='word_1_277' title='bbox 3473 1971 3749 2045; x_wconf 78' lang='grc' dir='ltr'>πατρίκιοι</span> 
     </span>
    </p>
   </div>
   <div class='ocr_carea' id='block_1_39' title="bbox 342 2064 3751 2157">
    <p class='ocr_par' dir='ltr' id='par_1_39' title="bbox 342 2064 3751 2157">
     <span class='ocr_line' id='line_1_39' title="bbox 342 2064 3751 2157; baseline -0.008 -17"><span class='ocrx_word' id='word_1_278' title='bbox 342 2071 449 2140; x_wconf 79' lang='grc' dir='ltr'>ἀπὸ</span> <span class='ocrx_word' id='word_1_279' title='bbox 515 2104 574 2139; x_wconf 89' lang='grc' dir='ltr'>τε</span> <span class='ocrx_word' id='word_1_280' title='bbox 639 2083 954 2157; x_wconf 87' lang='grc' dir='ltr'>μαγίστρων</span> <span class='ocrx_word' id='word_1_281' title='bbox 993 2079 1082 2133; x_wconf 89' lang='grc' dir='ltr'>καὶ</span> <span class='ocrx_word' id='word_1_282' title='bbox 1147 2081 1255 2132; x_wconf 87' lang='grc' dir='ltr'>τῶν</span> <span class='ocrx_word' id='word_1_283' title='bbox 1316 2074 1527 2130; x_wconf 90' lang='grc' dir='ltr'>λοιπῶν</span> <span class='ocrx_word' id='word_1_284' title='bbox 1596 2071 1921 2146; x_wconf 86' lang='grc' dir='ltr'>πατρικίων,</span> <span class='ocrx_word' id='word_1_285' title='bbox 1986 2067 2348 2146; x_wconf 74' lang='grc' dir='ltr'>κρατούμενοι</span> <span class='ocrx_word' id='word_1_286' title='bbox 2417 2065 2520 2120; x_wconf 82' lang='grc' dir='ltr'>ὑπὸ</span> <span class='ocrx_word' id='word_1_287' title='bbox 2589 2064 2988 2139; x_wconf 79' lang='grc' dir='ltr'>σιλεντιαρίων,</span> <span class='ocrx_word' id='word_1_288' title='bbox 3058 2065 3582 2140; x_wconf 77' lang='grc' dir='ltr'>ἀπευχαριστοῦντες</span> <span class='ocrx_word' id='word_1_289' title='bbox 3631 2065 3751 2121; x_wconf 82' lang='grc' dir='ltr'>τοῖς</span> 
     </span>
    </p>
   </div>
   <div class='ocr_carea' id='block_1_40' title="bbox 347 2149 3737 2243">
    <p class='ocr_par' dir='ltr' id='par_1_40' title="bbox 347 2149 3737 2243">
     <span class='ocr_line' id='line_1_40' title="bbox 347 2149 3737 2243; baseline -0.006 -15"><span class='ocrx_word' id='word_1_290' title='bbox 347 2171 633 2232; x_wconf 81' lang='grc' dir='ltr'>δεσπόταις</span> <span class='ocrx_word' id='word_1_291' title='bbox 691 2169 967 2243; x_wconf 89' lang='grc' dir='ltr'>πατρίκιοι</span> <span class='ocrx_word' id='word_1_292' title='bbox 998 2167 1087 2221; x_wconf 77' lang='grc' dir='ltr'>καὶ</span> <span class='ocrx_word' id='word_1_293' title='bbox 1150 2165 1336 2237; x_wconf 88' lang='grc' dir='ltr'>μόνον·</span> <span class='ocrx_word' id='word_1_294' title='bbox 1371 2166 1421 2218; x_wconf 71' lang='grc' dir='ltr'>οἱ</span> <span class='ocrx_word' id='word_1_295' title='bbox 1490 2160 1546 2216; x_wconf 76' lang='grc' dir='ltr'>δὲ</span> <span class='ocrx_word' id='word_1_296' title='bbox 1612 2160 1801 2216; x_wconf 83' lang='grc' dir='ltr'>λοιποὶ</span> <span class='ocrx_word' id='word_1_297' title='bbox 1842 2157 2205 2235; x_wconf 81' lang='grc' dir='ltr'>συγκΑητικοὶ</span> <span class='ocrx_word' id='word_1_298' title='bbox 2263 2155 2325 2210; x_wconf 79' lang='grc' dir='ltr'>οὐ</span> <span class='ocrx_word' id='word_1_299' title='bbox 2383 2154 2692 2225; x_wconf 81' lang='grc' dir='ltr'>πίπτουσιν,</span> <span class='ocrx_word' id='word_1_300' title='bbox 2752 2156 2824 2216; x_wconf 86' lang='grc' dir='ltr'>ὡς</span> <span class='ocrx_word' id='word_1_301' title='bbox 2867 2155 2944 2227; x_wconf 79' lang='grc' dir='ltr'>μὴ</span> <span class='ocrx_word' id='word_1_302' title='bbox 3010 2154 3302 2229; x_wconf 81' lang='grc' dir='ltr'>γενομένου</span> <span class='ocrx_word' id='word_1_303' title='bbox 3344 2149 3737 2227; x_wconf 77' lang='grc' dir='ltr'>σύγκλητικοῦ.</span> 
     </span>
    </p>
   </div>
   <div class='ocr_carea' id='block_1_41' title="bbox 345 2238 3746 2333">
    <p class='ocr_par' dir='ltr' id='par_1_41' title="bbox 345 2238 3746 2333">
     <span class='ocr_line' id='line_1_41' title="bbox 345 2238 3746 2333; baseline -0.007 -17"><span class='ocrx_word' id='word_1_304' title='bbox 345 2265 443 2316; x_wconf 79' lang='grc' dir='ltr'>Καὶ</span> <span class='ocrx_word' id='word_1_305' title='bbox 484 2258 780 2333; x_wconf 82' lang='grc' dir='ltr'>ἀπέρχεται</span> <span class='ocrx_word' id='word_1_306' title='bbox 830 2256 1214 2330; x_wconf 79' lang='grc' dir='ltr'>ὀψικευόμενος</span> <span class='ocrx_word' id='word_1_307' title='bbox 1275 2253 1325 2307; x_wconf 77' lang='grc' dir='ltr'>ἐν</span> <span class='ocrx_word' id='word_1_308' title='bbox 1389 2256 1469 2324; x_wconf 80' lang='grc' dir='ltr'>τῷ</span> <span class='ocrx_word' id='word_1_309' title='bbox 1506 2249 1904 2324; x_wconf 85' lang='grc' dir='ltr'>κονσιστωρίῳ,</span> <span class='ocrx_word' id='word_1_310' title='bbox 1952 2247 2040 2302; x_wconf 84' lang='grc' dir='ltr'>καὶ</span> <span class='ocrx_word' id='word_1_311' title='bbox 2099 2245 2273 2308; x_wconf 73' lang='grc' dir='ltr'>οὕτως</span> <span class='ocrx_word' id='word_1_312' title='bbox 2320 2244 2654 2319; x_wconf 81' lang='grc' dir='ltr'>ἅπέρχονται</span> <span class='ocrx_word' id='word_1_313' title='bbox 2711 2243 2762 2297; x_wconf 83' lang='grc' dir='ltr'>έν</span> <span class='ocrx_word' id='word_1_314' title='bbox 2819 2247 2888 2318; x_wconf 81' lang='grc' dir='ltr'>τῇ</span> <span class='ocrx_word' id='word_1_315' title='bbox 2949 2241 3238 2314; x_wconf 69' lang='grc' dir='ltr'>έκκλησίᾳ,</span> <span class='ocrx_word' id='word_1_316' title='bbox 3294 2241 3383 2296; x_wconf 84' lang='grc' dir='ltr'>καὶ</span> <span class='ocrx_word' id='word_1_317' title='bbox 3448 2241 3513 2295; x_wconf 83' lang='grc' dir='ltr'>τὰ</span> <span class='ocrx_word' id='word_1_318' title='bbox 3575 2238 3746 2294; x_wconf 64' lang='grc' dir='ltr'>λοιπά</span> 
     </span>
    </p>
   </div>
   <div class='ocr_carea' id='block_1_42' title="bbox 344 2329 3746 2421">
    <p class='ocr_par' dir='ltr' id='par_1_42' title="bbox 344 2329 3746 2421">
     <span class='ocr_line' id='line_1_42' title="bbox 344 2329 3746 2421; baseline -0.006 -17"><span class='ocrx_word' id='word_1_319' title='bbox 344 2349 514 2404; x_wconf 73' lang='grc' dir='ltr'>πάντα</span> <span class='ocrx_word' id='word_1_320' title='bbox 541 2345 874 2421; x_wconf 75' lang='grc' dir='ltr'>πληροῦται,</span> <span class='ocrx_word' id='word_1_321' title='bbox 916 2345 989 2406; x_wconf 84' lang='grc' dir='ltr'>ὡς</span> <span class='ocrx_word' id='word_1_322' title='bbox 1037 2337 1153 2418; x_wconf 80' lang='grc' dir='ltr'>ἔχει</span> <span class='ocrx_word' id='word_1_323' title='bbox 1211 2344 1244 2410; x_wconf 81' lang='grc' dir='ltr'><strong>ἡ</strong></span> <span class='ocrx_word' id='word_1_324' title='bbox 1294 2344 1570 2412; x_wconf 78' lang='grc' dir='ltr'>συνήθεια,</span> <span class='ocrx_word' id='word_1_325' title='bbox 1627 2339 1717 2393; x_wconf 84' lang='grc' dir='ltr'>καὶ</span> <span class='ocrx_word' id='word_1_326' title='bbox 1776 2337 1997 2393; x_wconf 77' lang='grc' dir='ltr'>ἐπὶτῶν</span> <span class='ocrx_word' id='word_1_327' title='bbox 2052 2335 2285 2404; x_wconf 83' lang='grc' dir='ltr'>λοιπῶν,</span> <span class='ocrx_word' id='word_1_328' title='bbox 2316 2334 2411 2389; x_wconf 89' lang='grc' dir='ltr'>καὶ</span> <span class='ocrx_word' id='word_1_329' title='bbox 2475 2335 2565 2390; x_wconf 83' lang='grc' dir='ltr'>’ὀτε</span> <span class='ocrx_word' id='word_1_330' title='bbox 2631 2331 2910 2409; x_wconf 78' lang='grc' dir='ltr'>ἀναχωρεῖ</span> <span class='ocrx_word' id='word_1_331' title='bbox 2939 2331 3044 2388; x_wconf 79' lang='grc' dir='ltr'>ἀπὸ</span> <span class='ocrx_word' id='word_1_332' title='bbox 3098 2339 3198 2402; x_wconf 76' lang='grc' dir='ltr'>τῆς</span> <span class='ocrx_word' id='word_1_333' title='bbox 3237 2329 3552 2401; x_wconf 76' lang='grc' dir='ltr'>ἐκκλησίας,</span> <span class='ocrx_word' id='word_1_334' title='bbox 3587 2333 3746 2407; x_wconf 76' lang='grc' dir='ltr'>φορεῖ</span> 
     </span>
    </p>
   </div>
   <div class='ocr_carea' id='block_1_43' title="bbox 348 2422 2426 2508">
    <p class='ocr_par' dir='ltr' id='par_1_43' title="bbox 348 2422 2426 2508">
     <span class='ocr_line' id='line_1_43' title="bbox 348 2422 2426 2508; baseline -0.007 -15"><span class='ocrx_word' id='word_1_335' title='bbox 348 2439 439 2493; x_wconf 85' lang='grc' dir='ltr'>καὶ</span> <span class='ocrx_word' id='word_1_336' title='bbox 470 2437 638 2498; x_wconf 86' lang='grc' dir='ltr'>αὐτὸς</span> <span class='ocrx_word' id='word_1_337' title='bbox 688 2434 869 2508; x_wconf 87' lang='grc' dir='ltr'>σαγίον</span> <span class='ocrx_word' id='word_1_338' title='bbox 903 2431 1187 2502; x_wconf 82' lang='grc' dir='ltr'>ἀληθινὸν,</span> <span class='ocrx_word' id='word_1_339' title='bbox 1217 2430 1306 2484; x_wconf 81' lang='grc' dir='ltr'>καὶ</span> <span class='ocrx_word' id='word_1_340' title='bbox 1342 2428 1514 2490; x_wconf 77' lang='grc' dir='ltr'>οὕτως</span> <span class='ocrx_word' id='word_1_341' title='bbox 1542 2429 1822 2502; x_wconf 83' lang='grc' dir='ltr'>ἀναχωρεῖ</span> <span class='ocrx_word' id='word_1_342' title='bbox 1851 2427 1924 2488; x_wconf 81' lang='grc' dir='ltr'>εἰς</span> <span class='ocrx_word' id='word_1_343' title='bbox 1946 2427 2036 2480; x_wconf 86' lang='grc' dir='ltr'>τὸν</span> <span class='ocrx_word' id='word_1_344' title='bbox 2057 2425 2208 2480; x_wconf 78' lang='grc' dir='ltr'>οἷκον</span> <span class='ocrx_word' id='word_1_345' title='bbox 2241 2422 2426 2479; x_wconf 75' lang='grc' dir='ltr'>αὐτοῦ.</span> 
     </span>
    </p>
   </div>
   <div class='ocr_carea' id='block_1_44' title="bbox 825 2518 1526 2578">
    <p class='ocr_par' dir='ltr' id='par_1_44' title="bbox 825 2518 1526 2578">
     <span class='ocr_line' id='line_1_44' title="bbox 825 2518 1526 2578; baseline -0.01 1"><span class='ocrx_word' id='word_1_346' title='bbox 825 2524 978 2578; x_wconf 72' lang='grc'>143</span> <span class='ocrx_word' id='word_1_347' title='bbox 1013 2521 1248 2576; x_wconf 84' lang='lat' dir='ltr'>CAPUT</span> <span class='ocrx_word' id='word_1_348' title='bbox 1281 2518 1526 2574; x_wconf 82' lang='lat' dir='ltr'>XLVIII.</span> 
     </span>
    </p>
   </div>
   <div class='ocr_carea' id='block_1_45' title="bbox 566 2607 1785 2680">
    <p class='ocr_par' dir='ltr' id='par_1_45' title="bbox 566 2607 1785 2680">
     <span class='ocr_line' id='line_1_45' title="bbox 566 2607 1785 2680; baseline -0.009 -12"><span class='ocrx_word' id='word_1_349' title='bbox 566 2612 908 2668; x_wconf 69' lang='lat' dir='ltr'><strong>Obseruantia</strong></span> <span class='ocrx_word' id='word_1_350' title='bbox 930 2613 989 2664; x_wconf 81' lang='lat' dir='ltr'>in</span> <span class='ocrx_word' id='word_1_351' title='bbox 1023 2609 1366 2680; x_wconf 77' lang='lat' dir='ltr'><strong>promotione</strong></span> <span class='ocrx_word' id='word_1_352' title='bbox 1393 2607 1785 2678; x_wconf 73' lang='lat' dir='ltr'><strong>patriciorum.</strong></span> 
     </span>
    </p>
   </div>
   <div class='ocr_carea' id='block_1_46' title="bbox 425 2690 2000 2772">
    <p class='ocr_par' dir='ltr' id='par_1_46' title="bbox 425 2690 2000 2772">
     <span class='ocr_line' id='line_1_46' title="bbox 425 2690 2000 2772; baseline -0.009 -13"><span class='ocrx_word' id='word_1_353' title='bbox 425 2703 468 2760; x_wconf 82' lang='grc' dir='ltr'>Ι.</span> <span class='ocrx_word' id='word_1_354' title='bbox 502 2703 853 2772; x_wconf 86' lang='lat' dir='ltr'><strong>Imperatore</strong></span> <span class='ocrx_word' id='word_1_355' title='bbox 891 2712 1178 2754; x_wconf 89' lang='lat' dir='ltr'><strong>cameram</strong></span> <span class='ocrx_word' id='word_1_356' title='bbox 1252 2710 1428 2766; x_wconf 88' lang='lat' dir='ltr'><strong>prope</strong></span> <span class='ocrx_word' id='word_1_357' title='bbox 1476 2693 1760 2764; x_wconf 89' lang='lat' dir='ltr'><strong>templum</strong></span> <span class='ocrx_word' id='word_1_358' title='bbox 1803 2690 2000 2746; x_wconf 84' lang='lat' dir='ltr'><strong>Sancti</strong></span> 
     </span>
    </p>
   </div>
   <div class='ocr_carea' id='block_1_47' title="bbox 355 2779 2003 2858">
    <p class='ocr_par' dir='ltr' id='par_1_47' title="bbox 355 2779 2003 2858">
     <span class='ocr_line' id='line_1_47' title="bbox 355 2779 2003 2858; baseline -0.007 -11"><span class='ocrx_word' id='word_1_359' title='bbox 355 2789 641 2847; x_wconf 90' lang='lat' dir='ltr'><strong>Theodori</strong></span> <span class='ocrx_word' id='word_1_360' title='bbox 662 2785 1016 2844; x_wconf 88' lang='lat' dir='ltr'><strong>intravelum</strong></span> <span class='ocrx_word' id='word_1_361' title='bbox 1035 2785 1319 2858; x_wconf 88' lang='lat' dir='ltr'><strong>ingresso,</strong></span> <span class='ocrx_word' id='word_1_362' title='bbox 1346 2781 1688 2855; x_wconf 59' lang='lat' dir='ltr'><strong>praepositus</strong></span> <span class='ocrx_word' id='word_1_363' title='bbox 1708 2779 2003 2838; x_wconf 83' lang='lat' dir='ltr'><strong>vestitores</strong></span> 
     </span>
    </p>
   </div>
   <div class='ocr_carea' id='block_1_48' title="bbox 363 2869 2000 2950">
    <p class='ocr_par' dir='ltr' id='par_1_48' title="bbox 363 2869 2000 2950">
     <span class='ocr_line' id='line_1_48' title="bbox 363 2869 2000 2950; baseline -0.006 -16"><span class='ocrx_word' id='word_1_364' title='bbox 363 2886 550 2947; x_wconf 89' lang='lat' dir='ltr'><strong>vocat,</strong></span> <span class='ocrx_word' id='word_1_365' title='bbox 581 2878 681 2950; x_wconf 90' lang='lat' dir='ltr'>qui</span> <span class='ocrx_word' id='word_1_366' title='bbox 713 2878 906 2950; x_wconf 90' lang='lat' dir='ltr'><strong>ipsum</strong></span> <span class='ocrx_word' id='word_1_367' title='bbox 931 2875 1130 2931; x_wconf 90' lang='lat' dir='ltr'><strong>tunica</strong></span> <span class='ocrx_word' id='word_1_368' title='bbox 1170 2873 1444 2941; x_wconf 89' lang='lat' dir='ltr'><strong>induunt,</strong></span> <span class='ocrx_word' id='word_1_369' title='bbox 1495 2871 1704 2944; x_wconf 82' lang='lat' dir='ltr'><strong>hisque</strong></span> <span class='ocrx_word' id='word_1_370' title='bbox 1731 2869 2000 2941; x_wconf 77' lang='lat' dir='ltr'><strong>egressis,</strong></span> 
     </span>
    </p>
   </div>
   <div class='ocr_carea' id='block_1_49' title="bbox 361 2960 2000 3042">
    <p class='ocr_par' dir='ltr' id='par_1_49' title="bbox 361 2960 2000 3042">
     <span class='ocr_line' id='line_1_49' title="bbox 361 2960 2000 3042; baseline -0.008 -15"><span class='ocrx_word' id='word_1_371' title='bbox 361 2988 395 3027; x_wconf 88' lang='lat' dir='ltr'>a</span> <span class='ocrx_word' id='word_1_372' title='bbox 426 2967 732 3042; x_wconf 70' lang='lat' dir='ltr'><strong>praeposito</strong></span> <span class='ocrx_word' id='word_1_373' title='bbox 761 2973 1091 3032; x_wconf 89' lang='lat' dir='ltr'><strong>coronatur,</strong></span> <span class='ocrx_word' id='word_1_374' title='bbox 1133 2961 1344 3018; x_wconf 86' lang='lat' dir='ltr'><strong>deinde</strong></span> <span class='ocrx_word' id='word_1_375' title='bbox 1371 2977 1400 3017; x_wconf 91' lang='lat' dir='ltr'>e</span> <span class='ocrx_word' id='word_1_376' title='bbox 1426 2976 1654 3016; x_wconf 88' lang='lat' dir='ltr'><strong>camera</strong></span> <span class='ocrx_word' id='word_1_377' title='bbox 1684 2960 1782 3016; x_wconf 90' lang='lat' dir='ltr'>ubi</span> <span class='ocrx_word' id='word_1_378' title='bbox 1841 2974 2000 3014; x_wconf 78' lang='lat' dir='ltr'><strong>coro-</strong></span> 
     </span>
    </p>
   </div>
   <div class='ocr_carea' id='block_1_50' title="bbox 361 3045 2004 3127">
    <p class='ocr_par' dir='ltr' id='par_1_50' title="bbox 361 3045 2004 3127">
     <span class='ocr_line' id='line_1_50' title="bbox 361 3045 2004 3127; baseline -0.008 -14"><span class='ocrx_word' id='word_1_379' title='bbox 361 3063 533 3113; x_wconf 88' lang='lat' dir='ltr'><strong>natus</strong></span> <span class='ocrx_word' id='word_1_380' title='bbox 563 3059 652 3113; x_wconf 91' lang='lat' dir='ltr'>est</span> <span class='ocrx_word' id='word_1_381' title='bbox 680 3056 873 3127; x_wconf 89' lang='lat' dir='ltr'><strong>prodit</strong></span> <span class='ocrx_word' id='word_1_382' title='bbox 893 3057 1068 3124; x_wconf 88' lang='lat' dir='ltr'><strong>atque</strong></span> <span class='ocrx_word' id='word_1_383' title='bbox 1115 3052 1173 3106; x_wconf 90' lang='lat' dir='ltr'>in</span> <span class='ocrx_word' id='word_1_384' title='bbox 1205 3050 1408 3105; x_wconf 88' lang='lat' dir='ltr'><strong>throno</strong></span> <span class='ocrx_word' id='word_1_385' title='bbox 1440 3065 1544 3105; x_wconf 90' lang='lat' dir='ltr'>suo</span> <span class='ocrx_word' id='word_1_386' title='bbox 1574 3048 1631 3104; x_wconf 87' lang='lat' dir='ltr'>in</span> <span class='ocrx_word' id='word_1_387' title='bbox 1684 3045 2004 3116; x_wconf 86' lang='lat' dir='ltr'><strong>chrysotri-</strong></span> 
     </span>
    </p>
   </div>
   <div class='ocr_carea' id='block_1_51' title="bbox 365 3135 2000 3209">
    <p class='ocr_par' dir='ltr' id='par_1_51' title="bbox 365 3135 2000 3209">
     <span class='ocr_line' id='line_1_51' title="bbox 365 3135 2000 3209; baseline -0.008 -7"><span class='ocrx_word' id='word_1_388' title='bbox 365 3145 544 3202; x_wconf 91' lang='lat' dir='ltr'><strong>clinio</strong></span> <span class='ocrx_word' id='word_1_389' title='bbox 575 3144 892 3202; x_wconf 89' lang='lat' dir='ltr'><strong>constituto</strong></span> <span class='ocrx_word' id='word_1_390' title='bbox 906 3141 1317 3196; x_wconf 87' lang='lat' dir='ltr'><strong>sedet.Interea</strong></span> <span class='ocrx_word' id='word_1_391' title='bbox 1347 3136 1598 3209; x_wconf 58' lang='lat' dir='ltr'><strong>prafecti</strong></span> <span class='ocrx_word' id='word_1_392' title='bbox 1629 3135 1898 3191; x_wconf 91' lang='lat' dir='ltr'><strong>cubiculo</strong></span> <span class='ocrx_word' id='word_1_393' title='bbox 1929 3135 2000 3190; x_wconf 87' lang='lat' dir='ltr'>ab</span> 
     </span>
    </p>
   </div>
   <div class='ocr_carea' id='block_1_52' title="bbox 366 3223 2003 3303">
    <p class='ocr_par' dir='ltr' id='par_1_52' title="bbox 366 3223 2003 3303">
     <span class='ocr_line' id='line_1_52' title="bbox 366 3223 2003 3303; baseline -0.007 -14"><span class='ocrx_word' id='word_1_394' title='bbox 366 3239 613 3303; x_wconf 90' lang='lat' dir='ltr'><strong>utroque</strong></span> <span class='ocrx_word' id='word_1_395' title='bbox 668 3231 868 3298; x_wconf 87' lang='lat' dir='ltr'><strong>latere,</strong></span> <span class='ocrx_word' id='word_1_396' title='bbox 917 3227 1254 3284; x_wconf 87' lang='lat' dir='ltr'><strong>cubicularii</strong></span> <span class='ocrx_word' id='word_1_397' title='bbox 1296 3230 1351 3282; x_wconf 92' lang='lat' dir='ltr'>et</span> <span class='ocrx_word' id='word_1_398' title='bbox 1380 3223 1940 3298; x_wconf 86' lang='lat' dir='ltr'><strong>spathocubicularii</strong></span> <span class='ocrx_word' id='word_1_399' title='bbox 1969 3240 2003 3278; x_wconf 90' lang='lat' dir='ltr'>a</span> 
     </span>
    </p>
   </div>
   <div class='ocr_carea' id='block_1_53' title="bbox 369 3313 2000 3393">
    <p class='ocr_par' dir='ltr' id='par_1_53' title="bbox 369 3313 2000 3393">
     <span class='ocr_line' id='line_1_53' title="bbox 369 3313 2000 3393; baseline -0.006 -15"><span class='ocrx_word' id='word_1_400' title='bbox 369 3329 528 3393; x_wconf 86' lang='lat' dir='ltr'><strong>tergo</strong></span> <span class='ocrx_word' id='word_1_401' title='bbox 558 3318 755 3376; x_wconf 86' lang='lat' dir='ltr'><strong>throni</strong></span> <span class='ocrx_word' id='word_1_402' title='bbox 778 3318 835 3373; x_wconf 89' lang='lat' dir='ltr'>in</span> <span class='ocrx_word' id='word_1_403' title='bbox 867 3316 1083 3373; x_wconf 90' lang='lat' dir='ltr'><strong>circulo</strong></span> <span class='ocrx_word' id='word_1_404' title='bbox 1114 3321 1328 3386; x_wconf 88' lang='lat' dir='ltr'><strong>astant,</strong></span> <span class='ocrx_word' id='word_1_405' title='bbox 1361 3321 1426 3372; x_wconf 92' lang='lat' dir='ltr'>ut</span> <span class='ocrx_word' id='word_1_406' title='bbox 1455 3319 1544 3371; x_wconf 88' lang='lat' dir='ltr'>est</span> <span class='ocrx_word' id='word_1_407' title='bbox 1573 3313 2000 3382; x_wconf 90' lang='lat' dir='ltr'><strong>semicirculus,</strong></span> 
     </span>
    </p>
   </div>
   <div class='ocr_carea' id='block_1_54' title="bbox 365 3403 2001 3483">
    <p class='ocr_par' dir='ltr' id='par_1_54' title="bbox 365 3403 2001 3483">
     <span class='ocr_line' id='line_1_54' title="bbox 365 3403 2001 3483; baseline -0.005 -16"><span class='ocrx_word' id='word_1_408' title='bbox 365 3426 482 3483; x_wconf 92' lang='lat' dir='ltr'>quo</span> <span class='ocrx_word' id='word_1_409' title='bbox 513 3425 608 3480; x_wconf 85' lang='lat' dir='ltr'>per</span> <span class='ocrx_word' id='word_1_410' title='bbox 638 3414 762 3462; x_wconf 91' lang='lat' dir='ltr'><strong>octo</strong></span> <span class='ocrx_word' id='word_1_411' title='bbox 794 3405 914 3462; x_wconf 88' lang='lat' dir='ltr'><strong>vela</strong></span> <span class='ocrx_word' id='word_1_412' title='bbox 951 3404 1273 3476; x_wconf 83' lang='lat' dir='ltr'><strong>ingressuri</strong></span> <span class='ocrx_word' id='word_1_413' title='bbox 1326 3405 1522 3461; x_wconf 87' lang='lat' dir='ltr'><strong>venire</strong></span> <span class='ocrx_word' id='word_1_414' title='bbox 1570 3403 1783 3458; x_wconf 89' lang='lat' dir='ltr'><strong>debent</strong></span> <span class='ocrx_word' id='word_1_415' title='bbox 1823 3419 1837 3457; x_wconf 89' lang='lat'><strong>:</strong></span> <span class='ocrx_word' id='word_1_416' title='bbox 1872 3419 2001 3472; x_wconf 87' lang='lat' dir='ltr'><strong>pro-</strong></span> 
     </span>
    </p>
   </div>
   <div class='ocr_carea' id='block_1_55' title="bbox 363 3490 2001 3569">
    <p class='ocr_par' dir='ltr' id='par_1_55' title="bbox 363 3490 2001 3569">
     <span class='ocr_line' id='line_1_55' title="bbox 363 3490 2001 3569; baseline -0.005 -15"><span class='ocrx_word' id='word_1_417' title='bbox 363 3495 854 3569; x_wconf 84' lang='lat' dir='ltr'><strong>tospathariivero</strong></span> <span class='ocrx_word' id='word_1_418' title='bbox 879 3493 1128 3549; x_wconf 89' lang='lat' dir='ltr'><strong>eunuchi</strong></span> <span class='ocrx_word' id='word_1_419' title='bbox 1173 3493 1637 3566; x_wconf 88' lang='lat' dir='ltr'><strong>propethronum</strong></span> <span class='ocrx_word' id='word_1_420' title='bbox 1655 3490 2001 3557; x_wconf 87' lang='lat' dir='ltr'><strong>consistunt,</strong></span> 
     </span>
    </p>
   </div>
   <div class='ocr_carea' id='block_1_56' title="bbox 365 3579 2006 3654">
    <p class='ocr_par' dir='ltr' id='par_1_56' title="bbox 365 3579 2006 3654">
     <span class='ocr_line' id='line_1_56' title="bbox 365 3579 2006 3654; baseline -0.005 -12"><span class='ocrx_word' id='word_1_421' title='bbox 365 3586 582 3643; x_wconf 88' lang='lat' dir='ltr'><strong>Deinde</strong></span> <span class='ocrx_word' id='word_1_422' title='bbox 614 3588 980 3640; x_wconf 88' lang='lat' dir='ltr'><strong>mensurator</strong></span> <span class='ocrx_word' id='word_1_423' title='bbox 1009 3586 1112 3638; x_wconf 90' lang='lat' dir='ltr'>aut</span> <span class='ocrx_word' id='word_1_424' title='bbox 1137 3582 1308 3638; x_wconf 90' lang='lat' dir='ltr'><strong>etiam</strong></span> <span class='ocrx_word' id='word_1_425' title='bbox 1343 3580 1545 3654; x_wconf 87' lang='lat' dir='ltr'><strong>papias</strong></span> <span class='ocrx_word' id='word_1_426' title='bbox 1577 3579 1778 3652; x_wconf 90' lang='lat' dir='ltr'><strong>palatii</strong></span> <span class='ocrx_word' id='word_1_427' title='bbox 1809 3579 2006 3652; x_wconf 85' lang='lat' dir='ltr'><strong>magni</strong></span> 
     </span>
    </p>
   </div>
   <div class='ocr_carea' id='block_1_57' title="bbox 365 3667 2008 3742">
    <p class='ocr_par' dir='ltr' id='par_1_57' title="bbox 365 3667 2008 3742">
     <span class='ocr_line' id='line_1_57' title="bbox 365 3667 2008 3742; baseline -0.003 -13"><span class='ocrx_word' id='word_1_428' title='bbox 365 3673 730 3731; x_wconf 80' lang='lat' dir='ltr'><strong>thuribulum</strong></span> <span class='ocrx_word' id='word_1_429' title='bbox 758 3672 960 3742; x_wconf 87' lang='lat' dir='ltr'><strong>sumit,</strong></span> <span class='ocrx_word' id='word_1_430' title='bbox 992 3674 1048 3727; x_wconf 91' lang='lat' dir='ltr'>et</span> <span class='ocrx_word' id='word_1_431' title='bbox 1073 3689 1104 3726; x_wconf 87' lang='lat' dir='ltr'>a</span> <span class='ocrx_word' id='word_1_432' title='bbox 1133 3670 1256 3728; x_wconf 88' lang='lat' dir='ltr'><strong>velo</strong></span> <span class='ocrx_word' id='word_1_433' title='bbox 1289 3669 1520 3726; x_wconf 86' lang='lat' dir='ltr'><strong>sublato</strong></span> <span class='ocrx_word' id='word_1_434' title='bbox 1559 3667 2008 3741; x_wconf 83' lang='lat' dir='ltr'><strong>chrysotriclinii</strong></span> 
     </span>
    </p>
   </div>
   <div class='ocr_carea' id='block_1_58' title="bbox 366 3756 2010 3829">
    <p class='ocr_par' dir='ltr' id='par_1_58' title="bbox 366 3756 2010 3829">
     <span class='ocr_line' id='line_1_58' title="bbox 366 3756 2010 3829; baseline -0.004 -12"><span class='ocrx_word' id='word_1_435' title='bbox 366 3778 498 3817; x_wconf 89' lang='lat' dir='ltr'>cum</span> <span class='ocrx_word' id='word_1_436' title='bbox 534 3761 704 3816; x_wconf 91' lang='lat' dir='ltr'><strong>thure</strong></span> <span class='ocrx_word' id='word_1_437' title='bbox 731 3760 994 3827; x_wconf 82' lang='lat' dir='ltr'><strong>veniens,</strong></span> <span class='ocrx_word' id='word_1_438' title='bbox 1028 3759 1437 3829; x_wconf 88' lang='lat' dir='ltr'><strong>imperatorem</strong></span> <span class='ocrx_word' id='word_1_439' title='bbox 1468 3756 1752 3825; x_wconf 86' lang='lat' dir='ltr'><strong>incensat,</strong></span> <span class='ocrx_word' id='word_1_440' title='bbox 1777 3773 1892 3828; x_wconf 91' lang='lat' dir='ltr'>quo</span> <span class='ocrx_word' id='word_1_441' title='bbox 1923 3759 2010 3811; x_wconf 92' lang='lat' dir='ltr'>ter</span> 
     </span>
    </p>
   </div>
   <div class='ocr_carea' id='block_1_59' title="bbox 368 3845 2008 3920">
    <p class='ocr_par' dir='ltr' id='par_1_59' title="bbox 368 3845 2008 3920">
     <span class='ocr_line' id='line_1_59' title="bbox 368 3845 2008 3920; baseline -0.003 -14"><span class='ocrx_word' id='word_1_442' title='bbox 368 3851 538 3920; x_wconf 85' lang='lat' dir='ltr'><strong>facto,</strong></span> <span class='ocrx_word' id='word_1_443' title='bbox 599 3849 864 3906; x_wconf 86' lang='lat' dir='ltr'><strong>discedit.</strong></span> <span class='ocrx_word' id='word_1_444' title='bbox 910 3849 1073 3904; x_wconf 88' lang='lat' dir='ltr'><strong>Tunc</strong></span> <span class='ocrx_word' id='word_1_445' title='bbox 1111 3846 1477 3919; x_wconf 76' lang='lat' dir='ltr'><strong>pmpositus,</strong></span> <span class='ocrx_word' id='word_1_446' title='bbox 1511 3847 1676 3917; x_wconf 88' lang='lat' dir='ltr'><strong>signo</strong></span> <span class='ocrx_word' id='word_1_447' title='bbox 1708 3863 1741 3901; x_wconf 87' lang='lat' dir='ltr'>a</span> <span class='ocrx_word' id='word_1_448' title='bbox 1771 3845 2008 3901; x_wconf 88' lang='lat' dir='ltr'><strong>domino</strong></span> 
     </span>
    </p>
   </div>
   <div class='ocr_carea' id='block_1_60' title="bbox 368 3933 2011 4011">
    <p class='ocr_par' dir='ltr' id='par_1_60' title="bbox 368 3933 2011 4011">
     <span class='ocr_line' id='line_1_60' title="bbox 368 3933 2011 4011; baseline -0.003 -17"><span class='ocrx_word' id='word_1_449' title='bbox 368 3942 626 4011; x_wconf 90' lang='lat' dir='ltr'><strong>accepto,</strong></span> <span class='ocrx_word' id='word_1_450' title='bbox 667 3938 787 3994; x_wconf 90' lang='lat' dir='ltr'><strong>abit</strong></span> <span class='ocrx_word' id='word_1_451' title='bbox 811 3941 870 3993; x_wconf 93' lang='lat' dir='ltr'>et</span> <span class='ocrx_word' id='word_1_452' title='bbox 908 3952 1100 3992; x_wconf 85' lang='lat' dir='ltr'><strong>coram</strong></span> <span class='ocrx_word' id='word_1_453' title='bbox 1131 3937 1461 4007; x_wconf 85' lang='lat' dir='ltr'><strong>imperatore</strong></span> <span class='ocrx_word' id='word_1_454' title='bbox 1491 3933 1552 3989; x_wconf 89' lang='lat' dir='ltr'>in</span> <span class='ocrx_word' id='word_1_455' title='bbox 1584 3933 1775 3989; x_wconf 90' lang='lat' dir='ltr'><strong>medio</strong></span> <span class='ocrx_word' id='word_1_456' title='bbox 1806 3933 2011 4003; x_wconf 69' lang='lat' dir='ltr'><strong>prazl&#39;e‘</strong></span> 
     </span>
    </p>
   </div>
   <div class='ocr_carea' id='block_1_61' title="bbox 367 4021 2012 4094">
    <p class='ocr_par' dir='ltr' id='par_1_61' title="bbox 367 4021 2012 4094">
     <span class='ocr_line' id='line_1_61' title="bbox 367 4021 2012 4094; baseline -0.004 -12"><span class='ocrx_word' id='word_1_457' title='bbox 367 4035 584 4082; x_wconf 86' lang='lat' dir='ltr'><strong>olorum</strong></span> <span class='ocrx_word' id='word_1_458' title='bbox 615 4025 866 4082; x_wconf 87' lang='lat' dir='ltr'><strong>cubiculi</strong></span> <span class='ocrx_word' id='word_1_459' title='bbox 893 4028 1028 4094; x_wconf 88' lang='lat' dir='ltr'><strong>stat,</strong></span> <span class='ocrx_word' id='word_1_460' title='bbox 1059 4024 1448 4094; x_wconf 89' lang='lat' dir='ltr'><strong>manibusque</strong></span> <span class='ocrx_word' id='word_1_461' title='bbox 1495 4038 1612 4076; x_wconf 88' lang='lat' dir='ltr'>una</span> <span class='ocrx_word' id='word_1_462' title='bbox 1651 4037 1784 4076; x_wconf 89' lang='lat' dir='ltr'>cum</span> <span class='ocrx_word' id='word_1_463' title='bbox 1815 4021 2012 4076; x_wconf 88' lang='lat' dir='ltr'><strong>tunica</strong></span> 
     </span>
    </p>
   </div>
   <div class='ocr_carea' id='block_1_62' title="bbox 367 4108 2010 4185">
    <p class='ocr_par' dir='ltr' id='par_1_62' title="bbox 367 4108 2010 4185">
     <span class='ocr_line' id='line_1_62' title="bbox 367 4108 2010 4185; baseline -0.005 -15"><span class='ocrx_word' id='word_1_464' title='bbox 367 4131 478 4171; x_wconf 86' lang='lat' dir='ltr'>sua</span> <span class='ocrx_word' id='word_1_465' title='bbox 503 4113 799 4185; x_wconf 84' lang='lat' dir='ltr'><strong>expansis,</strong></span> <span class='ocrx_word' id='word_1_466' title='bbox 819 4113 1689 4184; x_wconf 80' lang='lat' dir='ltr'><strong>imperatorem—veneratur,non</strong></span> <span class='ocrx_word' id='word_1_467' title='bbox 1717 4108 2010 4164; x_wconf 86' lang='lat' dir='ltr'><strong>inclinatis</strong></span> 
     </span>
    </p>
   </div>
   <div class='ocr_carea' id='block_1_63' title="bbox 366 4195 2012 4273">
    <p class='ocr_par' dir='ltr' id='par_1_63' title="bbox 366 4195 2012 4273">
     <span class='ocr_line' id='line_1_63' title="bbox 366 4195 2012 4273; baseline -0.003 -17"><span class='ocrx_word' id='word_1_468' title='bbox 366 4207 563 4258; x_wconf 86' lang='lat' dir='ltr'><strong>tamen</strong></span> <span class='ocrx_word' id='word_1_469' title='bbox 595 4201 882 4273; x_wconf 91' lang='lat' dir='ltr'><strong>genibus;</strong></span> <span class='ocrx_word' id='word_1_470' title='bbox 917 4203 1005 4256; x_wconf 90' lang='lat' dir='ltr'>est</span> <span class='ocrx_word' id='word_1_471' title='bbox 1026 4199 1182 4254; x_wconf 89' lang='lat' dir='ltr'><strong>enim</strong></span> <span class='ocrx_word' id='word_1_472' title='bbox 1216 4201 1440 4252; x_wconf 86' lang='lat' dir='ltr'><strong>tantum</strong></span> <span class='ocrx_word' id='word_1_473' title='bbox 1473 4196 1696 4268; x_wconf 87' lang='lat' dir='ltr'><strong>species</strong></span> <span class='ocrx_word' id='word_1_474' title='bbox 1725 4195 2012 4251; x_wconf 86' lang='lat' dir='ltr'><strong>adoratio-</strong></span> 
     </span>
    </p>
   </div>
   <div class='ocr_carea' id='block_1_64' title="bbox 369 4285 2011 4360">
    <p class='ocr_par' dir='ltr' id='par_1_64' title="bbox 369 4285 2011 4360">
     <span class='ocr_line' id='line_1_64' title="bbox 369 4285 2011 4360; baseline -0.002 -16"><span class='ocrx_word' id='word_1_475' title='bbox 369 4290 479 4359; x_wconf 88' lang='lat' dir='ltr'><strong>nis,</strong></span> <span class='ocrx_word' id='word_1_476' title='bbox 512 4289 742 4360; x_wconf 89' lang='lat' dir='ltr'><strong>qualem</strong></span> <span class='ocrx_word' id='word_1_477' title='bbox 776 4289 916 4344; x_wconf 88' lang='lat' dir='ltr'><strong>ordo</strong></span> <span class='ocrx_word' id='word_1_478' title='bbox 974 4287 1088 4342; x_wconf 91' lang='lat' dir='ltr'><strong>diei</strong></span> <span class='ocrx_word' id='word_1_479' title='bbox 1145 4287 1408 4356; x_wconf 83' lang='lat' dir='ltr'><strong>requirit.</strong></span> <span class='ocrx_word' id='word_1_480' title='bbox 1466 4285 1560 4341; x_wconf 90' lang='lat' dir='ltr'><strong>Sic</strong></span> <span class='ocrx_word' id='word_1_481' title='bbox 1591 4300 1724 4340; x_wconf 90' lang='lat' dir='ltr'>cum</span> <span class='ocrx_word' id='word_1_482' title='bbox 1780 4285 2011 4340; x_wconf 89' lang='lat' dir='ltr'><strong>duobus</strong></span> 
     </span>
    </p>
   </div>
   <div class='ocr_carea' id='block_1_65' title="bbox 371 4371 2014 4445">
    <p class='ocr_par' dir='ltr' id='par_1_65' title="bbox 371 4371 2014 4445">
     <span class='ocr_line' id='line_1_65' title="bbox 371 4371 2014 4445; baseline -0.002 -14"><span class='ocrx_word' id='word_1_483' title='bbox 371 4374 650 4441; x_wconf 88' lang='lat' dir='ltr'><strong>ostiariis,</strong></span> <span class='ocrx_word' id='word_1_484' title='bbox 682 4375 782 4445; x_wconf 90' lang='lat' dir='ltr'>qui</span> <span class='ocrx_word' id='word_1_485' title='bbox 833 4377 967 4427; x_wconf 89' lang='lat' dir='ltr'><strong>ante</strong></span> <span class='ocrx_word' id='word_1_486' title='bbox 998 4373 1188 4443; x_wconf 89' lang='lat' dir='ltr'><strong>ipsum</strong></span> <span class='ocrx_word' id='word_1_487' title='bbox 1220 4371 1413 4444; x_wconf 85' lang='lat' dir='ltr'><strong>virgas</strong></span> <span class='ocrx_word' id='word_1_488' title='bbox 1462 4388 1602 4427; x_wconf 89' lang='lat' dir='ltr'><strong>suas</strong></span> <span class='ocrx_word' id='word_1_489' title='bbox 1632 4371 1693 4426; x_wconf 88' lang='lat' dir='ltr'>in</span> <span class='ocrx_word' id='word_1_490' title='bbox 1724 4371 2014 4443; x_wconf 89' lang='lat' dir='ltr'><strong>tripetono</strong></span> 
     </span>
    </p>
   </div>
   <div class='ocr_carea' id='block_1_66' title="bbox 370 4459 2010 4534">
    <p class='ocr_par' dir='ltr' id='par_1_66' title="bbox 370 4459 2010 4534">
     <span class='ocr_line' id='line_1_66' title="bbox 370 4459 2010 4534; baseline -0.002 -14"><span class='ocrx_word' id='word_1_491' title='bbox 370 4466 620 4533; x_wconf 84' lang='lat' dir='ltr'><strong>gestant,</strong></span> <span class='ocrx_word' id='word_1_492' title='bbox 650 4460 1037 4534; x_wconf 87' lang='lat' dir='ltr'><strong>progreditur,</strong></span> <span class='ocrx_word' id='word_1_493' title='bbox 1086 4461 1390 4532; x_wconf 86' lang='lat' dir='ltr'><strong>magistros</strong></span> <span class='ocrx_word' id='word_1_494' title='bbox 1430 4477 1464 4516; x_wconf 90' lang='lat' dir='ltr'>a</span> <span class='ocrx_word' id='word_1_495' title='bbox 1495 4459 1900 4516; x_wconf 90' lang='lat' dir='ltr'><strong>cerimoniario</strong></span> <span class='ocrx_word' id='word_1_496' title='bbox 1921 4477 2010 4517; x_wconf 89' lang='lat' dir='ltr'><strong>or-</strong></span> 
     </span>
    </p>
   </div>
   <div class='ocr_carea' id='block_1_67' title="bbox 372 4550 2011 4622">
    <p class='ocr_par' dir='ltr' id='par_1_67' title="bbox 372 4550 2011 4622">
     <span class='ocr_line' id='line_1_67' title="bbox 372 4550 2011 4622; baseline -0.001 -15"><span class='ocrx_word' id='word_1_497' title='bbox 372 4552 605 4608; x_wconf 85' lang='lat' dir='ltr'><strong>dinatos</strong></span> <span class='ocrx_word' id='word_1_498' title='bbox 637 4551 868 4621; x_wconf 88' lang='lat' dir='ltr'><strong>reperit,</strong></span> <span class='ocrx_word' id='word_1_499' title='bbox 903 4566 1117 4621; x_wconf 87' lang='lat' dir='ltr'><strong>eosque</strong></span> <span class='ocrx_word' id='word_1_500' title='bbox 1168 4550 1508 4622; x_wconf 62' lang='lat' dir='ltr'><strong>praerositus</strong></span> <span class='ocrx_word' id='word_1_501' title='bbox 1536 4550 1778 4605; x_wconf 85' lang='lat' dir='ltr'><strong>advocat</strong></span> <span class='ocrx_word' id='word_1_502' title='bbox 1811 4555 2011 4605; x_wconf 88' lang='lat' dir='ltr'><strong>:extra</strong></span> 
     </span>
    </p>
   </div>
   <div class='ocr_carea' id='block_1_68' title="bbox 2708 2512 3146 2570">
    <p class='ocr_par' dir='ltr' id='par_1_68' title="bbox 2708 2512 3146 2570">
     <span class='ocr_line' id='line_1_68' title="bbox 2708 2512 3146 2570; baseline 0 -1"><span class='ocrx_word' id='word_1_503' title='bbox 2708 2515 2963 2569; x_wconf 80' lang='grc' dir='ltr'>ΚΕΦΑΛ.</span> <span class='ocrx_word' id='word_1_504' title='bbox 3009 2512 3146 2570; x_wconf 83' lang='lat' dir='ltr'><strong>Mll&#39;.</strong></span> 
     </span>
    </p>
   </div>
   <div class='ocr_carea' id='block_1_69' title="bbox 2181 2595 3680 2678">
    <p class='ocr_par' dir='ltr' id='par_1_69' title="bbox 2181 2595 3680 2678">
     <span class='ocr_line' id='line_1_69' title="bbox 2181 2595 3680 2678; baseline -0.002 -20"><span class='ocrx_word' id='word_1_505' title='bbox 2181 2602 2319 2658; x_wconf 87' lang='grc' dir='ltr'>Ὀσα</span> <span class='ocrx_word' id='word_1_506' title='bbox 2349 2598 2432 2654; x_wconf 85' lang='grc' dir='ltr'>δεῖ</span> <span class='ocrx_word' id='word_1_507' title='bbox 2469 2599 2905 2678; x_wconf 69' lang='grc' dir='ltr'>παραφυλάττειν</span> <span class='ocrx_word' id='word_1_508' title='bbox 2936 2600 3023 2654; x_wconf 76' lang='grc' dir='ltr'>ἐπὶ</span> <span class='ocrx_word' id='word_1_509' title='bbox 3050 2595 3304 2674; x_wconf 76' lang='grc' dir='ltr'>προϐολῇ</span> <span class='ocrx_word' id='word_1_510' title='bbox 3356 2596 3680 2673; x_wconf 86' lang='grc' dir='ltr'>πατρικίων.</span> 
     </span>
    </p>
   </div>
   <div class='ocr_carea' id='block_1_70' title="bbox 2182 2687 3755 2765">
    <p class='ocr_par' dir='ltr' id='par_1_70' title="bbox 2182 2687 3755 2765">
     <span class='ocr_line' id='line_1_70' title="bbox 2182 2687 3755 2765; baseline -0.004 -19"><span class='ocrx_word' id='word_1_511' title='bbox 2182 2691 2261 2747; x_wconf 71' lang='grc' dir='ltr'>Α“.</span> <span class='ocrx_word' id='word_1_512' title='bbox 2323 2687 2596 2746; x_wconf 79' lang='grc' dir='ltr'>Εἰσελθὼν</span> <span class='ocrx_word' id='word_1_513' title='bbox 2659 2690 2686 2744; x_wconf 92' lang='lat'>6</span> <span class='ocrx_word' id='word_1_514' title='bbox 2747 2687 3004 2765; x_wconf 77' lang='grc' dir='ltr'>βασιλεὺς</span> <span class='ocrx_word' id='word_1_515' title='bbox 3071 2689 3146 2751; x_wconf 81' lang='grc' dir='ltr'>είς</span> <span class='ocrx_word' id='word_1_516' title='bbox 3183 2693 3284 2758; x_wconf 81' lang='grc' dir='ltr'>τὴν</span> <span class='ocrx_word' id='word_1_517' title='bbox 3352 2687 3601 2763; x_wconf 78' lang='grc' dir='ltr'>καμάραν</span> <span class='ocrx_word' id='word_1_518' title='bbox 3654 2687 3755 2755; x_wconf 83' lang='grc' dir='ltr'>τήν</span> 
     </span>
    </p>
   </div>
   <div class='ocr_carea' id='block_1_71' title="bbox 2112 2772 3757 2854">
    <p class='ocr_par' dir='ltr' id='par_1_71' title="bbox 2112 2772 3757 2854">
     <span class='ocr_line' id='line_1_71' title="bbox 2112 2772 3757 2854; baseline -0.005 -20"><span class='ocrx_word' id='word_1_519' title='bbox 2112 2778 2273 2834; x_wconf 77' lang='grc' dir='ltr'>οὖσαν</span> <span class='ocrx_word' id='word_1_520' title='bbox 2305 2779 2440 2854; x_wconf 86' lang='grc' dir='ltr'>πρὸς</span> <span class='ocrx_word' id='word_1_521' title='bbox 2464 2782 2556 2833; x_wconf 87' lang='grc' dir='ltr'>τὸν</span> <span class='ocrx_word' id='word_1_522' title='bbox 2584 2779 2706 2833; x_wconf 86' lang='grc' dir='ltr'>ναὸν</span> <span class='ocrx_word' id='word_1_523' title='bbox 2752 2781 2847 2833; x_wconf 78' lang='grc' dir='ltr'>τοῦ</span> <span class='ocrx_word' id='word_1_524' title='bbox 2899 2779 3083 2853; x_wconf 82' lang='grc' dir='ltr'>Ἀγίου</span> <span class='ocrx_word' id='word_1_525' title='bbox 3140 2773 3424 2852; x_wconf 82' lang='grc' dir='ltr'>Θεοδώρου</span> <span class='ocrx_word' id='word_1_526' title='bbox 3456 2772 3603 2831; x_wconf 78' lang='grc' dir='ltr'>ἔνδον</span> <span class='ocrx_word' id='word_1_527' title='bbox 3657 2777 3757 2830; x_wconf 79' lang='grc' dir='ltr'>τοῦ</span> 
     </span>
    </p>
   </div>
   <div class='ocr_carea' id='block_1_72' title="bbox 2115 2865 3754 2942">
    <p class='ocr_par' dir='ltr' id='par_1_72' title="bbox 2115 2865 3754 2942">
     <span class='ocr_line' id='line_1_72' title="bbox 2115 2865 3754 2942; baseline -0.002 -20"><span class='ocrx_word' id='word_1_528' title='bbox 2115 2867 2314 2942; x_wconf 78' lang='grc' dir='ltr'>βήλου,</span> <span class='ocrx_word' id='word_1_529' title='bbox 2345 2865 2736 2942; x_wconf 84' lang='grc' dir='ltr'>προσκαλεῖται</span> <span class='ocrx_word' id='word_1_530' title='bbox 2769 2868 2796 2921; x_wconf 86' lang='grc' dir='ltr'><strong>ὁ</strong></span> <span class='ocrx_word' id='word_1_531' title='bbox 2820 2868 3177 2941; x_wconf 86' lang='grc' dir='ltr'>πραιπόσιτος</span> <span class='ocrx_word' id='word_1_532' title='bbox 3213 2865 3341 2928; x_wconf 88' lang='grc' dir='ltr'>τούς</span> <span class='ocrx_word' id='word_1_533' title='bbox 3400 2866 3754 2940; x_wconf 74' lang='grc' dir='ltr'>βεστήτορας,</span> 
     </span>
    </p>
   </div>
   <div class='ocr_carea' id='block_1_73' title="bbox 2110 2951 3752 3031">
    <p class='ocr_par' dir='ltr' id='par_1_73' title="bbox 2110 2951 3752 3031">
     <span class='ocr_line' id='line_1_73' title="bbox 2110 2951 3752 3031; baseline -0.002 -21"><span class='ocrx_word' id='word_1_534' title='bbox 2110 2957 2198 3010; x_wconf 90' lang='grc' dir='ltr'>καὶ</span> <span class='ocrx_word' id='word_1_535' title='bbox 2257 2951 2653 3031; x_wconf 72' lang='grc' dir='ltr'>περιϐάλλουσι</span> <span class='ocrx_word' id='word_1_536' title='bbox 2725 2957 2823 3024; x_wconf 75' lang='grc' dir='ltr'>τήν</span> <span class='ocrx_word' id='word_1_537' title='bbox 2879 2953 3117 3030; x_wconf 84' lang='grc' dir='ltr'>χλανίδα</span> <span class='ocrx_word' id='word_1_538' title='bbox 3183 2956 3271 3010; x_wconf 88' lang='grc' dir='ltr'>τὸν</span> <span class='ocrx_word' id='word_1_539' title='bbox 3343 2953 3590 3030; x_wconf 83' lang='grc' dir='ltr'>βασιλέα,</span> <span class='ocrx_word' id='word_1_540' title='bbox 3664 2952 3752 3007; x_wconf 81' lang='grc' dir='ltr'>καὶ</span> 
     </span>
    </p>
   </div>
   <div class='ocr_carea' id='block_1_74' title="bbox 2108 3040 3752 3121">
    <p class='ocr_par' dir='ltr' id='par_1_74' title="bbox 2108 3040 3752 3121">
     <span class='ocr_line' id='line_1_74' title="bbox 2108 3040 3752 3121; baseline -0.002 -23"><span class='ocrx_word' id='word_1_541' title='bbox 2108 3045 2314 3098; x_wconf 84' lang='grc' dir='ltr'>τούτων</span> <span class='ocrx_word' id='word_1_542' title='bbox 2373 3042 2720 3116; x_wconf 77' lang='grc' dir='ltr'>ἐξελθόντων,</span> <span class='ocrx_word' id='word_1_543' title='bbox 2776 3044 3023 3121; x_wconf 71' lang='grc' dir='ltr'>στέφεται</span> <span class='ocrx_word' id='word_1_544' title='bbox 3076 3044 3198 3115; x_wconf 70' lang='grc' dir='ltr'>ὑπὸξ</span> <span class='ocrx_word' id='word_1_545' title='bbox 3225 3047 3322 3099; x_wconf 80' lang='grc' dir='ltr'>τοῦ</span> <span class='ocrx_word' id='word_1_546' title='bbox 3371 3040 3752 3118; x_wconf 88' lang='grc' dir='ltr'>πραιποσίτου,</span> 
     </span>
    </p>
   </div>
   <div class='ocr_carea' id='block_1_75' title="bbox 2110 3129 3750 3209">
    <p class='ocr_par' dir='ltr' id='par_1_75' title="bbox 2110 3129 3750 3209">
     <span class='ocr_line' id='line_1_75' title="bbox 2110 3129 3750 3209; baseline 0 -23"><span class='ocrx_word' id='word_1_547' title='bbox 2110 3129 2292 3187; x_wconf 69' lang='grc' dir='ltr'>ἔπειτα</span> <span class='ocrx_word' id='word_1_548' title='bbox 2348 3131 2620 3208; x_wconf 84' lang='grc' dir='ltr'>ἐξέρχεται</span> <span class='ocrx_word' id='word_1_549' title='bbox 2680 3131 2738 3186; x_wconf 80' lang='grc' dir='ltr'>ἐκ</span> <span class='ocrx_word' id='word_1_550' title='bbox 2793 3133 2890 3201; x_wconf 72' lang='grc' dir='ltr'>τῆς</span> <span class='ocrx_word' id='word_1_551' title='bbox 2942 3132 3217 3206; x_wconf 82' lang='grc' dir='ltr'>καμάρας,</span> <span class='ocrx_word' id='word_1_552' title='bbox 3275 3131 3326 3188; x_wconf 87' lang='grc' dir='ltr'>έν</span> <span class='ocrx_word' id='word_1_553' title='bbox 3496 3130 3750 3209; x_wconf 74' lang='grc' dir='ltr'>έστέφθη,</span> 
     </span>
    </p>
   </div>
   <div class='ocr_carea' id='block_1_76' title="bbox 2109 3219 3752 3292">
    <p class='ocr_par' dir='ltr' id='par_1_76' title="bbox 2109 3219 3752 3292">
     <span class='ocr_line' id='line_1_76' title="bbox 2109 3219 3752 3292; baseline 0 -18"><span class='ocrx_word' id='word_1_554' title='bbox 2109 3221 2197 3275; x_wconf 72' lang='grc' dir='ltr'>καὶ</span> <span class='ocrx_word' id='word_1_555' title='bbox 2257 3220 2490 3277; x_wconf 82' lang='grc' dir='ltr'>ἀνελθὼν</span> <span class='ocrx_word' id='word_1_556' title='bbox 2548 3222 2824 3291; x_wconf 70' lang='grc' dir='ltr'>καθέζεται</span> <span class='ocrx_word' id='word_1_557' title='bbox 2883 3219 2970 3276; x_wconf 79' lang='grc' dir='ltr'>ἐπὶ</span> <span class='ocrx_word' id='word_1_558' title='bbox 3018 3225 3119 3276; x_wconf 74' lang='grc' dir='ltr'>τοῦ</span> <span class='ocrx_word' id='word_1_559' title='bbox 3172 3223 3356 3292; x_wconf 84' lang='grc' dir='ltr'>σένζου</span> <span class='ocrx_word' id='word_1_560' title='bbox 3435 3221 3600 3277; x_wconf 79' lang='grc' dir='ltr'>αὑτοῦ</span> <span class='ocrx_word' id='word_1_561' title='bbox 3655 3224 3752 3276; x_wconf 73' lang='grc' dir='ltr'>τοῦ</span> 
     </span>
    </p>
   </div>
   <div class='ocr_carea' id='block_1_77' title="bbox 2109 3306 3752 3386">
    <p class='ocr_par' dir='ltr' id='par_1_77' title="bbox 2109 3306 3752 3386">
     <span class='ocr_line' id='line_1_77' title="bbox 2109 3306 3752 3386; baseline -0.001 -21"><span class='ocrx_word' id='word_1_562' title='bbox 2109 3309 2373 3384; x_wconf 80' lang='grc' dir='ltr'>σταμένου</span> <span class='ocrx_word' id='word_1_563' title='bbox 2421 3309 2496 3372; x_wconf 78' lang='grc' dir='ltr'>εἰς</span> <span class='ocrx_word' id='word_1_564' title='bbox 2539 3310 2602 3365; x_wconf 87' lang='grc' dir='ltr'>τὸ</span> <span class='ocrx_word' id='word_1_565' title='bbox 2651 3309 3124 3386; x_wconf 87' lang='grc' dir='ltr'>χρυσοτρίκλινον.</span> <span class='ocrx_word' id='word_1_566' title='bbox 3175 3311 3422 3366; x_wconf 82' lang='grc' dir='ltr'>Στάντων</span> <span class='ocrx_word' id='word_1_567' title='bbox 3446 3313 3492 3348; x_wconf 75' lang='grc'><strong>⁸⁸</strong></span> <span class='ocrx_word' id='word_1_568' title='bbox 3549 3306 3607 3364; x_wconf 74' lang='grc' dir='ltr'>δὲ</span> <span class='ocrx_word' id='word_1_569' title='bbox 3646 3315 3752 3364; x_wconf 90' lang='grc' dir='ltr'>τῶν</span> 
     </span>
    </p>
   </div>
   <div class='ocr_carea' id='block_1_78' title="bbox 2109 3393 3756 3476">
    <p class='ocr_par' dir='ltr' id='par_1_78' title="bbox 2109 3393 3756 3476">
     <span class='ocr_line' id='line_1_78' title="bbox 2109 3393 3756 3476; baseline -0.001 -20"><span class='ocrx_word' id='word_1_570' title='bbox 2109 3393 2393 3476; x_wconf 77' lang='grc' dir='ltr'>ἀρχόντων</span> <span class='ocrx_word' id='word_1_571' title='bbox 2426 3407 2522 3458; x_wconf 75' lang='grc' dir='ltr'>τοῦ</span> <span class='ocrx_word' id='word_1_572' title='bbox 2565 3398 2955 3458; x_wconf 86' lang='grc' dir='ltr'>κουϐουκλείου</span> <span class='ocrx_word' id='word_1_573' title='bbox 3014 3397 3162 3467; x_wconf 78' lang='grc' dir='ltr'>ἔνθεν</span> <span class='ocrx_word' id='word_1_574' title='bbox 3198 3403 3466 3471; x_wconf 73' lang='grc' dir='ltr'>κάκεῖθεν,</span> <span class='ocrx_word' id='word_1_575' title='bbox 3525 3403 3578 3458; x_wconf 77' lang='lat' dir='ltr'><strong>oi.</strong></span> <span class='ocrx_word' id='word_1_576' title='bbox 3624 3422 3756 3457; x_wconf 90' lang='grc' dir='ltr'>κου-</span> 
     </span>
    </p>
   </div>
   <div class='ocr_carea' id='block_1_79' title="bbox 2114 3487 3748 3565">
    <p class='ocr_par' dir='ltr' id='par_1_79' title="bbox 2114 3487 3748 3565">
     <span class='ocr_line' id='line_1_79' title="bbox 2114 3487 3748 3565; baseline -0.001 -22"><span class='ocrx_word' id='word_1_577' title='bbox 2114 3489 2461 3565; x_wconf 72' lang='grc' dir='ltr'>βικουλάριςι</span> <span class='ocrx_word' id='word_1_578' title='bbox 2519 3489 2606 3546; x_wconf 84' lang='grc' dir='ltr'>καὶ</span> <span class='ocrx_word' id='word_1_579' title='bbox 2685 3492 2736 3545; x_wconf 75' lang='grc' dir='ltr'>οἱ</span> <span class='ocrx_word' id='word_1_580' title='bbox 2807 3487 3431 3565; x_wconf 79' lang='grc' dir='ltr'>σπαθοκουϐικουλάριοι</span> <span class='ocrx_word' id='word_1_581' title='bbox 3502 3488 3748 3544; x_wconf 72' lang='grc' dir='ltr'>’ίσταντσι</span> 
     </span>
    </p>
   </div>
   <div class='ocr_carea' id='block_1_80' title="bbox 2114 3577 3750 3652">
    <p class='ocr_par' dir='ltr' id='par_1_80' title="bbox 2114 3577 3750 3652">
     <span class='ocr_line' id='line_1_80' title="bbox 2114 3577 3750 3652; baseline 0.001 -20"><span class='ocrx_word' id='word_1_582' title='bbox 2114 3577 2289 3633; x_wconf 86' lang='grc' dir='ltr'>ὀπίσω</span> <span class='ocrx_word' id='word_1_583' title='bbox 2330 3577 2630 3650; x_wconf 85' lang='grc' dir='ltr'>κύκλῳτοῦ</span> <span class='ocrx_word' id='word_1_584' title='bbox 2667 3580 2870 3652; x_wconf 83' lang='grc' dir='ltr'>σένζου,</span> <span class='ocrx_word' id='word_1_585' title='bbox 2902 3581 3078 3641; x_wconf 86' lang='grc' dir='ltr'>καθὼς</span> <span class='ocrx_word' id='word_1_586' title='bbox 3127 3577 3240 3634; x_wconf 73' lang='grc' dir='ltr'>ἐστι</span> <span class='ocrx_word' id='word_1_587' title='bbox 3286 3580 3348 3635; x_wconf 85' lang='grc' dir='ltr'>τὸ</span> <span class='ocrx_word' id='word_1_588' title='bbox 3397 3577 3750 3650; x_wconf 74' lang='grc' dir='ltr'>ἡμικύκλιον,</span> 
     </span>
    </p>
   </div>
   <div class='ocr_carea' id='block_1_81' title="bbox 2115 3664 3751 3745">
    <p class='ocr_par' dir='ltr' id='par_1_81' title="bbox 2115 3664 3751 3745">
     <span class='ocr_line' id='line_1_81' title="bbox 2115 3664 3751 3745; baseline -0.001 -23"><span class='ocrx_word' id='word_1_589' title='bbox 2115 3664 2206 3722; x_wconf 74' lang='grc' dir='ltr'>διὰ</span> <span class='ocrx_word' id='word_1_590' title='bbox 2233 3667 2298 3722; x_wconf 88' lang='grc' dir='ltr'>τὸ</span> <span class='ocrx_word' id='word_1_591' title='bbox 2331 3669 2660 3745; x_wconf 81' lang='grc' dir='ltr'>χωρηθῆναι</span> <span class='ocrx_word' id='word_1_592' title='bbox 2697 3667 2823 3730; x_wconf 79' lang='grc' dir='ltr'>τοὺς</span> <span class='ocrx_word' id='word_1_593' title='bbox 2882 3665 3189 3741; x_wconf 75' lang='grc' dir='ltr'>μέλλοντας</span> <span class='ocrx_word' id='word_1_594' title='bbox 3236 3666 3462 3724; x_wconf 84' lang='grc' dir='ltr'>εἷσελεῖν</span> <span class='ocrx_word' id='word_1_595' title='bbox 3509 3665 3600 3722; x_wconf 83' lang='grc' dir='ltr'>διὰ</span> <span class='ocrx_word' id='word_1_596' title='bbox 3645 3672 3751 3722; x_wconf 88' lang='grc' dir='ltr'>τῶν</span> 
     </span>
    </p>
   </div>
   <div class='ocr_carea' id='block_1_82' title="bbox 2115 3754 3754 3836">
    <p class='ocr_par' dir='ltr' id='par_1_82' title="bbox 2115 3754 3754 3836">
     <span class='ocr_line' id='line_1_82' title="bbox 2115 3754 3754 3836; baseline 0 -26"><span class='ocrx_word' id='word_1_597' title='bbox 2115 3756 2259 3811; x_wconf 84' lang='grc' dir='ltr'>ὀκτὼ</span> <span class='ocrx_word' id='word_1_598' title='bbox 2294 3756 2506 3831; x_wconf 79' lang='grc' dir='ltr'>βήλων’</span> <span class='ocrx_word' id='word_1_599' title='bbox 2531 3757 2581 3811; x_wconf 88' lang='lat' dir='ltr'><strong>o&#39;t</strong></span> <span class='ocrx_word' id='word_1_600' title='bbox 2613 3754 2672 3812; x_wconf 69' lang='grc' dir='ltr'>δὲ</span> <span class='ocrx_word' id='word_1_601' title='bbox 2717 3759 3197 3833; x_wconf 81' lang='grc' dir='ltr'>πρωτοσπαθάριοι</span> <span class='ocrx_word' id='word_1_602' title='bbox 3234 3757 3488 3836; x_wconf 78' lang='grc' dir='ltr'>εὐνοῦχοι</span> <span class='ocrx_word' id='word_1_603' title='bbox 3508 3755 3754 3813; x_wconf 78' lang='grc' dir='ltr'>’ίστανται</span> 
     </span>
    </p>
   </div>
   <div class='ocr_carea' id='block_1_83' title="bbox 2114 3843 3757 3922">
    <p class='ocr_par' dir='ltr' id='par_1_83' title="bbox 2114 3843 3757 3922">
     <span class='ocr_line' id='line_1_83' title="bbox 2114 3843 3757 3922; baseline 0 -23"><span class='ocrx_word' id='word_1_604' title='bbox 2114 3843 2350 3916; x_wconf 89' lang='grc' dir='ltr'>πλησίον</span> <span class='ocrx_word' id='word_1_605' title='bbox 2405 3849 2501 3900; x_wconf 80' lang='grc' dir='ltr'>τοῦ</span> <span class='ocrx_word' id='word_1_606' title='bbox 2555 3844 2764 3916; x_wconf 81' lang='grc' dir='ltr'>σένζου.</span> <span class='ocrx_word' id='word_1_607' title='bbox 2835 3845 2965 3902; x_wconf 78' lang='grc' dir='ltr'>Εἶτα</span> <span class='ocrx_word' id='word_1_608' title='bbox 3022 3843 3208 3922; x_wconf 86' lang='grc' dir='ltr'>λαβὼν</span> <span class='ocrx_word' id='word_1_609' title='bbox 3265 3846 3355 3900; x_wconf 85' lang='grc' dir='ltr'>τὸν</span> <span class='ocrx_word' id='word_1_610' title='bbox 3411 3845 3672 3920; x_wconf 83' lang='grc' dir='ltr'>θυμιατὸν</span> <span class='ocrx_word' id='word_1_611' title='bbox 3730 3845 3757 3899; x_wconf 92' lang='lat'>6</span> 
     </span>
    </p>
   </div>
   <div class='ocr_carea' id='block_1_84' title="bbox 2119 3929 3758 4005">
    <p class='ocr_par' dir='ltr' id='par_1_84' title="bbox 2119 3929 3758 4005">
     <span class='ocr_line' id='line_1_84' title="bbox 2119 3929 3758 4005; baseline 0.001 -20"><span class='ocrx_word' id='word_1_612' title='bbox 2119 3931 2492 4005; x_wconf 84' lang='grc' dir='ltr'>μινσουράτωρ</span> <span class='ocrx_word' id='word_1_613' title='bbox 2542 3932 2576 4000; x_wconf 80' lang='grc' dir='ltr'><strong>ἢ</strong></span> <span class='ocrx_word' id='word_1_614' title='bbox 2631 3933 2719 3986; x_wconf 86' lang='grc' dir='ltr'>καὶ</span> <span class='ocrx_word' id='word_1_615' title='bbox 2765 3933 2792 3986; x_wconf 91' lang='lat'>6</span> <span class='ocrx_word' id='word_1_616' title='bbox 2840 3931 3041 3993; x_wconf 85' lang='grc' dir='ltr'>παπίας</span> <span class='ocrx_word' id='word_1_617' title='bbox 3081 3935 3178 3987; x_wconf 72' lang='grc' dir='ltr'>τοῦ</span> <span class='ocrx_word' id='word_1_618' title='bbox 3224 3929 3493 3988; x_wconf 82' lang='grc' dir='ltr'>παλατίου</span> <span class='ocrx_word' id='word_1_619' title='bbox 3521 3934 3618 3987; x_wconf 75' lang='grc' dir='ltr'>τοῦ</span> <span class='ocrx_word' id='word_1_620' title='bbox 3663 3952 3758 4005; x_wconf 82' lang='grc' dir='ltr'>με·</span> 
     </span>
    </p>
   </div>
   <div class='ocr_carea' id='block_1_85' title="bbox 2114 4017 3757 4097">
    <p class='ocr_par' dir='ltr' id='par_1_85' title="bbox 2114 4017 3757 4097">
     <span class='ocr_line' id='line_1_85' title="bbox 2114 4017 3757 4097; baseline 0.003 -26"><span class='ocrx_word' id='word_1_621' title='bbox 2114 4017 2309 4094; x_wconf 79' lang='grc' dir='ltr'>γάλου,</span> <span class='ocrx_word' id='word_1_622' title='bbox 2343 4021 2510 4092; x_wconf 79' lang='grc' dir='ltr'>θυμίᾷ</span> <span class='ocrx_word' id='word_1_623' title='bbox 2535 4019 2638 4075; x_wconf 80' lang='grc' dir='ltr'>ἀπό</span> <span class='ocrx_word' id='word_1_624' title='bbox 2689 4023 2784 4074; x_wconf 76' lang='grc' dir='ltr'>τοῦ</span> <span class='ocrx_word' id='word_1_625' title='bbox 2823 4019 3120 4097; x_wconf 74' lang='grc' dir='ltr'>αἶρομένου</span> <span class='ocrx_word' id='word_1_626' title='bbox 3171 4019 3349 4095; x_wconf 77' lang='grc' dir='ltr'>βήλου</span> <span class='ocrx_word' id='word_1_627' title='bbox 3401 4019 3497 4075; x_wconf 78' lang='grc' dir='ltr'>τοῦ</span> <span class='ocrx_word' id='word_1_628' title='bbox 3550 4040 3757 4097; x_wconf 78' lang='grc' dir='ltr'>γρυσο-</span> 
     </span>
    </p>
   </div>
   <div class='ocr_carea' id='block_1_86' title="bbox 2114 4106 3759 4185">
    <p class='ocr_par' dir='ltr' id='par_1_86' title="bbox 2114 4106 3759 4185">
     <span class='ocr_line' id='line_1_86' title="bbox 2114 4106 3759 4185; baseline 0.002 -24"><span class='ocrx_word' id='word_1_629' title='bbox 2114 4106 2418 4180; x_wconf 86' lang='grc' dir='ltr'>τρικλίνου,</span> <span class='ocrx_word' id='word_1_630' title='bbox 2466 4108 2555 4162; x_wconf 85' lang='grc' dir='ltr'>καὶ</span> <span class='ocrx_word' id='word_1_631' title='bbox 2607 4106 2892 4182; x_wconf 74' lang='grc' dir='ltr'>ἀνέρχεται</span> <span class='ocrx_word' id='word_1_632' title='bbox 2951 4113 3159 4182; x_wconf 83' lang='grc' dir='ltr'>θυμιῶν</span> <span class='ocrx_word' id='word_1_633' title='bbox 3210 4110 3301 4164; x_wconf 85' lang='grc' dir='ltr'>τὸν</span> <span class='ocrx_word' id='word_1_634' title='bbox 3352 4107 3602 4185; x_wconf 87' lang='grc' dir='ltr'>βασιλέα,</span> <span class='ocrx_word' id='word_1_635' title='bbox 3668 4110 3759 4164; x_wconf 84' lang='grc' dir='ltr'>καὶ</span> 
     </span>
    </p>
   </div>
   <div class='ocr_carea' id='block_1_87' title="bbox 2115 4193 3760 4273">
    <p class='ocr_par' dir='ltr' id='par_1_87' title="bbox 2115 4193 3760 4273">
     <span class='ocr_line' id='line_1_87' title="bbox 2115 4193 3760 4273; baseline 0.002 -23"><span class='ocrx_word' id='word_1_636' title='bbox 2115 4200 2275 4251; x_wconf 79' lang='grc' dir='ltr'>τοῦτο</span> <span class='ocrx_word' id='word_1_637' title='bbox 2319 4200 2491 4252; x_wconf 82' lang='grc' dir='ltr'>ποιῶν</span> <span class='ocrx_word' id='word_1_638' title='bbox 2535 4195 2594 4251; x_wconf 85' lang='grc' dir='ltr'>έκ</span> <span class='ocrx_word' id='word_1_639' title='bbox 2649 4196 2837 4273; x_wconf 91' lang='grc' dir='ltr'>τρίτου</span> <span class='ocrx_word' id='word_1_640' title='bbox 2891 4199 3194 4273; x_wconf 79' lang='grc' dir='ltr'>ὑποχωρεῖ.</span> <span class='ocrx_word' id='word_1_641' title='bbox 3235 4199 3336 4256; x_wconf 75' lang='grc' dir='ltr'>Καὶ</span> <span class='ocrx_word' id='word_1_642' title='bbox 3370 4193 3553 4254; x_wconf 89' lang='grc' dir='ltr'>λαϐὼν</span> <span class='ocrx_word' id='word_1_643' title='bbox 3590 4203 3760 4272; x_wconf 81' lang='grc' dir='ltr'>νεῦμα</span> 
     </span>
    </p>
   </div>
   <div class='ocr_carea' id='block_1_88' title="bbox 2118 4285 3760 4364">
    <p class='ocr_par' dir='ltr' id='par_1_88' title="bbox 2118 4285 3760 4364">
     <span class='ocr_line' id='line_1_88' title="bbox 2118 4285 3760 4364; baseline 0.002 -25"><span class='ocrx_word' id='word_1_644' title='bbox 2118 4285 2145 4339; x_wconf 89' lang='grc' dir='ltr'><strong>ὁ</strong></span> <span class='ocrx_word' id='word_1_645' title='bbox 2193 4285 2555 4357; x_wconf 84' lang='grc' dir='ltr'>πραιπόσιτος</span> <span class='ocrx_word' id='word_1_646' title='bbox 2604 4287 2749 4361; x_wconf 73' lang='grc' dir='ltr'>παρὰ</span> <span class='ocrx_word' id='word_1_647' title='bbox 2807 4293 2904 4341; x_wconf 81' lang='grc' dir='ltr'>τοῦ</span> <span class='ocrx_word' id='word_1_648' title='bbox 2969 4287 3260 4361; x_wconf 82' lang='grc' dir='ltr'>βασιλέως,</span> <span class='ocrx_word' id='word_1_649' title='bbox 3315 4288 3608 4364; x_wconf 78' lang='grc' dir='ltr'>ἄπέρχεται</span> <span class='ocrx_word' id='word_1_650' title='bbox 3668 4287 3760 4343; x_wconf 84' lang='grc' dir='ltr'>καὶ</span> 
     </span>
    </p>
   </div>
   <div class='ocr_carea' id='block_1_89' title="bbox 2112 4371 3757 4452">
    <p class='ocr_par' dir='ltr' id='par_1_89' title="bbox 2112 4371 3757 4452">
     <span class='ocr_line' id='line_1_89' title="bbox 2112 4371 3757 4452; baseline 0.002 -26"><span class='ocrx_word' id='word_1_651' title='bbox 2112 4371 2324 4429; x_wconf 70' lang='grc' dir='ltr'>’ίσταται</span> <span class='ocrx_word' id='word_1_652' title='bbox 2352 4373 2653 4451; x_wconf 78' lang='grc' dir='ltr'>ἔμπροσθεν</span> <span class='ocrx_word' id='word_1_653' title='bbox 2684 4381 2783 4431; x_wconf 73' lang='grc' dir='ltr'>τοῦ</span> <span class='ocrx_word' id='word_1_654' title='bbox 2819 4374 3092 4451; x_wconf 89' lang='grc' dir='ltr'>βασιλέως</span> <span class='ocrx_word' id='word_1_655' title='bbox 3123 4377 3283 4450; x_wconf 80' lang='grc' dir='ltr'>μέσον</span> <span class='ocrx_word' id='word_1_656' title='bbox 3327 4381 3436 4431; x_wconf 91' lang='grc' dir='ltr'>τῶν</span> <span class='ocrx_word' id='word_1_657' title='bbox 3476 4377 3757 4452; x_wconf 85' lang='grc' dir='ltr'>ἀρχόντων</span> 
     </span>
    </p>
   </div>
   <div class='ocr_carea' id='block_1_90' title="bbox 2118 4459 3760 4544">
    <p class='ocr_par' dir='ltr' id='par_1_90' title="bbox 2118 4459 3760 4544">
     <span class='ocr_line' id='line_1_90' title="bbox 2118 4459 3760 4544; baseline 0.002 -27"><span class='ocrx_word' id='word_1_658' title='bbox 2118 4468 2213 4518; x_wconf 74' lang='grc' dir='ltr'>τοῦ</span> <span class='ocrx_word' id='word_1_659' title='bbox 2248 4459 2660 4533; x_wconf 85' lang='grc' dir='ltr'>κουϐουκλείου,</span> <span class='ocrx_word' id='word_1_660' title='bbox 2712 4466 2802 4520; x_wconf 84' lang='grc' dir='ltr'>καὶ</span> <span class='ocrx_word' id='word_1_661' title='bbox 2845 4463 3171 4544; x_wconf 72' lang='grc' dir='ltr'>ἐφαπλώσας</span> <span class='ocrx_word' id='word_1_662' title='bbox 3218 4466 3314 4526; x_wconf 77' lang='grc' dir='ltr'>τὰς</span> <span class='ocrx_word' id='word_1_663' title='bbox 3355 4471 3547 4540; x_wconf 88' lang='grc' dir='ltr'>χεῖρας</span> <span class='ocrx_word' id='word_1_664' title='bbox 3595 4466 3760 4520; x_wconf 72' lang='grc' dir='ltr'>αὐτοῦ</span> 
     </span>
    </p>
   </div>
   <div class='ocr_carea' id='block_1_91' title="bbox 2122 4550 3755 4630">
    <p class='ocr_par' dir='ltr' id='par_1_91' title="bbox 2122 4550 3755 4630">
     <span class='ocr_line' id='line_1_91' title="bbox 2122 4550 3755 4630; baseline 0 -22"><span class='ocrx_word' id='word_1_665' title='bbox 2122 4553 2252 4626; x_wconf 84' lang='grc' dir='ltr'>μετᾶ</span> <span class='ocrx_word' id='word_1_666' title='bbox 2300 4558 2396 4607; x_wconf 78' lang='grc' dir='ltr'>τοῦ</span> <span class='ocrx_word' id='word_1_667' title='bbox 2445 4550 2740 4627; x_wconf 88' lang='grc' dir='ltr'>χλανιδίου</span> <span class='ocrx_word' id='word_1_668' title='bbox 2790 4555 2980 4624; x_wconf 81' lang='grc' dir='ltr'>αὑτοῦ,</span> <span class='ocrx_word' id='word_1_669' title='bbox 3031 4559 3323 4630; x_wconf 73' lang='grc' dir='ltr'>προσκυνεῖ</span> <span class='ocrx_word' id='word_1_670' title='bbox 3375 4555 3466 4609; x_wconf 87' lang='grc' dir='ltr'>τὸν</span> <span class='ocrx_word' id='word_1_671' title='bbox 3507 4552 3755 4629; x_wconf 79' lang='grc' dir='ltr'>βασιλέα,</span> 
     </span>
    </p>
   </div>
   <div class='ocr_carea' id='block_1_92' title="bbox 370 4615 1998 4718">
    <p class='ocr_par' dir='ltr' id='par_1_92' title="bbox 370 4615 1998 4711">
     <span class='ocr_line' id='line_1_92' title="bbox 370 4615 1998 4711; baseline -0.001 -17"><span class='ocrx_word' id='word_1_672' title='bbox 370 4639 568 4694; x_wconf 87' lang='lat' dir='ltr'><strong>velum</strong></span> <span class='ocrx_word' id='word_1_673' title='bbox 617 4615 794 4710; x_wconf 69' lang='lat' dir='ltr'><strong>portis</strong></span> <span class='ocrx_word' id='word_1_674' title='bbox 836 4615 1299 4711; x_wconf 34' lang='lat' dir='ltr'><strong>chrysotricl-inii—</strong></span> <span class='ocrx_word' id='word_1_675' title='bbox 1330 4640 1445 4696; x_wconf 92' lang='lat' dir='ltr'>duo</span> <span class='ocrx_word' id='word_1_676' title='bbox 1498 4638 1807 4696; x_wconf 89' lang='lat' dir='ltr'><strong>silentiarii</strong></span> <span class='ocrx_word' id='word_1_677' title='bbox 1853 4643 1998 4696; x_wconf 79' lang='lat' dir='ltr'><strong>stant</strong></span> 
     </span>
    </p>
   </div>
   <div class='ocr_carea' id='block_1_93' title="bbox 2106 4615 3761 4718">
    <p class='ocr_par' dir='ltr' id='par_1_93' title="bbox 2121 4615 3761 4718">
     <span class='ocr_line' id='line_1_93' title="bbox 2121 4615 3761 4718; baseline 0.002 -24"><span class='ocrx_word' id='word_1_678' title='bbox 2121 4642 2197 4714; x_wconf 81' lang='grc' dir='ltr'>μὴ</span> <span class='ocrx_word' id='word_1_679' title='bbox 2229 4639 2419 4702; x_wconf 86' lang='grc' dir='ltr'>κλίνας</span> <span class='ocrx_word' id='word_1_680' title='bbox 2465 4642 2528 4694; x_wconf 78' lang='grc' dir='ltr'>τὰ</span> <span class='ocrx_word' id='word_1_681' title='bbox 2583 4640 2804 4716; x_wconf 87' lang='grc' dir='ltr'>γόνατα,</span> <span class='ocrx_word' id='word_1_682' title='bbox 2874 4641 2925 4697; x_wconf 81' lang='grc' dir='ltr'>εἷ’</span> <span class='ocrx_word' id='word_1_683' title='bbox 2969 4643 3044 4716; x_wconf 83' lang='grc' dir='ltr'>μὴ</span> <span class='ocrx_word' id='word_1_684' title='bbox 3074 4615 3260 4715; x_wconf 46' lang='grc' dir='ltr'>,μόνον</span> <span class='ocrx_word' id='word_1_685' title='bbox 3308 4642 3371 4698; x_wconf 89' lang='grc' dir='ltr'>τὸ</span> <span class='ocrx_word' id='word_1_686' title='bbox 3419 4615 3616 4718; x_wconf 53' lang='grc' dir='ltr'>σχῆμα</span> <span class='ocrx_word' id='word_1_687' title='bbox 3659 4651 3761 4712; x_wconf 71' lang='grc' dir='ltr'>τῆς</span> 
     </span>
    </p>
   </div>
   <div class='ocr_carea' id='block_1_94' title="bbox 368 4726 2011 4799">
    <p class='ocr_par' dir='ltr' id='par_1_94' title="bbox 368 4726 2011 4799">
     <span class='ocr_line' id='line_1_94' title="bbox 368 4726 2011 4799; baseline -0.001 -15"><span class='ocrx_word' id='word_1_688' title='bbox 368 4735 424 4784; x_wconf 87' lang='lat' dir='ltr'>et</span> <span class='ocrx_word' id='word_1_689' title='bbox 446 4726 747 4784; x_wconf 88' lang='lat' dir='ltr'><strong>arcessitis</strong></span> <span class='ocrx_word' id='word_1_690' title='bbox 778 4744 811 4782; x_wconf 91' lang='lat' dir='ltr'>a</span> <span class='ocrx_word' id='word_1_691' title='bbox 842 4727 1149 4798; x_wconf 66' lang='lat' dir='ltr'><strong>praeposito</strong></span> <span class='ocrx_word' id='word_1_692' title='bbox 1199 4729 1514 4799; x_wconf 87' lang='lat' dir='ltr'><strong>magistris,</strong></span> <span class='ocrx_word' id='word_1_693' title='bbox 1548 4728 1738 4784; x_wconf 81' lang='lat' dir='ltr'><strong>velum</strong></span> <span class='ocrx_word' id='word_1_694' title='bbox 1771 4744 1805 4783; x_wconf 89' lang='lat' dir='ltr'>a</span> <span class='ocrx_word' id='word_1_695' title='bbox 1835 4727 2011 4783; x_wconf 86' lang='lat' dir='ltr'><strong>silen-</strong></span> 
     </span>
    </p>
   </div>
   <div class='ocr_carea' id='block_1_95' title="bbox 367 4815 2010 4888">
    <p class='ocr_par' dir='ltr' id='par_1_95' title="bbox 367 4815 2010 4888">
     <span class='ocr_line' id='line_1_95' title="bbox 367 4815 2010 4888; baseline 0 -15"><span class='ocrx_word' id='word_1_696' title='bbox 367 4816 554 4873; x_wconf 87' lang='lat' dir='ltr'><strong>tiariis</strong></span> <span class='ocrx_word' id='word_1_697' title='bbox 577 4831 808 4873; x_wconf 89' lang='lat' dir='ltr'><strong>sursum</strong></span> <span class='ocrx_word' id='word_1_698' title='bbox 831 4815 1074 4879; x_wconf 91' lang='lat' dir='ltr'><strong>tollitur,</strong></span> <span class='ocrx_word' id='word_1_699' title='bbox 1099 4821 1154 4870; x_wconf 89' lang='lat' dir='ltr'>et</span> <span class='ocrx_word' id='word_1_700' title='bbox 1183 4817 1504 4888; x_wconf 87' lang='lat' dir='ltr'><strong>ingreditur</strong></span> <span class='ocrx_word' id='word_1_701' title='bbox 1536 4818 1791 4888; x_wconf 89' lang='lat' dir='ltr'><strong>primum</strong></span> <span class='ocrx_word' id='word_1_702' title='bbox 1821 4817 2010 4874; x_wconf 90' lang='lat' dir='ltr'><strong>velum</strong></span> 
     </span>
    </p>
   </div>
   <div class='ocr_carea' id='block_1_96' title="bbox 371 4904 2014 4979">
    <p class='ocr_par' dir='ltr' id='par_1_96' title="bbox 371 4904 2014 4979">
     <span class='ocr_line' id='line_1_96' title="bbox 371 4904 2014 4979; baseline -0.001 -17"><span class='ocrx_word' id='word_1_703' title='bbox 371 4906 775 4979; x_wconf 83' lang='lat' dir='ltr'><strong>magistrorum</strong></span> <span class='ocrx_word' id='word_1_704' title='bbox 799 4920 920 4960; x_wconf 86' lang='lat' dir='ltr'>cum</span> <span class='ocrx_word' id='word_1_705' title='bbox 945 4904 1272 4976; x_wconf 67' lang='lat' dir='ltr'><strong>praeposito,</strong></span> <span class='ocrx_word' id='word_1_706' title='bbox 1303 4906 1402 4975; x_wconf 86' lang='lat' dir='ltr'>qui</span> <span class='ocrx_word' id='word_1_707' title='bbox 1452 4922 1628 4977; x_wconf 87' lang='lat' dir='ltr'><strong>prope</strong></span> <span class='ocrx_word' id='word_1_708' title='bbox 1648 4906 1790 4962; x_wconf 89' lang='lat' dir='ltr'><strong>illud</strong></span> <span class='ocrx_word' id='word_1_709' title='bbox 1812 4908 2014 4964; x_wconf 89' lang='lat' dir='ltr'><strong>consti-</strong></span> 
     </span>
    </p>
   </div>
   <div class='ocr_carea' id='block_1_97' title="bbox 372 4991 2011 5067">
    <p class='ocr_par' dir='ltr' id='par_1_97' title="bbox 372 4991 2011 5067">
     <span class='ocr_line' id='line_1_97' title="bbox 372 4991 2011 5067; baseline 0.002 -18"><span class='ocrx_word' id='word_1_710' title='bbox 372 5000 553 5061; x_wconf 88' lang='lat' dir='ltr'><strong>tutus,</strong></span> <span class='ocrx_word' id='word_1_711' title='bbox 586 4995 728 5050; x_wconf 88' lang='lat' dir='ltr'>dum</span> <span class='ocrx_word' id='word_1_712' title='bbox 744 4997 874 5065; x_wconf 88' lang='lat' dir='ltr'><strong>post</strong></span> <span class='ocrx_word' id='word_1_713' title='bbox 904 5008 966 5048; x_wconf 88' lang='lat' dir='ltr'>se</span> <span class='ocrx_word' id='word_1_714' title='bbox 983 4991 1290 5061; x_wconf 86' lang='lat' dir='ltr'><strong>magistros</strong></span> <span class='ocrx_word' id='word_1_715' title='bbox 1303 4991 1498 5064; x_wconf 85' lang='lat' dir='ltr'><strong>habet,</strong></span> <span class='ocrx_word' id='word_1_716' title='bbox 1513 4995 1763 5050; x_wconf 89' lang='lat' dir='ltr'><strong>ostiariis</strong></span> <span class='ocrx_word' id='word_1_717' title='bbox 1776 4997 2011 5067; x_wconf 89' lang='lat' dir='ltr'><strong>signum</strong></span> 
     </span>
    </p>
   </div>
   <div class='ocr_carea' id='block_1_98' title="bbox 373 5079 2008 5154">
    <p class='ocr_par' dir='ltr' id='par_1_98' title="bbox 373 5079 2008 5154">
     <span class='ocr_line' id='line_1_98' title="bbox 373 5079 2008 5154; baseline 0.002 -17"><span class='ocrx_word' id='word_1_718' title='bbox 373 5084 467 5138; x_wconf 89' lang='lat' dir='ltr'>dat</span> <span class='ocrx_word' id='word_1_719' title='bbox 497 5083 650 5140; x_wconf 89' lang='lat' dir='ltr'><strong>intra</strong></span> <span class='ocrx_word' id='word_1_720' title='bbox 678 5081 870 5138; x_wconf 86' lang='lat' dir='ltr'><strong>velum</strong></span> <span class='ocrx_word' id='word_1_721' title='bbox 890 5079 1391 5137; x_wconf 87' lang='lat' dir='ltr'><strong>stantibus.Porro</strong></span> <span class='ocrx_word' id='word_1_722' title='bbox 1405 5081 1747 5154; x_wconf 72' lang='lat' dir='ltr'><strong>przepositus</strong></span> <span class='ocrx_word' id='word_1_723' title='bbox 1773 5083 1830 5139; x_wconf 91' lang='lat' dir='ltr'>in</span> <span class='ocrx_word' id='word_1_724' title='bbox 1863 5084 2008 5154; x_wconf 90' lang='lat' dir='ltr'><strong>velo,</strong></span> 
     </span>
    </p>
   </div>
   <div class='ocr_carea' id='block_1_99' title="bbox 373 5169 2012 5244">
    <p class='ocr_par' dir='ltr' id='par_1_99' title="bbox 373 5169 2012 5244">
     <span class='ocr_line' id='line_1_99' title="bbox 373 5169 2012 5244; baseline 0 -16"><span class='ocrx_word' id='word_1_725' title='bbox 373 5173 540 5244; x_wconf 88' lang='lat' dir='ltr'><strong>signo</strong></span> <span class='ocrx_word' id='word_1_726' title='bbox 578 5173 650 5227; x_wconf 88' lang='lat' dir='ltr'>ab</span> <span class='ocrx_word' id='word_1_727' title='bbox 680 5169 1030 5242; x_wconf 84' lang='lat' dir='ltr'><strong>imperatore</strong></span> <span class='ocrx_word' id='word_1_728' title='bbox 1067 5173 1323 5240; x_wconf 90' lang='lat' dir='ltr'><strong>accepto,</strong></span> <span class='ocrx_word' id='word_1_729' title='bbox 1369 5171 1759 5227; x_wconf 88' lang='lat' dir='ltr'><strong>mensuratori</strong></span> <span class='ocrx_word' id='word_1_730' title='bbox 1791 5176 1890 5228; x_wconf 87' lang='lat' dir='ltr'>aut</span> <span class='ocrx_word' id='word_1_731' title='bbox 1918 5190 2012 5228; x_wconf 84' lang='lat' dir='ltr'><strong>cu-</strong></span> 
     </span>
    </p>
   </div>
   <div class='ocr_carea' id='block_1_100' title="bbox 372 5258 2012 5330">
    <p class='ocr_par' dir='ltr' id='par_1_100' title="bbox 372 5258 2012 5330">
     <span class='ocr_line' id='line_1_100' title="bbox 372 5258 2012 5330; baseline 0.001 -16"><span class='ocrx_word' id='word_1_732' title='bbox 372 5259 654 5317; x_wconf 88' lang='lat' dir='ltr'><strong>bioulario</strong></span> <span class='ocrx_word' id='word_1_733' title='bbox 671 5259 858 5316; x_wconf 89' lang='lat' dir='ltr'><strong>velum</strong></span> <span class='ocrx_word' id='word_1_734' title='bbox 890 5258 1115 5315; x_wconf 86' lang='lat' dir='ltr'><strong>tollenti</strong></span> <span class='ocrx_word' id='word_1_735' title='bbox 1146 5259 1330 5329; x_wconf 83' lang='lat' dir='ltr'><strong>capite</strong></span> <span class='ocrx_word' id='word_1_736' title='bbox 1353 5258 1580 5329; x_wconf 87' lang='lat' dir='ltr'><strong>aunuit,</strong></span> <span class='ocrx_word' id='word_1_737' title='bbox 1607 5263 1665 5314; x_wconf 87' lang='lat' dir='ltr'>et</span> <span class='ocrx_word' id='word_1_738' title='bbox 1689 5259 2012 5330; x_wconf 85' lang='lat' dir='ltr'><strong>ingreditur</strong></span> 
     </span>
    </p>
   </div>
   <div class='ocr_carea' id='block_1_101' title="bbox 374 5345 2006 5422">
    <p class='ocr_par' dir='ltr' id='par_1_101' title="bbox 374 5345 2006 5422">
     <span class='ocr_line' id='line_1_101' title="bbox 374 5345 2006 5422; baseline 0.002 -20"><span class='ocrx_word' id='word_1_739' title='bbox 374 5349 733 5420; x_wconf 68' lang='lat' dir='ltr'><strong>praepositus,</strong></span> <span class='ocrx_word' id='word_1_740' title='bbox 766 5363 1054 5420; x_wconf 86' lang='lat' dir='ltr'><strong>suumque</strong></span> <span class='ocrx_word' id='word_1_741' title='bbox 1083 5345 1275 5404; x_wconf 89' lang='lat' dir='ltr'><strong>locum</strong></span> <span class='ocrx_word' id='word_1_742' title='bbox 1299 5351 1560 5420; x_wconf 87' lang='lat' dir='ltr'><strong>occupat.</strong></span> <span class='ocrx_word' id='word_1_743' title='bbox 1597 5348 1851 5422; x_wconf 84' lang='lat' dir='ltr'><strong>Magistri</strong></span> <span class='ocrx_word' id='word_1_744' title='bbox 1871 5365 2006 5406; x_wconf 87' lang='lat' dir='ltr'><strong>vero</strong></span> 
     </span>
    </p>
   </div>
   <div class='ocr_carea' id='block_1_102' title="bbox 2123 4729 3761 4806">
    <p class='ocr_par' dir='ltr' id='par_1_102' title="bbox 2123 4729 3761 4806">
     <span class='ocr_line' id='line_1_102' title="bbox 2123 4729 3761 4806; baseline 0.001 -23"><span class='ocrx_word' id='word_1_745' title='bbox 2123 4732 2565 4803; x_wconf 66' lang='grc' dir='ltr'>προσκυνήσεως,</span> <span class='ocrx_word' id='word_1_746' title='bbox 2607 4729 2667 4784; x_wconf 83' lang='grc' dir='ltr'>ὅο</span> <span class='ocrx_word' id='word_1_747' title='bbox 2699 4730 2900 4806; x_wconf 89' lang='grc' dir='ltr'>τρόπον</span> <span class='ocrx_word' id='word_1_748' title='bbox 2932 4733 2966 4800; x_wconf 80' lang='grc' dir='ltr'>ἡ</span> <span class='ocrx_word' id='word_1_749' title='bbox 2998 4737 3097 4801; x_wconf 81' lang='grc' dir='ltr'>τῆς</span> <span class='ocrx_word' id='word_1_750' title='bbox 3128 4733 3338 4805; x_wconf 78' lang='grc' dir='ltr'>ἡμέρας</span> <span class='ocrx_word' id='word_1_751' title='bbox 3387 4732 3534 4801; x_wconf 76' lang='grc' dir='ltr'>τάξις</span> <span class='ocrx_word' id='word_1_752' title='bbox 3594 4730 3761 4786; x_wconf 80' lang='grc' dir='ltr'>ἀπαι-</span> 
     </span>
    </p>
   </div>
   <div class='ocr_carea' id='block_1_103' title="bbox 2117 4816 3757 4896">
    <p class='ocr_par' dir='ltr' id='par_1_103' title="bbox 2117 4816 3757 4896">
     <span class='ocr_line' id='line_1_103' title="bbox 2117 4816 3757 4896; baseline 0.001 -23"><span class='ocrx_word' id='word_1_753' title='bbox 2117 4823 2219 4875; x_wconf 85' lang='grc' dir='ltr'>τεῖ.</span> <span class='ocrx_word' id='word_1_754' title='bbox 2263 4819 2358 4872; x_wconf 84' lang='grc' dir='ltr'>Καὶ</span> <span class='ocrx_word' id='word_1_755' title='bbox 2408 4819 2507 4882; x_wconf 72' lang='grc' dir='ltr'>εἴθ’</span> <span class='ocrx_word' id='word_1_756' title='bbox 2561 4816 2732 4879; x_wconf 74' lang='grc' dir='ltr'>οὕτως</span> <span class='ocrx_word' id='word_1_757' title='bbox 2780 4817 3053 4894; x_wconf 73' lang='grc' dir='ltr'>ἐξέρχεται</span> <span class='ocrx_word' id='word_1_758' title='bbox 3107 4820 3241 4892; x_wconf 82' lang='grc' dir='ltr'>μετᾶ</span> <span class='ocrx_word' id='word_1_759' title='bbox 3291 4818 3387 4874; x_wconf 89' lang='grc' dir='ltr'>δύο</span> <span class='ocrx_word' id='word_1_760' title='bbox 3445 4820 3757 4896; x_wconf 86' lang='grc' dir='ltr'>ἀστιαρίων,</span> 
     </span>
    </p>
   </div>
   <div class='ocr_carea' id='block_1_104' title="bbox 2119 4900 3757 4983">
    <p class='ocr_par' dir='ltr' id='par_1_104' title="bbox 2119 4900 3757 4983">
     <span class='ocr_line' id='line_1_104' title="bbox 2119 4900 3757 4983; baseline 0.002 -25"><span class='ocrx_word' id='word_1_761' title='bbox 2119 4900 2419 4978; x_wconf 77' lang='grc' dir='ltr'>ἔμπροσθεν</span> <span class='ocrx_word' id='word_1_762' title='bbox 2467 4904 2628 4960; x_wconf 76' lang='grc' dir='ltr'>αὐτοῦ</span> <span class='ocrx_word' id='word_1_763' title='bbox 2687 4901 3059 4980; x_wconf 87' lang='grc' dir='ltr'>βασταζόντων</span> <span class='ocrx_word' id='word_1_764' title='bbox 3115 4907 3207 4962; x_wconf 84' lang='grc' dir='ltr'>καὶ</span> <span class='ocrx_word' id='word_1_765' title='bbox 3238 4905 3328 4975; x_wconf 67' lang='grc' dir='ltr'>,τᾶ</span> <span class='ocrx_word' id='word_1_766' title='bbox 3360 4908 3552 4983; x_wconf 86' lang='grc' dir='ltr'>βεργία</span> <span class='ocrx_word' id='word_1_767' title='bbox 3582 4907 3757 4962; x_wconf 83' lang='grc' dir='ltr'>αὐτῶν</span> 
     </span>
    </p>
   </div>
   <div class='ocr_carea' id='block_1_105' title="bbox 2120 4991 3758 5072">
    <p class='ocr_par' dir='ltr' id='par_1_105' title="bbox 2120 4991 3758 5072">
     <span class='ocr_line' id='line_1_105' title="bbox 2120 4991 3758 5072; baseline 0.001 -24"><span class='ocrx_word' id='word_1_768' title='bbox 2120 4991 2171 5048; x_wconf 81' lang='grc' dir='ltr'>έν</span> <span class='ocrx_word' id='word_1_769' title='bbox 2198 4999 2266 5068; x_wconf 77' lang='grc' dir='ltr'>τῇ</span> <span class='ocrx_word' id='word_1_770' title='bbox 2297 4995 2607 5067; x_wconf 88' lang='grc' dir='ltr'>τριπέτωνι,</span> <span class='ocrx_word' id='word_1_771' title='bbox 2639 4993 2727 5049; x_wconf 85' lang='grc' dir='ltr'>καὶ</span> <span class='ocrx_word' id='word_1_772' title='bbox 2769 4993 3003 5070; x_wconf 83' lang='grc' dir='ltr'>εὑρίσκει</span> <span class='ocrx_word' id='word_1_773' title='bbox 3034 4996 3162 5057; x_wconf 69' lang='grc' dir='ltr'>τοὺς</span> <span class='ocrx_word' id='word_1_774' title='bbox 3217 4995 3550 5072; x_wconf 83' lang='grc' dir='ltr'>μαγίστρους</span> <span class='ocrx_word' id='word_1_775' title='bbox 3608 4999 3758 5066; x_wconf 82' lang='grc' dir='ltr'>ἡτοι-</span> 
     </span>
    </p>
   </div>
   <div class='ocr_carea' id='block_1_106' title="bbox 2123 5083 3758 5160">
    <p class='ocr_par' dir='ltr' id='par_1_106' title="bbox 2123 5083 3758 5160">
     <span class='ocr_line' id='line_1_106' title="bbox 2123 5083 3758 5160; baseline 0.002 -22"><span class='ocrx_word' id='word_1_776' title='bbox 2123 5084 2416 5156; x_wconf 81' lang='grc' dir='ltr'>μασθὲντας</span> <span class='ocrx_word' id='word_1_777' title='bbox 2482 5083 2628 5157; x_wconf 73' lang='grc' dir='ltr'>παρὰ</span> <span class='ocrx_word' id='word_1_778' title='bbox 2686 5087 2783 5138; x_wconf 74' lang='grc' dir='ltr'>τοῦ</span> <span class='ocrx_word' id='word_1_779' title='bbox 2840 5086 2937 5152; x_wconf 76' lang='grc' dir='ltr'>τῆς</span> <span class='ocrx_word' id='word_1_780' title='bbox 2977 5085 3390 5156; x_wconf 74' lang='grc' dir='ltr'>ξκαταστάσεως,</span> <span class='ocrx_word' id='word_1_781' title='bbox 3434 5084 3522 5140; x_wconf 70' lang='grc' dir='ltr'>καὶ</span> <span class='ocrx_word' id='word_1_782' title='bbox 3589 5106 3758 5160; x_wconf 86' lang='grc' dir='ltr'>προσ-</span> 
     </span>
    </p>
   </div>
   <div class='ocr_carea' id='block_1_107' title="bbox 2119 5169 3758 5244">
    <p class='ocr_par' dir='ltr' id='par_1_107' title="bbox 2119 5169 3758 5244">
     <span class='ocr_line' id='line_1_107' title="bbox 2119 5169 3758 5244; baseline 0.001 -18"><span class='ocrx_word' id='word_1_783' title='bbox 2119 5171 2362 5227; x_wconf 85' lang='grc' dir='ltr'>καλεῖται</span> <span class='ocrx_word' id='word_1_784' title='bbox 2421 5169 2613 5232; x_wconf 75' lang='grc' dir='ltr'>αὐτοὺς</span> <span class='ocrx_word' id='word_1_785' title='bbox 2671 5173 2699 5227; x_wconf 92' lang='lat'>6</span> <span class='ocrx_word' id='word_1_786' title='bbox 2747 5171 3126 5240; x_wconf 83' lang='grc' dir='ltr'>πραιπόσιτος·</span> <span class='ocrx_word' id='word_1_787' title='bbox 3190 5174 3278 5228; x_wconf 81' lang='grc' dir='ltr'>καὶ</span> <span class='ocrx_word' id='word_1_788' title='bbox 3343 5172 3593 5230; x_wconf 71' lang='grc' dir='ltr'>’ίστανται</span> <span class='ocrx_word' id='word_1_789' title='bbox 3659 5173 3758 5244; x_wconf 78' lang='grc' dir='ltr'>ἔξω</span> 
     </span>
    </p>
   </div>
   <div class='ocr_carea' id='block_1_108' title="bbox 2115 5257 3756 5338">
    <p class='ocr_par' dir='ltr' id='par_1_108' title="bbox 2115 5257 3756 5338">
     <span class='ocr_line' id='line_1_108' title="bbox 2115 5257 3756 5338; baseline -0.001 -23"><span class='ocrx_word' id='word_1_790' title='bbox 2115 5263 2212 5315; x_wconf 78' lang='grc' dir='ltr'>τοῦ</span> <span class='ocrx_word' id='word_1_791' title='bbox 2247 5257 2424 5335; x_wconf 76' lang='grc' dir='ltr'>βήλου</span> <span class='ocrx_word' id='word_1_792' title='bbox 2454 5263 2552 5325; x_wconf 81' lang='grc' dir='ltr'>τῆς</span> <span class='ocrx_word' id='word_1_793' title='bbox 2581 5259 2762 5330; x_wconf 89' lang='grc' dir='ltr'>πύλης</span> <span class='ocrx_word' id='word_1_794' title='bbox 2797 5264 2894 5315; x_wconf 83' lang='grc' dir='ltr'>τοῦ</span> <span class='ocrx_word' id='word_1_795' title='bbox 2925 5260 3386 5338; x_wconf 87' lang='grc' dir='ltr'>χρυσοτρικλίνου</span> <span class='ocrx_word' id='word_1_796' title='bbox 3446 5261 3541 5317; x_wconf 83' lang='grc' dir='ltr'>δύο</span> <span class='ocrx_word' id='word_1_797' title='bbox 3575 5261 3756 5318; x_wconf 89' lang='grc' dir='ltr'>σιλεν-</span> 
     </span>
    </p>
   </div>
   <div class='ocr_carea' id='block_1_109' title="bbox 2116 5347 3758 5426">
    <p class='ocr_par' dir='ltr' id='par_1_109' title="bbox 2116 5347 3758 5426">
     <span class='ocr_line' id='line_1_109' title="bbox 2116 5347 3758 5426; baseline -0.002 -19"><span class='ocrx_word' id='word_1_798' title='bbox 2116 5349 2342 5422; x_wconf 49' lang='lat' dir='ltr'><strong>“Itium,</strong></span> <span class='ocrx_word' id='word_1_799' title='bbox 2372 5349 2460 5403; x_wconf 75' lang='grc' dir='ltr'>καὶ</span> <span class='ocrx_word' id='word_1_800' title='bbox 2489 5348 2649 5419; x_wconf 80' lang='grc' dir='ltr'>ἡνίκα</span> <span class='ocrx_word' id='word_1_801' title='bbox 2696 5347 3118 5425; x_wconf 85' lang='grc' dir='ltr'>προσκληθῶσιν</span> <span class='ocrx_word' id='word_1_802' title='bbox 3167 5351 3219 5406; x_wconf 78' lang='grc' dir='ltr'>οἱ</span> <span class='ocrx_word' id='word_1_803' title='bbox 3272 5351 3563 5426; x_wconf 78' lang='grc' dir='ltr'>μάγιστροι</span> <span class='ocrx_word' id='word_1_804' title='bbox 3613 5349 3758 5425; x_wconf 68' lang='grc' dir='ltr'>παρὰ</span> 
     </span>
    </p>
   </div>
   <div class='ocr_carea' id='block_1_110' title="bbox 1714 5516 2419 5576">
    <p class='ocr_par' dir='ltr' id='par_1_110' title="bbox 1714 5516 2419 5576">
     <span class='ocr_line' id='line_1_110' title="bbox 1714 5516 2419 5576; baseline 0.001 -5"><span class='ocrx_word' id='word_1_805' title='bbox 1714 5516 1958 5572; x_wconf 66' lang='lat' dir='ltr'>VARUS</span> <span class='ocrx_word' id='word_1_806' title='bbox 2007 5517 2419 5576; x_wconf 81' lang='lat' dir='ltr'>LECTIONES.</span> 
     </span>
    </p>
   </div>
   <div class='ocr_carea' id='block_1_111' title="bbox 447 5663 1353 5728">
    <p class='ocr_par' dir='ltr' id='par_1_111' title="bbox 447 5663 1353 5728">
     <span class='ocr_line' id='line_1_111' title="bbox 447 5663 1353 5728; baseline 0.008 -10"><span class='ocrx_word' id='word_1_807' title='bbox 447 5663 490 5699; x_wconf 80' lang='grc'>³⁸</span> <span class='ocrx_word' id='word_1_808' title='bbox 523 5664 548 5717; x_wconf 76' lang='grc' dir='ltr'><strong>ὁ</strong></span> <span class='ocrx_word' id='word_1_809' title='bbox 581 5682 696 5721; x_wconf 90' lang='lat' dir='ltr'><strong>om.</strong></span> <span class='ocrx_word' id='word_1_810' title='bbox 731 5668 820 5724; x_wconf 87' lang='lat' dir='ltr'><strong>cd.</strong></span> <span class='ocrx_word' id='word_1_811' title='bbox 898 5669 942 5703; x_wconf 82' lang='grc'>⁸⁹</span> <span class='ocrx_word' id='word_1_812' title='bbox 972 5668 1232 5724; x_wconf 77' lang='grc' dir='ltr'>ἱστάντων</span> <span class='ocrx_word' id='word_1_813' title='bbox 1264 5671 1353 5728; x_wconf 76' lang='lat' dir='ltr'>ad.</span> 
     </span>
    </p>
   </div>
  </div>
