4152 6302
537 363 652 422 507

1601 350 2120 420 CONSTANTINI
2164 348 2864 410 POHPHYROGENITI

3814 351 3927 412 508

537 514 746 555 rursus
775 497 1100 568 ingressus,
1133 497 1192 552 in
1242 512 1350 552 suo
1400 495 1604 552 ordine
1652 495 1786 560 stat,
1819 493 1877 544 et
1905 486 2070 557 signo
2099 484 2162 539 ah

2287 482 2610 556 βεστήτορες
2641 481 2731 534 καὶ
2782 480 2809 534 6
2858 477 3158 552 λογοθέτης
3204 480 3292 536 καὶ
3344 481 3372 536 6
3421 478 3634 544 δεκανὸς
3672 483 3925 550 είσιοντες

536 587 885 656 imperatore
914 587 1072 652 dato,
1105 586 1162 640 in
1198 585 1455 641 medium
1491 582 1697 656 pergit,
1731 580 2000 647 factaque
2031 575 2171 629 ado-

539 679 784 748 ratione,
812 693 942 734 cum
967 677 1219 734 ostiariis
1241 680 1297 731 et
1325 676 1504 748 virgis
1533 674 1603 729 tri
1613 667 2074 763 petonem-petit,
2106 679 2174 763 ac

539 767 781 822 comites
811 765 1137 822 scholarum
1171 766 1239 820 ad
1265 765 1531 835 quintum
1552 763 1742 818 velum
1770 755 2055 829 perducit,
2074 755 2174 824 qui

538 857 794 922 eosdem,
821 873 886 912 ac
911 857 1156 927 priores,
1174 854 1319 910 ritus
1336 855 1664 911 observant.
1682 847 2175 920 Prepositusvero

538 946 840 1012 accedens,
873 945 933 1000 in
967 960 1074 999 suo
1122 944 1246 1000 loco
1299 943 1586 1010 subsistit,
1638 956 1702 995 ac
1750 952 1958 992 rursus
2007 933 2174 1004 signo

537 1034 694 1100 dato,
724 1032 782 1087 in
810 1033 1064 1088 medium
1100 1033 1277 1099 venit,
1311 1033 1532 1097 adorat,
1566 1033 1623 1085 et
1655 1040 1943 1099 egressus,
1977 1021 2172 1076 candi-

537 1122 705 1177 datos
723 1123 792 1177 ad
816 1123 1009 1177 velum
1043 1125 1266 1176 sextum
1291 1121 1473 1188 ducit,
1497 1118 1596 1190 qui
1626 1129 1680 1172 et
1703 1115 1836 1186 ipsi,
1867 1119 2174 1181 postquam

538 1210 845 1277 solemnia,
880 1215 944 1264 ut
965 1210 1239 1277 diximus,
1293 1207 1673 1272 celebrarunt,
1725 1204 1786 1257 in
1831 1217 1938 1257 suo
1971 1199 2174 1255 ordine

536 1298 882 1353 consistunt.
913 1298 1129 1352 lterum
1163 1296 1512 1368 praapositus
1541 1294 1862 1364 ingressus,
1890 1295 2014 1359 post
2036 1288 2176 1342 ado-

536 1388 838 1454 rationem,
881 1387 1250 1452 domesticos,
1293 1385 1483 1440 velum
1533 1384 1870 1456 septimum,
1915 1377 2170 1444 adducit,

536 1475 633 1544 qui
655 1474 890 1530 easdem
909 1475 1258 1530 cerimonias
1279 1474 1587 1529 observant
1611 1489 1623 1526 :
1649 1470 1858 1526 deinde
1881 1471 2171 1533 octavum,

534 1565 919 1632 expraalectos.

2282 571 2347 625 ού
2414 569 2724 639 πίπτουσιν,
2783 567 2907 624 ἀλλ’
2942 566 3190 624 ἵστανται
3251 569 3464 626 ὄπισθεν
3520 575 3618 628 τοῦ
3675 574 3920 650 σεκρέτου

2281 658 2422 724 ἔνθεν
2482 661 2747 728 κάκεῖθεν,
2810 663 2845 729 ἡ
2905 656 2962 713 δὲ
3014 658 3345 735 σύγκλητος,
3418 662 3492 723 ὡς
3576 664 3922 738 προείρηται,

2284 745 2582 804 ἐπελθοῦσα
2623 748 2830 803 έκτελεῖ
2861 748 3090 816 ἅπαντα,
3140 747 3214 809 ὡς
3264 749 3354 801 καὶ
3403 749 3455 802 οἱ
3484 750 3770 825 πρότερον.
3806 755 3928 811 Εἶτα

2282 837 2523 893 ἀνελθὼν
2557 838 2603 873 ⁴³
2635 836 2798 891 πάλιν
2828 838 2856 891 6
2889 836 3267 910 πραιπόσιτος,
3307 835 3524 893 ’ἱσταται
3573 838 3626 894 έν
3677 845 3746 915 τῇ
3789 844 3927 913 τάξει

2283 927 2468 996 αὑτοῦ,
2526 926 2618 981 καὶ
2683 920 2866 980 λαϐὼν
2924 924 3072 998 παρά
3129 929 3226 979 τοῦ
3279 925 3548 1000 βασιλέως
3587 932 3783 1002 νεῦμα,
3825 932 3931 986 εἰσ-

2283 1016 2501 1090 έρχεται
2579 1015 2764 1087 μέσον,
2833 1012 2924 1068 καὶ
2988 1015 3361 1088 προσκυνήσας
3439 1014 3713 1091 ἐξέρχεται
3802 1022 3930 1092 μετά

2284 1103 2571 1178 ὀστιαρίων
2616 1105 2706 1158 καὶ
2741 1102 2974 1179 βεργίων
3026 1102 3076 1158 ἒν
3114 1108 3192 1175 τῷ
3237 1103 3548 1177 τριπέτωνι,
3605 1108 3697 1162 καὶ
3726 1109 3928 1183 εἷ’σάγει

2280 1193 2408 1254 τοὺς
2452 1195 2698 1266 κόμητας
2729 1198 2834 1248 τῶν
2869 1190 3091 1267 σχολῶν
3134 1192 3208 1254 εἰς
3249 1193 3309 1247 τὸ
3339 1195 3377 1248 ε’
3411 1193 3606 1268 βῆλον·
3653 1195 3931 1253 ἐκτελοῦσι

2284 1280 2342 1338 δὲ
2389 1280 2478 1337 καί
2535 1282 2688 1337 αὐτοὶ
2749 1282 2980 1353 ὁμοίως.
3037 1282 3098 1338 Ὁ
3151 1281 3208 1336 δὲ
3245 1284 3605 1356 πραιπόσιτος
3645 1285 3930 1362 ἀνέρχεται

2281 1372 2370 1426 καὶ
2425 1373 2638 1426 ἳσταται
2694 1369 2745 1426 ἐν
2812 1374 2880 1444 τῇ
2937 1371 3081 1443 τάξει
3134 1372 3324 1442 αὐτοῦ,
3379 1373 3469 1426 καὶ
3528 1375 3678 1436 αὖθις
3748 1371 3930 1432 λαϐὼν

2281 1465 2453 1534 νεῦμα
2511 1461 2816 1539 εἰσέρχεται
2877 1461 2952 1522 εἱς
2995 1461 3057 1514 τὸ
3119 1459 3280 1532 μέσον
3342 1461 3430 1515 καὶ
3484 1471 3801 1536 προσκυνεῖ,
3844 1467 3931 1521 καὶ

2283 1549 2512 1619 ἐξελθὼν
2563 1550 2766 1624 εἲσάγει
2821 1545 3194 1617 κανδιδάτους,
3256 1547 3427 1623 βῆλον
3489 1553 3557 1621 ς’,
3612 1553 3704 1608 καὶ
3755 1553 3930 1623 αὐτοὶ,

537 1652 610 1713 ὡς
663 1653 1004 1726 προείρηται,
1063 1655 1129 1708 τὰ
1181 1655 1384 1724 συνήθη
1445 1651 1832 1715 ἐκτελέσαντες,
1896 1647 2140 1700 ἵστανται
2193 1641 2244 1695 ἐν
2295 1645 2366 1714 τῇ
2405 1641 2546 1711 τάξει
2608 1641 2803 1694 αὑτῶν.
2867 1641 2966 1696 Καὶ
3024 1641 3051 1694 6
3117 1642 3475 1714 πραιπόσιτος
3533 1641 3796 1708 εἰσελθὼν
3827 1647 3933 1701 πά-

536 1738 624 1794 λιν
652 1741 740 1795 καὶ
772 1745 1169 1817 προσκυνήσας,
1225 1743 1426 1819 εἰσάγει
1483 1740 1859 1814 δομεστίκους,
1908 1738 2080 1810 βῆλον
2131 1737 2208 1801 ζ’·
2249 1731 2338 1785 κιοὶ
2390 1731 2546 1786 αὐτοὶ
2591 1728 2900 1787 ἐκτελοῦσιν
2958 1729 3184 1803 ὁμοίως.
3244 1733 3373 1786 Εἶτα
3429 1732 3630 1810 εἰσάγει
3663 1735 3792 1798 τοὺς
3826 1737 3932 1792 ἀπὸ

533 1825 808 1905 ἐπάρχων,
847 1832 1018 1904 βῆλον
1040 1833 1122 1903 νη“.

605 1921 700 1976 lll.
735 1923 875 1978 Octo
907 1931 1098 1980 autem
1133 1924 1272 1980 velis
1315 1925 1398 1981 ita
1427 1923 1754 1994 completis,
1787 1935 1915 1976 cum
1971 1919 2162 1972 octavo

2351 1911 2421 1963 I“.
2467 1909 2564 1963 Καὶ
2605 1907 2962 1972 τελεσθέντων
2997 1914 3105 1964 τῶν
3139 1911 3190 1980 η’
3238 1911 3451 1986 βήλων,
3493 1914 3932 1990 συνεισέρχονται

532 2010 976 2068 cerimoniarius
1003 2019 1059 2069 et
1081 2013 1437 2069 silentiarius
1459 2014 1606 2070 145
1634 2012 1706 2067 ab
1731 2013 1976 2078 utroque
1996 2005 2176 2060 latere

527 2103 660 2168 post
707 2105 996 2157 secretum
1049 2103 1292 2169 intrant,
1345 2108 1403 2159 et
1449 2102 1497 2159 si
1549 2101 1892 2157 candidatus
1923 2092 2173 2167 patricize

529 2185 828 2257 dignitatis
864 2188 922 2243 in
959 2206 1074 2245 uno
1105 2207 1173 2245 ex
1205 2191 1300 2246 his
1330 2191 1474 2246 velis
1504 2189 1808 2262 ingressus
1837 2189 1947 2249 est,
1997 2183 2174 2253 inque

530 2273 653 2330 loco
685 2279 890 2332 secreti
914 2283 1047 2348 stat,
1071 2279 1386 2350 imperator
1410 2279 1808 2351 praepositum,
1833 2279 1890 2331 et
1910 2288 2081 2346 quem
2099 2271 2171 2327 ad

528 2364 752 2432 patricii
783 2367 1126 2438 dignitatem
1161 2369 1399 2425 evehere
1429 2370 1572 2435 vult,
1595 2373 1781 2435 vocat,
1803 2383 2016 2423 nomen
2041 2364 2169 2434 ejus

526 2454 859 2523 praeposito,
877 2457 927 2511 is
941 2456 1596 2526 cerimoniarioindicat,
1611 2459 1710 2530 qui
1725 2473 1923 2514 secum
1939 2459 2170 2526 sumpto

525 2539 840 2596 silentiario
870 2549 926 2597 et
955 2545 1283 2612 candidato,
1328 2545 1524 2600 statim
1557 2562 1655 2600 eos
1705 2548 1764 2600 in
1815 2545 2073 2600 medium
2108 2543 2168 2598 in

523 2633 895 2698 conspectum
956 2632 1324 2702 imperatoris
1383 2634 1670 2703 producit.
1730 2634 1786 2688 Si
1834 2650 1966 2688 vero
2026 2633 2164 2688 foris

523 2717 764 2782 mansit,
798 2733 928 2773 cum
962 2719 1186 2776 scilicet
1215 2723 1340 2792 ejus
1387 2722 1643 2792 dignitas
1697 2722 1812 2794 ipsi
1845 2738 1977 2777 cum
2038 2725 2166 2778 octo

518 2802 664 2860 velis
686 2805 905 2864 intrare
937 2825 1051 2864 non
1086 2811 1386 2881 permittit,
1422 2811 1866 2868 cerimoniarius
1915 2827 1981 2866 ac
2011 2826 2163 2866 unus

520 2909 552 2949 e
581 2893 921 2953 silentiariis
955 2914 1088 2954 cum
1122 2916 1188 2956 eo
1214 2907 1491 2968 remanet,
1514 2901 1835 2972 imperator
1864 2917 1994 2958 vero
2027 2916 2166 2970 prae-

517 2983 780 3055 positum
812 2991 978 3043 vocat
1008 3004 1073 3044 ac
1105 3005 1317 3045 nomen
1351 2991 1723 3060 promovendi
1775 2991 1887 3062 ipsi
1921 2988 2158 3054 indicat,

517 3075 860 3143 praepositus
889 3075 949 3129 in
1001 3077 1191 3133 medio
1238 3081 1459 3134 secreto
1510 3079 1732 3144 adorat,
1773 3077 1984 3133 deinde
2027 3093 2158 3132 cum

519 3159 747 3215 duobus
778 3161 1032 3218 ostiariis
1077 3180 1365 3237 egressus,
1402 3182 1532 3222 eum
1561 3166 1808 3222 arcessit
1837 3181 2159 3238 sagumque

2286 1999 2421 2069 μετὰ
2470 2001 2566 2052 τοῦ
2608 1995 2808 2073 ὀγδόου
2871 1995 3050 2072 βήλου
3104 2000 3132 2052 6
3187 2006 3290 2068 τῆς
3344 2003 3720 2064 καταστάσεως
3757 2004 3937 2058 καὶοὶ

2283 2086 2634 2162 σιλεντιάριοι
2703 2081 2846 2150 ἔνθεν
2905 2087 3148 2142 κάκεῖθεν
3223 2083 3441 2144 ὄπισθεν
3497 2094 3594 2146 τοῦ
3652 2090 3932 2166 σεκρέτου,

2279 2175 2449 2230 καὶεί
2494 2176 2587 2248 μὲν
2621 2174 2870 2245 εἰσῆλθεν
2919 2177 2946 2230 6
3002 2174 3225 2249 μέλλων
3275 2180 3513 2252 γίνεσθαι
3561 2180 3850 2255 πατρίκιος
3882 2182 3936 2238 ἐν

2279 2267 2355 2321 ἑνὶ
2387 2270 2494 2320 τῶν
2528 2264 2742 2341 βήλων,
2775 2265 2866 2320 καὶ
2900 2263 3117 2320 ἵσταται
3167 2266 3220 2322 ἐν
3251 2271 3320 2341 τῇ
3353 2265 3496 2344 δοχῇ
3526 2274 3623 2325 τοῦ
3651 2269 3935 2346 σεκρέτου,

2277 2354 2668 2429 προσκαλεῖται
2719 2357 2746 2410 6
2800 2355 3050 2429 βασιλεὺς
3105 2356 3197 2411 τὸν
3248 2359 3624 2431 πραιπόσιτον,
3656 2362 3749 2416 καὶ
3783 2361 3844 2416 ’ὀν
3875 2360 3936 2416 ἂν

2275 2444 2472 2519 κελεύῃ
2532 2446 2580 2480 ⁴⁴
2631 2441 3001 2518 προϐαλέσθαι
3054 2447 3360 2520 πατρίκιον,
3429 2447 3577 2525 λέγει
3634 2451 3696 2506 τὸ
3754 2449 3937 2527 ὄνομα

2275 2534 2439 2589 αὐτοῦ
2477 2539 2557 2606 τῷ
2593 2534 2962 2610 πραιποσίτῳ,
3021 2535 3269 2597 κάκεῖνος
3318 2537 3464 2613 λέγει
3500 2543 3579 2612 τῷ
3616 2547 3718 2610 τῆς
3763 2563 3939 2600 κατα-

2276 2623 2534 2691 στάσεως,
2600 2623 2847 2686 κάκεῖνος
2909 2619 3092 2680 λαϐὼν
3164 2627 3280 2698 μετ’
3335 2627 3500 2683 αὐτοῦ
3567 2628 3937 2708 σιλεντιάριον

2271 2713 2362 2768 καὶ
2427 2713 2520 2768 τὸν
2601 2711 2880 2786 μέλλοντα
2956 2709 3366 2788 προϐληθῆναι,
3428 2716 3677 2798 ἐξαίφνης
3740 2720 3936 2796 ἄγουσι

2272 2803 2362 2858 καὶ
2406 2803 2584 2858 ἱστᾶσι
2615 2803 2663 2840 ⁴⁸
2721 2802 2881 2876 μέσον
2942 2799 3245 2879 ἔμπροσθεν
3280 2808 3383 2860 τοῦ
3445 2805 3740 2881 βασιλέως·
3776 2812 3846 2868 Εἰ
3877 2810 3935 2868 δὲ

2271 2889 2372 2960 ἔξω
2403 2888 2634 2964 ἔμεινεν,
2685 2892 2761 2954 ὡς
2813 2892 2889 2964 μή
2940 2892 3094 2962 ἀξίας
3144 2890 3312 2964 οὔσης
3362 2901 3463 2965 τῆς
3507 2896 3710 2968 τάξεως
3752 2901 3927 2957 αὐτοῦ

2269 2978 2525 3036 εἰσελθεῖν
2571 2981 2707 3053 μετὰ
2743 2984 2848 3036 τῶν
2892 2988 2942 3050 η’
2989 2979 3201 3054 βήλων,
3237 2983 3384 3056 μένει
3417 2987 3532 3056 μετ’
3561 2985 3729 3044 αὐτοῦ
3759 2991 3790 3044 6
3821 2997 3927 3060 τῆς

2266 3072 2642 3135 καταστάσεως
2673 3071 2808 3144 μετὰ
2859 3070 3220 3145 σιλεντιαρίου
3259 3073 3399 3144 ἑνὸς,
3459 3075 3488 3129 6
3555 3073 3612 3132 δδ
3665 3079 3929 3152 βασιλεὺς

2267 3157 2654 3233 προσκαλεῖται
2684 3160 2779 3214 τὸν
2823 3159 3178 3232 πραιπόσιτον
3229 3163 3317 3218 καὶ
3361 3163 3618 3240 γνωρίζει
3646 3167 3711 3222 τὸ
3741 3163 3924 3242 ὄνομα

519 3247 759 3304 rubrum
790 3256 1113 3322 gestantem
1148 3255 1400 3310 adducit.
1427 3255 1877 3312 Cerimoniarius
1907 3263 1960 3312 et
1985 3255 2158 3312 silen-

2270 3253 2362 3304 τοῦ
2395 3247 2697 3322 μέλλοντος
2743 3244 3151 3323 προϐληθῆναι,
3198 3253 3226 3306 6
3275 3249 3332 3307 δε
3377 3256 3734 3326 πραιπόσιτος
3757 3256 3925 3314 ’ἔστα-

515 3335 724 3392 tiarius
753 3353 888 3394 eum
921 3342 1288 3414 comitantur,
1324 3348 1380 3400 et
1401 3344 1458 3399 in
1494 3345 1684 3401 medio
1717 3349 1934 3402 secreto
1964 3361 2156 3402 coram

519 3425 868 3498 imperatore
915 3431 1302 3503 constituunt,
1348 3434 1687 3505 praepositus
1724 3451 2009 3491 cameram
2057 3435 2158 3492 in-

515 3530 776 3588 gressus,
808 3519 1038 3576 tabulas
1067 3538 1101 3577 a
1149 3523 1541 3580 secundicerio
1592 3525 1772 3581 sumit
1800 3541 2012 3596 easque
2042 3525 2152 3582 im-

515 3606 764 3674 peratori
795 3609 990 3663 tradit.
1021 3608 1333 3668 Adducunt
1360 3628 1494 3670 vero
1517 3613 1892 3670 candidatum
1916 3614 2156 3670 cerimo-

515 3692 734 3750 niarius
765 3694 1150 3768 silentiarius,
1165 3717 1416 3774 eumque
1428 3707 1565 3759 ante
1587 3704 1763 3775 pedes
1783 3703 2152 3774 imperatoris

514 3788 915 3855 prosternunt,
948 3803 1116 3858 quos,
1165 3790 1502 3848 adoratione
1551 3792 1721 3860 facta,
1763 3809 1924 3865 aeque
1956 3811 2022 3850 ac
2051 3809 2154 3866 ge-

515 3887 652 3938 nua,
683 3873 893 3930 deinde
926 3880 983 3930 et
1015 3893 1242 3948 manus,
1277 3881 1493 3937 tabulis
1526 3883 1800 3953 acceptis,
1833 3883 2148 3940 osculatur.

513 3961 671 4016 Tunc
692 3964 884 4033 ipsum
920 3970 1070 4022 retro
1089 3967 1407 4025 abductum
1441 3970 1499 4024 in
1530 3972 1723 4026 medio
1753 3977 1972 4028 secreto
2003 3972 2154 4028 inter

513 4049 769 4105 cubiculi
801 4053 1099 4122 praefectos
1132 4055 1518 4122 constituunt,
1544 4057 1655 4128 ipsi
1679 4057 1987 4114 silentiarii
2019 4078 2149 4130 par-

511 4137 616 4193 tim
647 4140 716 4192 ad
777 4141 1061 4207 dextram,
1085 4144 1324 4214 ‘partim
1357 4145 1428 4199 ad
1488 4145 1788 4201 sinistram
1819 4146 2148 4216 discedunt,

512 4242 761 4298 quorum
794 4231 841 4286 is
869 4230 969 4301 qui
993 4232 1063 4287 ad
1090 4232 1351 4288 dextram
1375 4237 1496 4290 stat
1523 4233 1776 4305 primum
1801 4237 2148 4309 magistrum

511 4314 693 4383 ducit,
725 4323 778 4371 et
809 4319 880 4373 ad
909 4319 1174 4375 dextram
1218 4322 1466 4392 promoti
1501 4323 1724 4394 patricii
1773 4324 1992 4392 statuit,
2025 4327 2149 4397 qui,

510 4403 848 4462 adoratione
869 4406 1038 4478 facta,
1069 4408 1406 4480 imperatori
1459 4428 1738 4485 prospera
1784 4422 2148 4487 apprecatur,

509 4489 719 4547 deinde
749 4496 819 4551 ad
847 4495 1154 4555 stationem
1187 4516 1358 4556 suam
1391 4502 1774 4574 ordinemque
1795 4504 1934 4560 abit.
1959 4505 2150 4562 Preci-

507 4579 622 4636 bus
653 4589 843 4638 autem
875 4588 931 4639 et
977 4585 1224 4643 solemni
1255 4591 1575 4662 gratiarum
1624 4593 1849 4648 actione
1896 4610 1929 4649 a
1959 4594 2149 4666 primo

2261 3358 2349 3392 ται
2403 3339 2564 3411 μέσον
2617 3341 2713 3392 τοῦ
2763 3337 3037 3409 σεκρέτου,
3093 3341 3181 3395 καὶ
3237 3344 3639 3415 προσκυνήσας,
3678 3344 3917 3416 ἐξελθὼν

2263 3427 2397 3500 μετὰ
2452 3424 2548 3481 δύο
2600 3426 2912 3503 ὀστιαρίων,
2967 3425 3358 3502 προσκαλεῖται
3419 3430 3600 3502 αὐτὸν,
3651 3437 3741 3489 καὶ
3797 3435 3913 3491 εἰσ-

2259 3516 2398 3590 άγει,
2431 3519 2698 3595 φορούντα
2737 3517 2921 3591 σαγίον
2974 3516 3128 3590 ῥοῆς.
3179 3523 3446 3592 Κρατοῦσι
3499 3517 3556 3576 δὲ
3602 3522 3763 3579 αὐτὸν
3793 3524 3826 3580 6'
3854 3547 3912 3581 τε

2255 3613 2355 3675 τῆς
2413 3605 2785 3667 καταστάσεως
2849 3605 2938 3659 καὶ
3010 3604 3390 3682 σιλεντιάριος,
3448 3609 3538 3664 καὶ
3596 3613 3806 3668 ἱστᾶσιν
3865 3618 3910 3652 ⁸⁸

2257 3695 2417 3751 αὐτὸν
2457 3696 2619 3768 μέσον
2667 3698 2766 3749 τοῦ
2824 3695 3073 3770 σεκρέτου
3134 3690 3436 3772 ἔμπροσθεν
3481 3703 3577 3754 τοῦ
3611 3700 3910 3776 βασιλέως,

2258 3785 2285 3840 6
2345 3781 2403 3839 δὲ
2458 3783 2817 3859 πραιπόσιτος
2857 3781 3118 3847 εἰσελθὼν
3171 3783 3223 3839 ἐν
3281 3789 3350 3858 τῇ
3403 3788 3625 3862 καμάρᾳ
3679 3791 3771 3845 καὶ
3814 3793 3911 3853 τὰς

2256 3871 2469 3936 πλάκας
2500 3875 2612 3946 (81)
2663 3873 2808 3947 παρὰ
2862 3876 2962 3927 τοῦ
3019 3871 3272 3948 δευτέρου
3325 3870 3532 3948 λαϐὼν,
3591 3876 3912 3936 ἐπιδίδωσιν

2259 3963 2422 4024 αὐτὰς
2453 3967 2532 4035 τῷ
2569 3959 2803 4037 βασιλεῖ.
2847 3962 3076 4038 Ἀγουσι
3121 3959 3178 4018 δὲ
3219 3962 3310 4018 τὸν
3347 3963 3624 4038 μέλλοντα
3653 3964 3919 4042 προϐλη-

2259 4060 2415 4122 θῆναι
2474 4053 2502 4106 ὁ
2559 4058 2661 4122 τῆς
2717 4051 3090 4115 καταστάσεως
3147 4053 3238 4108 καὶ
3297 4054 3326 4108 6
3383 4053 3766 4133 σιλεντιάριος,
3825 4061 3915 4117 καὶ

2258 4145 2538 4219 ῥίπτουσιν
2591 4140 2754 4197 αὐτὸν
2813 4141 2890 4204 εἷς
2947 4142 3074 4206 τοὺς
3114 4140 3286 4207 πόδας
3341 4150 3438 4202 τοῦ
3477 4141 3774 4223 ϐασιλέως,
3821 4152 3913 4208 καὶ

2256 4233 2643 4308 προσκυνήσας
2701 4231 2997 4301 ἀσπάζεται
3053 4231 3271 4305 αὐτοὺς,
3331 4235 3443 4290 εἶτα
3497 4237 3563 4292 τὰ
3601 4237 3650 4274 ⁴⁷
3703 4240 3912 4314 γόνατα

2254 4322 2438 4391 αὐτοῦ,
2501 4321 2616 4377 εἶτα
2679 4315 2866 4376 λαϐὼν
2919 4320 3014 4385 τὰς
3061 4321 3272 4387 πλάκας
3330 4323 3436 4380 ἀπὸ
3482 4330 3578 4382 τοῦ
3611 4327 3910 4402 βασιλέως,

2255 4411 2409 4488 φιλεῖ
2461 4409 2552 4466 καὶ
2606 4410 2702 4473 τὰς
2764 4415 2954 4486 χεῖρας
3023 4409 3210 4470 αὐτοῦ.
3268 4412 3367 4469 Καὶ
3428 4411 3690 4480 λαϐόντες
3744 4419 3912 4476 αὐτὸν

2255 4499 2617 4576 ἀποφέρουσιν
2668 4499 3068 4579 όπισθοφανῶς,
3117 4501 3210 4556 καὶ
3258 4502 3480 4559 ἱστῶσιν
3521 4505 3682 4562 αὐτὸν
3746 4509 3911 4581 μέσον

2254 4594 2352 4646 τοῦ
2411 4585 2661 4664 σεκρέτου
2719 4587 3022 4661 ἄναμεταξί)
3078 4593 3187 4644 τῶν
3244 4593 3340 4645 τοῦ
3377 4588 3770 4651 κουϐουκλείου
3810 4598 3908 4673 ἆρα

509 4667 786 4760 magistro
819 4674 1093 4744 peractis,
1125 4658 1324 4733 statim
1356 4679 1718 4738 silentiarius
1749 4683 1816 4738 ad
1850 4658 2145 4741 sinistram

2270 4658 2932 4755 χόντων,’ὃιαμερίζονται
2976 4658 3040 4733 Ἵδὶ
3096 4678 3146 4733 οἱ
3206 4677 3580 4758 σιλεντιάριοι,
3628 4686 3814 4760 οἱμὲν

505 4758 858 4816 constitutus
888 4762 1230 4834 magistrum
1261 4767 1333 4822 ab
1367 4767 1480 4825 alio
1511 4769 1693 4828 latere
1711 4771 1967 4841 adducit,
1985 4789 2151 4830 eum-

509 4861 624 4916 qua
656 4848 727 4903 ad
761 4847 1065 4908 sinistram
1118 4855 1372 4924 promoti
1422 4859 1654 4927 patricii
1700 4860 1876 4926 sistit,
1909 4862 2034 4934 ipse
2058 4878 2153 4918 so-

2264 4766 2472 4839 δεξιῶν,
2507 4767 2560 4822 οἱ
2592 4763 2646 4822 δὲ
2686 4766 2738 4838 ἐξ
2789 4766 3104 4841 εὐωνύμων,
3153 4769 3242 4823 καὶ
3290 4765 3474 4827 λαϐὼν
3522 4772 3551 4827 6
3599 4769 3771 4844 δεξιὸς
3817 4776 3910 4832 τὸν

2263 4860 2483 4932 πρῶτον
2546 4854 2870 4931 μάγιστρον,
2927 4853 3046 4930 ἄγει
3103 4856 3263 4913 αὐτὸν
3320 4859 3410 4912 καὶ
3447 4857 3665 4928 ’ίστησιν
3720 4861 3776 4917 ἰν
3831 4869 3912 4936 τῷ

1872 4984 2114 5041 VARIE
2154 4980 2566 5040 LECTIONES.

578 5061 625 5098 “
655 5058 854 5134 ἀνέλθῃ
883 5064 974 5120 ed.
1049 5066 1096 5102 “
1123 5063 1332 5121 κελεύει
1371 5069 1500 5125 cod.
1534 5065 1943 5143 προϐάλλεσθαι
1973 5074 2066 5131 ed.
2140 5073 2186 5108 ⁴⁵
2209 5068 2390 5126 ’ίστασι
2421 5071 2512 5128 ed'
2589 5070 2635 5106 ⁴⁶
2659 5065 2868 5123 ’ἱστασιν
2897 5070 2988 5127 ed.
3064 5070 3107 5106 ‘7
3136 5071 3205 5128 τὰ
3233 5089 3347 5131 om.
3380 5077 3507 5133 cod.
3540 5081 3598 5134 et
3634 5079 3726 5136 ed.

1536 5180 1740 5237 JOAN.
1789 5183 1932 5240 JAC.
1974 5181 2239 5240 REISKII
2277 5179 2869 5237 COMMENTARIUS.

509 5279 756 5361 vertitur
811 5296 880 5361 ea
914 5284 998 5361 _d_e
1045 5282 1600 5361 re_;_1reDté¢Aolim
1658 5289 2029 5361 appellabant
2076 5291 2158 5359 id,

510 5351 668 5429 Quod
737 5351 1031 5429 ὑπόκιῤῥᾳς
1090 5351 1368 5429 deinceps
1426 5351 1942 5417 dicebantholor
1971 5363 2020 5416 is
2077 5351 2162 5418 est

512 5419 684 5503 hodie
745 5419 1037 5482 nobis'de
1095 5419 1396 5503 capucinis
1454 5432 1758 5503 monachis
1818 5433 2156 5503 appellatus,

511 5495 669 5574 quod
703 5510 902 5574 eorum
937 5495 1292 5574 c_aputia'_vel_
1320 5501 1495 5574 frocci
1528 5519 1719 5574 panno
1768 5495 1991 5560 soleant
2022 5495 2161 5560 con;

513 5561 648 5636 fecti
699 5581 827 5622 esse
875 5561 1054 5636 hujus
1114 5571 1348 5628 coloris.
1400 5573 1504 5628 Est
1528 5561 1750 5630 'autem
1803 5574 2161 5632 dilutissima

515 5635 697 5709 rufus,
731 5636 884 5692 inter
913 5635 1112 5695 album
1143 5647 1200 5698 et
1255 5644 1470 5709 rufum,
1498 5646 1598 5701 sed
1651 5646 1736 5702 sic
1778 5651 1843 5702 ut
1889 5649 1957 5704 ad
2001 5648 2159 5706 hunc

516 5703 724 5774 magis,
756 5722 926 5777 quam
959 5712 1028 5766 ad
1061 5711 1250 5780 illum,
1284 5703 1536 5785 accedat,
1568 5717 1849 5790 rothgrau.

2338 5290 2455 5369 (8_l)_
2480 5287 2849 5369 Tal-ulashvel
2877 5289 3172 5369 codicillos
3202 5293 3543 5369 patriciatus
3564 5296 3782 5367 quibus
3813 5315 3911 5369 pa-

2271 5361 2536 5435 triciatus
2567 5359 2865 5435 tribuitur.
2901 5366 3075 5435 Sunt_
3097 5359 3343 5435 proprie
3390 5359 3657 5424 eburnea
3693 5359 3912 5428 tabula

2270 5430 2580 5509 diptyche,
2614 5447 2714 5509 seu
2736 5432 2988 5509 duarum
3026 5430 3275 5509 alarum,
3299 5436 3601 5509 plicatiles,
3624 5455 3750 5509 quas
3785 5457 3907 5497 me-

2269 5503 2366 5556 dio
2398 5502 2505 5557 suo
2536 5502 3192 5574 continebantdiploma
3216 5502 3454 5564 honoris
3475 5509 3533 5564 in
3564 5502 3907 5570 membrana

2267 5578 2611 5640 exaratum;
2669 5590 2719 5628 v.
2781 5576 3010 5644 p.151:
3073 5576 3170 5631 ubi
3219 5577 3419 5634 tabula!
3467 5596 3591 5635 cum
3633 5580 3908 5639 codicilli:

2267 5650 2327 5701 et
2353 5661 2410 5715 p.
2447 5644 2570 5711 153,
2603 5644 2703 5700 ubi
2734 5646 2949 5704 tabulae
2975 5646 3174 5718 absque
3192 5648 3460 5706 codicillis
3479 5657 3901 5710 memorantur.
