4180 6304
255 349 372 410 509

1102 347 1203 406 DE
1247 345 1702 408 CERIMONIIS
1749 343 2004 408 AUL/E.
2053 340 2521 402 BYZAN'I‘INE
2567 339 2713 401 LIB.
2761 342 2807 402 Ι.

3561 345 3680 407 510

258 483 414 554 δεξιῷ
468 476 638 555 μέρει
703 485 798 536 τοῦ
855 474 1266 556 προϐληθέντος
1308 477 1618 552 πατρικίου,
1669 479 1919 539 κάκεῖνος

2032 475 2143 532 lem
2155 491 2274 531 mes
2297 473 2630 545 imperatori
2649 475 2871 546 gratias
2896 475 3036 547 agit,
3060 475 3364 549 faustaque
3385 483 3619 550 precatu
3631 497 3676 549 r,

255 572 680 648 προσκυνήσας,
714 569 1106 646 ὑπερεὺχονται
1138 569 1185 604 ⁴⁸
1239 569 1331 623 τὸν
1395 563 1644 642 βασιλέα,
1675 569 1765 622 καὶ
1825 566 1920 622 εἷθ’

259 665 430 724 οὕτως
466 661 777 736 ἀπέρχεται
835 659 889 714 ἐν
941 663 1010 732 τῇ
1067 657 1234 713 αὐτοῦ
1265 658 1446 713 στάσει
1501 677 1561 712 τε
1605 658 1694 712 καὶ
1756 657 1917 726 τάξει.

255 755 356 812 Καὶ
404 753 578 820 ἡνίκα
619 750 817 824 τελέσῃ
846 751 946 818 τὴν
977 749 1149 823 εὐχήν
1196 748 1286 802 καὶ
1325 747 1670 821 εὐχαριστίαν
1709 747 1736 801 6
1767 752 1923 820 πρῶ-

255 862 345 903 τος
423 839 760 914 μάγιστρος,
819 838 1020 902 εὐθέως
1095 831 1500 908 καταλαμϐάνει
1549 837 1578 890 6
1638 835 1919 909 εὐώνυμος

255 929 655 1004 σιλεντιάριος,
705 927 933 1002 εΐσάγων
989 927 1280 1001 μάγιστρον
1341 925 1401 980 ἐκ
1446 929 1542 980 τοῦ
1595 923 1779 1000 ἑτέρου
1831 923 1920 996 μὲ-

256 1039 397 1094 ρους,
421 1019 517 1073 καὶ
586 1017 807 1088 ἵστησιν
866 1015 1029 1071 αὐτὸν
1071 1014 1121 1086 ἐξ
1174 1013 1465 1088 εὐωνύμων
1519 1018 1616 1069 τοῦ
1672 1009 1920 1086 προϐλη-

253 1109 434 1168 θέντος
497 1105 826 1180 πατρικίου,
858 1104 948 1158 καὶ
992 1102 1152 1165 αὐτὸς
1224 1101 1579 1177 ὑπερεύχεται
1629 1102 1719 1157 τὸν
1752 1103 1916 1176 βαστ-

255 1195 348 1251 Λέα
399 1197 875 1272 ἂπευχαριστῶνθ
924 1192 1081 1261 ἡνίκα
1132 1189 1188 1246 δὲ
1222 1191 1415 1264 μέλλει
1465 1190 1693 1264 ἐξελθεῖν
1741 1192 1770 1246 6
1819 1193 1917 1246 αὐ-

249 1286 341 1347 τὸς
376 1287 719 1359 μάγιστρος,
751 1276 1160 1353 καταλαμϐάνει
1192 1282 1238 1318 ἰθ
1259 1283 1288 1336 6
1321 1281 1380 1336 ἐκ
1426 1279 1609 1351 δεξιῶν
1658 1281 1723 1334 τὰ
1781 1281 1919 1336 αὐτὰ

251 1371 448 1420 ποιῶν.
484 1363 694 1420 Ἰστέον
727 1359 806 1431 6‘s,
841 1361 926 1418 ὅτι
965 1364 1160 1424 πάντες
1202 1363 1253 1416 οὶ
1294 1359 1625 1425 εἰσελθόντες
1675 1362 1763 1416 διά
1811 1365 1918 1416 τῶν

252 1454 395 1509 ὀκτὼ
438 1451 648 1528 βήλων
686 1453 863 1527 χωρὶς
894 1455 1000 1506 τῶν
1045 1451 1371 1525 ἀσηκρητῶν
1411 1448 1500 1505 καί
1555 1454 1660 1504 τῶν
1723 1450 1916 1525 βεστη-

251 1545 426 1616 τύρων
477 1541 576 1596 καὶ
645 1545 743 1596 τοῦ
803 1536 1240 1617 ῥεφερενδαρίου,
1281 1536 1502 1600 ἕκαστος
1561 1538 1735 1593 αὐτῶν
1781 1540 1917 1594 κατά

253 1633 348 1702 τὴν
392 1627 540 1685 ἲδίαν
595 1628 776 1700 τάξιν,
818 1627 1144 1703 εἰσέρχεται,
1177 1626 1543 1701 κρατούμενος
1583 1626 1685 1681 ὑπό
1735 1626 1917 1682 σιλεν-

252 1719 487 1796 τιαρίου,
538 1717 788 1788 πλησίον
846 1721 944 1772 τοῦ
1022 1711 1429 1791 προϐληθέντος
1501 1716 1812 1790 πατρικίου,
1869 1717 1921 1771 οἱ

2029 580 2398 638 egressurum
2453 579 2585 619 vero
2643 564 2993 636 magistrum
3054 565 3417 623 silentiarius
3463 567 3565 638 qui
3607 570 3675 623 ad

2029 654 2288 710 dextram
2330 652 2682 708 constitutus
2725 657 2834 718 est,
2886 655 3122 711 eosdem
3158 656 3304 711 ritus
3334 657 3674 726 observans,

2029 744 2259 814 excipit.
2285 745 2567 797 Caeterum
2598 759 2802 798 omnes
2833 759 2899 798 ac
2924 744 3169 815 singuli,
3203 751 3408 816 praeter
3430 751 3678 801 secreta-

2031 832 2170 900 rios,
2205 832 2509 888 vestitores
2541 835 2597 886 et
2627 833 3104 898 referendarium,
3141 851 3242 905 per
3272 840 3401 890 octo
3423 835 3545 889 vela
3576 851 3679 906 pro

2030 937 2136 976 sua
2166 920 2444 992 dignitate
2473 935 2540 974 ac
2572 921 2798 984 ordine,
2821 938 2854 974 a
2876 921 3221 978 silentiariis
3253 924 3480 994 stipati,
3500 939 3680 996 prapc

2031 1007 2337 1080 patricium
2362 1013 2719 1078 promotum,
2751 1009 2958 1078 partim
2991 1025 3024 1066 a
3054 1011 3276 1081 dextra,
3308 1014 3514 1080 partim
3544 1029 3576 1067 a
3598 1013 3679 1068 si-

2031 1098 2232 1163 nistra,
2285 1095 2718 1166 ingrediuntur,
2750 1101 2809 1152 et
2856 1100 3050 1154 omnia
3082 1102 3304 1169 ordine,
3353 1103 3508 1157 146
3551 1117 3675 1173 quae

2030 1187 2304 1256 magister
2331 1185 2404 1239 ad
2431 1185 2692 1240 dextram
2723 1185 3141 1258 sinistramque
3163 1196 3528 1260 peregerunt,
3553 1206 3676 1261 per-

2027 1279 2230 1348 agunt.
2272 1277 2588 1345 Postquam
2620 1289 2754 1329 vero
2784 1289 2988 1330 omnes
3017 1277 3417 1334 adorationem
3447 1285 3506 1334 et
3534 1295 3670 1351 gra-

2023 1365 2237 1420 tiarum
2269 1363 2556 1419 actionem
2589 1363 2927 1436 imperatori
2954 1364 3287 1435 exhibuere,
3322 1367 3680 1424 cerimonia-

2030 1451 2151 1508 rius
2180 1456 2239 1508 et
2258 1451 2613 1508 silentiarius
2643 1457 2980 1523 promotum
3014 1453 3325 1523 patricium
3357 1455 3674 1525 excipiunt,

2027 1559 2061 1598 a
2083 1541 2296 1613 quibus
2317 1540 2388 1596 ad
2421 1540 2830 1611 imperatorem
2863 1542 3204 1613 perductus,
3225 1559 3444 1614 pronus
3467 1544 3524 1598 in
3559 1549 3677 1599 ter-

2030 1647 2153 1687 ram
2203 1630 2380 1702 pedes
2409 1645 2477 1684 ac
2506 1644 2701 1700 genua
2728 1631 2855 1701 ejus
2899 1632 3211 1698 osculatur,
3246 1635 3512 1704 precatus
3543 1649 3679 1689 vero

2029 1723 2087 1774 et
2113 1719 2318 1789 gratiis
2347 1718 2679 1788 imperatori
2709 1719 2876 1785 actis,
2907 1720 2979 1774 ad
3022 1735 3194 1775 suum
3225 1719 3490 1776 ordinem
3515 1721 3636 1776 abit
3663 1737 3679 1778 :

260 1809 348 1881 μὲν
381 1807 444 1863 ἐκ
486 1805 711 1879 δεξιῶν,
743 1805 795 1859 οἱ
845 1802 901 1859 δὲ
941 1805 992 1874 ἐξ
1046 1804 1364 1878 ἀριστερῶν,
1413 1803 1693 1860 ἐκτελοῦσι
1741 1801 1798 1858 δὲ
1834 1804 1922 1858 καί

2037 1807 2404 1880 praepositus,
2427 1806 2591 1876 signo
2616 1807 2688 1862 ab
2735 1805 3086 1878 imperatore
3109 1807 3267 1875 dato,
3291 1808 3439 1864 dicit
3470 1826 3485 1865 :
3509 1831 3538 1859 ι(
3561 1809 3664 1865 Ju-

257 1897 402 1953 αὐτοὶ
457 1899 646 1952 πάντα
687 1892 1026 1961 ἀκολούθως,
1059 1895 1116 1948 ὃν
1163 1892 1366 1969 τρόπον
1396 1895 1424 1948 6
1473 1893 1534 1948 ἐκ
1581 1891 1767 1964 δεξιῶν
1817 1894 1924 1966 μά·
2034 1899 2178 1953 bete.
2213 1918 2242 1947 »

256 2007 473 2062 γιστρος
534 1987 636 2041 καὶ
697 1987 726 2040 ὁ
784 1984 836 2054 ἐξ
885 1982 1182 2058 ἀριστερῶν
1233 1983 1552 2054 ἒξετέλεσαν.
1605 1983 1702 2038 Καὶ
1762 1984 1978 2039 πάντων
2031 1985 2524 2060 προσκυνησάντων
2574 1985 2664 2039 καὶ
2716 1984 3301 2060 ἀπευχαριστησάντων
3357 1987 3449 2040 τὸν
3513 1988 3677 2061 βασι-

259 2075 375 2148 λάα,
409 2070 685 2136 λαϐόντες
739 2074 831 2129 τὸν
888 2067 1270 2147 προϐληθέντα
1318 2072 1607 2148 πατρίκιον
1656 2072 1684 2126 'o
1738 2093 1795 2127 τε
1841 2079 1940 2142 τῆς
1980 2074 2356 2136 καταστάσεως
2399 2074 2491 2128 καὶ
2536 2075 2564 2128 6
2614 2070 3002 2148 σιλεντιάριος,
3059 2073 3280 2149 ἄγουσιν
3339 2072 3498 2130 αὐτὸν
3542 2076 3680 2150 πρὸς

259 2167 347 2221 τὸν
385 2167 434 2203 ⁵ο
505 2162 762 2240 βασιλέα,
821 2164 911 2218 καὶ
969 2163 1150 2218 πεσὼν
1191 2161 1342 2236 φιλεῖ
1405 2163 1532 2224 τοὺς
1592 2160 1762 2223 πόδας
1816 2167 1913 2218 τοῦ
1985 2163 2280 2237 βασιλέως,
2331 2165 2446 2218 εἶτα
2501 2164 2568 2218 τὰ
2624 2164 2822 2238 γόνατα
2867 2163 3056 2234 αὐτοῦ,
3093 2165 3186 2218 καὶ
3248 2163 3536 2239 εὐξάμενος
3587 2168 3677 2222 καὶ

264 2257 752 2332 ἀπευχαριστήσας
777 2255 870 2309 τὸν
904 2252 1151 2323 Βασιλέα,
1184 2253 1432 2309 ἀπελθὼν
1462 2252 1680 2308 ’ίσταται
1720 2251 1770 2308 ἐν
1811 2259 1880 2328 τῇ
1909 2254 2054 2325 τάξει
2095 2253 2286 2326 αὐτοῦ,
2318 2255 2429 2310 εἶτα
2460 2249 2644 2309 λαϐὼν
2675 2259 2846 2328 νεῦμα
2894 2257 2922 2310 6
2965 2256 3323 2332 πραιπὸσιτος
3377 2257 3523 2330 παρὰ
3578 2261 3679 2311 τοῦ

272 2343 546 2422 βασιλέως
582 2344 736 2420 λέγει
763 2362 776 2376 ⁸
816 2368 838 2394 ι
876 2341 1199 2400 Κελεύσατε.
1233 2367 1262 2394 ι»

337 2439 408 2493 Δ”.
458 2437 568 2493 Καὶ
636 2435 830 2496 πάντες
897 2433 1315 2506 ὑπερευξάμενοι
1389 2431 1722 2512 ἐξέρχονται,
1767 2434 1795 2488 ὁ
1863 2431 1919 2489 δὲ

271 2523 531 2600 βασιλεὺς
586 2524 806 2584 ἀναστὰς
863 2523 970 2577 ἀπὸ
1024 2526 1122 2577 τοῦ
1161 2522 1348 2591 σὲνζου
1392 2522 1581 2593 αὐτοῦ,
1615 2521 1918 2596 εἰσέρχεται

275 2612 330 2668 ἰν
377 2617 450 2686 τῇ
495 2612 716 2686 καμάρᾳ
755 2616 850 2667 τοῦ
890 2610 1084 2684 Ἀγίου
1134 2608 1447 2686 Θεοδώρου,
1505 2612 1595 2666 καὶ
1667 2605 1850 2665 λαϐὼν
1888 2612 1917 2666 6

282 2700 638 2775 πραιπόσιτος
664 2701 724 2756 τὸ
766 2701 982 2775 στέμμα
1013 2697 1120 2755 ἄπὸ
1165 2707 1268 2769 τῆς
1319 2700 1563 2778 κεφαλῆς
1609 2705 1706 2757 τοῦ
1757 2703 1920 2775 βασι-

288 2787 447 2859 λέως,
475 2791 858 2865 προσκαλεῖται
908 2792 1036 2851 τοὺς
1089 2791 1442 2864 βεστήτορας,
1482 2789 1573 2844 καὶ
1623 2789 1916 2844 ἀπαλλάσ-

291 2899 460 2933 σουσιν
498 2879 649 2934 αὐτοὶ
688 2880 787 2948 τὴν
841 2876 1079 2956 χλανίδα
1134 2879 1324 2935 αὐτοῦ.
1367 2879 1427 2935 Ὁ
1484 2875 1541 2932 δὲ
1581 2873 1918 2951 προϐληθεὶς

282 2967 553 3041 πατρίκιος
623 2967 899 3043 ἐξέρχεται
967 2965 1055 3022 διὰ
1111 2971 1218 3021 τῶν
1258 2965 1473 3021 σκύλων
1522 2966 1572 3020 ἐν
1623 2972 1702 3039 τῷ
1750 2967 1915 3022 ἱππο-

2104 2436 2195 2492 lV.
2210 2436 2303 2492 Sic
2332 2453 2538 2492 omnes
2558 2437 2751 2492 fausta
2771 2437 2986 2508 precati
3010 2438 3338 2504 discedunt,
3361 2439 3677 2508 imperator

2027 2541 2163 2582 vero
2209 2543 2243 2581 a
2271 2526 2482 2581 throno
2532 2542 2799 2598 surgens,
2831 2543 3121 2582 cameram
3165 2529 3362 2583 Sancti
3391 2529 3676 2583 Theodori

2026 2615 2386 2687 ingreditur;
2405 2616 2776 2687 praepositus,
2791 2617 3254 2688 coronaacapite
3272 2618 3399 2688 ejus
3416 2617 3676 2690 dempta,

2028 2705 2325 2761 vestitores
2346 2710 2534 2774 vocat,
2561 2705 2662 2778 qui
2687 2706 2946 2762 tunicam
2969 2707 3395 2778 imperatoriam
3430 2711 3674 2765 mutant.

2027 2792 2332 2850 Promotus
2362 2800 2558 2850 autem
2589 2795 2870 2866 patricius
2903 2811 3000 2866 per
3046 2797 3204 2868 scyla
3243 2797 3316 2852 ad
3362 2797 3674 2868 hippodro-

2028 2897 2189 2938 mum
2215 2883 2360 2949 abit,
2380 2900 2577 2939 coram
2603 2899 2716 2955 quo
2740 2884 3120 2951 silentiarius,
3139 2885 3385 2941 tabellas
3417 2891 3671 2957 gestans,

2028 2972 2326 3042 procedit;
2352 2973 2498 3043 ipse,
2519 2972 2798 3046 templum
2828 2974 3018 3029 Sancti
3043 2973 3318 3043 Stephani
3343 2976 3669 3046 ingressus,

279 3053 482 3131 δρόμῳ,
513 3059 609 3114 καὶ
664 3062 953 3133 περιπατεῖ
997 3051 1298 3130 ἔμπροσθεν
1341 3055 1504 3110 αὐτοῦ
1555 3055 1912 3128 σιλεντιάριος

2029 3075 2223 3115 cereos
2246 3061 2532 3126 accendit,
2560 3071 2960 3132 precatusque
2981 3064 3299 3133 egreditur,
3322 3064 3472 3118 etab
3490 3062 3671 3119 hono-

279 3147 544 3220 βαστάζων
605 3148 702 3211 τὰς
765 3146 1000 3216 πλάκας,
1059 3146 1148 3202 καὶ
1212 3143 1469 3209 εἰσελθὼν
1517 3145 1592 3207 εἷς
1656 3147 1749 3201 τὸν
1785 3146 1912 3200 ναὸν

274 3241 364 3291 τοῦ
417 3238 611 3314 Ἀγίου
662 3237 960 3310 Στεφάνου,
1001 3235 1154 3291 ἅπτει
1201 3236 1425 3309 κηροὺς,
1480 3235 1569 3290 καὶ
1627 3235 1917 3307 εὐξάμενος

274 3322 539 3400 ἐξέρχεται
595 3324 820 3393 ἐκεῖθεν,
878 3323 968 3378 καὶ
1027 3322 1449 3401 δηριγευάμενος
1498 3323 1600 3378 ὑπό
1665 3344 1723 3378 τε
1762 3325 1918 3393 astu”

277 3419 506 3483 ματικῶν
564 3415 706 3488 (8'2),
749 3414 1111 3489 σκευοφόρων,
1145 3417 1486 3485 στρατιωτῶν
1514 3414 1806 3486 ταγμάτων
1848 3413 1916 3485 ⁵ο,

274 3498 497 3558 δεκανῶν
529 3502 631 3558 καὶ
676 3499 1008 3576 διαιταρίων,
1038 3500 1313 3577 διέρχεται
1363 3499 1452 3556 διά
1505 3505 1600 3556 τοῦ
1651 3499 1919 3574 ἱπποδρό-

277 3612 372 3662 μου
407 3593 496 3647 καὶ
537 3600 647 3660 τῆς
700 3593 1038 3666 θερμάστρας
1087 3594 1220 3663 (83),
1253 3592 1340 3646 καὶ
1397 3592 1694 3666 ἀπέρχεται
1740 3589 1793 3644 ἐν
1839 3594 1918 3661 τῷ

271 3678 670 3754 κονσιστωρίῳ,
726 3679 816 3734 καὶ
867 3681 1005 3753 ἅψας
1063 3677 1266 3753 κηροὺς
1320 3677 1621 3754 ἐξέρχεται,
1677 3677 1765 3732 καὶ
1813 3677 1916 3732 ὐπό

273 3770 371 3822 τῶν
443 3769 631 3825 αὐτῶν
713 3765 1163 3843 δηριγευόμενος,
1219 3765 1505 3845 ἒξέρχεταε
1553 3765 1640 3821 διά
1697 3787 1756 3822 τε
1809 3771 1917 3822 τῶν

273 3854 595 3927 ἐξκουϐίτων
653 3858 746 3912 καὶ
789 3861 897 3912 τῶν
931 3855 1177 3936 σχολῶν.
1211 3859 1471 3932 Δέχονται
1529 3855 1688 3912 αὐτὸν
1741 3857 1793 3911 οἱ
1819 3860 1916 3911 τοῦ

276 3948 464 4023 μέρους
500 3953 619 4005 τῶν
650 3947 908 4018 Βενέτων,
939 3947 992 4003 ἐν
1021 3949 1066 4020 ᾦ
1113 3942 1276 4002 ἅπτει
1320 3946 1524 4020 κηροῦς
1583 3949 1610 4002 6
1663 3947 1917 4021 βασιλεὺς

274 4036 323 4091 ἐν
349 4042 416 4112 τῇ
455 4038 622 4114 τρίτῃ
645 4037 813 4108 τάξει,
846 4039 939 4101 ὅρε
980 4036 1310 4112 προέρχεται
1348 4034 1537 4107 ἔξωθεν
1569 4038 1616 4072 ⁵1
1663 4041 1770 4092 τῶν
1824 4059 1917 4110 με·

272 4125 448 4203 γάλων
478 4125 703 4197 πυλῶν,
735 4125 1096 4202 ἀκτολογοῦσι
1125 4123 1182 4181 δὲ
1223 4126 1406 4196 αὐτὸν,
1439 4127 1619 4189 καθὼς
1666 4126 1914 4182 τελοῦσιν

272 4214 321 4270 ἐν
355 4222 470 4280 ταῖς
535 4210 848 4292 προϐολαῖς
905 4219 1011 4271 τῶν
1064 4215 1384 4292 πατρικίων,
1412 4215 1666 4293 λέγοντες
1698 4216 1786 4271 καὶ
1828 4216 1909 4272 τό·

274 4327 300 4356 α
327 4307 386 4364 Ὁ
417 4304 634 4380 διῖνα,››
655 4304 764 4361 καίσ
789 4326 811 4356 ι
836 4306 963 4363 Eia:
991 4306 1277 4381 πατρίκιος
1301 4306 1456 4380 (84)»
1478 4305 1570 4360 καὶ
1601 4302 1915 4361 ἐπιδίδωσιν

2028 3149 2191 3218 ratis,
2216 3165 2249 3203 a
2270 3149 2667 3220 scenophoris,
2691 3167 2725 3204 a
2747 3151 3032 3206 militibus
3057 3157 3398 3223 tagmatum,
3433 3151 3670 3208 decanis

2027 3255 2092 3294 ac
2140 3239 2415 3295 diaetariis
2467 3241 2741 3310 stipatus,
2775 3257 2875 3310 per
2923 3242 3142 3298 circum
3175 3242 3569 3314 balneumque
3611 3243 3669 3297 in

2026 3329 2434 3384 consistorium
2469 3331 2611 3397 abit,
2639 3336 2695 3385 et
2723 3331 2904 3386 cereis
2933 3333 3217 3400 accensis,
3252 3333 3456 3388 iisdem
3492 3333 3670 3389 comi-

2025 3417 2312 3484 tantibus,
2368 3433 2472 3488 per
2522 3419 2798 3473 excubias
2855 3419 3204 3491 scholasque
3260 3421 3526 3477 discedit.
3569 3421 3676 3476 F‘a-

2027 3503 2290 3560 ctionarii
2323 3505 2527 3561 Veneti
2559 3523 2716 3571 eum,
2752 3507 2850 3562 ubi
2893 3507 3210 3578 imperator
3238 3523 3433 3564 cereos
3462 3525 3674 3564 accen-

2026 3593 2130 3660 dit,
2163 3592 2224 3649 in
2256 3594 2426 3650 tertio
2456 3596 2660 3650 ordine
2691 3595 3012 3667 excipiunt,
3036 3601 3092 3651 et
3123 3597 3262 3651 dum
3295 3614 3399 3668 per
3427 3613 3672 3667 magnas

2027 3686 2223 3754 portas
2247 3684 2532 3754 procedit,
2566 3683 2700 3752 ipsi,
2726 3689 2789 3738 ut
2822 3687 2878 3738 in
2913 3685 3376 3754 promotionibus
3399 3685 3673 3756 patricio-

2025 3787 2158 3826 rum
2183 3771 2392 3839 solent,
2427 3771 2774 3840 acclamant,
2798 3772 3092 3829 dicentes:
3131 3793 3159 3822 «
3188 3772 3255 3828 Ν.
3276 3773 3341 3828 Ν.
3364 3795 3393 3822 ››
3427 3779 3521 3829 et:
3547 3796 3576 3824 «
3601 3777 3672 3830 Es

2027 3860 2307 3932 patricius
2342 3879 2356 3929 ;
2391 3883 2420 3911 »
2453 3861 2803 3918 demarchus
2841 3877 2976 3918 vero
3025 3862 3136 3934 ipsi
3179 3862 3442 3918 libellum
3472 3864 3670 3919 tradit.

2026 3951 2110 4005 Ad
2144 3953 2367 4020 portam
2400 3966 2579 4023 prope
2619 3950 2856 4006 chalcen
2887 3952 3297 4008 ascendentem
3327 3952 3505 4008 factio
3534 3957 3674 4007 Pra-

2026 4040 2157 4096 sina
2187 4039 2420 4109 excipit,
2441 4041 2791 4097 demarchus
2813 4040 3077 4097 libellum
3111 4041 3226 4112 ipsi
3247 4043 3442 4109 tradit,
3464 4043 3525 4098 in
3548 4058 3670 4098 me-

2027 4129 2144 4199 dio,
2178 4135 2240 4185 ut
2266 4147 2498 4202 semper
2527 4131 2587 4186 in
2618 4131 2710 4187 his
2741 4132 3168 4204 receptionibus
3196 4132 3364 4202 solet,
3392 4132 3673 4188 constitu-

2027 4223 2142 4276 tus.
2177 4219 2276 4276 His
2309 4238 2342 4276 a
2389 4221 2745 4278 factionibus
2775 4222 3047 4293 peractis,
3089 4239 3186 4294 per
3216 4222 3474 4280 chalcem
3503 4239 3670 4296 egre-

2027 4308 2206 4378 ditur,
2265 4313 2323 4365 et
2371 4310 2443 4365 ad
2502 4315 2771 4367 sanctum
2823 4319 3062 4384 puteum
3101 4311 3423 4385 digressus,
3475 4329 3670 4371 cereos

1622 4406 1855 4464 VARIIE
1903 4407 2210 4464 LECTION
2217 4409 2320 4464 ES.

339 4505 383 4540 ⁴⁸
425 4502 791 4578 ὁπερεύχεται
857 4503 1012 4578 conj.
1047 4503 1114 4559 R.
1189 4502 1257 4578 “_
1289 4499 1542 4578 ἐξελθεῖν,
1661 4501 1820 4564 αὐτος
1865 4505 2164 4578 μάγιστρος
2221 4503 2416 4562 καταλ.
2448 4507 2540 4562 ed.
2616 4506 2666 4540 ⁵ο
2718 4507 2810 4560 τὸν
2869 4524 2983 4564 om.
3017 4509 3107 4564 ed.

3209 4509 3256 4547 ⁵¹
3290 4509 3670 4584 ἀξιωματικῶν

279 4574 646 4654 σκευοφόρων,
657 4574 1368 4649 ’στρατιωτῶν,ταγμάτων
1400 4577 1489 4631 ed.
1566 4575 1614 4610 ⁵³
1646 4578 1752 4629 τῶν
1783 4574 1898 4632 om.
1933 4574 2025 4633 ed.
2059 4574 2116 4630 δὲ
2147 4593 2264 4634 om.
2292 4579 2381 4633 ed.
2442 4650 2445 4654 ν
3028 4604 3035 4610 ·

1305 4672 1507 4731 JOAN.
1546 4672 1691 4730 JAC.
1734 4673 2000 4730 REISKII
2041 4650 2636 4732 COMMENTARIUS.

342 4781 448 4861 (82)
492 4779 573 4861 4b
615 4779 1091 4861 honoratiajseu.
1134 4777 1505 4861 ‘syncleticis,
1541 4777 1642 4861 vel,
1677 4779 1902 4836 ordinis
1938 4783 1981 4848 Ι)
2013 4780 2154 4861 bant
2184 4781 2476 4861 reﬂci_seu
2502 4781 2700 4861 (ῥίψαι
2720 4799 2943 4861 capere.
2971 4784 3032 4842 V.
3057 4784 3375 4861 DnVGange
3393 4788 3662 4861 v._Pyrite

278 4847 544 4922 senatorii
575 4855 750 4922 atque
782 4848 959 4922 togati
977 4847 1170 4918 'viria),
1190 4847 1239 4904 ἀ
1261 4850 1606 4922 seruoli/toris
1625 4850 1748 4922 (seu
1787 4868 1907 4906 ma-

276 4921 612 4990 gistratibus
637 4917 868 4976 militari
880 4921 1005 4987 bus,
1029 4917 1280 4991 qucrum
1328 4917 1427 4975 est
1443 4919 1512 4972 τὰ
1533 4917 1718 4990 σκεύη,
1743 4939 1903 4990 vasa,

280 4997 340 5046 ut
362 5000 618 5066 scutum,
642 4993 896 5058 hastam,
915 4990 1103 5066 signa,
1125 4990 1345 5066 labare,
1367 4995 1502 5066 ete.,
1517 5007 1710 5066 coram
1735 4993 1914 5066 impe-

280 5068 461 5134 ratore
489 5065 662 5133 ferre,
696 5069 763 5118 ut
791 5067 930 5118 sunt
957 5062 1261 5134 spatharii,
1294 5062 1632 5134 candidati),
1663 5062 1914 5120 ιιθηίιίιὶ-

281 5132 370 5190 bus
395 5132 698 5207 tagmatum
728 5132 1290 5207 (seunpraa'sidiorum
1323 5132 1720 5207 urbanorum).
1745 5137 1909 5207 Gonf.

279 5219 330 5273 p.
385 5201 508 5278 147,
561 5205 669 5278 ult.
715 5201 1107 5278 ὐδίηῖστανται
1141 5202 1198 5260 οἷ’
1222 5201 1691 5278 τείᾶειωματικοῖ
1728 5206 1913 5278 καὶτὰ

282 5277 561 5397 Ξκουτάρια
604 5277 770 5349 (sunt
825 5277 1001 5333 iidem
1055 5282 1230 5349 atque
1261 5277 1313 5330 οἱ
1345 5275 1689 5352 σκευοφόροι)
1719 5277 1810 5331 καὶ
1859 5279 1912 5332 οἱ

316 5366 590 5397 ιαιταοιοι-

316 5366 590 5405 ιαιταριοι.

345 5367 842 5492 ίθξόῗρῗιίξνιηαεενα
869 5417 1072 5492 θειλνθι
1097 5420 1391 5492 balneum,
1417 5420 1504 5475 vel
1519 5419 1884 5492 vaporarium
1897 5463 1909 5476 .

290 5484 810 5563 Putemiposterius
859 5489 1080 5562 potius,
1127 5491 1221 5563 hic
1280 5493 1514 5563 quidem
1563 5484 1693 5558 loci,
1735 5509 1910 5563 quam

289 5560 458 5634 prius.
487 5562 668 5618 Erant
697 5560 892 5634 autem
921 5562 1216 5634 vaporaria
1245 5560 1539 5634 et‘pyrz'lia
1571 5563 1628 5616 in
1661 5560 1910 5628 aedibus,

291 5627 780 5705 in_monasteriis,_
819 5632 877 5686 in
907 5627 1144 5705 scholis
1197 5627 1470 5703 militﬁm,
1510 5635 1758 5705 grandes
1804 5627 1913 5690 (sci

292 5698 373 5774 vel
403 5703 551 5769 salte,
574 5704 632 5759 in
666 5698 878 5774 quibus
903 5702 1059 5774 ignis
1082 5698 1586 5761 accendebatur'et
1607 5706 1913 5760 convenie-

292 5767 440 5842 bant,
488 5767 581 5847 qui
611 5767 859 5832 caleﬁeri
905 5767 1124 5830 v'ellent
1146 5790 1160 5843 ;
1207 5773 1268 5831 in
1298 5776 1515 5846 quibus
1553 5776 1727 5837 etiam
1757 5774 1910 5830 sole-

2013 4852 2064 4907 ei
2104 4852 2488 4926 Vaporarium.
2517 4854 2766 4926 Hiciloci
2791 4852 2882 4911 est
2909 4860 3276 4926 vaporarium
3302 4852 3659 4915 scholaFium

2019 4937 2122 5001 seu
2177 4923 2437 5001 militum
2493 4923 3082 5001 comitatensium,_ut
3126 4930 3223 4999 qui
3256 4930 3411 4984 haud
3457 4929 3660 5001 procul

2022 4995 2174 5050 circo
2205 4999 2517 5052 stationem
2549 5013 2652 5052 seu
2685 4999 2943 5054 scholam
2975 4995 3157 5056 suam
3176 4995 3485 5056 habebant.
3513 5001 3660 5068 Quia

2022 5071 2214 5121 tamen
2264 5083 2478 5138 vapore
2537 5070 2793 5126 balneari
2850 5071 3136 5139 solebant,
3195 5087 3294 5126 seu
3354 5072 3658 5136 Laconica,

2020 5141 2098 5215 et.
2130 5141 2422 5215 stupidum:
2495 5141 2753 5215 balneari
2801 5146 2986 5215 notat,
3053 5141 3190 5196 item
3235 5140 3658 5215 θερμαίνεσθαι,

2021 5207 2165 5286 nihil
2197 5207 2414 5278 obstat,
2448 5229 2562 5286 quo
2606 5213 2801 5269 minus
2831 5211 3142 5286 θνέρμαστρα
3171 5207 3656 5286 θιίαῐὸ’ί)αιοθυω

2020 5285 2200 5353 notet,
2241 5285 2553 5353 prasertim
2605 5301 2738 5340 cum
2786 5285 3147 5342 Calefactoria
3191 5289 3250 5340 et
3296 5285 3660 5340 balneatoria

2012 5351 2220 5426 juncta
2242 5351 2296 5426 et
2331 5355 2441 5410 sibi
2473 5355 2745 5426 contigua
2775 5354 3113 5426 plerumque
3140 5361 3354 5412 essent.

2099 5424 2214 5492 (84)
2252 5425 2490 5498 Vulgari
2544 5424 2859 5482 Graecismo
2916 5424 3036 5479 εἷσέ
3072 5427 3164 5480 hic
3207 5436 3291 5481 est
3331 5443 3435 5498 pro
3474 5424 3522 5477 εἴ
3565 5428 3656 5483 vel

2022 5498 2116 5559 εἷς,
2148 5512 2202 5550 es
2230 5497 2518 5566 patricius,
2555 5498 2606 5549 id
2650 5503 2758 5562 est,
2792 5512 2916 5568 uere
2943 5514 2996 5552 es
3021 5497 3579 5568 patricius,’creatus_
3602 5513 3661 5552 es

2017 5563 2308 5640 patricias,
2357 5567 2988 5640 gaudemuaaudienles
3021 5563 3077 5640 te
3123 5568 3297 5624 talem
3339 5583 3471 5623 esse.
3505 5563 3659 5640 Ei'oE,

2021 5635 2108 5696 vel
2140 5635 2505 5710 ροῑὶυεςείσε,
2519 5642 2610 5690 est
2638 5637 2791 5710 idem
2824 5644 2998 5710 atque
3027 5639 3188 5695 εἶσαι.
3221 5644 3369 5695 Nam
3395 5635 3666 5710 promis;

2022 5706 2307 5780 oue—novi
2329 5708 2509 5760 Grani
2541 5709 2808 5780 scribunt
2837 5706 2983 5780 αιξθι
3021 5731 3064 5780 ε,
3099 5706 3680 5780 ἱίάεωιιυᾷνεὼᾳω

2022 5777 2454 5838 substantivum
2515 5791 2628 5831 non
2681 5776 2820 5850 εἶμί,
2879 5778 2956 5844 εἷς
3011 5775 3100 5843 v'el
3151 5783 3220 5856 αἶ,
3279 5775 3400 5837 {ut
3457 5775 3687 5842 σουδα-
