4180 6304
523 377 642 439 515
1589 369 2113 435 CONSTANTINI
2157 368 2860 432 PORPHYROGENITI
3803 374 3925 433 516

511 511 766 569 venisti!
801 532 828 561 »
859 512 1173 566 Cantores:
1207 531 1236 559 «
1268 507 1467 564 Merito
1505 510 1560 562 te
1591 511 1863 561 amarunt
1902 501 2139 569 domini,

2271 501 2394 573 κίῳ,
2423 501 2513 557 καὶ
2565 500 2817 577 λέγουσιν
2869 503 2921 557 οἱ
2967 501 3214 575 κράκται.
3249 523 3279 553 ‹‹
3326 502 3458 559 Eius
3485 502 3515 556 6
3549 499 3720 573 δεῖνα,
3753 503 3866 558 εἷσε
3897 504 3925 558 6

514 609 581 660 ut
611 603 907 676 egregium
942 599 1308 672 dignumque
1335 598 1527 653 virum
1556 596 1568 650 !
1597 618 1626 647 »
1649 594 1901 669 populus
1927 610 1939 648 :
1964 615 1993 643 «
2023 592 2139 648 Pulr

2270 588 2438 662 δεῖνα,
2471 592 2582 646 εἷσε
2631 592 2658 646 6
2698 589 2866 648 δεῖνα.
2908 613 2938 643 »
2988 591 3080 646 καὶ
3131 591 3158 646 ὁ
3209 590 3342 653 λαός
3375 590 3436 645 ἐκ
3472 592 3540 666 γ’·
3581 611 3608 644 ο
3642 590 3768 649 Eia:
3808 612 3924 647 πα-

513 693 652 749 chre
689 690 880 748 venit!
921 712 949 740 »
982 689 1297 744 Cantores:
1333 709 1361 737 «
1392 688 1498 742 Sed
1545 685 1801 742 omnium
1839 685 2076 740 Creator
2105 698 2136 737 e

2266 680 2498 755 τρίκιος,
2530 681 2657 740 εἷσε.
2682 704 2711 732 ››
2756 683 2823 738 Οἱ
2865 680 3116 755 κράκται·
3169 701 3197 734 α
3235 677 3432 742 Καλῶς
3471 677 3638 748 ἦλθες
3687 680 3758 750 ⁵9,
3785 700 3928 755 προ-

515 781 801 838 Dominus
826 805 838 847 ;
865 801 893 829 »
917 777 1207 851 populus:
1232 799 1260 826 ‹‹
1294 774 1540 832 Pulchre
1567 774 1759 831 venit!
1789 795 1818 824 »
1848 777 2122 829 Cantores

2270 765 2414 838 6ολή
2446 773 2552 824 τῶν
2591 769 2907 844 εὐεργετῶνο
2949 790 2976 822 ιι
3029 770 3057 824 6
3103 767 3256 831 λαός·
3301 791 3329 822 α
3361 767 3559 829 Καλῶς
3578 765 3749 837 ἦλθες
3786 770 3859 829 ⁸ο.
3898 795 3918 822 ι

517 891 545 920 ‹‹
577 872 678 936 Te,
707 885 740 925 o
773 867 1034 940 patricio,
1068 882 1238 938 quam
1273 865 1602 921 diutissime
1635 867 1934 921 conservet
1961 861 1974 916 ι
2009 881 2034 913 ι
2095 924 2099 928 ⁴

2271 858 2338 914 Οἱ
2366 860 2614 930 κράκται·
2649 881 2677 909 ‹‹
2721 855 2919 918 Καλῶς
2956 855 3144 926 ἦλθες,
3193 856 3400 927 ποθητὶ
3435 859 3542 911 τῶν
3580 853 3855 915 ἀνᾶκτων.
3893 881 3920 910 ››

513 961 540 1012 ὁ
573 957 723 1018 λαός·
760 980 788 1008 ‹‹
820 955 1020 1017 Καλιῖς
1049 955 1238 1022 ἦλθες.
1275 977 1303 1006 n
1335 956 1404 1012 Ol.
1424 957 1670 1028 κράκταιο
1710 977 1730 1005 ιι
1767 951 1964 1013 Καλῶς
1995 948 2162 1019 ἦλθεν
2195 949 2223 1003 6
2257 947 2472 1024 εὐγενὴς
2501 946 2561 1002 ἐκ
2587 946 2896 1022 προγόνων
2936 970 2957 998 ο
2994 948 3021 1001 6
3050 945 3202 1015 λαὸς,
3237 970 3266 998 ‹‹
3311 945 3507 1007 Καλῶς
3567 944 3759 1014 ἦλθεν.
3798 970 3827 999 ››
3855 950 3925 1006 Οἱ

507 1048 754 1120 κράκται·
815 1070 843 1098 ‹‹
904 1043 1104 1106 Καλῶς
1170 1042 1363 1114 ἦλθες,
1431 1045 1458 1099 6
1527 1042 1675 1098 δεῖνα
1737 1041 1988 1116 πατρίκιε
2016 1040 2123 1095 τῶν
2181 1036 2547 1110 Ῥωμαίων.»
2611 1038 2640 1092 6
2700 1036 2854 1099 λαὸς·
2926 1061 2947 1088 ι
2995 1035 3221 1111 ξΚαλῶς
3259 1034 3424 1105 ἦλθες
3481 1036 3552 1092 θί.
3594 1057 3624 1086 »
3664 1035 3733 1092 Οἱ
3774 1038 3920 1110 κρά-

508 1155 650 1191 κται·
698 1160 728 1189 κ
782 1133 980 1198 Καλῶς
1041 1135 1209 1204 ἧΛθες
1259 1134 1335 1194 είς
1383 1132 1652 1214 σιλοῦντά
1699 1133 1755 1186 σὲ
1807 1129 1982 1203 δῆμον
2027 1131 2096 1166 ⁸³·
2147 1149 2172 1181 ιδ
2215 1128 2243 1182 6
2289 1125 2444 1189 λαός.
2498 1150 2528 1180 (ι
2588 1125 2788 1188 Καλῶς
2845 1127 3034 1196 ἦλθες.
3097 1150 3125 1177 ››
3189 1127 3255 1184 Οἱ
3312 1126 3559 1200 κράκται’
3635 1148 3664 1176 ι(
3723 1127 3921 1196 Ἀξίως

507 1248 566 1283 σε
635 1227 928 1305 ἠγάπησαν
998 1227 1050 1280 οἱ
1111 1223 1388 1293 δεοπόται,
1460 1245 1534 1286 ως
1606 1223 1735 1278 ὄντα
1796 1221 2030 1297 καθαρὸν
2087 1219 2180 1274 καὶ
2245 1215 2481 1287 ἐπάξιονο
2543 1241 2572 1270 »
2625 1219 2653 1272 6
2694 1216 2846 1281 λαός·
2903 1239 2934 1272 ι(
2975 1217 3168 1278 Καλῶς
3205 1214 3395 1286 ἦλθες.
3441 1242 3470 1271 ››
3511 1218 3577 1277 Oi‘
3658 1221 3918 1298 κράκται·

508 1317 723 1374 ‹‹“Αλλ’
757 1319 784 1371 ὀ
816 1320 1031 1374 πάντων
1066 1317 1312 1387 Ποιητής
1335 1315 1427 1370 καὶ
1481 1315 1783 1384 Δεσπότης.
1819 1336 1847 1364 ››
1880 1313 1908 1366 6
1959 1309 2112 1374 λαὸς.
2146 1333 2176 1364 ‹‹
2230 1307 2427 1370 Καλῶς
2476 1306 2666 1377 ἦλθεν.
2721 1331 2749 1360 »
2797 1309 2865 1365 Οἱ
2909 1307 3160 1382 κράκται·
3214 1331 3244 1360 ‹‹
3302 1308 3538 1384 Φυλάξει
3589 1334 3666 1386 σε,
3721 1311 3920 1386 πατρί..

507 1429 609 1480 κιε,
644 1409 721 1472 εἷς
749 1406 936 1478 πλήθη
973 1407 1188 1482 χρόνων
1205 1410 1272 1463 ⁸³.
1303 1429 1330 1458 ι)

580 1503 656 1557 ΙΙ.
691 1501 831 1556 Inde
876 1501 1122 1573 gradum
1173 1500 1500 1555 dimovente
1547 1497 1808 1570 patricio,
1849 1494 2139 1551 comitatu:

2336 1496 2394 1544 Β.
2440 1489 2542 1545 Καὶ
2596 1488 2992 1552 ἆποκινοῦντος
3048 1494 3146 1546 τοῦ
3170 1493 3482 1566 πατρικίου,
3543 1494 3787 1568 ὀψικεύει
3818 1491 3918 1569 ’ἐμ-

507 1605 641 1645 eum
703 1605 736 1644 a
794 1589 984 1644 fronte
1043 1587 1318 1660 populus,
1369 1590 1424 1642 et
1479 1584 1831 1657 apelaticum
1890 1582 2030 1638 dicit
2083 1599 2139 1637 e1

2261 1579 2491 1653 προσθεν
2538 1577 2702 1633 αὐτοῦ
2740 1579 2767 1632 6
2827 1575 3028 1651 δῆμος,
3069 1577 3248 1654 λέγων
3308 1579 3634 1638 ἀπελκτικὸν
3695 1583 3804 1662 ἤχ.
3850 1581 3913 1642 δ’.

507 1683 708 1749 quarto
739 1682 876 1733 tono
903 1692 916 1733 :
943 1699 970 1727 ‹‹
994 1679 1038 1732 Α
1061 1691 1332 1747 suprema
1363 1673 1734 1730 Providentia
1757 1671 2016 1729 coronati
2051 1686 2150 1740 pro

504 1767 707 1821 merito
738 1781 842 1820 suo
873 1767 929 1820 et
955 1763 1373 1835 sapientissimi
1407 1762 1799 1817 benefactores
1823 1767 1900 1828 te,
1930 1764 1992 1814 ut
2021 1759 2151 1814 cha-

503 1854 804 1910 rissimum
836 1870 1092 1922 servum,
1127 1853 1194 1910 N.
1228 1852 1322 1918 N.,
1347 1852 1598 1908 summis
1629 1851 1950 1907 honoribus
1981 1865 2146 1904 orna-

502 1947 661 2011 runt,
695 1942 1226 2015 protospatharium
1259 1941 1544 1997 illustrem
1579 1945 1636 1996 et
1667 1940 1921 1995 nobilem
1953 1955 1986 1993 a
2018 1954 2142 1992 ma-

495 2032 749 2102 joribus,
775 2033 965 2102 adque
994 2031 1360 2102 splendidam
1393 2029 1619 2102 patricii
1653 2028 1993 2100 dignitatem
2019 2042 2150 2097 pro-

501 2126 799 2179 vexerunt.
837 2141 860 2173 υ
895 2121 983 2176 Sic
1016 2121 1316 2176 abducunt
1345 2136 1477 2174 eum
1511 2119 1570 2174 in
1603 2117 1883 2188 obsequio
1923 2114 1996 2170 ad
2034 2115 2147 2170 Ve-

503 2215 698 2267 netam
725 2211 1063 2278 factionem;
1084 2209 1219 2265 illuc
1240 2209 1394 2264 enim
1420 2209 1628 2264 delatis
1648 2207 1865 2262 desinit
1885 2221 2144 2272 carmen;

503 2317 620 2372 quo
670 2301 843 2370 facto,
885 2306 1149 2355 cantores
1193 2299 1429 2366 dicunt;
1465 2320 1493 2347 «
1529 2297 1682 2353 Deus
1729 2300 1948 2362 sancte,
1981 2310 2148 2351 serva

499 2389 852 2462 patricium;
887 2411 915 2439 »
951 2388 1200 2460 populus
1231 2393 1354 2444 ter:
1389 2410 1416 2436 «
1453 2387 1602 2442 Deus
1645 2391 1860 2441 sancte.
1897 2404 1925 2435 »
1956 2384 2146 2440 Factio

497 2479 846 2536 Venetorum
883 2478 940 2533 in
973 2478 1168 2534 chalce
1212 2476 1521 2549 patricium
1553 2475 1785 2546 excipit,
1817 2472 2145 2546 peragitur-

499 2581 614 2636 que
643 2565 900 2618 ofﬁcium
933 2568 986 2619 et
1018 2564 1158 2618 ordo
1203 2562 1491 2630 factionis,
1524 2568 1588 2617 ut
1626 2568 1761 2617 ante
1792 2579 1825 2616 a
1854 2562 2096 2615 Prasina
2127 2575 2141 2615 :

501 2659 777 2724 praeterea
808 2651 951 2706 dicit
989 2650 1336 2723 apelalicum
1371 2651 1489 2706 toni
1524 2651 1634 2706 IV:
1671 2670 1695 2702 α
1729 2652 1774 2704 Α
1807 2655 1917 2704 Deo
1947 2653 2143 2704 custo-

503 2741 691 2807 diti,»
735 2746 800 2796 ut
847 2757 1020 2812 supra
1062 2740 1306 2796 relatum
1353 2745 1459 2796 est.
1498 2739 1711 2794 Deinde
1755 2754 1857 2810 per
1903 2737 2141 2809 chytum

499 2830 725 2888 chalces
767 2836 1155 2900 sanctumque
1197 2835 1458 2900 puteum,
1494 2830 1589 2884 ubi
1633 2845 1827 2884 cereos
1858 2827 2138 2898 accendit,

497 2921 730 2990 transit,
747 2937 812 2976 ac
832 2921 1074 2989 soleam,
1091 2920 1189 2975 ubi
1207 2919 1618 2975 antimensium
1638 2924 1773 2986 stat,
1790 2918 2137 2990 ingreditur.

492 3010 564 3064 At
595 3009 920 3082 patriarcha
952 3011 1065 3065 exit
1097 3027 1130 3064 a
1160 3010 1410 3064 sacrario
1442 3015 1687 3080 ejusque
1718 3006 2016 3064 codicillos
2049 3023 2144 3060 su-

493 3098 618 3163 mit,
666 3115 811 3167 quos
858 3099 916 3151 in
969 3098 1315 3152 antimensio
1373 3097 1620 3168 reponit,
1672 3095 1882 3151 deinde
1940 3110 2138 3165 preces

493 3184 650 3251 facit,
673 3194 726 3240 et
749 3186 841 3240 his
875 3185 1074 3253 finitis,
1098 3186 1340 3256 patricio
1372 3184 1670 3240 codicillos
1699 3185 1895 3252 tradit,
1921 3183 2134 3254 quibus

2261 1691 2291 1720 α
2319 1668 2386 1724 Οἱ
2426 1665 2485 1722 ἐκ
2511 1674 2610 1737 τῆς
2633 1664 2743 1721 ἅνω
2775 1667 3040 1741 Προνοίας
3071 1665 3392 1743 ἐστεμμένοι
3422 1669 3718 1740 ἀξιοδότως
3749 1675 3914 1748 ⁶⁴(90)

2260 1756 2526 1810 πάνσοωοι
2559 1756 2829 1832 εὐεργέται
2863 1777 2940 1824 σε,
2991 1757 3068 1820 ὡς
3113 1757 3574 1834 προσφιλέστατον
3626 1759 3854 1829 δοῦλον,
3885 1763 3911 1817 6

2262 1841 2426 1911 δεῖνα,
2471 1843 2736 1917 ἐτίμησαν
2795 1843 2848 1899 ἐν
2901 1846 3216 1920 ὑπερτέραις
3278 1847 3468 1918 ἀξίαις,
3499 1851 3910 1923 πρωτοσπαθά-

2265 1953 2378 2008 ριον
2420 1929 2636 2007 ἔντιμον
2664 1935 2755 1989 καὶ
2795 1934 2986 2009 εὐγενῆ
3015 1933 3073 1990 ἐκ
3119 1936 3425 2011 προγόνων,
3459 1939 3550 1993 καὶ
3601 1939 3679 2001 είς
3743 1939 3910 2014 ὑπὲρ·

2257 2043 2420 2097 τιμον
2471 2020 2647 2096 δόξαν,
2702 2025 2803 2093 τήν
2861 2027 3149 2100 πατρικίου
3195 2025 3476 2100 ἀνύψωσαν
3535 2027 3700 2098 άξίαν.
3746 2052 3778 2080 ››
3811 2030 3911 2084 Καὶ

2259 2112 2557 2188 ἀπάγουσιν
2616 2112 2776 2168 αὐτὸν
2835 2112 3178 2188 ὀψικεύοντες
3225 2111 3331 2178 ἓως
3386 2123 3484 2187 τῆς
3535 2115 3716 2194 δοχῆς
3801 2124 3911 2174 τῶν

2259 2201 2494 2258 Βενέτων
2550 2201 2740 2277 (μέχρι
2784 2203 2885 2277 γὰρ
2917 2202 3088 2258 ἐκεῖσε
3143 2203 3451 2278 πληροῦται
3503 2208 3615 2279 (91)
3643 2208 3709 2262 τὸ
3739 2209 3911 2279 ποίη-

2261 2292 2378 2364 μα),
2410 2291 2500 2344 καὶ
2552 2291 2689 2362 μετὰ
2742 2289 2804 2346 τὸ
2851 2290 3212 2364 πληρωθῆναι
3265 2291 3512 2368 λέγουσιν
3559 2296 3611 2349 οἱ
3677 2297 3909 2370 κράκται

2255 2373 2316 2433 ἔσ
2370 2382 2436 2438 53.
2471 2403 2500 2432 «
2557 2381 2618 2437 Ὀ
2667 2381 2796 2442 Θεὸς
2845 2381 2874 2435 6
2915 2381 3092 2455 ἅγιος,
3153 2387 3329 2437 σῶσον
3379 2385 3471 2439 τὸν
3513 2386 3819 2460 πατρίκιον.
3881 2412 3903 2438 ι

2253 2469 2342 2522 καὶ
2368 2470 2396 2523 6
2430 2469 2564 2530 λαὸς
2604 2468 2662 2524 ἐκ
2693 2477 2740 2545 γ’
2760 2463 2833 2524 ἔσ.
2868 2494 2894 2521 ‹‹
2943 2471 3002 2527 Ὀ
3052 2471 3183 2533 Θεὸς
3244 2473 3272 2526 6
3316 2467 3497 2546 ἅγιος.
3533 2497 3560 2525 ››
3619 2474 3710 2528 καὶ
3745 2471 3908 2551 δέχε-

2252 2579 2339 2612 ται
2401 2559 2560 2614 αὐτὸν
2605 2559 2670 2614 τὸ
2731 2560 2894 2632 μέρος
2935 2565 3043 2616 τῶν
3088 2561 3323 2618 Βενὲτων
3375 2563 3451 2625 εἷς
3497 2567 3597 2634 τήν
3655 2572 3906 2639 χαλκῆν,

2250 2648 2341 2704 καὶ
2371 2651 2634 2726 γίνεταιὴ
2677 2649 2973 2705 ἀκολουθία
3018 2651 3108 2706 καὶ
3156 2654 3190 2721 ἡ
3233 2651 3380 2723 τάξις
3426 2655 3525 2722 τῆς
3576 2651 3775 2729 δοχῆς,
3805 2677 3908 2712 κα-

2253 2739 2361 2800 θὼς
2409 2738 2498 2794 καὶ
2557 2739 2750 2814 πρώην
2800 2739 2887 2794 ἐπὶ
2918 2746 3018 2810 τῆς
3065 2737 3242 2816 δοχῆς
3289 2746 3397 2797 τῶν
3419 2743 3904 2817 ἷίρασίνωνοπλὴν

2253 2823 2456 2900 λέγειδδ
2488 2827 2815 2883 ἀπελατικὸν
2845 2825 2945 2902 ἧχ’
2981 2827 3043 2884 δ’.
3087 2853 3116 2881 ‹‹
3162 2831 3230 2886 Οἱ
3287 2830 3347 2885 ἐκ
3402 2836 3535 2886 Θεοῦ
3592 2836 3907 2907 κρατούμε-

2248 2937 2354 2983 νοι,
2389 2941 2418 2968 ››
2443 2917 2516 2978 ὡς
2548 2917 2890 2994 προεγράφη,
2927 2918 3026 2973 Καὶ
3061 2916 3335 2993 διέρχεται
3368 2917 3456 2974 διὰ
3481 2924 3580 2975 τοῦ
3605 2921 3784 2997 χύτου
3802 2930 3906 2993 τῆς

2251 3002 2488 3079 χαλκῆς,
2523 3005 2613 3058 καὶ
2653 3003 2957 3080 εἰσέρχεται
2988 3003 3064 3066 εἷς
3089 3006 3152 3060 τὸ
3182 3009 3332 3083 ἅγιον
3390 3009 3557 3082 φρὲαρ
3606 3007 3698 3064 καί
3743 3013 3903 3068 ἅπτει

2247 3093 2472 3169 κηροὺς,
2497 3095 2586 3149 καὶ
2614 3095 2765 3168 ’μετὰ
2805 3099 2966 3150 τοῦτο
3020 3096 3322 3171 εἰσέρχεται
3365 3097 3444 3162 εἴς
3496 3100 3599 3170 τήν
3658 3101 3900 3172 σωλέαν,

2248 3181 2373 3238 ἔνθα
2397 3181 2613 3239 ’ίσταται
2643 3185 2704 3238 τὸ
2753 3183 3078 3257 ἀντιμίσιον.
3126 3186 3187 3242 Ὀ
3238 3184 3295 3240 δὲ
3349 3189 3698 3264 πατριάρχης
3759 3189 3900 3266 ἐξὲρ-

492 3245 766 3347 acceptis,
799 3245 1206 3347 apocombi‘um
1237 3275 1316 3330 ibi
1350 3276 1599 3347 reponit.
1632 3274 1851 3330 Deinde
1881 3245 2132 3346 patriar-

2879 3245 2888 3257 ι
3461 3245 3470 3262 I
3554 3245 3563 3263 ι
3590 3245 3628 3264 Ν
3653 3245 3662 3259 Ι
3684 3245 3696 3252 ⁷
3786 3245 3868 3266 ’νΓ

2246 3293 2398 3348 χεται
2452 3275 2555 3329 ἀπὸ
2600 3277 2696 3328 τοῦ
2743 3274 3149 3350 θυσιαστηρίου,
3192 3277 3280 3331 καὶ
3327 3274 3592 3351 λαμϐάνει
3641 3281 3734 3335 τὸν
3781 3301 3896 3336 κως-

493 3363 606 3420 cha
636 3365 787 3420 149
821 3365 1143 3420 sacrarium
1175 3365 1373 3433 intrat,
1405 3368 1462 3420 et
1493 3365 1564 3420 ad
1607 3364 1806 3432 altare,
1841 3364 1940 3418 ubi
1975 3361 2136 3419 festis

489 3453 690 3510 diebus
721 3454 896 3511 etiam
928 3454 1307 3525 imperatores
1337 3453 1796 3519 communicant,
1823 3453 2020 3508 abitet
2041 3470 2136 3509 sa-

481 3557 637 3598 cram
674 3559 899 3599 coenam
935 3543 1174 3615 patricio
1205 3542 1504 3614 impertit:
1531 3543 1652 3607 Quo
1685 3546 1939 3613 peracto,
1962 3544 2136 3615 patri-

484 3631 611 3687 cius
641 3632 716 3688 ad
747 3649 1057 3689 scamnum
1093 3633 1464 3704 patriciorum
1508 3632 1778 3698 discedit,
1811 3648 2135 3704 sagumque

485 3742 845 3798 purpureum
875 3725 1087 3793 induit,
1112 3730 1170 3780 et
1192 3725 1324 3781 inde
1347 3725 1567 3792 exiens,
1592 3741 1739 3796 equo
1770 3727 2013 3781 domum
2040 3740 2136 3780 ve-

487 3815 670 3885 hitur,
695 3815 912 3872 adictis
947 3814 1221 3871 omnibus
1243 3820 1299 3871 et
1319 3815 1546 3870 duabus
1573 3814 1923 3870 factionibus
1955 3815 2137 3885 stipa-

488 3907 607 3970 tus,
636 3919 884 3974 quarum
931 3919 1297 3974 unaquaeque
1337 3919 1508 3958 suum
1551 3902 1904 3972 apelaticum
1952 3903 2129 3958 dicit:

484 3993 845 4049 silentiarius
868 3997 1085 4062 autem,
1111 4009 1316 4063 sagum
1347 4008 1582 4048 russum
1607 3993 1978 4063 ferens,equo
2001 4009 2136 4048 con-

485 4098 712 4152 scenso,
747 4081 1080 4154 patricium,
1115 4083 1283 4150 cujus
1317 4079 1617 4134 codicillos
1651 4084 1859 4149 portat,
1893 4081 2134 4135 comita-

479 4174 596 4228 tur.
632 4175 894 4241 Cumque
942 4170 1181 4224 domum
1234 4183 1402 4222 suam
1448 4167 1533 4223 sic
1567 4168 1856 4224 deductus
1895 4172 2001 4235 est,
2037 4184 2133 4225 co-

483 4261 653 4314 mites
704 4275 906 4314 omnes
955 4274 1089 4312 cum
1138 4257 1391 4311 duarum
1437 4256 1758 4312 factionum
1796 4257 2132 4314 hominibus

479 4350 885 4411 revertuntur;
916 4345 1243 4402 convivium
1284 4360 1418 4401 vero
1462 4361 1596 4400 cum
1629 4346 1867 4418 patricio
1900 4346 1957 4401 in
1990 4347 2130 4402 aedi-

477 4434 588 4489 bus
615 4435 740 4503 ejus
774 4435 1069 4506 praapositi
1099 4433 1316 4506 aliique
1346 4434 1572 4506 patricii
1606 4440 1662 4491 et
1681 4436 1984 4505 ofﬁciales,
2011 4437 2128 4493 duo

477 4523 773 4578 demarchi
809 4527 865 4578 et
886 4523 1246 4581 silentiarius
1268 4541 1334 4581 eo
1359 4525 1448 4579 die
1470 4524 1767 4581 celebrant
1791 4543 1804 4582 :
1829 4525 2127 4598 prmpositi

2241 3360 2495 3418 δίκελλον
2535 3363 2724 3434 αὐτοῦ,
2755 3363 2844 3417 καὶ
2893 3363 3101 3435 τίθησιν
3144 3363 3310 3420 αὐτοῦ
3345 3363 3396 3422 ἐν
3447 3371 3526 3440 τῷ
3571 3367 3894 3443 ἀντιμισίῳ,

2240 3452 2356 3508 εἶτα
2385 3452 2658 3520 ποιεῖτὴν
2691 3452 2880 3528 ῗεῦχῆν
2913 3456 2976 3522 ⁸⁷,
3027 3453 3116 3508 καὶ
3168 3453 3303 3527 μετὰ
3342 3456 3441 3524 τήν
3484 3457 3652 3532 εὐχὴν
3714 3456 3893 3514 ἐπιδι-

2241 3537 2373 3595 δωσι
2404 3543 2495 3596 τὸν
2527 3538 2864 3596 κωδίκελλον
2891 3546 2972 3614 τῷ
3011 3542 3300 3617 πατρικίῳ,
3352 3546 3442 3599 καὶ
3499 3545 3634 3619 μετὰ
3676 3547 3740 3603 τὸ
3791 3545 3892 3602 λα·

2240 3625 2354 3685 δεῖν
2385 3630 2434 3667 ⁸⁸
2460 3630 2550 3684 τὸν
2610 3627 2972 3702 κωδίκελλον,
3029 3633 3170 3686 τιθεῖ
3222 3633 3249 3685 6
3315 3635 3602 3708 πατρίκιος
3641 3636 3705 3691 τὸ
3738 3635 3890 3692 ἔπυ-

2237 3714 2470 3792 κόμϐιον
2492 3718 2543 3774 ἐν
2575 3723 2655 3791 τῷ
2694 3719 3004 3792 ἀντιμισίῳ.
3037 3721 3098 3777 Ὀ
3151 3717 3210 3774 δὲ
3257 3721 3604 3799 πατριάρχης
3649 3723 3894 3804 εἰσέρχεο

2236 3829 2324 3863 ται
2353 3810 2409 3862 ἒν
2437 3813 2516 3880 τῷ
2546 3809 2938 3882 θυσιαστηρίῳ,
2987 3809 3078 3864 καὶ
3111 3808 3406 3885 ἀπέρχεται
3437 3809 3490 3865 ἐν
3538 3817 3618 3885 τῷ
3675 3813 3889 3887 ἀντιμι-

2239 3897 2361 3971 σίῳ,
2396 3894 2519 3962 ἔνθα
2549 3898 2636 3952 καὶ
2670 3902 2786 3960 τοῖς
2809 3895 3096 3959 δεσπόταις
3135 3903 3253 3960 ταῖς
3276 3900 3492 3973 ἑορταῖς
3526 3900 3887 3974 μεταδίδωσι,

2238 3988 2325 4042 καὶ
2375 3985 2702 4060 μεταδίδωσι
2757 3991 2836 4058 τῷ
2895 3988 3183 4062 πατρικίῳ·
3239 3990 3373 4060 μετὰ
3419 3987 3476 4044 δὲ
3497 3991 3596 4058 τήν
3635 3991 3888 4064 μετάλη-

2238 4079 2328 4148 ψιν
2357 4075 2654 4149 ἀπέρχεται
2686 4076 2714 4129 6
2744 4074 3028 4149 πατρίκιος
3060 4076 3137 4138 εἰς
3162 4078 3224 4131 τὸ
3269 4077 3505 4152 σκάμνον
3531 4083 3638 4134 τῶν
3690 4101 3890 4156 πατρι-

2235 4164 2391 4234 κίων,
2424 4163 2512 4217 καὶ
2543 4158 2935 4238 περιϐάλλεται
2967 4164 3223 4235 ἀληθινὸν
3263 4167 3474 4240 σαγίον,
3525 4168 3614 4223 καὶ
3666 4169 3890 4249 ἐξέρχε-

2235 4273 2321 4308 ται
2353 4252 2458 4308 ἀπὸ
2479 4257 2588 4307 τῶν
2639 4250 2828 4319 ἐκεὶσε,
2860 4251 2951 4308 καί
2997 4249 3402 4325 καϐϐαλικεύει,
3435 4257 3525 4311 καὶ
3585 4258 3887 4333 ἆπὲρχετκι

2236 4340 2288 4396 ἐν
2327 4346 2404 4413 τῷ
2435 4341 2774 4413 οἷ’κῳαύτοῦ,
2799 4341 3186 4416 ὁψικευόμενος
3207 4344 3310 4399 ὑπὸ
3335 4349 3441 4400 τῶν
3465 4349 3885 4420 προειρημένων

2234 4432 2323 4486 καὶ
2359 4431 2460 4486 ὑπὸ
2499 4435 2605 4486 τῶν
2636 4428 2731 4486 δύο
2765 4428 2982 4503 δήμων,
3012 4433 3102 4486 καὶ
3135 4431 3284 4508 λέγει
3336 4430 3564 4498 ἕκαστος
3609 4437 3791 4492 αὐτῶν
3823 4439 3888 4493 τὸ

2235 4521 2376 4578 ἴδιον
2433 4521 2782 4578 ἀπελατικόν·
2836 4524 2863 4577 6
2919 4520 2975 4578 δὲ
3020 4521 3382 4600 σιλεντιάριος
3443 4532 3625 4605 φορῶν
3695 4528 3889 4605 σαγίον

479 4627 706 4682 quoque
735 4612 951 4684 singuli
982 4619 1166 4670 vestes
1199 4622 1493 4684 consutas,
1520 4615 1700 4672 limbo
1724 4631 2010 4687 purpureo
2037 4633 2125 4673 or-

2246 4610 2385 4683 ὂοῆς,
2447 4609 2535 4665 καὶ
2587 4609 2748 4673 αὐτὸς
2794 4606 3188 4687 καϐαλλάριος,
3239 4612 3480 4688 ὀψικεύει
3535 4615 3628 4672 τὸν
3687 4617 3889 4692 πατρί-

477 4703 664 4769 natas,
696 4701 917 4756 tribuni
947 4718 1046 4758 seu
1075 4704 1373 4762 demarchi
1405 4707 1574 4762 abdia
1607 4704 1922 4776 accipiunt.

2229 4722 2370 4770 κιον,
2407 4701 2687 4775 βαστάζων
2721 4701 2782 4756 τὸ
2840 4699 3038 4757 τούτου
3082 4699 3443 4762 κωδίκελλον.
3495 4704 3593 4760 Καὶ
3645 4707 3784 4779 μετὰ
3821 4710 3889 4765 τὸ

480 4789 718 4856 σωθῆναι
769 4790 861 4843 τὸν
911 4810 1196 4864 πατρικιον
1250 4792 1326 4855 εἷς
1382 4794 1474 4848 τὸν
1524 4795 1672 4849 οἶκον
1721 4792 1884 4848 αὐτοῦ
1934 4791 2358 4869 ὑποστρέφουσιν
2410 4790 2460 4845 οἰ
2512 4789 2861 4864 ὀψικεύοντιι,
2915 4791 3112 4855 πάντες
3155 4793 3242 4847 καὶ
3297 4794 3349 4847 οἱ
3403 4798 3510 4849 τῶν
3559 4792 3655 4851 δύο
3704 4803 3885 4870 μερῶν

473 4874 664 4952 δῆμοι,
725 4885 1102 4935 συνεστιῶνται
1152 4877 1208 4935 δὲ
1252 4886 1330 4954 τῷ
1387 4884 1661 4959 πατρικίῳ
1741 4884 1792 4940 ἐν
1850 4888 1930 4956 τῷ
1980 4883 2116 4957 οἷ’κῳ
2175 4884 2338 4938 αὐτοῦ
2390 4885 2459 4956 τῇ
2507 4879 2642 4954 αὐτῇ
2703 4882 2888 4956 ἡμέρᾳ
2945 4883 2998 4936 οἱ
3044 4884 3387 4958 πραιοόσιτοι
3435 4885 3524 4940 καὶ
3572 4883 3753 4964 ἕτεροι
3783 4909 3892 4944 πα-

1846 5011 2093 5068 νΑΡιΙλΕ
2131 5008 2518 5068 LECTIONES

553 5112 598 5202 :59
627 5110 764 5181 ἦλθε
806 5114 896 5168 ed.
974 5111 1020 5149 5°
1044 5109 1218 5202 ᾔλθεν
1250 5114 1342 5202 ed'.
1420 5112 1463 5148 ⁶¹
1498 5116 1704 5202 ΣᾏΟΛ,
1737 5115 1955 5202 Ἰςιροη
1988 5113 2094 5186 δτι,
2124 5118 2221 5171 τοῦ
2271 5111 2568 5202 δημάρχου
2617 5109 2892 5202 λὲγοντος
2947 5135 2973 5168 α
3022 5111 3221 5202 Καλῶς
3267 5116 3455 5202 ᾖλςθες,
3509 5116 3555 5202 ὁ,
3581 5114 3732 5174 δεῖνα
3781 5138 3892 5202 πα-

474 5182 675 5274 τρίκιξ,
711 5207 739 5234 ››
771 5189 1066 5274 προσκυνεῖ
1091 5184 1132 5274 ‘6
1161 5183 1451 5272 πατρίκιος
1478 5185 1614 5256 πρὸς
1633 5182 2089 5274 ’τὸνωδήμαρχον
2125 5207 2214 5274 και
2258 5182 2595 5274 τρρν”δῇίξον’
2626 5182 2714 5237 καὶ
2739 5184 2774 5274 ’ὁ
2828 5182 3005 5274 δῆμὀς
3045 5187 3181 5261 πρὸς
3230 5182 3389 5244 αὐτὸν
3428 5182 3660 5274 ὁμοίως,
3710 5195 3890 5247 ποιῶν

472 5251 535 5336 ἐξ
569 5251 761 5336 σέϐαςζ
816 5251 881 5290 ’⁸³
909 5255 986 5316 εἰς
1026 5251 1323 5336 φιλοῦγτάς
1355 5251 1557 5336 δῆμον-
1579 5259 1707 5336 eda
1751 5257 1804 5336 δεῖ
1847 5251 2053 5336 ’χρόνξν
2109 5261 2207 5336 ad,
2276 5258 2344 5336 6“
2363 5251 2637 5336 ᾅξιοδόται
2687 5257 2779 5313 ed.
2857 5251 3002 5310 ⁸³’ἔσ
3049 5251 3166 5316 oin.
3217 5263 3308 5319 ed.
3384 5263 3428 5298 “
3463 5251 3731 5336 ¹λέγουξιιν
3785 5269 3892 5322 aut

1873 5332 1886 5347 \

477 5322 695 5402 λέγεται
728 5331 794 5384 R.
820 5345 908 5385 ex.
935 5322 1244 5400 compend.
1277 5330 1404 5386 cod.

1512 5329 1557 5364 5"
1583 5328 1718 5401 μετᾶ
1756 5325 1927 5404 εὖχῆν
1949 5332 2039 5388 ed.
2117 5332 2164 5366 ⁸⁸
2193 5325 2493 5402 λαμϐάνειν
2541 5328 2632 5384 ed.

1511 5449 1718 5506 JOAN.
1758 5450 1903 5506 JAC.
1948 5449 2209 5506 REISKII
2251 5446 2853 5505 COMMENTARIUS.

546 5573 658 5654 (20)
712 5571 1039 5654 ’_AE:o86w¢
1095 5575 1249 5654 idem
1313 5581 1487 5654 atque
1533 5575 1694 5654 ἀξίως
1749 5578 1930 5654 ναίει,
1969 5595 2124 5636 coro-

477 5647 604 5723 nati
631 5659 665 5723 ιι
701 5648 927 5723 D_e_o_ex
963 5647 1161 5723 ηιςζὶιο
1207 5664 1332 5719 suo,
1368 5647 1520 5707 d‘ono
1558 5647 1618 5707 i’n
1653 5651 1842 5708 locum
1877 5647 2121 5723 dignum

478 5711 704 5768 collato.
736 5717 868 5771 Vid.
901 5733 958 5788 p.
991 5717 1138 5798 183._

2307 5577 2422 5651 (91)
2449 5579 2612 5660 .Illuc
2657 5579 2806 5660 εγιίηι
2851 5579 3048 5660 delatis
3096 5553 3490 5660 βῃίιξ-ἀθείηἰί
3535 5600 3791 5654 carmen,
3824 5598 3887 5641 eo

2232 5666 2404 5722 usque
2437 5651 2582 5706 inter
2609 5651 3006 5708 ambulandum
3033 5651 3302 5710 cantando
3327 5659 3660 5728 protensum.
