4180 6304
216 339 328 401 51⁵1

1093 340 1193 401 DE
1235 337 1700 402 CERIMONIIS
1746 337 1979 400 AULIE
2023 337 2501 405 BYZANTINIE
2544 342 2692 403 LIB.
2739 342 2787 403 Ι.

3521 345 3639 407 518

217 471 419 548 τρίκιοι
448 472 548 526 καὶ
581 469 928 551 όφφικιάλιοι
966 471 1053 525 καὶ
1083 471 1136 525 οἱ
1169 467 1264 525 δύο
1296 466 1581 546 δήμαρχοι
1611 468 1701 525 καὶ
1748 471 1776 525 6
1835 467 2214 546 σιλεντιάριος,
2274 474 2326 527 οἱ
2367 469 2426 528 δὲ
2480 473 2836 548 πραιπόσιτοι
2867 467 3239 545 λαμϐάνουσιν
3268 471 3370 528 ἆνὰ
3404 474 3638 547 ἱματίων

224 558 583 638 ἰῤῥαμμένων
631 560 738 615 ἀπὸ
765 553 1130 634 τριϐλαττίων
1158 559 1206 594 ⁶⁹
1237 558 1540 632 ὀρνεμένων
1570 559 1685 631 (92)
1720 557 1786 631 β’,
1819 557 1909 611 καὶ
1941 558 1994 612 οἱ
2031 554 2317 636 ’δήμαρχοι
2347 557 2513 617 ἀϐδία
2544 566 2676 636 (93).

843 652 1106 708 ΚΕΦΛΛ.
1146 649 1278 706 ΜΘ’.

329 743 470 800 Ὅσα
515 739 600 798 δεῖ
645 741 1087 818 παραφυλάττειν
1126 740 1214 797 ἐπὶ
1253 737 1508 816 προϐολῇ
1539 740 1781 797 ἀνθυπά-

995 835 1122 872 των.

299 906 382 961 Α“.
438 905 724 974 Καθέζεται
783 904 810 958 6
863 901 1120 978 βασιλεὺς
1170 902 1258 959 ἐπὶ
1313 907 1406 959 τοῦ
1458 902 1644 971 σένςου
1695 899 1885 973 ἐστεμ-

233 995 420 1067 μένος,
481 998 663 1073 φορῶν
712 995 810 1063 τήν
859 990 1099 1072 χλανίδα
1145 993 1331 1062 αὑτοῦ,
1389 992 1478 1047 καὶ
1536 993 1774 1047 ἰστανται
1833 991 1886 1044 οἱ

226 1087 322 1138 τοῦ
354 1077 757 1138 κουϐουκλείου
805 1078 1070 1156 ἄρχοντες
1115 1081 1166 1135 ἐν
1218 1084 1287 1154 τῇ
1336 1081 1482 1153 τάξει
1511 1081 1711 1135 αὑτῶν·
1745 1079 1798 1132 οἱ
1830 1075 1888 1132 δὲ

229 1165 935 1247 σπαθαροκουὸικουλάριοι
979 1171 1066 1225 καὶ
1119 1172 1171 1224 οἱ
1221 1164 1671 1243 κουϐικουλάριοι
1704 1165 1887 1223 ἵσταν-

225 1283 312 1318 ται
343 1258 562 1317 ὄπισθεν
588 1264 687 1317 τοῦ
723 1258 994 1335 βασιλέως
1042 1258 1302 1316 κύκλοθεν
1332 1263 1378 1297 ’⁷ο
1415 1262 1528 1332 (94)
1557 1262 1652 1314 τοῦ
1682 1261 1884 1331 ἡμικυ-

224 1351 408 1406 κλίου.
461 1351 514 1405 οἱ
586 1346 644 1404 δὲ
697 1350 1177 1424 πρωτοσπαθάριοι
1238 1350 1290 1404 οἱ
1339 1350 1593 1424 εὐνοῦχοι
1636 1346 1882 1403 ⁴’ίστιινται

221 1439 468 1510 πκησίον
513 1443 612 1494 τοῦ
661 1439 870 1508 σὲνζου,
917 1441 1208 1515 φοροῦντες
1274 1438 1342 1493 τὰ
1405 1432 1633 1492 σαϐάνια
1679 1437 1882 1507 αὐτων,

226 1525 588 1604 βαστάζοντες
633 1528 723 1582 καὶ
765 1529 832 1583 τὰ
881 1522 1267 1591 σπαθοῦάκλια
1312 1526 1511 1584 αὐτῶν.
1561 1525 1659 1581 Καὶ
1701 1521 1884 1581 λαϐὼν

227 1618 495 1692 θυμιατὸν
530 1618 558 1671 6
596 1616 822 1687 παπίας,
871 1619 1041 1690 θυμιᾷ
1089 1614 1318 1690 ὁμοίως,
1369 1617 1443 1678 ὡς
1489 1614 1577 1671 ἐπὶ
1627 1610 1881 1690 προϐολῇ

227 1706 558 1780 πατρικίων,
595 1707 685 1762 καὶ
739 1706 1040 1780 ὑποχωρεῖ.
1074 1705 1203 1762 Εἶτα
1233 1699 1417 1759 λαϐὼν
1459 1708 1628 1778 νεῦμα
1661 1705 1688 1758 6
1719 1723 1884 1778 πραι-

226 1795 456 1860 πόσιτος
500 1794 648 1870 παρὰ
693 1797 790 1850 τοῦ
842 1791 1135 1868 βασιλέως,
1183 1793 1483 1868 εἰσέρχεται
1523 1793 1612 1848 καὶ
1663 1791 1880 1848 ἵσταται

227 1886 394 1958 μέσον
443 1883 746 1958 ἀναμεταξὺ
797 1887 906 1938 τῶν
963 1882 1247 1959 ἀρχόντων
1302 1885 1399 1938 τοῦ
1461 1876 1878 1951 κουϐουκλείου,

221 1974 311 2030 καὶ
368 1974 777 2048 προσκυνήσας,
827 1971 1104 2048 ἐξέρχεται
1157 1971 1208 2027 ἐν
1263 1976 1342 2042 τῷ
1387 1970 1678 2044 τριπέτωνι
1748 1971 1881 2044 μετά

223 2061 319 2119 δὺο
350 2061 672 2138 ὀστιαρίων,
728 2061 820 2116 καὶ
881 2058 1094 2116 ἐκτελεῖ
1149 2061 1339 2134 πάντα,
1391 2061 1448 2115 ὃν
1496 2060 1699 2134 τρόπον
1741 2060 1884 2114 ἀνω-

220 2152 364 2226 τέρω
397 2151 694 2224 εἰρήκαμεν
748 2147 799 2204 ἐν
851 2153 920 2223 τῇ
972 2144 1226 2224 προϐολῇ
1270 2153 1377 2205 τῶν
1428 2148 1747 2224 πατρικίων.
1777 2146 1882 2204 Καὶ

226 2241 431 2314 εἰσάγει
491 2239 666 2315 βῆλον
717 2240 784 2309 α’,
838 2238 1186 2315 μαγίστρους,
1235 2237 1325 2292 καὶ
1365 2237 1642 2294 ἐκτελοῦσι
1687 2237 1881 2308 πάντα,

226 2331 300 2384 ὼς
333 2332 369 2400 ἡ
419 2330 676 2399 συνήθεια
732 2324 874 2402 ἔχει,
933 2326 1143 2401 ὁμοίως
1191 2325 1356 2382 πάλιν
1411 2325 1643 2398 ἐξελθὼν
1685 2326 1881 2400 εἶσάγει

229 2417 406 2493 βῆλον
447 2418 514 2493 β’.
554 2417 876 2490 πατρικίους
917 2415 1008 2471 καὶ
1047 2414 1402 2490 στρατηγοὺς,
1451 2415 1542 2470 καὶ
1590 2413 1781 2477 ἁπλῶς
1819 2416 1886 2469 τὰ

225 2505 401 2562 λοιπᾶ
433 2505 605 2580 βῆλα,
634 2505 762 2569 τούς
795 2525 853 2561 τε
892 2502 1220 2580 δημάρχους
1252 2504 1343 2560 καὶ
1373 2505 1464 2561 τὸν
1495 2504 1884 2578 τοποτηρητὴν

221 2601 335 2653 τῶν
370 2593 620 2670 σχολῶν.
657 2595 764 2651 Καὶ
807 2593 858 2649 εἷ’
903 2597 980 2668 μὴ
1015 2593 1262 2660 εἰσῆλθεν
1311 2593 1364 2650 ἐν
1393 2597 1461 2669 τῇ
1503 2591 1647 2669 δοχῇ
1679 2594 1707 2648 ὁ
1753 2593 1885 2666 μὲλ-

224 2685 345 2742 λων
398 2684 644 2757 γενεσθαι
691 2682 1010 2753 ἀνθύπατος,
1059 2680 1570 2756 προσκαλεσάμενος
1628 2685 1655 2738 ὁ
1731 2681 1887 2755 βασι-

233 2773 370 2835 λεῦς
401 2773 496 2827 τὸν
526 2771 904 2845 πραίπόσιτον,
938 2770 1084 2848 λέγει
1130 2772 1193 2826 τὸ
1241 2766 1416 2844 ὄνομα
1449 2777 1546 2828 τοῦ
1582 2772 1885 2848 μέλλοντος

228 2855 633 2936 προϐληθῆναι,
685 2859 936 2925 κάκεῖνος
1007 2859 1158 2935 λέγει
1204 2864 1285 2932 τῷ
1331 2867 1435 2931 τῆς
1487 2864 1885 2935 καταστάσεως,

235 2950 482 3010 κάκεῖνος
533 2944 716 3004 λαϐὼν
766 2948 950 3020 αὐτὸν,
1011 2949 1087 3012 ὼς
1153 2949 1242 3004 ἐπὶ
1307 2952 1621 3026 πατρικίου,
1670 2951 1888 3024 ’ίστησιν

227 3038 393 3095 αὐτὸν
451 3036 757 3113 ἔμπροσθεν
806 3041 916 3094 τῶν
978 3037 1266 3114 ἀρχόντῶν
1316 3043 1416 3095 τοῦ
1463 3036 1884 3115 κουϐουκλείου,

1915 651 1970 718 Α

2585 654 2815 711 CAPUT
2851 654 3054 711 XLIX.

2167 740 2511 799 Obseruando
2555 746 2614 799 in
2652 746 3006 816 promotione
3041 743 3454 815 proconsulum.

2069 901 2110 955 Ι.
2159 903 2484 976 Imperator
2516 906 2574 962 in
2611 907 2818 964 throno
2851 913 3164 965 coronatus
3185 922 3411 980 suaque
3444 908 3639 963 tunica

1995 989 2231 1047 indutus
2261 993 2444 1064 sedet,
2461 995 2730 1053 cubiculo
2754 999 3004 1069 prefecti
3030 997 3352 1054 secundum
3376 996 3637 1053 ordinem

1995 1097 2194 1148 suum,
2241 1084 2868 1156 spatharocubicularii
2918 1091 2974 1142 et
3031 1087 3378 1144 cubicularii
3417 1091 3636 1158 atergo

1995 1169 2386 1241 imperatoris,
2417 1172 2476 1228 in
2500 1173 2868 1231 semicirculo
2900 1176 3350 1246 protospatharii
3381 1175 3635 1231 eunuchi

1995 1275 2172 1332 propo
2198 1260 2500 1329 thronum,
2553 1263 2800 1319 sabania
2843 1280 2948 1319 sua
2995 1267 3052 1318 et
3079 1265 3527 1334 spathobaculos
3559 1265 3635 1320 fe-

1994 1354 2206 1416 rentes,
2237 1352 2691 1424 astant.Papias,
2724 1352 3018 1408 thuribulo
3051 1358 3308 1424 sumpto,
3341 1354 3631 1422 similiter,

1995 1443 2059 1493 ut
2087 1438 2146 1494 in
2176 1441 2542 1511 processione
2570 1441 2964 1512 patriciorum,
2987 1441 3254 1497 incensat
3281 1450 3334 1497 et
3365 1443 3630 1498 discedit.

1993 1527 2210 1582 Deinde
2240 1528 2410 1600 signo
2437 1530 2508 1584 ab
2537 1530 2884 1601 imperatore
2913 1535 3171 1602 accepto,
3203 1533 3382 1585 intrat
3413 1547 3638 1601 praepo-

1993 1617 2144 1671 situs
2174 1620 2230 1673 ct
2260 1616 2410 1672 inter
2443 1617 2697 1673 cubiculi
2741 1619 3046 1690 praefectos
3078 1619 3302 1675 medius
3331 1624 3468 1687 stat,
3504 1635 3636 1691 per-

1991 1713 2118 1761 acta
2148 1707 2505 1778 adcretione,
2545 1707 2606 1764 in
2638 1708 2982 1778 tripetonem
3014 1724 3146 1764 cum
3186 1709 3419 1764 duobus
3448 1710 3636 1766 ostia-

1991 1793 2095 1848 riis
2127 1795 2400 1864 procedit,
2443 1811 2797 1866 omnemque
2845 1796 3045 1861 ritum,
3080 1812 3256 1867 quem
3306 1797 3366 1851 in
3401 1813 3638 1868 promo-

1990 1881 2148 1938 tione
2215 1884 2590 1955 patriciorum
2649 1901 2829 1955 supra
2895 1884 3286 1955 exposuimus,
3346 1886 3631 1942 observat.

1993 1971 2208 2027 Deinde
2237 1972 2429 2028 velum
2459 1977 2482 2026 Ι
2518 1973 2639 2028 sive
2671 1974 3004 2045 magistros,
3039 1975 3140 2044 qui
3166 1974 3381 2042 omnia,
3414 1981 3478 2030 ut
3512 1991 3634 2031 mos

1991 2065 2099 2130 est,
2133 2061 2474 2132 perficiunt:
2507 2061 2718 2119 iterum
2751 2061 3240 2134 egressus,velum
3272 2064 3340 2131 II,
3361 2063 3634 2134 patricios

1992 2153 2049 2204 et
2079 2157 2374 2222 strategos,
2408 2156 2730 2222 ceteraque
2761 2151 2910 2216 vela,
2951 2151 3292 2207 demarchos
3313 2169 3546 2224 quoque
3577 2162 3636 2210 et

1994 2238 2324 2295 scholarum
2356 2240 2630 2296 vicarium
2679 2240 2938 2316 adducit.
2973 2240 3032 2294 Si
3079 2255 3214 2295 vero
3242 2240 3477 2297 futurus
3509 2259 3638 2313 pro-

1994 2327 2197 2384 consul
2230 2330 2288 2383 in
2321 2328 2688 2400 processione
2720 2345 2830 2384 non
2865 2327 3166 2399 ingressus
3189 2333 3297 2396 est,
3325 2333 3634 2402 praeposito

1994 2416 2176 2473 accito
2209 2418 2520 2488 imperator
2565 2433 2776 2473 nomen
2814 2418 3190 2488 promovendi
3225 2419 3384 2487 dicit,
3418 2419 3511 2476 hic
3541 2437 3637 2478 ce-

1995 2506 2354 2575 rimoniario,
2385 2507 2486 2577 qui
2519 2507 2708 2577 ipsum
2741 2505 3049 2577 excipiens,
3085 2509 3146 2560 ut
3179 2524 3359 2578 supra
3388 2509 3459 2563 de
3491 2526 3634 2580 prm-

1996 2595 2183 2666 posito
2231 2595 2604 2652 observatum
2655 2598 2762 2662 est,
2812 2610 3006 2650 coram
3052 2595 3334 2666 praefectis
3379 2597 3637 2656 cubiculi

1998 2686 2222 2755 statuit,
2280 2693 2334 2741 et
2389 2700 2744 2756 purpureum
2805 2683 3248 2755 quaternionem
3304 2685 3636 2756 imperatori

1995 2777 2219 2835 tradit:
2253 2775 2410 2832 150
2461 2774 2904 2832 cerimoniarius
2949 2791 3085 2832 vero
3136 2792 3271 2832 cum
3312 2778 3635 2836 silentiario

1996 2885 2130 2925 eum
2163 2867 2222 2922 in
2254 2869 2627 2936 conspectum
2680 2865 3054 2936 imperatoris
3106 2867 3345 2922 ductum
3396 2870 3637 2927 adorare

1998 2958 2288 3031 pedesque
2313 2959 2369 3010 et
2398 2970 2588 3026 genua
2616 2955 2740 3024 ejus
2787 2953 3039 3009 osculari
3064 2955 3293 3024 jubent.
3328 2955 3533 3014 Postea
3561 2959 3634 3015 ab

1995 3047 2342 3116 imperatore
2373 3056 2727 3113 purpureum
2775 3041 3216 3112 quaternionem
3262 3059 3363 3100 seu
3395 3061 3636 3116 procon-

1596 3159 1835 3218 VARI/E
1867 3161 2236 3221 LETIONES.

296 3252 345 3287 ⁸³
372 3245 706 3326 τριϐλατίων
741 3251 1053 3327 ὀρναμὲνων
1081 3255 1170 3312 ed.
1247 3252 1294 3290 7°
1321 3252 1582 3310 κυκλόθεν
1613 3260 1741 3314 cod.

1304 3364 1510 3421 JOAN.
1534 3365 1678 3423 JAC.
1716 3368 1975 3426 REISKII
1998 3365 2550 3425 OMMENTARIUS.

307 3479 420 3570 (‘9:2)
454 3479 532 3534 M.
572 3472 937 3570 τριϐλαττίων
989 3478 1343 3570 ’ὀρνεμὲνωντι
1379 3484 1500 3570 Erit
1543 3484 1736 3555 itaque
1769 3486 1878 3570 __sic

1995 3490 2094 3540 stet
2111 3483 2183 3570 ad
2210 3483 2890 3570 sinistramlimperatoris’
2907 3483 3436 3570 illiushgparchus,
3470 3501 3634 3570 quem

239 3552 714 3617 distinguendum
769 3568 781 3607 :

238 3624 478 3698 consutis
517 3622 618 3698 _(de
652 3622 885 3698 _quib_us
941 3622 1127 3698 ad:_p.
1194 3622 1609 3698 37ii'dis‘puto)
1668 3633 1720 3683 et
1778 3623 1883 3681 ἀπὸ

238 3641 478 3678 consutis
522 3641 618 3693 tua
674 3641 885 3694 qumus
941 3641 1012 3679 aa
1115 3668 1127 3681 .
1194 3641 1294 3680 .511
1349 3641 1609 3698 alspuw)
1668 3641 1720 3683 et
1778 3641 1883 3681 ᾱπο

235 3688 617 3768 τριϐλαττίων
641 3691 960 3766 ὀρνεμὲνων,
1004 3641 1238 3765 (ἱιΓθει,
1270 3697 1600 3768 ὠρνημὲνων
1650 3716 1681 3751 a
1710 3699 1884 3755 verbo

239 3764 368 3838 ὁρᾷν
392 3781 561 3828 ονηα,Δ
602 3764 712 3822 hoc
741 3764 828 3821 est
874 3764 1020 3834 ora,
1048 3767 1132 3823 vel
1182 3764 1372 3838 potius
1407 3764 1742 3830 ornatione;
1776 3770 1886 3826 hoc

237 3844 328 3892 est
362 3842 642 3909 praetexta
688 3838 1008 3908 instruere),
1051 3839 1335 3894 instructis
1391 3855 1528 3895 orna
1573 3839 1881 3909 triblaltea,

237 3925 341 3963 seu
402 3910 585 3964 serica
635 3913 910 3980 praetexta
959 3917 1047 3964 ter
1095 3911 1294 3978 tincta,
1335 3927 1435 3965 seu
1468 3912 1883 3967 saturatissimi

238 3979 452 4035 coloris
509 3979 808 4050 purpurei.
850 3979 1018 4052 Ὀρνα
1053 3998 1168 4038 non
1219 3987 1442 4038 tantum
1493 3983 1723 4045 Graecis,
1781 3982 1884 4038 sed

239 4057 297 4107 et
331 4052 548 4126 Latinis
579 4052 755 4106 medii
797 4052 901 4107 aevi
931 4058 1020 4126 est
1062 4069 1180 4121 ora,
1213 4069 1388 4108 omne
1440 4055 1594 4126 quod
1627 4055 1882 4124 aliquam

241 4139 355 4198 non
384 4120 578 4198 _modo
624 4128 887 4198 ve_stem,_
916 4125 1018 4180 sed
1067 4120 1242 4198 etiam
1292 4140 1414 4198 rem
1457 4120 1886 4198 quamcunque

238 4193 425 4268 ambit
454 4194 703 4268 etquasi
735 4193 1024 4265 continet;
1057 4196 1173 4268 vid.
1204 4193 1292 4252 Du
1341 4193 1532 4268 Gange
1571 4197 1749 4254 Gloss.
1785 4193 1882 4253 Gr.

233 4283 294 4322 v.
328 4258 463 4337 ὄρνα
493 4258 698 4338 οἶμαι,
723 4281 775 4318 v.
799 4282 962 4332 urna,
1005 4258 1220 4338 quibus
1251 4258 1640 4324 addamvbunc
1670 4269 1883 4338 Chron.

235 4335 472 4394 Cassin.
505 4335 604 4404 Ill,
635 4336 705 4390 33
737 4353 751 4391 :
784 4335 1048 4393 rotundas
1094 4341 1365 4409 imagines
1403 4355 1588 4395 omnes
1626 4335 1886 4407 argentea

234 4409 420 4465 solum
444 4423 588 4463 urna
618 4413 862 4478 quatuor
894 4409 1167 4466 librorum
1194 4413 1546 4467 circumdans
1575 4427 1590 4478 ;
1622 4411 1717 4465 ubi
1746 4427 1888 4466 urna

240 4479 400 4554 idem
414 4485 700 4554 e_s_t_at_que
721 4480 961 4552 id,quod
985 4486 1271 4538 nostrates
1292 4484 1550 4538 Raehmen
1572 4483 1884 4554 appellant.

242 4552 408 4607 Idem
443 4550 538 4618 Ill,
570 4552 659 4618 57,
692 4550 976 4608 memorat
1000 4556 1400 4623 eoopertorium
1425 4550 1623 4610 altaris
1648 4550 1888 4610 sericum

242 4639 371 4678 eum
398 4638 545 4677 urna
571 4639 870 4693 purpurea,
911 4627 1172 4679 ornatum
1203 4626 1522 4692 margaritis
1550 4641 1614 4680 ac
1648 4626 1885 4681 smallis.

245 4695 361 4751 Sed
387 4699 447 4748 ut
477 4693 616 4768 dixi,
651 4694 986 4768 credibilius
1023 4695 1164 4751 mihi
1199 4697 1436 4768 quidem
1461 4700 1570 4761 est,
1595 4712 1737 4752 orna
1759 4713 1889 4768 esse

246 4781 352 4840 pro
383 4767 599 4840 ornatio
615 4764 703 4840 vel
725 4770 1028 4840 ornatura;
1055 4764 1234 4838 cujus'
1247 4769 1610 4840 formationis
1625 4767 1890 4840 exempla

244 4836 526 4921 plura,_et
556 4836 720 4921 i‘nniis
752 4837 860 4921 hoc
889 4837 1091 4921 ipsum
1122 4836 1262 4921 orna
1287 4836 1887 4921 quoque‘,'8almasius

239 4906 492 4980 protulit
522 4909 590 4962 ad
625 4906 745 4963 Scr.
781 4906 1103 4981 HistIAug.
1138 4914 1180 4964 t.
1215 4911 1262 4965 II
1295 4906 1350 4965 et
1367 4909 1624 4964 773.Non
1648 4926 1884 4978 possum

239 4983 301 5034 in
335 4978 452 5033 ﬁne
485 4978 658 5049 hujus
688 4981 918 5048 capitis,
950 4981 1089 5050 quin
1121 4981 1430 5036 formulam
1457 4986 1700 5035 veterem
1738 4981 1888 5037 Lati-

239 5066 380 5123 nam
412 5050 648 5123 creandi
687 5051 936 5120 patricii,
987 5068 1161 5123 quam
1211 5069 1280 5108 ex
1311 5051 1486 5108 Paulo
1519 5051 1884 5122 Forojuliano

239 5122 313 5178 de
344 5122 1065 5193 gestisiLongobardoru’m
1098 5123 1182 5179 Du
1219 5124 1404 5192 Gange
1433 5124 1490 5178 in
1525 5123 1712 5178 Gloss.
1763 5128 1883 5179 Lat.

240 5209 292 5246 v.
326 5192 607 5248 Patricius
665 5192 866 5261 edidit,
917 5193 1011 5250 hic
1052 5197 1284 5252 addam.
1344 5195 1554 5251 Poterit
1604 5195 1887 5250 nonnulla

240 5265 427 5338 nostri
476 5264 694 5338 codicis
725 5264 1055 5338 illustrare,
1103 5275 1157 5323 et
1198 5268 1525 5338 jucundum
1569 5267 1884 5338 eritambo

241 5337 524 5391 conferre.
554 5336 810 5409 fatricii
855 5336 1102 5409 dignitas
1160 5336 1348 5395 taliter
1401 5337 1740 5409 disponenda
1782 5342 1883 5404 est,

241 5407 639 5488 quatenus‘illa
666 5423 782 5488 non
808 5406 1204 5488 vili’personae,
1226 5426 1324 5488 nec
1343 5406 1518 5465 alicui
1547 5409 1887 5488 .concedatur

237 5476 467 5552 ignoto.
499 5477 587 5532 Sit
633 5476 981 5552 enim_valde
1027 5476 1200 5537 notus
1233 5479 1576 5551 imperatori,
1608 5482 1682 5536 sit
1709 5479 1886 5552 ﬁdelis

241 5557 292 5605 et
319 5551 586 5622 prudens,
615 5565 727 5606 non
761 5548 958 5624 elatus.
1001 5548 1480 5624 Protospatliarius
1509 5548 1733 5624 veniens
1760 5556 1888 5609 ante

242 5619 636 5694 imperatorem
691 5619 970 5676 osculetur
1023 5619 1205 5680 suum'
1239 5625 1534 5680 humerum
1580 5631 1631 5679 et
1684 5623 1884 5679 dicat:

242 5690 482 5751 Maxime
545 5690 966 5766 imperatorum,
1023 5693 1192 5762 adest,
1249 5709 1410 5768 quem
1463 5695 1681 5754 vocasti.
1743 5694 1888 5769 Tunc

834 3549 940 3604 ἀπὸ
989 3549 1220 3628 ματῖων
1237 3550 1608 3628 ⁸ἐῤῥοιμμὲνων
1642 3549 1881 3628 aestiuus

1994 3573 2091 3611 nos
2122 3553 2358 3610 dicimus
2387 3555 2727 3623 praelectum,
2767 3557 2819 3608 et
2856 3553 3002 3607 dicat
3033 3557 3087 3608 ei
3125 3553 3427 3625 imperator
3453 3553 3636 3613 :‘Cum

1987 3625 2429 3696 protospathario
2455 3627 2708 3696 futurum
2731 3626 3037 3696 patricium
3065 3624 3336 3680 adducito.
3363 3627 3502 3680 Dum
3525 3644 3631 3681 au-

1989 3693 2098 3753 tem
2127 3693 2340 3768 venerit
2361 3697 2651 3768 patricius,
2676 3693 2957 3768 imprimis
2982 3697 3268 3751 osculatur
3286 3696 3446 3765 pedes
3468 3697 3635 3768 impe-

1989 3770 2213 3833 ratoris,
2245 3765 2440 3840 deinde
2467 3781 2635 3838 genu,
2664 3765 2738 3840 ad
2777 3769 3084 3840 extremum
3113 3768 3391 3822 osculetur
3426 3765 3632 3840 ipsum,

1992 3844 2122 3895 tunc
2148 3839 2427 3896 osculetur
2447 3852 2626 3891 omnes
2655 3838 2921 3892 Romanos
2940 3837 3634 3906 circumstantes,etdicant

1989 3927 2174 3967 omnes
2207 3927 2220 3965 :
2257 3908 2650 3964 Beneveniatis.
2685 3907 2849 3963 Nobis
2878 3909 3116 3963 nimium
3147 3910 3478 3965 laboriosum
3511 3927 3632 3968 esse

1991 3984 2207 4037 videtur
2221 3997 2532 4036 corcessum
2561 3979 2716 4035 nobis
2737 3996 2768 4034 a
2792 3980 2892 4035 Deo
2922 3981 3291 4035 ministerium
3306 3983 3480 4036 solum
3502 3998 3629 4047 pro-

1990 4070 2190 4111 curare
2220 4069 2233 4107 :
2264 4053 2519 4124 quocirca
2547 4055 2600 4124 te
2625 4051 2785 4106 nobis
2813 4052 3125 4124 adiutorem
3143 4054 3461 4121 facimm,et
3485 4055 3630 4109 hunc

1990 4127 2248 4182 honorem
2273 4122 2739 4190 tibiconcedimus,
2757 4127 2820 4177 ut
2838 4122 3095 4194 Ecclesiis
3117 4124 3213 4178 Dei
3224 4129 3274 4179 et
3294 4125 3630 4194 pauperibus

1991 4199 2162 4266 legem
2190 4198 2388 4265 facias,
2420 4201 2470 4250 et
2526 4195 2654 4248 inde
2702 4193 2847 4266 apud
2893 4194 3231 4250 altissimum
3265 4193 3508 4252 Iudicem
3543 4213 3630 4252 ra-

1993 4272 2198 4324 tionem
2228 4267 2444 4322 reddas.
2471 4266 2612 4320 Tunc
2643 4265 2835 4320 induat
2863 4283 2988 4320 eum
3019 4269 3324 4336 imperator
3353 4273 3623 4334 mantum,

1991 4344 2041 4395 et
2068 4346 2236 4409 ponat
2263 4337 2315 4392 ei
2353 4341 2412 4392 in
2433 4336 2619 4409 dextro
2650 4337 2833 4391 indice
2862 4338 3152 4400 annulum,
3185 4345 3242 4393 et
3271 4337 3356 4393 det
3388 4340 3438 4394 ei
3471 4339 3627 4395 bom-

1993 4407 2244 4465 bacinum
2275 4407 2498 4478 prapria
2551 4425 2718 4462 manu
2760 4409 3022 4478 scriptum
3067 4409 3163 4464 ubi
3219 4411 3406 4465 taliter
3449 4410 3629 4467 conti-

1990 4491 2193 4537 neatur
2249 4481 2514 4550 scriptum
2570 4497 2588 4534 :
2637 4479 2762 4550 Esto
2836 4480 3130 4549 patricius,
3199 4481 3512 4537 misericors
3576 4485 3630 4537 et

1981 4555 2191 4624 justus.
2225 4551 2367 4624 Tunc
2393 4559 2558 4619 ponat
2599 4549 2656 4624 ei
2693 4551 2751 4624 in
2798 4557 2963 4624 caput
2993 4567 3225 4624 aureum
3254 4553 3546 4619 circulum,
3578 4560 3630 4608 et

1991 4620 2258 4678 dimittat.
2292 4621 2540 4696 Obserivo
2591 4621 2661 4676 ad
2712 4620 3221 4696 hanc’_formula‘m
3253 4625 3464 4695 adhuc,
3500 4628 3631 4696 post

1992 4695 2400 4770 salutationem
2449 4693 2827 4770 Beneveniatis
2883 4690 3091 4770 (καλῶς
3119 4690 3624 4770 -ἧλθεςλόθεέεθε

1993 4773 2124 4823 tunc
2148 4767 2228 4821 ait
2270 4766 2591 4837 imperator,
2631 4769 2734 4837 aut
2781 4763 2969 4819 simile
2999 4767 3158 4834 quid.
3204 4763 3515 4837 Pro'legem
3543 4771 3631 4834 fa-

1993 4854 2114 4895 cere
2163 4834 2487 4891 diceremus
2534 4834 2706 4889 hodie
2746 4837 3029 4905 justitiam
3077 4834 3492 4893 administrare.
3548 4837 3630 4892 De

1994 4909 2199 4965 annulo
2252 4911 2309 4960 et
2363 4907 2567 4962 circulo
2622 4907 2906 4976 patriciali
2956 4907 3136 4962 Graeci
3187 4908 3334 4963 nihil
3387 4909 3628 4964 habent.

1996 4978 2349 5036 Bombacium
2404 4982 2568 5051 notat
2618 4979 2876 5051 chartam
2936 4978 3356 5051 bombycinam,
3408 4979 3631 5051 inqua

1992 5053 2250 5122 diploma
2289 5049 2626 5122 patriciatus
2671 5050 2949 5116 scriptum
3002 5049 3143 5106 erat.
3178 5051 3357 5122 Graeci
3406 5049 3634 5105 tabulas

1992 5120 2278 5180 eburneas
2328 5120 2618 5191 diptycha,
2652 5122 3002 5176 adhibebant
3043 5137 3174 5175 cum
3213 5121 3374 5176 intus
3401 5123 3633 5189 jacente

1993 5194 2282 5258 codicillo,
2315 5207 2415 5246 seu
2448 5191 2644 5247 libello
2675 5194 3002 5258 ohartaceo,
3036 5192 3092 5246 id
3136 5197 3225 5247 est
3255 5205 3628 5263 pergameno.

1993 5267 2122 5317 Vid.
2156 5265 2223 5317 ad
2256 5281 2308 5317 n.
2347 5263 2469 5317 411.

1992 5267 2122 5322 Vid.
2156 5265 2223 5319 ad
2256 5281 2308 5322 D.
2347 5265 2469 5318 411.

2062 5281 2289 5408 (.651):
2297 5281 2581 5390 .hgiilvoce
2634 5334 3023 5404 conjecturam
3065 5334 3288 5404 profero
3319 5333 3379 5388 in
3411 5330 3530 5385 not.
3560 5331 3638 5388 ad

2033 5424 2124 5464 a2.
2148 5408 2278 5464 271.

2305 5469 2590 5550 κυκλόθενε
2620 5475 2808 5550 _Forte
2839 5473 3180 5550 quoqueel;
3220 5479 3417 5550 σχῆμα
3449 5469 3641 5550 ἀθεεὶ,

1993 5534 2313 5624 εἷς’-σχῆμα
2359 5534 2738 5624 iul-inualido;
2787 5534 2939 5602 conf.
3067 5534 3190 5613 143,
3225 5534 3644 5603 ιιῖεῗκυκλόθεν

1993 5620 2137 5692 ipsis
2154 5612 2332 5678 'I‘to'tet
2363 5612 2524 5685 δίκην
2551 5612 2782 5673 κύκλου.
