4180 6304
537 363 656 424 519
1612 356 2136 417 CONS'l‘AN’l‘INI
2184 356 2658 421 PORPHYROG
2673 359 2875 421 ENITI
3832 361 3964 420 520

541 491 761 548 salares
789 490 1111 560 codicillos,
1144 503 1356 545 manus
1387 487 1517 558 ejus
1547 485 1843 558 osculans,
1876 486 2104 559 recipit,
2131 501 2169 543 e1

2298 487 2389 542 καὶ
2419 484 2608 544 λαϐὼν
2653 491 2682 544 6
2729 489 3093 564 πραιπόσιτος
3140 492 3460 564 πορφυροῦν
3503 487 3790 565 τετράδιον

538 583 620 639 ita
652 585 969 638 retrorsum
1002 577 1400 636 abductumin
1433 575 1626 632 medio
1649 574 2169 634 collocant.0mnes

2287 574 2573 633 ἐπιδίδωσι
2631 583 2712 650 τῷ
2763 575 2981 654 βασιλεῖ
3036 580 3064 633 6
3126 575 3184 634 δὲ
3239 584 3340 648 τῆς
3399 580 3776 642 καταστάσεως
3814 579 3963 655 μετᾶ

537 689 671 729 vero
699 672 757 727 in
791 669 1158 742 processione
1206 665 1454 739 ingressi
1508 665 1829 722 solemnem
1881 667 2169 723 adoratio-

2288 665 2674 742 σιλεντιαρίου,
2737 669 3048 745 ἐνέγκαντες
3102 667 3261 724 αὐτὸν
3340 666 3576 739 πλησίον
3631 674 3730 726 τοῦ
3795 671 3964 744 βασι-

536 779 688 829 nem,
722 765 788 816 ut
815 776 989 833 supra
1017 759 1087 815 de
1137 755 1500 830 promotione
1543 755 1922 828 patriciorum
1954 757 2169 813 dictum

2287 753 2449 826 λέως,
2503 761 2721 813 ποιοῦσι
2770 765 3148 833 προσκυνῆσαι
3195 757 3286 814 καὶ
3336 756 3568 835 φιλῆσαι
3615 757 3747 823 τοὺς
3776 756 3959 820 πόδας

536 857 644 920 est,
678 851 970 906 exhibent.

2285 850 2382 900 τοῦ
2433 844 2724 922 βασιλέως,
2779 847 2879 912 εἶθ’
2936 846 3113 910 οὕτως
3169 848 3238 902 τά
3297 847 3505 920 μόνατα
3562 849 3750 905 αὐτοῦ.
3816 849 3958 905 Εἶτα

531 935 714 995 λαϐὼν
777 938 839 992 τὸ
895 940 1209 1016 πορφυροῦν
1249 933 1527 1010 τετράδιον
1586 935 1733 1009 παρά
1787 937 1884 989 τοῦ
1932 933 2223 1010 βασιλέως,
2275 934 2447 1012 ἤγουν
2506 937 2569 992 τὸ
2626 936 3005 994 ἀνθυπατίκιον
3055 938 3121 1008 ⁷⁸,
3172 935 3326 1012 φιλεῖ
3371 938 3458 992 καὶ
3499 936 3596 1000 τὰς
3629 942 3824 1013 χεῖρας
3855 937 3955 992 αὖ·

531 1031 648 1097 τοῦ,
707 1026 797 1081 καὶ
857 1027 954 1090 εἶθ’
1012 1025 1185 1088 οὕτως
1242 1025 1609 1101 ἀπαγαγόντες
1664 1025 1713 1061 ’³³
1773 1023 1935 1078 αὐτὸν
2008 1023 2403 1100 ὀπισθοφανῶς,
2479 1025 2684 1080 ἱστᾶσιν
2758 1027 2918 1081 αύτὸν
2999 1025 3182 1099 μέσον⁸
3243 1026 3467 1088 ἅπαντες
3528 1023 3584 1081 δὲ
3641 1026 3692 1081 οἱ
3759 1025 3815 1081 ἐν
3886 1029 3954 1100 τῇ

532 1115 677 1192 δοχῇ
726 1115 1058 1179 εἰσελθόντες
1105 1114 1388 1172 ἐκτελοῦσι
1457 1115 1557 1183 τήν
1624 1111 2019 1188 προσκύνησιν,
2087 1113 2144 1168 ὅν
2199 1112 2400 1187 τρόπον
2483 1113 2734 1190 ἀνωτέρω
2802 1115 3010 1190 εἷ’ρηται
3061 1114 3114 1170 ἓν
3160 1118 3229 1189 τῇ
3278 1110 3534 1191 προϐολῇ
3591 1120 3701 1172 τῶν
3748 1136 3954 1191 πατρι-

525 1207 680 1266 κίων.

604 1300 675 1356 ΙΙ.
706 1299 766 1355 Si
787 1314 921 1358 vero
951 1297 1383 1370 promovendus
1405 1295 1465 1351 in
1497 1311 1709 1368 pompa
1738 1295 2040 1368 ingressus
2062 1311 2175 1351 non

533 1393 642 1457 est,
676 1388 779 1444 sed
829 1387 965 1443 foris
1023 1387 1328 1452 remansit,
1378 1385 1536 1457 quod
1591 1385 1653 1441 in
1708 1400 1923 1456 pompa
1965 1383 2182 1440 intrare

529 1477 730 1547 majus
761 1480 850 1532 est
880 1490 1054 1547 quam
1081 1491 1186 1548 pro
1208 1475 1336 1546 ejus
1359 1474 1662 1546 dignitate,
1697 1477 1798 1529 aut
1827 1473 1898 1541 si,
1922 1473 2061 1545 quia
2076 1489 2182 1545 po-

533 1566 743 1621 sterior
773 1564 974 1621 ordine
1014 1568 1125 1632 est,
1159 1564 1296 1620 foris
1347 1563 1640 1630 substitit,
1687 1579 1960 1635 egressus
2000 1563 2180 1634 patri-

535 1655 660 1712 cius
682 1671 814 1711 eum
847 1654 1098 1722 adducit,
1122 1658 1180 1709 et
1211 1657 1571 1725 peraguntur
1591 1653 1812 1720 omnia,
1833 1669 2022 1725 usque
2041 1654 2176 1709 dum

533 1745 607 1801 ab
638 1745 987 1817 imperatore
1017 1741 1460 1815 proconsulares
1498 1741 1798 1800 codicillos
1836 1743 2081 1816 accepit,
2117 1747 2182 1799 ut

2365 1296 2440 1351 B'.
2473 1295 2542 1352 Ei
2571 1292 2627 1350 δὲ
2658 1293 2758 1350 οὐκ
2797 1293 3044 1365 εἰσῆλθεν
3092 1296 3149 1350 ’ἐν
3194 1299 3263 1370 τῇ
3313 1292 3457 1371 δοχῇ
3489 1296 3518 1351 ὁ
3553 1292 3775 1370 μέλλων
3808 1316 3950 1371 προ-

2290 1379 2589 1455 ϐληθῆναι,
2641 1382 2770 1439 ἀλλ’
2818 1384 3161 1457 ἐναπέμεινεν
3213 1383 3335 1458 ἔξω,
3387 1385 3461 1448 ὼς
3518 1387 3591 1459 μη
3628 1383 3945 1464 ἐνδέχεσθαι

2289 1474 2386 1543 τήν
2419 1473 2564 1544 ἀξίαν
2593 1474 2758 1529 αὐτοῦ
2809 1473 3144 1550 εἷσέρχεσθαι
3197 1473 3249 1528 ἐν
3295 1479 3414 1535 ταῖς
3474 1472 3688 1550 δοχαῖς,
3733 1473 3768 1545 ἤ
3811 1475 3947 1531 κατά

2292 1562 2568 1637 ὑστέρησιν
2615 1565 2724 1637 (96)
2775 1561 3114 1637 ἐναπέμεινεν
3183 1557 3305 1634 ἔξω,
3361 1561 3632 1638 ἐξέρχεται
3691 1565 3718 1618 6
3778 1583 3946 1639 πραι-

2287 1653 2513 1716 πόσιτος
2568 1652 2657 1709 καὶ
2707 1652 2907 1729 εἰσάγει
2963 1652 3147 1723 αὐτὸν,
3203 1652 3445 1708 τελεῖται
3505 1650 3562 1708 δὶ
3620 1650 3824 1729 μέχρις
3882 1652 3942 1708 ἂν

2288 1737 2570 1816 καταλάϐῃ
2614 1744 2722 1815 (97)
2764 1741 2826 1796 τὸ
2883 1740 3263 1806 ἀνθυπατίκιον
3314 1742 3460 1818 παρά
3513 1745 3611 1796 τοῦ
3643 1741 3941 1816 βασιλέως,

533 1851 706 1903 supra
773 1835 833 1889 in
901 1833 1218 1889 cerimonia
1274 1831 1654 1904 patriciorum
1722 1831 2169 1888 declaravimus.

2285 1831 2354 1892 ὡς
2405 1830 2659 1906 ἀνωτέρω
2703 1830 2756 1885 έν
2808 1834 2876 1905 τῇ
2920 1831 3243 1886 καταστάσει
3294 1835 3403 1886 τῶν
3464 1831 3765 1907 πατρικίων
3812 1829 3945 1903 ἐδη-

531 1922 744 1980 Omnes
773 1938 927 1988 vero,
961 1923 1062 1994 qui
1094 1937 1227 1977 eum
1247 1921 1564 1992 excipiunt,
1595 1927 1904 1993 postquam
1930 1938 2176 1978 consue-

532 2017 651 2068 tam
686 2013 1085 2068 adorationem
1119 2015 1177 2066 et
1223 2011 1474 2066 faustam
1525 2010 1999 2082 apppecationem
2051 2027 2177 2081 per-

527 2118 711 2172 egere,
744 2105 1078 2174 promotum
1121 2099 1526 2172 proconsulem
1558 2100 2000 2156 cerimoniarius
2040 2115 2174 2156 cum

529 2190 852 2248 silentiario
881 2191 952 2246 ad
985 2190 1396 2262 imperatorem
1447 2189 1631 2258 ducit,
1659 2206 1832 2260 quem
1865 2194 2172 2261 postquam

529 2280 810 2344 adoravit,
845 2280 1150 2336 revertitur
1179 2279 1313 2334 etin
1347 2295 1450 2334 suo
1484 2277 1609 2334 loco
1641 2285 1775 2350 stat,
1823 2284 2176 2350 acceptoque

529 2367 698 2442 signo
727 2369 798 2425 ab
831 2369 1200 2441 imperatore,
1235 2367 1582 2440 praepositus
1612 2368 1753 2423 dicit
1782 2383 1795 2422 :
1831 2390 1859 2418 «
1884 2367 2110 2424 Jubete.
2143 2388 2172 2420 n

1185 2547 1416 2603 CAPUT
1453 2548 1514 2602 L.

675 2637 1030 2694 Observanda
1069 2639 1127 2694 in
1178 2637 1529 2710 promotione
1556 2635 1814 2708 patriciae
1841 2643 2032 2692 zostes.

603 2809 646 2864 Ι.
680 2804 932 2874 Domini,
965 2803 1256 2861 dibetisiis
1286 2810 1339 2859 et
1370 2803 1776 2877 chlamydibus
1800 2802 2067 2871 mutatis,
2103 2801 2174 2856 ad

527 2901 724 2968 portas
751 2894 936 2965 phari,
955 2894 1210 2949 medium
1231 2893 1444 2948 atrium
1471 2893 2081 2966 prospicientes,tergo
2104 2890 2174 2945 ad

526 2985 805 3041 orientem
857 3000 1158 3048 converso,
1205 2983 1557 3049 subsistunt,
1609 2999 1855 3038 coronas
1896 2998 2028 3038 vero
2059 2997 2174 3035 non

527 3079 782 3145 gestant.
817 3074 995 3144 Signo
1037 3073 1109 3127 ab
1143 3071 1282 3142 ipsis
1332 3071 1485 3138 dato,
1520 3071 1866 3142 praepositus
1899 3069 2175 3141 patricios

2287 1918 2562 1993 λώσαμεν.
2603 1918 2921 1982 Τελέσαντες
2953 1918 3010 1975 δέ
3053 1921 3253 1982 πάντες
3303 1920 3354 1974 ἐν
3404 1923 3472 1995 τῇ
3508 1918 3657 1995 δοχῇ
3688 1925 3792 1991 τὴν
3824 1941 3944 1976 συν-

2284 2011 2392 2081 ήθη
2463 2010 2829 2084 προσκύνησιν
2878 2009 2969 2064 καὶ
3019 2009 3534 2085 εὐχαριστήσαντες,
3599 2006 3941 2084 λαμϐάνουσι

2281 2098 2373 2152 τὸν
2403 2093 2790 2172 προϐληθέντα
2820 2097 3124 2153 ἀνθύπατον
3175 2099 3202 2153 6
3249 2101 3350 2168 τῆς
3397 2099 3774 2162 καταστάσεως
3806 2101 3943 2173 μετὰ

2285 2186 2673 2264 σιλεντιαρίου,
2704 2188 2794 2243 καὶ
2845 2188 3137 2264 ἀπάγουσιν
3187 2188 3349 2244 αὐτὸν
3396 2189 3532 2263 πρὸς
3561 2190 3652 2244 τὸν
3687 2187 3941 2266 βασιλέα,

2281 2278 2373 2333 καὶ
2420 2279 2798 2353 προσκυνήσας
2836 2278 2928 2332 τὸν
2990 2276 3216 2353 βασιλέα
3255 2278 3598 2356 ὑποστρέφει,
3644 2279 3732 2334 καὶ
3785 2279 3946 2334 ’ἱστα-

2281 2392 2368 2426 ται
2402 2367 2456 2424 ἐν
2488 2373 2556 2444 τῇ
2602 2371 2748 2442 τάξει
2796 2371 2987 2438 αὑτοῦ,
3034 2369 3124 2424 καὶ
3166 2364 3351 2424 λαϐὼν
3397 2374 3564 2443 νεῦμα
3613 2371 3641 2424 6
3695 2372 3936 2446 πραιπὸ-

2286 2481 2430 2522 σιτος
2462 2461 2609 2535 παρά
2637 2463 2734 2514 τοῦ
2769 2456 3061 2535 βασιλέως,
3095 2457 3265 2534 λέγει·
3302 2482 3327 2513 ιι
3363 2457 3680 2520 Κελεύσατε.
3717 2485 3744 2511 υ

2917 2547 3178 2601 ΚΕΦΑΛ.
3223 2546 3302 2602 N'.

2356 2637 2492 2689 Ὅσα
2550 2631 2632 2689 δεῖ
2687 2634 3125 2713 παραφυλάττειν
3175 2633 3276 2713 ,ἐπὶ
3323 2638 3621 2713 προαγωγῇ
3657 2638 3874 2706 ζωστῆς

2961 2706 3270 2782 πατρικίας.

2355 2796 2436 2852 Α’.
2488 2792 2884 2853 Ἀλλάσσουσιν
2945 2797 2998 2850 οἱ
3057 2792 3310 2851 δεσπόται
3367 2798 3433 2851 τά
3489 2791 3787 2868 διϐητήσια
3848 2799 3936 2853 καὶ

2287 2886 2384 2945 τὰς
2421 2883 2734 2959 χλαμύδας,
2783 2886 2874 2941 καὶ
2921 2883 3164 2941 ’ίστανται
3218 2885 3294 2950 εἰς
3341 2887 3436 2942 τὰς
3482 2887 3660 2953 πύλας
3703 2892 3803 2943 τοῦ
3837 2889 3941 2966 φάο

2286 2997 2404 3050 ¹λου,
2464 2975 2760 3050 βλέποντες
2834 2975 2923 3031 ἐπὶ
2997 2977 3090 3032 τὸν
3157 2977 3316 3051 μέσον
3372 2979 3618 3051 πυλῶνα,
3675 2979 3741 3034 τὰ
3796 2984 3942 3034 νῶτα

2284 3063 2502 3141 ἔχοντες
2533 3067 2671 3142 πρὸς
2709 3065 3004 3138 ἀνατολήν,
3057 3066 3342 3142 στέμματα
3388 3067 3445 3124 δὲ
3494 3068 3555 3124 οὐ
3595 3075 3856 3147 φοροῦσιν
3890 3072 3940 3124 οἱ

525 3169 580 3218 et
615 3167 836 3234 partem
868 3163 1179 3217 consulum
1234 3177 1301 3216 ac
1332 3159 1786 3216 silentiariorum
1829 3161 1900 3216 ad
1936 3173 2168 3230 proces-

2287 3154 2561 3214 δεσπόται.
2624 3158 2728 3214 Καὶ
2787 3157 2877 3213 ὅτε
2934 3156 3078 3233 λάϐῃ
3138 3162 3166 3216 6
3225 3160 3584 3236 πραιπόσιτος
3648 3163 3712 3218 τὸ
3768 3167 3941 3236 νεῦμα

523 3251 750 3307 sionem
774 3250 1220 3306 ecclesiasticam
1240 3249 1531 3321 ducit,qui
1562 3250 1621 3304 in
1643 3249 1857 3321 templo
1881 3248 2167 3304 consisto-

521 3339 674 3396 rium
703 3339 842 3395 binc
870 3344 928 3394 et
958 3338 1094 3394 inde
1117 3339 1366 3410 ingressi
1392 3340 1638 3394 faciunt.
1671 3338 1848 3409 Signo
1872 3354 1905 3393 a
1925 3336 2166 3393 dominis

521 3434 779 3502 accepto,
823 3429 1168 3500 praepositus
1218 3429 1277 3484 in
1321 3427 1796 3500 paranarthecem
1845 3427 2162 3499 egreditur,

519 3522 575 3574 et
605 3519 1055 3589 promovendam
1079 3535 1112 3573 a
1133 3518 1416 3585 custodia,
1450 3516 1550 3573 ubi
1581 3516 1852 3572 cancellis
1884 3517 2165 3572 instructa

515 3607 806 3664 vestibula
835 3611 992 3673 sunt,
1021 3607 1093 3663 ad
1122 3606 1370 3663 mediam
1404 3611 1629 3679 portam
1665 3606 1924 3674 adducit,
1946 3605 2046 3661 ubi
2073 3622 2163 3662 se-

517 3696 630 3754 mel
664 3697 723 3754 in
755 3713 947 3770 genus
977 3697 1242 3768 procidit.
1268 3696 1580 3767 Postquam
1608 3712 1744 3752 vero
1775 3695 2048 3761 surrexit,
2072 3712 2164 3753 co.

434 3790 439 3794 ”
513 3804 637 3844 ram
669 3787 922 3843 dominis
945 3803 1068 3843 eam
1104 3786 1429 3852 constituit,
1453 3788 1522 3840 ad
1555 3801 1805 3857 quorum
1836 3785 2013 3857 pedes
2034 3801 2163 3856 pro-

515 3877 822 3943 cumbit,et
840 3882 1148 3948 postquam
1171 3876 1441 3941 surrexit,
1467 3892 1676 3930 manus
1705 3875 2162 3947 explicat,atque

513 3966 766 4021 dominis
799 3965 1197 4030 dalmaticam,
1232 3964 1521 4020 thoracem
1545 3969 1601 4018 et
1628 3963 1941 4019 matorium
1961 3965 2158 4020 album

514 4055 737 4126 recipit,
765 4062 816 4110 et
849 4071 1060 4109 manus
1090 4070 1291 4108 eorum
1324 4051 1644 4108 osculatur.
1679 4053 1841 4108 Tunc
1861 4068 1989 4106 eam
2014 4069 2161 4122 pras-

513 4145 740 4215 positus
778 4143 848 4197 ad
882 4143 1234 4208 custodiam,
1285 4141 1438 4195 unde
1488 4155 1726 4211 egressa
1765 4145 1872 4208 est,
1934 4141 2160 4197 reducit

512 4232 660 4287 151
699 4231 932 4303 ipsique
960 4229 1330 4284 dalmaticam
1362 4227 1572 4293 induit,
1607 4227 1920 4284 maforium
1951 4227 2152 4284 album

513 4320 762 4390 gestanti
787 4334 800 4385 ;
825 4317 1034 4373 iterum
1058 4333 1185 4372 eam
1205 4315 1265 4372 in
1287 4315 1586 4373 ecclesiam
1605 4315 1793 4388 phari,
1823 4317 1920 4373 ubi
1943 4317 2158 4373 domini

2278 3247 2424 3321 παρά
2481 3251 2589 3302 τῶν
2653 3243 2947 3318 δεσποτῶν,
3008 3249 3209 3324 εἰσάγει
3265 3250 3395 3316 τοὺς
3458 3252 3779 3326 πατρικίους
3847 3252 3938 3307 καὶ

2279 3338 2441 3413 μέρος
2471 3341 2578 3392 τῶν
2625 3336 2840 3391 ὑπάτων
2887 3335 2978 3391 καὶ
3030 3337 3195 3412 μέρος
3237 3344 3344 3394 τῶν
3390 3338 3768 3414 σιλεντιαρίων
3797 3341 3936 3417 πρὸς

2273 3428 2370 3495 τήν
2419 3426 2668 3504 χώρησιν
2717 3433 2816 3496 τῆς
2864 3424 3155 3497 ἐκκλησίας
3203 3431 3336 3502 (98),
3390 3429 3478 3483 καὶ
3524 3430 3769 3484 ἳστανται
3809 3451 3938 3486 κον-

2274 3514 2563 3587 σιστώριον
2616 3514 2693 3576 εἰς
2745 3516 2844 3584 τήν
2900 3513 3194 3586 ἐκκλησίαν
3259 3517 3312 3571 οἱ
3380 3515 3710 3582 εἰσελθόντες
3786 3515 3936 3574 ἔνθεν

2271 3604 2537 3660 κάκεῖθεν.
2579 3603 2680 3660 Καὶ
2733 3598 2917 3658 λαϐὼν
2954 3609 3127 3678 νεῦμα
3172 3607 3199 3660 6
3248 3607 3608 3679 πραιπόσιτος
3647 3608 3794 3683 παρά
3821 3611 3934 3663 τῶν

2275 3689 2574 3761 δεσποτῶν,
2617 3693 2892 3770 ἐξέρχεται
2926 3692 3002 3756 εἰς
3053 3695 3146 3749 τὸν
3191 3693 3605 3771 παρανάρθηκα,
3654 3698 3740 3752 καὶ
3776 3697 3937 3752 ἐπαί-

2273 3801 2354 3856 ρει
2384 3784 2482 3852 τὴν
2539 3780 2883 3857 βουλομένην
2939 3785 2983 3820 ⁷³
3033 3783 3140 3838 ἀπὸ
3189 3783 3288 3839 τοῦ
3328 3782 3593 3861 φύλακος,
3641 3780 3767 3840 ἔνθα
3798 3785 3931 3840 εἰσὶν

2273 3872 2325 3926 οἰ
2355 3873 2591 3948 γανωτοὶ
2622 3870 2874 3937 πυλῶνες
2904 3873 2953 3927 οἰ
2984 3872 3303 3930 ἀντίπεπτοι
3335 3875 3382 3911 ’⁷⁸
3413 3877 3546 3949 (99),
3596 3876 3686 3930 καὶ
3719 3875 3924 3949 εἰσάγει

2271 3959 2442 4029 αὐτὴν
2475 3961 2502 4014 ὁ
2534 3961 2891 4035 πραιπόσιτος
2960 3955 3105 4018 ἔνδον
3161 3969 3268 4018 τῶν
3333 3963 3508 4036 μέσων
3567 3963 3782 4036 πυλῶν,
3837 3965 3925 4019 καὶ

2269 4050 2455 4104 πίπτει
2514 4051 2651 4119 πρὸς
2702 4049 2830 4114 τοὺς
2885 4049 3057 4114 πόδας
3114 4054 3194 4125 (1)
3254 4052 3388 4121 αύτὴ
3447 4052 3538 4108 καὶ
3601 4053 3788 4126 μόνον,
3839 4053 3930 4108 καὶ

2270 4138 2574 4208 ἀναστάσης
2634 4136 2824 4206 αὐτῆς,
2897 4139 3158 4218 ἀποφέρει
3227 4141 3396 4210 αὐτην
3464 4143 3602 4216 πρὸς
3653 4140 3783 4204 τοὺς
3843 4140 3932 4198 δε-

2273 4225 2495 4293 σπότας,
2553 4225 2643 4279 καὶ
2700 4225 2887 4282 πίπτει
2946 4228 3084 4302 πρὸς
3142 4227 3274 4290 τοὺς
3338 4227 3510 4291 πόδας
3575 4228 3772 4301 αὐτῶν,
3840 4231 3929 4286 καὶ

2271 4315 2542 4370 ἀναστᾶσα
2594 4315 2766 4370 ἁπλοῖ
2808 4316 2904 4378 τὰς
2956 4322 3146 4392 χεῖρας
3197 4318 3285 4374 καὶ
3335 4313 3599 4393 λαμϐάνει
3646 4318 3794 4395 παρά
3821 4323 3930 4376 τῶν

1861 4433 2110 4490 VARI/13
2165 4433 2568 4491 LECTIONES.

585 4539 1045 4612 71-ιπῖνθυποιτίκιον
1087 4547 1179 4612 R.,
1212 4542 1572 4598 ανθυπατικὸν
1613 4542 1740 4612 cod.
1773 4546 1830 4598 et
1858 4543 1950 4599 ed.

2027 4541 2072 4578 ’⁷⁷
2115 4541 2415 4599 ἀπάγοντες
2465 4543 2556 4599 ed.

593 4561 630 4578 ἰ
664 4561 1045 4596 ανυυπατικιον
1087 4561 1179 4612 κη,
1212 4561 1572 4598 ανυυπατικον
1613 4561 1740 4598 coa.
1773 4561 1830 4598 et
1858 4561 1950 4599 ea.
2034 4561 2069 4578 σι
2115 4561 2414 4617 απαγοντες

511 4608 921 4686 προϐάλλεσθαι
952 4624 1048 4671 aut
1079 4617 1300 4688 aliquid
1333 4616 1547 4672 simile.
1623 4615 1669 4650 7‘
1700 4611 2018 4669 ἂντιπεπτοὶ
2042 4617 2172 4672 cod.

2634 4542 2678 4577 ⁷⁸
2707 4547 2848 4600 Post
2882 4541 3220 4618 βουλομένην
3263 4545 3464 4603 deesse
3494 4552 3689 4603 censet
3722 4546 3922 4605 Leich.

1574 4722 1778 4780 JOAN.
1806 4722 1953 4780 JAC.
1979 4721 2241 4779 REISKII
2270 4721 2868 4782 COMMENTARIUS.

583 4830 695 4901 (95)
738 4829 1103 4901 Purpureum
1154 4831 1597 4898 quaternionem
1650 4847 1748 4888 seu
1809 4830 2161 4886 membrana
2193 4830 2238 4896 D
2271 4828 2486 4885 editam
2512 4831 3009 4888 accentuationem
3035 4831 3248 4889 rectius
3277 4832 3511 4891 habere.
3535 4831 3644 4891 Sed
3680 4833 3923 4894 difficile

512 4918 774 4974 purpura
808 4904 994 4974 tinctas
1045 4902 1395 4974 complicata
1445 4911 1699 4974 quatuor
1750 4904 1916 4971 folia;
1951 4905 2020 4958 de
2050 4918 2164 4974 quo

513 4973 671 5030 more
703 4973 1073 5029 membranas
1105 4973 1295 5028 colore
1342 4973 1654 5044 purpureo,
1689 4974 1858 5042 ﬂavo,
1891 4973 2157 5042 caeruleo,

511 5045 625 5102 alio
657 5045 976 5118 inﬁciendi,
1010 5045 1238 5118 videndi
1269 5045 1376 5100 viri
1407 5045 1562 5100 docti
1591 5047 1664 5100 ad
1698 5045 2158 5118 Evangeliarium

516 5117 878 5189 quadruplex
913 5116 1231 5172 Blancbini.

585 5190 700 5259 (96)
731 5188 873 5257 Quia
902 5204 1026 5243 sero
1074 5192 1244 5258 venit,
1298 5186 1520 5243 caeteris
1573 5185 1812 5260 collegis
1849 5189 1971 5259 jam
2003 5188 2160 5244 intro

512 5263 732 5316 vocalis
764 5266 819 5316 et
848 5261 1152 5330 ingressis.

584 5331 697 5402 (97)
719 5331 844 5387 Non
877 5321 1024 5388 solet
1073 5333 1281 5388 Noster
1323 5321 1770 5402 καταλαμϐάνειν
1812 5330 1920 5387 hoc
1959 5346 2156 5397 sensu,

511 5401 722 5474 nempe
774 5420 874 5472 pro
900 5401 1176 5474 ⁸αίίῖρίδεί,
1236 5401 1553 5474 usurpare,
1595 5402 1695 5457 sed
1747 5419 1847 5473 pro
1878 5402 2156 5461 advenire.

512 5467 668 5546 Num
696 5467 868 5540 igitur
899 5467 1070 5545 λαϐῇ,
1103 5467 1206 5528 aut
1234 5473 1324 5528 καὶ
1357 5467 1501 5546 λ’άϐῃ
1536 5467 1849 5544 legendum
1870 5474 1898 5529 ?

580 5545 696 5615 (98)
719 5547 829 5600 Pro
897 5547 1207 5617 capacitate
1259 5545 1516 5615 ecclesias,
1585 5561 1792 5617 nempe
1846 5545 2016 5602 Phari
2071 5546 2158 5603 vel

511 5610 1118 5693 Deiparae_Phari',rtot
1156 5633 1432 5693 numero,
1489 5610 1633 5690 quot
1677 5610 1906 5693 χωρεῖν,
1953 5633 2158 5690 capere

512 5687 817 5758 commode
839 5692 1026 5758 potest
1055 5687 1317 5744 ecclesia.

581 5755 694 5830 (99)
725 5755 802 5812 Μ.
840 5755 1175 5813 ’ἀντιπεπτοὶ
1233 5761 1392 5833 gravi
1452 5764 1716 5820 accentu.
1771 5763 1915 5820 Puto
1959 5765 2154 5820 tamen

2273 4905 2382 4966 est,
2416 4903 2734 4978 certum__d_e
2763 4904 3112 4978 etymologia
3125 4909 3183 4961 et
3203 4905 3627 4978 significatione
3644 4907 3804 4964 vocis
3827 4909 3928 4964 ob-

2274 4988 2456 5052 scurae
2488 4977 2544 5029 et
2574 4973 2714 5030 alibi
2738 4973 2852 5052 non
2885 4973 3049 5052 lecta;
3073 4973 3477 5052 et_difticulter
3501 4993 3634 5033 cum
3657 4979 3927 5052 analogia

2271 5043 2452 5119 Graaci
2496 5046 2786 5119 sermonis
2833 5048 3210 5104 conciliandae
3270 5052 3666 5119 pronuntiare.
3711 5043 3926 5108 Videor

2269 5115 2416 5170 mihi
2462 5117 2700 5191 quidem
2751 5119 3046 5191 percipere
3093 5115 3605 5190 significationem,
3661 5136 3792 5191 quas
3833 5127 3925 5180 est

2269 5203 2399 5243 mea
2428 5189 3066 5266 sententia,valva’quaa
3091 5191 3206 5248 sibi
3240 5191 3488 5266 inyicem
3509 5189 3920 5266 obyertuntur,

2268 5275 2514 5330 quarum
2547 5277 2667 5316 una
2696 5277 2874 5331 super
2901 5261 3142 5318 alteram
3173 5267 3231 5320 et
3259 5263 3538 5320 adversus
3559 5262 3806 5321 alteram
3836 5261 3924 5322 in;

2268 5331 2538 5406 clinatur.
2572 5331 2732 5406 Sitne
2755 5334 2828 5406 ab
2846 5331 3169 5402 ἀντιπίπτω,
3199 5343 3298 5392 aut
3330 5336 3402 5391 ab
3439 5333 3768 5406 ἀντιπετάω,
3801 5353 3922 5395 non

2265 5403 2530 5484 dixerim.
2590 5403 2792 5484 Νουμζί
2852 5406 3191 5484 derivationi
3253 5406 3407 5463 favet
3464 5403 3760 5484 analogia.
3801 5409 3917 5484 Sed

2266 5475 2609 5549 Qraacinovi
2666 5477 2779 5549 sibi
2837 5477 3089 5535 multum
3147 5479 3207 5534 in
3265 5475 3695 5549 corrumpenda
3735 5481 3921 5537 veteri

2266 5543 2467 5612 lingua
2521 5546 2844 5620 indulgent.
2907 5549 3061 5608 Num
3108 5550 3359 5622 denique
3409 5543 3786 5624 ὰντῖστρεπτοι
3835 5552 3893 5610 1ο

2266 5617 2570 5672 nendum?

2265 5632 2411 5688 gena
2424 5633 2522 5672 um

2336 5689 2416 5760 (1)
2446 5689 2766 5769 C_uju_sna_m
2789 5691 2818 5747 ’ἶ
2865 5709 2976 5751 non
3025 5693 3389 5769 imperatoris
3419 5696 3590 5752 certe.
3624 5693 3778 5753 Num
3811 5695 3915 5769 igi-

2263 5759 2362 5817 tur
2390 5759 2539 5836 πρὸς
2560 5759 2621 5815 τὸ
2655 5759 2836 5831 οὖδας,
2875 5759 3129 5835 procidit-
3157 5769 3216 5822 in
3241 5767 3445 5824 solum?
