4180 6304
304 311 419 370 521

307 435 591 492 δεσποτῶν
618 437 682 491 τὸ
729 434 1077 510 δελματίκιον
1126 437 1216 492 καὶ
1273 438 1336 492 τὸ
1395 439 1663 514 θωράκιον
1705 439 1794 494 καὶ
1853 461 1960 513 μοι·

307 525 500 602 φόριον
535 522 762 600 ἅσπρον,
795 527 885 581 καὶ
928 525 1082 603 φιλεῖ
1124 525 1222 589 τὰς
1273 533 1465 601 χεῖρας
1506 533 1613 582 τῶν
1663 525 1965 588 δεσποτῶν.

306 615 404 668 Καὶ
469 613 730 693 ἀποφέρει
785 616 956 682 αὐτὴν
1017 615 1095 679 είς
1147 617 1240 671 τὸν
1291 614 1528 692 φύλακα,
1568 615 1688 680 ὅθεν
1749 615 1967 688 ἒξῆλθε,

306 706 394 758 καὶ
425 701 601 758 ἐνδύει
641 703 809 772 αὐτήν
848 704 910 758 τὸ
963 700 1341 777 δελματίκιον,
1373 704 1462 759 καὶ
1517 711 1674 782 φορεῖ
1730 706 1790 759 τὸ
1861 727 1970 778 μα-

311 793 506 866 φόριον
555 793 618 848 τὸ
676 791 904 867 ἅσπρον,
946 792 1036 848 καὶ
1093 792 1258 847 πάλιν
1304 792 1502 869 εἴσαγει
1534 793 1702 862 αὐτὴν
1746 794 1822 855 εἰς
1871 795 1964 849 τὸν

310 882 478 961 φάρον
529 880 608 945 εἴς
652 883 751 950 τὴν
803 880 1118 951 ἐκκλησίαν,
1149 876 1270 936 ἔνθα
1309 880 1553 937 ’ίστανται
1603 883 1656 936 οἱ
1706 880 1964 938 δεσπόται

309 971 394 1026 καὶ
455 973 513 1024 οἱ
581 969 958 1045 συγκλητικοί.
993 972 1112 1035 Εἶθ’
1173 971 1346 1034 οὕτως
1405 969 1557 1048 φιλεῖ
1609 970 1738 1033 τοὺς
1793 967 1968 1034 πόδας

306 1066 412 1116 τῶν
469 1057 770 1129 δεσποτῶν,
825 1063 916 1114 καί
975 1058 1259 1135 ἐξέρχεται
1315 1060 1812 1136 ἀπευχαριστοῦσα,
1873 1063 1964 1116 καὶ

309 1147 604 1224 ἄπέρχεται
654 1147 730 1210 εἰς
765 1147 828 1202 τὸ
860 1148 1112 1218 πάρθεον,
1154 1149 1241 1204 καὶ
1277 1149 1412 1222 μετά
1444 1149 1638 1224 μικρὸν
1689 1145 1962 1222 λαμϐάνει

1168 313 1269 371 DE
1315 311 1764 373 CERIMONIIS
1807 313 2046 374 AULIE
2085 312 2560 377 ΒΥΖΑΝΤΙΝιΕ
2601 318 2748 380 LIB.
2795 319 2844 380 Ι.

2075 447 2132 498 et
2153 449 2454 502 senatores
2485 453 2662 518 stant,
2689 449 2971 519 perducit.
2997 450 3215 510 Deinde
3243 457 3421 527 pedes
3453 458 3723 516 domino-

2079 547 2208 586 rum
2256 534 2514 590 osculata
2561 540 2618 591 et
2660 537 2865 609 gratiis
2903 541 3071 606 actis,
3105 541 3222 598 exit
3261 544 3333 599 ad
3381 546 3727 618 pantheum,

2078 620 2354 693 brevique
2404 624 2708 696 interiecto
2759 631 3040 698 tempore,
3073 633 3443 705 prepositus,
3484 640 3726 706 accepto

2078 711 2246 782 signo
2271 712 2340 766 ab
2384 713 2754 784 imperatore,
2778 717 2956 774 dicit:
2984 740 3009 769 α
3049 719 3279 778 Jubete.
3315 744 3344 774 »
3380 728 3628 780 Senatus
3659 741 3728 780 ex

2076 797 2321 856 ecclesia
2346 803 2416 856 ad
2460 803 2807 875 tripetonem
2855 806 2998 878 abit,
3025 813 3084 864 et
3120 809 3571 870 cerimoniarum
3609 830 3728 870 ma-

2074 885 2255 957 gister
2309 889 2435 946 vela
2483 908 2515 947 e
2565 893 2824 964 patriciis
2871 901 2927 951 et
2976 899 3196 954 caeteris
3241 902 3608 959 senatoribus
3649 903 3722 958 ad

2072 977 2342 1032 eumdem
2356 980 2706 1050 tripetonem
2722 983 2974 1041 ordinat.
2990 988 3074 1042 Ad
3095 989 3418 1059 pantheum
3435 1008 3569 1048 vero
3585 1008 3721 1047 cum

2073 1065 2323 1120 accessit
2351 1071 2512 1122 zoste
2541 1070 2802 1139 patricia,
2826 1073 3119 1131 thoracem
3143 1094 3320 1150 super
3349 1079 3720 1136 dalmaticam

2070 1151 2285 1219 induit,
2316 1153 2506 1210 lorum
2539 1172 2769 1228 quoque
2805 1167 2860 1214 et
2890 1163 3228 1232 pr0poloma
3259 1171 3465 1235 gestat.

307 1245 479 1313 νεῦμα
532 1240 561 1292 6
618 1239 998 1312 πραιπὸσιτος,
1032 1237 1122 1292 καὶ
1172 1237 1353 1314 λέγει·
1417 1263 1445 1291 (ι
1504 1239 1826 1294 Κελεύσατε.
1891 1264 1918 1290 ››
1978 1240 2080 1297 Καὶ
2137 1239 2412 1316 ἐξέρχεται
2465 1245 2500 1312 ἡ
2563 1243 2878 1318 σύγκλητος
2941 1248 3047 1302 ἀπὸ
3099 1257 3199 1319 τῆς
3254 1251 3574 1324 ἔκκλησίας,
3629 1256 3721 1310 καὶ

311 1330 644 1403 ἀπέρχονται
707 1326 760 1382 ἐν
803 1331 882 1399 τῷ
929 1325 1246 1400 τριπέτωνι,
1304 1329 1394 1383 καὶ
1452 1329 1480 1381 6
1534 1335 1637 1397 τῆς
1684 1330 2064 1391 καταστάσεως
2123 1328 2421 1404 εὐτρεπίζει
2497 1333 2565 1387 τὰ
2624 1333 2774 1408 βῆλα
2829 1335 2935 1389 ἀπό
2999 1356 3057 1392 τε
3110 1343 3220 1392 τῶν
3274 1344 3570 1416 πατρικίων
3628 1343 3721 1398 καὶ

307 1422 413 1474 τῶν
472 1417 682 1472 λοιπῶν
743 1420 1126 1491 συγκλητικῶν
1188 1417 1266 1480 εἷς
1315 1417 1406 1472 τὸν
1467 1415 1624 1471 αὐτὸν
1666 1418 1995 1491 τριπέτωνα,
2033 1416 2122 1472 καὶ
2175 1417 2265 1474 ὅτε
2319 1418 2529 1493 ἀπέλθῃ
2577 1423 2611 1490 ἡ
2673 1425 2852 1492 ζωστὴ
2908 1425 3164 1498 πατρικία
3215 1428 3293 1489 εἰς
3349 1415 3411 1482 τὸ
3467 1432 3718 1501 πάνθεον,

311 1506 552 1563 ἐνδύεται
582 1505 643 1562 τὸ
675 1506 940 1582 θωράκιον
970 1505 1150 1582 ἐπᾶνω
1180 1511 1277 1561 τοῦ
1309 1504 1663 1579 δελματικοῦ,
1693 1506 1783 1560 καὶ
1815 1513 1973 1583 φορεῖ
2000 1508 2090 1562 καὶ
2124 1505 2317 1584 λῶρον
2352 1511 2439 1564 καὶ
2473 1515 2536 1564 τὸ
2566 1511 2936 1586 προπόλωμα.

378 1600 453 1654 Β’.
491 1596 586 1652 Καὶ
635 1595 736 1658 εἶθ’
776 1591 950 1656 οὕτως
997 1599 1254 1672 φοροῦσιν
1285 1595 1336 1649 οἱ
1377 1591 1631 1649 δεσπόται
1665 1594 1729 1649 τὰ
1792 1595 1962 1668 στέμ-

2138 1597 2210 1652 Il.
2266 1599 2440 1655 Porro
2477 1601 2719 1668 domini,
2752 1603 2981 1659 coronis
3016 1607 3226 1676 ornati,
3261 1607 3319 1663 in
3372 1609 3581 1666 throno
3627 1627 3720 1666 se-

315 1707 476 1762 ματα,
535 1688 624 1742 καὶ
705 1684 1020 1755 καθέζονται
1096 1686 1148 1741 ἐν
1224 1691 1305 1759 τῷ
1361 1686 1555 1759 σένζῳ,
1611 1688 1698 1741 καὶ
1749 1686 1964 1741 νεύουσι

308 1782 385 1850 τῷ
443 1776 814 1851 πραιποσίτῳ,
857 1776 947 1830 καὶ
1023 1774 1297 1851 ἐξέρχεται
1353 1775 1488 1849 μετᾶ
1543 1776 1832 1850 ὀστιαρίων
1873 1775 1962 1830 καὶ

313 1865 571 1942 βεργίων,
628 1866 719 1920 καὶ
785 1863 1176 1940 προσκαλεῖται
1247 1863 1421 1939 βῆλον
1483 1866 1550 1932 α’,
1611 1865 1958 1940 μαγίστρους·

315 1954 488 2031 βῆλον
543 1955 612 2030 β’,
645 1952 984 2029 πατρικίους
1026 1952 1198 2026 βῆλον
1245 1954 1315 2028 γ’,
1357 1951 1778 2028 συγκλητικοὺς,
1825 1953 1960 2008 ὀπά-

311 2065 459 2111 τους,
520 2043 793 2118 κόμητας,
856 2039 1232 2112 κανδιδάτους,
1285 2039 1661 2116 δομεστίκους,
1713 2042 1818 2097 ἀπὸ
1865 2041 1958 2096 έπ-

311 2135 496 2210 ἆρχων
547 2131 636 2188 καὶ
687 2129 1062 2204 στρατηλάτας
1095 2150 1109 2163 ·
1161 2131 1598 2206 συνεισέρχονται
1657 2128 1714 2185 δὲ
1759 2132 1846 2185 καὶ
1909 2133 1960 2184 οἱ

313 2221 663 2296 σιλεντιάριοι
707 2216 925 2274 ὄπισθεν
970 2226 1070 2289 τῆς
1129 2217 1442 2294 συγκλήτου
1501 2215 1640 2274 ἔνθεν
1689 2218 1956 2275 κάκεῖθεν.

311 2311 416 2368 Καὶ
459 2309 549 2366 ὅτε
585 2308 858 2384 πληρωθῇ
907 2308 974 2363 τὰ
1032 2309 1182 2382 βῆΛα
1220 2309 1308 2362 καὶ
1363 2310 1532 2382 σταθῇ
1589 2308 1652 2362 τὸ
1710 2307 1956 2383 σέκρετον

312 2402 467 2467 ὅλον,
505 2399 750 2455 νεύουσιν
782 2400 833 2454 οἱ
865 2396 1121 2453 δεσπόται
1149 2403 1229 2471 τῷ
1259 2397 1632 2472 πραιποσίτῳ,
1666 2398 1758 2453 καὶ
1815 2397 1958 2472 ἐξέρο

310 2511 472 2568 χεται
530 2487 618 2544 διὰ
670 2495 771 2557 τῆς
832 2486 1172 2562 πληρώσεως
1205 2489 1299 2561 (1⁸)
1329 2495 1429 2557 τῆς
1485 2487 1683 2558 τάξεως
1709 2493 1817 2542 τῶν
1849 2507 1956 2542 παο

313 2577 542 2653 τρικίων
607 2576 669 2631 τὸ
728 2576 886 2651 μέρος
943 2579 1040 2630 τοῦ
1106 2574 1361 2645 πανθέου,
1394 2575 1481 2630 καὶ
1539 2575 1836 2651 ἀπέρχεται
1878 2574 1953 2638 εἰς

313 2669 378 2724 τὸ
437 2667 678 2736 πάνθεον,
709 2663 825 2721 ἔνθα
878 2665 1020 2721 ἐστὶν
1093 2667 1128 2734 ἡ
1187 2659 1564 2739 προϐληθεῖσα
1622 2665 1801 2734 ζωοτή
1850 2685 1954 2718 πα-

315 2756 518 2830 τρικία,
557 2755 643 2810 καί
698 2755 894 2830 εἰσάγει
954 2753 1150 2823 αὐτὴν,
1208 2757 1421 2828 κρατῶν
1468 2753 1635 2821 αὐτὴν
1683 2754 1788 2808 ἀπὸ
1843 2757 1954 2807 τῶν

318 2844 505 2918 ὤμων,
538 2844 622 2898 καὶ
664 2842 938 2920 διέρχεται
979 2841 1055 2903 εἷς
1111 2843 1210 2911 τὴν
1249 2843 1539 2916 πλήρωσιν
1596 2849 1697 2911 τῆς
1754 2842 1956 2912 τάξεως

2075 1686 2214 1742 dent
2243 1693 2300 1743 et
2325 1689 2557 1760 signum
2605 1691 2913 1762 praeposito
2961 1693 3125 1761 dant,
3157 1696 3258 1766 qui
3298 1711 3432 1752 cum
3464 1698 3719 1755 ostiariis

2073 1776 2267 1847 virgas
2297 1777 2665 1848 gestantibus
2713 1795 3002 1851 egressus,
3034 1781 3226 1838 velum
3280 1785 3555 1856 primum,
3587 1803 3715 1842 ma-

2072 1865 2308 1935 gistros,
2340 1867 2534 1922 velum
2565 1870 2917 1937 secundum,
2950 1870 3245 1941 patricios,
3283 1874 3543 1942 tertium,
3577 1891 3714 1948 syn-

2073 1952 2326 2023 cleticos,
2352 1956 2644 2025 consules,
2667 1958 2932 2026 comites,
2958 1959 3320 2029 candidatos,
3345 1962 3713 2032 domesticos,

2071 2044 2464 2114 cxpraafectos,
2488 2044 2759 2102 ductores
2790 2046 3079 2103 exercitus
3110 2048 3370 2116 advocat,
3392 2067 3622 2122 unaque
3643 2053 3714 2108 si-

2071 2129 2324 2186 lentiarii
2373 2137 2505 2200 post
2532 2140 2802 2190 senatum
2834 2134 2969 2190 hinc
2998 2140 3057 2191 et
3104 2136 3240 2192 inde
3278 2137 3709 2210 ingrediuntur.

2069 2220 2312 2286 Quando
2369 2220 2494 2276 vela
2551 2222 2842 2295 completa
2889 2227 3191 2296 totumque
3237 2231 3527 2283 secretum
3571 2245 3711 2284 con-

2068 2308 2334 2364 stitulum
2351 2314 2460 2374 est,
2479 2310 2700 2366 domini
2725 2313 3030 2383 praeposito
3053 2313 3288 2386 signum
3315 2315 3475 2384 dant,
3495 2332 3711 2389 perque

2067 2406 2278 2452 caelum
2341 2398 2566 2454 ordinis
2623 2401 2997 2470 patriciorum
3047 2402 3217 2457 factio
3269 2406 3338 2459 ad
3391 2405 3706 2475 pantheum

2066 2487 2204 2551 abit,
2227 2487 2324 2542 ubi
2361 2492 2618 2557 promota
2648 2497 2800 2544 zoste
2828 2489 3069 2561 patricia
3107 2496 3244 2560 stat,
3277 2509 3454 2566 quam
3498 2494 3708 2551 hume-

2065 2575 2146 2631 ris
2169 2578 2465 2632 sustinens
2477 2577 2734 2644 adducit,
2748 2578 3192 2651 digressamque
3203 2597 3306 2652 per
3329 2582 3706 2653 patriciorum

2065 2669 2304 2734 emtum,
2356 2664 2542 2721 lorum
2582 2670 2640 2722 et
2685 2665 3026 2740 propoloma
3067 2670 3369 2736 t'erentem,
3403 2669 3461 2726 in
3513 2672 3704 2728 medio

2064 2753 2266 2810 secreti
2287 2755 2664 2826 patriciorum
2690 2754 2862 2811 sistit.
2879 2755 3008 2812 Haec
3028 2755 3334 2828 paululum
3354 2774 3414 2815 se
3435 2757 3700 2825 inclinat,

2064 2843 2220 2914 quod
2242 2843 2363 2898 loro
2386 2841 2664 2914 impedita
2682 2844 2980 2915 procidere
3010 2845 3232 2916 nequit,
3253 2845 3464 2904 deinde
3485 2847 3696 2904 iterum

307 2939 413 2989 τῶν
471 2932 788 3006 πατρικίων,
836 2932 926 2988 καὶ
973 2929 1190 3002 ’ίστησιν
1248 2932 1420 3001 αὐτὴν
1488 2931 1647 3003 μέσον
1707 2934 1809 2986 τοῦ
1859 2950 1946 2985 σε·

2067 2947 2163 3002 per
2195 2946 2407 3001 paucos
2444 2931 2660 3003 gradus
2709 2931 2984 3000 adducta,
3017 2932 3290 2990 similiter
3337 2952 3399 2991 se
3438 2934 3700 3002 inclinat,

303 3022 493 3096 κρέτου
537 3027 644 3079 τῶν
695 3019 1017 3098 πατρικίων,
1064 3023 1334 3098 φοροῦσαν
1387 3041 1481 3076 τον
1546 3019 1724 3094 λῶρον
1766 3021 1813 3056 ⁷⁸
1859 3019 1950 3074 καὶ

299 3113 363 3168 τὸ
397 3109 770 3186 προπόλωμα.
804 3110 908 3166 Καὶ
946 3113 1238 3180 προσκυνεῖ
1287 3109 1504 3182 μικρὸν,
1537 3108 1616 3171 ὡς
1665 3109 1743 3181 μὴ
1795 3105 1952 3162 δυναο

307 3202 477 3274 μένης
508 3200 677 3269 αὐτῆς
730 3203 910 3253 πεσεῖν
958 3195 1048 3252 διὰ
1093 3198 1182 3252 τὸν
1246 3194 1426 3270 λῶρον
1459 3198 1534 3270 (2)
1564 3196 1657 3252 καὶ
1704 3196 1767 3252 τὸ
1824 3217 1954 3272 προ-

302 3288 566 3363 πόλωμα,
598 3289 688 3343 καὶ
746 3286 912 3343 πάλιν
966 3285 1223 3364 ἀποφέρει
1280 3286 1450 3356 αὐτὴν
1493 3284 1654 3361 ὀλίγα
1707 3287 1950 3360 βήματα,

299 3380 390 3435 καὶ
443 3383 742 3453 προσκυνεῖ
794 3377 1028 3450 ὁμοίως,
1055 3375 1146 3431 καὶ
1204 3374 1278 3437 εἰς
1324 3374 1388 3430 τὸ
1427 3374 1609 3448 τρίτον
1783 3381 1955 3451 Προσ-

296 3468 445 3548 φέρει
491 3469 536 3505 ⁷⁸
591 3465 758 3534 αὐτὴν
828 3465 904 3527 εἷς
964 3465 1030 3519 τὰ
1087 3463 1287 3542 γόνατα
1342 3467 1452 3518 τῶν
1516 3462 1813 3532 δεσποτῶν,
1863 3463 1952 3518 καὶ

297 3555 450 3634 φιλεῖ
495 3557 561 3611 τὰ
610 3553 706 3611 δύο
745 3556 948 3630 γόνατα
995 3557 1091 3609 τοῦ
1144 3552 1385 3629 μεγάλου
1418 3549 1703 3624 δεσπότου,
1737 3553 1946 3627 ὁμοίως

293 3646 512 3702 καὶτοῦ
540 3649 762 3720 μικροῦ,
794 3641 963 3704 πόδας
997 3639 1054 3698 ’δὲ
1094 3641 1155 3697 οὐ
1187 3640 1359 3720 φιλεῖ,
1393 3641 1467 3703 ὡς
1518 3643 1594 3714 μή
1649 3639 1954 3714 δυναμένης

295 3736 466 3805 αὐτῆς
505 3739 708 3791 πεσεῖν,
745 3734 862 3790 Εἶθ’
897 3733 1072 3794 οὕτως
1112 3731 1284 3786 ἁπλοῖ
1311 3731 1405 3792 τὰς
1442 3735 1652 3804 χεῖρας,
1685 3730 1775 3784 καὶ
1808 3729 1951 3802 λαμ-

295 3820 446 3880 ϐάνει
496 3823 593 3887 τὰς
631 3820 845 3883 πλάκας
900 3821 1037 3894 μετᾶ
1080 3823 1189 3875 τῶν
1231 3817 1613 3889 κωδικέλλων,
1663 3818 1752 3872 καὶ
1802 3819 1954 3894 φιλεῖ

287 3915 391 3976 ’τὰς
425 3919 616 3990 χεῖρας
645 3916 751 3968 τῶν
783 3909 1080 3980 δεσποτῶν,
1111 3909 1202 3964 καὶ
1251 3909 1536 3984 ὑποχωρεῖ
1585 3907 1772 3983 ὀλίγον
1819 3929 1951 3985 κρα-

281 4003 534 4076 ⁸τοιιμένη
593 4001 742 4077 παρὰ
777 4002 875 4055 τοῦ
931 3997 1316 4070 πραιποσίτου,
1362 3995 1453 4052 καὶ
1486 3995 1791 4070 εῗσάγονται
1849 3998 1950 4054 ὑπὸ

274 4090 665 4166 σιλεντιαρίων
715 4087 1082 4165 κρατούμενοι
1150 4087 1255 4142 ἀπό
1312 4107 1372 4143 τε
1424 4087 1728 4163 μαγίστρου
1781 4087 1950 4164 μέχρι

275 4187 399 4238 τῶν
445 4177 838 4256 στρατηλατῶν
878 4177 1401 4253 ἀπευχαρ’στοῦντες
1462 4173 1552 4230 διὰ
1601 4177 1702 4244 τήν
1771 4198 1948 4250 τιμη-

2063 3024 2118 3075 et
2147 3019 2332 3075 tertio.
2361 3019 2506 3075 Tum
2551 3020 2795 3090 genibus
2826 3021 3200 3078 dominorum
3241 3023 3494 3092 admota,
3528 3025 3704 3080 ambo

2061 3109 2250 3179 magni
2281 3124 2443 3179 aeque
2483 3124 2549 3164 ac
2581 3108 2822 3164 minoris
2853 3109 3078 3166 domini
3120 3126 3329 3181 genua,
3362 3129 3477 3167 non
3510 3117 3703 3168 autem

2059 3197 2256 3268 pedes,
2301 3213 2436 3252 cum
2482 3198 2782 3270 procidere
2834 3204 3098 3270 nequeat,
3131 3199 3450 3256 osculatur.
3500 3203 3708 3259 Postea

2063 3286 2334 3342 manibus
2355 3287 2619 3355 expansis
2649 3286 2883 3343 tabulas
2905 3303 3038 3343 cum
3061 3287 3358 3345 codicillos
3379 3291 3582 3360 sumit,
3605 3291 3706 3346 do-

2063 3378 2290 3431 minoru
2303 3391 2355 3428 m
2375 3391 2584 3430 manus
2599 3376 2894 3442 osculans,
2916 3375 3386 3448 paululumquea
3401 3380 3706 3450 praeposito

2063 3467 2392 3519 sustentata
2423 3463 2641 3518 recedit
2673 3479 2688 3518 :
2741 3467 2884 3518 tunc
2913 3479 3120 3519 omnes
3150 3481 3183 3519 a
3211 3465 3547 3521 silentiariis
3576 3483 3705 3522 sus-

2062 3551 2290 3619 tentati,
2347 3567 2379 3604 a
2420 3552 2696 3620 magistro
2737 3552 2808 3606 ad
2849 3553 3058 3608 ducem
3092 3553 3380 3608 exercitus
3423 3554 3708 3610 inducun-

2062 3645 2176 3709 tur,
2201 3656 2302 3710 pro
2324 3638 2609 3710 dignitate
2631 3639 2745 3710 ipsi
2765 3639 2976 3695 collata
2996 3639 3212 3712 gratias
3243 3641 3450 3697 acturi.
3483 3643 3704 3706 Quibus

2063 3747 2094 3786 a
2119 3734 2321 3784 senatu
2348 3728 2614 3798 peractis,
2640 3729 2827 3798 ipsam
2860 3730 3204 3806 praepositus
3226 3731 3292 3785 ad
3318 3746 3504 3802 genua
3525 3732 3708 3787 domi-

2063 3833 2273 3874 norum
2307 3815 2516 3870 iterum
2547 3815 2806 3883 adducit,
2835 3816 3082 3888 ipsaque
3113 3817 3334 3887 gratias
3355 3818 3495 3889 agit.
3527 3821 3709 3890 Impe-

2064 3913 2222 3964 rator
2265 3923 2416 3972 vero,
2459 3909 2524 3962 ut
2567 3906 2800 3978 signum
2853 3905 3158 3977 praeposito
3203 3907 3273 3962 ad
3317 3907 3468 3963 latus
3511 3907 3706 3964 throni

2062 3998 2379 4054 constituto
2427 3995 2604 4066 dedit,
2652 3994 2882 4051 etiamsi
2933 3995 3302 4066 primicerius
3354 3997 3454 4062 sit,
3500 4003 3708 4070 praeter

2063 4103 2194 4143 eum
2255 4085 2353 4158 qui
2411 4090 2611 4140 zosten
2670 4085 2825 4142 152
2891 4089 3204 4154 sustentat,
3253 4085 3391 4141 dicit
3440 4102 3460 4140 :
3510 4109 3540 4137 (ι
3610 4087 3708 4142 Ju-

2063 4178 2208 4232 bele.
2244 4197 2272 4225 »

281 4273 494 4329 θεῖσαν.
551 4271 649 4326 Καὶ
706 4271 833 4325 ὅταν
887 4266 1273 4342 συμπληρώσῃ
1327 4268 1362 4336 ἡ
1419 4265 1731 4342 σύγκλητος
1801 4268 1901 4335 τὴν
1970 4262 2345 4341 εὐχαριστίαν,
2404 4259 2607 4337 εἰσάγει
2686 4257 2854 4330 αὓτὴν
2911 4260 3076 4316 πάλιν
3131 4261 3159 4316 ὁ
3213 4261 3576 4335 πραιπόσιτος
3633 4261 3708 4326 εἰς

1664 4391 1903 4448 VARle
1941 4389 2239 4448 LECTION
2247 4388 2348 4444 ES.

364 4497 411 4532 ’³⁸
443 4492 512 4548 τὺ
545 4491 732 4566 λῶρον
764 4494 858 4550 ed.
936 4490 982 4528 ⁷⁸
1010 4489 1073 4545 τὸ
1104 4489 1285 4564 τρίτον
1312 4509 1513 4562 προσφ.
1546 4489 1638 4546 ed.

1371 4614 1576 4670 JOAN.
1605 4613 1747 4671 JAC.
1777 4613 2013 4672 RESKII
2051 4610 2638 4670 COMMENTARIUS.

371 4738 471 4809 (1⁸)
508 4739 610 4792 Per
629 4735 800 4809 ﬁnem
827 4733 1056 4809 ordinis
1092 4731 1477 4809 patriciorum,
1511 4727 1694 4796 illinc,
1716 4729 1814 4785 ubi
1849 4731 1953 4785 de-
1985 4733 2031 4797 D
2061 4729 2226 4809 cere?
2247 4725 2520 4805 Ignoscat
2551 4723 2715 4778 nobis
2744 4723 2830 4778 vir
2850 4723 3362 4809 doct_us,quisquis
3384 4725 3709 4809 ille‘fuerit-

300 4798 507 4866 sinunt
530 4798 754 4876 stantes
776 4805 1008 4876 ingserie
1034 4798 1283 4876 patricii.
1309 4800 1388 4857 T6
1408 4798 1597 4876 μέρος,
1619 4817 1826 4868 versus,
1854 4817 1955 4872 pro

298 4881 376 4941 ὡς
404 4876 662 4953 νθιῖςπρὸς
686 4875 750 4930 τὸ
787 4873 979 4948 μέρος,
1008 4872 1081 4953 ait
1109 4872 1570 4953 plagamitempii.

366 4955 446 5024 (2)
467 4943 712 5006 Videtur
735 4943 872 5020 ergo
892 4963 1007 5024 non
1025 4943 1256 5024 licuisse
1279 4943 1525 5024 illis,qui
1544 4943 1696 5024 Ioros
1719 4958 1958 5024 corpore

299 5016 596 5095 gererent,
637 5016 852 5074 vestem
900 5018 1223 5095 principem
1267 5016 1522 5095 virorum
1568 5020 1626 5068 et
1665 5016 1959 5095 majestuti

300 5087 451 5166 pene
483 5087 720 5166 tantum
752 5087 930 5166 atque
979 5087 1264 5166 patricii_s__
1288 5088 1607 5166 propriam,
1637 5102 1825 5166 genua
1855 5087 1959 5166 tle-

303 5157 480 5231 ctere,
516 5168 626 5238 aut
653 5162 815 5238 humi
833 5157 1167 5238 procidere.
1200 5157 1302 5238 Vir
1330 5157 1678 5238 doctu_s,_qui
1704 5157 1760 5238 in
1790 5158 1958 5238 ltela-

308 5228 566 5311 tionibus
582 5228 1072 5311 _(_iottingen_sib_us
1082 5235 1151 5286 de
1173 5231 1365 5311 primo
1384 5229 1568 5311 nostri
1587 5229 1779 5311 operis
1804 5228 1960 5311 volu-

306 5311 460 5380 tnine
485 5299 871 5380 judicium'et
902 5299 1187 5380 indicium
1213 5300 1396 5380 dedit,
1425 5299 1807 5380 producto_i.n_
1834 5299 1961 5354 aliis

309 5379 412 5454 hoc
431 5369 672 5454 quoque
693 5375 841 5454 loco,
858 5373 1170 5454 causamin
1195 5373 1392 5454 addita
1409 5369 1611 5454 notula
1632 5369 1816 5424 edidit
1835 5386 1962 5441 quae

308 5446 541 5523 quidem
563 5446 672 5523 sibi
698 5447 982 5515 videatur,
1021 5461 1206 5523 quare
1230 5446 1471 5515 patricia
1494 5447 1652 5523 geste
1676 5456 1963 5523 non-pro.-

306 5512 524 5595 ciderit,
562 5521 742 5595 lorum
759 5527 815 5574 et
847 5512 1186 5595 propoloma
1220 5512 1627 5595 gerens..Qai.-t
1651 5512 1729 5595 si,
1765 5514 1865 5595 ait,
1899 5512 1960 5567 ob

311 5594 363 5646 id
394 5587 575 5665 ipsum
606 5589 758 5668 datm
789 5587 1502 5668 vestes—rigidiaprimarii:
1529 5587 1777 5668 feminis,
1808 5594 1876 5668 ιιι⁹
1897 5598 1966 5665 ita

314 5655 518 5730 possint
549 5659 795 5733 quidem,
816 5662 920 5716 etsi
954 5661 1139 5716 oblita
1175 5655 1462 5728 dignitatis
1484 5655 1708 5720 vellent,
1737 5669 1792 5708 se
1820 5655 1962 5718 abii-

632 5787 898 5848 ΡΑΤεοι..
944 5789 1062 5848 Gn.
1107 5783 1289 5850 CXII.

2067 4799 2239 4869 cujus
2263 4796 2474 4869 nomen
2500 4796 2913 4869 ignoramus,si
2940 4797 3148 4864 ahejus
3171 4796 3713 4869 sententiadiscedi-

2069 4865 2196 4925 mus
2219 4865 3019 4948 proﬁtemurque,_s_ubtiliora
3040 4876 3096 4948 et
3116 4868 3446 4948 quaesitiore
3463 4884 3537 4948 ea
3558 4883 3708 4948 esse,

2069 4939 2245 5012 quam
2287 4939 2540 5012 veriora.
2571 4941 2640 4994 Ut
2687 4940 2893 5012 diebus
2945 4939 3103 4994 testis
3153 4947 3208 4992 et
3246 4939 3584 5004 Dominicis,
3637 4939 3710 4993 ob

2071 5009 2354 5082 temporis
2385 5009 2742 5082 religionem,
2781 5011 3041 5082 codicem
3071 5025 3295 5082 sacrum
3330 5017 3428 5064 aut
3459 5023 3707 5076 crucem,

2068 5080 2532 5160 autr'symbolum
2567 5081 2846 5160 ﬁdei,_aut
2868 5098 2964 5135 vas
2995 5080 3228 5160 aliquod
3267 5095 3498 5160 sacrum
3535 5094 3708 5160 manu

2070 5152 2435 5230 gestantibus
2457 5153 2852 5230 ingeni’culare
2871 5167 2984 5230 non
3023 5152 3227 5230 licebat
3244 5152 3325 5204 ob:
3349 5152 3710 5230 majestate‘m

2070 5222 2126 5280 et
2158 5222 2544 5281 reverentiam
2575 5227 2806 5280 habitus
2839 5222 3255 5294 gestaminisve
3284 5222 3394 5286 sui,
3427 5222 3713 5294 sictantzn

2068 5297 2462 5352 venerationis
2511 5301 2570 5350 et
2619 5290 2978 5350 auctoritatis
3025 5296 3149 5346 erat
3198 5290 3411 5356 lorum,
3453 5293 3713 5344 veterum

2071 5370 2280 5423 trabeae
2303 5368 2520 5440 imago,
2537 5371 2599 5418 ut
2619 5366 2720 5436 qui
2745 5378 3135 5440 eam_corpore
3152 5366 3397 5440 gereret,
3413 5365 3716 5429 exemptus

2071 5445 2226 5494 esset
2259 5431 2599 5512 necessitate
2631 5431 2686 5489 Ῐιι
2722 5431 3352 5512 Εθηιὲβυβὴθάυτθηάίκ
3384 5499 3394 5509 .
3448 5501 3456 5512 ,
3607 5499 3620 5512 .

2141 5511 2220 5582 (3)
2241 5509 2316 5564 M.
2352 5514 2479 5572 post
2581 5522 2631 5559 ν.
2660 5495 2812 5560 recte
2835 5505 3244 5582 distinguunt;
3269 5495 3720 5570 subintelligitur

2072 5575 2224 5636 enim
2259 5578 2569 5649 προσκυνεῖ,
2597 5593 2628 5628 a
2659 5575 2955 5630 communi
2990 5575 3323 5647 repetitum.

3329 5762 3402 5824 17
