4152 6302
413 358 534 417 523

1466 349 1961 412 CONSTANTIN
1972 352 1995 410 Ι
2039 349 2741 416 PORPHYROGENITI

3699 361 3827 420 524

413 495 483 550 τὰ
537 493 741 568 γόνατα
793 495 902 548 τῶν
961 487 1256 555 δεσποτῶν,
1303 486 1394 542 καὶ
1459 485 1851 560 ἀπευχαριστεῖ
1912 489 2032 545 τοῖς
2091 481 2394 548 δεσπόταις.
2454 489 2550 541 Καὶ
2597 491 2736 544 νεύει
2796 492 2822 544 ὁ
2876 489 3129 565 βασιλεὺς
3186 496 3268 564 τῷ
3326 493 3679 565 πραιποσίτῳ
3740 496 3827 565 τῷ

415 585 610 639 ἑστῶτι
668 583 747 648 είς
799 584 862 637 τὸ
890 580 1126 655 πλαγίον
1170 582 1268 634 τοῦ
1325 575 1566 646 σέντζου,
1623 573 1722 629 κᾶν
1781 595 1840 629 τε
1885 575 2248 649 πριμικήριος
2305 577 2472 651 τύχῃ,
2533 575 2656 632 ἄνευ
2721 584 2818 634 τοῦ
2877 587 3206 656 κρατοῦντος
3262 582 3361 652 τὴν
3422 584 3662 652 ζωστῆν,
3726 582 3826 636 καὶ

303 707 305 710 ι
416 671 565 740 λέγει
593 692 605 708 ’
639 696 664 728 a
699 671 1017 728 Κελεύσατε.
1052 696 1080 722 ››

492 765 586 821 ΙΙΙ.
604 764 814 819 Fausta
834 764 1200 833 apprecatus,
1215 762 1452 814 senatus
1469 771 1702 827 unaque
1713 759 1870 811 zostc
1889 769 2048 823 egre-

2235 755 2302 810 l".
2355 755 2455 811 Καὶ
2515 754 2802 831 ἐπεύχεται
2860 761 2894 828 ἠ
2964 758 3274 834 σύγκλητος
3342 761 3431 814 καὶ
3507 759 3828 835 ἐξέρχεται,

418 853 592 920 ditur,
628 854 799 924 cujus
833 850 1066 906 tabulas
1092 847 1449 905 silentiarius
1471 846 1704 917 accipit,
1739 853 1792 901 et
1822 844 1894 900 ad
1923 843 2050 899 lau-

415 943 638 998 siacum
669 942 729 996 in
759 939 1042 1012 obsequio
1083 936 1535 994 silentiariorum
1567 943 1620 991 et
1668 933 2055 990 cubiculario-

413 1047 568 1097 rum,
586 1030 811 1086 tunicas
832 1030 998 1086 albas
1019 1027 1400 1101 gestantium,
1419 1027 1489 1081 ad
1529 1025 1789 1096 tropicen
1812 1021 2053 1078 lausiaci

413 1122 555 1191 abit,
593 1137 699 1178 nec
720 1138 808 1190 eo,
834 1120 934 1176 ubi
966 1119 1258 1192 processio
1289 1120 1398 1187 est,
1429 1117 1531 1171 sed
1570 1115 1644 1171 ad
1672 1118 1890 1170 erotem
1925 1129 2054 1184 per-

413 1228 580 1283 gens,
594 1211 663 1266 ad
684 1209 837 1266 latus
862 1225 1192 1282 magnaurae
1213 1211 1384 1277 atque
1423 1204 1498 1260 ad
1536 1203 1822 1276 porticum
1853 1201 2055 1258 candi-

413 1303 708 1368 datorum,
741 1301 812 1355 ad
845 1298 1122 1354 excubias
1156 1309 1373 1370 perque
1415 1293 1644 1349 scholas
1676 1292 1854 1358 venit,
1896 1291 1996 1346 ubi
2024 1306 2057 1344 a

415 1387 783 1455 factionibus,
817 1391 877 1441 ut
911 1385 1158 1456 patricii,
1182 1382 1487 1454 excipitur,
1519 1380 1782 1436 libellum
1823 1394 2057 1450 quoque

413 1497 446 1532 a
489 1477 742 1532 tribunis
785 1473 1019 1544 accipit,
1051 1477 1128 1539 et,
1176 1477 1241 1528 ut
1291 1486 1416 1525 mos
1448 1475 1561 1538 est,
1611 1471 1721 1541 ipsi
1772 1468 2057 1524 factiones

416 1565 762 1622 acclamant.
781 1563 917 1620 Abit
947 1555 1148 1634 pos'tea
1179 1576 1281 1631 per
1301 1561 1536 1632 chytum
1562 1558 1793 1614 chalces
1824 1559 1892 1614 ad
1921 1573 2055 1614 san.

417 1659 576 1710 ctum
591 1658 856 1726 puteum,
870 1649 1190 1720 ingreditur
1206 1648 1480 1719 templum
1499 1647 2056 1719 sacrasquejanuas,

417 1744 519 1801 ubi
547 1743 966 1800 antimensium
999 1740 1250 1813 positum
1283 1744 1411 1793 est:
1466 1738 1794 1810 patriarcha
1823 1737 1896 1793 ab
1926 1753 2059 1792 ora-

416 1833 565 1890 torio
617 1833 929 1905 egreditur,
992 1846 1230 1888 sumens
1294 1830 1424 1899 ejus
1479 1828 1728 1900 tabulas,
1787 1845 1932 1900 quas
1997 1827 2056 1881 in

419 1923 769 1980 antimensio
799 1920 1048 1994 reponit,
1082 1935 1416 1992 precesque,
1448 1924 1511 1974 ut
1557 1934 1732 1989 super
1775 1915 2056 1988 patriciis,

418 2013 632 2070 recitat.
658 2013 740 2067 Ad
772 2010 1071 2068 ecclesiam
1105 2023 1373 2081 proceres
1403 2012 1460 2063 et
1479 2006 1715 2080 reliquae
1749 2005 2057 2077 dignitates

2165 843 2532 924 συνεξέρχεται
2587 842 2643 900 δὲ
2698 847 2787 900 καὶ
2846 850 2880 917 ἡ
2920 850 3209 919 ζωσθεῖσα,
3251 850 3340 904 καὶ
3392 845 3667 922 λαμϐάνει
3719 851 3826 910 τὰς

2163 932 2373 993 πλάκας
2433 933 2596 1004 αὐτῆς
2664 935 3044 1013 σιλεντιάριος,
3093 938 3181 992 καὶ
3241 938 3517 1016 ἐξέρχεται
3586 937 3665 1000 εἷς
3756 939 3825 992 τὸ

2165 1019 2480 1093 λαυσιακὸν,
2516 1024 2878 1098 όψικευομὲνη
2938 1027 3039 1081 ὑπὸ
3089 1025 3460 1102 σιλεντιαρίων
3514 1028 3603 1081 καὶ
3678 1048 3827 1082 κου-

2166 1106 2532 1186 ϐικουλαρίων
2580 1115 2894 1190 φορούντων
2947 1113 3202 1190 χλανίδια
3255 1115 3441 1184 λευκὰ,
3501 1115 3588 1170 καὶ
3649 1116 3828 1190 ἀπέρ-

2169 1219 2322 1274 χεται
2381 1201 2467 1256 ἐπὶ
2525 1204 2626 1272 τήν
2680 1206 2947 1278 τροπικὴν
3023 1209 3120 1260 τοῦ
3187 1204 3506 1276 λαυσιακοῦ,
3569 1205 3659 1259 καὶ
3721 1205 3831 1259 οὐκ

2168 1287 2467 1364 ἐξέρχεται,
2525 1287 2644 1346 ἔνθα
2687 1292 2830 1349 ἐστὶν
2900 1295 2934 1363 ἡ
2990 1292 3340 1370 προέλευσις,
3399 1293 3528 1349 ἀλλ’
3589 1293 3678 1348 ἐπὶ
3730 1295 3830 1349 τὸν

2168 1373 2361 1450 ἔρωτα,
2420 1380 2508 1433 καὶ
2592 1376 2826 1437 ἐκϐαίνει
2889 1381 2972 1437 ἐπὶ
3045 1383 3107 1437 τὸ
3167 1381 3399 1455 πλαγίον
3453 1388 3555 1453 τῆς
3617 1384 3834 1456 μαναύ-

2169 1486 2285 1541 ρας,
2317 1470 2407 1523 καὶ
2467 1468 2553 1523 ἐπὶ
2605 1471 2696 1524 τὸν
2741 1470 2998 1546 μάκρωνα
3053 1476 3164 1527 τῶν
3221 1469 3553 1527 κανδιδάτων
3616 1473 3694 1534 είς
3759 1473 3832 1527 τά

2167 1553 2450 1626 έξκούόιτα
2492 1559 2582 1614 καὶ
2624 1557 2710 1614 διὰ
2753 1566 2859 1615 τῶν
2901 1559 3152 1640 σχολῶν,
3181 1563 3271 1616 καὶ
3322 1559 3577 1636 δέχονται
3607 1561 3675 1617 τά
3722 1561 3830 1635 μὲ-

2169 1665 2260 1720 ρη,
2302 1647 2378 1708 ὡς
2441 1647 2527 1702 ἐπὶ
2586 1653 2691 1703 τῶν
2736 1651 3058 1726 πατρικίων,
3091 1645 3356 1724 λαόμάνει
3404 1650 3493 1706 καὶ
3546 1648 3826 1706 λιόελλά-

2169 1755 2283 1809 ριον
2312 1736 2456 1812 παρὰ
2484 1742 2590 1791 τῶν
2623 1735 2951 1815 δημάρχων,
2978 1739 3066 1794 καὶ
3120 1738 3484 1815 ἀκτολογοῦσι
3535 1741 3600 1794 τὰ
3648 1737 3828 1816 μέρη,

2169 1825 2245 1887 ὡς
2285 1827 2318 1894 ἡ
2353 1827 2609 1896 συνήθεια
2655 1824 2790 1901 ἔχει.
2855 1827 2952 1881 Καὶ
3000 1828 3298 1903 ἀπέρχεται
3339 1826 3428 1883 διὰ
3480 1831 3578 1883 τοῦ
3637 1832 3828 1908 χυτοῦ

2165 1921 2266 1983 τῆς
2315 1914 2534 1990 χαλκῆς
2579 1916 2654 1979 εἰς
2710 1918 2772 1973 τὸ
2833 1919 2986 1994 ἅγιον
3026 1924 3218 1994 φρέαρ,
3247 1917 3335 1974 καὶ
3394 1917 3703 1997 εἰσέρχεται
3771 1917 3828 1973 έν

2165 2008 2243 2074 τῷ
2281 2009 2394 2076 ναῷ
2452 2004 2527 2067 είς
2567 2007 2632 2060 τὰ
2673 2007 2802 2082 ἅγια
2850 2006 3025 2082 θυρία,
3058 2003 3181 2062 ἔνθα
3240 2009 3520 2082 πρόκειται
3563 2008 3625 2062 τὸ
3684 2009 3833 2062 ἀντι-

417 2119 537 2158 una
573 2102 764 2173 ipsam
804 2100 1176 2165 comitantur,
1228 2096 1593 2169 peractisque
1651 2113 1684 2152 a
1731 2093 2058 2166 patriarcha

2171 2093 2374 2166 μίσιον,
2426 2093 2518 2148 καὶ
2571 2089 2806 2149 ἐκϐαίνει
2842 2096 2870 2149 ὁ
2927 2095 3277 2171 πατριάρχης
3317 2097 3423 2151 ἀπὸ
3481 2100 3578 2151 τοῦ
3637 2107 3831 2161 θυσια-

417 2192 710 2264 precibus,
735 2188 1076 2247 cubicularii
1099 2191 1156 2244 et
1175 2185 1481 2243 silentiarii
1509 2186 1582 2241 ad
1610 2185 1976 2241 metatorium
1999 2182 2059 2238 in

417 2279 739 2336 triclinium
760 2279 1100 2334 Thomattes
1122 2275 1341 2331 dictum
1366 2274 1682 2342 deducunt,
1699 2290 1915 2348 perque
1938 2289 2063 2346 por-

417 2370 570 2425 ticus
617 2372 1017 2433 transeuntes,
1075 2366 1236 2421 intus
1284 2369 1460 2420 stant.
1505 2363 1776 2419 Proceres
1816 2379 1948 2419 vero
1997 2377 2063 2417 ac

415 2459 602 2514 ceteri
627 2459 698 2514 ab
720 2457 964 2513 ecclesia
993 2454 1326 2522 discedunt,
1354 2453 1605 2523 patricia:
1630 2457 1686 2507 et
1707 2454 2065 2523 strategissas

417 2546 829 2602 consistorium
863 2545 924 2599 in
964 2542 1214 2597 triclinio
1265 2556 1618 2608 magnaurae,
1661 2552 1860 2595 zosten
1910 2540 2061 2593 exci-

417 2633 662 2705 pientes,
689 2631 1068 2686 constituunt.
1092 2628 1226 2692 Quae
1249 2644 1384 2682 cum
1413 2643 1478 2683 eo
1519 2629 1788 2698 pervenit,
1815 2645 1848 2684 a
1876 2629 2064 2698 capite

417 2725 572 2780 inter
603 2723 870 2796 patricias
903 2722 1096 2778 media
1128 2719 1526 2788 constituitur,
1560 2735 1792 2792 unaque
1821 2730 1877 2776 et
1920 2720 2062 2775 item

419 2813 600 2870 altera
624 2812 986 2886 procidenles
1009 2812 1067 2866 in
1089 2826 1298 2882 genua,
1323 2807 1644 2876 sportulam
1677 2810 1747 2864 ab
1778 2808 1876 2864 illa
1907 2808 2063 2864 acci-

416 2902 603 2974 piunt,
636 2899 877 2975 singulas
919 2899 1141 2956 scilicet
1181 2913 1454 2953 nummos
1495 2897 1583 2965 VI,
1617 2903 1673 2952 et
1712 2899 1797 2953 sic
1823 2898 2059 2953 abeunt.

414 2991 688 3048 Similiter
737 2989 1084 3060 strategisste
1115 3004 1246 3044 eam
1285 2988 1551 3056 adorant,
1589 2986 1960 3057 dominisque
2008 2992 2065 3044 et

417 3087 692 3155 promota:
729 3080 921 3137 felicia
953 3083 1364 3151 apprecantur.
1388 3078 1602 3132 Deinde
1634 3077 1946 3132 discedunt
1967 3094 2065 3147 pa-

414 3171 617 3239 triciae,
632 3172 702 3225 ad
722 3167 1061 3225 cubicularii
1079 3182 1214 3222 cum
1238 3164 1574 3222 silentiariis
1592 3181 1717 3220 eam
1739 3165 2057 3237 excipiunt,

417 3265 578 3332 perte
595 3267 810 3315 erotem
829 3262 886 3314 et
908 3258 1191 3329 porticum
1207 3259 1554 3311 Sanctorum
1576 3256 1676 3310 XL
1694 3255 1749 3309 in
1774 3254 2060 3326 palatium

415 3351 664 3414 ducunt,
699 3349 851 3403 unde
892 3361 991 3418 per
1041 3343 1324 3402 solarium
1369 3343 1821 3416 cbrysotriclinii
1868 3353 2058 3401 trans-

415 3439 562 3507 iens,
611 3435 860 3508 pbarum
908 3434 1108 3502 intrat,
1152 3438 1210 3488 et
1265 3431 1452 3488 felicia
1500 3431 1752 3488 dominis
1806 3439 2059 3504 precata,

2173 2181 2418 2257 στηρίου,
2450 2183 2540 2236 καὶ
2578 2180 2867 2257 ζλαμϐάνει
2921 2184 3016 2247 τὰς
3076 2184 3289 2248 πλάκας
3341 2184 3532 2256 αὐτῆς,
3590 2185 3681 2240 καὶ
3744 2185 3835 2240 τί-

2173 2273 2327 2340 θησιν
2383 2271 2544 2334 αὐτὰς
2586 2271 2661 2337 εἷς
2715 2275 2776 2328 τὸ
2822 2273 3153 2348 ἀντιμίσιον,
3184 2273 3277 2329 καὶ
3308 2280 3458 2329 ποιεῖ
3514 2275 3712 2349 εὐχήν,
3751 2275 3834 2337 ὡς

2174 2359 2260 2414 ἐπὶ
2311 2362 2422 2417 τῶν
2463 2363 2780 2437 πατρικίων.
2834 2363 3255 2437 Συνοψικεύουσι
3315 2361 3375 2418 δὲ
3432 2363 3599 2432 αὐτὴν
3654 2363 3832 2439 μέχρι

2171 2456 2272 2519 τῆς
2303 2448 2596 2521 ἔκκλησίας
2644 2452 2733 2506 καὶ
2767 2453 2818 2506 οἱ
2849 2452 3206 2527 ἀξιωματικοὶ
3258 2452 3349 2507 καὶ
3383 2454 3433 2506 οἱ
3475 2452 3664 2508 λοιποὶ
3714 2457 3834 2507 τῶν

2172 2538 2496 2611 ἀξιωμάτων
2529 2543 2627 2614 (4),
2659 2543 2745 2596 καὶ
2790 2541 2916 2596 ὅταν
2975 2541 3363 2617 συμπληρώσῃ
3418 2545 3518 2612 τήν
3577 2541 3750 2617 εὐχὴν
3806 2542 3835 2596 ὁ

2173 2629 2537 2706 πατριάρχης,
2616 2630 2925 2706 ἔπαίρουσιν
3001 2634 3168 2702 αὐτὴν
3243 2635 3294 2688 οἱ
3364 2627 3829 2707 κουϐικουλάριοι

2173 2719 2263 2772 καὶ
2327 2721 2378 2774 οἱ
2432 2719 2932 2796 σιλεντιάριοι,καὶ
2981 2723 3337 2802 ἀναφέρουσιν
3397 2723 3565 2791 αὐτὴν
3629 2722 3704 2783 είς
3768 2722 3835 2776 τὸ

2177 2810 2523 2883 μητατώριον
2583 2809 2670 2865 ἐπὶ
2719 2811 2808 2866 τὸν
2852 2810 3147 2884 Θωμαῒτην
3181 2812 3251 2846 77'
3279 2814 3378 2884 (5),
3401 2810 3491 2865 καὶ
3531 2812 3595 2866 τὰ
3640 2805 3842 2864 διαϐα-

2172 2897 2295 2950 τικὰ
2326 2897 2736 2973 ἀναχωροῦντες
2776 2898 2974 2963 ἔσωθεν
3020 2901 3227 2954 ἱστᾶσιν
3257 2899 3326 2958 ⁷⁷.
3366 2901 3434 2955 Ol.
3470 2898 3527 2955 δὲ
3585 2900 3838 2972 ἀξιωμα-

2170 2985 2314 3038 τικοὶ
2352 2987 2440 3040 καὶ
2474 2987 2526 3040 οἱ
2557 2984 2750 3042 λοιποὶ
2783 2989 3159 3064 ἀναχωροῦσιν
3192 2988 3298 3044 ἀπὸ
3344 2994 3445 3057 τῆς
3503 2986 3833 3058 ἐκκλησίας,

2172 3072 2226 3125 αἱ
2259 3069 2314 3127 δὲ
2370 3075 2649 3148 πατρίκιαι
2705 3077 2794 3130 καὶ
2844 3077 2897 3129 αἱ
2957 3079 3348 3152 στρατήγισσαι
3402 3075 3645 3132 ἵστανται
3703 3099 3833 3134 κον-

2171 3162 2458 3237 σιστώριον
2515 3165 2591 3228 εἰς
2639 3164 2732 3219 τὸν
2766 3163 3044 3240 τρίκλινον
3074 3167 3122 3202 ’³⁸
3172 3174 3273 3237 τῆς
3328 3165 3648 3242 μανναύρας,
3681 3165 3834 3222 ἑκδευ

2171 3253 2400 3325 χόμεναι
2459 3253 2560 3322 τήν
2616 3255 2929 3323 ζωσθεῖσαν.
2980 3256 3083 3312 Καὶ
3145 3255 3236 3310 ὅτε
3291 3255 3464 3332 φθάσῃ
3492 3255 3560 3326 ⁷⁸,
3606 3253 3837 3312 ἵσταται

2169 3341 2306 3395 κατὰ
2351 3341 2593 3423 κεφαλῆς
2643 3343 2745 3397 ἀνὰ
2819 3343 2979 3416 μέσον
3034 3345 3111 3418 (ϐ)
3171 3348 3276 3398 νῶν
3361 3344 3684 3419 πατρικίων,
3735 3346 3831 3400 καὶ

2173 3429 2465 3506 ἀπέρχεται
2520 3431 2617 3505 μία
2697 3434 2794 3506 μία
2869 3437 3248 3508 προσκυνοῦσα
3314 3433 3404 3489 καὶ
3465 3429 3833 3506 λαμϐάνουσα

418 3529 479 3580 in
513 3523 867 3581 antimensio
905 3538 1183 3578 nummos
1223 3521 1326 3576 ΧΠ
1377 3520 1622 3593 reponit,
1667 3525 1724 3576 et
1761 3522 1937 3577 cereis
1966 3539 2058 3578 ac-

2175 3519 2479 3594 σπόρτυλον
2536 3521 2663 3593 παρ’
2697 3493 3148 3597 ἀῦτῆς,¹ἔχοντα
3219 3521 3318 3578 ἀνά
3385 3493 3698 3597 νομίσματα
3761 3532 3827 3595 ς’,

417 3614 629 3681 censis,
653 3613 726 3669 ad
749 3615 898 3668 aedes
935 3628 1071 3668 suas
1092 3611 1264 3667 redit.
1302 3611 1588 3666 Caeterum
1626 3610 2058 3668 observandum

415 3708 524 3768 est,
559 3703 722 3758 festis
759 3703 986 3769 diebus,
1020 3699 1322 3756 Dominica
1365 3714 1593 3771 pagana
1633 3709 1891 3771 excepta,
1927 3718 2055 3771 pro-

413 3794 734 3849 motionem
775 3791 996 3847 nullam
1021 3789 1267 3846 institui.

2167 3607 2408 3681 Ὁμοίως
2465 3607 2553 3663 καὶ
2629 3611 2683 3663 αἱ
2741 3613 3128 3686 στρατήγισσαι
3187 3611 3577 3687 προσκυνοῦσιν
3628 3611 3824 3683 αὐτὴν,

2167 3699 2255 3754 καὶ
2285 3697 2608 3775 ὲπεύχονται
2667 3707 2784 3766 τοῖς
2843 3700 3151 3772 δεσπόταις,
3183 3703 3274 3756 καὶ
3324 3707 3421 3772 τήν
3476 3698 3824 3778 προϐληθεϊο

2167 3813 2283 3850 σαν.
2319 3791 2414 3846 Καὶ
2474 3792 2851 3868 ἀναχωροῦσιν
2902 3795 2954 3848 αἱ
3003 3794 3312 3870 πατρίλιαι,
3352 3795 3441 3850 καὶ
3501 3793 3825 3870 ἐπαίρουσιν

416 3879 583 3948 αὐτὴν
640 3880 691 3934 o't
745 3874 1194 3952 κουϐικουλάριοι
1269 3877 1356 3930 καὶ
1418 3875 1470 3930 οἱ
1527 3874 1904 3950 σιλεντιάριοι,
1962 3879 2053 3934 καὶ
2113 3878 2450 3954 εἰσφέρουσιν
2511 3880 2676 3950 αὐτὴν
2733 3881 2783 3936 έν
2832 3887 2913 3955 τῷ
2971 3881 3225 3957 παλατίῳ
3283 3881 3371 3940 διὰ
3446 3888 3544 3939 τοῦ
3615 3881 3824 3959 ἔρωτος

412 3969 502 4022 καὶ
558 3974 664 4024 τῶν
722 3963 1051 4022 διαϐατικῶν
1109 3970 1215 4021 τῶν
1247 3966 1444 4041 Ἁγίων
1508 3966 1587 4038 μ’,
1617 3966 1709 4020 καὶ
1765 3965 2049 4024 ἐπικύπτει
2097 3971 2159 4025 τὸ
2207 3971 2437 4039 ἡλιακὸν
2496 3976 2597 4025 τοῦ
2635 3971 3114 4049 χρυσοτρικλίνου,
3149 3973 3236 4029 καὶ
3271 3973 3574 4050 εἶσέρχεται
3605 3973 3684 4038 είς
3732 3975 3825 4030 τὸν

412 4059 603 4134 φάρον,
645 4059 920 4134 εὐχομένη
971 4062 1089 4116 τοῖς
1130 4053 1415 4118 δεσπόταις
1463 4057 1554 4109 καὶ
1621 4058 1761 4110 τὶθεῖ
1819 4059 2124 4131 σπόρτυλον
2180 4060 2489 4134 νομίσματα
2538 4062 2608 4134 ιβ’
2637 4063 2712 4126 εἰς
2770 4065 2833 4118 τὸ
2887 4063 3218 4137 ἀντιμίσιον,
3262 4065 3350 4120 καὶ
3401 4063 3559 4120 ἅπτει
3611 4066 3820 4138 κηροῦς

410 4152 496 4204 καὶ
552 4147 829 4226 ἐξέρχεται
889 4150 966 4213 είς
1020 4149 1082 4203 τὸ
1157 4144 1379 4202 κελλίον
1452 4144 1642 4214 αὐτῆς.
1705 4146 1826 4220 Χρή
1896 4147 1953 4202 δὲ
2007 4151 2312 4223 γινώσκειν,
2367 4151 2451 4206 ὅτι
2509 4150 2561 4206 έν
2626 4154 2788 4229 ἑορτῇ
2831 4152 2892 4209 οὐ
2937 4154 3166 4232 γίνεται,
3222 4155 3268 4212 εἴ
3322 4157 3399 4230 μὴ
3459 4155 3509 4212 ἐν
3570 4159 3818 4231 Κυριακῇ

408 4242 647 4314 παγανῇ.

958 4327 1112 4384 I58
1144 4323 1373 4381 CAPUT
1415 4325 1498 4380 LI.

649 4417 996 4475 Obseruantia
1025 4417 1087 4472 in
1111 4417 1458 4487 promotionc
1495 4415 1805 4488 praepositi.

478 4579 518 4636 Ι.
555 4583 617 4637 In
650 4581 743 4637 die
769 4580 1108 4638 mutationis
1139 4579 1413 4651 vestium,
1436 4581 1668 4652 quando
1699 4578 1919 4634 domini
1950 4595 2044 4635 se-

2762 4337 3018 4393 ΚΕΦΔΛ.
3063 4337 3200 4394 ΝΑ’.

2155 4419 2294 4476 Ὅσα
2351 4417 2434 4476 δεῖ
2503 4421 2942 4518 παραφυλάττειν
3027 4426 3115 4481 ἐπὶ
3199 4432 3497 4502 προαγωγῇ
3575 4445 3814 4500 πραιπο-

2891 4517 3066 4558 σιτου.

2225 4584 2300 4639 Α’.
2328 4582 2412 4637 Ἐν
2440 4583 2620 4660 ἡμέρᾳ
2647 4583 3096 4660 ἀλλαξίμων,ὅτε
3125 4585 3440 4642 κελεύουσιν
3465 4587 3516 4641 οἱ
3547 4583 3813 4641 δεσπόται

405 4674 623 4728 cretum
643 4669 702 4725 in
735 4669 1107 4741 processione
1133 4669 1639 4742 exciperejubent,
1672 4672 1906 4724 mutant
1927 4668 2040 4740 ipsi

2170 4669 2390 4742 ῑέξασθαι
2459 4673 2706 4748 σὲκρετον
2779 4673 2866 4730 ἐπὶ
2925 4674 3268 4750 προελεύσει,
3327 4673 3694 4732 ἀλλάσσουσιν
3755 4675 3812 4729 οἱ

1750 4811 1987 4871 νΑιιιιΕ
2037 4811 2457 4877 LECTIONES.

470 4946 608 5028 ττΑτὸ
656 4940 968 5028 θωμαΐτιον
1025 4944 1116 5002 ed.
1193 4942 1258 4978 ’τ’
1293 4938 1489 5007 ἔσωθεν
1531 4941 1706 4998 ΐστᾶσι
1747 4943 1958 5014 Leich.,
1992 4940 2184 5016 ἔξωθεν
2230 4943 2337 5005 ἔσω
2385 4950 2541 5021 conj.
2575 4949 2639 5010 Β.
2692 4948 2886 5008 ἔσωθεν
2929 4946 3035 5009 ἔσω
3085 4953 3212 5014 eod.
3289 4953 3333 4990 ⁷⁸
3384 4951 3449 5012 τὸ
3500 4950 3806 5028 τρίκλοθά.

398 5019 446 5056 ’⁸⁸
476 5018 663 5093 φθάσει
693 5018 821 5076 odd.

1456 5138 1650 5196 JOAN.
1675 5140 1822 5199 JAC.
1851 5143 2111 5202 REISKII
2141 5145 2737 5207 COMMENTARIUS.

392 5288 470 5359 (4)
503 5287 752 5353 Quinam
791 5283 1025 5359 bisint,
1048 5290 1101 5342 et
1141 5283 1242 5358 qui
1281 5280 1493 5339 diversi
1539 5283 1610 5338 ab
1648 5281 2032 5356 axiomaticis,

389 5356 568 5414 fateor
600 5374 692 5414 me
722 5356 969 5412 nescire.

463 5430 539 5499 (5)
557 5427 892 5484 Thomaites
922 5430 1042 5483 erat
1061 5425 1504 5499 tricliniumseu
1537 5424 1816 5499 palatium
1852 5427 2031 5499 patri-

392 5496 597 5565 archae,
615 5501 672 5554 in
700 5502 819 5556 foro
840 5502 1108 5567 Auguste
1131 5497 1440 5563 situm,ubi
1465 5496 1806 5567 patriarcha
1829 5496 2034 5556 biblio-

389 5571 750 5642 tlteca__crat;
785 5571 900 5625 vid.
944 5573 1022 5626 Du
1065 5570 1255 5642 Gange
1286 5570 1356 5624 ad
1393 5569 1686 5642 Silentiar.
1714 5585 1768 5642 p.
1813 5570 1940 5642 540,
1975 5577 2031 5629 et

388 5641 513 5694 CPi.
549 5639 780 5712 (_3_brist.,
813 5642 956 5696 item
990 5639 1305 5697 Rhamnus.
1340 5657 1396 5712 p.
1426 5639 1517 5694 92.

457 5711 537 5781 (6)
558 5710 679 5766 Non
703 5717 887 5781 potest
907 5713 997 5768 hic
1038 5713 1142 5770 loci
1174 5714 1231 5767 in
1260 5710 1445 5768 medio
1476 5719 1693 5781 notare,
1729 5715 1830 5770 sed
1861 5714 2026 5773 debet

2144 5287 2313 5378 idem,
2334 5289 2543 5378 iviale‘re
2567 5295 2740 5378 atque
2781 5288 2833 5345 ἐν
2874 5294 2962 5378 τῷ⁹
2997 5294 3203 5378 χορίῖξς
3238 5292 3495 5378 cogisti!
3526 5290 3807 5378 primast

2147 5376 2424 5432 supremo
2463 5360 2589 5420 loco
2620 5360 2772 5418 inter
2815 5360 3111 5434 patricios,
3137 5360 3207 5420 in
3247 5363 3487 5435 collegio
3527 5360 3809 5434 patricio-

2147 5447 2294 5500 rum.
2330 5433 2499 5500 Alias
2543 5434 2863 5492 consistere
2913 5441 3214 5500 nequeunt
3262 5435 3399 5490 κατᾶ
3454 5430 3701 5500 κεφαλῆς
3744 5436 3805 5487 et

2145 5447 2294 5486 rum.
2323 5447 2499 5506 .Allas
2543 5447 2863 5492 consistere
2913 5447 3214 5509 nequeunt
3262 5447 3399 5490 κατα
3454 5447 3701 5506 κεφαλῆς
3744 5447 3802 5487 et

2141 5499 2242 5587 ξινᾲ
2273 5498 2456 5587 μέσονζ
2496 5504 2620 5587 Nisi
2659 5507 2803 5587 forte
2847 5507 3007 5563 dicas
3037 5507 3310 5587 collatam
3353 5523 3477 5587 eam
3507 5506 3568 5560 in
3601 5503 3802 5587 medio

2141 5573 2458 5649 fuisse,s_ed
2481 5583 2645 5634 extra
2673 5578 2884 5634 seriem
2910 5578 3315 5649 patriciorum,
3340 5584 3404 5634 ut
3427 5578 3534 5634 hos
3557 5577 3625 5632 ad
3656 5576 3801 5649 dex-

2141 5649 2314 5776 tirsasm,
2337 5645 2478 5704 alios
2500 5649 2570 5705 ad
2594 5650 2894 5707 sinistram
2910 5645 3074 5722 pone
3097 5667 3160 5708 se
3195 5650 3508 5717 habuerit;
3538 5647 3692 5704 conf.
3730 5650 3796 5704 P.
