4180 6304
356 359 470 416 527

356 486 727 562 ρτωροεὶῐυε,
757 495 895 552 sago
925 476 1101 532 rubro
1140 467 1352 532 induit,
1383 463 1699 532 statimque
1729 454 1992 513 silentia-

356 546 509 634 iium
533 574 604 630 ad
620 567 1058 629 convocandum
1081 573 1308 618 omnem
1323 551 1570 610 civitatis
1588 546 1996 619 magistratum

357 666 415 722 in
437 659 842 721 consistorium
863 653 1060 719 mittit,
1078 644 1422 722 praepositus
1444 654 1578 695 cum
1607 636 1873 708 praal‘ecto
1897 646 1998 701 per

357 754 681 810 lausiacum
711 755 762 804 et
793 742 976 800 scalas
1007 721 1223 809 perque
1247 735 1507 803 januam,
1540 741 1666 797 qua
1690 723 1761 778 ad
1790 721 1994 774 fiscum

352 1194 748 1267 magistratum
781 1186 838 1241 in
858 1179 1204 1239 consistorio
1231 1177 1452 1240 adesse,
1481 1184 1689 1225 rursus
1714 1183 1747 1220 a
1774 1180 1994 1236 praepo-

350 1253 826 1341 sitoumandatum
842 1274 914 1327 de
937 1268 1280 1340 magistratu
1299 1264 1356 1318 in
1369 1258 1592 1330 onopod
1603 1272 1692 1311 em
1711 1253 1997 1310 deducen-

349 1375 422 1429 do
451 1369 763 1442 accipiunt.
795 1364 962 1418 Tunc
984 1353 1327 1428 praepositus
1361 1348 1692 1420 praefectum
1713 1341 1914 1408 sumit,
1938 1343 1996 1394 et

347 1431 622 1534 egressus
644 1471 709 1510 ex
730 1454 1031 1520 augusteo,
1059 1459 1158 1513 per
1178 1446 1412 1497 stenum
1434 1436 1666 1497 transit,
1693 1431 1993 1502 praefectus

348 1517 503 1605 intra
517 1550 743 1618 portam
758 1539 831 1594 ad
845 1533 1167 1606 onopodem
1185 1533 1215 1585 d
1228 1531 1494 1584 ucentem
1513 1525 1726 1588 manet,
1744 1534 1810 1574 ac
1831 1517 1992 1572 solus

349 1638 488 1704 exit,
517 1605 622 1690 ubi
663 1605 1043 1700 magistratus
1091 1625 1225 1682 stat,
1259 1615 1349 1670 cui
1401 1614 1473 1668 ab
1521 1611 1868 1680 imperatore
1921 1605 1993 1659 de

350 1695 619 1796 aequitate
649 1695 1064 1781 serv—mdisque
1091 1706 1319 1778 legibus
1353 1705 1634 1773 praecepta
1662 1695 1857 1750 tradit.

350 1793 536 1870 λαῖὼν
571 1809 599 1863 6
653 1800 1013 1878 πραιπόσιτος
1067 1794 1160 1848 τὸν
1216 1793 1489 1864 ὕπαρχον,

348 1908 376 1959 ὁ
424 1901 670 1973 ὕπαρχος
726 1889 875 1949 ἔνδον
933 1894 1034 1956 τῆς
1087 1881 1235 1952 πύλη

347 1967 546 2061 τευμα,
568 1967 657 2041 καὶ
717 1981 866 2055 λέγει
912 1973 1180 2045 αὖτοῖς,’ἁ
1219 1967 1274 2024 έδ

420 2049 490 2135 II.
512 2078 646 2132 Post
657 2074 766 2129 hoc
780 2049 1135 2138 colloquium
1153 2049 1994 2133 preposituscerimoniarium

340 2169 530 2241 jubet,
562 2165 754 2219 velum
787 2156 1006 2228 aperiat
1029 2151 1476 2223 prafectumque
1497 2142 1734 2198 advocet
1764 2155 1778 2194 :
1821 2151 1996 2208 quem

347 2231 646 2329 egressum
670 2244 1018 2322 praepositus
1039 2238 1258 2296 civitati
1292 2233 1626 2307 praefectum
1650 2231 1997 2300 patremque

348 2315 510 2403 urbis
538 2315 742 2397 tradit.
776 2315 984 2390 f’ostea
1001 2327 1345 2402 praepositus
1377 2323 1448 2379 ab
1471 2317 1760 2391 onopodio
1786 2315 1855 2368 ad
1874 2328 1994 2403 pa-

350 2435 554 2490 latium
587 2425 915 2490 revertitur,
947 2401 1390 2476 cerimoniarius
1425 2416 1616 2464 autem
1651 2420 1786 2462 cum
1819 2401 1998 2458 silen-

348 2522 536 2579 tiariis
567 2518 902 2590 prafectum
934 2505 1199 2571 assumit,
1221 2514 1474 2570 eumque
1503 2500 1562 2552 in
1585 2492 1996 2552 consistorium

350 2613 530 2673 ducit,
555 2578 653 2662 ubi
675 2618 810 2659 eum
835 2596 1083 2669 praefecti
1113 2598 1292 2658 veste,
1323 2587 1565 2653 camiso,
1595 2581 1819 2639 scilicet
1839 2578 1998 2650 pelo-

355 2699 450 2756 nio
483 2702 541 2752 et
572 2695 716 2760 loro,
750 2689 925 2760 pedes
950 2698 1084 2740 vero
1114 2677 1320 2750 caligis
1350 2673 1562 2730 induit.
1597 2669 1814 2726 Deinde
1844 2665 1998 2723 ceri—

354 2783 676 2847 moniarius
693 2757 824 2838 cum
836 2775 1062 2832 civitate
1077 2765 1661 2844 pepuloqueduarum
1677 2757 1994 2822 factionum,

354 2877 455 2949 qui
484 2891 614 2930 eum
646 2884 848 2927 omnes
882 2861 1180 2936 paululum
1212 2855 1562 2928 praecedunt,
1595 2865 1695 2922 per
1722 2846 1996 2904 excubias

355 2933 718 3031 scholasque,
749 2933 899 3011 inter
913 2946 1360 3008 acclamationes
1390 2939 1707 2996 dicentium
1733 2953 1748 2992 :
1773 2956 1800 2986 α
1837 2935 1900 2990 Ν.
1925 2933 1992 2988 Ν.

357 3022 664 3126 praefectus
697 3022 782 3114 es,
814 3066 842 3094 »
874 3045 1214 3102 transeunt;
1256 3033 1306 3087 si
1339 3029 1620 3103 patricius
1667 3030 1770 3093 est,
1804 3022 1995 3079 accla-

1443 323 1972 393 CONSTANTINI
2014 310 2709 382 PORPHYROGENITI

3639 297 3762 358 528

2023 455 2076 518 Α
2108 447 2268 502 αὑτὸν
2321 445 2568 518 ὕπαρχον
2626 435 2866 499 πόλεως.
2927 459 2956 489 »
3012 428 3349 508 Παραλαϐὼν
3409 427 3468 484 δε
3509 427 3670 482 αὑτὸν
3724 428 3752 480 6

2106 532 2488 606 πραιπόσιτος,
2519 521 2846 603 περιϐάλλει
2886 520 3046 577 αὑτὸν
3089 518 3273 595 σαγίον
3325 519 3482 592 ῥοῆς,
3531 514 3623 570 καὶ
3664 512 3756 568 εὖ·

2098 624 2228 683 Οὲως
2284 614 2613 675 ἀποστέλλει
2660 612 3045 685 σιλεντιάριον,
3113 605 3588 682 προσκαλέσασθαι
3636 604 3739 671 τήν

2099 709 2390 777 πολιτικὴν
2472 704 2793 762 κατάστασιν
2844 701 3053 754 ἅπασαν
3114 696 3165 752 ἐν
3223 700 3304 768 τῷ
3359 692 3758 765 κονσιστωρίῳ,

2097 799 2188 854 καὶ
2219 798 2492 872 ἐξέρχεται
2523 797 2551 850 6
2582 791 2946 866 πραιπόσιτος
3001 787 3136 861 μετᾶ
3189 790 3287 840 τοῦ
3348 785 3604 858 ὑπάρχου
3667 777 3760 834 διὰ

2101 893 2197 944 τοῦ
2229 886 2526 942 λαυσιακοῦ
2573 883 2663 938 καὶ
2722 884 2828 935 τῶν
2864 876 3103 933 σκαλίων
3125 877 3195 941 ⁸⁵,
3223 874 3313 929 καὶ
3343 873 3621 946 ἐξέρχεται
3655 867 3748 925 διὰ

2099 980 2196 1031 τοῦ
2228 973 2534 1048 μονοθύρου
2562 968 2659 1027 τοῦ
2690 965 2843 1030 ὄντος
2898 967 2972 1028 εἰς
3027 966 3088 1020 τὸ
3149 961 3372 1031 εἰδικὸν,
3403 960 3494 1017 καὶ
3539 959 3741 1015 ἐκεῖθεν

2102 1061 2552 1137 δηριγευόμενος,
2584 1056 2842 1115 διοόέύων
2885 1053 2974 1111 διά
3001 1058 3106 1109 τῶν
3159 1046 3484 1106 διαϐατικῶν
3527 1049 3617 1104 καὶ
3646 1055 3751 1116 τῆς

2099 1155 2316 1229 ἀψίὸος,
2347 1157 2437 1210 καὶ
2487 1152 2792 1226 εἰσέρχεται
2817 1151 2862 1186 ⁸⁸
2906 1149 3072 1221 μέχρι
3123 1149 3220 1200 τοῦ
3267 1141 3632 1218 αύγουστέως,
3663 1140 3756 1195 καὶ

2100 1248 2416 1313 καθέζονται
2475 1241 2777 1318 ἀμφότεροι
2826 1236 3020 1302 ἐκεῖσε,
3053 1232 3409 1307 ἐκδεχόμενοι
3462 1231 3662 1305 μέχρις
3695 1228 3753 1284 ἃν

2100 1327 2382 1405 καταλάϐῃ
2431 1331 2493 1385 τὸ
2543 1314 2872 1400 πολίτευμα.
2904 1327 3026 1381 Τῶν
3057 1321 3114 1378 δὲ
3153 1319 3528 1394 σιλεντιαρίων
3573 1314 3760 1374 ἐλθόν-

2097 1444 2205 1478 των
2263 1421 2355 1475 καὶ
2412 1415 2888 1494 ἀπαγγειλάντων,
2940 1414 3015 1476 ὡς
3061 1410 3146 1466 ὅτι
3206 1412 3435 1484 πάρεστι
3481 1409 3544 1463 τὸ
3595 1405 3760 1462 πολί-

2095 1531 2272 1582 τευμα
2314 1507 2367 1564 ἐν
2397 1513 2479 1580 τῷ
2510 1505 2907 1578 κονσιστωρίῳ,
2941 1496 3285 1573 λαμϐάνουσι
3320 1496 3488 1552 πάλιν
3519 1497 3572 1550 οἱ
3604 1493 3762 1550 αὐτοὶ

2099 1598 2450 1672 σιλεντιάριοι
2501 1595 2790 1670 πρόσταξιν
2836 1593 2984 1666 παρά
3037 1593 3134 1644 τοῦ
3191 1585 3558 1663 πραιποσίτου
3622 1586 3762 1659 πρὸς

2023 1676 2160 1742 Βτὸ
2211 1686 2504 1760 ἀπαγαγεῖν
2561 1683 2624 1737 τὸ
2676 1681 2982 1752 πολίτευμα
3033 1678 3107 1739 εἰς
3156 1677 3250 1732 τὸν
3306 1671 3567 1730 ὀνιῖποδα.
3621 1673 3762 1730 Τότε

1519 1785 1610 1839 καὶ
1669 1781 1900 1852 ἐξελθὼν
1959 1778 2066 1832 ἀπὸ
2117 1781 2218 1830 τοῦ
2276 1774 2637 1848 αὑγουστέως,
2666 1769 2940 1844 διέρχεται
2989 1764 3076 1821 διὰ
3104 1771 3201 1820 τοῦ
3233 1768 3417 1820 στενοῦ
3455 1761 3545 1817 καὶ
3606 1763 3749 1834 μένει

1244 1901 1266 1941 ς
1326 1885 1425 1947 τῆς·
1485 1873 1777 1950 ἐξαγούσης
1833 1870 1970 1945 πρὸς
2013 1866 2104 1922 τὸν
2166 1862 2412 1930 ὀνότοδα,
2447 1862 2724 1936 ἐξέρχεται
2767 1861 2812 1895 ⁸⁷
2869 1857 3051 1932 μόνος,
3084 1853 3208 1921 ἔνθα
3236 1853 3454 1909 ’ίσταται
3495 1853 3558 1907 τὸ
3589 1850 3756 1908 πολί-

1285 1966 1483 2042 ιδάχθη
1529 1964 1677 2037 παρὰ
1723 1963 1819 2015 τοῦ
1876 1957 2147 2033 βασιλέως
2179 1952 2358 2030 λέγειν
2386 1952 2436 1988 ⁸⁸
2464 1951 2746 2014 νουθεσίας
2777 1944 2931 2002 ἕνεκα
2959 1946 3051 2001 καὶ
3094 1945 3341 2018 νομίμων
3377 1940 3752 2018 διακράτησιν,

2177 2028 2433 2098 ΒίΜετὰ
2483 2035 2541 2092 δὲ
2586 2037 2685 2104 τήν
2737 2031 3027 2090 διαλαλίαν
3074 2031 3345 2088 κελεύειὸ
3395 2028 3758 2104 πραιπόσιτος

2100 2133 2181 2202 τῷ
2220 2134 2321 2198 τῆς
2369 2126 2748 2188 καταστάσεως
2796 2122 3084 2195 ἀνοιγῆναι
3130 2120 3193 2174 τὸ
3242 2116 3441 2193 βῆλον,
3472 2117 3563 2172 καὶ
3596 2136 3762 2190 προσ-

2101 2217 2349 2272 καλεῖται
2408 2216 2502 2269 τὸν
2569 2213 2842 2287 ὕπαρχον,
2890 2209 3138 2265 κάκείνοὺ
3198 2207 3529 2277 ἐξελθόντος,
3589 2225 3762 2279 παρα-

2106 2304 2327 2362 δίδωσιν
2374 2303 2532 2359 αὑτὸν
2586 2303 2614 2357 ὁ
2664 2301 3024 2376 πραιπόσιτος
3082 2300 3153 2372 τῇ
3210 2294 3463 2352 πολιτεία
3505 2295 3760 2371 ὕπαρχον

2105 2394 2194 2449 καὶ
2225 2392 2430 2469 πατέρα
2460 2390 2700 2458 πόλεως,
2733 2390 2822 2443 καί
2854 2389 2946 2443 εἷθ’
2978 2386 3150 2448 οὕτως
3199 2384 3306 2439 ἀπὸ
3350 2389 3448 2440 τοῦ
3489 2362 3754 2446 staﬁda}:

2112 2482 2430 2559 ὑποστρέφει
2462 2482 2490 2534 6
2521 2479 2886 2556 πραιπόσιτος
2926 2475 2977 2531 ἐν
3025 2479 3106 2547 τῷ
3156 2472 3430 2546 παλατίῳ,
3462 2473 3490 2526 6
3542 2469 3601 2527 δί
3653 2479 3755 2542 τῆς

2105 2571 2477 2630 καταστάσεως
2536 2568 2668 2642 μετὰ
2725 2571 2830 2620 τῶν
2892 2562 3266 2636 σιλεντιαρίων
3339 2556 3612 2635 λαμϐάνει
3658 2562 3750 2616 τὸν

2106 2662 2376 2735 ὕπαρχον,
2419 2658 2508 2712 καὶ
2566 2655 2771 2731 εῗσάγει
2829 2654 2990 2709 αὑτὸν
3037 2651 3088 2708 έν
3116 2656 3198 2725 τῷ
3235 2649 3629 2722 κονσιστωρίῳ,
3660 2652 3754 2706 καὶ

2107 2747 2444 2806 ὑπαλλάσσει
2482 2746 2644 2802 αὐτὸν
2672 2746 2772 2813 τήν
2798 2746 2896 2798 τοῦ
2929 2743 3186 2816 ὑπάρχου
3217 2739 3441 2810 στολὴν,
3473 2738 3642 2815 ἤγουν
3687 2741 3747 2796 τὸ

2104 2839 2374 2910 καμήσιον
2407 2835 2497 2890 καὶ
2526 2833 2589 2888 τὸ
2617 2832 2858 2888 πλώνιον
2889 2832 2978 2886 καὶ
3004 2831 3094 2884 τὸν
3117 2829 3298 2903 λῶρον
3320 2829 3492 2898 ⁸⁹,καὶ
3526 2827 3755 2884 ὑποδύει

2104 2928 2266 2982 αὑτὸν
2310 2925 2399 2980 καὶ
2439 2924 2502 2979 τὸ
2560 2922 2832 2997 καλίγιον.
2865 2919 2965 2975 Καὶ
3011 2919 3107 2983 εἶθ’
3149 2919 3326 2980 οὕτως
3367 2919 3395 2973 6
3445 2921 3546 2986 τῆς
3591 2938 3754 2973 κατα-

2104 3017 2341 3075 στάσεως
2394 3013 2528 3086 μετὰ
2585 3014 2682 3066 τοῦ
2749 3008 3156 3081 πολιτεύματος
3237 3007 3328 3062 καὶ
3402 3013 3510 3062 τῶν
3577 3004 3755 3080 δημο-

359 3093 615 3198 t[mentita
638 3093 1798 3201 :«N:N.praafectusesset.patricius,etc.n
1821 3118 1994 3182 Atque

2107 3108 2215 3160 τῶν
2245 3108 2353 3158 τῶν
2384 3100 2480 3156 δύο
2505 3097 2908 3174 μερῶν,ὀλίγον
2939 3097 3283 3172 ὁψικεύοντες
3306 3095 3484 3164 αὑτὸν,
3507 3093 3759 3173 διέρχον-

2223 3190 2245 3201 -
2287 3191 2297 3201 .
2443 3195 2466 3201 -
2540 3187 2585 3201 ..
2696 3182 2748 3201 ο.
2971 3189 2983 3201 .
3056 3191 3082 3201 ..
3269 3185 3289 3201 κ
3317 3189 3339 3200 ..
3435 3185 3448 3201 ς
3561 3183 3580 3201 κ

359 3230 444 3285 sic
464 3231 531 3281 ad
561 3225 827 3293 Magnam
851 3200 1152 3272 ecclesiam
1180 3226 1277 3282 per
1307 3213 1576 3264 sanctum
1600 3209 1836 3276 puteum
1857 3200 1998 3266 abit,

356 3315 654 3385 cereisque
685 3306 966 3368 accensis,
997 3307 1053 3358 et
1085 3307 1370 3372 precatus,
1396 3297 1637 3350 domum
1671 3290 2000 3346 revertitur.

1261 3407 1306 3440 ιν
1363 3374 1997 3457 πατρίκιος,ἀκτολογεῖ
2043 3372 2248 3432 οὕτως·
2284 3393 2313 3422 ‹‹
2345 3370 2406 3426 Ὀ
2462 3365 2606 3422 δεῖνα
2662 3367 2769 3421 εἷσε
2825 3364 3097 3440 ὕπαρχος,
3159 3363 3267 3418 εἷσε
3324 3366 3363 3401 ⁹¹
3426 3362 3516 3418 καὶ
3565 3362 3758 3437 πατρί-

358 3405 467 3459 είσε
523 3402 812 3473 ὕπαρχος⁸
849 3416 877 3444 ››
928 3391 1014 3446 ἐὰν
1064 3386 1121 3443 δέ
1163 3387 1251 3442 έστ

2107 3215 2197 3250 ται
2219 3190 2305 3246 διά
2324 3212 2384 3246 τε
2402 3195 2510 3245 τῶν
2535 3182 2863 3259 ἐξκουὸίτων
2896 3189 2986 3242 καὶ
3017 3191 3122 3242 τῶν
3158 3185 3403 3264 σχολῶν,
3424 3183 3760 3259 ἀκτολογου-

2417 3279 2430 3300 ε
2462 3279 2499 3300 ην
2555 3276 2604 3300 κη’
2623 3281 2682 3300 αδ·

2115 3281 2278 3355 μένου
2310 3281 2362 3319 θο
2412 3279 2499 3333 ὑπ’
2548 3276 2750 3343 αὐτῶν,
2810 3275 3083 3352 λεγόντων
3141 3274 3347 3330 αὐτῶν·
3409 3298 3439 3325 ‹‹
3499 3275 3559 3331 Ὁ
3607 3271 3758 3329 δεῖνα

356 3511 476 3553 κιος
508 3513 536 3540 ιι
567 3452 656 3544 καὶ
686 3463 753 3540 τὰ
781 3484 926 3552 ἑξῆς.
951 3478 1055 3536 Καὶ
1085 3477 1186 3540 εἷθ’
1217 3473 1390 3535 οὕτως
1421 3452 1720 3544 εἰσέρχεται
1753 3465 1804 3522 ἐν
1833 3470 1903 3539 τῇ
1934 3459 2157 3538 Μεγάλῃ
2188 3457 2454 3528 ἐκκλησίᾳ
2483 3452 2572 3510 διὰ
2613 3452 2712 3509 τυῦ
2764 3454 2921 3528 ἁγίου
2953 3454 3205 3530 φρέατος,
3237 3452 3327 3507 καὶ
3377 3453 3514 3525 ἅψας
3555 3452 3762 3525 κηροὺς

353 3579 445 3637 καὶ
479 3577 792 3651 εὐξάμενος,
835 3565 1157 3642 ὑποστρέφει
1188 3563 1264 3626 είς
1295 3563 1388 3617 τὸν
1417 3561 1566 3616 οἶκον
1597 3559 1786 3613 αὑτοῦ.

870 3661 1020 3719 155
1063 3655 1293 3715 CAPUT
1331 3654 1479 3709 LIII.

353 3765 488 3819 Acta
517 3763 568 3815 et
597 3750 1022 3813 acclamationes
1046 3745 1354 3888 Ῑαῗιίρςιιιγη
1388 3743 1447 3796 in
1481 3738 1821 3811 promotione
1851 3748 1996 3806 pra-

1124 3833 1183 3874 σε
1208 3833 1248 3871 ι.

1124 3833 1228 3874 θαι
1237 3858 1248 3871 .

424 3924 468 3978 I.
501 3923 788 3977 Consueto
821 3906 1198 3986 promotionis
1229 3899 1484 3976 preteeti
1517 3899 1630 3954 ritu
1661 3897 1722 3951 in
1778 3893 1993 3968 palatio

353 4015 606 4085 peracto,
630 4021 761 4062 cum
792 3984 928 4058 eum
975 3993 1319 4069 praepositus
1376 4005 1477 4061 per
1524 3984 1892 4043 triconcbum
1939 3986 1996 4036 et

351 4070 611 4170 apsidem
627 4095 695 4150 ad
711 4093 1061 4162 augusteum
1075 4080 1296 4170 eduxit,
1313 4079 1371 4132 in
1387 4075 1739 4146 onopodium
1753 4070 1993 4134 abeunt,

351 4160 464 4258 quo
496 4160 814 4256 postquam
838 4175 1031 4233 omnis
1061 4169 1203 4226 ordo
1234 4163 1524 4239 praepositi
1548 4160 1825 4232 pervenit,
1851 4173 1994 4229 prrs-

351 4245 578 4348 positus
609 4245 833 4342 patrem
865 4261 1373 4348 urbispromolum
1407 4251 1738 4323 prefectum
1775 4245 1994 4303 consti-

353 4333 484 4418 tuit.
517 4333 736 4414 Deinde
765 4345 1208 4407 cerimoniarius
1238 4356 1372 4399 eum
1396 4338 1768 4408 sumitiuque
1799 4333 1994 4391 consi-

351 4449 598 4506 storium
625 4445 930 4500 hibernum
951 4437 1132 4504 ducit,
1157 4434 1256 4490 ubi
1275 4430 1517 4489 camisio
1533 4428 1656 4485 loro
1673 4425 1994 4498 caligisque

2711 3635 2969 3691 ΚΕΦΑΛ.
3012 3633 3138 3690 ΝΓ’.

2104 3725 2437 3801 Ἀκτολογία
2520 3729 2627 3779 τῶν
2709 3719 2902 3795 δήμων
2981 3719 3070 3775 ἐπὶ
3139 3726 3241 3790 τῆς
3319 3719 3568 3795 ὑπάρχου
3623 3740 3758 3794 πρυ-

2809 3809 3049 3886 ἀγωγῆς.

2177 3910 2253 3958 Δ.
2301 3907 2412 3970 Τῆς
2452 3900 2712 3969 συνήθους
2761 3897 2962 3966 τάξεως
3007 3893 3347 3969 τελουμένης
3406 3894 3457 3949 ὲν
3505 3901 3584 3968 τῷ
3633 3916 3746 3951 πα-

2105 3989 2278 4061 λατίφ
2327 3987 2414 4043 ἐπὶ
2443 3993 2512 4062 τῇ
2541 3991 2639 4041 τοῦ
2672 3986 2921 4061 ὑπάρχου
2951 3988 3276 4061 προαγωγῇ,
3307 3985 3397 4038 καὶ
3443 3987 3545 4039 τοῦ
3591 4004 3749 4059 πραι-

2101 4077 2328 4133 ποσίτου
2375 4081 2568 4131 τοῦτον
2608 4074 2891 4149 ἐξάγοντος
2941 4070 3031 4128 διὰ
3057 4077 3160 4128 τοῦ
3188 4073 3490 4150 τρικόγχου
3519 4074 3611 4128 καὶ
3649 4081 3751 4143 τῆς

2103 4164 2294 4239 ἀψίδος
2325 4164 2399 4226 είς
2431 4163 2521 4219 τὸν
2562 4161 2885 4238 αὐγουστέα,
2918 4161 3254 4237 ἀπέρχονται
3311 4161 3365 4216 ὲν
3423 4166 3502 4234 τῷ
3528 4163 3752 4234 ζὸνοπο-

2103 4250 2224 4325 δίῳ,
2255 4252 2346 4306 καὶ
2394 4249 2463 4321 δὴ
2521 4251 2700 4322 πάσης
2747 4253 2847 4320 τῆς
2892 4250 3091 4324 τάξεως
3125 4254 3226 4306 τοῦ
3281 4251 3646 4326 πραιποσίτου
3695 4251 3750 4308 ἐν

2099 4349 2181 4417 τῷ
2213 4339 2488 4414 ὀνοποδίῳ
2534 4339 2930 4417 ἀνερχομένῃς,
2959 4337 3327 4414 παραδίδωσιν
3375 4341 3402 4396 6
3452 4340 3748 4414 πριοιπόσι-

2106 4453 2198 4495 τος
2229 4433 2436 4506 πατέρα
2473 4428 2693 4493 πόλεως
2728 4431 2821 4485 τὸν
2877 4424 3263 4504 προϐληθέντα
3314 4427 3588 4508 ὕπαρχον.
3619 4431 3750 4487 Εἶτα

350 4537 613 4600 indutus,
637 4533 707 4588 ad
741 4527 1028 4602 porticum
1061 4523 1500 4581 candidatorum
1527 4515 1706 4583 venit,
1738 4515 1812 4570 ab
1840 4511 1994 4570 omni

2105 4522 2316 4598 ἐπαίρει
2369 4521 2533 4577 αὐτὸν
2582 4520 2610 4574 6
2650 4526 2750 4588 τῆς
2789 4518 3192 4584 καταστάσεως,
3240 4518 3330 4573 καὶ
3380 4507 3612 4597 εἰσφέρει
3651 4519 3752 4574 αὖ·

350 4623 597 4698 praatorii
623 4621 824 4679 ordine
854 4617 926 4673 ad
958 4631 1147 4672 aeneas
1177 4626 1361 4683 usque
1399 4609 1758 4667 cortinarum
1790 4608 1990 4677 portas

349 4717 618 4787 stipatus,
667 4707 1062 4766 admissionali
1102 4704 1364 4760 dicente:
1406 4721 1435 4751 «
1485 4703 1606 4768 Sta,
1655 4718 1686 4747 ››
1717 4699 1989 4765 tenetque

349 4783 714 4862 numerarius
735 4797 954 4858 velum,
969 4799 1026 4849 et
1048 4810 1063 4849 :
1083 4815 1111 4843 «
1136 4793 1284 4847 Lava
1301 4794 1382 4858 te,
1395 4786 1689 4860 hyparche
1703 4783 1987 4856 praefecte,

350 4896 496 4962 loco,
532 4913 559 4941 ι)
589 4886 800 4961 inquit,
829 4885 1144 4952 statimque
1174 4877 1602 4934 admissionalis
1632 4875 1788 4932 dicta
1816 4892 1848 4931 a
1880 4891 1991 4928 nu-

349 4981 596 5039 merario
636 4975 858 5050 repetit.
916 4971 1217 5028 Profectus
1292 4966 1430 5030 abit,
1472 4980 1576 5037 per
1647 4963 1894 5032 scholas,
1956 4979 1989 5018 a

349 5071 520 5130 dictis
550 5066 970 5129 circumdatus,
1002 5057 1231 5116 transit.

2095 4613 2188 4668 τὸν
2244 4609 2300 4667 ἒν
2355 4613 2436 4682 τῷ
2489 4611 2863 4683 κονσιστωρίῳ
2908 4611 2988 4680 τῷ
3047 4612 3368 4683 χειμερινῷ,
3427 4609 3516 4664 καὶ
3577 4605 3753 4664 ἐνδύει

2097 4701 2258 4756 αὐτὸν
2313 4700 2376 4754 τὸ
2429 4699 2705 4771 καμήσιον
2744 4697 2832 4754 καὶ
2890 4697 2982 4752 τὸν
3043 4694 3246 4769 λῶρον,
3301 4696 3394 4752 καὶ
3459 4693 3754 4753 ὑποδύεται

2095 4787 2388 4864 καλήγιον,
2419 4787 2511 4842 καὶ
2552 4781 2776 4860 ἔρχεται
2825 4783 2914 4840 ἐπὶ
2961 4785 3050 4840 τὸν
3107 4784 3367 4859 μάκρωνα
3413 4789 3520 4840 τῶν
3562 4783 3756 4841 κανδι-

2097 4877 2297 4949 δάτων,
2356 4877 2746 4952 ὀψικευόμενος
2807 4875 2912 4931 ὑπὸ
2969 4873 3147 4946 πάσης
3219 4881 3320 4944 τῆς
3392 4875 3592 4946 τάξεως
3651 4879 3750 4931 τοῦ

2096 4966 2432 5043 πραιτωρίου
2477 4962 2583 5028 ἕως
2631 4969 2738 5020 τῶν
2788 4961 3014 5039 χαλκῶν
3061 4961 3252 5018 πυλῶν
3299 4967 3406 5019 τῶν
3456 4967 3749 5039 κορτινῶν.

2098 5057 2228 5128 Kal;
2245 5053 2391 5132 λέγει
2423 5055 2450 5109 ὑ
2483 5051 2979 5128 άδμηνσουνάλιος·
3015 5076 3043 5103 ‹‹
3088 5054 3283 5124 Στήτω
3309 5073 3322 5085 ·
3356 5076 3386 5104 ι)
3435 5052 3523 5107 καὶ
3563 5057 3756 5128 κρατεῖ

348 5162 376 5216 6
405 5158 764 5232 νουμεράριος
822 5149 885 5204 τὸ
943 5144 1137 5223 βῆλον,
1170 5143 1261 5199 καὶ
1316 5140 1466 5216 λέγει
1501 5159 1513 5172 ·
1555 5163 1582 5191 ‹‹
1630 5134 1793 5210 Λεϐὰ,
1826 5140 2041 5218 ὕπαρχε
2091 5143 2417 5224 προφέκτωρ
2467 5145 2563 5215 (9),
2605 5139 2744 5212 λὼκ,
2785 5141 2932 5196 »καὶ
2980 5140 3146 5196 πάλιν
3199 5137 3346 5216 λέγει
3380 5142 3408 5197 6
3443 5139 3756 5215 άδμηνσου-

1694 5257 1938 5315 VARI/ﬁ
1978 5260 2398 5319 LECTIONES.

347 5445 393 5482 ε.
416 5370 762 5520 issit"?
785 5368 909 5497 .33-
952 5355 1638 5507 εο⁸⁶τδκιιριιειξςιξξιειξε
1669 5358 1966 5500 ἓιξῗέοὲἓέ.
2012 5356 2830 5506 ’ῑοδάκὶξιιῖῖτέιιεῖξαξοιει
2852 5355 3127 5486 italia?
3167 5357 3454 5416 διοίδ
3485 5361 3654 5430 PM“
3685 5358 3754 5415 “-

1380 5535 1579 5595 JOAN.
1619 5534 1760 5593 JAC.
1801 5535 2066 5595 REISKII
2103 5537 2700 5597 COMMENTARIUS.

418 5657 498 5727 (9l
526 5658 727 5726 Itaque
754 5653 836 5707 illi
870 5651 1109 5708 barbare
1149 5664 1248 5722 pro
1276 5647 1547 5722 pra/ecta,
1580 5643 1652 5702 de
1681 5661 1798 5717 qua
1846 5644 2253 5704 terminatione
2293 5646 2463 5720 plura
2518 5644 2646 5703 dico
2678 5646 2744 5702 ad
2781 5663 2837 5721 p.
2893 5647 3019 5702 200.
3070 5645 3348 5704 Solebant
3398 5647 3596 5704 autem
3646 5660 3752 5702 vo-
