4180 6304
220 317 345 377 537
1125 309 1227 370 DE
1271 308 1723 371 CERIMONHS
1769 310 1903 372 AUl

2049 312 2520 380 BYZANTINZE
2562 319 2712 381 LIB.
2761 322 2809 379 Ι.
3547 318 3670 401 538

225 467 434 523 χονται
469 447 530 500 οἱ
565 449 678 500 τῶν
728 445 910 518 μερῶν
956 440 1086 504 τοὺς
1133 438 1419 507 δεσπότας,
1451 441 1541 495 καὶ
1573 435 1896 512 λαμϐάνουσ

2033 455 2364 517 promotum
2398 452 2728 515 tribunum,
2758 467 2895 507 eum
2937 450 3013 506 ad
3043 449 3453 506 consistorium
3487 464 3674 519 usque

223 556 316 590 τον
351 527 769 608 προϐληθέντα
816 527 1126 603 δήμαρχον,
1178 527 1518 601 ὀψικεύοντες
1559 527 1718 582 αὐτὸν
1752 529 1892 603 μέχρ

2026 539 2394 596 comitantur.
2437 541 2623 597 Intrat
2653 539 2769 606 ille,
2803 539 3100 610 cereisque
3131 537 3189 594 in
3221 553 3395 594 cruce
3416 537 3675 592 accensis

223 629 324 682 τοῦ
355 619 804 696 κονσιστωρίου.
840 619 939 674 Καὶ
990 618 1294 694 εἰσέρχεται
1345 618 1373 672 6
1419 613 1778 691 προϐληθεὶς,
1828 619 1903 673 καῖ

2024 626 2328 684 ecclesiam
2366 629 2594 685 Domini
2625 628 2792 702 petit,
2825 628 3026 699 ibique
3057 643 3252 682 cereos
3286 624 3575 690 accendit,
3609 639 3674 679 ac

226 716 385 768 ἅπτει
439 711 670 786 κηροὺς
721 707 775 763 ἐν
820 712 900 780 τῷ
956 711 1194 779 σταυρῷ,
1243 705 1334 760 καὶ
1382 705 1677 782 ἀπέρχεται
1709 705 1788 768 εἷς
1817 708 1903 776 τὴι

2024 714 2084 771 in
2117 717 2402 789 obsequio
2434 732 2538 789 per
2566 718 2823 774 cortinas
2854 716 2996 785 abit,
3029 715 3201 787 eique
3249 714 3308 770 in
3347 713 3474 770 loco
3502 729 3607 769 suo
3639 729 3674 768 a

227 806 330 856 τοῦ
395 800 624 873 Κυρίου
681 797 1000 868 ἐκκλησίαν,
1050 795 1141 850 καὶ
1209 797 1363 850 ἅπτει
1422 793 1634 850 κάκεῖσε
1689 793 1895 868 κηροὺς

2025 809 2188 875 porta
2205 805 2432 861 chalces
2453 807 2522 862 ad
2547 805 2798 862 millium
2823 821 3023 862 omnes
3046 803 3233 860 felicia
3258 805 3669 876 apprecantur.

230 893 321 946 καὶ
368 890 699 967 ἀπέρχεται
757 885 1150 961 ὀψικευὸμενος
1191 883 1280 940 διὰ
1326 890 1433 940 τῶν
1485 890 1771 960 κορτινῶν,
1829 887 1903 940 κα⁴

2036 891 2358 958 Promotus,
2393 909 2531 966 sago
2585 895 2856 962 indutus,
2887 910 3002 966 quo
3032 892 3286 962 vehitur,
3310 891 3677 963 praecedente

232 980 592 1057 εύφημοῦσιν
627 976 788 1032 αὐτὸν
818 979 896 1038 εἷς
925 974 1020 1032 τὸν
1060 975 1230 1030 τόπον
1261 974 1428 1030 αὐτοῦ
1476 974 1582 1028 ἀπὸ
1628 976 1726 1043 τῆς
1774 973 1903 1048 χαλ·

2027 995 2158 1035 eum
2193 980 2464 1044 factione,
2490 999 2619 1053 quae
2635 984 2812 1038 etiam
2833 983 3010 1039 rubra
3031 986 3088 1038 et
3119 981 3521 1052 scaramangia
3541 979 3673 1034 fert.

229 1078 330 1140 κῆς
368 1068 555 1144 μέχρι
589 1067 692 1123 τοῦ
727 1064 960 1139 μηλίου.
1005 1065 1109 1122 Καὶ
1141 1058 1490 1119 καϐαλικεύει
1522 1064 1550 1118 6
1581 1059 1903 1137 προϐληθεὶι

2025 1068 2122 1124 Sic
2154 1068 2226 1123 ad
2259 1067 2560 1124 stabulum
2594 1069 2865 1125 factionis
2897 1069 3177 1142 procedit,
3209 1069 3454 1140 ejusque
3493 1082 3678 1139 equos

232 1159 335 1214 ἀπὸ
367 1155 603 1232 σαγίου,
639 1156 730 1210 καὶ
763 1152 1071 1228 ὀψικεύεται
1127 1153 1233 1208 ὑπὸ
1280 1156 1379 1207 τοῦ
1433 1153 1652 1226 μέρους,
1685 1151 1903 1229 φορούνι

2027 1158 2677 1228 conspicatus,domum
2694 1158 2753 1212 in
2769 1157 3016 1214 solemni
3033 1174 3246 1228 pompa
3260 1173 3410 1229 equo
3424 1155 3675 1223 vehitur,

229 1251 338 1304 τῶν
395 1246 688 1300 κάκείνων
758 1242 916 1316 σαγία
983 1242 1116 1318 ῥοῆς
1183 1242 1273 1298 καὶ
1343 1242 1743 1317 σκαραμάγγια.
1813 1245 1898 1296 Κα

2024 1245 2326 1303 caballarii
2377 1245 2761 1302 secundicerii
2815 1261 2915 1301 seu
2948 1245 3168 1313 vicarii,
3227 1244 3589 1315 gitoniarcba
3619 1248 3676 1300 et

236 1334 545 1410 ἀπέρχεται
579 1334 736 1388 οὕτω
769 1331 934 1406 μέχρι
983 1336 1078 1386 τοῦ
1127 1327 1364 1386 στάϐλου
1412 1334 1510 1385 τοῦ
1553 1336 1752 1404 μέρους
1785 1331 1897 1401 (23)

2025 1333 2256 1404 notarii,
2279 1334 2700 1406 scaramangiis
2733 1332 2940 1402 induti,
2971 1333 3168 1405 ipsum
3193 1339 3536 1403 sequuntur.
3561 1332 3674 1387 Cae-

235 1426 321 1478 καὶ
389 1426 602 1497 θεωρεῖ
659 1423 791 1484 τοὺς
860 1419 1066 1481 ἵππους
1141 1421 1334 1490 αὐτοῦ,
1398 1419 1489 1474 καὶ
1549 1413 1897 1473 καϐαλικεύει

2025 1425 2214 1477 terum
2236 1421 2665 1478 observandum
2685 1425 2793 1488 est,
2811 1421 2870 1476 in
2893 1419 3111 1476 aedibus
3127 1418 3373 1490 promoti
3396 1418 3676 1490 gitoniar-

238 1513 328 1569 καὶ
359 1510 679 1587 ἀπέρχεται
721 1511 1114 1585 ὀψικευόμενος
1166 1510 1336 1584 μέχρι
1384 1513 1481 1564 τοῦ
1526 1507 1679 1563 οἳκου
1731 1506 1897 1562 αὐτοῦ

2027 1508 2224 1578 cham,
2257 1509 2551 1566 notarium
2604 1525 2671 1565 ac
2723 1508 2982 1580 reliquos
3033 1510 3392 1579 exspectare,
3444 1509 3503 1562 et
3550 1520 3680 1560 cum

241 1599 712 1657 ἀκολουθούντων
767 1595 1162 1673 καϐαλλαρίων
1209 1601 1306 1653 τοῦ
1366 1595 1774 1672 δευτερεύοντος
1830 1615 1898 1650 κα

2027 1598 2277 1654 factione
2303 1601 2569 1669 promoto
2597 1597 2959 1667 gratulantes
2993 1596 3049 1651 in
3084 1595 3232 1652 atrio
3265 1595 3417 1664 ejus,
3452 1597 3516 1649 ut
3549 1609 3678 1649 mos

240 1694 334 1746 τοῦ
382 1687 794 1767 γειτονιάρχου
843 1689 933 1742 καὶ
974 1692 1072 1742 τοῦ
1124 1687 1401 1761 νοταρίου,
1445 1685 1758 1762 φορούντων
1793 1705 1903 1739 σκα·

2023 1691 2134 1756 est,
2159 1689 2387 1755 adesse,
2411 1687 2508 1742 ubi
2533 1687 3020 1756 secundicerium,
3041 1683 3495 1758 gitoniarcbam,
3520 1691 3678 1739 nota-

245 1779 556 1856 ραμάγγια.
619 1780 740 1853 Χρή
804 1774 861 1831 δὲ
939 1778 1249 1852 γινώσκειν,
1299 1775 1382 1830 ὅτι
1429 1769 1903 1849 προλαμϐάνουσιι

2026 1776 2178 1831 rium
2202 1791 2269 1833 ac
2291 1780 2528 1831 caeteros
2551 1776 2845 1848 praefectos
2868 1780 2924 1831 et
2938 1774 3229 1847 principes
3249 1774 3318 1829 ad
3342 1771 3672 1828 convivium

247 1867 319 1930 εἷς
357 1870 451 1923 τὸν
481 1868 646 1922 οἶκον
698 1871 796 1921 τοῦ
841 1861 1253 1939 προϐληθέντος
1288 1865 1312 1919 6
1344 1863 1503 1924 αὐτὸς
1549 1864 1903 1940 γειτονάρχηι

2026 1869 2212 1920 vocat.
2247 1866 2438 1936 Atque
2471 1863 2624 1920 idem
2675 1865 2820 1921 ritus
2854 1864 2924 1919 ab
2974 1862 3160 1919 altera
3199 1861 3374 1918 etiam
3426 1859 3675 1916 factione

247 1956 332 2011 καὶ
362 1957 686 2028 ὁνοτάριος
737 1953 825 2010 καὶ
877 1955 927 2008 οἱ
978 1952 1190 2024 λοιποὶ,
1241 1954 1328 2008 καὶ
1382 1954 1622 2008 ἷστανται
1659 1951 1792 2024 μετᾶ
1820 1954 1903 2006 τοῐ

2029 1950 2386 2008 observatur.

251 2045 464 2120 μέρους,
534 2045 920 2124 εὐφημοῦντες
975 2044 1070 2098 τὸν
1135 2037 1542 2116 προϐληθέντα,
1608 2041 1686 2102 εἷς
1741 2040 1832 2096 τὸν
1874 2036 2099 2093 πυλῶνα
2139 2039 2330 2108 αὐτοῦ,
2381 2037 2562 2103 καθὼς
2619 2037 2737 2117 ἔχει
2795 2040 2830 2107 ἡ
2890 2039 3165 2108 συνήθεια,
3213 2035 3304 2091 καὶ
3363 2032 3522 2090 καλεῖ
3578 2035 3671 2090 τὸν

251 2133 635 2209 δευτερεύοντα
686 2133 777 2188 καὶ
822 2133 915 2188 τὸν
961 2129 1350 2210 γειτονιοὶρχην
1400 2131 1492 2186 καὶ
1540 2131 1632 2186 τὸν
1680 2127 1932 2200 νοτάριον
1975 2128 2066 2181 καὶ
2113 2126 2242 2189 τοὺς
2295 2127 2526 2190 Λοιποὺς
2575 2127 2850 2202 ἄρχοντας
2899 2128 2992 2182 καὶ
3041 2127 3108 2182 τα
3154 2128 3417 2200 πρωτεῖα.
3461 2123 3583 2198 Χρὴ
3617 2119 3675 2178 δὲ

248 2227 553 2298 γινώσκειν,
586 2225 677 2280 ’ὁτι
710 2226 745 2294 ἡ
780 2223 916 2292 αὐτή
948 2222 1248 2278 ἀκολουθία
1277 2223 1478 2297 γίνεται
1508 2223 1596 2276 καὶ
1631 2220 1717 2275 έπὶ
1749 2223 1845 2274 τοῦ
1877 2218 2060 2294 ἐτέρου
2094 2218 2310 2293 μέρους.

257 2315 388 2370 Ὀσα
437 2313 526 2398 δεξ
565 2311 1032 2398 παρρφυλξττειχ,
1081 2311 1126 2398 si
1177 2310 1384 2398 κελεύει
1418 2310 1736 2398 ὁηβαριλεὺς
1776 2328 1914 2384 προ-

493 2380 765 2440 ϐαλέσθαι
794 2387 816 2422 ⁸
846 2381 940 2438 δύο
974 2381 1299 2458 δημάρχους
1333 2383 1385 2437 έν
1417 2380 1497 2456 τῷ
1540 2383 1674 2456 ἅμα.

329 2473 644 2544 Μηνύονται
678 2474 768 2530 καὶ
808 2473 1126 2548 ἀνέρχονται
1175 2475 1242 2528 τα
1293 2470 1388 2527 δύο
1425 2471 1562 2548 μέρη
1596 2470 1648 2526 ἒν
1679 2476 1758 2542 τῷ
1793 2471 1915 2525 ὀνο·

264 2560 466 2634 ποδίῳ,
513 2564 604 2617 καὶ
657 2560 1024 2636 παραδίδωσιν
1073 2563 1102 2616 6
1153 2563 1509 2635 πραιπόσιτος
1562 2561 1654 2616 τὸν
1695 2563 1910 2632 πρῶτον

274 2647 566 2727 δήμαρχον
597 2649 670 2704 εἶ(
702 2651 761 2705 τὸ
811 2653 975 2725 μέρος
1027 2648 1213 2719 αὺτοῦ,
1247 2650 1456 2722 ὁμοίως
1488 2649 1578 2703 καὶ
1612 2648 1703 2704 τὸν
1727 2643 1906 2723 ἓτερον

281 2736 357 2798 εἷς
413 2738 472 2791 τὸ
530 2738 690 2812 μέρος
742 2737 925 2794 αὐτοῦ’
984 2738 1052 2793 τὰ
1111 2735 1167 2792 δὲ
1216 2736 1386 2792 λοιπὰ
1425 2737 1598 2791 πάντα
1650 2734 1909 2806 τελεῖται,

287 2825 456 2887 καθὼς
495 2827 739 2901 ἀνωτέρω
777 2827 1011 2902 εἴρηται.
1062 2827 1142 2881 Τὰ
1189 2827 1284 2899 μὶν
1337 2823 1599 2900 χλανίδια
1650 2823 1911 2900 ἐπαίρου-

278 2933 352 2966 σιν
383 2913 430 2967 οἱ
461 2911 740 2993 δήμαρχοι
791 2916 896 2970 ἀπὸ
944 2920 1053 2970 τῶν
1104 2911 1533 2989 διαδεδεγμένων
1567 2914 1589 2949 ⁶
1620 2915 1733 2987 (24)
1763 2911 1911 2986 δημ-

275 3001 467 3080 άρχων,
493 3005 520 3058 6
551 3001 778 3066 Βένετος
818 3004 1037 3060 Βένετον
1089 3003 1178 3058 καὶ
1227 3002 1453 3080 Τύρεον,
1493 3001 1583 3058 καὶ
1629 3003 1656 3056 6
1707 3003 1906 3076 Πράσι-

270 3110 355 3152 νος
382 3091 602 3166 ὁμοίως,
633 3091 831 3163 ἐπειδὴ
868 3094 1127 3168 βασιλικά
1157 3093 1313 3150 εἰσιν.

873 3189 1137 3242 ΚΕΦΑΛ.
1179 3184 1294 3252 Νς.

358 3271 482 3324 Ὅσα
529 3269 605 3327 δει
668 3270 1106 3350 παραφυλάττειν
1154 3271 1241 3328 ἰπὶ
1286 3274 1590 3347 προαγωγῇ
1624 3267 1799 3327 δευτε-

946 3344 1216 3418 ρεύοντος.
1294 3347 1302 3354 ’

329 3430 639 3488 Κελεύουσιν
703 3433 760 3486 οἱ
811 3430 1066 3487 δεσπόται
1110 3437 1189 3504 τῷ
1239 3431 1584 3506 πραιποσίτῳ
1617 3432 1738 3504 περῖ
1770 3451 1908 3505 προ-

270 3509 425 3586 ϐολῆς
480 3516 914 3598 δευτερεύοντος,
967 3521 1056 3575 καὶ
1113 3517 1436 3576 ἀποστέλλει
1481 3521 1510 3574 6
1548 3519 1908 3592 πραιπόσιτος

271 3601 633 3682 σιλεντιάριον,
700 3610 793 3664 καὶ
849 3613 1006 3678 ζητεῖ
1051 3610 1144 3663 τὸν
1193 3605 1510 3686 δήμαρχον,
1558 3607 1648 3662 καὶ
1703 3605 1790 3662 ἐὰν
1819 3608 1905 3662 εὑ-

271 3693 406 3766 ριθῇ,
458 3693 680 3752 δίδωσιν
737 3696 1024 3772 ἀπόκρισιν
1073 3702 1188 3758 τοῖς
1236 3694 1543 3762 δεσπόταις,
1576 3696 1666 3750 καὶ
1716 3697 1767 3749 οἱ
1818 3693 1906 3750 δε-

265 3781 440 3838 σπόται
492 3783 858 3860 παραδιδοῦσι
936 3789 1017 3858 τῷ
1092 3785 1438 3859 πραιποσίτῳ
1496 3785 1553 3838 ὅν
1616 3783 1902 3858 βούλονται

264 3865 611 3942 προϐαλέσθαι
640 3879 660 3913 ⁷
715 3872 1114 3949 δευτερεύοντα.
1167 3873 1270 3931 Καὶ
1320 3871 1594 3948 ἐξέρχεται
1649 3873 1903 3945 ὀψικευό-

268 3976 412 4025 μενος
451 3962 550 4016 ὑπὸ
595 3958 1078 4039 κουϐικουλαρίων
1126 3961 1216 4018 καὶ
1266 3961 1643 4034 σιλεντιαρίων
1672 3965 1780 4016 τῶν
1813 3955 1902 4016 ὅν-

265 4063 362 4098 των
414 4044 779 4129 ἒϐδομαρίων,
842 4053 931 4108 καὶ
983 4048 1322 4126 παραδίδωσι
1378 4053 1471 4105 τὸν
1527 4048 1903 4126 δευτερεύοντα

265 4135 334 4218 τῷ
360 4131 650 4215 δημάρχῳ,
717 4143 805 4196 καὶ
859 4140 1184 4218 ἐπεύχονται
1238 4143 1354 4202 τοῖς
1411 4137 1715 4202 δεσπόταις.
1759 4145 1900 4213 Προο

266 4214 504 4282 ὅάλλεται
536 4214 592 4285 δέ
621 4232 655 4301 ἢ
717 4230 770 4286 ὲν
819 4234 897 4302 τῷ
933 4214 1272 4304 ἡμικυκλίῳ,
1377 4227 1427 4284 ἐν
1460 4235 1529 4304 τῇ
1570 4229 1896 4304 θερμάστρᾳ,

265 4307 305 4361 ei
350 4309 402 4366 δὲ
445 4315 648 4373 ἀσθενεῖ
702 4319 730 4373 6
784 4315 1098 4397 δήμαρχος,
1149 4317 1356 4392 ἐπαίρει
1405 4318 1564 4372 αὐτὸν
1597 4318 1625 4372 6
1657 4312 1897 4388 ἑϐδομά-

2096 2308 2484 2379 Οὸεενυαηᾱα,
2514 2310 2565 2365 si
2610 2308 2934 2382 imperatori
2977 2307 3111 2363 duo:
3141 2305 3461 2363 demarchus
3492 2321 3604 2361 una

2517 2400 2848 2454 constituere
2875 2394 3172 2469 placuerit.

2098 2487 2231 2542 Dum
2249 2486 2530 2543 factiones
2544 2486 2855 2542 admonita:
2874 2486 2930 2540 in
2950 2483 3306 2554 onopodium
3322 2481 3673 2553 ascendunt,

2022 2578 2080 2630 et
2101 2575 2444 2648 propositus
2460 2575 2712 2646 primum
2737 2574 3037 2630 tribunum
3055 2571 3289 2628 factioni
3308 2569 3675 2640 sumpsi-iter

2022 2668 2077 2719 et
2099 2663 2342 2719 alterum
2362 2663 2934 2731 suae,tradit.Caatera
2949 2659 3144 2716 omnia
3159 2664 3225 2716 ut
3243 2675 3425 2732 supra
3445 2659 3672 2714 dictum

2020 2755 2129 2819 est,
2165 2757 2538 2823 peraguntur.
2573 2751 2826 2807 Tunicae
2857 2766 2989 2806 vero
3040 2748 3340 2820 accipiunt
3383 2747 3455 2803 ab
3488 2764 3671 2803 exau-

2019 2841 2263 2896 ctoratis
2293 2841 2565 2906 tribunis,
2597 2839 2852 2896 Venetus
2885 2843 3163 2894 Venetam
3217 2842 3277 2892 et
3305 2836 3558 2908 Tyriam,
3592 2839 3671 2892 ita

2017 2933 2075 2984 et
2102 2928 2401 2996 Prasinus,
2431 2929 2707 3000 quoniam
2736 2927 2822 2982 has
2853 2926 3227 2998 imperatoris
3258 2929 3416 2982 sunt.

2534 3259 2688 3316 I50
2719 3257 2954 3316 CAPUT
2996 3256 3137 3314 LVI.

2223 3347 2574 3406 Observanda
2603 3349 2662 3402 in
2692 3347 3031 3418 promotione
3057 3344 3450 3402 “mendica-ii.

2084 3435 2314 3490 Domini
2377 3435 2686 3508 praaposito
2747 3436 2816 3491 de
2871 3437 3234 3508 promotione
3278 3433 3663 3491 secundicerii

2010 3523 2348 3580 mandatum
2375 3525 2537 3591 dant,
2564 3528 2620 3580 et
2651 3524 2832 3579 mittit
2862 3523 3209 3596 prapositus
3239 3523 3658 3592 silentiarium,

2011 3616 2077 3667 ut
2105 3613 2410 3669 tribunum
2451 3620 2709 3685 quierat;
2759 3628 2873 3684 quo
2921 3616 3171 3683 reperto,
3205 3625 3549 3680 responsum
3583 3611 3656 3665 ad

2010 3701 2279 3758 dominos
2303 3703 2537 3774 perfert,
2556 3701 2614 3756 hi
2639 3701 2964 3773 praeposito,
2987 3715 3158 3771 quem
3187 3699 3657 3754 secundicerium

2011 3793 2368 3850 constituere
2396 3790 2618 3858 volunt,
2665 3791 2924 3846 tradunt.
2958 3789 3090 3861 Ipse
3146 3788 3457 3858 egreditur,
3489 3804 3523 3843 a
3553 3804 3660 3844 cu-

2009 3879 2313 3937 biculariis
2370 3884 2428 3936 et
2483 3879 2854 3946 silentiariis,
2896 3878 2995 3950 qui
3053 3894 3120 3933 ea
3169 3875 3500 3948 septimana
3549 3875 3650 3932 illo

2009 3985 2246 4026 munere
2295 3970 2638 4042 funguntur,
2671 3967 2936 4040 stipatus,
2969 3967 3028 4022 bi
3053 3963 3517 4021 secundicerium
3549 3964 3652 4020 tri-

2009 4060 2164 4115 buno
2196 4059 2456 4124 tradunt,
2479 4058 2853 4128 dominisque
2876 4057 3067 4112 fausta
3087 4057 3498 4126 apprecantur.
3520 4057 3654 4108 Pro-

2009 4153 2274 4204 movetur
2305 4153 2498 4203 autem
2529 4145 2619 4203 vel
2651 4148 2707 4202 in
2741 4143 3081 4214 hemicyclio
3110 4143 3197 4198 vel
3229 4143 3289 4198 in
3313 4141 3560 4198 camino.
3591 4141 3652 4197 Si

2007 4241 2201 4292 autem
2255 4236 2524 4292 tribunus
2584 4235 2785 4292 morbo
2844 4234 3088 4302 laborat,
3138 4231 3501 4288 silentiarius
3548 4230 3651 4302 qui

2007 4343 2110 4398 per
2139 4325 2302 4380 illam
2335 4325 2723 4396 septimanam
2757 4323 2948 4379 officio
2980 4323 3259 4394 iungitur,
3286 4337 3422 4377 eum
3447 4337 3482 4376 a
3505 4337 3653 4392 prte-

269 4415 369 4486 ριος
423 4406 784 4486 σιλεντιάριος
840 4408 988 4483 παρὰ
1041 4412 1138 4463 τοῦ
1194 4408 1580 4482 πραιποσίτου,
1636 4407 1724 4461 καὶ
1791 4405 1901 4460 ἀπ-

2018 4413 2201 4485 posito
2233 4414 2498 4485 suscipit,
2529 4421 2583 4469 et
2614 4412 2813 4468 abiens
2843 4413 2914 4466 ad
2959 4411 3179 4466 tribuni
3210 4412 3380 4476 mdes,
3412 4408 3523 4482 ipsi
3553 4426 3648 4464 se-

270 4484 464 4560 έρχεται
515 4495 564 4550 έν
609 4484 696 4572 τῷ
750 4497 888 4570 οἳκῳ
933 4502 1031 4552 τοῦ
1082 4493 1399 4571 δημάρχου,
1433 4495 1520 4550 καὶ
1559 4492 1896 4571 παραδίδωσι

273 4579 344 4661 τῷ
371 4576 636 4661 δημάρχω
675 4588 772 4643 τὸν
817 4584 1211 4661 δευτερεύοντα.
1263 4587 1388 4661 Χρή
1432 4583 1489 4640 δὲ
1537 4583 1754 4655 εἰδέναι,
1789 4586 1895 4653 ὅτι,

270 4660 347 4765 ’ἐτι
400 4667 426 4720 6
481 4660 840 4741 πραιπόσιτος
898 4660 1238 4750 παραδίδωσι
1285 4660 1367 4746 τῷ
1423 4674 1770 4747 σιλεντιαρίῳ
1806 4679 1897 4729 τὸν

271 4759 642 4832 δευτερεύοντα,
695 4766 1032 4840 εὓρίσκονται
1079 4765 1168 4820 καὶ
1219 4765 1269 4818 οἱ
1312 4768 1410 4818 τοῦ
1454 4763 1668 4838 μέρους,
1721 4765 1748 4819 6
1787 4785 1898 4840 γει-

267 4842 564 4924 τονιάρχης,
591 4853 619 4907 ὁ
649 4855 924 4929 νοτάριος,
956 4856 1081 4923 ἤτοι
1131 4855 1158 4907 6
1209 4851 1640 4931 χαρτουλᾶριος,
1671 4854 1699 4907 6
1731 4873 1893 4923 ποιη-

2006 4501 2404 4558 cundicerium
2449 4500 2646 4556 tradit.
2679 4499 3118 4555 Observandum
3169 4513 3302 4554 vero
3349 4502 3459 4563 est,
3492 4499 3650 4569 quod

2007 4591 2146 4646 dum
2183 4592 2524 4662 praepositus
2556 4588 3016 4645 secundicerium
3051 4585 3373 4642 silentiario
3404 4585 3651 4640 traditu-

2005 4695 2108 4734 rus
2156 4683 2265 4746 est,
2299 4677 2568 4735 factionis
2614 4675 2995 4751 gitoniarcba,
3028 4675 3286 4731 notarius
3337 4689 3439 4731 eu
3472 4673 3651 4730 char—

2005 4766 2277 4836 tularius,
2312 4775 2498 4839 poeta,
2532 4765 2794 4822 musicus
2830 4770 2888 4820 et
2917 4763 3218 4836 magister,
3253 4768 3316 4818 ut
3360 4762 3468 4832 ipsi
3501 4779 3649 4834 quo-

2005 4872 2120 4928 que
2167 4871 2302 4912 eum
2334 4873 2366 4911 a
2402 4855 2706 4928 praeposito
2749 4854 3058 4925 accipiant,
3108 4850 3324 4907 adsint.
3361 4849 3647 4905 Caeterum

1594 5034 1691 5086 VA
1700 5031 1842 5088 811E
1882 5032 2292 5091 LECTIONES.

329 5193 351 5227 ⁵
379 5195 775 5268 προϐάλλεσθαι
807 5208 898 5263 ed.
975 5206 998 5240 ο
1029 5201 1472 5279 διαδεδειγμένων
1505 5205 1597 5261 ed.
1674 5202 1698 5237 ⁷
1726 5197 2140 5276 προϐάλλεσθαι
2163 5207 2255 5263 edo

1240 5378 1438 5434 JOAN.
1477 5379 1622 5434 JAC.
1666 5377 1932 5434 REISKII
1970 5379 2559 5437 COMMENTARIUS.

463 5522 752 5603 ilabebant
779 5546 916 5602 ergo
948 5530 1241 5603 factiones,
1273 5532 1585 5603 peculiaria
1615 5530 1726 5603 sibi
1757 5539 1884 5586 sta-

1997 5533 2057 5586 in
2089 5547 2281 5586 aream
2341 5531 2825 5600 producerentur,
2887 5524 3180 5600 habebant
3238 5513 3650 5600 ᾅρκτοτρόφοξς

309 5585 423 5673 Ηξαέ
451 5607 566 5673 ηερ,
588 5585 748 5673 equis
787 5585 913 5673 suis
941 5585 1248 5673 certamini
1274 5585 1748 5666 rsummittendis,
1780 5603 1887 5655 iis-
1995 5585 2084 5657 vel
2110 5585 2494 5673 θηριοκότμους
2518 5585 3037 5673 ς’νὶάηΒι-οοορὶυε
3073 5585 3534 5673 Αηεοᾴὸιεήρδεί
3557 5585 3646 5640 ‘0-

271 5663 372 5720 θυθ
420 5661 656 5723 additos.
688 5669 1054 5743 ἱπποκόμους.
1113 5671 1288 5740 Olim,
1341 5688 1475 5729 cum
1525 5661 1884 5729 adhuc'feras

2065 5659 2624 5742 (ﬂl'ﬂxadctordis:
2658 5671 2775 5724 vid.
2812 5659 2986 5735 paulo
3018 5674 3151 5725 ante
3179 5670 3298 5722 not.
3335 5659 3425 5714 18.
