4180 6304
217 341 322 399 545

1105 341 1205 400 DE
1249 339 1704 402 CERIMONIIS
1746 341 1985 404 AULE
2027 343 2502 405 BYZANTIN/E
2545 344 2690 405 LIB.
2737 345 2784 405 Ι.

3507 355 3627 415 546

219 469 389 532 καθὼς
451 466 711 534 ι’ίθισται,
773 470 824 523 οἱ
905 469 1002 540 μὶν
1067 469 1344 544 πατρίκιοι
1404 471 1470 524 τὰ
1515 467 1905 546 χρυσόταὸλαη

1993 491 2052 531 ac
2082 476 2271 532 caeteri
2305 477 2559 534 ministri
2602 478 2756 534 162
2788 493 2889 547 pro
2919 494 3026 534 sua
3056 478 3307 553 quisque
3347 482 3630 556 dignitate

223 557 388 614 αὐτῶν
433 555 722 632 χλανίδια,
756 558 806 611 οἱ
857 553 913 611 δὲ
963 560 1260 635 στρατηγοὶ
1294 559 1361 614 τὰ
1389 559 1554 635 σαφία
1581 559 1781 630 αὐτῶν,
1818 559 1877 615 οἷ’

1983 568 2171 619 vestes
2181 569 2475 634 gestantet
2489 566 2546 619 in
2565 566 2826 622 convivio
2842 566 2967 622 etin
2986 570 3310 627 mutatoriis
3322 573 3629 631 consident

222 646 275 702 δὲ
331 647 821 720 πρωτοσπαθάριοι
877 647 969 701 καὶ
1027 649 1079 702 οἱ
1135 647 1323 703 λοιποὶ
1371 648 1660 727 ἄρχοντες,
1689 647 1913 713 ἕκαστος
1971 653 2107 706 κατὰ
2153 652 2213 705 τὸ
2265 649 2407 707 ’ἰδιον
2463 652 2696 728 ἀξίωμα,
2721 659 2949 733 φοροῦσι
3007 656 3098 710 καὶ
3148 657 3243 720 τὰς
3275 659 3500 731 στολὰς,
3532 664 3621 717 καὶ

222 739 538 806 καθέζονται
571 736 626 792 ἐν
659 739 738 808 τῷ
767 735 1066 811 κλητωρίῳ
1096 737 1463 814 ἡλλαγμένοι.

293 827 365 884 Β’.
417 829 523 882 Καὶ
581 826 796 880 πᾶντων
861 825 1229 891 καθεσθέντων
1286 831 1393 882 τῶν
1452 827 1868 904 προειρημένων

219 916 506 990 ἀρχόντων
565 911 618 967 ἐν
677 917 756 984 τῷ
812 912 1132 988 κλητωρίῴ,
1184 912 1477 985 δηλοποιεῑ
1533 917 1561 970 6
1617 916 1870 991 βασιλεὺς

215 1009 328 1064 τοῖς
361 1001 674 1076 πατρικίοις
707 999 796 1056 διὰ
831 1006 929 1056 τοῦ
959 1009 1062 1072 τῆς
1089 1003 1385 1078 τραπέζης,
1424 1005 1498 1064 ὡς
1548 1003 1633 1059 ότι
1670 1027 1698 1057 α
1755 1007 1876 1062 Ἐκ-

220 1087 454 1146 6αλλετε
489 1092 561 1144 τὰ
597 1087 864 1165 χλανίδια
898 1091 1076 1164 ὑμῶν,
1108 1114 1136 1143 ι)
1180 1092 1271 1146 καὶ
1316 1093 1638 1156 ἀναστάντες
1679 1095 1731 1148 οἱ
1777 1115 1876 1149 πα-

217 1180 416 1254 τρίκιοι
468 1179 561 1234 καὶ
610 1179 662 1232 οἱ
710 1179 1004 1252 στρατηγοὶ
1057 1179 1454 1254 ὑπερεόχονται
1487 1180 1579 1234 τὸν
1623 1178 1872 1255 βασιλέα,

218 1269 305 1322 καὶ
359 1265 806 1323 ἀπαλλάσσουσιν
880 1268 932 1320 οἱ
992 1267 1086 1340 μὶν
1147 1269 1426 1343 πατρίκιοι
1492 1270 1560 1324 τὰ
1616 1267 1876 1347 χλανίδια

221 1359 423 1427 αὐτῶν,
478 1359 530 1412 οἱ
573 1355 628 1412 δὲ
697 1357 996 1433 στρατηγοὶ
1058 1359 1126 1412 τὰ
1183 1359 1344 1435 σαγία
1391 1358 1878 1432 αὖτῶν,ἀπολαμο

219 1442 444 1502 ϐανουσι
479 1443 537 1500 δὲ
565 1447 662 1507 τὰς
691 1445 870 1500 αὐτῶν
919 1444 1122 1508 στολὰς
1181 1445 1532 1522 ἐγγιστιάριοι
1597 1445 1876 1522 βασιλικοὶ

219 1539 270 1591 οἱ
298 1535 702 1609 παριστάμενοι
742 1533 793 1588 ἐν
831 1537 900 1606 τῇ
939 1534 1089 1589 κάτω
1132 1537 1394 1610 τραπέζῃ,
1423 1537 1514 1590 καὶ
1573 1533 1875 1592 ἐπιδιὸοὖσι

219 1625 351 1681 αὐτὰ
379 1631 504 1686 τοῖς
540 1625 839 1699 ὁπουργοῖς
879 1623 1058 1679 αὐτῶν
1096 1624 1174 1687 εἰς
1222 1625 1288 1680 τὰ
1335 1625 1526 1682 σκύλα.
1559 1627 1624 1684 Ο⁹ι
1665 1623 1723 1680 δὲ
1778 1623 1878 1699 ἆρ-

218 1736 413 1791 χοντες
441 1718 543 1770 τοῦ
573 1709 969 1770 κουϐουκΑεῐου
1009 1713 1358 1791 ἠλλαγμένοι
1390 1715 1539 1778 ὄντες
1595 1714 1876 1771 ἐκτελοῦσι

2055 833 2121 888 ΙΙ.
2173 833 2457 892 Omnibus
2539 841 2737 893 autem
2813 839 2983 896 dictis
3058 842 3394 912 proceribus
3471 846 3632 902 assi-

1981 920 2275 990 dentibus,
2308 938 2410 992 per
2451 939 2662 980 mensae
2710 927 3044 996 praefectum
3096 929 3414 1000 imperator
3448 935 3636 1005 patri-

1983 1009 2331 1095 ciisiedicit,
2382 1015 2570 1067 vestes
2629 1029 2769 1068 suas
2825 1016 3136 1086 deponant,
3196 1027 3633 1095 surgentesque

1983 1093 2208 1164 patricii
2238 1099 2296 1148 et
2353 1098 2593 1167 strategi
2652 1099 2838 1154 fausta
2893 1101 3237 1172 imperatori
3297 1093 3633 1180 precantur,

1985 1186 2333 1253 mutantque
2364 1184 2594 1254 patricii
2627 1187 2874 1256 tunicas,
2907 1192 3144 1263 strategi
3180 1209 3339 1265 saga,
3377 1213 3628 1267 quorum

1983 1276 2175 1326 vestes
2200 1269 2567 1340 imperatoris
2598 1275 2983 1344 apparitores,
3016 1277 3076 1332 in
3123 1281 3377 1338 inferiori
3416 1301 3630 1342 mensas

1986 1363 2272 1427 astantes,
2305 1367 2568 1430 sumunt,
2601 1369 2655 1416 et
2685 1377 2888 1418 eorum
2911 1363 3148 1420 famulis
3170 1367 3229 1422 in
3255 1369 3425 1441 scylis
3466 1378 3631 1428 stan-

1988 1448 2141 1504 tibus
2171 1449 2431 1505 tradunt.
2466 1451 2540 1504 At
2586 1449 2855 1505 cubiculo
2903 1453 3177 1523 preteeti,
3201 1463 3424 1514 mutata
3453 1466 3632 1524 veste,

1986 1537 2275 1608 duplicem
2308 1538 2531 1594 faciunt
2559 1553 2923 1608 consessum,
2957 1542 3008 1597 si
3042 1544 3340 1601 Dominica
3371 1547 3467 1603 die
3506 1565 3639 1605 con-

1986 1625 2201 1695 tingit:
2235 1643 2350 1682 non
2379 1627 2536 1682 enim
2589 1643 2654 1684 eo
2703 1627 2796 1683 die
2828 1633 3118 1701 susceptio
3151 1633 3412 1690 solennis
3442 1636 3634 1709 impe-

1987 1714 2195 1770 ratoris
2227 1715 2313 1781 lit,
2344 1724 2398 1771 et
2429 1719 2735 1787 propterea
2763 1717 2958 1772 omnis
2988 1729 3224 1777 senatus
3256 1728 3464 1778 mutat.

219 1802 456 1859 διπλοῦν
515 1802 956 1878 παραστάσιμον,
989 1803 1036 1858 εἰ
1081 1805 1225 1879 τύχῃ
1285 1803 1336 1858 ἐν
1396 1809 1672 1881 Κυριακῆς
1713 1806 1846 1878 (38)’
1881 1802 1947 1858 οὐ
2004 1802 2107 1876 γὰρ
2147 1798 2423 1877 ἐνδέχεται
2475 1803 2645 1877 ταύτῃ
2705 1803 2888 1878 ἡμέρᾳ
2951 1807 3196 1880 γενέσθαι
3266 1807 3505 1885 δέξιμον,
3537 1813 3630 1868 καὶ

229 1891 316 1948 διὰ
346 1896 521 1949 τοῦτο
553 1891 815 1947 ἀλλάσσει
846 1898 990 1947 πᾶσα
1020 1894 1055 1962 ἡ
1089 1891 1420 1966 σύγκλητος.

839 1983 1098 2040 ΚΕΦΑΛ.
1139 1983 1268 2038 ΞΒ’.

221 2073 368 2129 Ὅσα
475 2067 557 2125 δεῖ
654 2068 1252 2148 παραφυλάττειν-μὲν
1351 2071 1645 2148 παραμονῇ
1779 2070 1883 2144 εξε-

915 2162 1021 2215 μου
1067 2144 1204 2215 (39).

299 2233 384 2290 ΑΖ
424 2232 782 2306 Εἱσέρχονταῐ
835 2231 903 2286 τὰ
970 2229 1064 2286 δύο
1132 2229 1268 2306 μέρη
1329 2231 1406 2293 εἷς
1462 2232 1525 2286 τὸ
1571 2237 1758 2307 σῖγμα,
1790 2232 1878 2286 καὶ

226 2319 534 2391 αἶτοῦνται,
593 2317 846 2392 λέγοντες
903 2321 955 2374 οἱ
1011 2321 1236 2394 κράκται
1272 2339 1285 2352 ·
1321 2343 1349 2372 (ί
1401 2318 1614 2386 Πολλὰ,
1671 2319 1880 2389 πολλὰ,

227 2408 456 2465 πολλὰ·
491 2432 520 2459 ››
581 2409 609 2462 6
659 2406 794 2469 λαός
825 2427 838 2440 ο
878 2432 904 2464 a
953 2407 1144 2464 [Ιολλὰ
1191 2404 1284 2478 ἔτη
1349 2409 1423 2470 εἰς
1471 2406 1676 2467 πολλά.
1727 2433 1757 2460 ››
1815 2410 1880 2466 Οἱ

228 2499 501 2571 κράκται’
537 2520 564 2547 ι(
598 2494 809 2551 Πολλοὶ
871 2497 996 2569 ὑμῖν
1052 2498 1270 2571 χρόνοι,
1318 2497 1380 2550 τὸ
1430 2492 1735 2570 πρόϐλημα
1782 2503 1882 2565 τῆς

229 2585 491 2661 Τριάδος’
527 2609 555 2636 ‹‹
587 2587 803 2661 φθογγεῖ
849 2588 894 2623 ¹⁶
922 2587 1012 2640 καὶ
1044 2588 1072 2642 6
1104 2585 1236 2648 λαὸς
1276 2584 1336 2642 ἐκ
1364 2587 1413 2661 γ’
1437 2605 1449 2619 ·
1485 2583 1694 2641 Πολλοὶ
1751 2586 1877 2659 ὑμῖν

233 2677 464 2752 χρόνοι.
499 2698 527 2726 ››
567 2676 630 2729 Ol.
657 2677 874 2749 κράκται
910 2697 923 2710 ο
961 2700 990 2730 «
1013 2676 1223 2733 Πολλοὶ
1272 2676 1647 2752 ὑμῖνχρόνοι,
1672 2677 1700 2731 6
1733 2673 1881 2731 δεῖνα

239 2764 336 2820 καὶ
368 2765 398 2820 6
429 2761 575 2819 δεῖνα
627 2764 1013 2842 αὐτοκράτορες
1061 2767 1356 2840 Ῥωμαίων
1382 2786 1396 2799 ·
1446 2789 1474 2819 ››
1527 2767 1753 2843 φθογγεῐ
1788 2765 1880 2820 καὶ

249 2855 278 2908 6
310 2851 442 2916 λαὸς
488 2853 545 2909 ἐκ
578 2854 640 2929 γ’.
665 2879 692 2906 ‹‹
727 2852 938 2910 Πολλοὶ
991 2857 1118 2929 ὑμῖν
1181 2854 1391 2929 χρόνοι.
1431 2880 1450 2905 1
1505 2856 1566 2908 0i
1613 2856 1838 2928 κράκται
1863 2896 1875 2910 .

249 2965 276 2996 ι
305 2941 514 2998 Πολλοὶ
558 2943 684 3015 ὑμῖν
716 2943 930 3019 χρόνοι,
971 2946 1024 3000 οἱ
1074 2944 1394 3020 θεράποντες
1451 2947 1546 2998 τοῦ
1577 2944 1776 3016 Κυρίου
1801 2962 1813 2974 ·
1850 2966 1877 2995 ››

239 3033 462 3108 φθογγεῖ
507 3031 598 3085 καὶ
656 3033 684 3086 6
728 3029 861 3096 λαὸς
905 3033 965 3088 ἐκ
1019 3035 1228 3109 τρίτων
1262 3057 1289 3084 ‹‹
1326 3030 1536 3088 Πολλοὶ
1580 3031 1706 3106 ὓμῖν
1740 3032 1880 3106 χρό-

236 3141 341 3178 νοι.
387 3144 415 3172 ››
464 3121 532 3177 Οἱ
590 3121 836 3197 κράκται·
875 3146 903 3174 ‹‹
960 3121 1175 3179 Πολλοὶ
1223 3123 1350 3195 ὑμῖν
1407 3123 1623 3198 χρόνοι,
1657 3123 1685 3176 6
1736 3119 1880 3176 δεῖνα

236 3209 324 3265 καὶ
382 3211 412 3263 6
453 3206 601 3265 δεῖνα
657 3211 966 3287 Αὐγοῦσται
1021 3216 1128 3267 τῶν
1175 3211 1499 3284 Ῥωμαίων·
1561 3234 1589 3262 ››
1659 3214 1880 3286 φθογγεῖ

236 3299 325 3354 καὶ
378 3298 408 3353 6
448 3295 581 3359 λαὸς
631 3297 690 3354 ἐκ
738 3301 805 3376 γ’·
833 3324 860 3352 ‹‹
895 3299 1105 3356 Πολλοὶ
1157 3299 1282 3372 ὑμῖν
1339 3299 1555 3374 χρόνοι.
1587 3321 1616 3350 »
1649 3299 1718 3356 Οἱ
1746 3298 1879 3372 κρά-

235 3405 376 3442 κται·
415 3388 554 3448 «Ὡς
604 3385 797 3444 δοῦλοι
851 3389 1148 3463 τολμῶμεν
1203 3387 1571 3461 παρακαλέσαι
1601 3409 1613 3421 -
1649 3411 1676 3440 ››
1716 3391 1886 3467 φθογ-

1994 3391 2195 3446 eadem
2242 3365 2378 3442 ter:
2394 3385 2672 3441 Cantores
2719 3400 2732 3439 :

235 3497 314 3550 γει
363 3478 454 3532 καὶ
496 3478 524 3532 6
567 3474 698 3540 λαὸς
746 3477 805 3532 ἐκ
850 3481 896 3555 γ’
945 3479 1175 3553 ὁμοίως.
1214 3479 1282 3536 Οἱ
1338 3476 1562 3554 κρᾶκται
1597 3497 1610 3509 ·
1647 3500 1674 3530 ››
1729 3479 1880 3536 Μετὰ

239 3559 410 3641 φόϐου
467 3562 826 3640 δυσωποῦμεν
895 3569 1021 3632 τοὺς
1077 3565 1360 3630 δεσπότας·
1394 3592 1422 3618 ››
1466 3571 1689 3645 φθογγεῖ
1718 3567 1808 3622 καὶ
1852 3568 1882 3622 6

240 3650 371 3715 λαὸς
402 3651 461 3709 ἐκ
487 3659 536 3730 γ’
574 3654 805 3727 ὁμοίως.
836 3657 904 3714 Οἱ
935 3657 1160 3731 κράκται
1186 3675 1199 3690 ⁶
1243 3679 1269 3712 α
1297 3658 1650 3729 Ἀνεξικάκως
1709 3676 1882 3731 παρα-

238 3739 572 3815 κλήθητε,ὦ
620 3742 894 3822 εὐεργέται
935 3747 1006 3782 ³⁷·
1049 3770 1078 3798 ››
1124 3747 1152 3800 6
1201 3743 1334 3807 λαὸς
1368 3745 1576 3818 ὁμοίως
1616 3742 1676 3800 ἒκ
1719 3751 1782 3820 γ’.
1817 3746 1884 3802 Οἱ

235 3835 486 3906 κρακται·
515 3856 543 3882 ‹‹
577 3830 672 3894 Εἷς
737 3835 838 3904 τήν
898 3831 1080 3906 δέησιν
1138 3838 1244 3888 τῶν
1300 3831 1515 3888 δούλων
1544 3833 1694 3906 ὑμῶν
1726 3831 1888 3891 Βενὲ-

228 3937 366 3976 των⁸
405 3945 431 3972 n
495 3921 523 3974 6
574 3918 706 3983 λαὸς
765 3920 825 3976 ἐκ
875 3930 921 4000 γ’
979 3923 1209 3998 ὁμοίως.
1263 3924 1330 3981 Οἳ
1387 3923 1650 3996 κράκται’
1686 3945 1711 3977 ε
1770 3924 1885 3991 Τήν

1913 1995 1962 2061 Β

2589 1982 2821 2040 CAPUT
2862 1985 3035 2040 LXII.

1995 2069 2345 2134 Obseruando
2386 2070 2570 2141 pridie
2613 2070 2893 2146 βίαι-αἱαὶ,
2932 2087 3042 2142 quo
3069 2073 3376 2146 imperator
3406 2080 3464 2133 in
3496 2079 3634 2136 urbe

2562 2142 2920 2213 excipiendus
2959 2152 3060 2199 est.

2065 2237 2108 2292 Ι.
2143 2239 2276 2290 Duae
2309 2230 2586 2287 factiones
2613 2231 2802 2303 sigma
2830 2231 3072 2299 intrant,
3105 2241 3160 2288 et
3192 2241 3530 2308 precantur;
3551 2239 3634 2294 di.

1991 2332 2130 2382 cunt
2160 2326 2426 2378 cantores
2457 2335 2471 2374 :
2501 2341 2530 2370 «
2564 2319 2797 2387 Multos,
2829 2319 3065 2389 multos,
3098 2323 3352 2394 multos;
3393 2348 3420 2376 ››
3448 2345 3631 2401 ροριι-

1990 2413 2086 2470 lus
2118 2429 2133 2468 :
2167 2433 2195 2462 «
2221 2409 2432 2465 Multos
2463 2423 2648 2463 annos
2678 2407 2736 2461 in
2770 2407 3010 2464 multos.
3037 2431 3066 2459 »
3095 2410 3372 2470 Cantores
3397 2430 3410 2469 :
3436 2415 3631 2472 «Mul-

1989 2508 2048 2557 ta
2093 2500 2259 2556 vobis
2316 2502 2602 2567 tempora,
2662 2494 2938 2551 trinitatis
2999 2502 3542 2572 propugnaculum;
3602 2525 3632 2554 »

1991 2590 2210 2647 clamat
2257 2593 2311 2642 et
2359 2583 2611 2657 populus
2641 2588 2725 2640 ter
2761 2601 2774 2638 :
2819 2606 2848 2634 ‹‹
2884 2584 3063 2642 Multa
3091 2588 3258 2644 vobis
3291 2597 3570 2663 tempora.
3607 2613 3637 2642 »

1993 2702 2020 2731 ‹‹
2051 2680 2328 2736 Cantores
2363 2691 2376 2730 :
2410 2697 2438 2725 «
2471 2673 2654 2731 Multa
2683 2673 2844 2730 vobis
2875 2677 3158 2746 tempora,
3189 2677 3259 2733 N.
3289 2678 3357 2734 N.
3382 2681 3632 2752 impera-

1991 2773 2143 2824 tores
2172 2767 2566 2821 Romanorum
2600 2779 2614 2818 :
2645 2783 2674 2814 »
2700 2761 2910 2818 clamat
2938 2771 2993 2818 et
3022 2763 3274 2835 populus
3295 2772 3419 2823 ter:
3441 2769 3632 2825 «Μαι-

1989 2861 2050 2912 ta
2077 2854 2240 2910 vobis
2275 2857 2556 2922 tempora.
2597 2870 2622 2902 ι
2655 2849 2932 2906 Cantores
2961 2866 2976 2907 :
3012 2873 3041 2902 ‹‹
3075 2851 3257 2910 Multa
3289 2855 3449 2912 vobis
3479 2862 3630 2914 tem-

1991 2962 2153 3018 pora,
2212 2940 2411 2998 famuli
2469 2939 2742 3008 Domini;
2799 2961 2827 2991 «
2861 2941 3074 2998 clamat
3118 2948 3178 3000 et
3207 2948 3460 3018 populus
3493 2957 3579 3006 ter
3613 2967 3627 3006 :

1991 3057 2019 3086 «
2053 3033 2238 3090 Multa
2267 3029 2428 3085 vobis
2455 3034 2736 3102 tempora.
2769 3050 2799 3079 »
2837 3033 3112 3088 Cantores
3146 3049 3159 3088 :
3196 3053 3226 3083 ‹‹
3250 3034 3434 3093 Multa
3465 3038 3631 3106 vobis

1991 3129 2276 3194 tempora,
2309 3119 2376 3174 N.
2401 3117 2470 3173 N.
2501 3119 2770 3187 Augustae
2802 3119 3233 3192 Romanorum;
3269 3144 3300 3173 ι)
3336 3125 3553 3182 clamat
3577 3135 3635 3183 et
3694 3167 3699 3173 ι

1992 3209 2246 3285 populus
2274 3213 2362 3264 ter
2393 3225 2406 3264 :
2442 3228 2472 3258 «
2522 3206 2704 3262 Multa
2734 3207 2897 3264 vobis
2931 3215 3212 3280 tempora.
3246 3233 3274 3261 ››
3307 3212 3581 3270 Cantores
3614 3232 3628 3270 ε

1991 3323 2020 3352 ‹‹
2056 3301 2126 3357 Ut
2163 3296 2310 3354 servi
2360 3295 2583 3368 precari
2619 3296 2940 3363 audemus;
2975 3319 3004 3346 »
3035 3298 3252 3356 clamat
3282 3306 3342 3357 et
3379 3303 3631 3375 populus

2786 3407 2815 3435 ‹‹
2847 3387 2991 3441 Cum
3034 3387 3240 3444 timore
3270 3392 3628 3460 suspicimus

1989 3477 2302 3544 dominos;
2337 3496 2359 3523 ι
2385 3473 2596 3528 clamat
2625 3477 2683 3527 et
2712 3473 2960 3544 pepulus
2991 3475 3278 3533 similiter.
3311 3479 3586 3537 Cantores
3613 3498 3626 3537 :

1992 3590 2020 3620 ‹‹
2053 3567 2181 3623 Non
2230 3561 2447 3633 iniuria
2491 3560 2866 3628 invocamini,
2919 3563 3201 3632 beneﬁci;
3237 3586 3266 3614 κ
3317 3565 3528 3623 clamat
3575 3574 3634 3624 et

1993 3654 2244 3728 populus
2294 3649 2565 3706 similiter
2607 3649 2794 3704 tribus
2835 3649 3080 3705 vicibus.
3125 3653 3404 3710 Cantores
3438 3672 3450 3708 :
3486 3676 3515 3707 «
3545 3657 3631 3713 Ad

1993 3758 2191 3817 preces
2213 3753 2513 3797 servorum
2535 3742 2856 3793 vestrorum
2879 3737 3229 3796 Venetorum
3258 3757 3319 3807 ;»
3345 3742 3556 3799 clamat
3576 3750 3638 3802 et

1994 3832 2241 3908 populus
2270 3835 2376 3886 ter.
2409 3827 2724 3884 Cantores:
2760 3850 2787 3878 α
2821 3828 3181 3900 Majestatem
3217 3836 3377 3888 tuam
3420 3834 3631 3891 festum

1995 3925 2150 3980 hunc
2173 3919 2326 3976 diem
2350 3919 2414 3971 ut
2426 3914 2594 3972 nobis
2615 3916 2908 3973 celebrare
2925 3918 3588 3992 permittat,precamur;
3606 3945 3634 3972 »

1597 4041 1835 4098 νΑιιῐιΕ
1875 4039 2174 4100 LECTION
2183 4039 2278 4094 ES.

312 4131 357 4168 ιθ
388 4128 607 4205 φθογγῆ
639 4131 731 4189 ed.
777 4133 994 4206 ubique
1022 4133 1260 4207 praebet,
1293 4137 1358 4190 ut
1387 4148 1585 4205 supra.
1664 4131 1707 4166 ‘7
1738 4131 1812 4186 ὡς
1844 4131 2019 4208 ιύεργ.
2053 4131 2143 4188 ed.

1278 4243 1482 4300 JOAN.
1521 4243 1670 4298 JAC.
1713 4241 1979 4300 REISKII
2015 4236 2598 4297 COMMENTARIUS.

309 4340 422 4410 (38)
453 4339 550 4395 Sic
582 4339 679 4404 M.,
713 4345 888 4407 recte,
921 4358 986 4399 ex
1040 4357 1198 4398 more
1248 4358 1406 4398 novas
1455 4340 1700 4396 Graeciae.
1749 4341 1879 4398 Vid.

237 4419 366 4468 not.
401 4413 468 4465 ad
506 4428 565 4482 p.
594 4411 718 4466 312.

311 4482 426 4564 (ξξὶ)
458 4482 650 4569 Pridie
678 4486 804 4554 ejus
833 4484 970 4569 diei,
1004 4485 1103 4569 qui
1133 4483 1472 4569 imperatori
1517 4483 1728 4569 nataiis
1779 4483 1887 4569 ἰξυ-

241 4553 387 4626 perii
407 4563 528 4626 est,
563 4559 620 4608 et
648 4553 764 4626 quo
793 4553 1134 4613 solemniter
1161 4553 1523 4612 adorandum
1548 4571 1610 4611 se
1641 4557 1775 4611 dare
1800 4555 1886 4610 fa-

241 4624 538 4698 ctionibus
567 4624 756 4682 debet.
791 4626 870 4683 De
898 4628 992 4684 die
1035 4627 1212 4698 natali
1265 4627 1494 4698 imperii
1543 4626 1650 4698 hoc
1701 4629 1888 4698 capite

242 4695 357 4773 agi,
382 4695 722 4773 _lique_t__e_A,
756 4700 781 4752 1
821 4697 978 4773 [τὴνΔ
1007 4695 1427 4773 αὖτοκρατορῖαν
1459 4717 1561 4773 σου
1593 4695 1887 4773 αἰτούμεθα

239 4764 515 4893 ἒῖρτάσᾱι.
549 4766 760 4852 Videor
792 4764 934 4854 mihi
965 4770 1080 4854 hoc
1095 4770 1154 4825 in
1175 4764 1639 4841 'loco'vestigium
1672 4764 1881 4834 aetatis,

241 4854 278 4893 ι
350 4853 527 4893 uuam
561 4839 760 4893 referri
804 4840 1177 4893 cenmomale
1225 4846 1492 4893 nostrum
1541 4841 1734 4893 debet.
1779 4841 1881 4893 de-

241 4839 314 4894 ad
350 4853 527 4908 quam
561 4839 760 4896 referri
804 4840 1177 4898 cerimoniale
1225 4839 1505 4896 nostrum'
1541 4841 1734 4906 debet,
1779 4841 1883 4895 de-

241 4908 705 4984 prehendere,isi
728 4914 905 4984 modo
935 4915 1006 4970 de
1039 4918 1298 4984 tempore
1343 4927 1452 4967 suo
1499 4910 1726 4967 locutus
1776 4911 1885 4966 fuit

240 4981 446 5056 auctor
491 4981 586 5038 bic
633 4983 762 5050 loci,
812 5000 1002 5056 neque
1051 4981 1254 5056 totum
1285 4983 1396 5039 hoc
1424 4987 1600 5056 caput
1630 4998 1761 5056 cum
1791 4998 1884 5056 se:

242 5053 564 5124 quentibus
611 5070 644 5108 e
689 5056 866 5111 veteri
904 5053 1284 5113 cerimoniali
1331 5053 1728 5124 transcripsit,
1788 5055 1887 5108 aut

241 5123 382 5210 anni
413 5133 676 5195 tempora
695 5128 973 5210 persequi
1004 5127 1206 5210 voluit.
1237 5125 1473 5210 scilicet
1501 5123 1886 5210 exceptionem

245 5194 568 5270 factionum
586 5194 1006 5268 gratulantium
1029 5197 1364 5270 imperatori
1383 5195 1630 5270 natalem
1648 5194 1887 5270 imperii

244 5265 492 5339 collocat
517 5265 722 5323 auctor
749 5274 885 5325 ante
907 5265 1146 5326 aureum
1171 5269 1445 5336 circense,
1475 5269 1622 5339 quod
1646 5266 1706 5322 in
1729 5265 1886 5339 diem

247 5337 400 5393 luna
433 5339 761 5408 proximum
795 5359 829 5395 a
864 5340 1167 5398 Dominica
1195 5341 1255 5396 in
1305 5341 1469 5396 Albis
1495 5337 1701 5394 fuisse
1744 5337 1888 5393 cele-

245 5408 484 5465 bratum
515 5415 762 5468 constat.
795 5410 960 5468 Unde
997 5412 1326 5479 concludas,
1378 5411 1543 5466 illum
1575 5411 1887 5479 imperato-

248 5496 395 5564 rem,
423 5481 502 5564 ad.
526 5481 844 5564 quemnboc
875 5489 1048 5564 caput
1095 5483 1378 5564 pertinet,
1413 5481 1732 5564 imperium
1759 5487 1890 5564 an_t_e

245 5551 413 5608 illum
447 5551 603 5608 diem
636 5553 871 5609 adiisse.
895 5551 1328 5623 Constantinus,
1353 5551 1564 5610 Leonis
1604 5551 1891 5622 Sapientis

247 5624 578 5698 ﬁlius,_ille
629 5625 833 5697 nequit
874 5640 1037 5698 esse;
1090 5628 1309 5698 quippe
1355 5625 1456 5698 qui
1500 5643 1534 5683 a
1572 5629 1734 5697 patre
1760 5623 1889 5698 ipso

270 5703 391 5753 esto
423 5694 800 5753 Pentecostes
829 5694 1047 5770 collega
1076 5694 1267 5753 dictus
1291 5699 1350 5752 et
1375 5694 1712 5754 '~coronatus
1759 5694 1888 5750 fuit.

1993 4335 2508 4410 Congruitdigitur
2557 4335 2663 4390 hoc
2692 4334 2781 4410 _in
2826 4335 3276 4410 Constantinum
3307 4338 3636 4410 Juniorem,

1994 4406 2242 4482 Romani
2275 4407 2578 4482 ﬁlium,__t_i_t
2607 4406 2706 4482 qui
2738 4422 3017 4482 unacum
3049 4409 3222 4482 fratre
3252 4409 3486 4479 Basilio,
3530 4406 3636 4482 po;

1995 4423 2242 4468 ttomant
2275 4423 2479 4472 tutum,
2513 4423 2578 4460 ut
2607 4423 2706 4533 Tan
2738 4423 2854 4462 una
2883 4423 3017 4464 cum
3049 4423 3222 4464 tratre
3252 4423 3486 4479 basttto,
3530 4427 3635 4482 po-

1993 4483 2107 4538 tuit
2134 4480 2194 4535 in
2221 4476 2590 4561 _pa_iris,_X\_{.
2643 4548 2665 4561 ⁸
2685 4478 2816 4561 artii
2845 4479 3140 4561 defuncti,
3157 4496 3426 4561 regnum,
3459 4482 3635 4538 adeo-

1995 4548 2271 4626 que_ante
2301 4548 2607 4626 Paschatis
2640 4548 2854 4604 festum
2889 4548 3240 4626 successisse
3269 4548 3636 4624 dici,‘quam-

1996 4619 2084 4680 vis
2115 4624 2323 4678 fratres
2353 4619 2436 4674 illi
2470 4621 2843 4676 minorenoes
2891 4622 3002 4677 sub
3052 4621 3285 4678 duobus
3315 4619 3634 4690 tutoribus,

1921 4667 1964 4731 D
1995 4667 2320 4765 lil'i'cepboro
2348 4691 2574 4765 Phoca‘
2587 4696 2646 4765 et
2671 4667 3376 4765 Joan_ne_Tzimisce',‘-diuu

1993 4761 2210 4838 absque
2239 4761 2506 4839 imperio.
2541 4761 2676 4839 $ed,
2699 4767 2764 4817 ut
2792 4763 2930 4828 dixi,
2965 4765 3154 4820 debile
3187 4766 3294 4823 hoc
3325 4785 3638 4839 argumen-

1993 4832 2275 4908 tum'est._
2313 4833 2438 4908 Non
2479 4832 2636 4889 enim
2681 4840 2931 4908 constat,
2963 4841 3255 4892 auctorem
3304 4832 3634 4908 temporum

1996 4909 2134 4967 anni
2166 4905 2375 4962 seriem
2407 4905 2467 4959 in
2494 4905 2830 4961 recensione
2859 4906 3198 4963 hilariorum
3230 4905 3634 4964 factionalium

1998 4988 2054 5038 et
2077 4976 2426 5051 circensium
2458 4977 2626 5047 sequi
2656 4977 2950 5051 voluisse;
2985 4981 3306 5051 praesertim
3337 4996 3471 5036 cum
3500 4996 3634 5034 eum

1992 5053 2118 5125 ipse
2147 5048 2358 5125 turbet,
2393 5054 2789 5125 post_aureum
2823 5048 3088 5125 circense
3102 5067 3352 5125 narrans
3381 5053 3450 5106 de
3471 5066 3630 5125 exce-

2039 5125 2192 5179 tione
2239 5119 2480 5175 hiberna
2526 5119 2584 5191 in
2631 5135 2765 5174 area
2805 5121 3112 5176 triconchii
3158 5122 3328 5191 facta,
3378 5127 3436 5177 et
3485 5122 3641 5176 inter

2039 5140 2192 5179 ιιοηθ
2240 5140 2480 5175 ΠΙυθΓΠΒ.
2526 5140 2584 5174 ιη
2631 5140 2765 5174 area.
2805 5140 3112 5176 τιδιοοηοιιιι
3158 5140 3328 5191 1801311,
3378 5140 3436 5177 BE
3485 5140 3634 5176 ιῑιιθι·

1996 5140 2592 5264 racbanicum,quod
2641 5191 2711 5264 xi
2761 5191 2918 5256 Maii,
2952 5191 3124 5248 Urbis
3179 5193 3371 5264 regiae,
3402 5191 3634 5264 __nat_ali,

1997 5267 2194 5332 fiebat,
2225 5269 2282 5320 et
2310 5262 2421 5331 ipsi
2455 5260 2807 5317 immediate
2860 5265 3203 5318 continuum
3239 5260 3640 5319 Macellarium

1997 5353 2093 5394 seu
2130 5333 2793 5406 Lupercalintergerens
2818 5332 3098 5406 votorum
3130 5334 3446 5406 ludicrum,
3481 5335 3637 5406 quod

1998 5409 2058 5464 in
2086 5404 2347 5465 mensem
2395 5404 2739 5476 Januarium
2782 5404 3005 5459 incidit.
3059 5404 3278 5476 Deinde
3309 5407 3501 5476 potest
3531 5404 3638 5458 hoc

1998 5485 2173 5550 caput
2201 5490 2428 5550 quoque
2455 5475 2526 5529 ad
2574 5474 2982 5550 imperatorem
3024 5475 3281 5550 aliquem
3311 5471 3640 5550 respicere,

2000 5542 2102 5623 qui
2129 5542 2262 5623 ante
2301 5542 2748 5623 Consiantinum
2799 5545 3003 5623 _Leo_nis
3059 5542 3222 5623 viiit,
3252 5551 3310 5600 et
3340 5544 3480 5623 ante
3529 5542 3640 5597 fes-

1998 5611 2148 5689 t'um,
2179 5621 2266 5676 vel
2298 5619 2426 5689 ipso
2458 5616 2600 5689 festo
2650 5615 2949 5672 Pascbatis
2983 5621 3289 5672 coronatus
3317 5621 3374 5670 et
3403 5611 3648 5684 inaugu-

2003 5683 2163 5749 ratus
2191 5683 2440 5761 imperio
2473 5683 2602 5743 fuit.
