4180 6304
239 370 355 428 549

1121 361 1222 420 DE
1265 355 1728 421 CERIMONIIS
1775 355 2020 417 AULAI
2059 355 2531 425 BYZANTINE
2571 363 2722 424 LIB.
2771 363 2819 424 Ι.

3544 373 3665 433 550

243 518 398 574 γουσι
430 497 503 548 τὰ
541 493 679 549 ἄκτα
719 490 771 547 οἷ
818 491 1064 562 κράκται·
1116 510 1144 540 ‹‹
1197 488 1332 556 Δόξα
1377 485 1430 541 ἐν
1488 483 1734 558 ὑψίστοις
1783 487 1899 554 Θεῷ

2027 493 2144 547 mat
2165 494 2222 547 et
2243 491 2492 564 populus
2509 493 2711 550 eadem
2734 497 2841 551 ter.
2865 494 3142 551 Cantores
3165 511 3178 551 :
3203 518 3232 546 «
3259 498 3424 562 Quod
3462 502 3660 571 pOpuli

240 573 326 641 ia?
358 585 448 639 ἐπὶ
496 587 607 661 γῆς
656 581 872 656 εῗρήνηθ
928 603 954 630 ››
1006 579 1034 632 6
1091 576 1224 638 λαὸς
1258 577 1317 631 ἐκ
1346 577 1533 651 τρίτου
1566 573 1798 647 ὁμοίως.
1831 573 1899 630 Οἱ

243 677 494 752 κρακται·
556 697 587 725 ‹‹
656 672 740 726 Ἐν
797 668 1106 743 ἀνθρώποις
1174 667 1505 742 Χριστιανῶν
1572 661 1808 718 εὐδοκία·
1873 686 1901 714 ››

244 766 480 840 φθογγεῖ
521 760 614 816 καὶ
649 759 676 814 6
709 757 842 820 λαός
875 757 933 812 ἐκ
961 757 1026 832 γ¹’
1059 755 1290 830 ὁμοίως.
1324 755 1391 811 O't
1422 755 1660 828 κρέκται·
1698 776 1726 804 ‹‹
1777 753 1902 809 Ὃτι

244 857 478 927 ἠλέησεν
513 856 549 909 ἁ
582 854 711 917 Θεὸς
739 852 830 906 τὸν
865 849 996 904 λαὸν
1029 847 1216 904 αὐτοῦ.
1253 870 1280 899 ››
1326 849 1556 925 φθογγεῖ
1583 843 1671 898 καὶ
1719 843 1746 896 6
1769 841 1903 902 λαὸς

245 947 454 1022 ὁμοίως
487 944 552 1001 ἐκ
600 946 668 1022 γ’.
715 944 777 996 Οἱ
820 941 1070 1015 κράκται⁶
1120 962 1147 991 ‹‹
1200 937 1335 1010 Δόξα
1379 939 1502 1008 Θεῷ
1544 937 1624 1006 τῷ
1667 931 1900 1005 δεσπότῃ

245 1040 479 1094 πάντων·
545 1059 576 1086 »
635 1035 856 1111 φθογγεῖ
911 1029 1001 1084 καὶ
1061 1029 1087 1082 6
1134 1029 1265 1088 λαὸς
1328 1025 1388 1081 ἐκ
1441 1033 1485 1100 γ’
1544 1022 1779 1097 ὁμοίως,
1839 1022 1901 1073 Οἱ

246 1130 493 1203 κράκται’
534 1149 564 1177 ‹‹
602 1119 816 1188 Πολλὰ,
849 1116 1055 1190 πολλὰ,
1087 1114 1293 1172 πολλὰ.
1329 1137 1356 1166 »
1388 1113 1669 1190 Τριλέξιον
1700 1113 1744 1148 ¹⁹
1781 1111 1904 1203 (46)

250 1201 309 1287 at,
481 1211 523 1268 δ’
565 1238 591 1264 ››
627 1215 688 1269 Ὁ
722 1211 850 1273 Θεὸς
875 1210 902 1263 6
927 1205 1200 1276 δεσπόζων
1224 1204 1468 1281 ἀοράτων
1495 1203 1584 1257 καὶ
1607 1201 1904 1277 ὁρωμένων

2010 585 2101 639 sui
2126 582 2276 637 Deus
2316 583 2588 638 misertus
2619 590 2742 652 est;
2777 603 2802 634 ι
2840 583 3109 640 similiter
3133 583 3341 642 clamat
3376 591 3432 643 et
3463 605 3658 660 pepu-

2014 671 2109 726 lns
2139 675 2244 726 ter.
2268 671 2542 726 Cantores
2568 687 2581 726 :
2608 693 2636 721 «
2663 671 2859 728 Gloria
2888 672 3003 729 Deo
3034 675 3300 730 omnium
3327 675 3594 746 domino;
3633 697 3662 726 »

2013 759 2265 833 populus
2314 759 2516 816 eadem
2557 766 2664 817 ter.
2697 761 2975 818 Cantores
3008 781 3022 819 :
3058 785 3084 816 ι
3138 763 3375 833 Multos,
3420 767 3658 834 multos,

2015 849 2263 917 mullos;
2291 871 2318 898 »
2339 850 2623 921 populus:
2655 874 2675 900 ιι
2700 854 2917 909 multos
2941 871 3125 910 annos
3149 854 3210 911 in
3234 856 3471 914 multos.
3490 878 3518 907 »
3539 857 3661 913 Tri-

2014 938 2230 993 lexium
2255 938 2295 992 Ι.
2320 939 2442 993 toni
2462 939 2537 993 IV
2563 957 2574 996 :
2601 963 2628 990 «
2662 940 2832 1012 Deus,
2866 943 3140 1000 dominus
3180 945 3568 1003 invisibilium
3601 951 3662 1003 et

2015 1025 2361 1093 visibilium,
2384 1043 2485 1084 vos
2516 1034 2751 1084 centum
2777 1047 2962 1087 annos
2985 1033 3044 1088 in
3082 1050 3220 1104 pace
3244 1035 3524 1093 Romanis
3552 1037 3662 1092 im-

2018 1130 2221 1186 perare
2250 1115 2425 1185 sinat,
2453 1122 2917 1190 praesentemque
2949 1121 3104 1177 diem
3134 1125 3310 1179 vestri
3333 1125 3565 1198 imperii
3599 1133 3662 1182 ut

2021 1205 2231 1260 festum
2262 1203 2556 1260 celebrare
2581 1204 2594 1259 l

250 1310 461 1381 ἀξιώσει
515 1309 687 1383 ὑμᾶς,
744 1303 1022 1373 δεσπόται,
1071 1302 1257 1358 ἑκατὸν
1297 1299 1348 1355 ἐν
1399 1300 1583 1378 εἰρήνῃ
1633 1299 1867 1380 χρόνους
1920 1297 2224 1374 βασιλεύειν
2275 1297 2587 1373 Ῥωμαίων,
2640 1299 2730 1353 καὶ
2780 1301 2878 1370 τὴν
2913 1308 3206 1378 παροῦσαν,
3276 1309 3486 1383 ἡμέραν
3557 1317 3658 1380 τῆς

252 1399 685 1473 αὐτοκρατορίας
710 1395 1006 1471 ἑορτάζειν.
1045 1417 1070 1444 ››

321 1493 391 1548 Β’.
420 1495 631 1548 Ἀκτον
658 1491 721 1543 α’.
753 1487 1004 1564 λέγουσιν
1038 1485 1087 1539 οἱ
1131 1485 1380 1558 κράκται·
1437 1505 1463 1534 ‹‹
1517 1477 1728 1536 Πολ)οἶ
1780 1480 1907 1552 ὑμῖν

253 1579 464 1658 χρόνοι,
509 1581 546 1648 ἡ
603 1575 788 1642 ἔνθεος
844 1573 1113 1649 βασιλεία·
1153 1597 1175 1625 ι
1215 1574 1443 1651 φθογγεῖ
1470 1570 1561 1624 καὶ
1595 1571 1622 1625 ὁ
1657 1569 1789 1658 λᾳρς
1851 1567 1908 1623 ἐκ

253 1657 312 1744 κί’
345 1694 371 1721 (ι
408 1665 634 1724 Πολλοὶ
668 1667 794 1739 ὑμῖν
820 1663 1033 1740 χρόνοι,
1065 1684 1089 1716 n
1127 1661 1216 1716 καὶ
1248 1661 1312 1715 τὰ
1363 1660 1486 1732 ἑξῆς
1541 1665 1648 1714 τῶν
1707 1657 1904 1716 ἅκτων.

257 1757 538 1833 Τριλέξιον
700 1780 720 1808 ι
782 1756 1128 1829 ’Δσύγχριτοι
1179 1754 1504 1826 στρατιῶται
1546 1751 1682 1823 (47),
1732 1747 1908 1802 οἷ’κουο

260 1849 417 1919 μένης
477 1847 538 1900 οἱ
600 1843 911 1920 πρόμαχοι,
962 1839 1318 1920 στεφηφόροι,
1377 1840 1429 1894 τὶ
1489 1837 1547 1892 ἐκ
1591 1841 1722 1892 Θεοῦ
1756 1837 1905 1910 ὑψω-

261 1937 429 2004 θέντες
491 1938 538 1973 ³⁸
600 1933 691 1990 ἐπὶ
742 1933 940 2007 θρόνου
988 1937 1088 2000 τῆς
1138 1927 1436 2006 βασιλείας,
1502 1926 1910 2001 διὲσυιορπίσατε

260 2019 379 2094 ἔθνη
439 2023 646 2082 ὅπλοις
706 2019 903 2088 ἐνθέοις
961 2025 1060 2088 τῆς
1118 2013 1413 2080 εὐσεϐείας·
1463 2015 1589 2072 ἀλλ’
1631 2017 1658 2071 6
1708 2017 1836 2080 Θεὸς
1881 2015 1908 2070 6

263 2114 452 2187 στὲψας
485 2113 633 2186 ὑμᾶς
666 2110 756 2165 καὶ
805 2110 1024 2164 πάντων
1072 2109 1297 2176 κτίστης
1345 2105 1434 2163 ἐπὶ
1489 2105 1684 2162 πλεῖον
1739 2103 1911 2161 πλεο-

264 2202 405 2259 νάσει
454 2201 614 2276 ὑμῶν
666 2199 762 2262 τας
811 2199 1044 2272 ἡμέρας.
1099 2220 1126 2248 ››
1183 2200 1379 2254 ’Ἀκτον
1555 2193 1809 2270 λέγουσιν
1859 2195 1909 2249 οἱ

266 2293 513 2368 κράκται·
560 2313 590 2346 ο
623 2291 678 2342 Ὀ
732 2285 878 2342 δεῖνα
915 2287 1003 2341 καὶ
1054 2287 1082 2339 6
1127 2283 1270 2342 δεῖνα
1329 2283 1580 2359 μεγάλων
1641 2283 1909 2360 βασιλέων

267 2383 350 2437 καὶ
383 2378 805 2453 αὐτοκρατόρων
839 2375 1023 2433 πολλᾶ
1051 2376 1118 2430 τὰ
1147 2371 1263 2445 ἔτη·
1294 2376 1366 2437 ὡς
1398 2375 1464 2430 τὰ
1505 2373 1651 2430 αἴσια
1709 2376 1914 2430 ἅπαντα

269 2471 343 2532 εὶς
393 2471 459 2524 τὰ
512 2469 721 2542 πὲρατα
781 2465 1154 2543 ἐκφωνεῖσθαι.
1218 2461 1649 2540 Εὐφημήσωμεν
1702 2462 1913 2518 Βένετοι

275 2559 411 2616 κατὰ
437 2556 637 2633 χρὲως·
673 2551 930 2624 εὐσεϐεῖς,
963 2551 1172 2609 πολλοὶ
1221 2551 1351 2627 ὐμῖν
1408 2547 1624 2630 χρό’νοι⁸
1675 2552 1913 2623 νικηταὶ,

280 2645 492 2702 πολλοὶ
545 2645 672 2716 ὺμῖν
723 2643 936 2720 χρόνοι*
995 2640 1202 2716 ἰκλογὴ
1263 2642 1360 2712 τῆς
1421 2637 1678 2716 Τριάδος,
1709 2637 1916 2694 πολλοὶ

291 2735 419 2806 ὑμῖν
449 2733 661 2808 χρόνοι·
696 2756 722 2782 ››
747 2730 1027 2807 Τριλέξιον
1057 2731 1124 2806 γ”
1161 2753 1188 2784 ‹‹
1221 2730 1378 2806 Ηαρὰ
1417 2733 1553 2785 Θεοῦ
1600 2726 1915 2806 φιλανθρών

294 2843 396 2877 που
433 2824 582 2896 ὑμεῖς
634 2821 942 2900 ἐστὲφθητε,
998 2821 1333 2897 Αὐγοῦσται,
1391 2817 1576 2892 νοητῷ
1636 2816 1694 2873 δὲ
1747 2816 1917 2889 ἐλαίῳ

296 2909 680 2989 ἐπευλογήθητε
728 2912 1012 2986 οὐρανόθεν
1071 2909 1148 2972 εἰς
1205 2909 1562 2985 χαρμοσύνην
1625 2911 1721 2963 τοῦ
1784 2911 1920 2962 Λαοῦ

293 3001 456 3073 ὑμῶν,
500 2997 906 3074 θεοπρόϐλητοι
949 2999 1279 3074 Αὐγοῦσται,
1322 3000 1410 3053 καὶ
1462 2999 1538 3062 εἰς
1577 2998 1920 3054 κατᾶπτωσιν

287 3093 490 3145 πάντων
514 3089 792 3145 ἐναατίων.
829 3115 857 3141 ››
890 3094 1087 3144 ’Ἃκτον
1115 3091 1180 3163 γ’.
1243 3087 1487 3162 Λέγουσιν
1549 3089 1601 3142 οἱ
1662 3087 1914 3164 κράκται·

1939 1802 1987 1870 Β

2090 1482 2157 1538 ΙΙ.
2201 1483 2630 1550 Acclamatiol;
2673 1483 2874 1541 dicunt
2905 1490 3175 1544 cantores
3212 1505 3224 1543 :
3272 1512 3300 1541 ‹‹
3334 1491 3530 1564 Longa
3559 1510 3662 1551 vo-

2019 1571 2109 1627 bis
2122 1576 2378 1646 tempora
2391 1573 2664 1650 majestas
2677 1575 2903 1644 divina;
2925 1596 2947 1624 ι
2964 1577 3217 1650 populus
3232 1583 3347 1637 ter:
3367 1581 3560 1655 Longa
3573 1599 3666 1638 vo-

2019 1660 2108 1717 bis
2123 1669 2446 1734 tempora,»
2464 1667 2520 1718 et
2540 1667 2745 1720 caetera
2759 1665 3220 1723 acclamationis.
3237 1669 3560 1727 Trilexium
3581 1674 3662 1729 Il:

2023 1771 2050 1799 ‹‹
2112 1751 2605 1822 Incomparabiles
2656 1752 2887 1822 milites,
2940 1755 3278 1813 defensores
3329 1776 3392 1814 ac
3441 1765 3663 1820 tutores

2020 1839 2296 1907 universi,
2336 1841 2589 1897 coronati
2621 1859 2656 1896 a
2690 1843 2822 1914 Deo,
2869 1844 3028 1898 164
3058 1847 3290 1903 exaltati
3340 1848 3399 1906 in
3448 1850 3661 1907 throno

2020 1929 2358 2001 majestatis,
2394 1930 2644 2002 subigito
2682 1936 2884 2002 gentes
2924 1933 3140 1992 divinis
3189 1938 3368 1994 armis
3409 1938 3662 2010 pietatis.

2020 2019 2131 2074 Sed
2186 2025 2356 2088 Deus,
2413 2019 2509 2092 qui
2570 2037 2667 2077 vos
2724 2022 3040 2094 coronavit,
3091 2029 3314 2081 creator
3371 2029 3664 2101 omnium,

2023 2107 2144 2163 dies
2175 2112 2394 2164 vestros
2443 2109 2628 2184 magis
2674 2111 2976 2185 magisque
3019 2119 3246 2184 augeat.
3283 2137 3311 2166 ››
3358 2115 3660 2174 Acclama-

2021 2198 2101 2253 tio
2123 2197 2209 2266 Il;
2242 2197 2448 2252 dicunt
2476 2202 2782 2254 cantores:
2818 2220 2845 2248 ‹‹
2880 2199 3031 2257 N.N.
3068 2203 3299 2276 magnis
3339 2203 3658 2276 imperato-

2023 2287 2183 2344 ribus
2206 2292 2262 2347 et
2281 2288 2558 2358 Augustis
2581 2288 2799 2346 multos
2821 2307 3022 2360 annos,
3053 2297 3113 2346 ut
3153 2293 3341 2350 felicia
3371 2296 3568 2350 omnia
3601 2295 3661 2351 in

2021 2375 2284 2432 terminis
2323 2375 2553 2448 imperii
2594 2379 2956 2436 nuntientur.
3000 2377 3412 2439 Acclamemus
3459 2381 3670 2440 Veneti

2023 2480 2089 2520 ex
2119 2464 2332 2522 debito.
2367 2463 2564 2537 Longa
2615 2465 2798 2536 vobis,
2833 2484 2866 2521 ο
2910 2467 3014 2540 pii,
3046 2473 3352 2542 tempora!
3395 2471 3675 2542 victores,

2023 2553 2198 2627 longa
2218 2555 2381 2610 vobis
2405 2554 2702 2626 tempora!
2728 2555 2896 2612 electi
2919 2574 2951 2612 a
2971 2556 3274 2632 Trinitate,
3296 2561 3472 2634 longa
3506 2562 3677 2618 vobis

2024 2643 2315 2716 tempora!
2349 2665 2372 2693 ι)
2393 2643 2708 2700 Trilexium
2735 2643 2813 2699 III
2829 2661 2844 2700 :
2863 2667 2892 2694 «
2913 2647 2960 2701 A
2977 2646 3436 2717 Deo,bominum
3456 2651 3668 2720 amico,

2026 2737 2308 2792 coronata;
2325 2731 2487 2801 estis,
2515 2737 2808 2804 Augustae,
2831 2739 2889 2791 et
2923 2735 3228 2808 sapientiae
3274 2737 3398 2795 oleo
3428 2740 3496 2794 ad
3533 2738 3671 2795 lasti-

2028 2822 2166 2878 tiam
2191 2822 2387 2898 populi
2409 2821 2580 2878 vestri
2601 2822 2830 2880 ccelitus
2853 2834 3168 2898 perunctae,
3192 2845 3225 2884 a
3248 2828 3362 2883 Deo
3389 2833 3669 2904 promotae

2029 2915 2322 2987 Augustas,
2349 2915 2407 2966 et
2428 2910 2486 2966 in
2511 2910 2749 2968 exitium
2781 2913 3045 2972 omnium
3071 2913 3467 2972 inimicorum.
3493 2938 3522 2968 »
3554 2920 3672 2976 Ac—

2030 3001 2296 3060 ciamatio
2319 2999 2430 3068 III;
2465 3004 2765 3056 cantores:
2803 3023 2831 3051 α
2865 3001 3060 3074 Longa
3087 3003 3253 3060 vobis
3285 3013 3565 3077 tempora,
3597 3005 3666 3062 N.

2033 3089 2388 3160 N.Augustae
2421 3089 2814 3148 Romanorum
2842 3107 2856 3158 ;
2886 3113 2914 3140 ››
2947 3090 3159 3150 clamat
3181 3101 3234 3150 et
3264 3093 3519 3166 populus
3551 3103 3669 3155 ter:

290 3205 313 3229 ‹‹
344 3179 550 3236 Ηολλοὶ
585 3179 712 3253 ὑμῖν
746 3177 962 3253 χρόνοι,
995 3179 1021 3232 6
1055 3175 1200 3232 δεῖνα
1228 3178 1316 3232 καὶ
1352 3179 1379 3231 6
1412 3175 1560 3232 δεῖνα
1612 3178 1914 3253 Αὐγοῦσται

2029 3202 2056 3231 ‹‹
2094 3180 2281 3250 Longa
2307 3179 2471 3234 vobis
2504 3182 2786 3248 tempora.
2811 3201 2839 3229 »
2863 3180 3146 3237 Cantores
3167 3199 3187 3238 :
3213 3204 3235 3231 α
3263 3184 3499 3253 Multos,
3525 3184 3671 3240 mul-

286 3274 384 3324 τῶν
406 3269 720 3344 Ῥωμαίωνο
755 3294 777 3321 1
814 3272 1046 3348 φθογγεῖ
1073 3268 1159 3322 καὶ
1197 3269 1224 3324 6
1257 3268 1388 3328 λαὸς
1437 3266 1495 3322 ἐκ
1523 3275 1586 3342 γ’·
1623 3292 1651 3320 ‹‹
1705 3266 1918 3324 Πολλοὶ

289 3359 408 3433 ὑμῖν
439 3359 653 3437 χρόνοι.
687 3383 716 3412 ››
750 3359 817 3417 Οἱ
846 3357 1091 3432 κράκται’
1127 3382 1154 3410 ‹‹
1189 3355 1402 3426 Πολλὰ,
1436 3355 1642 3426 πολλὰ,
1675 3356 1918 3417 πολλά.»

284 3450 312 3503 6
338 3449 484 3513 λαός·
523 3472 551 3502 ι
578 3445 770 3506 Ηολλὰ
801 3445 894 3518 ἔτη
930 3446 1005 3510 εἷς
1046 3444 1250 3504 πολλά·
1291 3470 1318 3498 ››
1368 3445 1458 3502 καὶ
1507 3445 1667 3500 αὐλεῖ
1713 3449 1772 3502 τὸ
1822 3442 1918 3522 ὄρ-

281 3559 458 3612 γανον.
519 3537 628 3595 Καὶ
683 3535 954 3611 λέγουσιν.
1005 3561 1034 3590 (‹
1103 3542 1398 3611 ’Ἃγιαχας.
1465 3534 1571 3592 Καὶ
1631 3537 1720 3590 ὅτε
1775 3535 1920 3607 πλη,

281 3627 445 3702 ρώσῃ,
502 3626 768 3702 λέγουσιν
819 3627 871 3681 οἱ
916 3624 1146 3702 κράκται
1195 3627 1380 3699 φωνην
1427 3623 1528 3700 ἤχ.
1578 3646 1636 3682 π.
1691 3622 1753 3678 δ’·
1789 3651 1816 3678 ιι
1848 3627 1917 3682 Τὸ

282 3715 451 3793 ἷχάδιν
482 3719 634 3793 ἅγια·
670 3739 698 3770 ››
741 3714 829 3770 καὶ
869 3717 896 3770 6
936 3714 1091 3777 λαός.
1139 3739 1168 3767 ‹‹
1208 3713 1541 3788 Ἀνδρίζεται
1592 3716 1627 3784 ἡ
1673 3714 1836 3776 πόλις
1883 3717 1916 3786 ἡ

279 3810 381 3861 τῶν
436 3806 758 3878 Ῥωμαίων,
817 3801 1080 3878 δεξαμένη
1141 3804 1200 3860 ἐκ
1255 3807 1352 3860 τοῦ
1411 3801 1553 3860 ἰδίου
1606 3805 1922 3877 θρέμματος

276 3896 370 3965 τὴν
416 3893 720 3969 σωτηρίαν·
762 3894 852 3949 καὶ
901 3890 1177 3964 δοξάζεται
1221 3893 1286 3948 τὸ
1335 3899 1612 3967 σκῆπτρον
1683 3899 1783 3962 τῆς
1833 3892 1920 3966 ἐξ-

278 3984 471 4040 ουσίας·
542 3983 810 4060 ἀπάνάγια
857 3984 924 4058 ³1,
967 3981 1052 4038 ὅτι
1101 3983 1430 4057 ἐπεσκέψατο
1483 3981 1631 4055 αὐτῷ
1680 3979 1917 4053 ἀνατολὴ

277 4070 324 4141 ἐξ
367 4073 542 4148 ’ὑψους
608 4069 698 4126 διὰ
767 4075 884 4140 σοῦ,
939 4073 966 4126 6
1016 4069 1162 4128 δεῖνα
1207 4070 1353 4142 ἄναξ,
1397 4075 1494 4126 τοῦ
1543 4072 1918 4149 ἀγαπήσαντος

2031 3267 2378 3336 tos,multos
2403 3284 2417 3334 ;
2442 3289 2471 3316 »
2496 3267 2780 3339 populus:
2801 3289 2830 3318 «
2853 3268 3068 3326 Multos
3089 3288 3276 3328 annos
3297 3273 3356 3328 in
3372 3273 3620 3344 multos;
3639 3295 3668 3325 »

2030 3363 2088 3414 et
2117 3361 2362 3413 sonante
2390 3371 2608 3432 organo
2646 3356 2889 3412 dicunt:
2944 3379 2972 3409 ι(
3004 3358 3230 3415 Sancte.
3262 3379 3289 3412 ι
3325 3361 3450 3427 Quo
3481 3363 3670 3434 ﬁnito,

2032 3451 2294 3504 cantores
2344 3453 2476 3502 tono
2525 3442 2760 3522 obliquo
2801 3445 2869 3501 IV
2903 3461 2916 3502 :
2951 3469 2979 3496 ‹‹
3030 3447 3284 3514 Sancta;
3317 3471 3346 3500 »
3381 3455 3437 3506 et
3485 3468 3669 3528 ροριι-

2031 3535 2170 3591 lus:
2216 3556 2244 3587 »
2285 3531 2679 3592 Conﬁrmatur
2725 3535 2866 3592 urbs
2916 3535 3309 3592 Romanorum
3355 3555 3388 3599 ιι
3433 3539 3670 3611 proprio

2031 3625 2267 3680 alumno
2297 3621 2546 3678 salutem
2578 3623 2766 3688 nacte,
2798 3626 2856 3681 et
2892 3622 3182 3684 exaltatur
3221 3634 3518 3698 sceptrum
3568 3643 3674 3698 po.

2030 3712 2222 3769 tentias
2256 3727 2326 3766 :o
2358 3709 2766 3766 sanctissima!
2819 3712 2971 3783 quod
3003 3712 3192 3784 ipsam
3231 3714 3424 3770 oriens
3454 3731 3522 3772 ex
3551 3714 3667 3774 alto

2030 3800 2224 3858 invisit
2254 3815 2353 3872 per
2383 3806 2456 3868 te,
2490 3798 2557 3858 N.
2582 3800 2921 3874 imperator,
2943 3801 3042 3872 qui
3074 3801 3340 3860 amovisti
3371 3803 3666 3876 justitiam

2031 3897 2087 3949 et
2109 3896 2322 3950 unctus
2342 3906 2402 3948 es
2421 3888 2546 3953 oleo
2575 3894 2778 3948 sancto
2813 3907 2847 3950 a
2871 3890 3111 3953 Domino
3136 3892 3150 3948 ί
3174 3893 3390 3952 civitati
3424 3911 3535 3967 pax
3565 3911 3668 3966 per

2030 3998 2188 4050 eum,
2239 3981 2341 4052 qui
2385 3979 2639 4050 captivos
2686 3980 2759 4034 ab
2807 3978 3064 4037 inimicis
3111 3981 3401 4050 liberavit,
3451 3984 3666 4041 donata

2029 4075 2135 4128 est.
2165 4092 2194 4122 »

278 4157 621 4234 δικαιοσύνην
652 4163 740 4218 καί
769 4162 1084 4238 χωσθέντος
1112 4161 1167 4218 ἐν
1198 4160 1369 4236 ἒλαίῳ
1415 4161 1558 4240 ἁγίῳ
1606 4161 1750 4218 πατὰ
1779 4161 2007 4238 Κυρίου,
2047 4153 2347 4236 ἓϐραόεὐθη
2401 4155 2590 4232 εἰρήνη
2644 4161 2712 4232 τῇ
2758 4157 3011 4234 πολιτείᾳ
3038 4163 3116 4234 τῷ
3147 4159 3435 4236 ῥυσαμένῳ
3464 4164 3511 4198 ³³
3558 4164 3682 4238 (48)

278 4249 324 4321 ἐξ
352 4251 571 4329 ἆχθρῶν
601 4253 728 4315 τοὺς
757 4249 1179 4328 αἰχμαλώτους.
1205 4276 1236 4306 ››

342 4342 411 4398 I“.
461 4339 829 4400 Ἀπελατικὸν
887 4339 992 4398 διπὸ
1037 4348 1226 4418 φωνῆσ
1269 4343 1370 4417 ἤχ.
1403 4363 1461 4400 π.
1496 4338 1570 4396 6'"
1604 4366 1633 4395 κ
1668 4342 1854 4419 Χαίρει
1887 4344 1915 4397 6

276 4426 468 4506 κόσμος
504 4433 653 4506 ὁρῶν
696 4452 754 4489 σε
801 4429 1177 4510 αὐτοκράτορα
1209 4429 1497 4501 δεσπότην,
1529 4431 1619 4486 καὶ
1666 4432 1700 4500 ἡ
1751 4431 1915 4494 πόλις

277 4535 365 4576 σου
413 4520 696 4598 τέρπεται,
730 4520 1015 4586 θεόστεπτε
1071 4521 1100 4576 6
1157 4517 1322 4576 δεῖνα·
1357 4517 1649 4595 ὡραΐζεται
1699 4522 1734 4591 ἡ
1765 4519 1914 4590 τάξις

278 4605 330 4660 ἡ
367 4608 649 4681 βλέπουσα
681 4608 1006 4685 ταξιάρχην,
1055 4609 1146 4665 καὶ
1195 4609 1481 4686 εὐτυχοῧςι
1527 4611 1595 4668 τὰ
1641 4613 1912 4684 σκῆπτρα,

279 4698 621 4776 σκηπτοῠχόν
679 4721 737 4754 σε
793 4701 1123 4774 κεκτημένα.
1193 4701 1578 4775 Κάτακοσμεῖς
1655 4702 1762 4777 γὰρ
1817 4703 1909 4756 τὸν

279 4786 454 4858 θρόνον
501 4788 607 4858 τῆς
665 4789 924 4865 πασρῷας
973 4786 1257 4864 βασιλείας
1315 4791 1406 4843 σὺν
1469 4792 1536 4864 τῇ
1598 4787 1910 4866 Αδγοῦπῇο

277 4875 608 4949 προπίμπων
665 4877 1026 4952 μαρμαρυγὰς
1085 4875 1352 4951 εὐταξίας,
1387 4875 1505 4946 ὅθεν
1568 4875 1913 4952 εὐημεροῦσα

278 4954 362 5014 διὰ
405 4969 501 5020 σοῦ
559 4965 596 5037 ἠ
653 4963 906 5025 πολιτεία
975 4968 1076 5035 τῆς
1147 4964 1574 5041 αὐτοκρατορίας
1659 4966 1906 5041 ἑορτάζει

275 5048 368 5120 τὴν
397 5051 630 5129 ἡμέραν.
663 5074 692 5109 ι
717 5054 824 5112 Καὶ
854 5055 960 5110 ἀπὸ
990 5055 1188 5112 τούτου
1242 5054 1492 5131 λέγουσιν
1551 5055 1604 5110 oi.
1663 5055 1908 5131 κράκταιο

2103 4342 2194 4398 III.
2237 4338 2602 4411 Apelalioum
2650 4339 2778 4394 toni
2817 4339 2935 4396 obl.
2979 4340 3097 4397 IV:
3159 4364 3190 4396 ι(
3244 4343 3468 4400 Gaudet
3495 4343 3680 4416 orbis,

2028 4433 2264 4488 intuens
2280 4434 2336 4486 te
2357 4429 2764 4500 imperatorem
2787 4428 3212 4504 dominumque
3236 4452 3251 4502 ;
3277 4433 3503 4490 [alatur
3527 4436 3673 4492 urbe

2027 4525 2153 4588 tua,
2186 4537 2218 4575 a
2265 4519 2376 4574 Deo
2417 4524 2688 4573 coronato
2733 4516 2827 4588 N.;
2859 4523 3112 4575 exsultat
3153 4521 3315 4589 ordo,
3346 4525 3402 4578 te
3444 4523 3670 4579 ordinis

2023 4607 2416 4667 institutorem
2437 4605 2667 4672 videns;
2693 4605 2883 4662 felicia
2903 4616 3128 4680 sceptra
3147 4618 3281 4668 sunt
3305 4631 3318 4680 ;
3345 4615 3402 4667 te
3427 4613 3672 4684 sceptri.

2025 4713 2229 4770 gerum
2264 4704 2448 4753 nacta.
2471 4694 2658 4754 Ornas
2687 4693 2847 4756 enim
2882 4695 3163 4758 thronum
3195 4704 3450 4771 paternae
3485 4702 3670 4774 ωηο.

2025 4787 2192 4847 statis
2215 4800 2350 4840 cum
2383 4786 2668 4855 Augusta,
2697 4783 2971 4842 amittens
3000 4787 3374 4858 splendorem
3407 4791 3548 4846 boni
3577 4807 3674 4847 oro

2036 4875 2214 4944 diuis,
2249 4887 2424 4946 quare
2464 4887 2564 4949 per
2599 4875 2656 4928 te
2684 4871 3010 4931 exhilarata
3044 4892 3134 4933 res
3177 4878 3412 4952 publica
3441 4878 3675 4954 imperii

2023 4967 2107 5027 tui
2139 4967 2294 5028 diem
2324 4964 2596 5027 celebrat.
2631 4990 2655 5021 ι
2693 4966 2899 5026 Postea
2926 4973 3195 5030 cantores
3226 4971 3429 5035 dicunt
3455 4987 3468 5027 :
3494 4993 3523 5024 α
3557 4975 3672 5030 Do--

2023 5058 2203 5125 mine,
2236 5071 2404 5115 serva
2429 5055 2700 5120 dominos
2729 5057 3155 5129 Romanorum;
3186 5081 3218 5113 κ
3249 5059 3504 5132 populus
3528 5065 3620 5118 ter
3649 5075 3668 5118 ι

1606 5189 1848 5248 VARI/E
1887 5191 2300 5250 LECTIONES.

344 5276 387 5312 ¹⁹
403 5273 636 5351 τριλὲξιν
665 5281 790 5339 00d.
868 5281 914 5317 ³⁸
944 5280 1277 5364 στεφηφόροι
1309 5278 1369 5336 ἐκ
1397 5284 1556 5352 Θεοῦ,
1582 5281 1673 5356 ὂψ.
1706 5283 1799 5340 ed.

1903 5281 1950 5320 u
1980 5281 2243 5359 ἀναναγία
2272 5283 2402 5342 cod.
2434 5297 2538 5361 pro
2565 5281 2728 5338 ἅπαν.

2833 5282 2882 5319 ³⁸
2909 5279 3000 5337 διὰ
3025 5285 3124 5337 τοῦ
3154 5279 3460 5359 ῥυσαμένου
3504 5285 3598 5342 ed.

1300 5407 1510 5466 JOAN.
1555 5407 1698 5465 JAC.
1742 5407 2004 5464 BEISKII
2054 5405 2648 5468 COMMENTARIUS.

343 5499 453 5580 (46)-
493 5503 758 5580 Seu,__ut
805 5504 898 5580 Μ..
952 5504 1360 5580 τριλέξιν-ριιίο
1399 5521 1524 5580 esse
1556 5507 1641 5580 sic
1669 5507 1913 5576 dictum,

2023 5505 2229 5582 τηγούς
2259 5503 2684 5582 ειρρειιιιιιιξοιιιζ
2706 5505 2775 5559 At
2804 5503 2938 5575 quis
2967 5505 3028 5562 in
3057 5506 3268 5566 seculo
3298 5500 3434 5560 rudi
3461 5507 3520 5558 et
3547 5505 3676 5561 inti.

279 5571 406 5653 quia
441 5578 561 5632 tota
611 5571 1301 5653 allocutiqtribus‘kﬁéet
1324 5584 1416 5653 sat
1451 5579 1642 5653 longis
1671 5571 1908 5636 conata;
2019 5571 2686 5653 cetoidecuarequirat?

279 5640 962 5723 batlunoquoqueje‘gst
995 5649 1140 5723 actis
1171 5640 1538 5721 interpolata.

323 5684 594 5786 ἶίίθῑὲέιῖίέ
606 5684 1732 5794 ’ἑὶἵῖιιὶἓὲἷτὲἴὲὁὶὲἲέἵόῗέξὲἒῖᾉηιίηε
1749 5738 1912 5794 στρα-

2027 5650 2205 5776 “#8)
2234 5642 2572 5712 SubintJv,
2604 5646 2668 5702 in
2708 5646 2971 5716 satvante,
3005 5646 3114 5706 hoc
3164 5656 3249 5705 est
3286 5658 3392 5720 per
3438 5643 3676 5703 salven,
