4160 6304
393 379 510 440 561

1265 377 1366 438 DE
1410 377 1875 441 CERIMONIIS
1916 378 2146 442 AULIE
2186 380 2665 443 BYZANTIN/E
2707 383 2857 444 LIB.
2905 383 2956 444 Ῐ.

3683 387 3804 449 562

387 506 728 591 φωνοὸόλῳ,
755 509 1003 572 κᾶκεῖνος
1043 521 1338 573 συντιθεται
1528 509 1620 566 διὰ
1681 519 1780 580 τῆς
1847 513 2036 587 χειρὸς

2155 515 2386 586 annuit,
2420 518 2487 570 ut
2519 532 2694 587 supra
2715 517 2934 572 dictum
2964 521 3073 574 est.
3098 518 3353 575 Peractis
3375 520 3671 586 omnibus,
3693 523 3802 576 im-

384 600 448 657 ἐκ
480 602 533 676 γ“
592 601 712 655 καθ’
761 597 1012 672 ἑκάστην,
1071 599 1145 660 ὡς
1198 599 1453 675 ἀνωτέρω
1495 597 1733 674 εἴρηται,
1776 601 1879 657 Καὶ
1917 600 2044 654 πάν-

379 712 501 746 των
553 688 941 756 τελεσθέντων,
976 688 1253 768 διέρχεται
1327 691 1355 744 6
1417 689 1696 766 βασιλεὺς,
1748 689 2038 766 δηριγευό-

382 801 558 855 μενος
599 782 703 837 ὑπὸ
750 785 859 836 τῶν
909 779 1193 854 ἀρχόντων
1237 784 1335 835 τοῦ
1382 776 1804 848 κουϐουκλείου,
1849 801 2040 854 πατρι-

375 871 524 926 κίων
586 891 646 926 τε
689 870 780 924 καὶ
821 873 1158 944 στρατηγῶν,
1217 866 1304 923 διὰ
1351 873 1450 924 τοῦ
1493 871 1876 927 Ἰουστινιανοῦ
1921 890 2042 944 τρι-

373 960 612 1027 κλίνου,
644 960 679 1028 ἡ
709 956 764 1013 δὲ
796 957 1105 1034 σύγκλητος
1156 958 1269 1030 ἅμα
1324 955 1902 1032 σπαθαροκανδιδάτων
1951 958 2037 1013 κά(

375 1047 712 1124 σπαθαρίων
769 1045 1022 1101 ἵστανται
1079 1039 1226 1110 ἔνθεν
1284 1048 1521 1115 κάκεῖσε,
1555 1048 1812 1108 ὡσαύτως
1855 1048 1944 1102 καὶ
1978 1049 2040 1102 τὸ

373 1137 542 1212 ἅρμα
571 1141 689 1212 (66)
712 1135 932 1191 ’ἰσταται
960 1136 1010 1207 ἐξ
1054 1135 1338 1211 ἀριστερᾶς
1386 1143 1485 1206 τῆς
1526 1136 1818 1212 ἐξαγούσης
1854 1135 2038 1208 πύλης

370 1226 492 1282 ἀπὸ
526 1230 634 1281 τοῦ
683 1227 1069 1282 ’Ῐουστινιανοῦ
1119 1223 1171 1279 έν
1229 1229 1310 1297 τῷ
1353 1223 1656 1297 λαυσιακῷ,
1699 1225 1750 1280 έν
1790 1225 1944 1300 ᾕκαί
1974 1227 2036 1280 τὸ

371 1314 634 1388 σκάμνον
665 1311 884 1368 ἵσταται
933 1317 1028 1368 τοῦ
1076 1311 1494 1387 κουροπαλάτου
1545 1316 1678 1387 (67).
1735 1315 2036 1390 Διερχόμεο

370 1425 472 1466 νος
517 1401 579 1459 δὲ
625 1404 654 1458 ὁ
707 1401 982 1477 βασιλεὺς,
1027 1403 1101 1464 ὡς
1148 1402 1495 1476 προείρηται,
1548 1405 1710 1476 μέσον
1756 1410 1854 1473 τῆς
1903 1424 2036 1478 συγ-

370 1494 625 1564 κλήτου,
658 1492 809 1546 οὗτοι
851 1491 1078 1552 ἅπαντες
1112 1490 1526 1566 ὑπερεύχονται·
1571 1514 1599 1543 ‹‹
1645 1491 1743 1553 Εἷς
1789 1489 2038 1555 πολλοὺς

375 1582 473 1637 καὶ
506 1578 749 1656 ἀγαθοὺς
773 1578 1028 1654 χρόνους,
1065 1601 1094 1630 ››
1125 1577 1212 1632 καὶ
1249 1575 1674 1654 δηριγευόμενος
1714 1579 1742 1633 ὁ
1777 1576 2031 1654 βασιλεὺς

380 1671 492 1726 ὑπὸ
559 1670 672 1724 τῶν
715 1665 996 1743 ἀρχόντων
1043 1671 1142 1721 τοῦ
1191 1660 1606 1736 κουόουκλείου,
1639 1663 1916 1744 διέρχεται
1948 1663 2036 1720 διᾶ

379 1764 481 1815 τοῦ
510 1757 868 1834 τριπέτωνος,
899 1755 989 1811 καὶ
1034 1755 1337 1830 εἰσέρχεται
1367 1754 1419 1809 ἐν
1449 1759 1529 1827 τῷ
1572 1755 2032 1830 χρυσοτρικλίνῳ,

381 1850 474 1905 καὶ
547 1843 808 1902 εἰσελθὼν
856 1841 1010 1900 ἔνδον
1063 1847 1159 1898 τοῦ
1219 1843 1398 1918 βήλου
1431 1842 1484 1896 έν
1529 1847 1598 1917 τῇ
1649 1844 1872 1918 καμάρᾳ
1928 1848 2030 1898 τοῦ

383 1937 538 2011 ἁγίου
571 1933 883 2010 Θεοδώρου,
916 1927 1188 2006 λαμϐάνει
1221 1933 1249 1986 6
1292 1932 1649 2008 πραιπόσιτος
1700 1933 1762 1986 τὸ
1813 1931 2029 2005 στέμμα
2064 1966 2110 2031 Β

381 2025 489 2081 ἆπό
527 2031 632 2094 τῆς
656 2022 899 2098 κεφαλῆς
926 2025 1023 2076 τοῦ
1067 2018 1359 2094 βασιλέως,
1411 2021 1498 2075 καὶ
1559 2020 1658 2084 εἶθ’
1708 2019 1880 2082 οὕτως
1921 2021 2031 2075 εἶσ-

381 2116 637 2171 ελθόντες
671 2114 727 2166 οἱ
780 2111 1101 2186 βεστήτορες
1147 2109 1253 2164 ἀπὸ
1308 2107 1629 2178 κελεύσεως,
1682 2103 2026 2181 λαμϐάνουσι

378 2206 481 2274 τήν
512 2197 759 2279 χλανίδα
809 2203 904 2255 τοῦ
956 2196 1224 2274 βασιλέως
1277 2197 1324 2233 εδ
1369 2198 1459 2252 καὶ
1507 2197 1838 2276 ἐξέρχονται.
1871 2199 1932 2256 Ὀ
1965 2197 2020 2254 δὲ

381 2291 645 2369 βασιλεὺς
697 2289 998 2358 καθέζεται,
1049 2288 1246 2365 μέχρις
1298 2285 1358 2341 ἂν
1401 2289 1435 2357 ἡ
1487 2288 1796 2357 παρασκευή
1849 2287 2029 2343 ἅπασα

374 2387 474 2439 τοῦ
503 2379 731 2453 δεξίμου
781 2377 1168 2452 ὁμοιοτρόπως
1214 2382 1315 2446 τῆς
1346 2373 1552 2454 φιάλης
1599 2379 1706 2429 τῶν
1745 2375 2024 2450 Πρασίνων

382 2469 624 2545 μετέλθῃ
675 2467 729 2523 έν
778 2469 847 2540 τῇ
889 2464 1062 2540 φιάλῃ
1121 2469 1229 2520 τῶν
1288 2464 1518 2522 Βενέτων
1578 2463 1821 2519 τουτέστι
1867 2465 1932 2518 τά
1969 2486 2028 2520 τε

384 2560 556 2627 σκεύη
584 2558 675 2612 καὶ
719 2557 780 2611 τὸ
831 2554 1162 2626 πολίτευμα,
1221 2552 1269 2608 εἰ
1325 2553 1589 2628 τύχωσιν,
1640 2552 1715 2615 ὡς
1762 2554 2026 2628 προείρηο

389 2668 483 2702 ται
519 2647 653 2718 (68),
680 2648 766 2698 καί
793 2637 1050 2717 πρέσϐεις
1087 2641 1278 2714 ἐθνῶν,
1307 2642 1396 2696 καὶ
1431 2641 1532 2705 εἶθ’
1573 2639 1746 2703 οὕτως
1781 2643 1916 2714 μετά
1962 2643 2025 2698 τὸ

2153 610 2383 676 perator
2434 623 2469 661 a
2514 607 2800 678 praefectis
2840 607 3131 678 cubiculo,
3181 610 3440 680 patriciis
3468 616 3525 666 et
3553 611 3797 667 ducibus

2150 694 2424 765 stipatus,
2458 712 2556 767 per
2583 697 3020 752 Justinianeum
3044 698 3369 755 triclinium
3402 700 3673 768 discedit,
3706 717 3795 756 se—

2151 792 2322 839 natus
2343 788 2537 839 autem
2560 802 2692 840 cum
2715 785 3341 858 spatharocandidatis,
3361 789 3795 861 spathariisque

2148 871 2286 928 hinc
2323 877 2379 929 et
2416 872 2578 928 illinc
2625 880 2832 944 astant,
2878 876 3095 932 milites
3127 893 3361 948 quoque
3388 879 3458 933 ad
3493 878 3792 934 sinistram

2147 966 2325 1033 portae
2352 978 2383 1018 e
2411 963 2730 1019 Justiniani
2760 965 3027 1022 triclinio
3063 967 3125 1022 in
3156 966 3484 1024 lausiacum
3524 969 3793 1025 ducentis

2147 1052 2322 1118 stant,
2347 1051 2447 1106 ubi
2467 1067 2773 1109 scamnum
2795 1054 3148 1125 curopalatae
3171 1061 3279 1111 est.
3301 1057 3665 1127 Imperatori,
3689 1073 3790 1127 per

2147 1138 2402 1193 medium
2435 1147 2727 1206 senatum,
2762 1146 2827 1195 ut
2873 1142 3152 1209 diximus,
3185 1144 3552 1216 digredienti,
3585 1161 3790 1202 omnes

2144 1225 2316 1297 longa
2346 1244 2412 1282 ac
2434 1227 2620 1282 felicia
2651 1234 2913 1300 tempora
2961 1237 3370 1302 apprecantur,
3409 1249 3525 1303 quo
3555 1233 3727 1302 facto,
3755 1250 3788 1288 a

2144 1315 2414 1372 cubiculo
2443 1316 2733 1387 praafectis
2766 1317 3044 1388 stipatus,
3077 1334 3178 1388 per
3204 1319 3546 1388 tripetonem
3579 1322 3650 1376 ad
3682 1338 3786 1376 au-

2143 1419 2308 1460 reum
2374 1404 2695 1460 triclinium
2753 1404 2981 1472 transit,
3068 1405 3375 1477 velumque
3439 1408 3498 1462 in
3558 1423 3785 1464 camera

2143 1493 2198 1547 S.
2233 1492 2521 1548 Theodori
2553 1493 2898 1564 ingreditur,
2959 1493 3060 1549 ubi
3117 1495 3459 1566 praepositus
3506 1512 3782 1552 coronam

2141 1582 2215 1637 ab
2247 1581 2372 1652 ejus
2402 1581 2591 1652 capite
2633 1580 2808 1648 tollit,
2854 1583 3158 1638 vestitores
3188 1600 3418 1655 quoque
3449 1601 3481 1638 a
3513 1586 3783 1641 mandato

2140 1671 2390 1742 ingressi
2414 1672 2670 1726 tunicam
2695 1672 2819 1741 ejus
2839 1678 3103 1738 sumunt,
3123 1677 3178 1729 et
3200 1674 3439 1730 abeunt.
3460 1677 3785 1746 Imperator

2140 1761 2322 1827 sedet,
2374 1760 2701 1830 usquedum
2742 1759 2936 1815 omnis
2973 1765 3284 1832 apparatus
3333 1762 3544 1818 deximi
3577 1764 3780 1818 eodem

2142 1849 2335 1914 modo,
2367 1865 2480 1918 quo
2512 1848 2571 1903 in
2605 1847 2860 1920 phialam
2884 1849 3278 1919 Prasinorum,
3300 1850 3359 1905 in
3389 1850 3644 1921 phialam
3679 1853 3778 1908 Ve-

2141 1943 2400 1992 netorum
2451 1936 2776 1992 translatus
2823 1944 2929 2005 est,
2975 1953 3114 1992 vasa
3163 1953 3394 2009 nempe,
3443 1943 3679 1994 senatus
3722 1943 3779 1994 et

2138 2023 2312 2096 legati
2370 2026 2637 2097 gentium
2697 2029 3048 2090 exterarum,
3101 2026 3146 2080 si
3206 2027 3328 2097 qui,
3384 2030 3448 2081 ut
3499 2026 3774 2093 diximus,

2141 2113 2354 2168 adsint.
2392 2113 2485 2168 Sic
2516 2112 2812 2182 omnibus,
2837 2129 3086 2184 quorum
3113 2113 3438 2170 ministerio
3464 2115 3524 2170 in
3547 2114 3775 2170 deximo

2138 2201 2345 2272 phialaa
2375 2201 2727 2258 Venetorum
2766 2218 2913 2272 Opus
2951 2205 3054 2270 est,
3085 2203 3389 2270 ordinatis,
3423 2203 3773 2259 cerimonia-

2137 2289 2259 2345 rius
2287 2289 2485 2355 intrat,
2519 2294 2833 2361 parataque
2862 2289 3060 2346 omnia
3087 2304 3236 2355 esse,
3268 2291 3592 2362 praeposito,
3625 2307 3774 2363 pras-

2135 2379 2362 2449 positus
2393 2377 2752 2450 imperatori,
2773 2383 2892 2434 uta
2913 2379 3318 2434 cerimoniario
3347 2380 3586 2451 accepit,
3619 2396 3775 2436 nun-

2135 2470 2325 2534 tiat,et
2347 2473 2650 2540 postquam
2677 2467 2812 2522 huic
2838 2468 3180 2538 praepositus
3197 2486 3229 2522 a
3248 2469 3519 2524 mandato
3540 2468 3774 2540 signum

2135 2557 2314 2624 dedit,
2342 2556 2663 2612 solemnem
2687 2554 3051 2626 imperatoris
3072 2555 3131 2610 in
3156 2555 3412 2610 lausiaco
3438 2571 3778 2613 consessum

2136 2644 2386 2702 ordinat.

395 2735 598 2796 πάντας
640 2734 1046 2810 εὐτρεπισθῆναι
1099 2733 1226 2795 τοὺς
1288 2729 1591 2806 μέλλοντας
1646 2736 2040 2808 καθυπουργεῖν
2091 2730 2144 2787 ἐν
2201 2737 2279 2802 τῷ
2345 2729 2548 2806 δεξίμῳ
2605 2732 2808 2811 φιάλης
2852 2737 2963 2787 τῶν
3015 2731 3593 2806 βενέτων,εἷ’σέρχεται
3629 2734 3781 2802 ὁτῆς

396 2826 784 2894 καταστάσεως,
809 2822 900 2878 καὶ
931 2819 1100 2892 δηλοῖ
1144 2826 1224 2892 τῷ
1279 2819 1648 2896 πραιποσίτῳ,
1698 2819 1774 2880 ὡς
1803 2815 2001 2892 ἕτοιμά
2029 2818 2140 2875 ἐστι
2197 2819 2390 2888 πάντα,
2421 2822 2510 2875 καὶ
2542 2824 2570 2875 6
2626 2821 2985 2893 πραιπόσιτος
3017 2817 3280 2891 δηλοῖτῷ
3315 2817 3546 2892 βασιλεῖ,
3579 2821 3614 2874 ἅ
3639 2823 3785 2896 παρὰ

388 2917 486 2970 τοῦ
517 2920 617 2983 τῆς
636 2913 1014 2974 καταστάσεως
1045 2907 1336 2988 ἐδιδάχθη,
1366 2908 1456 2964 καὶ
1501 2904 1687 2963 λαϐὼν
1735 2911 1906 2980 νεῦμα
1935 2908 1963 2960 6
2008 2914 2108 2978 τῆς
2153 2909 2529 2971 καταστάσεως
2587 2909 2730 2982 παρὰ
2777 2911 2875 2962 τοῦ
2904 2907 3265 2983 πραιποσίτου
3305 2908 3410 2962 ἀπὸ
3465 2908 3782 2979 κελεύσεως,

386 2999 584 3056 δίδωσι
618 3000 1018 3074 μεταστάσιμον
1048 2998 1103 3053 ἐν
1131 3002 1212 3071 τῷ
1243 3001 1548 3070 Λαυσιακῷ.

455 3091 520 3161 ζ’.
554 3090 658 3148 Καὶ
717 3088 1030 3164 διέρχονται
1083 3087 1138 3142 οἳ
1191 3107 1248 3142 τε
1294 3086 1572 3162 πατρίκιοι
1615 3087 1703 3140 καὶ
1734 3083 2034 3162 στρατηγοὶ

387 3179 525 3252 μετᾶ
581 3183 691 3234 τῶν
744 3179 1120 3253 συγκλητικῶν
1170 3176 1261 3230 καὶ
1314 3175 1586 3230 ὑπατικῶν
1640 3181 1738 3244 τῆς
1824 3175 2026 3248 θερμά-

2214 3087 2366 3143 189
2399 3087 2491 3143 VI.
2523 3086 2756 3144 Patricii
2801 3090 2859 3142 et
2899 3086 3141 3158 strategi
3167 3103 3300 3143 cum
3333 3087 3698 3142 senatoribus
3727 3091 3784 3143 et
3854 3162 3860 3168 ἰ

2145 3176 2559 3231 consularibus
2618 3191 2721 3246 per
2770 3174 3063 3230 caminum
3113 3174 3379 3247 digressi,
3429 3190 3533 3246 per
3561 3175 3779 3232 scalam

383 3247 553 3345 στρας
586 3271 722 3343 (69),
753 3247 842 3324 καῖ
892 3247 1199 3328 ἀνελθόντες
1248 3266 1316 3319 τά
1354 3261 1652 3340 γραδήλια,
1693 3247 2030 3338 εἰσέρχονται

2140 3263 2480 3332 ascendunt,
2529 3279 2596 3319 ac
2647 3270 2870 3334 portam
2921 3262 3229 3332 canaculi,
3278 3263 3414 3318 inde
3455 3278 3558 3334 per
3586 3279 3780 3320 came-

386 3355 478 3412 διὰ
516 3365 618 3429 τῆς
650 3355 1010 3431 διαιταρικίου
1041 3355 1245 3424 πύλης,
1293 3351 1542 3414 ἐλθόντες
1575 3349 1632 3406 δέ
1663 3349 1752 3406 διὰ
1796 3359 1896 3420 τῆς
1939 3372 2034 3405 κα-

386 3448 564 3524 μάρας
617 3443 917 3521 ἔμπροσθεν
971 3448 1070 3499 τοῦ
1109 3443 1366 3514 πανθέου,
1410 3440 1718 3516 ἐξέρχονται
1776 3437 1866 3494 διὰ
1928 3442 2027 3494 τοῦ

387 3536 694 3612 μονοθύρου
721 3535 772 3591 ἐν
796 3539 876 3608 τῷ
904 3532 1144 3606 ἡλιακῷ,
1175 3531 1266 3586 καὶ
1299 3531 1496 3592 πάντες
1546 3530 1597 3583 οἱ
1636 3529 2032 3604 προειρημένοι

382 3627 438 3683 έν
467 3632 550 3700 τῷ
577 3625 798 3698 ἡλιακῷ
851 3623 1094 3679 ἵστανται
1151 3618 1295 3685 ἔνθεν
1361 3620 1578 3675 κάκεῖσε
1635 3619 1739 3674 ἀπὸ
1787 3624 1886 3687 τῆς
1955 3617 2032 3687 ἐξ·

381 3719 626 3792 αγούσης
660 3714 840 3786 πύλης
883 3717 980 3768 τοῦ
1023 3707 1501 3787 χρυσοτρικλίνου,
1532 3708 1583 3762 ἐν
1638 3711 1720 3779 τῷ
1765 3725 2030 3781 προειρη-

385 3809 535 3880 μένῳ
584 3804 803 3876 ἡλιακῷ
847 3804 1011 3878 μέχρι
1061 3805 1158 3856 τοῦ
1203 3797 1595 3872 καμελαυκίου,
1635 3795 1688 3852 ἐν
1841 3795 1931 3849 καὶ
1965 3797 2028 3849 τὸ

379 3879 595 3966 σέντζον
622 3891 860 3951 ἵσταται.
909 3892 972 3948 Ὁ
1003 3887 1060 3944 δὶ
1102 3887 1356 3965 βασιλεὺς
1414 3886 1672 3950 εἰσελθὼν
1722 3879 2024 3958 ἔμπροσθεν

379 3989 478 4040 τοῦ
515 3982 810 4058 εἲρημένου
846 3978 1050 4055 βήλου,
1080 3971 1470 4052 περιϐάλλεται
1500 3977 1598 4044 τὴν
1650 3969 1891 4052 χλανίδα
1937 3972 2028 4026 αὑ-

380 4077 476 4128 τοῦ
509 4057 599 4127 δια
627 4074 738 4126 τῶν
800 4067 1170 4144 βεστητόρων,
1219 4067 1309 4121 καὶ
1366 4069 1473 4118 τῶν
1509 4057 1858 4139 βεστητὸρων
1884 4058 2026 4129 ἐξελ-

381 4161 609 4229 θόντων,
642 4158 820 4236 στέφει
858 4157 885 4211 6
917 4155 1278 4231 πραιπόσιτος
1307 4153 1398 4208 τὸν
1435 4149 1680 4228 βασιλέα,
1730 4148 1820 4204 καὶ
1869 4144 2025 4236 δηρι-

381 4251 673 4327 γευόμενος
701 4248 729 4302 6
748 4232 1019 4322 ’βασιλεὺς
1046 4244 1148 4300 ὑπὸ
1179 4246 1285 4296 τῶν
1319 4242 1614 4316 ἀχχόντων
1643 4243 1741 4293 τοῦ
1791 4232 2025 4292 κουόου-

381 4325 592 4409 κλείου,
653 4336 946 4413 ἀπέρχεται
1006 4335 1172 4409 μέχρι
1216 4339 1318 4402 τῆς
1375 4331 1624 4406 καμάρας
1695 4330 1792 4394 τῆς
1859 4325 2026 4396 οὔσης

383 4431 516 4504 πρὸς
564 4425 834 4488 ἀνατολὰς
884 4428 980 4479 τοῦ
1041 4419 1526 4499 χρυσοτρικλίνου,
1574 4415 1822 4472 ἑστώτων
1876 4413 2021 4470 ἔνθεν

381 4503 596 4574 κάκεῖσε
653 4515 938 4592 ἀρχόντων
989 4515 1084 4567 τοῦ
1126 4505 1542 4566 κουϐουκλείου·
1602 4508 1655 4561 αἱ
1715 4503 1772 4560 δὶ
1830 4503 2021 4560 λοιπαὶ

2141 3369 2263 3407 ram
2295 3368 2488 3408 coram
2512 3357 2763 3424 pantheo
2786 3366 3000 3422 perque
3015 3353 3262 3420 januam
3284 3350 3564 3407 solarium
3587 3352 3776 3423 ingre-

2140 3440 2403 3509 diuntur,
2426 3448 2481 3496 et
2505 3439 2563 3495 in
2596 3444 2843 3510 utroque
2866 3441 2995 3510 ejus
3025 3439 3202 3495 latere
3225 3456 3259 3494 a
3288 3443 3450 3511 porta
3482 3441 3638 3495 aurei
3667 3442 3778 3495 tri-

2140 3526 2299 3582 clinii
2365 3528 2437 3583 ad
2514 3527 2734 3583 dictum
2813 3526 3095 3582 solarium
3161 3527 3413 3581 ducente
3463 3541 3644 3596 usque
3700 3529 3773 3582 ad

2137 3615 2578 3680 camelaucium,
2603 3615 2704 3670 ubi
2726 3614 2972 3670 thronus
2995 3614 3214 3685 positus
3230 3621 3336 3682 est,
3360 3618 3570 3669 astant.
3589 3614 3776 3684 Impe-

2138 3711 2293 3759 rator
2313 3703 2387 3759 ad
2406 3702 2625 3759 dictum
2647 3701 2841 3758 velum
2863 3701 3188 3774 ingressus,
3208 3701 3402 3756 tunica
3424 3717 3534 3755 sua
3554 3717 3586 3755 a
3605 3703 3775 3756 vesti-

2133 3792 2360 3848 toribus
2397 3791 2680 3857 induitur,
2740 3789 2951 3862 quibus
3009 3789 3280 3862 egressis,
3343 3789 3688 3860 praepositus
3721 3793 3773 3846 ei

2133 3896 2410 3936 coronam
2431 3879 2697 3951 imponit.
2719 3879 2961 3944 Deinde,
2985 3877 3271 3950 prefectis
3297 3877 3566 3932 cubiculo
3589 3879 3773 3932 comi-

2131 3970 2416 4038 tantibus,
2449 3970 2519 4024 ad
2549 3984 2861 4034 cameram,
2893 3984 3020 4040 quae
3061 3982 3266 4022 versus
3291 3966 3573 4022 orientem
3614 3968 3774 4024 aurei

2132 4057 2369 4115 triclinii
2399 4042 2508 4126 est,
2540 4056 2679 4122 abit,
2713 4056 3000 4128 praefectis
3040 4054 3292 4110 cubiculi
3320 4057 3568 4125 utroque
3597 4053 3653 4108 in
3690 4054 3770 4110 la-

2131 4156 2251 4205 tere
2292 4147 2662 4205 constitutis:
2716 4145 2952 4218 reliquas
3001 4144 3162 4200 aurei
3209 4143 3445 4199 triclinii
3493 4147 3670 4216 portas
3699 4145 3770 4200 ad

2131 4237 2410 4294 solarium
2443 4237 2722 4290 ducentes
2751 4233 2959 4290 clausas
3009 4236 3166 4288 sunt.
3201 4232 3242 4287 E
3271 4231 3499 4287 duobus
3527 4231 3770 4288 cubicu-

2131 4325 2293 4381 lariis
2322 4341 2476 4380 unus
2504 4323 2574 4377 ad
2609 4323 2890 4390 dextram,
2934 4321 3080 4377 alter
3125 4321 3197 4376 ad
3247 4321 3547 4377 sinistram
3590 4323 3766 4389 stant,

2130 4427 2426 4483 unamque
2457 4414 2680 4482 portam
2714 4407 2930 4480 singuli
2961 4412 3180 4473 tenent,
3204 4425 3373 4479 quas,
3407 4408 3571 4480 signo
3610 4410 3767 4477 dato,

2129 4499 2325 4557 statim
2357 4497 2646 4570 aperiunt.
2674 4497 2760 4552 Ab
2783 4495 2874 4552 his
2905 4495 3278 4552 cubiculariis
3313 4496 3563 4567 stipatus
3591 4498 3770 4566 impe-

383 4606 552 4662 πύλαι
609 4581 712 4660 τού
760 4598 1213 4678 χρυσοτρικλίνου
1274 4600 1330 4652 αἱ
1401 4596 1685 4672 ἐξάγουσαι
1754 4594 1888 4668 πρὸς
1949 4592 2050 4678 ’τὸι

2140 4597 2304 4654 rator,
2335 4585 2612 4644 solarium
2645 4584 2807 4656 petit,
2841 4587 2899 4638 et
2931 4581 3010 4638 ibi
3042 4583 3105 4639 in
3144 4583 3549 4655 porphyretico
3578 4584 3768 4654 lapide

381 4694 611 4766 ἡλιακόν
673 4675 817 4748 εἰσίῃ
841 4675 1237 4761 κεκλεισμέναι.
1273 4686 1371 4740 Καὶ
1396 4682 1645 4740 ’ίστανται
1703 4679 1798 4736 δύο
1833 4675 2017 4736 κουϐιο

379 4782 686 4853 κουλάριοι,
751 4781 827 4840 εἷς
867 4777 928 4833 ἐκ
993 4776 1195 4846 δεξιῶν,
1231 4777 1259 4830 6
1299 4771 1356 4829 δὲ
1383 4770 1567 4848 ἕτερος
1612 4771 1664 4842 ἐξ
1713 4772 2016 4844 ἀριστερᾶς,

376 4873 704 4948 κατέχοντες
757 4868 854 4922 {rvi
905 4866 1029 4940 μίαν
1089 4862 1298 4935 πύλην,
1356 4858 1616 4923 λαϐόντες
1672 4858 1729 4915 δὲ
1764 4862 1938 4931 νεῦμα
1967 4857 2019 4948 oi

378 4945 547 5018 αὐτοὶ-
581 4953 1033 5032 κουϐικουλάριοι
1084 4951 1449 5027 ἐξανοίγουσιν
1507 4951 1669 5012 αὐτὰς
1710 4949 1880 5025 ἄφνῳ,
1927 4945 2019 5001 καὶ

2125 4681 2276 4735 stat:
2310 4691 2486 4747 ocyus
2517 4672 2745 4741 patricii
2775 4676 2832 4726 et
2850 4671 3083 4742 strategi
3113 4687 3248 4729 cum
3279 4671 3439 4726 omni
3468 4677 3675 4728 senatu
3705 4669 3765 4726 in

2127 4774 2329 4823 terram
2363 4761 2708 4834 procidunt:
2741 4765 2872 4832 post
2918 4761 3079 4832 ipsos
3127 4760 3600 4832 protospatharii,
3631 4775 3764 4830 spa-

2126 4851 2589 4911 tharocandidati
2618 4855 2671 4906 et
2701 4848 2979 4922 spatharii
3019 4854 3201 4918 stant,
3234 4863 3486 4920 quorum
3519 4847 3615 4900 isti
3645 4852 3766 4902 tor-

2129 4957 2275 5015 ques
2303 4943 2362 4996 et
2391 4935 2845 5010 spathobaculos
2875 4954 3036 5005 suos,
3061 4937 3122 4992 hi
3142 4941 3375 5008 torques
3405 4936 3462 4988 et
3492 4933 3763 5004 soutaria,

1721 5045 1962 5104 VARle
2002 5038 2416 5100 LECTIONES.

443 5167 492 5202 ³⁸
522 5162 614 5220 διὰ
641 5165 742 5219 τοῦ
770 5157 957 5237 βασιλ.
991 5161 1079 5217 ed.

1405 5243 1607 5304 JOAN.
1647 5243 1790 5300 JAC.
1832 5236 2120 5296 REISKII.
2161 5233 2758 5292 COMMENTARIUS.

444 5354 563 5425 (65)
607 5350 907 5415 Consentit,
963 5345 1175 5425 appulit
1231 5343 1390 5425 ipsis,
1447 5340 1693 5425 spondet,
1729 5345 1820 5424 ,ιιι
1872 5343 2022 5425 recte

377 5409 560 5481 vertit,
578 5425 865 5494 interpres
959 5419 1064 5494 170
1085 5435 1117 5494 ς,
1133 5409 1362 5494 proprie
1377 5409 1510 5494 sese
1538 5413 1697 5483 ponit
1726 5410 1784 5494 in
1817 5409 2019 5494 eodem

381 5511 519 5569 cum
565 5494 713 5569 ipsis
733 5481 1283 5569 'loeo.__voluntatis';
1332 5481 1662 5569 postquam,
1713 5481 2020 5569 aith'te‘rqa

382 5551 449 5623 ad
472 5551 743 5636 singulas
762 5561 1090 5638 rogationes
1113 5551 1319 5638 manus
1336 5551 1462 5638 illa,
1482 5551 1661 5626 quam
1687 5570 1742 5626 p.
1765 5551 2016 5638 164:3.7.

379 5628 663 5708 diximiis,
680 5628 1098 5708 compositione
1117 5628 1480 5703 imperatoris
1501 5641 1802 5684 assensum
1829 5628 2016 5694 signi-

376 5706 664 5765 ﬂcaverit.

2223 5332 2312 5402 66)
2348 5333 2419 5386 La
2447 5331 2678 5402 parade,
2709 5328 2914 5402 Milites
2946 5327 3006 5382 in
3035 5322 3213 5379 armis
3245 5321 3424 5402 parati
3455 5324 3671 5402 astant.

2223 5333 2294 5387 66
2348 5333 2419 5386 La
2447 5332 2678 5402 parade,
2709 5332 2914 5384 Milites
2946 5332 3006 5382 in
3035 5332 3213 5379 armis
3245 5332 3424 5394 parati
3455 5332 3671 5377 astant.

2200 5332 2503 5475 (67)(ἲιοοξ.
2540 5419 2592 5472 p.
2629 5401 2748 5456 175.
2783 5397 2879 5453 ubi
2927 5411 3166 5475 scamna
3194 5393 3505 5448 consulum
3535 5391 3594 5447 in
3624 5395 3760 5449 Jus-

2127 5472 2337 5531 tiniani
2372 5472 2598 5527 trielino
2629 5473 3049 5526 memorantur.

2222 5545 2310 5611 68)
2339 5543 2407 5598 V.
2441 5543 2595 5598 dicta
2622 5543 2690 5596 ad
2733 5558 2788 5611 p.
2824 5541 2944 5595 161.

2222 5546 2289 5598 68
2339 5545 2407 5598 V.
2441 5545 2595 5598 dicta
2622 5545 2690 5596 ad
2733 5558 2788 5611 p.
2824 5545 2944 5595 161.

2197 5545 2310 5688 (69)
2339 5615 2414 5670 Μ.
2446 5612 2538 5666 καὶ
2564 5613 2664 5676 τῆς
2695 5620 2875 5684 θερμ.,
2907 5607 3060 5680 quod
3100 5604 3370 5663 lacunam
3401 5605 3613 5683 prodit.
