4160 6304
366 452 484 514 563
1381 433 1911 502 CONSTANTINI
1956 429 2273 494 PORPHY
2282 425 2656 491 ROGENITI
3647 424 3769 484 564

372 585 658 660 spatharii
687 584 904 656 pariter
933 580 1190 637 scutaria
1219 584 1273 634 et
1297 573 1582 633 dextralia
1610 577 1861 648 gestant.
1893 573 2012 626 Ma-

2158 565 2560 642 ηρίγευόμενος
2596 563 2624 616 6
2695 559 2949 638 βασιλεὺς
3007 560 3109 616 ὑπὸ
3144 563 3150 568 ’
3181 564 3289 615 τῶν
3345 557 3766 636 προρρηθέντων

373 647 555 746 gister
575 673 1024 732 cerimoniarum
1059 671 1116 725 in
1150 668 1339 723 medio
1371 682 1595 733 eorum,
1628 663 1728 736 qui
1760 661 2012 732 impera-

2153 655 2406 730 ηρχόντων
2436 659 2534 709 τοῦ
2564 648 2984 720 κουϐουκλείου,
3026 649 3300 724 ἐξέρχεται
3332 647 3383 704 ἐν
3418 654 3498 722 τῷ
3549 647 3772 721 ἡλιακῷ

378 737 562 820 torem
586 761 899 833 excipiunt,
922 761 1120 825 stat,et
1141 759 1448 829 postquam
1471 769 1677 810 omnes
1698 752 2018 807 adorarunt

2153 743 2457 800 ,αὶῖσταται
2503 743 2554 798 ἐν
2628 746 2711 816 τῷ
2766 745 3034 816 πορφυρῷ
3088 737 3248 813 λίθῳ,
3317 741 3418 833 καί⁸
3463 738 3774 814 παραυτίκα

379 869 446 910 ac
477 868 680 908 rursus
713 863 1146 913 consurrexere,
1178 844 1527 918 praepositus
1555 860 1588 898 a
1619 840 1894 897 mandato
1926 854 2017 893 ce-

2153 834 2180 887 ιῖ
2204 853 2262 887 τε
2291 833 2568 907 πατρίκιοι
2599 831 2687 886 καὶ
2721 829 3019 905 στρατηγοὶ
3048 827 3138 883 xui
3179 830 3212 898 ἡ
3263 826 3574 905 σύγκλητος
3631 831 3776 882 πᾶτα

379 936 717 996 rimoniario
747 936 984 1010 signum
1018 936 1152 991 dat:
1181 916 1280 990 hic
1301 916 1488 990 dicit:
1524 954 1553 982 ‹‹
1583 931 1809 987 Jubete.
1849 947 1873 978 ν

2153 921 2412 990 πίπτουσι,
2454 923 2543 977 καὶ
2595 917 2811 975 ὄπισθεν
2852 919 3030 974 αὐτῶν
3077 916 3325 973 ’ίστανται
3367 916 3778 994 πρωτοσπαθά-

380 1047 512 1102 ριοι,
569 1007 1126 1100 σπαθαροκανδιδάτοι
1173 1023 1264 1077 xui
1333 1021 1644 1094 σπαθάριοι,
1704 1019 1757 1073 οἱ
1808 1017 1904 1090 μὲν
1955 1013 2438 1090 πρωτοσπαθάριοι
2507 1011 2797 1086 φοροῦντῖς
2855 1010 2920 1063 τὰ
2985 1007 3248 1081 μανιάκια
3316 1009 3519 1078 αὐτών,
3581 1008 3779 1082 βαστά-

383 1093 563 1185 ζοντες
646 1093 756 1171 καὶ·
794 1115 861 1171 τά
909 1111 1288 1171 σπαθοϐάκλια
1339 1093 1540 1180 αὐτῶν,
1601 1108 1653 1162 oi
1711 1105 1768 1160 δὲ
1826 1099 2379 1179 σπαθαροκανδιδάτοι
2436 1101 2503 1155 τὰ
2581 1099 2837 1173 μανιάκια
2918 1097 3113 1167 αὑτῶν,
3194 1097 3518 1173 βαστάζουσι
3578 1093 3638 1151 δὲ
3688 1094 3779 1150 xui

380 1209 696 1284 σκουτᾶρια,
747 1205 1006 1264 ὡσαύτως
1043 1203 1134 1258 xui
1202 1202 1254 1256 οἶ
1313 1201 1604 1274 σπαθάριοι
1664 1195 1957 1268 σκουτάρια
2020 1194 2107 1248 καὶ
2171 1189 2477 1265 διστράλια.
2532 1193 2775 1248 Ἵσταται
2830 1187 2888 1244 δὲ
2936 1190 2962 1242 6
3021 1195 3119 1257 τῆς
3166 1188 3543 1248 κασαστάσεως
3571 1185 3652 1247 ἒίς
3680 1187 3781 1256 τήν

386 1293 556 1368 μέσην
721 1291 918 1369 δογῆς,
957 1289 1046 1348 καὶ
1092 1287 1182 1360 δὴ,
1216 1290 1290 1352 ὠς
1347 1287 1692 1365 προείρηται,
1750 1283 2239 1359 προσκυνησάντων
2269 1280 2483 1335 πάντων
2532 1279 2622 1334 xui
2657 1277 3019 1347 ἀναστάντων,
3052 1275 3191 1331 νεύει
3225 1277 3252 1332 6
3283 1275 3640 1350 πραιπόσιτος
3672 1274 3779 1329 ἀπὸ

379 1381 682 1445 κελεύσεως
711 1368 800 1454 τῷί
818 1368 918 1451 τῆς
950 1379 1347 1447 καταστάσεως,
1370 1378 1619 1438 κάκεῖνος
1645 1371 1811 1448 λέγει·
1840 1396 1867 1423 ‹‹
1901 1368 2219 1428 Κελεύσατε.
2244 1393 2273 1421 ››

455 1473 577 1528 VII.
612 1471 842 1528 Patricii
875 1475 930 1526 et
981 1470 1214 1541 strategi
1255 1486 1386 1525 cum
1433 1470 1639 1524 senatu
1669 1470 1726 1522 et
1755 1460 2026 1520 consula-

387 1563 549 1619 ribus
578 1562 815 1628 abeunt,
849 1566 927 1629 et,
959 1568 1022 1615 ut
1052 1557 1329 1625 diximus,
1364 1556 1422 1612 in
1472 1571 1578 1612 sua
1608 1553 1856 1610 statione
1885 1566 2028 1607 con-

389 1651 626 1719 sistunt,
654 1648 1099 1705 cerimoniarius
1136 1661 1269 1702 vero
1318 1641 1700 1700 rbosthelium
1735 1657 1836 1714 pro
1868 1651 2029 1695 more

390 1737 546 1808 facit,
578 1742 634 1794 et
663 1736 995 1810 imperatori
1040 1736 1238 1803 tradit,
1269 1733 1584 1806 statimque
1631 1727 2028 1788 cubicularius

390 1831 707 1899 praecentor
755 1827 1086 1892 fenestram,
1136 1842 1263 1897 quis
1312 1839 1486 1897 super
1529 1821 1806 1896 pectorali
1852 1839 2029 1892 prope

2209 1464 2276 1514 Z'.
2311 1457 2411 1515 Kui
2445 1459 2496 1512 oi
2529 1457 2640 1532 [μὲν
2698 1455 2972 1530 πατρίκιοι
3021 1454 3110 1510 xui
3153 1453 3452 1532 στρατηγοῖ
3509 1452 3642 1527 μετά
3679 1459 3779 1522 τῆς

2143 1530 2459 1624 συγκλήτου
2488 1547 2575 1601 xui
2610 1550 2716 1600 τῶν
2752 1545 3025 1599 ὑπατικῶν
3060 1542 3413 1618 ἀπέρχονται,
3463 1544 3550 1596 xui
3595 1543 3782 1596 ἳσταν-

2135 1655 2248 1705 ται,
2289 1635 2364 1696 ὡς
2426 1631 2675 1707 ἀνωτέρω
2717 1632 2949 1708 εἴρηται,
2992 1631 3042 1686 ἐν
3106 1635 3176 1705 τῇ
3201 1628 3378 1685 αὑτῶν
3399 1629 3620 1705 ίστάσει·
3655 1631 3681 1685 6
3725 1626 3780 1684 δὲ

2136 1725 2239 1788 τῆς
2282 1723 2658 1784 καταστάσεως
2696 1723 2928 1791 ποιήσας
2955 1721 3018 1775 τὸ
3060 1718 3377 1794 ῥωσθέλιον,
3410 1719 3484 1782 ὡς
3551 1718 3779 1774 εἴθισται

2141 1809 2310 1883 ατῷύ,
2375 1807 2660 1866 ἐπιδίδωσι
2715 1811 2794 1881 τῷ
2841 1809 3076 1884 βασιλεῖ,
3117 1809 3206 1863 xui
3256 1807 3558 1884 παραυτίκα
3597 1808 3624 1861 6
3672 1831 3783 1882 φω-

388 1889 668 1972 thronum
700 1914 809 1971 sub
839 1889 1193 1972 camelaucih
1224 1917 1333 1982 est,
1367 1889 1572 1986 aperit,
1605 1911 1760 1967 unde
1787 1889 2032 1982 impera-

2153 1895 2376 1962 υοϐόλος
2435 1895 2893 1972 κουϐικουλάριος
2956 1896 3195 1976 ἐφαπλοῖ
3247 1898 3308 1953 τὸ
3376 1897 3778 1972 παρακυπτικὸν

391 2009 486 2060 tor
528 2003 807 2076 populum
851 2008 961 2072 ter,
1011 2002 1098 2059 uti
1144 2003 1308 2071 solet,
1359 2003 1576 2074 signat,
1609 2004 1666 2056 et
1713 1999 1773 2056 in
1825 1999 2032 2056 throno

395 2093 652 2149 considet
677 2107 690 2147 :
720 2092 1092 2160 demarchus,
1117 2091 1256 2147 dum
1291 2090 1558 2164 pulsatur
1582 2103 1885 2162 organum,
1920 2103 2034 2143 ma-

396 2193 510 2250 gna
556 2193 692 2233 voce
723 2177 1005 2233 exclamat
1035 2193 1048 2231 :
1102 2198 1131 2227 «
1161 2180 1420 2232 Sanctus.
1455 2196 1483 2226 ››
1535 2173 1908 2248 Praepositus,
1943 2171 2033 2228 si-

397 2281 507 2336 gno
538 2265 609 2319 ab
634 2264 982 2336 imperatore
1014 2269 1268 2336 accepto,
1292 2263 1590 2337 prospicit,
1625 2268 1825 2336 terque
1858 2277 2034 2318 manu

398 2355 626 2423 annuit,
659 2370 774 2425 quo
804 2355 974 2421 facto,
1008 2353 1161 2409 I70
1192 2367 1475 2424 organum
1517 2352 1670 2423 silet,
1713 2355 1770 2408 et
1816 2351 2038 2424 princi-

399 2457 500 2514 pes
530 2443 797 2498 factionis
828 2443 1113 2498 solemnia
1141 2458 1388 2514 quaaque
1419 2445 1718 2512 peragunt.
1744 2441 1878 2496 Post
1908 2441 2036 2496 fau-

402 2531 490 2585 sta
520 2531 716 2585 omina
745 2536 801 2586 et
830 2529 991 2586 laslas
1042 2529 1488 2586 acclamationes
1518 2545 1803 2601 organum
1836 2529 2035 2600 pulsa-

403 2622 530 2684 tur;
557 2621 783 2673 tacente
809 2635 896 2686 eo,
923 2618 1174 2689 populus
1206 2615 1557 2688 apelaticum
1588 2616 1833 2672 orditur.
1863 2615 2038 2671 Porro

403 2706 943 2778 praepositus,eigno
965 2707 1038 2762 ab
1061 2707 1408 2779 imperatore
1432 2705 1586 2773 dato,
1608 2703 2033 2766 cerimoniario.

402 2793 498 2850 hic
529 2802 778 2866 quatuor
823 2794 1153 2851 comesticis
1200 2809 1597 2865 numerorum,
1649 2795 1715 2849 ut
1765 2805 1892 2849 mos
1931 2800 2040 2863 est,

404 2882 635 2952 annuit,
667 2882 767 2954 qui
799 2882 858 2938 in
891 2881 1146 2955 phialam
1180 2882 1564 2953 descendunt,
1591 2883 1766 2955 inque
1809 2899 1915 2939 suo
1947 2899 2041 2938 or-

406 2971 541 3028 dine
570 2973 918 3029 consistunt.
953 2971 1161 3028 Finitis
1192 2970 1513 3042 apelaticis,
1541 2988 1824 3044 organum
1857 2977 2037 3028 sonat.

405 3076 586 3131 eoque
614 3066 896 3132 cessante,
929 3061 1252 3117 factionarii
1292 3060 1594 3118 tetralecta
1624 3065 1682 3116 et
1710 3059 2044 3132 augustalia

404 3149 675 3215 recitant,
707 3150 959 3221 posthinc
982 3150 1159 3205 iidem
1188 3165 1324 3205 voce
1355 3156 1594 3205 canunt.
1619 3150 1873 3214 Quorum
1906 3163 2040 3202 cum

2143 1989 2369 2065 ὓπερθεν
2410 1992 2506 2043 τοῦ
2533 1986 2686 2051 ὄντος
2719 1988 2821 2042 ὑπὸ
2851 1991 2947 2041 τοῦ
2977 1984 3352 2061 καμελαυκίου
3401 1990 3511 2060 (70)
3555 1987 3782 2056 στηθέΟυ

2144 2073 2448 2151 ἔμπροσθεν
2487 2079 2584 2132 τοῦ
2629 2079 2871 2147 σὲντζου,
2929 2077 3020 2131 καὶ
3078 2075 3499 2153 κατασφραγίζει
3565 2077 3593 2131 6
3639 2076 3785 2152 βασι-

2147 2166 2270 2228 λεὺς
2301 2167 2392 2221 τὸν
2419 2165 2550 2221 λαδν
2590 2163 2650 2220 ἐκ
2676 2165 2884 2241 τρίτου,
2931 2165 3004 2227 ὡς
3049 2164 3271 2220 εἷ’θισται
3315 2165 3486 2237 αὐτῷ,
3516 2165 3604 2220 xui
3661 2175 3786 2229 καθ-

2146 2254 2318 2325 έζεται
2363 2253 2450 2310 ἔπὶ
2499 2252 2594 2309 τοῦ
2645 2258 2882 2324 σέντζου,
2940 2253 3030 2309 xui
3077 2253 3272 2317 εὐθέως
3362 2255 3389 2310 6
3476 2251 3784 2330 δήμαρχος,

2147 2341 2446 2406 αὐλοῦντος
2503 2345 2591 2398 xui
2639 2348 2737 2398 τοῦ
2786 2343 3040 2419 ὀργάνου,
3073 2344 3358 2417 ἀνακράζει
3394 2343 3647 2420 μεγάλως
3703 2344 3782 2412 τὸ,

2151 2457 2179 2484 ‹‹
2219 2433 2435 2509 ”“Αγιος.
2485 2457 2511 2483 ››
2546 2427 2740 2487 Λαϐὼν
2774 2430 2830 2488 δὲ
2859 2434 3032 2505 νεῦμα
3070 2433 3098 2486 6
3129 2428 3488 2506 πραιπόσιτος
3520 2433 3666 2509 παρᾶ
3693 2437 3786 2488 τοῦ

2153 2519 2421 2596 βασιλέως
2477 2520 2566 2575 xui
2633 2521 2978 2597 παρακύψας,
3033 2521 3170 2575 νεύει
3225 2518 3311 2575 διὰ
3349 2527 3448 2590 τῆς
3497 2523 3682 2597 χειρὸς
3731 2519 3790 2576 ἐκ

2149 2608 2360 2678 τρίτου,
2393 2607 2481 2662 xui
2531 2609 2687 2663 παύει
2737 2608 2799 2662 τὸ
2840 2603 3089 2684 ὄργανον.
3124 2607 3432 2670 Παύσαντος
3476 2606 3532 2663 δὲ
3569 2612 3666 2663 τοῦ
3697 2609 3787 2681 ὀρ-

2149 2698 2334 2774 γάνου,
2368 2699 2633 2775 ἄρχονται
2667 2699 2718 2753 οἱ
2778 2700 2873 2754 τοῦ
2917 2697 3116 2773 μέρους
3169 2696 3407 2753 ἐκτελεῖν
3462 2700 3528 2754 τά
3585 2701 3785 2769 συνήθη

2152 2787 2377 2844 ἅπαντα.
2419 2788 2861 2864 Εὐφημήσαντος
2903 2784 2959 2841 δὲ
3018 2791 3114 2841 τοῦ
3164 2788 3365 2862 μέρους
3414 2786 3504 2841 καὶ
3551 2785 3789 2863 ἐκφωνῆ-

2154 2897 2365 2944 σαντος,
2417 2874 2576 2932 αύλεῖ
2613 2876 2675 2931 τὸ
2708 2877 2960 2952 ύργανον,
3009 2877 3100 2930 xui
3141 2874 3438 2939 παύσαντος
3479 2876 3665 2944 αὐτοῦ,
3698 2876 3789 2952 ἄρ·

2155 2986 2310 3040 χεται
2341 2963 2569 3038 ὁδῆμος
2614 2965 2706 3019 τὸν
2735 2963 3082 3022 ἀπελατικόν.
3129 2964 3233 3022 Καὶ
3278 2963 3474 3029 εὐθέως
3525 2961 3792 3039 λαμϐάνει

2151 3058 2320 3128 νεῦμα
2385 3055 2412 3107 ὁ
2471 3049 2831 3128 πραιπόσιτος
2886 3054 3032 3129 παρὰ
3060 3055 3156 3109 τοῦ
3207 3052 3496 3129 βασιλέως,
3531 3055 3620 3110 xui
3654 3057 3790 3112 νεύει

2152 3145 2231 3212 τῷ
2277 3143 2377 3212 τῆς
2432 3139 2834 3211 καταστάσεως,
2873 3141 3123 3205 κάκεῖνος
3181 3144 3310 3218 [τοῖς
3375 3144 3622 3219 τέσσάρσι
3683 3149 3793 3218 (71)

407 3236 533 3291 ﬁeri
562 3237 795 3292 initium
830 3237 1022 3303 debet,
1067 3237 1505 3292 cerimoniarius
1551 3251 1584 3292 a
1623 3237 1931 3309 praeposito
1963 3235 2039 3290 si-

2154 3227 2499 3305 δομεστίκοις
2526 3236 2635 3285 τῶν
2691 3232 3006 3306 ταγμάτων,
3055 3231 3129 3294 ὡς
3177 3232 3311 3288 κατὰ
3364 3233 3666 3305 συνήθειαν,
3707 3235 3792 3290 xui

407 3337 590 3393 gnum
623 3323 833 3395 accipit
887 3332 940 3379 et
997 3324 1333 3380 consulares
1388 3324 1684 3391 admonet,
1742 3323 1855 3397 ipsi
1912 3338 2043 3378 vero

409 3409 623 3466 abeunt
660 3411 730 3466 ad
761 3427 1005 3468 aureum
1035 3410 1378 3483 triclinium,
1410 3411 1511 3468 ubi
1540 3411 1744 3468 ordine
1770 3428 1878 3468 suo
1907 3428 2045 3468 con-

411 3499 644 3556 sistunt.
694 3501 833 3558 Post
880 3505 1119 3558 cantum
1168 3504 1482 3574 imperator
1521 3501 1727 3574 surgit,
1760 3518 2046 3575 organum

413 3589 704 3662 pulsatur,
735 3592 1046 3663 imperator
1101 3607 1248 3662 pone
1304 3589 1603 3658 thronum,
1654 3608 1688 3647 a
1729 3595 1888 3663 tergo
1919 3591 2046 3663 ejus

413 3680 670 3737 eunuchi
719 3678 1165 3754 protospatharii
1195 3679 1255 3734 in
1301 3680 1652 3749 mutatoriis,
1684 3684 1821 3738 ante
1852 3679 2045 3751 ipsum

403 3770 657 3842 praefecti
689 3769 954 3826 cubiculo
977 3770 1047 3826 ab
1071 3773 1316 3841 utroque
1337 3768 1516 3825 latere
1544 3786 1677 3825 cum
1711 3769 1971 3840 patriciis
1992 3772 2050 3825 et

404 3860 677 3933 strategis
698 3859 766 3916 ad
796 3862 1024 3931 portam
1047 3875 1235 3931 usque
1256 3859 1314 3914 in
1337 3871 1581 3915 aureum
1605 3857 1924 3914 triclinium
1947 3859 2048 3914 du-

403 3954 629 4007 centem
652 3953 830 4004 stant.
859 3948 1228 4020 Praspositus,
1243 3949 1410 4019 signo
1429 3947 1500 4002 ab
1521 3947 1869 4018 imperatore
1891 3963 2049 4004 acce-

401 4035 946 4108 pto,cubicularium
964 4038 1374 4106 prsecentorem
1395 4035 1666 4102 monet,is
1688 4031 2047 4105 prospiciens

400 4132 487 4180 ter
516 4141 694 4181 manu
724 4123 939 4194 pepulo
970 4118 1199 4189 annuit,
1231 4134 1565 4193 organaque
1597 4123 1654 4176 et
1689 4120 2047 4178 factionariis

401 4213 735 4280 silentibus,
767 4210 988 4284 precari
1018 4207 1261 4281 incipit:
1309 4229 1336 4256 «
1372 4207 1756 4280 Omnipotens
1801 4213 1858 4266 et
1886 4209 2048 4266 dives

402 4297 804 4356 misericordia
845 4297 1019 4365 Deus,
1069 4300 1179 4352 etc.
1234 4318 1262 4346 »
1314 4297 1437 4362 Quo
1493 4296 1678 4368 finito,
1722 4297 2048 4355 factionarii

405 4393 653 4459 quatuor
684 4387 976 4443 solemnes
1007 4383 1314 4457 petitiones
1350 4385 1684 4453 instituunt,
1707 4403 1955 4457 quarum
1983 4391 2049 4444 ut

405 4477 540 4534 data
569 4477 738 4549 copia
766 4482 874 4542 est,
898 4476 1212 4547 imperator
1243 4475 1577 4548 praeposito,
1596 4473 1689 4531 hic
1709 4477 2047 4548 praecentori

2155 3317 2502 3385 κατελθόντες
2548 3317 2796 3375 ’ἵστανται
2841 3322 2989 3376 κάτω
3037 3319 3091 3376 ἒν
3134 3324 3202 3395 τῇ
3257 3321 3428 3396 φιάλῃ
3476 3322 3526 3377 ἐν
3556 3326 3624 3396 τῇ
3656 3325 3796 3394 τάξει

2155 3408 2352 3468 αὐτῶν.
2419 3407 2788 3467 Τελεσθέντων
2859 3407 2916 3464 δὲ
2961 3413 3068 3465 τῶν
3130 3409 3491 3480 ἆπελατικῶν,
3542 3409 3702 3467 αὐλεῖ
3737 3413 3797 3466 τὸ

2157 3493 2411 3576 ὄργανον,
2443 3498 2533 3552 καὶ
2580 3503 2883 3561 παύσαντος
2938 3495 3122 3568 αὐτοῦ,
3175 3496 3425 3575 λέγουσιν
3477 3497 3528 3554 oi
3565 3504 3661 3557 τοῦ
3711 3501 3799 3576 μὲι

2159 3607 2286 3662 ρους
2347 3586 2416 3641 τὰ
2469 3585 2802 3662 τετράλεκτα
2842 3587 3286 3664 ἀκτολογοῦντες,
3345 3588 3570 3667 λέγουσι
3611 3587 3666 3646 δὲ
3709 3590 3796 3646 καὶ

2157 3675 2547 3752 αύγουστιακᾶ,
2605 3673 2696 3730 καὶ
2736 3674 2944 3730 τούτων
2990 3674 3365 3743 τελεσθέντων,
3425 3673 3685 3753 ἄρχονται
3745 3680 3794 3734 oi

2156 3762 2313 3819 αὐτοὶ
2344 3771 2443 3834 τῆν
2476 3763 2682 3842 φωνήν.
2716 3764 2909 3821 Ἠνίκα
2956 3761 3012 3819 δὲ
3043 3763 3287 3840 ἄρξηται,
3321 3761 3587 3838 λαμϐάνει
3626 3771 3796 3840 νεῦμα

2158 3851 2185 3907 6
2225 3854 2322 3921 τῆς
2357 3853 2733 3914 καταστάσεως
2770 3852 2916 3926 παρὰ
2951 3855 3047 3907 τοῦ
3088 3854 3470 3927 πραιποσίτου,
3519 3855 3607 3911 καὶ
3656 3856 3795 3912 νεύεὶ

2156 3948 2273 4005 τοῖς
2304 3943 2610 4012 ὑπατικοῖς,
2651 3941 2804 3998 uinci
2866 3939 2922 3998 δὲ
2969 3941 3320 4015 ἀπελθόντες,
3353 3943 3690 4021 εἰσέρχονται
3741 3945 3793 4002 ἐν

2154 4035 2234 4103 τῷ
2273 4031 2738 4107 χρυσοτρικλίνῳ,
2759 4032 2849 4086 καὶ
2889 4029 3136 4086 ’ίστανται
3165 4029 3337 4088 ἐκεῖσε
3368 4033 3418 4090 ἐν
3450 4039 3570 4099 ταῖς
3619 4034 3794 4092 αὐτῶν

2154 4119 2351 4191 τάξεσι’
2385 4118 2726 4189 τελεσθείσης
2759 4117 2816 4174 δὲ
2860 4125 2962 4190 τῆς
3017 4126 3224 4199 φωνῆς,
3280 4121 3553 4178 ἀνίσταται
3613 4126 3641 4179 6
3695 4126 3798 4201 βα-

2158 4205 2360 4276 σιλεὺς,
2383 4206 2473 4261 xui
2531 4204 2687 4261 αύλεῖ
2721 4208 2782 4262 τὸ
2833 4203 3086 4284 ὄργανον,
3118 4209 3208 4263 xui
3233 4205 3448 4265 ’ίσταται
3479 4212 3506 4266 6
3543 4211 3797 4286 βασιλεὺς

2157 4297 2372 4351 οπισθεν
2411 4299 2508 4351 τοῦ
2567 4294 2806 4365 σέντζου,
2855 4296 2943 4350 xui
2995 4295 3171 4352 ὀπίσω
3211 4298 3376 4353 αὐτοῦ
3428 4296 3673 4355 ’ίστανται
3713 4300 3799 4355 εὐ·

2155 4389 2354 4460 νοῦχοι
2410 4384 2894 4461 πρωτοσπαθάριοι
2945 4381 3307 4462 ἡλλαγμένοι,
3349 4388 3436 4442 xui
3495 4384 3794 4464 ἔμπροσθεν

2157 4475 2321 4532 αὐτοῦ
2345 4473 2590 4531 ’ίστανται
2631 4474 2903 4551 ἄρχοντες
2933 4479 3030 4530 τοῦ
3086 4471 3481 4534 κουϐουκλείου
3526 4473 3672 4544 ἔνθεν
3731 4481 3799 4535 κὰ

403 4565 629 4634 annuit,
662 4567 712 4622 is
741 4579 916 4621 manu
951 4569 1037 4622 ter
1065 4565 1289 4636 annuit,
1322 4565 1494 4636 idque
1525 4565 1594 4622 ad
1626 4564 1888 4637 singulas
1918 4584 2039 4640 pre-

2163 4568 2310 4619 κεῖσε
2369 4565 2505 4638 μετά
2535 4564 2834 4637 πατρικίων
2879 4585 2938 4620 τε
2993 4567 3082 4620 καὶ
3143 4572 3458 4644 στρατηγῶν
3504 4567 3668 4644 μέχρι
3699 4577 3799 4638 τῆς

401 4654 677 4722 cationes,
711 4658 778 4710 ut
803 4669 978 4724 supra
1007 4655 1284 4724 diximus,
1318 4655 1543 4727 repetit.

2157 4651 2480 4728 εἷσαγούσης
2509 4650 2693 4724 πύλης
2733 4655 2784 4708 ὲν
2833 4658 2912 4726 τῷ
2943 4654 3407 4733 χρυσοτρικλίνῳ.
3463 4659 3566 4714 Καὶ
3613 4654 3795 4714 λαϐὼν

397 4745 568 4816 νεῦμα
616 4743 644 4796 6
690 4738 1048 4814 πραιπόσιτος
1086 4739 1231 4816 παρὰ
1287 4745 1382 4796 τοῦ
1463 4741 1753 4816 βασιλέως,
1814 4738 2004 4798 δίδωσι
2071 4748 2245 4817 νεῦμα
2309 4736 2756 4816 κουϐικουλαρίῳ
2809 4747 2891 4815 τῷ
2948 4737 3277 4822 φωνοόόλῳ,
3354 4745 3600 4809 κάκεῖνος
3681 4769 3793 4802 πα-

403 4831 664 4906 ρακύψας,
731 4828 870 4883 νεύει
928 4826 988 4883 ἐκ
1039 4827 1222 4902 τρίτου
1279 4833 1356 4902 τῷ
1413 4830 1532 4902 λαῷ
1573 4827 1660 4886 διὰ
1707 4838 1808 4901 τῆς
1863 4831 2074 4907 χειρὸς,
2132 4831 2224 4887 xui
2273 4828 2428 4885 παύει
2486 4831 2547 4886 τὸ
2607 4829 2977 4905 ὅργανον,σῦν
3013 4829 3157 4904 αύτῷ
3205 4831 3294 4887 xui
3351 4833 3404 4888 oi
3443 4838 3540 4889 τοῦ
3574 4837 3793 4911 μέρους,

399 4919 490 4975 καὶ
557 4921 585 4975 6
633 4913 950 5000 φωνοϐόλος
991 4915 1161 4992 λέγει·
1225 4940 1254 4968 ι(
1312 4917 1374 4975 Ὀ
1434 4917 1844 4994 παντοδύναμος
1902 4921 1993 4976 καὶ
2059 4919 2364 4982 πολυέλεος
2412 4919 2564 4990 Θεὸς,
2617 4921 2859 4974 »καιτᾶ
2905 4920 3048 4990 ἑξῆς.
3085 4920 3187 4977 Καὶ
3243 4921 3559 4985 τελέσαντος
3605 4923 3793 4993 αὐτοῦ,

403 5012 666 5086 ἄρχονται
715 5009 767 5062 οἱ
813 5011 910 5062 τοῦ
971 5004 1487 5080 μέρουςῖαίτεῖσθαι
1541 5009 1636 5071 τὰς
1681 5011 1929 5080 συνήθεις
1987 5007 2245 5083 τέσσαρας
2316 5007 2582 5079 αἰτήσεις,
2639 5010 2731 5062 καὶ
2788 5005 2996 5063 τούτων
3036 5007 3201 5084 πέρας
3269 5008 3598 5089 εἰληφότων,
3656 5015 3792 5084 νεύὺι

400 5103 427 5154 6
463 5098 716 5174 βασιλεὺς
745 5102 825 5170 τῷ
851 5098 1246 5173 ιβραιποσίτῳ,
1286 5095 1532 5159 κάκεῖνος
1587 5103 1667 5170 τῷ
1713 5096 2044 5174 φωνοϐόλῷ,
2104 5101 2349 5160 κάκεῖνος
2409 5098 2713 5153 συντίθεται
2754 5096 2844 5152 διὰ
2891 5106 2989 5168 τῆς
3047 5101 3257 5175 χειρὸς,
3290 5100 3348 5155 ἐκ
3402 5104 3585 5177 τρίτου
3631 5108 3791 5160 τοῦτο

395 5187 596 5244 τελεῶν
625 5189 742 5243 καθ’
773 5188 1001 5257 ἑκάστην
1027 5183 1260 5256 αἶ’τησιν,
1293 5187 1366 5247 ὡς
1397 5185 1650 5260 ἀνωτέρω
1683 5187 1919 5264 εἷ’ρηται.

1422 5287 1624 5344 JOAN.
1656 5289 1802 5346 JAC.
1844 5287 2094 5345 REISKII
2135 5287 2716 5346 COMMENTARIUS.

467 5397 576 5470 (70)
640 5395 791 5470 Dicit
845 5394 942 5451 hic
997 5397 1220 5470 auctor,
1279 5393 1567 5470 pectorale
1619 5397 1720 5450 aut
1747 5393 2034 5470 cancellos
2145 5395 2298 5470 quod
2333 5396 2408 5450 ita
2438 5395 2789 5470 mmnianum
2822 5397 3580 5470 tegeret,utcamelaucium
3612 5409 3783 5469 caput

395 5464 696 5533 mceniani,
721 5467 978 5539 adeoque
1000 5466 1355 5539 mcenianum
1378 5467 1595 5539 ipsum,
1619 5481 1786 5538 equo
1809 5467 2034 5537 prospi-
2142 5464 2321 5539 tegit;
2374 5468 2691 5539 praesertim
2733 5466 2778 5521 si
2829 5464 3069 5523 haberet
3107 5477 3201 5524 aut
3248 5469 3652 5539 orbicularem,
3685 5464 3782 5526 aut

395 5539 652 5593 ciebatur
681 5541 738 5593 in
769 5536 1008 5604 circum,
1032 5537 1213 5592 fuisse
1234 5536 1343 5592 sub
1375 5536 1746 5593 camelaucio.
1786 5536 2035 5608 Apparet
2145 5538 2399 5608 conicam
2436 5537 2705 5608 figuram.

394 5613 623 5678 tegmen
665 5609 834 5676 illud,
876 5609 1165 5664 mmniano
1215 5609 1645 5734 superpositum
1689 5607 2032 5681 (umbellam
2213 5608 2328 5680 (71)
2361 5607 2534 5662 Erant
2576 5609 2729 5664 enim
2772 5611 3022 5679 quatuor
3063 5615 3116 5666 ta

397 5685 499 5732 aut
529 5679 849 5733 meniscum
871 5679 1169 5734 appelles).
1193 5679 1343 5734 auod
1368 5697 1402 5734 ι)
1429 5681 1624 5734 uviam
1646 5678 1940 5734 solemoue
1962 5679 2031 5734 ab
2144 5679 2282 5734 aula
2311 5677 2570 5734 singulos
2602 5677 2951 5734 domesticos
2974 5680 3116 5734 habe

397 5677 499 5732 aut
529 5679 849 5733 meniscum
871 5679 1169 5750 appelles),
1193 5679 1343 5749 quod
1368 5677 1624 5750 pluviam
1646 5677 1940 5749 solemque
1962 5679 2031 5734 ab
2144 5679 2282 5748 gula
2306 5677 2570 5750 singulos
2602 5677 2951 5735 domesticos
2974 5680 3121 5738 habe

3166 5616 3334 5677 mata,
3379 5627 3622 5738 Ἕιοιιοω
3656 5611 3778 5667 sin-

3168 5688 3304 5738 ant:
3339 5699 3399 5738 sc
3447 5683 3570 5738 olm.
3603 5699 3775 5738 excu-

398 5688 499 5732 aut
529 5688 849 5733 meniscum
871 5688 1169 5750 appelles),
1193 5688 1343 5749 quod
1368 5688 1624 5750 pluviam
1646 5688 1940 5749 solemque
1962 5688 2031 5734 ab
2144 5688 2282 5748 gula
2311 5688 2570 5750 singulos
2602 5688 2951 5735 domesticos
2975 5688 3304 5738 habebant:
3339 5699 3399 5740 sc

398 5763 464 5804 eo
495 5754 732 5816 arceret,
767 5750 946 5804 fuisse
987 5751 1406 5806 camelaucium
1459 5759 1760 5823 propterea
1786 5751 2032 5822 dictum,
2143 5751 2378 5822 bitores,
2411 5751 2660 5806 hicanati
2684 5756 2740 5805 et
2769 5752 3017 5806 numeri.
3318 5773 3322 5779 ·

3447 5683 3570 5750 olm,
3603 5699 3775 5739 excu-
