4136 6302
28 5540 84 5682 ἴὲ

23 5743 36 5766 ὁ

264 366 382 430 569
1138 364 1241 428 DE
1285 365 1732 430 CERIMONIIS
1774 366 1926 432 AUL

2048 367 2530 433 BYZANTINIE
2569 369 2720 434 LIB.
2763 370 2815 432 Ι.
3565 370 3683 441 570

274 505 341 562 Oi.
372 502 609 578 κράκται
636 523 650 540 ο
703 525 731 555 ‹‹
760 505 876 557 Τῶν
920 499 1187 577 βασιλέων
1213 517 1227 534 ·
1272 522 1300 551 ιι
1353 501 1381 555 6
1430 499 1560 562 λαός
1593 516 1609 534 ⁸
1661 524 1689 553 ‹‹
1735 500 1926 560 Ηολλὰ

2040 505 2185 562 bus!
2229 526 2258 556 ι)
2290 504 2540 577 populus
2572 522 2587 562 :
2626 524 2649 556 α
2686 506 2830 576 Ιωο,
2862 504 3129 575 Domine,
3177 504 3396 562 multos
3454 505 3594 578 ipsis
3623 510 3682 564 et

274 592 346 649 τά
373 587 493 664 ἔτη.
545 615 575 644 »
607 591 676 649 Οἱ
715 591 982 666 κράκται⁶
1045 613 1077 644 α
1131 587 1286 645 Καλὰ
1331 589 1400 644 τὰ
1453 584 1546 660 ἔτη
1606 593 1715 645 τῶν
1777 591 1932 666 βασι.

284 679 424 738 λέων
451 697 466 714 ’
499 703 529 734 »
566 681 596 734 6
629 679 761 742 λαός
785 699 796 712 ·
834 704 860 731 ‹‹
888 677 995 737 Ναὶ
1047 678 1234 754 Κύριε,
1265 675 1452 734 πολλᾶ
1496 678 1586 732 καὶ
1633 677 1779 734 καλά
1823 699 1932 734 των

280 771 350 826 τὶ
386 765 504 840 ἔτη.
541 794 570 821 ››
602 771 669 826 Οἱ
717 768 984 843 κράκται·
1037 790 1065 818 ‹‹
1115 767 1222 822 Καὶ
1267 769 1378 822 τῶν
1419 765 1747 842 Αὐγουστῶν
1772 784 1786 797 ·
1843 790 1872 818 ››
1903 767 1934 822 6

285 857 417 922 λαός
443 877 456 892 ·
494 881 524 908 ‹‹
557 855 750 913 Πολλὰ
779 857 845 911 τὰ
893 853 1010 927 ἔτη.
1037 878 1062 905 ι)
1094 855 1161 912 Οἱ
1192 855 1416 932 κράκται
1442 873 1458 892 ο
1491 878 1519 907 ιι
1552 852 1706 912 Καλά
1735 876 1842 912 των
1868 855 1936 912 τὰ

280 943 416 1018 ἔτη·
453 969 483 999 ‹‹
514 948 544 1001 6
593 944 764 1010 λαός·
799 970 827 999 ι(
872 944 973 1000 Ναὶ
1023 942 1204 1020 Κύριε,
1257 941 1445 999 πολλὰ
1501 946 1590 998 καὶ
1646 941 1790 999 καλά
1825 965 1934 1000 των

279 1038 346 1091 τὰ
375 1031 495 1106 ἔτη.
538 1059 568 1087 ››
618 1035 686 1093 Οἱ
742 1037 1006 1110 κράκταιο
1043 1057 1071 1086 ‹‹
1129 1038 1250 1090 Τῶν
1306 1035 1828 1112 πορφυρογεννήτων
1853 1051 1868 1065 '
1903 1058 1931 1086 »

283 1127 310 1181 6
341 1125 513 1186 λαόςο
549 1148 578 1177 ‹‹
617 1123 812 1180 Πολλᾶ
864 1125 932 1180 τὰ
988 1118 1107 1193 ἔτη.
1162 1146 1192 1175 »
1251 1123 1318 1181 Oi
1364 1122 1592 1197 κράκται
1622 1140 1636 1156 ⁸
1698 1147 1727 1176 ‹‹
1779 1122 1934 1180 Καλά

279 1234 386 1268 των
433 1213 502 1270 τὰ
560 1210 694 1284 ἔτη’
729 1236 757 1264 ››
820 1212 848 1268 6
901 1212 1071 1275 λαός·
1114 1234 1143 1263 ι(
1203 1211 1306 1270 Ναὶ
1368 1210 1548 1285 Κύριε,
1598 1209 1786 1267 πολλὰ
1839 1211 1931 1267 καὶ

280 1301 425 1358 καλά
453 1324 562 1358 των
594 1302 661 1356 τὰ
690 1299 806 1372 ἔτη.
839 1325 867 1354 ιι
902 1301 1007 1357 Καὶ
1057 1301 1158 1356 εἶθ’
1197 1298 1370 1361 οὕτως
1418 1297 1738 1376 ἐπεύχονται
1786 1299 1932 1356 πάν-

281 1411 368 1452 τες
437 1390 832 1466 πολυχρόνιον.
887 1389 1120 1463 Σάξιμον
1274 1388 1594 1464 Εἷσέρχεται
1649 1389 1713 1444 τὸ
1768 1391 1930 1465 μέρος

283 1485 392 1535 τῶν
446 1479 727 1555 Πρασίνων
775 1478 915 1534 κατὰ
958 1478 1050 1532 τὸν
1119 1477 1496 1553 προρῥηθέντα
1557 1477 1726 1533 τύπον
1799 1477 1934 1552 μετὰ

279 1569 498 1624 καὶτοῦ
545 1565 866 1640 δομεστίκου
908 1572 1014 1620 τῶν
1065 1561 1387 1637 έξκουϐίτων
1432 1566 1521 1621 καὶ
1568 1570 1666 1623 106
1701 1568 1930 1642 τειχεώ-

285 1679 383 1714 του
423 1663 515 1713 καὶ
549 1661 648 1713 τοῦ
679 1655 974 1732 δημάρχου
1019 1657 1108 1711 καὶ
1146 1658 1250 1710 τῶν
1293 1651 1592 1730 τριϐούνων
1631 1656 1721 1711 καὶ
1774 1657 1933 1730 βικα-

287 1747 416 1821 ρίων
454 1746 544 1802 καὶ
589 1751 696 1802 τῶν
753 1743 1015 1819 δημοτῶν
1051 1749 1149 1800 106
1191 1743 1410 1818 μέρους.
1442 1745 1560 1819 Χρὴ
1611 1741 1668 1800 δὲ
1714 1733 1927 1812 εἰδέναι,

2039 593 2236 652 felices
2292 595 2518 653 annos!
2551 616 2580 647 π
2639 594 2966 652 Cantores:
2999 615 3030 646 ‹‹
3079 595 3151 652 Et
3177 593 3554 668 Augustabus
3585 613 3601 662 ;
3646 615 3679 646 υ

2037 683 2328 755 papulus:
2362 706 2392 735 α
2443 683 2655 741 Multos
2701 683 2921 742 annos!
2958 704 2988 735 »
3036 687 3310 742 Cantores
3343 701 3356 740 :
3390 707 3421 736 ιε
3459 685 3680 742 Felices

2039 773 2263 828 annos!
2298 794 2327 823 »
2361 773 2613 846 populus
2654 790 2724 830 ια
2756 776 2896 842 Imo,
2920 774 3180 843 Domine,
3214 773 3432 832 multos
3452 773 3596 846 ipsis
3624 781 3680 831 et

2038 861 2236 918 felices
2282 879 2468 918 annos
2523 860 2752 919 tribue!
2786 886 2813 913 »
2848 865 3114 920 Cantores
3146 880 3160 919 :
3226 886 3247 913 ι
3282 863 3678 936 Porphyroge-

2038 949 2218 1005 uitis:
2254 968 2280 999 ι
2341 949 2592 1021 populus
2621 966 2636 1005 :
2671 973 2698 1000 «
2736 950 2950 1008 Multos
3007 967 3190 1007 annos
3222 953 3236 1007 l
3272 973 3300 1001 »
3360 951 3674 1008 Cantores:

2038 1060 2065 1087 ‹‹
2098 1037 2312 1094 Felices
2341 1038 2488 1110 ipsis
2527 1038 2751 1094 annos!
2788 1061 2816 1088 »
2851 1040 3100 1111 populus
3132 1056 3146 1095 :
3180 1063 3211 1091 «
3237 1040 3381 1106 Imo,
3413 1040 3679 1110 Domine,

2037 1126 2256 1184 multos
2310 1126 2457 1198 ipsis
2511 1127 2660 1182 adde
2689 1131 2746 1182 et
2802 1128 2996 1185 felices
3055 1128 3280 1185 annos!
3316 1151 3344 1180 »
3377 1129 3678 1186 Postremo

2037 1231 2241 1272 omnes
2262 1217 2439 1271 vitam
2497 1214 2810 1286 longaevam
2840 1223 3243 1288 apprecantur.
3268 1217 3566 1274 Saximum
3602 1217 3678 1273 Il.

2038 1304 2234 1362 Factio
2263 1305 2527 1374 Prasina,
2561 1305 2672 1362 ritu
2706 1320 2884 1377 supra
2911 1305 3172 1377 exposito
3194 1321 3327 1362 cum
3357 1307 3677 1364 domestico

2036 1397 2458 1465 excubitorum,
2492 1397 2758 1469 praefecto
2811 1411 3138 1467 murorum,
3175 1396 3483 1452 demarcho
3511 1397 3678 1458 item.

2037 1485 2309 1553 tribunis,
2331 1485 2563 1542 vicariis
2587 1490 2643 1540 et
2657 1484 2924 1540 factionis
2938 1484 3067 1556 ejus
3095 1481 3310 1556 populo
3328 1484 3677 1556 ingreditur.

2037 1577 2116 1629 De
2145 1571 2369 1645 reliquo
2400 1574 2722 1630 notandum
2741 1581 2848 1641 est,
2868 1573 3192 1630 secundum
3211 1571 3559 1630 cerimonias
3580 1573 3683 1628 ad-

2035 1663 2244 1720 ductas
2273 1662 2382 1718 hoc
2404 1662 2576 1718 etiam
2620 1662 2915 1718 saximum
2963 1662 3086 1718 sine
3118 1661 3238 1718 ulla
3265 1661 3678 1719 immutatione

2035 1750 2337 1819 celebrari,
2383 1755 2659 1822 praeterea
2715 1751 2870 1822 quod
2902 1751 3124 1806 tribuni
3172 1755 3230 1806 et
3258 1749 3453 1806 vicarii
3501 1767 3683 1807 aurea

280 1836 364 1893 ὅτι
425 1834 562 1892 κατὰ
617 1836 709 1891 τὸν
768 1832 1167 1910 πρτειρημένον
1234 1833 1405 1888 τύπον
1464 1832 1790 1889 ἐπιτελεῖται
1839 1836 1926 1889 καὶ

345 1929 372 1940 ην
523 1925 538 1940 ι
648 1923 690 1940 ρ.
885 1923 898 1940 ’
1057 1920 1116 1940 \‘
1149 1920 1159 1939 Ι
1417 1920 1438 1940 λ
1468 1923 1482 1940 κ
1594 1923 1608 1940 Ο
1745 1918 1776 1940 ρ
1814 1926 1841 1938 αι

2039 1844 2339 1912 segmenta
2361 1839 2574 1906 excisa,
2604 1839 2783 1895 curtis
2814 1838 3085 1905 manicis,
3115 1839 3360 1895 Prasina
3389 1853 3680 1910 russaque

280 1929 442 1981 10610
484 1925 547 1980 τὸ
601 1923 824 1998 σάξιμον
872 1920 1333 1997 ἀπαραλλάκτως,
1373 1920 1520 1990 πλὴν
1562 1923 1613 1977 οἱ
1650 1918 1926 1997 τριϐοῦνοι

2039 1929 2482 1986 induant.Idem
2513 1931 2732 1987 ritusin
2761 1931 3033 2001 Augustas
3056 1929 3234 1985 etiam
3263 1927 3526 1987 convivio
3557 1943 3681 1985 ser-

278 2014 368 2069 καὶ
403 2016 454 2069 οἱ
489 2013 733 2090 βικάριοι
761 2005 1192 2087 περιϐέϐληνται
1233 2010 1301 2065 τὰ
1344 2011 1763 2085 χροσοσήμεντα
1811 2008 1928 2066 δια.

2037 2023 2223 2072 vatur.

276 2105 453 2158 κοπτᾶ
498 2103 870 2176 κοντομάνικα
925 2098 1162 2176 Πράσινά
1206 2119 1265 2155 τε
1301 2101 1387 2155 καί
1450 2099 1660 2174 ῥούσια.
1695 2100 1908 2170 Ἰστέον,
1949 2101 2030 2156 δτι
2080 2100 2214 2174 αὕτη
2263 2105 2298 2174 ἡ
2355 2103 2503 2176 τάξις
2561 2105 2739 2162 ἅπασα
2778 2103 3107 2162 ἐπιτελεῖται
3159 2103 3249 2160 καὶ
3307 2102 3393 2160 ἰπὶ
3431 2107 3530 2159 τοῦ
3581 2104 3684 2158 αὐ-

275 2197 599 2268 γουστιακοῦ
628 2191 968 2268 κλητωρίου.

881 2311 1147 2366 ΚΕΦΑΛ.
1193 2312 1309 2377 ac.

277 2402 414 2454 Ὅσα
466 2395 1060 2474 δεῖᾷπαρ-αφυλάττειν,
1096 2393 1330 2474 ,δεξίμου
1386 2394 1677 2474 γινομένῳ
1741 2394 1796 2452 ἒν
1856 2395 1928 2474 τῇ

354 2472 590 2542 μυστικῇ
622 2465 798 2548 φιάλη
828 2473 926 2523 τοῦ
955 2465 1283 2543 τρικὸγχοο,
1315 2465 1594 2541 χειμῶνος
1633 2465 1788 2530 ὄντος
1836 2465 1927 2524 καὶ

358 2543 557 2616 βιαίων
583 2539 820 2616 άνὲμων,
845 2539 940 2616 καὶ
976 2541 1052 2612 μὴ
1104 2538 1538 2614 συγγωρούντων
1582 2540 1828 2614 γενέσθαι
1872 2538 1924 2594 έν

360 2584 555 2632 πυτς-υς-
584 2584 820 2628 rvi-ww
853 2584 940 2594 ----
976 2584 1052 2612 ι--ι

352 2633 476 2673 ταις
507 2615 560 2684 εξ
590 2614 740 2674 εθους
769 2610 1005 2688 φιάλεσι.

361 2701 446 2755 A'.
491 2697 848 2774 Προέρχονται
893 2697 964 2773 τῇ
1014 2699 1152 2772 αὐτῇ
1201 2697 1383 2773 ἡμέρᾳ
1434 2695 1674 2773 ἐννύχιοι
1732 2698 1926 2772 πατρί-

285 2808 406 2842 κιοι
435 2787 526 2843 καί
573 2788 861 2864 στρατηγοὶ
908 2787 1000 2843 καὶ
1055 2791 1199 2842 πᾶσα
1238 2789 1274 2856 ὴ
1308 2785 1638 2862 σύγκλητος,
1667 2788 1759 2842 καὶ
1805 2782 1926 2844 ἔκα-

291 2899 419 2941 στος
447 2879 619 2934 αὐτῶν
648 2877 908 2936 ἀλλάσσει
956 2881 1057 2950 τήν
1087 2876 1228 2935 ῗδίαν
1281 2879 1506 2950 στολήν,
1539 2880 1567 2934 6
1607 2877 1665 2934 δὲ
1692 2881 1791 2949 τῆς
1829 2899 1930 2934 κα-

276 2967 584 3030 ταστάσεως
642 2968 792 3044 λέγει
845 2973 926 3041 τῷ
981 2968 1346 3044 πραιποσίτῳ,
1398 2968 1474 3032 ὡς
1528 2968 1611 3023 ὅτι
1660 2968 1728 3024 τὰ
1787 2965 1925 3043 μέρη

269 3053 468 3128 ἕτοιμά
528 3056 687 3126 εἶσιν,
736 3059 792 3112 οἱ
835 3055 1118 3133 δήμαρχοι
1175 3058 1405 3135 ἤνεγκαν
1465 3058 1532 3112 τὰ
1599 3052 1929 3131 λιόελλάρια

2631 2315 2865 2373 CAPUT
2897 2315 3086 2375 LXVI.

2038 2399 2415 2474 Obseruantia,
2429 2403 2486 2474 si
2510 2400 2798 2474 dominium
2836 2404 2899 2459 in
2939 2407 3147 2459 secreta
3172 2402 3363 2474 phiala
3392 2399 3686 2458 triconchii

2107 2470 2328 2528 institui
2384 2470 2538 2530 debet
2581 2472 2809 2530 hiberno
2845 2480 3089 2544 tempore
3146 2470 3200 2529 et
3251 2475 3424 2528 ventis
3479 2474 3686 2528 acriter

2107 2546 2412 2669 σοῗειῖιοξὶε,
2435 2545 2534 2616 qui
2562 2561 2673 2601 non
2699 2547 3046 2616 permittunt,
3077 2553 3140 2600 ut
3167 2545 3348 2601 solitis
3389 2545 3452 2599 in
3477 2544 3684 2616 phiala

2107 2630 2170 2670 ce
2256 2631 2316 2670 re
2340 2632 2427 2670 ur.

2109 2703 2153 2761 Ι.
2185 2703 2362 2760 Nocte
2391 2706 2520 2775 ejus
2549 2705 2662 2760 diei
2693 2704 2938 2777 patricii,
2969 2704 3208 2776 strategi
3223 2707 3279 2761 et
3309 2707 3546 2761 senatus
3566 2717 3690 2758 om-

2038 2795 2152 2859 nis,
2184 2793 2402 2865 singuli
2455 2795 2716 2851 vestibus
2745 2794 2988 2852 mutatis
3017 2794 3362 2866 procedunt,
3393 2792 3548 2848 I78
3589 2807 3684 2848 ce-

2039 2882 2413 2939 rimoniarius
2453 2885 2782 2955 praeposito,
2835 2882 3112 2939 factiones
3141 2887 3370 2954 paratas
3399 2897 3549 2950 esse,
3588 2881 3687 2936 de-

2037 2972 2306 3028 marcbos
2324 2971 2556 3029 libellos
2568 2972 3053 3044 attulisse,inque
3075 2971 3390 3028 Iustiniani
3425 2969 3684 3026 triclinio

2037 3061 2096 3116 in
2119 3061 2427 3118 consulum
2469 3061 2727 3119 scamnis
2763 3061 2988 3128 adesse,
3043 3060 3294 3117 nuntiat.
3336 3060 3502 3115 Tunc
3534 3075 3683 3131 pra:-

271 3144 477 3214 αὖτῶν,
509 3147 599 3201 καὶ
657 3144 712 3200 ἒν
767 3151 846 3218 τῷ
885 3149 1252 3220 Ἰουστινιανῷ
1295 3144 1556 3222 τρικλίνῳ
1594 3145 1673 3210 εἷς
1717 3146 1784 3201 τὰ
1820 3150 1926 3202 τῶν

2039 3151 2287 3224 positus.
2317 3150 2665 3222 tripetonem
2698 3166 2826 3207 cum
2868 3149 3144 3206 omnibus
3183 3147 3559 3236 cubiculariis
3591 3147 3683 3236 in-

270 3234 492 3290 ὓπάτων
536 3233 750 3308 σκάμνα
781 3233 1121 3310 ἐκδέχονται.
1150 3235 1250 3289 Καὶ
1319 3235 1346 3290 6
1395 3238 1755 3310 πραιπόσιτος
1816 3233 1927 3290 εἷσ-

272 3319 449 3385 ελθὼν
501 3321 556 3377 έν
608 3327 690 3395 τῷ
756 3324 1044 3398 τριπέτωνι
1105 3315 1239 3394 μετᾶ
1289 3321 1502 3378 πάντων
1550 3326 1648 3378 106
1695 3319 1927 3377 κουϐου-

271 3409 494 3484 κλείου,
533 3413 865 3488 προστάσσει
893 3412 1022 3476 τοὺς
1078 3413 1388 3489 ὀστιαρίους
1436 3407 1625 3469 λαϐεῖν
1683 3414 1749 3468 τὰ
1800 3413 1928 3488 βερ-

274 3502 367 3576 γία
416 3502 619 3572 αὐτῶν,
669 3502 761 3558 καὶ
807 3502 1230 3579 δηριγευόμινος
1276 3504 1366 3559 ὑπ’
1414 3503 1610 3571 αὐτῶν,
1651 3503 1928 3578 ἐξέρχεται

277 3591 353 3652 εἰς
405 3593 474 3648 τὸ
523 3591 843 3663 λαυσιακὸν,
873 3593 1088 3649 κάκεῖσε
1145 3591 1361 3668 δέχεται
1401 3593 1559 3648 αὐτὸν
1611 3594 1639 3649 6
1685 3599 1786 3663 τῆς
1824 3614 1926 3648 κα-

274 3683 582 3745 ταστάσεως
643 3685 778 3756 μετὰ
815 3689 923 3738 τῶν
973 3681 1372 3758 σιλεντιαρίων,
1415 3683 1531 3740 εἶτα
1585 3684 1784 3739 ἐκεῖθεν
1823 3682 1924 3757 δη-

275 3770 629 3847 ριγευόμενος
679 3772 784 3828 ὑπὸ
829 3776 936 3828 τῶν
980 3776 1079 3829 τοῦ
1127 3768 1520 3828 κοοϐουκλείου
1568 3772 1658 3827 καὶ
1696 3777 1793 3829 106
1821 3781 1922 3845 τῆς

271 3860 677 3931 καταστάσεως,
724 3860 870 3918 ἀλλὰ
931 3864 1038 3936 μὴν
1092 3861 1184 3916 καὶ
1223 3865 1334 3917 τῶν
1413 3860 1783 3935 σιλεντιαρίων
1833 3863 1923 3919 καὶ

272 3954 384 4004 τῶν
437 3949 728 4026 ὀστιαρίων
781 3951 1155 4026 βασταζόντων
1201 3953 1270 4006 τὰ
1315 3950 1505 4027 βεργία
1543 3948 1743 4020 αὒτῶν,
1776 3951 1922 4028 ἐξέρ-

271 4057 434 4114 χεται
485 4038 538 4094 έν
595 4043 674 4112 τῷ
713 4041 1078 4112 Ἰουστινιανῷ
1124 4037 1407 4116 τρικλίνῳ.
1433 4041 1550 4115 Χρὴ
1610 4037 1667 4096 δὲ
1705 4038 1920 4116 εἰδέναι,

273 4126 382 4196 ὅτι,
412 4131 513 4182 106
563 4126 925 4200 πραιποσίτου
977 4125 1407 4204 δηριγευομένου
1451 4127 1540 4184 διὰ
1567 4133 1662 4184 106
1693 4127 1919 4185 λαυσια-

269 4219 394 4283 κοῦ,
443 4215 750 4272 ἀνίστανται
798 4215 1030 4280 πάντες’
1089 4221 1157 4291 τῇ
1203 4217 1305 4294 γάρ
1379 4216 1559 4292 ἡμέρᾳ
1615 4217 1786 4293 ἐκείνῃ
1847 4220 1922 4282 ὡς

272 4303 334 4358 ἐκ
361 4305 662 4378 προσώπου
692 4309 790 4360 106
834 4304 1105 4380 βασιλέως
1154 4302 1451 4381 διέρχεται,
1482 4307 1570 4361 καὶ
1623 4303 1714 4361 διὰ
1757 4311 1918 4364 τοῦτο

275 4391 604 4471 φυλάττεται
651 4395 686 4462 ἡ
719 4393 866 4464 τάξις
897 4394 984 4448 καὶ
1025 4396 1060 4464 ἡ
1092 4396 1226 4467 τιμὴ
1261 4393 1455 4456 οὕτως.
1490 4396 1549 4448 Oi
1585 4392 1642 4450 δὲ
1670 4399 1766 4450 106
1797 4417 1922 4451 κου-

2035 3254 2298 3310 gressus,
2327 3238 2597 3294 ostiarios
2624 3238 2814 3310 virgas
2863 3255 3000 3294 suas
3035 3252 3269 3294 sumere
3289 3235 3478 3307 jubet,
3519 3244 3574 3291 et
3602 3234 3676 3290 ab

2037 3329 2131 3385 bis
2169 3329 2439 3400 stipatus,
2470 3330 2543 3386 ad
2564 3327 2917 3395 lausiacum,
2941 3327 3041 3384 ubi
3071 3344 3204 3385 cum
3237 3324 3680 3384 cerimoniarius

2037 3433 2171 3473 cum
2199 3416 2538 3474 silentiariis
2567 3421 2886 3489 exspectat,
2941 3415 3080 3472 inde
3108 3413 3504 3482 cubiculariis,
3535 3411 3679 3470 ceri-

2037 3505 2347 3573 moniario,
2387 3505 2726 3562 silentiariis
2781 3509 2840 3561 et
2896 3503 3154 3562 ostiariis
3180 3518 3317 3559 cum
3345 3503 3527 3573 virgis
3557 3502 3682 3556 suis

2035 3593 2454 3650 comitantibus
2483 3594 2554 3650 ad
2586 3593 2906 3650 Justiniani
2936 3591 3254 3649 triclinium
3285 3589 3679 3662 progreditur.

2035 3682 2473 3740 Observandum
2505 3687 2614 3749 est,
2665 3681 2976 3755 preposito
3031 3697 3136 3754 per
3163 3679 3483 3736 lausiacum
3543 3692 3676 3734 cum

2032 3771 2348 3828 comitibus
2377 3772 2729 3844 procedenti,
2769 3787 2981 3827 omnes
3001 3782 3345 3840 assurgere:
3379 3767 3488 3822 hoc
3519 3765 3673 3822 enim

2031 3860 2126 3916 die
2155 3877 2465 3934 personam
2496 3858 2865 3931 imperatoris
2921 3858 3191 3925 sustinet,
3225 3871 3406 3928 quare
3443 3859 3500 3910 et
3529 3854 3674 3910 ritus

2030 3949 2187 4006 idem
2218 3965 2285 4006 ac
2314 3949 2497 4006 bonos
2520 3949 2686 4020 ipsis,
2707 3953 2772 4004 ut
2801 3947 3072 4021 principi,
3103 3946 3372 4002 habetur.
3393 3941 3675 4001 Cubicula

2029 4038 2281 4112 praefecti
2311 4040 2371 4094 in
2403 4046 2648 4111 utroque
2675 4037 2936 4109 ejusdem
2994 4033 3230 4092 triclinii
3285 4032 3463 4089 latere
3493 4035 3673 4102 stant,

2030 4127 2088 4182 in
2125 4126 2316 4184 medio
2347 4127 2609 4198 ipsorum
2631 4125 3001 4198 praepositus.
3034 4125 3199 4180 Tunc
3215 4120 3510 4178 demarchi
3541 4135 3674 4177 cum

2029 4215 2242 4272 libellis
2271 4217 2534 4283 veniunt,
2568 4231 2783 4288 perque
2814 4214 3071 4271 medium
3119 4210 3447 4269 cubiculum
3479 4217 3674 4264 trans-

2028 4314 2234 4362 euntes
2259 4306 2329 4361 ad
2361 4305 2736 4378 praepositum
2768 4305 3068 4370 accedunt,
3099 4317 3348 4375 eumque
3389 4299 3670 4357 adorant:

2028 4394 2176 4466 ipse,
2206 4394 2484 4450 inclinato
2514 4394 2754 4466 paulum
2785 4409 3044 4466 corpore,
3086 4391 3336 4458 libellos,
3367 4406 3515 4462 quos
3545 4390 3668 4444 sin-

277 4475 570 4536 6ουκλείου
627 4480 890 4556 ἄρχοντες
943 4480 1187 4538 ἵστανται
1237 4480 1289 4538 έν
1339 4487 1419 4555 τῷ
1463 4485 1611 4556 αὐτῷ
1657 4483 1920 4560 τρικλίνῳ

2039 4485 2200 4556 gulos
2229 4483 2344 4541 duo
2366 4483 2664 4540 demarchi
2694 4487 2916 4550 tenent,
2949 4498 3135 4538 unum
3167 4479 3552 4554 imperatoris,
3588 4478 3676 4534 al-

277 4564 423 4624 ἕνθεν
483 4570 574 4625 καὶ
626 4565 792 4638 ἔνθεν,
849 4571 938 4626 καὶ
997 4572 1026 4626 6
1083 4572 1441 4646 πραιπόσιτος
1504 4573 1665 4646 μέσον
1725 4572 1918 4631 αὐτῶν.

280 4657 416 4712 Εἶτα
444 4653 697 4732 ἔρχονται
753 4659 807 4712 οἱ
855 4655 1141 4737 δήμαρχοι
1179 4658 1528 4732 βαστάζοντες
1569 4655 1920 4735 λιϐελλάρια,

278 4745 366 4800 καὶ
405 4742 756 4821 διερχόμενοι
833 4746 992 4820 μέσον
1047 4751 1144 4802 τοῦ
1200 4742 1616 4819 κονόουκλείου,
1682 4747 1921 4816 πλησιά-

281 4838 430 4902 ζουσι
477 4838 554 4906 τῷ
608 4836 982 4912 πραιποσίτῳ,
1013 4835 1100 4890 καὶ
1153 4839 1542 4910 προσκυνοῦσιν
1597 4839 1784 4909 αὐτῷ’
1831 4839 1922 4894 καὶ

2031 4577 2223 4629 terum
2255 4571 2552 4644 praepositi
2583 4571 2840 4638 nomine,
2873 4569 3098 4642 recipit.
3131 4569 3272 4626 Inde
3316 4584 3452 4624 vero
3481 4583 3677 4624 rever-

2032 4679 2154 4728 sus,
2188 4677 2320 4717 cum
2351 4660 2600 4717 solemni
2638 4661 2913 4717 comitatu
2976 4659 3268 4716 dictorum
3324 4657 3674 4730 tripetonem

2031 4751 2197 4824 petit,
2231 4750 2328 4807 ubi
2361 4765 2674 4824 parumper
2723 4753 3009 4816 moratus,
3053 4749 3198 4816 abit,
3246 4761 3572 4818 omnesque
3600 4744 3673 4800 ad

2031 4857 2172 4898 suos
2209 4839 2416 4896 ordine
2444 4855 2506 4896 se
2533 4839 2862 4896 conferunt.
2913 4837 3134 4896 Paratis
3164 4836 3538 4902 factionibus,
3569 4848 3678 4888 va-

1307 5031 1508 5091 JOAN.
1548 5032 1690 5091 JAC.
1735 5035 1997 5094 REISKII
2025 5033 2601 5094 COMMENTARIUS.

281 5204 504 5282 μέγιστα
525 5205 664 5282 τοὺς
693 5209 821 5282 [pro
875 5205 1270 5282 106106;],0i’c
1326 5204 1760 5282 ἰναπομάξασεξαι
1818 5205 1928 5282 οἷοί

277 5260 605 5352 τε-’ἃννᾳεῖεν
892 5260 1629 5352 γαῦτοῖςἿῖὶποκεκρυμιλένδν
1684 5273 1925 5352 δυσαλθῆ

278 5347 366 5425 καὶ
391 5346 639 5425 χαλεπᾷν
677 5348 945 5425 ἰόνηῌροο
963 5351 1093 5425 jam
1127 5349 1310 5425 Plato_
1339 5346 1398 5406 i'n
1425 5346 1926 5425 ῬᾘὶξθὺοῃςΖῶγςες

284 5417 724 5490 οὗκ”’ἆνθρώπου
776 5417 896 5545 Ξίον
954 5417 1100 5474 ἀλλὰ
1183 5418 1484 5492 πνεύμονος
1530 5420 1566 5490 ἢ
1639 5423 1748 5475 τῶν
1829 5419 1928 5475 ὅσα

285 5489 547 5545 Θαλάττια
609 5493 723 5545 μετ’
810 5490 1030 5545 στοείων
1089 5483 1315 5545 gmide
1345 5491 1458 5545 ἐστι
1515 5490 1804 5545 σωμάτων.
1860 5494 1925 5545 In

285 5483 547 5566 ραλάττια
572 5563 586 5566 Α
609 5493 723 5563 μετ’
776 5483 1030 5564 ὀστρείων
1052 5483 1479 5566 ’ἔμψυχάῖστί
1515 5483 1804 5566 σωμάτων.
1840 5494 1925 5566 _In

284 5562 624 5637 Thucydide
656 5562 899 5637 quoque
955 5570 1012 5637 et
1050 5562 1433 5637 Demosthene
1485 5564 1727 5637 vestigia
1751 5564 1927 5637 hujus

284 5651 430 5692 usus
452 5631 581 5707 ’φο
609 5631 1095 5707 deprehendisse
1129 5635 1394 5707 memini,
1428 5631 1773 5707 οῑ-ὅδείῆὃε,
1801 5631 1928 5688 168s

282 5706 430 5766 nihil
462 5705 626 5764 aliud
686 5702 780 5762 est
826 5718 1004 5775 quam
1033 5702 1085 5771 6,
1116 5703 1176 5773 ἡ,
1202 5704 1266 5758 τὸ
1297 5702 1399 5776 pro
1447 5702 1618 5769 οὗτος
1646 5702 1924 5779 positum.

2037 5210 2331 5282 superﬂuo
2386 5209 2585 5268 addito
2639 5209 2720 5278 δι,
2777 5208 2923 5266 nihil
2953 5204 3360 5282 signiﬁcante.
3421 5199 3682 5257 Herodes

2029 5279 2261 5368 Atticus
2276 5352 2292 5368 ἱ
2308 5279 2994 5368 inﬁdedi‘catione‘templi
3019 5297 3034 5336 :

2033 5352 2331 5428 ’Ἐμμιχάρ
2363 5349 2822 5428 ἰιρώδηςς,ὶιρῇν
2853 5345 2949 5404 ἀνόι
2966 5353 3123 5428 is?!"
3152 5345 3285 5428 ἓηὲε
3416 5408 3458 5428 ,ι

2031 5410 2159 5492 ἰ’-ἦν’
2199 5410 2312 5497 [EE
2342 5440 2392 5482 θ.
2431 5410 2695 5493 ’ταύτην],
2723 5410 2916 5492 ’ὅσσην
2971 5410 3094 5494 περὶ
3160 5410 3371 5497 τεῖχος,
3413 5410 3681 5487 ἐΰτροχον

3160 5483 3570 5560 [ἐστεφάνωται.

2029 5565 2131 5623 Vel
2163 5567 2336 5639 etiam
2394 5568 2593 5637 posset
2625 5563 2716 5618 hic
2747 5562 2858 5639 loci
2885 5551 3356 5639 tavuacgipi‘prb
3376 5551 3553 5639 1:6va
3583 5553 3684 5639 in-

2030 5622 2412 5710 terrogative,‘
2425 5649 2788 5710 quarumnam
2811 5635 2840 5691 ?
2868 5641 2932 5710 ut
2958 5637 3067 5689 τῶν
3096 5622 3394 5694 ϐασιλέων,
3425 5622 3534 5676 τών
3568 5625 3691 5679 Αὖ-

2028 5706 2302 5781 γουστῗῦν,
2349 5711 2464 5764 etc.
2497 5706 2802 5772 responsio
2831 5707 2930 5763 sit.
