4136 6302
437 391 558 452 578
1514 379 2049 448 CONSTANTINI
2092 375 2784 443 PORPHYROGENITI
3725 371 3842 432 576

510 521 606 576 ιν.
638 519 933 577 Prmfectis
965 517 1240 577 omnibus
1278 516 1554 589 egressis,
1603 515 1914 587 imperator
1942 528 2076 569 cum

2263 514 2334 565 A'.
2368 505 2472 564 Καὶ
2523 506 2740 562 πάντων
2795 508 2904 561 τῶν
2963 502 3249 589 άρχόντων
3301 500 3656 572 έξελθὸντων,
3695 500 3842 573 μένει

440 612 562 671 solo
586 610 860 668 cubiculo
891 615 1174 673 remanet,
1197 606 1532 679 praepositus
1556 621 1710 672 vero,
1741 605 1980 675 dempta
2009 602 2081 659 ab

438 702 569 774 ejus
598 699 787 773 capite
803 715 1038 767 corona,
1057 696 1359 774 vestitores
1380 699 1569 764 vocat,
1593 699 1658 751 ut
1684 693 1797 766 ipsi
1820 693 2080 750 tunicam

437 792 673 845 exuant.
702 787 797 843 Sic
827 801 857 842 e
881 785 1180 841 triconcho
1204 799 1306 855 per
1325 784 1562 839 easdem
1588 783 1847 856 porticus
1869 781 2084 853 digres-

440 894 566 946 sus,
599 876 671 931 ad
703 889 948 930 aureum
981 871 1319 928 cubiculum
1365 871 1507 937 abit,
1558 872 1898 944 praepositus
1926 885 2083 937 vero,

440 967 689 1021 duarum
706 963 1021 1020 factionum
1039 961 1652 1034 apocombiosumpto,
1668 958 1921 1016 cubiculi
1939 974 2085 1031 pras-

438 1053 602 1110 fectis
655 1051 1096 1121 comitantibus,
1125 1066 1229 1123 per
1281 1051 1539 1122 porticus
1593 1051 1661 1106 ad
1693 1047 2082 1120 hemicyclum

438 1139 648 1213 phialae
678 1139 964 1196 trieonchi
991 1139 1134 1209 abit,
1157 1142 1216 1194 et
1242 1137 1303 1193 in
1329 1138 1452 1194 loca
1473 1137 1750 1194 inferiora
1771 1134 2084 1208 prospicit;

439 1229 643 1286 Veneti
673 1234 872 1286 autem
903 1229 1167 1286 tunicam
1199 1227 1501 1283 demarchi
1532 1227 1626 1283 sui
1649 1242 1964 1298 expensam
1996 1229 2084 1280 te-

441 1325 668 1388 nentes,
699 1319 1099 1390 apocomhium
1120 1317 1192 1372 ab
1216 1317 1562 1388 imperatore
1593 1332 1692 1387 per
1710 1314 2084 1387 praepositum

441 1408 590 1481 ipsis
612 1408 857 1464 missum
881 1406 1202 1479 recipiunt:
1226 1406 1500 1477 idemque
1519 1409 1576 1461 et
1601 1405 1819 1461 Prasini
1845 1404 2081 1459 faciunt.

442 1497 537 1552 Sic
567 1495 911 1568 praepositus
941 1511 1072 1550 cum
1105 1493 1374 1551 cubiculo
1432 1495 1614 1550 redit:
1668 1501 1724 1549 at
1769 1492 2087 1564 imperator

441 1600 645 1656 sagum
677 1601 851 1641 suum
882 1588 1122 1656 gestans
1153 1585 1333 1654 inque
1388 1584 1600 1639 throno
1633 1582 1920 1645 assidens,
1952 1597 2084 1653 pro-
2111 1633 2114 1636 .

445 1673 730 1728 motiones
754 1671 1074 1728 multorum
1099 1686 1407 1742 procerum
1431 1669 1658 1725 institui
1675 1669 1860 1740 jubet,
1877 1686 1908 1725 a
1929 1685 2087 1724 man-

443 1761 744 1816 datoribus
776 1776 878 1832 per
898 1776 1098 1816 omnes
1120 1759 1353 1815 ordines
1375 1775 1559 1831 usque
1581 1759 1652 1814 ad
1678 1757 2086 1831 protospatha-

2191 600 2219 652 6
2255 595 2512 674 βασιλεὺς
2556 595 2691 668 μετὰ
2718 594 2814 650 τοῦ
2845 587 3238 649 κουϐουκλείου
3273 590 3463 664 μόνου,
3487 592 3516 646 6
3556 589 3616 645 δε
3671 608 3839 663 πραι-

2189 687 2437 755 πύσιτος,
2481 679 2668 739 λαϐὼν
2691 683 2798 739 ἀπὸ
2826 690 2928 753 τῆς
2971 682 3219 760 κεφαλῆς
3259 681 3424 735 αὐτοῦ
3479 680 3542 734 τὸ
3598 678 3835 753 στέμμα,

2190 774 2585 852 προσκαλεῖται
2639 775 2767 835 τοὺς
2829 775 3180 849 βεστήτορας,
3247 771 3335 825 καὶ
3419 767 3835 824 ἀπαλλάσσουσι

2188 867 2288 936 τὴν
2323 861 2558 941 χλανίδα
2585 868 2688 918 τοῦ
2748 861 3040 939 βασιλέως.
3093 861 3204 919 Εἴθ’
3253 859 3426 923 οὕτως
3475 859 3754 935 ἐξέρχεται
3807 860 3835 914 ὁ

2191 955 2456 1017 Βασιλεὺς
2517 953 2622 1009 ἀπὸ
2677 957 2775 1008 τοῦ
2819 951 3146 1028 τρικόγχου,
3196 950 3289 1004 καὶ
3337 947 3613 1023 διέρχεται
3669 948 3837 1004 πάλιν

2194 1043 2284 1101 διὰ
2321 1049 2430 1100 τῶν
2471 1044 2650 1099 αὐτῶν
2701 1036 3054 1109 διαϐατικῶν,
3100 1041 3188 1095 καὶ
3229 1037 3527 1116 ἀπέρχεται
3560 1037 3636 1100 εἰς
3668 1038 3760 1092 τὸν
3797 1039 3842 1074 ⁴⁶

2193 1132 2665 1210 χρυσοτρίκλινον,
2709 1131 2798 1187 καὶ
2840 1133 2868 1186 ὁ
2925 1129 3305 1204 πραιπόσιτος,
3342 1122 3528 1183 λαϐων
3589 1127 3841 1200 ἆποκόμυ

2193 1218 2318 1278 ὄιον
2365 1226 2474 1277 τῶν
2528 1219 2622 1276 δύο
2678 1223 2880 1296 μερῶν,
2941 1217 3368 1295 δηριγευόμενος
3425 1217 3529 1272 ὑπὸ
3576 1220 3686 1288 τῷν
3745 1216 3842 1290 ἀρε

2192 1311 2406 1387 χόντων
2440 1315 2536 1366 τοῦ
2557 1305 2974 1378 κουϐουκλείου,
3034 1305 3308 1383 διέρχεται
3343 1304 3431 1360 διὰ
3485 1309 3594 1360 τῶν
3647 1299 3838 1360 διαϐαο

2191 1405 2377 1470 τικῶν,
2430 1399 2520 1454 καὶ
2567 1398 2866 1474 ἀπέρχεται
2897 1396 2948 1452 έν
3008 1401 3087 1469 τῷ
3126 1391 3449 1469 ἡμικυκλίῳ
3483 1393 3688 1471 φιάλης
3744 1397 3842 1448 τοῦ

2192 1491 2521 1565 τρικόγχου,
2559 1490 2651 1544 καὶ
2699 1488 3037 1563 παρακύπτει
3076 1487 3338 1555 κάτωθεν,
3389 1486 3442 1540 οἱ
3489 1483 3547 1540 δὲ
3603 1489 3701 1539 τοῦ
3756 1483 3845 1556 μέ-

2195 1599 2321 1655 ρους
2378 1582 2484 1632 τῶν
2542 1576 2772 1634 Βενέτων
2810 1580 3096 1652 κρατοῦσιν
3153 1573 3497 1648 ἡπλωμένην
3537 1576 3636 1643 τήν
3693 1570 3842 1648 χλα-

2192 1664 2314 1722 νίδα
2346 1668 2460 1740 (88)
2505 1669 2604 1722 τοῦ
2665 1663 2962 1744 δημάρχου
3000 1664 3197 1730 αὐτῶν,
3248 1662 3323 1726 εἰς
3372 1662 3438 1732 ἢν
3486 1660 3738 1737 δέχονται
3781 1662 3843 1716 τὸ

2194 1751 2538 1830 άποκόμϐιον
2566 1756 2629 1811 τὸ
2668 1752 2758 1810 διὰ
2795 1761 2892 1810 τοῦ
2923 1755 3289 1830 πραιποσίτου
3337 1754 3482 1827 παρᾶ
3533 1757 3630 1808 τοῦ
3692 1753 3844 1829 βασι-

441 1848 560 1904 rios
592 1865 933 1921 progressus
964 1868 978 1916 ;
1013 1849 1059 1904 si
1090 1847 1299 1922 placet,
1329 1853 1386 1903 et
1404 1848 1579 1903 etiam
1604 1847 1878 1918 patricios
1909 1850 2082 1903 creat.

2195 1845 2337 1908 λέως
2391 1846 2631 1924 πεμφθὲν
2662 1844 2866 1906 αὐτοῖς.
2925 1843 3172 1918 Ὁμοίως
3240 1841 3299 1898 δὲ
3336 1843 3425 1898 καὶ
3471 1844 3520 1898 οἰ
3585 1841 3844 1916 Πράσινοι

443 1936 546 1993 His
605 1939 876 2009 peractis,
935 1937 1278 1992 venerandae
1351 1953 1566 1992 mense
1642 1937 1701 1991 in
1768 1936 2085 1993 Justiniani

443 2025 702 2082 triclinio
732 2027 970 2094 assidet,
1004 2035 1058 2082 et
1106 2027 1318 2083 saxima
1375 2026 1595 2081 intrare
1645 2026 1833 2096 jubet.
1867 2026 2086 2082 Horum

439 2115 694 2186 primum
717 2115 1052 2172 cubiculum
1083 2123 1170 2170 est
1193 2133 1207 2183 ;
1233 2116 1292 2170 in
1342 2115 1595 2171 secundo
1627 2113 1827 2170 ordine
1856 2115 2087 2186 patricii

435 2219 570 2260 cum
628 2205 1116 2276 prolospathariis
1165 2219 1232 2260 ac
1280 2203 1505 2259 caeteris
1546 2202 1933 2274 imperatoriis
1979 2219 2085 2259 ve-

436 2293 605 2348 niunt
627 2308 643 2360 ;
666 2293 724 2347 in
746 2293 915 2348 tertio
929 2292 1293 2350 domesticus
1306 2291 1638 2348 scholarum
1662 2305 1797 2347 cum
1816 2291 2086 2358 factionis

437 2380 666 2437 Veneta
697 2381 1031 2438 transitorio
1063 2381 1295 2454 populo;
1319 2382 1377 2438 in
1401 2385 1608 2453 quarto
1631 2381 1929 2438 excubitor
1949 2398 2083 2438 cum

437 2469 691 2526 Prasina:
734 2471 1038 2540 factionis;
1069 2470 1128 2524 in
1163 2470 1376 2540 quinto
1402 2469 1610 2526 Veneti
1633 2485 1648 2536 ;
1668 2469 1729 2525 in
1761 2474 1922 2526 sexto
1955 2470 2086 2526 Pra-

442 2558 556 2614 sini
589 2558 935 2614 factionarii.
977 2558 1204 2630 Singuli
1263 2558 1469 2614 horum
1521 2557 1818 2626 ordinum,
1849 2563 2084 2630 accepto

2193 1936 2256 1991 τὸ
2304 1935 2440 1990 αὐτὸ
2487 1937 2756 1988 ποιοῦσιν.
2817 1933 2959 1991 Εἶτα
3018 1931 3346 2008 ὑποστρέφει
3402 1933 3429 1986 ὁ
3478 1929 3842 2004 πραιπόσιτος

2199 2025 2332 2097 μετὰ
2360 2029 2458 2079 τοῦ
2502 2019 2918 2093 κουϐουκλείου,
2970 2022 3062 2076 καὶ
3119 2025 3216 2076 τοῦ
3270 2019 3538 2096 βασιλέως
3569 2021 3847 2084 καθεσθέν-

2193 2135 2286 2174 τος
2320 2111 2408 2167 έπὶ
2430 2116 2526 2167 τοῦ
2557 2111 2796 2181 σέντζου,
2829 2114 3126 2190 φοροῦντος
3163 2111 3254 2164 καί
3309 2109 3372 2164 τό
3427 2111 3619 2184 σαγίου
3652 2109 3846 2176 αὑτοῦ,

2195 2203 2285 2257 καὶ
2324 2205 2420 2257 τοῦ
2468 2195 2860 2255 κουϐουκΑείου
2909 2200 2984 2254 εἰς
3034 2199 3124 2253 τὸν
3172 2197 3628 2273 χρυσοτρίκλινον
3682 2198 3844 2251 ἑστῶ-

2194 2312 2310 2362 τος,
2361 2290 2574 2347 κελεύει
2629 2290 2952 2364 εἰσαχθῆναι
3017 2289 3115 2350 τὰς
3173 2282 3453 2362 προϐολὰς
3511 2286 3839 2360 ἀξιωμάτων

2193 2378 2449 2448 πολλῶν,
2501 2378 2607 2434 ἀπό
2668 2399 2726 2434 τε
2787 2374 3154 2452 μανδατώρων
3207 2371 3661 2452 προαναϐιϐάζων
3719 2378 3843 2440 καθ’

2194 2471 2422 2537 ἑκάστην
2481 2469 2627 2538 τάξιν
2663 2466 2768 2529 ἓως
2807 2466 3335 2541 πρωτοσπαθαρίων,
3396 2465 3442 2520 εἰ
3487 2463 3699 2520 κελεύει
3761 2463 3840 2532 δὲ,

2195 2553 2580 2634 προϐάλλεται
2620 2557 2707 2612 καὶ
2741 2555 3081 2630 πατρικίους.
3146 2556 3250 2612 Καὶ
3295 2553 3502 2610 τούτων
3558 2553 3834 2617 τελεσθένο

442 2647 786 2718 apocombio
817 2647 973 2702 haud
1004 2646 1314 2701 mediocris
1344 2645 1535 2718 pretii,
1569 2646 1807 2712 abeunt,
1846 2646 2082 2718 Deoque

2194 2669 2324 2715 των,
2362 2644 2640 2715 καθέζεται
2674 2645 2761 2700 ἐπὶ
2805 2651 2907 2714 τῆς
2971 2645 3158 2718 τιμίας
3209 2645 3377 2698 αὑτοῦ
3433 2643 3708 2718 τραπέζης
3759 2643 3836 2704 εἰς

439 2735 660 2807 gratias
690 2739 893 2808 agunt,
924 2738 982 2791 et
1009 2734 1254 2790 laudant
1282 2735 1476 2807 ipsum
1500 2738 1556 2790 et
1583 2734 2008 2791 concelebrant.

2194 2737 2281 2792 τὸν
2342 2736 2389 2771 ⁸⁵
2445 2736 2833 2792 Ἰουστινιανοῦ
2906 2733 3204 2808 τρίκλινον,
3277 2733 3368 2788 καὶ
3442 2729 3654 2787 κελεύει
3729 2732 3844 2786 εἰσ-

439 2824 617 2886 ελθεῖν
679 2822 896 2894 σάξιμαο
963 2819 1057 2877 καῖ
1129 2819 1392 2896 εἰσάγεται
1452 2823 1667 2896 πρῶτον
1745 2821 1997 2896 στὶ-ξιμον,
2052 2826 2116 2880 τὸ
2171 2819 2586 2880 κουϐούκλειον·
2627 2821 2718 2877 καί
2793 2821 2864 2896 τῇ
2933 2819 3154 2894 δευτέρᾳ
3196 2821 3339 2890 τάξει
3400 2819 3743 2895 εἰσέρχονται
3789 2822 3841 2876 o't

438 2910 715 2987 πατρίκιοι
773 2913 886 2986 ἅμα
938 2916 1047 2967 τῶν
1121 2910 1624 2985 πρωτοσπαθαρίων
1701 2910 1791 2965 καί
1842 2911 2052 2968 λοιπῶν
2133 2913 2455 2991 βασιλικῶν·
2531 2917 2599 2986 τῇ
2673 2912 2831 2987 τρίτῃ
2911 2908 2967 2966 δὲ
3038 2911 3359 2965 καταστάσει
3435 2910 3738 2986 εἰσέρχεται
3813 2912 3840 2965 6

439 3002 760 3076 δομέστικος
791 3010 898 3058 τῶν
976 3001 1199 3078 σχολῶν
1231 3003 1365 3077 μετὰ
1436 3006 1532 3058 τοῦ
1563 3007 1857 3076 περατικοῦ
1907 3001 2089 3076 δήμου
2145 3009 2254 3061 τῶν
2327 3003 2560 3060 Βενέτων
2608 3003 2676 3038 ⁴⁶·
2731 3007 2800 3077 τῇ
2878 3000 2936 3057 δὲ
2988 3002 3216 3077 τετάρτῃ
3293 3003 3612 3057 καταστάσει
3671 3000 3840 3076 εἰσέρ-

438 3111 593 3166 χεται
653 3093 681 3146 6
731 3087 1040 3162 έξκούϐίτος
1103 3091 1237 3165 μετὰ
1287 3095 1384 3146 τοῦ
1439 3095 1733 3166 περατικοῦ
1790 3096 1900 3146 τῶν
1951 3092 2230 3168 Πρασίνων
2292 3091 2497 3165 δήμου·
2559 3095 2629 3165 τῇ
2697 3089 2754 3146 δὲ
2828 3091 3052 3165 πέμπτῃ
3105 3091 3422 3146 καταστάσει
3500 3089 3838 3166 εἰσέρχονται

441 3183 493 3236 οἰ
537 3185 641 3235 τοῦ
676 3183 874 3254 μέρους
905 3185 1012 3236 τῶν
1065 3180 1320 3238 Βενέτωνο
1351 3183 1420 3254 τῇ
1462 3177 1519 3234 δὲ
1581 3175 1711 3254 ’έκτῃ
1769 3182 2091 3238 καταστάσει
2135 3184 2187 3238 o't
2227 3186 2324 3239 τοῦ
2379 3183 2576 3256 μέρους
2614 3185 2722 3236 τῶν
2783 3180 3083 3254 Πρασίνων’
3119 3180 3223 3236 Καὶ
3281 3179 3479 3250 ἑκάστη
3513 3180 3691 3236 αὐτῶν
3742 3201 3838 3235 τα-

437 3271 518 3340 ξις
550 3264 793 3324 λαϐοῦσα
821 3264 1182 3343 άπογόμϐιον,
1209 3267 1339 3346 ἔχον
1368 3271 1633 3344 χρήματα
1661 3268 1840 3326 ἱκανά.
1877 3267 2174 3346 ἐξέρχεται,
2206 3270 2608 3347 εύχαριστοῦσα
2635 3270 2727 3324 τὸν
2757 3271 2886 3324 Θεὸν
2928 3269 2972 3305 ⁴⁷
3003 3271 3090 3324 καὶ
3133 3267 3267 3347 εύφη
3280 3273 3457 3342 μοῦσα
3486 3269 3576 3324 καί
3611 3269 3834 3344 ὑπερευ-

437 3359 652 3434 χόμένη
688 3358 860 3429 αὐτῷ.

912 3452 1068 3506 I76
1097 3450 1328 3508 CAPUT
1369 3450 1591 3507 LXVII.

441 3540 655 3612 Deiloco
686 3545 738 3596 et
793 3539 1008 3610 ordine,
1056 3555 1160 3610 quo
1187 3555 1436 3612 proceres
1486 3555 1671 3596 omne:
1719 3539 1782 3596 in
1841 3540 2078 3612 singuli:

503 3611 766 3740 deft-litt“,
818 3612 879 3668 in
934 3613 1240 3684 majoribus
1283 3611 1500 3684 phialis
1539 3613 1830 3684 institutis,
1888 3611 2080 3668 astare

509 3700 564 3739 so
589 3701 658 3740 en
685 3725 699 3739 .

503 3773 546 3828 Ι.
579 3771 907 3829 Notandum
937 3777 1045 3842 est,
1073 3775 1208 3846 post
1239 3771 1674 3845 imperatorem,
1700 3787 1768 3829 eo
1799 3771 1940 3842 ritu,
1963 3787 2077 3844 quo

432 3861 836 3933 exposuimus,
869 3861 932 3918 in
961 3861 1104 3919 solio
1135 3861 1517 3931 assidentem,
1549 3860 1848 3917 eunuchos
1879 3866 2078 3934 proto-

431 3952 783 4024 spatbarios,
814 3951 1126 4008 astrictiori
1157 3954 1315 4006 veste
1353 3951 1591 4006 indutos
1641 3967 1862 4021 suaque
1909 3950 2080 4006 saba-

432 4040 551 4109 nia,
585 4041 982 4112 torqueslitem
1010 4046 1066 4096 et
1087 4041 1146 4094 in
1177 4039 1442 4094 humeris
1465 4039 1916 4109 spathobaculos
1943 4053 2078 4094 suos

433 4133 752 4202 gestantes,
812 4144 992 4200 prope
1046 4127 1329 4182 thronum
1387 4131 1615 4181 astare:
1671 4131 1804 4198 post
1860 4126 1968 4182 hos
2019 4127 2076 4182 in

435 4219 628 4275 medio
656 4217 867 4274 solario
897 4213 1396 4289 protospatharios
1426 4214 1700 4270 barbatos
1729 4213 1790 4270 in
1824 4219 2079 4271 mutato-

432 4308 538 4362 riis
566 4321 818 4377 cumque
849 4303 1061 4376 speciis
1091 4305 1148 4358 et
1177 4302 1508 4374 torquibus.
1541 4307 1720 4359 Arma
1748 4319 1850 4359 seu
1877 4309 2080 4360 scuta-

433 4394 589 4450 rium
620 4393 900 4464 spatharii
953 4392 1090 4459 duo,
1127 4406 1276 4448 unus
1334 4395 1467 4464 post
1521 4390 1792 4463 alterum,
1823 4397 2075 4464 gestant,

434 4497 689 4553 cumque
719 4481 810 4537 bis
850 4481 1073 4537 barbati
1099 4480 1544 4554 protospatbarii
1569 4480 1932 4538 consistunt:
1953 4498 2080 4553 spa-

433 4568 950 4626 tharooubicularii
981 4575 1039 4626 et
1067 4568 1410 4626 cubicularii
1445 4585 1648 4625 omnes
1677 4570 1751 4625 ad
1773 4569 1981 4626 borum
2000 4570 2078 4626 si-

433 4660 680 4716 nistram
695 4657 886 4714 locum
903 4659 1172 4730 utrinque
1192 4659 1426 4715 habent.
1441 4658 1894 4715 Cerimoniarius
1906 4659 2078 4731 paulo

2793 3452 3052 3508 ΚΕΦΑΛ.
3104 3451 3229 3509 ΞΖ’.

2189 3540 2320 3615 Περί
2351 3546 2450 3608 τῆς
2491 3543 2618 3615 ⁸τῶν
2676 3540 2927 3615 ἁπάντων
2973 3538 3304 3615 -ἁρχόντων,
3340 3540 3544 3615 τάξεως
3617 3559 3679 3615 τε
3752 3541 3840 3615 καί

2258 3608 2644 3686 παραστάσεως
2736 3611 2840 3686 έν.Δ
2893 3608 3104 3686 ἕκαστῴ
3197 3608 3427 3685 δεξίμῳή
3474 3610 3844 3686 ἐπιτελουμέ-

2259 3681 2409 3756 νῳν⁸⁸
2438 3682 2491 3738 έν
2532 3688 2652 3743 ταῖς
2688 3681 2948 3756 μεγάλαις
2990 3682 3231 3760 φιάλεσι.

2257 3771 2336 3829 Α’.
2383 3770 2579 3829 Ἰστέον
2627 3771 2735 3841 ὃτι,
2800 3770 2934 3844 μετᾶ
2987 3771 3050 3824 τὸ
3087 3773 3412 3839 καθεσθῆνάι
3460 3772 3553 3826 τὸν
3611 3771 3844 3845 βασιλέα

2187 3859 2240 3914 έν
2293 3864 2374 3933 τῷ
2435 3859 2632 3933 σέντζῳ
2706 3862 2775 3933 τῇ
2849 3860 2994 3929 τάξει
3187 3858 3445 3932 ἀνωτέρω
3520 3860 3844 3937 εἰρήκαμεν⁹

2183 3948 2432 4004 ’ίστανται
2493 3949 2746 4024 εὐνοῦχοι
2834 3948 3318 4022 πρωτοσπαθάριοι
3413 3948 3630 4005 ὄπισθεν
3733 3955 3839 4007 τοῦ

2191 4037 2459 4114 βασιλέως
2543 4037 2780 4108 πλησίον
2864 4041 2963 4092 τοῦ
3039 4037 3278 4107 σέντζου,
3353 4036 3697 4112 ἠλλαγμένοι
3773 4042 3842 4097 τὰ

2183 4146 2243 4181 τε
2303 4124 2564 4200 στιχάρια
2612 4125 2788 4180 αὑτῶν
2843 4127 2930 4181 καὶ
3013 4125 3082 4181 τὰ
3157 4121 3405 4199 σαόάνια,
3483 4132 3716 4204 φοροῦσι
3783 4128 3844 4186 δὶ

2188 4213 2280 4269 καὶ
2354 4215 2421 4270 τὰ
2498 4215 2779 4288 μανιάκια,
2870 4215 2962 4270 καὶ
3046 4213 3133 4270 ἐπὶ
3228 4210 3397 4289 ὤμων
3507 4219 3841 4292 βαστάζουοι

2184 4303 2254 4359 τά
2301 4300 2680 4360 σπαθοϐάκλια
2760 4305 2960 4376 αὑτῶν,
3053 4300 3271 4360 ὅπισθεν
3351 4302 3408 4360 δὲ
3483 4311 3593 4362 τῶν
3658 4309 3839 4364 αὐτῶν

2185 4392 2687 4468 πρωτοσπαθαρίων
2725 4391 2969 4448 ’ίστανται
3004 4394 3165 4466 μέσον
3220 4391 3318 4449 τοῦ
3382 4393 3619 4464 ἡλιακοῦ
3684 4419 3844 4473 πρω-

2185 4481 2541 4557 τοσπαθάριοι
2614 4477 2879 4558 βαρϐάτοι
2961 4480 3311 4559 ἠλλαγμένοι
3373 4485 3441 4538 τά
3507 4505 3566 4540 τε
3645 4489 3847 4543 σπέκια

2187 4569 2363 4625 αὐτῶν
2395 4571 2484 4625 καὶ
2525 4571 2593 4624 τὰ
2633 4571 2908 4644 μανιάκια.
2939 4572 3015 4628 Τὸ
3045 4579 3108 4626 οὲ
3156 4571 3325 4645 ἅρμα,
3357 4572 3531 4648 ἤγουν
3582 4575 3645 4630 τὸ
3687 4598 3846 4634 σκου-

2185 4659 2397 4734 τάριον,
2452 4659 2777 4733 βαστάξουσι
2817 4661 3105 4735 σπαθάριοι
3164 4657 3260 4715 δύο
3318 4663 3437 4716 καθ’
3479 4659 3567 4718 ἵνα
3612 4662 3845 4730 ἕκαστος

428 4752 563 4804 ante
592 4747 979 4804 cubicularios
1010 4725 1145 4815 stat,
1173 4755 1232 4802 ut
1259 4765 1292 4802 ιι
1323 4749 1597 4804 mandato
1628 4748 1890 4820 accipere
1906 4725 2080 4820 signa

2194 4746 2385 4817 αὐτῶν,
2442 4748 2534 4803 καὶ
2577 4745 2823 4805 ’ίστανται
2897 4750 3033 4822 μετὰ
3112 4754 3223 4804 τῶν
3301 4749 3478 4806 αὐτῶν
3545 4751 3836 4829 βαρϐάτων

431 4855 464 4895 ιι
493 4836 797 4911 ρι’ωροιιίῐο
817 4836 1023 4910 possit.
1044 4836 1182 4893 Post
1211 4835 1396 4893 dictos
1419 4837 1920 4909 protospatharios
1941 4837 2079 4892 bar-

2185 4837 2693 4914 πρωτοσπαθαρίων
2749 4841 2812 4875 ⁴⁹ο
2848 4840 2927 4894 ὀἰ
2985 4835 3042 4893 δὲ
3129 4837 3836 4923 σπαθαροκουὸικουλάριοι

1781 4953 2024 5011 νΑΒΙίΕ
2063 4954 2357 5012 LECTION
2362 4956 2467 5013 ES.

501 5051 646 5132 κείς
671 5053 735 5108 τὸ
757 5053 857 5132 θα..
881 5051 972 5132 με»
1000 5049 1088 5132 εἰς
1106 5045 1170 5103 τί)
1196 5048 1304 5132 9ᾶέ
1368 5047 1415 5132 δεῖ
1437 5048 1908 5132 ΣΧΟΛ,ίΙστέρν,
1958 5047 2074 5132 ἔτι,
2121 5049 2289 5132 εἰὶίού
2337 5053 2453 5125 ed.]
2498 5049 2791 5132 ﬁSuva’zrtoc
2827 5048 3077 5132 [δύναμιν
3134 5054 3274 5126 ed.]
3330 5049 3446 5130 ἔχει
3496 5057 3525 5111 ὁ
3578 5054 3835 5132 ,δομέστιο

428 5130 660 5206 χος-τῶν
728 5123 1005 5206 σχολῶνμ
1033 5118 1141 5206 sifts
1189 5119 1218 5172 ὁ
1247 5114 1596 5206 ,δομέὶστικοις
1626 5114 1733 5174 τῶν
1796 5114 2144 5206 έξκουξίτων,
2167 5114 2616 5206 ἐκπροσωποῦσιν
2643 5114 2844 5206 αὐτοὺξ
2869 5114 2998 5206 [βὶοξ
3019 5141 3090 5206 εκ
3118 5114 3424 5206 compend.
3466 5114 3664 5206 _cod.,'

430 5187 549 5271 edt]
578 5187 912 5271 natptit0t._
959 5187 1131 5271 θεὸν
1187 5187 1356 5271 θεῖον
1389 5187 1617 5271 βασιλέα
1675 5187 1920 5271 μεθ-τὸν
1961 5193 2092 5248 Θεὸν
2123 5187 2280 5266 cond
2333 5196 2399 5252 R.

429 5256 673 5330 θὰίταῖς
690 5256 814 5324 δω.
847 5267 939 5322 ed.
1016 5263 1064 5300 ⁴⁹
1095 5256 1360 5336 βαρϐάτοι
1389 5256 1716 5333 ἆσπαθάριόι
1749 5264 1840 5319 ed.

2477 5197 2520 5232 ⁸⁸
2573 5192 2979 5268 ἐπιτελουμένῳ
3021 5195 3114 5266 R.,
3155 5192 3595 5272 ἐπιτελουμένων
3618 5192 3748 5262 eod.
3780 5192 3838 5263 e't

1487 5375 1687 5433 JOAN.
1709 5377 1850 5433 JAC.
1876 5379 2142 5436 REISKII
2162 5380 2756 5440 COMMENTARIUS.

495 5481 607 5552 (88)
665 5481 744 5536 Ex
799 5481 913 5537 ritu
963 5480 1175 5545 vetere,
1231 5476 1406 5552 dona_
1442 5473 1599 5552 sinu_
1623 5490 1875 5552 expanso
1906 5478 2069 5552 εποί-

469 5545 645 5618 iendi,
670 5568 783 5607 non
816 5566 992 5608 manu
1023 5566 1182 5606 cava.
1215 5546 1510 5603 Ammian.
1547 5545 1806 5603 Marcell.
1838 5547 1876 5603 ι.
1906 5547 2067 5605 XVI:

2179 5479 2312 5558 d_a_m
2343 5481 2921 5558 ex_eorum_consortio
2951 5496 3082 5551 non,
3114 5485 3175 5536 ut
3221 5483 3392 5540 moris
3435 5493 3535 5553 est,
3567 5504 3831 5558 expansa

2179 5551 2488 5628 chlamyde,
2547 5555 2642 5628 sed
2687 5559 2923 5628 utraque
2960 5569 3142 5628 _manu
3184 5561 3381 5610 cavata
3428 5551 3710 5628 suscepit;
3774 5567 3827 5617 et

454 5621 668 5704 nductt‘s
706 5622 944 5704 quadarn
971 5620 1326 5702 solemnitate.
1375 5618 1695 5704 agentibus
1732 5621 1792 5674 in
1817 5618 1980 5704 rebus
2011 5621 2070 5704 1'32
2178 5618 2522 5704 imperator:
2557 5627 2778 5697 Rapere,
2808 5618 3010 5695 inquit,
3041 5638 3152 5680 non
3181 5628 3425 5697 accipere
3451 5618 3633 5684 sciunt
3661 5618 3830 5701 a'gcn-

428 5688 838 5760 comistort'um,
868 5697 928 5748 ut
966 5707 1168 5748 aurum
1204 5693 1541 5762 acciperent,
1587 5688 1734 5745 inter
1773 5691 1914 5747 alios
1945 5692 2071 5762 qui-

2180 5701 2258 5750 te:
2289 5695 2350 5748 in
2381 5695 2559 5753 rebus.
