4160 6304
373 389 487 453 595
1427 370 1958 436 CONSTANTINI
1999 365 2698 430 PORPHYROGENITI
3665 362 3781 424 596

380 546 494 601 Pw;
523 526 569 563 es
598 521 807 595 ἀνοίγει
834 517 1030 583 πάντα,
1064 508 1369 588 ἐπείγοντος
1403 503 1458 562 δὲ
1487 507 1584 562 τοῦ
1609 501 1924 601 τριϐούνου,
1950 499 2404 601 κατέρχονται-οἳ
2450 521 2508 556 τε
2545 499 2763 575 ἡνίοχοι
2795 497 2884 554 καὶ
2915 499 2966 554 o't
3011 497 3267 575 βηγάριοι
3297 497 3388 554 καὶ
3420 498 3474 554 οἳ.
3505 497 3779 574 θεωρηταῖ

376 590 467 672 παὶ
499 616 527 670 6
559 590 850 680 ἐπιστάτης
885 609 1014 680 (25),
1046 604 1133 659 καὶ
1159 601 1493 677 εἲσέργονται
1527 597 1824 678 ἀμφότεροι
1859 595 1936 658 εἷς
1965 595 2028 648 τὸ
2060 590 2464 667 τριϐουνάλιον.

2048 687 2103 752 Α

677 777 750 833 De
778 789 944 841 urna,
977 767 1239 844 quomodo
1269 766 1480 838 agitari
1509 763 1722 820 debeat.

2372 755 2504 831 Περὶ
2533 761 2632 825 τῆς
2663 749 2821 830 ὅρνας
2851 755 2985 828 (26),
3026 757 3144 815 πῶς
3185 750 3268 809 δεῖ
3300 750 3537 808 κυλίειν.

452 941 496 994 Ι.
548 936 704 992 Urna
732 935 792 990 in
829 931 1021 989 medio
1059 928 1338 986 tribunali
1369 925 1704 992 constituta,
1740 921 2026 978 factione-

385 1029 503 1086 rius
549 1028 696 1082 duos
747 1020 1018 1096 globulos
1061 1018 1330 1075 factionis
1363 1033 1483 1072 suis
1529 1014 1592 1070 in
1640 1011 1870 1068 stabulo
1900 1010 2028 1079 ejus

384 1118 510 1173 loco
558 1113 813 1186 proprio,
845 1111 946 1166 ubi
985 1116 1041 1166 et
1089 1109 1287 1164 sedem
1331 1121 1501 1162 suam
1541 1103 1735 1168 habet,
1778 1097 2025 1186 reponit,

387 1185 745 1277 quodiidem
792 1197 1168 1256 factionarlus
1219 1194 1454 1250 alterius
1496 1192 1676 1264 partis
1727 1189 1908 1244 facit:
1966 1185 2025 1240 in

389 1293 578 1350 medio
611 1289 993 1355 silentiarius,
1028 1300 1340 1358 personam
1383 1280 1678 1355 praepositi
1709 1277 2027 1374 sustinens,

391 1381 686 1438 secundus
714 1377 1022 1448 posthuno
1055 1375 1346 1440 tribunus,
1377 1373 1586 1426 tertius
1616 1383 1835 1435 cursor,
1860 1373 2029 1436 quasi

391 1469 634 1527 actuarii
667 1469 812 1535 loco,
852 1467 1096 1535 quartus
1143 1458 1680 1531 combinographus
1718 1457 2030 1526 imperato-

394 1561 541 1624 rius,
566 1567 620 1613 et
640 1573 789 1629 pone
811 1570 1018 1611 urnam
1042 1554 1158 1608 duo
1201 1548 1706 1621 combinographi,
1738 1561 1894 1601 unus
1923 1543 2034 1599 Ve-

396 1651 562 1714 netae,
589 1644 734 1701 alter
759 1643 1028 1710 Prasinas,
1052 1640 1341 1707 adsident,
1375 1655 1407 1694 a
1437 1642 1601 1709 tergo
1632 1637 1839 1692 horum
1879 1649 2037 1689 com-

396 1734 886 1807 binographorum
905 1729 1185 1787 ofﬁciales
1215 1729 1472 1784 adstant.
1496 1726 1727 1798 Auriga
1750 1725 1810 1779 in
1845 1720 2034 1778 lateri-

396 1828 532 1893 bus,
566 1825 680 1878 duo
710 1823 770 1878 in
803 1837 938 1887 uno,
975 1819 1215 1875 totidem
1260 1817 1319 1872 in
1351 1816 1556 1885 altero,
1587 1829 1839 1886 cumque
1887 1810 2034 1884 ipsis

2201 919 2267 973 α’.
2327 916 2544 986 Ἰστέον,
2599 916 2682 973 ὅτι
2737 919 2773 986 ἡ
2832 912 2964 991 ὅρνα
3010 914 3228 970 ἵσταται
3287 912 3340 968 ἐν
3381 917 3460 984 τῷ
3495 912 3644 986 μέσῳ
3679 916 3779 968 τοῦ

2129 1003 2544 1083 τριϐουναλίου,
2592 1008 2682 1062 καὶ
2735 1008 2763 1061 6
2813 1005 3194 1084 φακτιονᾶριος
3234 1005 3374 1059 τιθεῖ
3418 1003 3494 1062 εἰς
3556 1003 3621 1056 τὸ
3681 1022 3779 1079 φα-

2131 1095 2276 1152 τνίον
2309 1103 2408 1166 τῆς
2442 1093 2602 1172 ὅρνας
2632 1097 2700 1151 τὰ
2739 1093 2834 1151 δύο
2884 1094 3106 1172 σφαιρία
3153 1097 3266 1165 (27)
3312 1096 3410 1148 τοῦ
3457 1089 3653 1166 μέρους
3684 1090 3779 1146 αὖ·

2132 1191 2229 1243 τοῦ
2278 1188 2365 1242 ἐπὶ
2414 1188 2505 1242 τὸν
2551 1189 2718 1242 τόπον
2770 1187 2863 1242 τὸν
2910 1183 3054 1240 ’ἴδιον
3101 1187 3167 1255 ⁸⁷,
3217 1182 3342 1249 ἔνθα
3389 1183 3480 1238 καὶ
3528 1183 3778 1254 κάθηται,

2135 1277 2346 1349 ὁμοίως
2373 1281 2534 1330 τοῦτο
2565 1281 2712 1332 ποιεῖ
2760 1276 2849 1331 καὶ
2880 1277 2908 1330 6
2936 1278 3034 1330 τοῦ
3081 1275 3266 1348 ὲτὲρου
3319 1274 3516 1346 μέρους
3559 1292 3783 1352 φακτιο-

2135 1367 2342 1440 νάριος·
2376 1367 2451 1428 εἰς
2494 1363 2550 1421 δὲ
2592 1367 2654 1421 τὸ
2707 1366 2870 1439 μέσον
2912 1365 3192 1432 καθὲζεται
3236 1361 3296 1417 ἐκ
3340 1363 3636 1436 προσώπου
3669 1364 3784 1434 (‘38)

2134 1459 2232 1512 τοῦ
2270 1455 2638 1530 πραιποσίτου
2687 1453 3068 1529 σιλεντιάριος,
3121 1450 3369 1526 δεύτερος
3423 1453 3537 1525 μετ’
3585 1453 3784 1507 ὲκεὶνον

2139 1546 2167 1599 6
2195 1539 2502 1619 τριϐοὖνος,
2530 1545 2714 1619 τρίτος
2762 1545 2790 1598 6
2820 1544 3096 1618 κούρσωρ,
3147 1541 3221 1603 ὡς
3265 1541 3323 1596 ἐκ
3359 1541 3658 1614 προσώπου
3691 1543 3788 1595 τοῦ

2141 1634 2486 1707 ἀκτουαρίου,
2545 1633 2798 1708 τέταρτος
2863 1633 2891 1686 6
2962 1630 3248 1706 βασιλικὸς
3305 1625 3788 1707 κομϐηνογράφος,

2140 1722 2228 1777 καὶ
2277 1719 2494 1786 ὄπισθεν
2532 1728 2634 1791 τῆς
2689 1717 2850 1796 ὅρνας
2891 1718 3003 1776 δύω
3037 1715 3514 1794 κομὸηνογράφοι,
3560 1720 3636 1779 εἷς
3699 1719 3790 1772 Βὲ-

2141 1813 2296 1867 νέτου
2325 1811 2413 1866 καὶ
2445 1811 2526 1872 οἷς
2568 1810 2856 1884 Πρασίνου,
2889 1805 3107 1864 ὄπισθεν
3140 1806 3198 1863 δὲ
3225 1813 3334 1864 τῶν
3363 1807 3627 1862 τοιούτων
3652 1828 3792 1879 κομε-

398 1892 1185 1984 ρτωΐοοιὶ,οοηείάοοι.Τιιοο
1201 1922 1406 1963 omnes
1427 1906 1808 1977 inspectorem
1832 1915 2035 1967 unum,

2147 1894 2500 1977 ϐηνογράφων
2547 1897 2898 1971 παρίστανται
2944 1897 2996 1951 οἱ
3046 1895 3390 1984 ὀφφικιάλιολι
3436 1897 3566 1968 (29).
3611 1892 3792 1984 01-8}:

401 1978 573 2072 cujus
606 1978 814 2070 nempe
853 1997 1024 2053 factio
1070 1995 1422 2068 precipuam
1451 1994 1793 2067 dignitatem
1838 1989 2032 2054 habet,

2147 1987 2368 2065 ἡνίοχοι
2418 1987 2477 2041 ἐκ
2522 1985 2770 2060 πλαγίων
2828 1985 3164 2055 καθέζονται,
3217 1981 3312 2039 δύο
3362 1978 3504 2040 ἔνθεν
3546 1984 3638 2039 καὶ
3689 1981 3791 2038 δύο

405 2052 569 2072 --ση
607 2052 809 2070 -ν---τ-
923 2052 930 2053 κ
1074 2052 1088 2067 .
1247 2052 1265 2068 .
1512 2052 1547 2067 υ
2020 2052 2025 2054 .

403 2090 724 2157 adducunt,
766 2091 830 2142 ut
868 2102 1078 2142 urnam
1123 2089 1384 2154 moveat;
1417 2084 1468 2140 is
1514 2084 1574 2138 in
1610 2081 1798 2138 medio
1827 2076 2036 2134 consti-

2151 2076 2366 2144 ἐκεῖθεν,
2405 2076 2496 2131 καὶ
2560 2077 2674 2149 μετ’
2730 2075 2902 2130 αὐτῶν
2958 2076 3011 2130 οἱ
3060 2074 3362 2130 ἐπιστάται.
3420 2073 3554 2128 Εἶτα
3604 2072 3794 2152 φερου-

403 2181 586 2246 tutus,
612 2175 958 2232 sententiam
989 2175 1096 2230 hos
1117 2178 1366 2245 quatuor
1391 2180 1551 2245 rogat
1573 2175 1631 2227 et
1649 2168 1821 2227 dicit:
1843 2189 1864 2218 ι
1891 2166 2036 2230 Quo-

2152 2187 2235 2220 σιν
2291 2167 2588 2244 ἀμφότεροι
2643 2166 2923 2239 θεωρητὴν
2972 2162 3085 2232 ἕνα,
3139 2165 3254 2219 οἷον
3300 2161 3462 2238 μέρος
3503 2160 3618 2237 ἔχει
3661 2185 3800 2238 προ-

408 2267 578 2322 modo
599 2265 844 2336 jubetis,
875 2278 1056 2334 equos
1079 2263 1396 2318 instructos
1419 2261 1808 2333 probatosque
1829 2255 1912 2312 uti
1942 2269 2036 2310 vos

2148 2256 2396 2329 τίμησιν,
2429 2252 2521 2309 ’ἱνα
2553 2253 2775 2329 κυλίσῃ,
2815 2257 2912 2309 τοῦ
2968 2251 3026 2308 δὲ
3080 2251 3370 2326 ἱσταμένου
3409 2251 3460 2306 ἐν
3501 2257 3581 2324 τῷ
3625 2253 3794 2326 μέσῳ,

407 2353 654 2423 habetis,
679 2357 736 2409 et
753 2369 857 2407 nos
879 2351 1176 2407 habemus.
1201 2372 1230 2401 »
1261 2353 1393 2416 Quis
1422 2355 1728 2422 postquam
1751 2347 2036 2417 inspector

2156 2341 2424 2418 λαμϐάνει
2481 2345 2706 2418 γνώμην
2743 2347 2850 2398 τῶν
2897 2340 2939 2397 δ’
2977 2344 3113 2416 (30),
3153 2343 3242 2397 καὶ
3282 2341 3447 2416 λέγει’
3482 2365 3510 2392 ‹‹
3554 2347 3678 2403 Πῶς
3711 2363 3801 2397 κε-

409 2441 712 2510 ordinavit,
744 2440 815 2494 ad
846 2438 1080 2510 aurigas
1112 2439 1291 2494 dicit:
1325 2461 1353 2488 ‹‹
1386 2439 1684 2504 Quomodo
1717 2438 1978 2509 jubetls;
2015 2460 2043 2488 ιο

408 2535 467 2588 et
495 2529 692 2584 statim
723 2526 927 2598 globos
959 2542 992 2580 a
1022 2525 1252 2581 stabulo
1280 2524 1452 2593 tollit,
1484 2541 1700 2596 eosque
1745 2526 1804 2580 in
1839 2543 2042 2582 urnam

409 2614 662 2687 projicit,
703 2615 907 2684 quater
949 2612 1184 2683 agitata,
1231 2613 1565 2684 quicunque
1621 2614 1896 2685 globulus
1954 2631 2047 2670 re-

410 2703 648 2773 mansit,
680 2703 812 2770 exlt,
843 2706 899 2758 et
929 2701 1119 2758 subito
1150 2701 1462 2772 definiunt,
1496 2718 1562 2758 ac
1599 2715 1806 2760 vocant
1843 2719 2046 2762 omnes

413 2791 682 2848 sinistros
714 2795 964 2862 quatuor
995 2790 1347 2862 palmarum,
1379 2795 1438 2848 et
1485 2793 1688 2850 ordine
1717 2791 2046 2866 discedunt,

412 2882 595 2952 inque
643 2880 1007 2936 urnatorium
1065 2897 1127 2937 se
1175 2881 1485 2952 recipiunt,
1530 2882 1630 2937 ubi
1687 2882 1870 2956 trigas
1915 2900 2052 2940 suas

414 2970 569 3025 inter
599 2985 660 3027 se
690 2971 1034 3041 comparant
1082 2975 1138 3024 et
1184 2970 1477 3039 ordinant,
1511 2971 1652 3027 dum
1693 2972 2051 3044 inspectores

2155 2432 2358 2501 λεύιτι,
2421 2432 2653 2507 ἱππάρια
2712 2433 2778 2487 τὰ
2837 2431 3198 2505 προζεύξαντα
3241 2432 3352 2504 (31)
3405 2428 3494 2482 καὶ
3533 2433 3801 2505 γνωριζό-

2159 2543 2292 2595 μενα
2324 2518 2427 2582 ἓως
2467 2519 2595 2576 ὅτου
2630 2519 2805 2596 ἔχετε,
2838 2521 2926 2576 καὶ
2952 2515 3176 2594 ἔχομεν.
3203 2543 3231 2571 ››
3267 2519 3370 2577 Καὶ
3410 2521 3802 2594 συνταξάμενος

2158 2613 2186 2664 6
2223 2611 2525 2682 θεωρητὴς,
2568 2609 2712 2684 λὲγει
2770 2609 2904 2685 πρὸς
2958 2608 3085 2671 τοὺς
3141 2603 3428 2682 ἡνιὸχους’
3483 2633 3511 2660 ‹‹
3555 2612 3679 2671 Πῶς
3718 2631 3805 2664 κε-

2158 2698 2362 2771 λεύετε,
2403 2722 2432 2751 η
2471 2700 2560 2753 καὶ
2603 2698 2798 2762 εὐθέως
2853 2697 2994 2774 αἴρει
3048 2697 3116 2752 τὰ
3172 2697 3393 2771 σφαιρία
3432 2699 3537 2753 ἀπὸ
3576 2702 3674 2752 τοῦ
3714 2719 3809 2777 φα-

2156 2790 2331 2858 τνίου,
2363 2787 2452 2844 καὶ
2495 2787 2693 2863 βάλλει
2733 2787 2867 2843 αὐτὰ
2905 2787 2982 2849 εἷς
3016 2789 3116 2857 τήν
3159 2785 3317 2863 ὅρναν
3354 2785 3443 2841 καὶ
3483 2786 3662 2842 κυλίει
3701 2788 3809 2861 τρί-

2157 2900 2269 2950 τον,
2309 2878 2400 2934 καὶ
2439 2881 2562 2933 οἷον
2625 2879 2682 2932 ἂν
2742 2876 2961 2954 χαλάσῃ
3017 2881 3130 2950 (32)
3188 2876 3458 2956 σφαιρίον,
3511 2877 3804 2952 ἐξερχεται,

2159 2968 2247 3022 καὶ
2303 2966 2500 3028 εὐθέως
2578 2965 2842 3041 ὁρίζουσι,
2921 2966 3012 3021 καὶ
3089 2966 3448 3039 ὀνομάζουσιν
3505 2966 3808 3042 ἀμφότεροι

1772 3095 2007 3150 VARle
2045 3091 2456 3150 LECTIONES.

486 3197 532 3232 ⁸⁸
557 3196 784 3261 τούτους
811 3199 876 3252 τὰ
907 3196 1208 3272 κάγκελλα,
1242 3199 1270 3252 6
1313 3219 1372 3273 μ.
1406 3201 1494 3256 ed.
1574 3201 1618 3236 ⁸⁷
1646 3198 1814 3254 τόπον
1839 3196 1982 3254 ’ἴδιον
2023 3202 2116 3258 ed.

1451 3330 1650 3389 JOAN.
1689 3331 1834 3388 JAC.
1877 3329 2138 3387 REISKII
2175 3328 2763 3386 COMMENTARIUS.

422 3427 709 3512 cujusque
723 3427 1056 3512 factionis,e
1077 3428 1292 3500 quibus
1313 3428 1738 3512 equietcurrus
1755 3429 2061 3512 emittendi
2095 3431 2138 3498 C
2167 3445 2275 3485 seu
2305 3445 2503 3512 capsa,
2530 3427 2726 3512 arc‘ula
2755 3426 3028 3512 oblongi}:
3051 3431 3376 3512 spectatum
3411 3431 3469 3512 et
3498 3429 3817 3512 indicatum

423 3500 761 3571 incursum
801 3504 1006 3571 erant;
1035 3515 1224 3571 neque
1262 3506 1386 3571 erat
1431 3502 1777 3570 verendum,
1824 3506 1888 3557 ut
1933 3517 2066 3557 can-

424 3568 791 3652 cellus‘unus
823 3570 1089 3652 fragilior
1116 3568 1276 3652 esset
1299 3570 1500 3652 altero.
1543 3573 1606 3628 In
1636 3568 1804 3652 equis
1833 3572 1947 3628 alia
1977 3579 2065 3652 est

422 3641 592 3698 ratio.
618 3640 763 3696 Nam
797 3642 870 3698 ad
891 3640 1186 3698 victoriam
1228 3642 1602 3699 obtinendam
1636 3640 1888 3700 multum
1919 3644 2066 3700 vale-

424 3712 528 3767 bat
558 3713 732 3786 fortes
770 3718 868 3768 aut
914 3711 1162 3780 debiles,
1201 3729 1375 3786 sanos
1415 3717 1516 3770 aut
1558 3715 1856 3772 morbidos
1886 3730 2066 3786 equos

426 3797 569 3839 esse.
606 3783 772 3839 Forte
817 3788 1015 3840 tamen
1045 3802 1113 3840 ea
1140 3784 1380 3839 omnino
1421 3790 1542 3841 erat
1586 3787 1734 3842 ratio
1774 3783 2064 3843 cancellos

424 3855 731 3927 ambarum
756 3855 1074 3912 factionum
1106 3855 1259 3912 inter
1287 3871 1351 3911 se
1381 3858 1776 3927 comparandi,
1804 3857 1940 3927 quia
1968 3874 2065 3914 ve-

427 3925 674 3998 rendum
727 3931 987 3998 erathe
1034 3927 1342 3993 cariosum,
1378 3927 1426 3981 si
1471 3925 1618 3998 forte
1674 3925 1839 3998 quad
1888 3934 2064 3992 esset,

431 3994 655 4067 lignum
679 3995 916 4053 cancelli
941 3994 1804 4067 perrumperentanhelante‘sin
1826 4015 2065 4054 cursum

432 4066 588 4140 equi.
619 4067 781 4140 Quod
812 4067 954 4124 satis
974 4066 1242 4140 indicare
1287 4066 1516 4140 videtur
1552 4067 1826 4140 Sidonius
1855 4069 2066 4140 Apolli-

436 4137 592 4193 naris
621 4137 680 4193 in
709 4137 1059 4210 Panegyrico
1088 4137 1368 4194 Narbonas
1399 4136 1490 4192 his
1517 4138 1708 4197 verbis
1743 4155 1758 4196 :

577 4244 878 4298 Hortantur
900 4241 1076 4298 obiter
1110 4242 1407 4311 iuvantque
1445 4241 1666 4298 blandis

584 4315 732 4370 Ultro
754 4312 1073 4383 plausibus,
1103 4319 1156 4383 et
1183 4311 1564 4382 voluptuosum

580 4382 799 4455 Distant
827 4382 1363 4455 quadrupedantibus
1390 4387 1658 4453 furorem.

579 4453 674 4528 ζιιὶ
700 4453 769 4508 ad
787 4453 1049 4528 claustra
1065 4457 1336 4528 fremunt,
1369 4458 1754 4528 repagulisque

581 4526 933 4597 incumbunt,
965 4526 1132 4580 simul
1150 4529 1202 4580 et
1227 4542 1326 4597 per
1353 4527 1629 4583 obseratas

583 4596 972 4667 Transfumant
999 4596 1236 4667 tabulas,
1255 4601 1312 4653 et
1335 4608 1466 4654 ante
1483 4615 1701 4654 cursum

585 4665 817 4735 Campus
843 4666 1075 4736 ﬂatibus
1106 4665 1407 4736 occupatur
1435 4671 1650 4726 absens.

581 4737 894 4815 Impellunt,
930 4738 1229 4815 trepidant,
1250 4739 1510 4815 trahunt,
1547 4750 1876 4815 repugnant,

581 4807 915 4884 4rdescunt,
945 4808 1172 4884 saliunt,
1215 4811 1437 4884 timent,
1457 4807 1752 4884 timentur,

579 4880 686 4952 Nec
709 4879 1257 4952 gressumcohibent,
1284 4882 1387 4935 sed
1417 4883 1662 4952 inquieto

579 4949 853 5006 Duratum
879 4949 1012 5022 pede
1043 4952 1284 5022 stipitem
1307 4949 1616 5021 ﬂagellant.

582 5022 815 5095 Tandem
838 5021 1127 5095 murmure
1155 5021 1400 5078 buccinae
1428 5026 1717 5095 strepentis

579 5093 883 5164 Suspensas
913 5094 1132 5148 tubicen
1161 5107 1358 5146 vocans
1383 5093 1689 5163 quadrigas

581 5165 782 5236 Eﬂ‘udit
811 5165 1010 5220 celeres
1037 5165 1097 5218 in
1126 5179 1261 5218 arva
1290 5179 1507 5220 currus.

507 5271 617 5347 (25)
647 5274 748 5347 Est
775 5270 895 5347 ill_e,
917 5267 1137 5347 qui-cry
1163 5266 1507 5347 ἐπιστήμην,
1547 5271 1760 5347 bonum
1794 5275 2076 5347 ordinem,

437 5342 1530 5426 modestiam,disc‘iplinamucircensem
1562 5344 1853 5402 observari
1895 5342 2078 5419 curat;

439 5415 508 5468 de
538 5429 651 5484 qua
680 5414 836 5470 vocis
859 5412 1094 5470 notione
1117 5412 1257 5468 alibi
1288 5429 1414 5484 ago.
2064 5412 2074 5419 ’

473 5485 619 5567 ..(26)
653 5483 781 5567 Haec
812 5500 962 5567 urna.
987 5484 1265 5567 circensis
1287 5490 1450 5567 extra
1481 5501 1623 5567 usus
1653 5489 1886 5567 tempus
1918 5506 2078 5562 rcpo-

441 5559 706 5636 sita‘era't
732 5559 790 5610 in
821 5559 1090 5612 vestiario
1121 5559 1299 5636 regio,
1331 5561 1398 5636 _u_t
1428 5563 1583 5636 patet
1610 5574 1642 5636 ρ
1682 5575 1736 5636 ρ.
1777 5560 1904 5636 211.

511 5575 548 5608 .a
578 5575 702 5610 erat
732 5575 790 5610 in
821 5575 1090 5612 vesuario
1123 5575 1299 5628 regio,
1335 5575 1398 5611 ur
1428 5575 1583 5627 pater
1611 5575 1642 5612 e
1723 5601 1736 5613 .
1777 5575 1904 5615 211.

511 5625 626 5693 (27)
666 5625 812 5696 Ergo
843 5641 1086 5704 quisque
1117 5627 1288 5682 factio
1330 5627 1516 5704 b_inoe_
1537 5575 1780 5704 habebat
1808 5631 2077 5704 globulos

441 5692 502 5747 in
523 5692 1109 5763 ’urnam‘miitendos,
1141 5713 1268 5768 quae
1291 5699 1454 5770 prius
1485 5692 1847 5760 debebantih
1871 5703 2076 5780 φατνῐῳ

2171 3499 2402 3572 exponi,
2417 3502 2499 3556 ita
2519 3505 2583 3556 ut
2602 3501 2718 3573 duo
2745 3499 3208 3573 globuliVenetaa
3233 3499 3654 3573 fact‘ionisieam
3680 3502 3821 3558 circi

2174 3570 2416 3646 partem,
2442 3573 2501 3628 in
2529 3589 2646 3643 qua
2675 3570 2871 3628 Veneti
2911 3571 3202 3646 sederent;
3221 3576 3277 3626 et
3300 3570 3526 3646 globuli
3570 3573 3820 3628 Prasinm

2174 3641 2440 3699 factionis
2472 3641 2600 3699 eam
2641 3651 2886 3714 partem,
2921 3643 2980 3698 in
3010 3658 3126 3712 qua
3167 3641 3392 3698 Prasini
3436 3645 3704 3699 sederent
3737 3661 3822 3703 re-

2173 3716 2484 3772 snicerent.

2207 3732 2576 3857 ngggel’lidem
2609 3800 2822 3857 gerens,
2855 3785 3031 3839 locum
3061 3791 3266 3857 tenens,
3299 3784 3397 3855 qui
3428 3801 3532 3855 pro
3569 3800 3826 3856 persona

2176 3855 2427 3932 alicujus
2455 3855 2784 3932 est_._‘l_.atini
2816 3857 2993 3932 gladii
3017 3855 3118 3932 aevi
3150 3857 3509 3927 imaginarios
3538 3855 3682 3914 tales
3723 3875 3827 3932 ap-

2178 3873 2326 3913 sucu
2360 3875 2427 3913 ιιε
2455 3873 2564 3914 est.
2600 3873 2784 3912 ιιαιῑιιι
2817 3873 2993 3910 mean
3017 3873 3118 3911 ωνι
3150 3873 3177 3910 ιτ

2178 3873 2496 4008 Ρθὲὲεξίδεεξε·
2527 3927 2658 4008 .Vid-
2691 3934 2779 4008 D9
2807 3927 2998 4008 03.068
3031 3929 3087 3981 δ·
3122 3941 3177 3982 ν-

2247 3999 2359 4070 (29)
2375 3997 2686 4065 Officiales,
2702 4000 2777 4070 ad,
2796 3997 3052 4054 ofﬁcium
3079 3997 3464 4070 pertinentes,
3481 3997 3832 4057 democratm

2177 4068 2417 4140 scilicet,
2445 4070 2639 4143 aut,si
2671 4069 2860 4140 malis,
2895 4068 3217 4136 demarchi,
3241 4074 3307 4126 ut
3341 4076 3507 4126 erant
3539 4071 3830 4143 magistri,

2179 4157 2460 4208 cursores,
2490 4142 2821 4213 agitatores,
2855 4147 2959 4196 etc.

2249 4213 2359 4295 (39)
2386 4211 2735 4295 Agitatorum
2771 4227 2996 4295 nempe,
3021 4211 3480 4295 quorum_binos
3503 4214 3572 4269 de
3607 4213 3830 4295 veneta

2179 4288 2237 4338 et
2256 4281 2878 4356 b_inos'doPrasinain
2908 4281 3010 4338 illo
3039 4281 3322 4339 sortiendi
3353 4289 3486 4340 actu
3511 4286 3826 4356 assedisse,

2179 4354 2348 4425 paulo
2374 4359 2506 4411 ante
2535 4355 2740 4412 Noster
2769 4354 3010 4411 dixerat.

2250 4426 2363 4497 (31)
2386 4425 2628 4483 Videtur
2661 4425 2993 4498 significare
3023 4440 3208 4498 equos,
3234 4425 3332 4496 qui
3373 4430 3546 4498 antea
3577 4428 3700 4497 jam
3733 4443 3828 4484 cu-

2181 4496 2470 4571 currerint
2506 4499 2564 4553 in
2611 4496 2765 4571 ludis
2805 4496 3168 4552 circensibus
3197 4502 3255 4571 et
3285 4497 3473 4571 juncti
3519 4496 3672 4571 bigis
3725 4503 3825 4554 aut

2183 4568 2505 4640 quadrigis,
2534 4569 2856 4640 stolarum
2908 4583 3120 4623 nomen
3158 4568 3362 4640 adepti
3401 4568 3635 4625 fuerint.
3671 4571 3821 4636 Quid

2183 4635 2581 4722 autemjicuo
2611 4635 2715 4722 ἕως
2747 4639 2896 4722 ὅτου,
2928 4654 3228 4722 quousque,
3257 4635 3367 4695 sibi
3397 4641 3554 4722 velit,
3573 4635 3703 4697 non
3728 4659 3825 4722 es-

2185 4717 2348 4779 puto.
2373 4709 2625 4782 Tempus
2665 4709 2976 4782 designari,
3002 4716 3158 4780 patet
3197 4725 3227 4765 e
3265 4713 3528 4781 sequenti
3567 4712 3824 4781 συνταξά-

2237 4799 2368 4853 evo;
2379 4787 2664 4853 postquam
2694 4784 2966 4853 inspector
3010 4785 3230 4853 tempus
3263 4783 3526 4838 ambabus
3563 4785 3826 4847 factioni-

2102 4791 2149 4855 Ι)
2191 4799 2352 4908 gravo:
2379 4791 2664 4853 postquam
2694 4791 2966 4852 inspector
3010 4791 3230 4848 tempus
3263 4791 3526 4838 ambabus
3563 4791 3822 4847 factioni-

2225 4869 2287 4908 us
2315 4852 2581 4922 placitum
2610 4852 2995 4908 constituisset.
3021 4852 3133 4908 Sed
3164 4852 3356 4908 locum
3390 4853 3546 4910 hunc
3567 4871 3633 4911 ex
3666 4855 3822 4912 inte-

2189 4940 2288 4992 gro
2330 4941 2443 4979 non
2475 4923 2756 4992 intelligo.

2259 4941 2288 4978 ο
2330 4941 2443 4979 non
2475 4941 2656 4980 intem
2704 4941 2756 4979 ο.

2259 4995 2473 5071 (32)_Id
2513 5000 2602 5052 est
2648 4941 2964 5071 ἐξάλληται,
3023 4993 3462 5071 exsiliat._Nam
3511 4997 3573 5052 in
3622 5012 3823 5071 gyrum

2233 5065 2556 5122 uatiebatur
2575 5083 2723 5123 urna
2747 5072 2832 5122 ter
2853 5067 2954 5133 ita,
2977 5069 3040 5121 ut
3062 5082 3212 5120 unus
3235 5065 3505 5137 globulus
3542 5065 3822 5124 exsiliret.

2188 5081 2556 5190 guauenatur
2575 5083 2723 5123 urna
2747 5081 2954 5133 terna,
2977 5081 3040 5121 ut
3062 5082 3212 5120 unus
3235 5081 3505 5137 glonulus
3542 5081 3822 5124 exsiliret.

2235 5138 2369 5206 ujus
2405 5140 2484 5192 rei
2519 5137 2700 5195 fuisse
2735 5142 2938 5203 artem,
2964 5137 3046 5192 ita
3075 5141 3158 5204 ut,
3191 5138 3290 5208 qui
3323 5138 3564 5207 agitaret
3593 5155 3824 5205 urnam,

2228 5212 2386 5264 osset
2406 5210 2654 5277 efficere,
2693 5216 2752 5264 ut
2829 5208 2998 5264 lobus
3039 5208 3242 5280 partis,
3275 5209 3366 5262 cui
3409 5210 3639 5276 faveret,
3682 5211 3828 5266 exsi-

2188 5223 2336 5334 liret.
2361 5285 2590 5334 constat
2611 5297 2641 5334 e
2663 5297 2720 5334 ο.
2751 5225 3082 5334 2§2.0uare
3101 5291 3294 5333 autem
3319 5285 3568 5334 quatuor
3603 5281 3824 5334 alobuli

2211 5278 2336 5344 iret,
2361 5285 2590 5352 constat
2611 5297 2641 5335 e
2663 5297 2720 5352 p.
2751 5278 3082 5352 212._Quare
3101 5291 3294 5333 autem
3319 5285 3568 5349 quatuor
3603 5281 3824 5352 globuli

2189 5353 2245 5422 et
2267 5367 2380 5422 non
2406 5353 2521 5408 duo
2547 5351 2604 5406 in
2629 5349 2836 5406 urnam
2877 5349 3272 5422 injicerentur,
3311 5367 3442 5408 cum
3484 5349 3827 5408 non—essent

2187 5421 2301 5493 nisi
2342 5421 2466 5476 duas
2509 5422 2788 5493 factiones
2831 5421 3160 5488 sortientes,
3206 5437 3319 5476 non
3370 5430 3600 5493 exputo,
3643 5440 3828 5493 neque

2189 5492 2326 5567 quid
2359 5493 2640 5567 sibi_velit
2667 5490 3046 5567 éﬁépxetat,_et
3077 5493 3352 5567 redeatne
3381 5490 3452 5549 ad
3489 5494 3579 5547 τὸν
3610 5490 3826 5567 θεωρη-

2185 5563 2402 5639 τήκαη
2427 5563 2936 5639 θάησφαιρίονζίΕει
2967 5565 3256 5639 hieoApars
3299 5563 3430 5620 libri
3465 5568 3644 5639 nostri
3695 5563 3826 5636 qum

2187 5635 2256 5689 de
2273 5635 2627 5691 circensibus
2652 5635 2794 5710 agit,
2824 5636 2974 5692 inter
2995 5635 3374 5690 difficillimas
3402 5643 3457 5692 et
3478 5635 3824 5692 obscurissi-

2186 5721 2334 5762 mas.
