4136 6302
400 360 518 418 599
1462 357 1989 418 CONSTANTINI
2034 356 2733 420 PORPHYROGENITI
3677 359 3792 420 600

400 493 599 549 statim
630 492 912 566 hymnum
961 493 1022 548 in
1078 492 1355 549 honorem
1412 491 1710 546 Trinitatis
1743 491 1986 548 recitant

2148 488 2357 563 ἡμέραν
2387 493 2707 565 ποιήσωμεν
2756 492 2808 547 οἱ
2857 494 3072 550 Βένετοι
3125 495 3259 568 μετᾶ
3285 500 3382 551 τοῦ
3413 494 3728 571 δημάρχου·
3762 521 3788 551 »

406 603 427 629 ι
461 581 804 636 Trinitatem
835 597 939 636 nos
973 579 1168 636 Veneti
1199 579 1471 652 (Prasini)
1502 595 1807 645 canamus,
1842 579 2001 636 Domi

2146 577 2198 629 οἱ
2241 578 2498 651 Πράσινοι
2530 580 2762 654 ὁμοίως⁵
2813 582 2902 637 καὶ
2953 584 3152 647 εὗθέως
3209 583 3458 663 λέγουσιν
3490 583 3784 660 τριαδικόν’

401 686 544 724 num
579 669 826 726 universi
856 669 1162 740 Deumque
1191 672 1481 738 nostrum,
1513 685 1692 724 unam
1724 667 2001 726 indivisa:

2148 685 2173 717 α
2209 665 2419 738 Τριάδα
2472 669 2801 743 ὑμνήσωμεν
2872 671 2924 726 οἱ
2973 670 3184 729 Βένετοι
3234 676 3308 746 (οἱ
3360 675 3665 749 Πράσινοι),
3696 676 3783 731 τὸν

397 758 790 828 Divinitatem,
822 762 912 814 ter
948 756 1391 813 substantialem
1416 758 1775 827 majestatem
1797 763 1855 814 et
1885 764 2001 831 pote

2145 755 2418 826 Δεσπότην
2445 761 2543 812 τοῦ
2572 761 2772 821 παντὸς
2802 759 2892 815 καὶ
2943 762 3072 817 Θεὸν
3100 765 3281 835 ἡμῶν,
3316 764 3442 837 μίαν
3481 761 3781 840 ἀδιαίρετον

398 853 629 914 statem,
644 851 775 902 ante
791 845 986 901 omnia
1005 845 1218 900 saecula
1235 846 1630 915 exsistentem,
1647 847 1824 918 inque
1840 849 2000 904 omni

2143 844 2403 917 Θεότητα,
2451 848 2551 918 τὴν
2605 849 3032 922 τρισυπόστατον
3092 851 3356 922 ἐξουσίαν,
3409 854 3498 909 καὶ
3559 852 3782 928 δύναμιν

396 934 602 990 εωουια
636 948 1078 1005 permansuram
1116 933 1128 988 !
1181 933 1406 990 Lumen
1438 934 1547 991 hoc
1587 936 1753 1006 quasi
1787 937 2001 1009 triplici

2141 933 2246 1006 πρὸ
2297 935 2507 990 πάντων
2559 941 2668 991 τῶν
2715 937 2927 992 αἰώνων
2976 938 3346 1016 ὑπάρχουσαν,
3396 941 3487 996 καὶ
3537 943 3613 1003 εἰς
3651 945 3786 996 πάν-

396 1021 538 1078 solis
569 1020 1359 1093 est,quoorhisilluminatur
1391 1021 1404 1077 !
1439 1023 1622 1079 Deum
1638 1024 2037 1094 coelestem,ex

392 1109 629 1181 Virgine
659 1110 828 1166 nobis
860 1118 1082 1181 natum,
1113 1109 1499 1179 celebremus,
1529 1113 1628 1182 qui
1661 1128 1795 1168 cum
1827 1120 2034 1173 natura

391 1215 500 1255 sua
534 1199 838 1255 hominum
895 1199 1337 1255 amantissimus
1366 1200 1464 1269 sit,
1495 1200 1672 1256 homo
1703 1201 1824 1258 ﬁeri
1855 1203 2033 1260 voluit

388 1289 696 1360 primoque
725 1293 964 1359 parente
995 1296 1191 1343 nostro
1223 1289 1294 1344 ab
1327 1289 1572 1360 antiquo
1612 1296 1848 1361 peccato
1888 1292 2032 1351 libe-

389 1380 533 1439 rato.
564 1381 754 1433 totum
785 1377 1077 1432 mundum
1108 1376 1424 1434 miseratus
1455 1381 1560 1434 est.
1623 1377 1819 1436 Gloria
1846 1381 2030 1454 ipsius

385 1465 655 1523 bonitati.

459 1647 556 1702 III.
591 1648 868 1706 Cantores
900 1648 1102 1704 dicunt
1135 1665 1148 1703 :
1181 1671 1208 1699 «
1238 1648 1499 1716 Domine,
1532 1650 1601 1707 N.
1642 1651 1710 1707 N.
1737 1652 2023 1710 Romano-

385 1752 516 1792 rum
577 1737 951 1806 imperatores
1007 1754 1316 1807 conserva;
1361 1760 1390 1788 »
1414 1740 1662 1811 populus
1684 1746 1769 1799 ter
1800 1760 1812 1798 :
1847 1766 1876 1794 «
1913 1745 2024 1800 Do-

2138 1041 2231 1083 τας
2296 1024 2422 1086 τοὺς
2480 1024 2681 1090 αἰῶνας
2747 1023 3123 1101 διαμένουσαν·
3171 1035 3283 1107 φῶς
3353 1030 3587 1106 ὑπάρχει
3634 1050 3782 1106 τρισ-

2140 1108 2320 1180 ήλιον,
2354 1109 2423 1166 δι’
2469 1114 2530 1168 οὗ
2579 1115 2669 1169 καὶ
2719 1117 2747 1172 6
2791 1117 2997 1191 κόσμος
3044 1118 3358 1195 φωτίζεται,
3391 1121 3522 1175 Θεὸν
3555 1120 3780 1194 ἐπουρά-

2137 1219 2249 1252 νιον
2300 1197 2607 1276 δοξάζωμεν
2651 1205 2743 1258 τὸν
2803 1203 2863 1260 ἐκ
2911 1212 3013 1275 τῆς
3062 1205 3335 1282 Παρθένου
3382 1210 3516 1282 ἡμῖν
3573 1208 3781 1265 ἀνατείο

2137 1285 2320 1343 λαντα’
2369 1291 2524 1368 φύσει
2567 1293 2614 1329 ’⁷³
2658 1295 2763 1369 γὰρ
2816 1295 3077 1370 ὑπάρχων
3122 1299 3533 1373 φιΛάνθρωπος,
3574 1295 3782 1372 ἄνθρω-

2135 1398 2236 1439 πος
2284 1380 2524 1453 γενέσθαι
2563 1383 2888 1456 κατηξίωσε,
2935 1385 3026 1439 τὸν
3076 1386 3396 1460 προπάτορα
3451 1387 3565 1459 (39)
3621 1386 3781 1462 ῥυσά-

2137 1487 2293 1538 μενος
2321 1473 2416 1523 τοῦ
2456 1469 2690 1544 ἀρχαίου
2738 1474 3202 1547 παραπτώματος,
3253 1475 3343 1530 καὶ
3391 1476 3598 1548 κόσμον
3650 1474 3777 1532 ὅλον

2131 1553 2355 1626 ἠλέησε.
2390 1559 2525 1627 Δόξα
2553 1563 2622 1633 τῇ
2653 1559 2817 1614 αὐτοῦ
2847 1562 3166 1636 ἀγαθότητι.
3201 1586 3230 1615 ››

2201 1645 2273 1701 I".
2333 1645 2435 1702 Καὶ
2493 1645 2742 1724 λέγουσιν
2804 1650 2857 1703 οἱ
2913 1649 3159 1724 xpetit-rat”
3222 1675 3251 1705 ‹‹
3295 1654 3482 1728 Κύριε,
3531 1657 3706 1710 σῶσον
3747 1657 3774 1710 6

2131 1729 2275 1788 δεῖνα
2318 1736 2410 1790 καὶ
2459 1737 2486 1790 6
2537 1733 2682 1792 δεῖνα
2727 1737 2854 1801 τοὺς
2916 1739 3161 1813 βασιλεῖς
3209 1745 3318 1798 τῶν
3347 1742 3656 1816 Ῥωμαίων
3687 1769 3713 1796 »
3746 1746 3773 1799 6

381 1824 559 1889 mine,
609 1842 794 1882 serva.
856 1847 886 1876 »
916 1825 1192 1882 Cantores
1221 1844 1235 1882 :
1264 1849 1292 1879 ››
1321 1828 1427 1892 Qui
1459 1829 1519 1884 in
1562 1830 1839 1888 Trinitate
1868 1833 2001 1890 cele-

381 1913 566 1939 ἰς-..-ζι-
629 1915 1140 1939 Α.-ι.....ι---.⁴Ιέ-----
1171 1916 1183 1939 1
1262 1918 1613 1939 --..-,ι---ι--
1641 1936 1651 1939 _
1748 1921 1790 1939 ἢ
1901 1925 1910 1934 -

2130 1821 2262 1884 λαὸς
2318 1821 2379 1877 ἐκ
2435 1825 2500 1900 γ’·
2565 1825 2809 1898 «Κύριε,
2870 1831 3065 1885 σῶσον.
3101 1853 3130 1880 ››
3189 1831 3255 1885 O't
3316 1831 3562 1905 κράκται·
3609 1857 3635 1884 ι(
3669 1833 3774 1897 Ἰὰς

2139 1911 2444 1939 A.’.-.-.'.__._-
2497 1915 2768 1939 D--I.\_,__,.
2848 1916 2862 1939 1
2924 1917 2939 1939 2
3022 1919 3067 1939 m
3144 1916 3192 1939 rb
3275 1921 3289 1939 ε
3421 1921 3433 1939 ι
3751 1923 3764 1939 ρ

379 1913 589 1982 braris,
619 1915 912 1986 Augustas
935 1916 1184 1985 adjuvat
1215 1940 1237 1967 »
1260 1918 1509 1988 populus
1532 1923 1654 1975 ter:
1687 1943 1714 1971 ‹‹
1747 1921 2012 1992 Domine,

377 2017 560 2057 serva.
596 2025 624 2052 »
693 2002 968 2060 Cantores
1002 2021 1016 2060 :
1051 2027 1078 2055 «
1111 2005 1632 2078 Porphyrogenitos
1670 2012 1919 2080 custodi,
1953 2017 2014 2069 tu

375 2089 477 2161 qui
534 2091 594 2145 in
643 2091 806 2148 cmlis
860 2093 1152 2150 laudaris!
1195 2095 1444 2166 populus
1501 2105 1630 2154 ter:
1665 2121 1694 2149 «
1751 2100 2013 2170 Domine,

372 2195 556 2234 serva.
588 2200 619 2231 »
641 2179 916 2237 Cantores
949 2199 962 2236 :
997 2205 1024 2232 «
1047 2184 1203 2254 Auge
1225 2184 1469 2254 imperii,
1485 2201 1632 2258 auge
1662 2192 2014 2247 Venetorum

367 2265 788 2325 felicitatem!»
810 2269 1056 2340 populus
1086 2276 1176 2327 ter
1205 2287 1220 2328 :
1255 2293 1284 2323 ‹‹
1306 2273 1571 2345 Domine,
1587 2277 1780 2334 serva!
1810 2301 1830 2328 ι
1858 2281 2015 2336 Tunc

369 2371 588 2426 organo
608 2358 917 2427 trisagium
932 2359 1285 2432 modulante,
1302 2370 1560 2419 cantores
1582 2365 1785 2422 dicunt
1816 2383 1829 2421 :
1855 2390 1883 2419 ‹‹
1905 2368 2015 2425 Ter

371 2448 594 2514 sancte,
654 2446 926 2501 dominos
982 2448 1195 2519 adjuva
1236 2448 1249 2503 !
1296 2469 1325 2503 ι
1374 2451 1621 2522 populus
1666 2459 1755 2509 ter
1787 2471 1854 2510 :«
1905 2458 2015 2513 Ter

368 2539 588 2587 sancte.
622 2553 648 2584 ι
681 2533 954 2590 Cantores
987 2550 1000 2588 :
1033 2557 1062 2585 α
1095 2536 1179 2591 Tu
1203 2537 1262 2592 in
1286 2538 1558 2594 omnibus
1587 2557 1787 2598 curam
1807 2561 2011 2601 eorum

365 2619 533 2689 gere!
567 2642 598 2670 »
640 2621 894 2691 populus
925 2623 1114 2679 eadem
1160 2629 1265 2680 ter.
1296 2647 1326 2677 (ε
1387 2627 1698 2699 Adaugens
1747 2635 2014 2703 tempora

359 2706 487 2762 vitae
528 2707 786 2777 ipsorum
819 2729 834 2778 ;
871 2731 894 2762 ι
955 2711 1111 2767 184
1143 2712 1226 2768 sic
1269 2717 1524 2786 populus
1555 2725 1663 2774 ter.
1699 2721 2007 2778 Cantores:

363 2817 392 2846 ‹‹
426 2797 571 2852 Cum
602 2796 1077 2869 imperatrieibus
1095 2801 1207 2872 piis
1224 2802 1445 2874 Deique
1465 2807 1838 2878 amantibus;
1863 2831 1893 2860 »
1915 2827 2013 2882 po-

365 2885 541 2956 pulus
564 2889 768 2942 eadem
789 2892 896 2944 ter.
931 2887 1206 2946 Cantores
1238 2906 1253 2946 :
1281 2913 1310 2942 «
1333 2891 1475 2949 Cum
1504 2893 1734 2953 Venetis
1758 2897 2016 2957 humilli‘

363 2974 477 3028 mis
507 2975 687 3032 servis
721 2979 962 3045 vestris;
989 3000 1018 3027 »
1078 2979 1332 3051 populus
1361 2981 1646 3040 similiter.
1681 2987 1959 3047 Cantores
1993 3009 2007 3047 :

363 3083 394 3112 ‹‹
418 3065 645 3133 Sancte,
668 3069 758 3119 ter
785 3071 1008 3136 sancte,
1049 3068 1317 3125 dominos
1375 3074 1536 3126 tuere
1566 3089 1580 3134 ;
1613 3094 1642 3123 »
1674 3076 1876 3131 eadem
1903 3095 2008 3148 po-

361 3149 538 3219 pulus
561 3157 648 3206 ter
671 3154 900 3224 repetit,
931 3155 1236 3211 Cantores:
1264 3179 1291 3207 «
1321 3157 1574 3229 Spiritus
1605 3163 1999 3234 sanctissime,

355 3241 648 3305 Augustas
709 3239 1032 3310 proteget»
1067 3241 1315 3312 populus
1350 3261 1363 3300 :
1402 3265 1422 3293 α
1459 3246 1711 3317 Spiritus
1755 3251 1996 3308 sanctis-

350 3323 519 3377 sime.
551 3343 577 3374 ιι
614 3323 930 3382 Cantores:
967 3349 996 3378 «
1028 3331 1205 3384 Mater
1233 3330 1333 3386 Dei
1359 3334 1565 3402 nostri,
1599 3336 1990 3410 porphyroge-

355 3411 513 3468 nitos
563 3415 789 3471 custodi
818 3432 886 3482 ;»
946 3416 1196 3488 populus
1229 3435 1244 3475 :
1276 3441 1305 3470 ‹‹
1348 3421 1530 3478 Mater
1569 3423 1668 3479 Dei
1726 3428 1932 3485 nostri.
1959 3450 1989 3478 »

348 3499 626 3558 Cantores
671 3519 746 3558 ;‹‹
807 3505 1070 3575 Domine,
1128 3508 1307 3564 vitam
1338 3525 1538 3567 eorum
1597 3528 1698 3584 per
1728 3520 1988 3572 nostram

348 3589 531 3646 vitam
578 3594 764 3664 auge!
799 3615 829 3644 »
860 3595 1110 3666 populus
1144 3613 1158 3651 :
1192 3597 1334 3667 Imo,
1383 3600 1643 3670 Domine,
1675 3604 1853 3662 vitam
1882 3623 1982 3664 eo-

346 3695 478 3733 rum
510 3695 613 3750 per
650 3681 939 3737 nostram!
975 3703 1005 3732 »

2125 1911 2444 1986 Αὐγούστας
2497 1915 2789 1988 βοήθησον,
2842 1916 2870 1969 6
2920 1917 2971 1972 ἐν
3022 1916 3214 1991 Τριάδι
3269 1921 3628 1994 ὑμνούμενοςο
3666 1947 3687 1972 ι
3744 1923 3771 1977 6

2126 1999 2256 2062 λαός
2305 1999 2365 2056 ἐκ
2403 2003 2468 2077 γ”
2521 2027 2548 2053 ‹‹
2601 2002 2780 2078 Κύριε,
2828 2009 3024 2062 σῶσον.
3080 2029 3109 2058 ››
3160 2009 3228 2064 Οἱ
3273 2008 3521 2082 κράκται’
3569 2034 3597 2060 ‹‹
3631 2010 3770 2073 Τοὺς

2122 2093 2661 2168 πορφυρογεννήτους
2707 2090 2962 2170 φύλαξον,
3011 2095 3038 2149 6
3087 2093 3140 2149 ἐν
3192 2097 3443 2171 οὐρανοῖς
3475 2095 3771 2172 δοξαζόμε-

2123 2199 2235 2240 νοςσ
2271 2203 2300 2230 ››
2349 2181 2378 2233 6
2427 2178 2556 2241 λαὸς
2604 2178 2665 2234 ἐκ
2704 2182 2771 2254 γ“’
2823 2203 2847 2234 σι
2896 2183 3082 2256 Κύριε,
3125 2188 3319 2242 σῶσον.
3355 2210 3383 2238 ››
3415 2187 3483 2244 Οἱ
3522 2187 3766 2262 κράκταιο

2123 2291 2153 2320 ‹‹
2181 2266 2338 2338 Αὔξει
2365 2269 2427 2323 τὸ
2461 2267 2760 2343 βασίλειον,
2809 2271 2954 2343 αὔξει
3000 2273 3090 2327 καὶ
3136 2279 3200 2328 τὸ
3249 2276 3470 2331 Βὲνετον
3511 2279 3647 2350 (40)·
3683 2303 3710 2330 υ
3742 2281 3768 2333 6

2121 2355 2254 2419 λαὸς
2285 2357 2345 2412 ἐκ
2373 2359 2441 2435 γ’·
2492 2382 2520 2410 ‹‹
2552 2359 2738 2433 Κύριε,
2769 2363 2962 2418 σῶσον.
2992 2383 3020 2412 ››
3069 2362 3175 2418 Καὶ
3201 2363 3646 2440 τρισαγιάζοντος
3674 2371 3768 2422 τοῦ

2121 2447 2376 2522 ὀργάνου,
2409 2444 2658 2520 λέγουσιν
2703 2448 2755 2502 οἱ
2806 2448 3052 2522 κράκται·
3105 2473 3132 2501 ‹‹
3171 2453 3449 2527 Τρισάγιε,
3485 2454 3764 2530 βοήθησον

2116 2533 2244 2598 τοὺς
2293 2532 2578 2596 δεσπότας·
2636 2558 2664 2586 ››
2715 2536 2744 2591 6
2790 2535 2924 2598 λαὸς
2973 2537 3033 2592 ἐκ
3079 2539 3147 2612 γ’·
3205 2563 3233 2591 ‹‹
3284 2544 3566 2616 Τρισάγιε.
3620 2566 3648 2595 ››
3700 2545 3765 2601 Οἱ

2116 2622 2362 2697 κράκται·
2418 2649 2445 2676 (ι
2491 2623 2596 2680 Καὶ
2655 2626 2716 2679 σὺ
2775 2624 2972 2688 αὐτοὺς
3032 2628 3355 2702 θεράπευσον
3405 2630 3492 2685 ἐπὶ
3539 2638 3692 2687 πᾶσι·
3734 2657 3761 2685 ››

2116 2713 2204 2766 καὶ
2239 2713 2266 2767 6
2298 2711 2428 2775 λαὸς
2464 2712 2672 2786 ὁμοίως
2708 2712 2767 2770 ἐκ
2793 2713 3002 2790 τρίτου,
3056 2741 3084 2768 ‹‹
3133 2717 3453 2788 Πλεονάζων
3484 2728 3585 2791 τῆς
3617 2727 3760 2792 ζωῆς

2117 2801 2294 2856 αὐτῶν
2327 2802 2582 2877 χρόνους·
2619 2827 2648 2855 ››
2689 2804 2718 2857 6
2767 2802 2898 2867 λαὸς
2947 2806 3157 2878 ὁμοίως
3199 2805 3258 2862 ἐκ
3296 2807 3501 2882 τρίτου.
3534 2811 3602 2867 Οἱ
3631 2813 3760 2886 κρά-

2115 2911 2258 2946 κται·
2293 2916 2321 2944 ‹‹
2355 2892 2460 2948 Σὺν
2509 2893 2846 2967 Αὐγούσταις
2896 2890 3133 2951 εὐσεϐέσι
3173 2895 3471 2976 φιλοθέοις·
3509 2923 3536 2952 ››
3568 2901 3597 2955 6
3631 2900 3757 2964 λαὸς

2117 2979 2326 3054 ὁμοίως
2376 2982 2436 3037 ἐκ
2479 2983 2544 3056 γ’·
2592 2984 2659 3040 O't
2704 2984 2953 3057 κράκται·
3011 3006 3034 3035 ε
3069 2985 3167 3040 Καὶ
3215 2988 3449 3044 Βενέτων
3488 2993 3596 3044 τῶν
3627 3014 3759 3065 γνη-

2115 3069 2246 3124 σίων
2282 3069 2433 3142 ὑμῶν
2471 3073 2578 3125 τῶν
2629 3068 2863 3126 δούλων·
2900 3095 2928 3123 ››
2975 3073 3065 3128 καὶ
3111 3075 3138 3128 ὁ
3189 3074 3320 3139 λαὸς
3366 3077 3571 3150 ὁμοίως
3605 3078 3664 3134 ἐκ
3691 3081 3753 3155 γ’·

2117 3157 2186 3214 0'!
2239 3157 2465 3230 κράκται
2521 3156 2598 3212 ἔσο
2660 3183 2688 3211 ‹‹
2745 3161 2926 3235 “Αγιε,
2985 3163 3247 3239 τρισάγιε,
3305 3163 3434 3226 τοὺς
3496 3163 3754 3230 δεσπότας

2106 3244 2364 3320 φύλαξονο
2433 3271 2462 3300 ››
2534 3249 2562 3302 6
2629 3245 2763 3310 λαὸς
2826 3249 3035 3322 ὁμοίως
3101 3252 3156 3307 ἐν
3223 3253 3292 3327 γ’.
3361 3255 3428 3311 Οἱ
3503 3258 3749 3328 κράκται.

2107 3359 2134 3387 ‹‹
2168 3339 2386 3408 Πνεῦμα
2434 3338 2496 3390 τὸ
2544 3338 2830 3412 πανάγιον,
2869 3339 2963 3401 τὰς
3015 3340 3330 3414 Αὖγούστας
3387 3343 3670 3401 σκέπασονο
3723 3372 3749 3398 ››

2102 3425 2130 3478 6
2164 3425 2294 3486 λαὸς
2326 3424 2377 3479 οἱ
2408 3419 2487 3480 ἔσο
2539 3448 2568 3478 ‹‹
2615 3427 2832 3501 Πνεῦμα
2878 3428 2941 3482 τὸ
2987 3430 3276 3504 πανάγιον.
3324 3454 3354 3483 ››
3404 3433 3471 3490 Οἱ
3501 3433 3746 3508 κράκται·

2100 3537 2130 3566 ‹‹
2181 3516 2385 3589 Μήτηρ
2433 3518 2532 3569 τοῦ
2573 3519 2708 3570 Θεοῦ
2773 3518 2956 3589 ἡμῶν,
3023 3517 3150 3580 τοὺς
3205 3527 3745 3599 πορφυρογεννήτους

2097 3601 2358 3680 φύλαξον·
2392 3626 2421 3656 ››
2453 3604 2481 3658 6
2514 3603 2644 3665 λαὸς
2677 3605 2728 3657 οἱ
2771 3602 2851 3658 ἓσο
2909 3629 2940 3658 ‹‹
2973 3607 3176 3680 Μήτηρ
3214 3613 3311 3663 τοῦ
3343 3614 3474 3666 Θεοῦ
3500 3613 3682 3685 ἡμῶν,
3722 3639 3741 3665 ι

2095 3695 2159 3748 Οἱ
2214 3695 2462 3767 κράκταιο
2524 3717 2551 3744 ι(
2613 3691 2794 3768 Κύριε,
2857 3694 2998 3763 ζωήν
3060 3693 3238 3752 αὒτῶν
3290 3695 3378 3753 διὰ
3435 3701 3536 3770 τήν
3599 3704 3742 3772 ζωὴν

345 3767 528 3838 ἡμῶν·
567 3790 594 3818 ››
627 3767 655 3820 6
689 3766 820 3833 λαὸς
857 3769 909 3822 οἱ
939 3766 1016 3822 ἔσ·
1059 3794 1087 3821 (ί
1119 3769 1309 3846 Κύριε,
1342 3776 1487 3844 ζωὴν
1514 3777 1690 3833 αὐτῶν
1721 3777 1810 3836 διὰ
1838 3785 1936 3854 τήν
1970 3789 2118 3858 ζωὴν
2147 3788 2328 3857 ἡμῶν.
2362 3808 2392 3835 ››

415 3855 506 3911 IV.
537 3856 629 3912 Sic
649 3858 872 3914 domini
904 3859 1049 3915 ritus
1069 3860 1362 3919 solemnes
1381 3864 1691 3937 celebrant,
1719 3871 1982 3945 dumque

339 3943 620 4001 thronum
651 3949 1029 4004 conscensuri
1059 3959 1217 4018 sunt,
1247 3954 1544 4009 actuarius
1575 3973 1775 4027 preces
1807 3943 1980 4018 insti—

338 4033 469 4099 tuit,
502 4039 559 4089 et
595 4035 645 4089 si
686 4035 890 4093 Veneti
948 4039 1298 4108 precipuam
1357 4040 1695 4112 dignitatem
1743 4047 1977 4120 habent,

340 4125 607 4177 cantores
620 4139 818 4178 eorum
836 4125 1069 4180 dicunt:
1094 4149 1122 4177 «
1139 4131 1402 4192 Exorere,
1416 4131 1611 4188 divina
1625 4135 1897 4203 majestas
1916 4140 1927 4193 Ι
1948 4160 1976 4188 ››

337 4208 597 4264 Prasini:
631 4210 937 4280 «Exorere,
965 4213 1278 4268 Trinitatis
1309 4215 1550 4273 electio!
1586 4222 1838 4290 populus
1859 4228 1975 4281 ter:

338 4318 366 4345 ‹‹
401 4296 643 4352 Exorere
671 4297 684 4350 !
711 4319 740 4346 »
770 4298 1045 4354 Cantores
1081 4317 1095 4354 :
1127 4322 1155 4349 ‹‹
1189 4300 1539 4360 Exoriantur
1583 4305 1650 4364 N.
1687 4309 1754 4365 N.
1786 4315 1978 4384 Augu-

336 4389 434 4438 stas
492 4385 916 4441 Romanorum!
951 4408 981 4437 ››
1021 4392 1272 4460 populus
1305 4397 1391 4447 ter
1423 4409 1489 4447 :«
1533 4396 1881 4457 Exoriantur
1909 4403 1967 4457 ι.

2166 3875 2238 3932 Δ“.
2270 3877 2389 3929 Τῶν
2422 3870 2481 3927 δὲ
2511 3869 2785 3927 δεσποτῶν
2833 3873 2902 3927 τὰ
2946 3872 3174 3929 εἰωθότα
3213 3877 3312 3945 τῆς
3341 3877 3542 3948 τάξεως
3572 3901 3745 3954 πρατ-

2087 3964 2291 4020 τόντων
2335 3961 2428 4018 καὶ
2482 3960 2799 4034 μελλόντων
2860 3961 3057 4018 ἀνιέναι
3117 3963 3206 4018 ἐπί
3261 3966 3358 4020 τοῦ
3387 3969 3740 4042 καθίσματος,

2087 4058 2242 4107 ποιεῖ
2291 4053 2320 4106 6
2369 4050 2693 4122 ἂκτουάριος
2719 4050 2783 4105 τὸ
2830 4049 3004 4105 αἷ¹σιον
3055 4054 3187 4125 (41),
3236 4055 3326 4108 καὶ
3361 4054 3406 4109 εἷ
3439 4058 3534 4128 μὲν
3567 4056 3684 4134 ἔχει
3713 4061 3741 4115 ὁ

2089 4139 2311 4202 Βένετος
2341 4138 2678 4213 προτίμησιν
2731 4140 2866 4213 (42),
2929 4137 3180 4215 λέγουσιν
3238 4143 3290 4198 οἱ
3345 4144 3551 4200 τούτων
3610 4150 3740 4220 κρά-

2085 4248 2227 4283 κται·
2300 4251 2324 4280 ε
2370 4225 2710 4296 Ἀνάτειλον,
2761 4229 2797 4297 ἡ
2843 4222 3018 4291 ἔνθεος
3080 4229 3354 4303 βασιλεία·
3405 4257 3434 4286 ››
3485 4235 3530 4291 εἰ
3581 4233 3640 4292 δὲ
3686 4239 3737 4292 οἱ

2086 4317 2368 4389 ΙΙράσινοι,
2437 4315 2709 4392 λέγουσιν·
2770 4339 2800 4368 ‹‹
2863 4317 3196 4386 Ἀνάτειλον,
3263 4323 3298 4391 ἡ
3367 4321 3573 4400 ἐκλογὴ
3639 4333 3739 4395 τῆς

2085 4403 2333 4479 Τριάδος·
2369 4429 2398 4457 ››
2430 4407 2458 4460 6
2507 4405 2638 4466 λαὸς
2671 4403 2731 4460 ἐκ
2777 4406 2844 4481 γ’·
2881 4429 2908 4457 ‹‹
2951 4406 3285 4466 Ἀνάτειλον.
3332 4433 3361 4462 ››
3393 4413 3455 4466 O't
3484 4413 3729 4487 κράκται’

334 4474 643 4528 Cantores:
678 4493 707 4522 «
749 4475 1091 4531 Exoriantur
1121 4477 1324 4535 famuli
1362 4480 1631 4540 Domini!
1669 4508 1699 4536 ››
1726 4489 1974 4561 pupulus

2147 4493 2460 4551 Ἀνάτειλον
2494 4494 2522 4549 6
2551 4491 2699 4549 δεῖνα
2728 4495 2814 4548 οιαὶ
2847 4494 2874 4547 ὁ
2905 4491 3048 4550 δεῖνα
3097 4496 3403 4572 Αὐγοῦσται
3448 4505 3556 4557 τῶν
3594 4505 3735 4559 Ῥω-

333 4576 422 4615 rer
453 4575 466 4614 :
508 4579 531 4608 ι
561 4562 930 4618 Exoriantur!
951 4585 978 4614 ››
1012 4566 1286 4624 Cantores
1318 4585 1332 4624 :
1359 4592 1388 4620 ‹‹
1415 4571 1758 4631 Exoriantur
1791 4595 1824 4634 a
1854 4578 1970 4636 Deo

332 4649 591 4704 coronati
649 4649 872 4704 domini
923 4668 1056 4708 cum
1107 4655 1614 4726 imperatricibus!
1647 4684 1678 4714 »
1723 4669 1968 4738 populus

329 4743 459 4811 ter:
506 4758 535 4785 «
594 4737 974 4795 Exorianturl
1030 4741 1192 4797 Tunc
1251 4745 1598 4816 apelaticum
1640 4737 1968 4813 cursoriam

2086 4583 2280 4655 μαίων·
2314 4606 2343 4636 ››
2394 4584 2422 4637 6
2471 4582 2603 4643 λαὸς
2652 4581 2711 4636 ἐκ
2759 4583 2826 4656 γ’·
2885 4607 2905 4633 ι
2949 4584 3284 4644 Ἀνάτειλον.
3316 4609 3347 4642 ι)
3380 4591 3447 4646 Οἱ
3478 4592 3730 4665 κράκται·

2085 4693 2106 4720 ι
2142 4668 2456 4727 Ἀνάτειλον
2488 4671 2540 4724 οἱ
2572 4670 2894 4743 θεράποντες
2943 4677 3040 4727 τοῦ
3089 4674 3312 4748 Κυρίου’
3349 4700 3378 4729 ››
3426 4679 3454 4732 6
3508 4678 3639 4743 λαὸς
3672 4681 3732 4738 ὲκ

2079 4765 2146 4833 γ’·
2181 4783 2209 4811 ‹‹
2238 4758 2571 4816 Ἀνάτειλον.
2611 4782 2640 4811 ››
2690 4759 2757 4816 Οἱ
2804 4761 3049 4817 κοάκται·
3108 4787 3135 4815 ‹‹
3169 4765 3488 4824 Ἀνάτειλον
3521 4771 3574 4824 o't
3607 4771 3729 4827 θεό-

1686 4859 1925 4918 VARI/E
1953 4863 2255 4923 LECTION
2264 4867 2366 4925 ES.

397 4934 442 4967 ⁷³
471 4933 625 5008 φύσιν
659 4936 750 4992 ed.

1331 5043 1530 5102 JOAN.
1568 5048 1709 5105 JAC.
1752 5051 2019 5112 REISKII
2059 5057 2648 5116 COMMENTARIUS.

399 5124 518 5200 (39)Δ
543 5125 836 5196 Adamum,
868 5146 922 5186 γ.
961 5129 1047 5185 Du
1103 5130 1294 5200 Cange
1350 5132 1438 5190 Gl.
1497 5134 1593 5190 Gr.
1630 5138 1686 5192 h.
1718 5155 1770 5193 ν.
1828 5147 1966 5200 etv.

327 5196 866 5280 atpop‘tﬁftupﬂnaler
893 5196 1397 5280 omniumA‘prima.
1452 5205 1542 5261 Sic
1562 5207 1737 5280 Evam
1771 5196 1966 5280 appel;

330 5267 469 5320 lant.
505 5266 616 5322 Dio
639 5267 1028 5350 Chrysostom.
1055 5289 1110 5342 p.
1142 5266 1268 5339 206,
1302 5278 1480 5350 Deum
1509 5278 1763 5350 appellat
1790 5266 1968 5338 Homi-

327 5339 846 5415 numnrtporta'ttopa,
885 5339 1164 5398 auctorem
1200 5348 1432 5415 generis.

328 5357 468 5391 num
502 5357 541 5390 π
582 5357 846 5412 οπατορα,
885 5357 1164 5398 auctorem
1200 5357 1432 5415 generis.

325 5480 366 5529 Π
397 5409 509 5493 (ᾆΟ)
541 5357 602 5464 ῗῑι
659 5413 920 5483 margine
979 5415 1288 5486 ascriptum
1346 5423 1468 5474 erat
1497 5418 1549 5472 οἱ
1589 5418 1866 5492 Πράσινοι,
1899 5423 1960 5478 τὸ

379 5495 614 5529 οασινον.

412 5497 614 5534 ασινον.

377 5495 614 5637 ﬁt???
639 5559 747 5637 est,
805 5555 1279 5637 phinte‘rpretor,
1307 5560 1450 5616 dicit
1481 5577 1494 5618 :
1520 5558 1695 5623 αἴσιος
1724 5558 1957 5637 γενέσθω

330 5615 530 5694 αὕτῃᾼῇ
563 5615 764 5692 ἡμέρα,
792 5626 933 5694 felix
959 5615 1080 5684 ὣςιο⁸
1097 5629 1184 5684 hic
1213 5615 1355 5686 dies.

403 5688 513 5759 (42)
541 5688 693 5747 Pene
721 5688 952 5766 semper
978 5701 1436 5768 praeferebantur
1455 5704 1655 5762 Veneti
1675 5705 1952 5783 Prasinis,

2079 5146 2269 5231 favore
2300 5149 2734 5231 imperatorum,
2766 5149 2982 5231 quibus
3012 5153 3236 5211 Prasini
3257 5155 3598 5231 plerumque
3627 5161 3714 5218 in-

2078 5219 2185 5272 visi
2213 5219 2806 5303 erant._Consistebat
2851 5228 3042 5303 autem
3095 5219 3472 5303 praerdgativa
3504 5219 3580 5286 ‘in
3619 5247 3710 5303 eo,

2075 5291 2230 5364 quod
2263 5290 2447 5364 primi
2464 5293 2536 5348 ab
2559 5292 2906 5364 imperatore
2929 5290 3315 5355 salutarentu?
3359 5306 3417 5356 et
3446 5290 3710 5358 benedici

2072 5359 2290 5438 tionem
2331 5359 2680 5438 acciperent,
2739 5364 2912 5438 primi
2946 5365 3349 5438 imperatorem
3382 5374 3705 5438 adorarent,

2071 5429 2256 5514 primi.
2297 5429 2526 5501 premis
2559 5429 2804 5514 ferrent.
2824 5436 2968 5514 Cum
3001 5429 3192 5514 tamen
3225 5441 3346 5496 haec
3367 5429 3704 5514 προτίμησις

2070 5499 2355 5576 videatur,
2387 5519 2454 5558 ex
2479 5510 2676 5560 nostro
2705 5507 2940 5576 quidem
2973 5511 3188 5573 codice.
3223 5528 3336 5568 non
3366 5499 3487 5568 tam
3519 5499 3706 5571 e'x'vo;

2069 5569 2689 5648 luntateimperatoris
2711 5569 2886 5648 quam
2921 5580 3113 5648 potius
3160 5569 3226 5638 ex
3257 5584 3497 5640 arbitrio
3528 5569 3701 5641 sortis

2065 5644 2462 5726 perpendisse,
2482 5663 2594 5702 non
2610 5644 3090 5719 poterantVeneti
3103 5654 3401 5726 semperin
3415 5653 3508 5711 his
3527 5656 3700 5713 rebus

2061 5713 2283 5784 primas
2297 5713 2463 5776 ferre.
