4136 6302
233 339 356 399 601
1120 340 1221 400 DE
1262 339 1718 404 CERIMONIIS
1762 343 1872 404 AU

1986 343 1997 402 ἒ
2035 344 2524 408 BYZANTINZE
2567 343 2718 405 LIB.
2767 345 2816 404 Ι.
3536 343 3654 406 602

238 489 468 525 στεπτοι
542 466 797 524 δεσπόται
859 468 952 523 σὺν
1008 473 1127 532 ταῖς
1154 468 1515 546 Αὐγόύσταις’
1552 493 1577 525 υ
1613 473 1641 527 6
1673 473 1804 536 λαὸς
1837 473 1873 528 ἐπ

2011 475 2291 550 hymnum
2339 477 2456 533 toni
2497 476 2612 533 obl.
2647 474 2806 532 lV:«
2865 477 2912 530 A
2965 476 3074 532 Deo
3126 475 3424 531 ﬁrmatum
3473 475 3653 532 robur

231 561 303 634 γ’*
341 583 370 610 ‹‹
402 557 747 614 Ἀνάτειλοκμ
785 581 812 609 ››
851 559 949 612 Καὶ
1009 559 1108 613 εἶθ’
1144 557 1318 622 οῧσως
1379 559 1628 637 λέγουσιν
1690 561 1863 618 ἆπελα

2007 567 2311 638 utriusque
2339 571 2616 637 vestrum,
2650 565 2718 620 N.
2751 567 3069 637 imperator
3090 569 3146 619 at
3175 564 3245 618 N.
3281 565 3469 636 gloria
3515 580 3655 636 pur-

229 649 389 702 τικὸν
424 645 692 722 δρομικὸν
857 667 918 716 π,
951 649 1017 705 α’.
1049 671 1078 699 ‹‹
1111 647 1188 704 Τὸ
1231 644 1639 724 θεοπρόϐλητον
1697 651 1873 725 κράτοι

2004 671 2184 726 purse,
2208 655 2492 712 illustrate
2517 655 2695 711 radiis
2715 654 2922 710 vestris
2944 652 3109 708 vobis
3134 669 3330 708 servos
3351 653 3611 708 addictos
3636 651 3650 707 ι

227 745 340 806 τῆς
402 737 670 812 ὑμετέρας
729 733 947 809 δυάδος,
1009 738 1037 793 6
1086 735 1234 793 δεῖνα
1294 738 1651 816 αὐτοκράτωρ
1716 741 1808 795 καὶ
1867 765 1873 792 ε

2003 742 2339 810 exhilarate,
2372 743 2618 811 domini,
2653 741 2931 812 p0pulum
2961 745 3220 796 vestrum
3250 741 3262 794 !
3297 762 3326 790 »
3368 740 3649 797 Cantores

231 824 390 882 δεῖνα
429 829 465 896 ἡ
499 822 627 895 δόξα
663 829 766 892 τῆς
814 825 1123 902 πορφύρας,
1163 825 1479 902 ἐκλάμψατε
1522 826 1610 884 ἐπὶ
1661 826 1873 885 δούλου.

2000 831 2249 886 iterum:
2279 853 2308 881 «
2340 831 2600 899 Exorare,
2635 831 2812 886 robur
2869 833 3042 886 rectae
3095 829 3270 886 fidei!
3307 850 3336 880 »
3395 827 3647 901 populus

228 916 524 990 γνησίους,
560 916 959 994 εὐφραίνοντες,
1019 914 1296 986 δεσπόται,
1334 919 1427 974 τὸν
1457 916 1588 974 λαὸν
1632 920 1802 993 ὑμῶν.
1863 945 1873 973 ι

2002 927 2089 974 ter
2115 937 2128 975 :
2162 942 2190 968 ‹‹
2223 920 2503 976 Exorare!
2542 942 2568 969 ››
2599 922 2866 976 Cantores
2897 935 2910 974 :
2940 941 2969 968 «
2999 918 3260 983 Exorare,
3286 918 3642 974 desiderium

233 1006 351 1062 Καὶ
382 1005 553 1061 πάλιν
580 1005 832 1082 λέγουσιν
883 1006 933 1060 οἱ
975 1008 1229 1080 κράκται·
1254 1031 1283 1059 ‹‹
1334 1007 1668 1080 ’Δνοὶτειλυν,
1697 1010 1760 1064 τὸ
1801 1011 1873 1085 ὀρ·

2003 1008 2428 1065 Romanorum!
2457 1032 2484 1058 ››
2503 1010 2751 1081 pOpulus
2775 1014 2893 1064 ter:
2916 1035 2944 1059 ιι
2966 1012 3207 1065 Exorare
3233 1010 3246 1063 !
3274 1030 3301 1058 »
3324 1008 3601 1064 Cantores
3630 1025 3644 1064 :

226 1092 462 1166 θόδοξον
507 1097 730 1170 κράτος·
788 1119 818 1148 ››
875 1096 902 1150 6
961 1095 1092 1158 λαὸς
1152 1094 1211 1152 ἐκ
1247 1097 1313 1170 γ’.
1341 1121 1369 1148 ι(
1403 1097 1737 1157 Ἀνάτειλον,
1772 1123 1800 1150 )›
1829 1105 1873 1154 Ο

2004 1121 2034 1150 ‹‹
2065 1101 2308 1156 Exorare
2329 1099 2611 1170 gaudium
2644 1104 2700 1153 et
2717 1099 2899 1169 gloria
2917 1097 3147 1154 nostra!
3175 1120 3204 1148 ››
3238 1097 3488 1170 populus
3515 1105 3600 1153 ter
3624 1114 3639 1152 :

226 1185 494 1258 κράκται.
558 1206 587 1237 ι(
654 1183 992 1252 Ἀνάτειλον,
1033 1189 1143 1240 τῶν
1183 1186 1473 1259 Ῥωμαίων
1505 1188 1534 1241 6
1589 1186 1773 1251 πόθος·
1806 1191 1873 1242 »ί

2006 1209 2032 1242 ιι
2064 1188 2338 1244 Exorare!
2375 1210 2403 1238 »
2435 1187 2750 1243 Cantores:
2783 1209 2812 1236 «
2844 1186 3086 1242 Exorare
3116 1187 3186 1242 N.
3219 1187 3287 1241 N.
3320 1185 3644 1258 imperator

230 1271 375 1335 λαὸς
410 1273 472 1328 ἐκ
503 1279 568 1349 γ’·
601 1297 630 1325 ι(
663 1272 1009 1330 Ἀνάτειλον.
1045 1298 1073 1325 ››
1105 1274 1171 1331 Οἱ
1230 1275 1479 1347 κράκται,
1518 1297 1541 1326 ι
1573 1275 1873 1333 ’Δνοὶτειλοι

2000 1279 2432 1335 Romanorum!
2468 1300 2496 1327 ››
2529 1274 2780 1348 populus
2823 1275 3036 1330 clamat
3089 1281 3212 1331 ter:
3246 1297 3276 1326 «
3311 1273 3592 1330 Exorare!
3626 1299 3642 1343 ;

229 1363 269 1430 ἡ
310 1361 465 1436 χαρὰ
493 1363 656 1435 ἡμῶν
678 1361 768 1416 καὶ
799 1358 946 1431 δόξα*
979 1385 1007 1414 ››
1043 1363 1072 1417 6
1103 1359 1235 1424 λαὸς
1266 1362 1325 1417 ἐκ
1350 1364 1418 1437 γ“’
1455 1388 1482 1415 ‹‹
1509 1362 1844 1420 Ἀνςιὶτειλον⁸
1881 1389 1910 1418 ››
1931 1366 1994 1419 Οἱ
2023 1365 2270 1440 κράκται·
2304 1389 2331 1418 (ι
2359 1356 2674 1422 Ἀνάτείλον
2709 1364 2737 1418 6
2769 1360 2918 1418 δεῖνα
2948 1363 3034 1416 καὶ
3089 1363 3118 1416 6
3166 1359 3310 1416 δεῖνα
3357 1361 3638 1436 αὐτοκρά-

232 1470 408 1522 τορες
437 1449 752 1518 Ῥωμαίων·
793 1475 814 1501 ι
842 1452 1074 1527 φθογγεῖ
1091 1451 1182 1505 καὶ
1213 1452 1240 1506 6
1274 1451 1404 1514 λαὸς
1434 1451 1493 1507 ἐκ
1511 1459 1574 1527 γ”
1601 1477 1628 1505 ‹‹
1653 1451 1987 1510 Ἀνάτειλον.

303 1540 387 1596 Ε’.
427 1540 551 1595 Τῶν
580 1536 637 1594 δὲ
662 1537 938 1594 δεσποτῶν
977 1539 1237 1594 ἀνιόντων
1271 1537 1358 1595 ἒπὶ
1401 1545 1498 1595 τοῖ’)
1556 1539 1888 1614 καθίσματος

221 1628 326 1684 καὶ
382 1626 690 1701 ἱσταμένων
772 1623 1076 1701 ἔμπροσθεν
1131 1632 1229 1683 τοῦ
1287 1627 1526 1700 σέντζου,
1576 1651 1886 1710 κατασφρα-

218 1718 449 1791 γίζουσι
486 1716 624 1790 μετᾶ
643 1717 692 1752 ⁷³
718 1717 782 1772 τὸ
812 1715 977 1792 ἄκρον
1008 1722 1115 1772 τῶν
1167 1714 1464 1793 χλανιδίων
1498 1717 1698 1788 αὐτῶν,
1730 1724 1888 1791 πρῶ-

217 1825 321 1859 τον
356 1805 454 1879 μὲν
517 1806 705 1878 μέσον,
747 1803 914 1880 ἤγουν
968 1807 1029 1860 τὸ
1097 1804 1401 1880 μεσοδίμην
1433 1807 1480 1842 ⁷⁴
1507 1809 1644 1881 (43),
1703 1802 1873 1862 ἔπειτα

1996 1810 2205 1866 deinde
2227 1810 2531 1874 Venatum,
2559 1815 2848 1879 postremo
2871 1809 3179 1864 Prasinum
3205 1807 3460 1878 signant,
3486 1805 3635 1875 quod

218 1894 324 1948 τὸν
358 1898 457 1949 τοῦ
489 1895 715 1951 Βενέτου
754 1893 954 1968 δῆμον·
1007 1894 1100 1950 εἶθ’
1159 1893 1331 1958 οὕτως
1389 1895 1482 1950 τὸν
1541 1900 1637 1951 τοῦ
1676 1898 1873 1970 Πρασί-

1995 1900 2134 1954 dum
2165 1905 2364 1971 agunt,
2399 1899 2677 1955 factiones
2722 1896 3080 1954 acclamant:
3117 1915 3142 1947 α
3192 1896 3456 1964 Sanctus,
3497 1910 3636 1948 san-

218 2004 346 2052 νου,
394 1983 485 2037 καὶ
533 1980 601 2052 δὴ
669 1988 780 2039 τῶν
839 1981 1117 2040 δεσποτῶν
1159 1985 1584 2063 σφραγιζόντων,
1628 1985 1873 2062 λέγουσιν

1992 1993 2144 2060 ctus,
2175 1998 2412 2044 sanctus
2440 1989 2451 2043 !
2482 2011 2510 2038 »
2533 1989 2841 2044 Cantores:
2879 2009 2907 2037 «
2941 1986 3175 2052 Multos,
3207 1985 3447 2051 multos,
3481 1982 3633 2038 mul-

219 2071 277 2126 οἱ
347 2069 543 2144 δῆμον
599 2095 626 2124 ‹‹
683 2073 889 2148 Ἀγιος,
943 2067 1122 2148 ἅγιος,
1191 2074 1366 2148 ἅγιος.
1425 2096 1451 2127 n
1512 2074 1578 2131 Οἱ
1627 2074 1873 2149 κράκται,

1990 2085 2097 2134 tos.
2131 2100 2160 2128 »
2194 2077 2486 2149 Populus:
2513 2099 2541 2128 «
2564 2077 2770 2132 Multos
2795 2092 2978 2131 annos
3003 2075 3064 2130 in
3087 2074 3302 2130 mullos
3327 2072 3340 2128 !
3377 2094 3404 2123 »
3430 2074 3632 2130 Canto-

219 2184 249 2211 α
292 2158 507 2230 Πολλὰ,
539 2158 747 2232 πολλὰ,
779 2159 986 2218 πολλὰ.
1012 2185 1040 2214 ››
1075 2163 1103 2216 6
1145 2161 1300 2231 λαὸς,
1332 2187 1359 2214 ‹‹
1411 2160 1604 2217 Πολλὰ
1648 2161 1741 2233 ἔτη
1801 2163 1873 2228 εἷς

1987 2184 2080 2223 res
2105 2184 2117 2222 :
2153 2167 2344 2224 «185
2366 2165 2434 2220 Ν.
2457 2165 2525 2223 Ν.
2549 2165 2766 2221 Christi
2788 2169 3075 2234 amantes,
3095 2165 3157 2220 in
3177 2168 3293 2219 Deo
3321 2162 3534 2218 vincite
3559 2161 3572 2215 !
3600 2182 3629 2210 »

2069 1548 2139 1600 V.
2171 1545 2481 1616 Postquam
2515 1561 2648 1600 vero
2667 1543 2884 1598 domini
2906 1543 2964 1597 in
2987 1544 3330 1614 suggestum
3356 1539 3636 1595 ascende-

1997 1636 2137 1688 runt
2167 1637 2223 1688 et
2265 1638 2398 1689 ante
2447 1632 2721 1688 thronum
2761 1635 2942 1702 stant,
2987 1638 3246 1688 extrema
3293 1629 3490 1684 tunica
3536 1643 3640 1685 sua

1997 1722 2184 1793 primo
2206 1721 2484 1793 populum
2518 1721 2773 1777 medium
2799 1737 2902 1776 seu
2925 1720 2984 1774 in
3012 1720 3204 1774 medio
3227 1718 3637 1782 constitutum,

217 2247 433 2314 πολλοὶ,
478 2274 506 2301 ››
544 2252 610 2308 Οἱ
639 2249 889 2327 κράκται·
927 2274 952 2305 α
983 2251 1040 2305 '0
1099 2249 1250 2307 δεῖτα
1279 2253 1366 2306 καὶ
1401 2253 1428 2306 6
1508 2249 1655 2306 δεῖνα
1712 2250 1878 2331 φιλό-

219 2357 467 2412 χριστοι,
502 2337 556 2392 ἰν
587 2342 704 2410 Θεῷ
732 2343 936 2393 νικᾶτε·
964 2363 993 2390 ››
1031 2339 1120 2394 καὶ
1153 2341 1180 2394 6
1241 2338 1372 2402 λαὸς
1430 2339 1490 2396 ἐκ
1536 2348 1584 2417 γ’
1641 2341 1873 2414 ὁμοίως.

224 2427 324 2484 Καὶ
357 2428 480 2482 οἷον
515 2427 678 2502 μέρος
703 2426 824 2502 ἔχει
880 2427 1237 2504 προτίμησιν,
1290 2429 1557 2505 λέγουσιν.
1606 2453 1634 2480 ‹‹
1693 2429 1876 2504 Οὐρά-

221 2535 321 2570 νιε⁶
360 2540 387 2567 »ι
417 2518 506 2571 καὶ
543 2518 571 2571 6
601 2517 748 2580 ἆντὶς
779 2517 996 2591 ⁷⁸(44),»
1035 2519 1238 2591 Στέψον
1269 2517 1445 2580 νίκαις
1473 2519 1600 2580 τοὺς
1633 2517 1876 2593 βασιλεῖς

224 2607 413 2677 ἡμῶν.
453 2626 477 2657 ο
548 2605 653 2660 Καὶ
715 2607 742 2660 6
773 2605 942 2674 ὰντὶς,
1007 2629 1030 2660 α
1077 2607 1316 2670 Σοῦτους
1347 2602 1808 2680 συμϐασίλευσον⁶
1845 2630 1871 2660 ι)

231 2697 326 2750 καὶ
358 2696 394 2749 ἁ
453 2696 627 2768 ἀντὶς,
685 2719 712 2751 σ
764 2698 822 2755 Ἦ
868 2697 1080 2769 ἐξουσία
1136 2702 1170 2769 ἡ
1222 2699 1351 2756 ἅνω.
1387 2724 1415 2750 ››
1450 2700 1546 2754 Καὶ
1613 2701 1642 2754 6
1701 2699 1874 2771 ἀντὶς,

240 2811 260 2835 ι
326 2787 766 2860 Κοσμοπῦθητοι·
826 2813 855 2841 ››
906 2789 997 2844 καὶ
1030 2790 1058 2844 6
1098 2790 1266 2852 ἀντίς.
1320 2813 1347 2841 ‹‹
1379 2791 1708 2862 Μιμήσασοε
1738 2793 1876 2844 Θεοῦ

237 2872 656 2950 φιλανθρωπίαν.
699 2901 727 2929 ››
758 2879 824 2935 Οἱ
884 2879 1168 2954 Πράσινοι,
1232 2903 1257 2934 α
1309 2881 1424 2948 Τήν
1484 2878 1686 2933 ἄνωθεν
1717 2877 1877 2950 ἐξου-

233 2963 375 3018 σίαν·
411 2987 442 3014 »
483 2963 569 3019 καί
627 2966 656 3019 6
711 2967 885 3035 ἂντίς,
949 2991 971 3019 ι
1041 2969 1230 3040 ’Πμεῖς
1289 2964 1368 3038 δὲ,
1425 2966 1471 3020 ὦ
1515 2963 1873 3041 στρατόπεδα,

224 3055 342 3112 πῶς
399 3052 772 3126 τροπώσωμεν
821 3052 1123 3128 πολεμίους
1155 3073 1169 3125 ;
1206 3078 1234 3107 ››
1291 3056 1342 3110 οἱ
1387 3055 1661 3130 Πράσινου
1700 3077 1728 3105 ‹‹
1759 3057 1872 3112 Τοῦ

222 3139 514 3214 στέψαγτος
559 3143 686 3205 τοὺς
737 3140 1002 3206 δεσπότας
1058 3145 1346 3218 Ῥωμαίων
1392 3147 1525 3200 Θεοῦ
1566 3141 1871 3221 φυλάττον-

221 3249 314 3291 τας
346 3231 392 3266 ⁷⁸
438 3233 538 3301 τήν
598 3231 798 3302 πίστιν,
856 3234 945 3289 καὶ
1003 3235 1102 3303 τὴν
1175 3234 1597 3310 εὐγνωμοσύνην
1684 3230 1873 3288 δεσπο-

220 3322 357 3375 τῶν.
391 3342 418 3371 υ
453 3320 557 3376 Καί
607 3320 862 3398 λέγουσιν
917 3324 968 3378 οἱ
1023 3322 1274 3397 κράκται,
1324 3346 1352 3376 ι(
1390 3321 1602 3378 Πολλὰ.
1662 3321 1869 3392 πολλὰ,

1987 2256 2241 2329 populus
2272 2257 2476 2312 eadem
2510 2263 2625 2312 ter:
2661 2261 2854 2326 postea
2883 2269 2950 2308 ea
2983 2252 3173 2318 factio,
3207 2267 3337 2323 quae
3385 2250 3629 2320 reliquis

1985 2346 2323 2412 antefertur,
2354 2345 2532 2402 dicit:
2583 2365 2612 2394 «
2646 2341 2939 2398 Caelestis!
2976 2364 3003 2391 »
3049 2340 3364 2413 respondet
3410 2341 3629 2395 altera:

1988 2456 2017 2486 «
2046 2434 2320 2490 Victoriis
2370 2434 2753 2506 imperatores
2804 2435 3034 2487 nostros
3081 2430 3328 2486 corona!
3365 2451 3393 2480 »
3434 2427 3630 2484 Factio

1986 2524 2175 2596 prior:
2204 2545 2228 2575 ι
2263 2523 2408 2578 Cum
2441 2523 2534 2578 his
2561 2537 2806 2592 regnum
2840 2519 3003 2589 gere!
3037 2539 3062 2570 ι
3118 2518 3340 2574 altera:
3374 2539 3404 2568 ››
3459 2521 3629 2572 Pote-

1985 2618 2110 2669 stas
2135 2629 2426 2684 suprama.
2462 2633 2490 2660 ››
2523 2610 2856 2681 Respondet
2877 2607 3178 2679 superior:
3212 2628 3240 2656 «
3273 2605 3440 2662 Orbis
3471 2605 3627 2661 desi-

1985 2700 2252 2758 derium!
2289 2725 2310 2753 ι
2361 2700 2580 2757 altera:
2629 2721 2650 2748 ι
2703 2699 2968 2754 Divinam
3016 2695 3388 2753 clementiam
3444 2692 3632 2749 imita-

1990 2791 2134 2846 mini
2159 2791 2170 2845 !
2196 2813 2224 2840 «
2251 2791 2489 2846 Prasina
2513 2805 2527 2846 :
2554 2809 2582 2838 α
2605 2789 2951 2860 Supremam
2975 2788 3337 2856 majestatem
3361 2785 3372 2840 !
3406 2805 3434 2834 »
3456 2783 3634 2838 altera

1986 2880 2192 2936 factio:
2232 2901 2254 2929 ι
2306 2879 2424 2934 Nos
2468 2893 2621 2944 vero,
2652 2894 2684 2933 ο
2733 2875 3040 2946 exercitus,
3086 2875 3377 2948 quomodo
3429 2873 3629 2929 hostes

1982 2967 2428 3040 superabimus?
2458 2989 2487 3018 »
2519 2965 2777 3022 Prasini:
2823 2985 2852 3014 «
2902 2959 3022 3034 Dei,
3054 2965 3156 3036 qui
3201 2962 3470 3018 dominos
3518 2965 3629 3016 Ro-

1983 3073 2292 3112 manorum
2312 3055 2629 3122 coronavit,
2646 3055 2820 3110 {idem
2843 3053 3242 3125 etaequitatem
3255 3051 3627 3107 dominorum

1982 3154 2292 3203 servantes.
2347 3168 2376 3196 »
2426 3145 2619 3212 ιΡοηό
2679 3148 2946 3199 cantores
2989 3159 3066 3198 :«
3121 3141 3350 3209 Multos,
3387 3139 3625 3206 multos,

1981 3235 2292 3292 multos!»
2324 3235 2609 3306 populus:
2645 3255 2673 3283 «
2705 3231 2914 3288 Multos
2959 3247 3146 3287 annos
3194 3230 3255 3286 in
3307 3228 3560 3284 multos!
3597 3249 3626 3278 »

1983 3326 2297 3383 Cantores:
2336 3348 2362 3374 ››
2388 3324 2565 3380 Multa
2606 3324 2771 3380 vobis
2803 3328 3086 3394 tempora,
3120 3318 3628 3392 propugnaculum

224 3406 434 3462 πολλά·
469 3431 500 3460 ››
533 3410 562 3464 6
594 3374 748 3479 λαός,
796 3437 824 3464 ‹‹
862 3377 1174 3483 Πολλὰδέτη
1209 3374 1286 3477 εἰς
1321 3409 1530 3468 πολλά.

1986 3415 2314 3471 Trinitatis!
2343 3439 2365 3467 ι
2399 3414 2621 3469 Prasini
2651 3429 2662 3468 ε
2687 3434 2717 3464 ‹‹
2739 3374 2954 3467 E16363
2965 3374 3266 3466 ίιῖτῖξιίῖειέίέ
3290 3374 3358 3463 πῖ
3379 3408 3628 3480 populus

218 3514 363 3551 χται·
399 3521 428 3549 ‹‹
470 3497 685 3554 Πολλοὶ
717 3501 841 3573 ὑμῖν
866 3500 1081 3580 χρόνοι,
1109 3503 1172 3556 τὸ
1203 3496 1510 3576 πρόϐλημα
1557 3507 1658 3570 τῆς
1701 3500 1872 3576 Τριά-

223 3581 339 3648 δος.
371 3609 402 3638 ››
435 3587 488 3641 οἱ
537 3587 814 3664 Πράσινοιο
857 3614 886 3641 ‹‹
925 3591 992 3647 Ἠ
1050 3588 1258 3666 ἐκλογή
1315 3593 1412 3660 τῆς
1468 3588 1720 3665 Τριάδοςο
1756 3614 1786 3642 ››
1843 3591 1872 3645 6

221 3674 358 3740 λαὸς
386 3675 446 3732 ἐκ
493 3679 563 3754 γ’,
617 3703 645 3730 ιι
705 3677 915 3734 Πολλοὶ
981 3679 1108 3753 υμῖν
1141 3682 1358 3756 χρόνον
1386 3703 1414 3732 ››
1455 3682 1506 3735 οἱ
1590 3681 1866 3755 Πράσινοι·

221 3791 250 3817 ‹‹
278 3767 450 3842 Ἀγιε.
485 3792 515 3820 ››
546 3769 614 3826 Οἱ
643 3770 890 3844 κράκται.
926 3793 956 3823 α
987 3769 1202 3826 Πολλοὶ
1235 3771 1366 3844 ὑμῖν
1399 3777 1619 3846 χρόνοι,
1647 3772 1676 3825 6
1726 3768 1873 3826 δεῖνα

218 3855 308 3911 καὶ
342 3858 370 3912 6
403 3854 553 3913 δεῖνα
592 3859 982 3934 αὐτοκράτορες
1029 3860 1339 3934 Ῥωμαίων·
1413 3861 1441 3915 6
1500 3861 1635 3922 λαὸς
1685 3859 1744 3915 ἐκ
1799 3860 1870 3934 γ’,

223 3969 252 3995 u
286 3944 502 4001 Πολλοὶ
533 3948 662 4020 ὑμῖν
692 3948 908 4024 χρόνοι.
940 3974 968 4002 »
1002 3949 1070 4007 Οἱ
1116 3950 1367 4025 κράκται’
1401 3973 1428 4002 ‹‹
1462 3947 1676 4006 Πολλοὶ
1738 3949 1871 4023 ὑμῖν

219 4034 444 4110 χρόνοι,
485 4038 535 4091 οἱ
584 4039 902 4109 θεράποντες
959 4043 1060 4093 τοῦ
1091 4041 1313 4114 Κυρίου·
1375 4063 1405 4092 ›)
1444 4040 1473 4094 6
1523 4037 1654 4100 λαὸς
1686 4038 1746 4093 ἐκ
1800 4039 1871 4112 γ’,

235 4147 261 4178 ι
294 4125 510 4183 Πολλοὶ
547 4128 674 4200 ὑμῖν
707 4129 924 4206 χρόνοι.
958 4151 987 4181 ››
1019 4127 1122 4185 Καὶ
1150 4128 1315 4184 πάλιν
1349 4127 1602 4204 λέγουσιν
1654 4129 1705 4182 οἱ
1735 4128 1872 4198 κράο

218 4235 368 4271 κται.
417 4241 437 4266 ι
487 4216 668 4286 Πόσην
717 4217 890 4292 χαρὰν
945 4215 1065 4297 ἔχει
1113 4220 1148 4288 ἡ
1208 4217 1484 4289 πολιτεία,
1535 4214 1620 4273 ὅτι
1681 4215 1870 4292 βλέπει

215 4308 347 4367 τοὺς
389 4303 560 4369 ἰδίους
593 4303 876 4370 δεσπότας’
913 4330 942 4359 ››
975 4309 1204 4383 φθογγεῖ
1251 4307 1341 4362 καὶ
1409 4307 1436 4361 6
1487 4306 1618 4368 λαὸς
1679 4305 1738 4360 ἐκ
1800 4307 1869 4381 γ’⁶

225 4418 251 4448 ι
315 4393 541 4465 Πολλὴν
601 4393 717 4470 ἔχει
766 4396 942 4472 χαρὰν
997 4398 1032 4466 ἡ
1081 4395 1352 4453 πολιτεία.
1411 4419 1440 4447 ››
1499 4396 1565 4454 Ol
1622 4395 1869 4468 κράκται.

219 4508 247 4535 ‹‹
271 4485 457 4557 Ὑμεῖς
482 4485 754 4559 ὑπάρχετε
783 4487 818 4555 ἡ
845 4486 990 4560 χαρᾶ
1043 4489 1153 4540 τῶν
1218 4485 1526 4559 Ῥωμαίωψ
1561 4509 1590 4537 ››
1649 4485 1677 4539 6
1738 4483 1872 4546 λαὸς

219 4573 281 4628 ἐκ
309 4575 375 4648 γ’,
409 4597 437 4624 ‹‹
489 4576 668 4650 ”Δγιε.
711 4597 742 4625 ιι
798 4575 862 4628 Ol
915 4574 1166 4649 κράκται·
1201 4598 1230 4627 ‹‹
1276 4575 1465 4647 ’Υμεῖσ
1513 4573 1786 4650 ὑπάρχετε
1840 4575 1869 4630 ὁ

218 4662 392 4725 πόθος
443 4667 552 4718 τῶν
611 4661 918 4737 Ῥωμαίωψ
981 4685 1010 4715 ››
1042 4665 1070 4718 6
1129 4661 1263 4726 λαὸς
1295 4662 1354 4719 ἐκ
1396 4664 1464 4738 γ’,
1497 4688 1525 4715 ‹‹
1558 4665 1712 4741 Ἀγιε
1740 4667 1804 4721 ⁸³⁷.
1839 4686 1868 4716 »ι

1981 3511 2106 3562 ter:
2133 3526 2162 3555 «
2189 3503 2370 3560 Multa
2388 3503 2553 3560 vobis
2576 3502 2873 3574 tempore!
2903 3522 2929 3553 ι
2964 3500 3185 3556 Prasini
3215 3516 3230 3553 :
3257 3519 3282 3550 ι
3325 3499 3568 3554 Sancte!
3598 3518 3627 3547 »

1981 3593 2297 3650 Cantores:
2332 3615 2361 3642 «
2380 3592 2564 3648 Multa
2582 3591 2746 3647 vobis
2762 3596 3041 3661 tempora,
3060 3588 3130 3643 N.
3149 3587 3220 3643 N.
3250 3586 3630 3657 imperatores

1982 3680 2414 3740 Romanorum!
2445 3702 2474 3730 ››
2521 3680 2769 3752 p0pulus
2808 3684 2933 3736 ter:
2977 3699 3004 3726 ‹‹
3048 3675 3226 3731 Multa
3274 3674 3440 3730 vobis
3483 3681 3629 3730 tem-

1982 3770 2156 3844 pora!
2189 3788 2216 3820 ι
2253 3770 2529 3826 Cantores
2562 3785 2576 3821 :
2613 3788 2642 3818 «
2691 3767 2874 3823 Multa
2903 3765 3072 3821 vobis
3111 3770 3394 3834 tempora,
3427 3761 3629 3817 famuli

1981 3858 2251 3918 Domini!
2290 3880 2318 3908 »
2351 3857 2595 3928 populus
2623 3865 2744 3913 ter:
2780 3878 2806 3906 ‹‹
2840 3853 3025 3912 Multa
3074 3853 3239 3908 vobis
3285 3854 3569 3922 tempora.
3593 3869 3621 3902 ι

1982 3950 2208 4005 Rursus
2247 3955 2513 4002 cantores
2546 3962 2558 4000 :
2593 3967 2621 3994 «
2655 3947 2882 4012 Quanto
2916 3959 3030 3998 non
3061 3941 3272 4012 gaudio
3293 3940 3494 3996 civitas
3525 3956 3626 3994 ex-

1981 4037 2188 4106 sultat,
2219 4037 2360 4092 dum
2394 4035 2662 4090 dominos
2707 4049 2846 4090 suos
2895 4031 3194 4087 intuetur!
3235 4050 3262 4084 ι
3309 4028 3529 4085 clamat
3573 4034 3633 4084 et

1983 4125 2234 4198 populus
2280 4129 2408 4181 ter:
2442 4145 2471 4174 «
2520 4123 2740 4192 Insigni
2787 4121 2988 4178 laetitia
3033 4120 3237 4176 civitas
3283 4117 3560 4176 exsultat.
3594 4139 3624 4169 »

1980 4216 2298 4272 Cantores:
2351 4234 2379 4262 ‹‹
2427 4212 2544 4268 Vos
2590 4211 2866 4277 gaudium
2928 4210 3321 4265 Romanorum
3372 4208 3550 4275 estis;
3598 4229 3628 4257 »

1982 4305 2231 4377 populus
2279 4311 2398 4358 ter:
2450 4324 2478 4353 «
2529 4302 2761 4358 Sancta.
2815 4322 2843 4350 »
2897 4303 3210 4356 Cantores:
3269 4320 3298 4348 «
3340 4296 3456 4353 Vos
3486 4295 3629 4352 estis

1981 4395 2339 4450 desiderium
2366 4391 2760 4447 Romanorum
2787 4407 2842 4454 ;»
2869 4387 3117 4459 populus
3139 4393 3227 4443 ter
3250 4405 3263 4442 :
3283 4409 3308 4439 υ
3332 4387 3538 4443 Sancte
3563 4403 3576 4455 ;
3597 4406 3628 4436 »

1979 4489 2036 4540 et
2053 4496 2418 4555 quacunque
2441 4480 2610 4534 factio
2628 4477 2870 4550 reliquis
2888 4475 3199 4545 antecellit,
3213 4476 3340 4547 ejus
3361 4480 3631 4532 cantores

1979 4575 2179 4629 dicunt
2207 4587 2221 4627 :
2255 4593 2284 4621 «
2315 4571 2382 4626 N.
2417 4568 2486 4624 N.
2519 4567 2732 4624 Christi
2764 4571 3050 4635 amantes,
3082 4566 3141 4622 in
3173 4571 3288 4621 Deo
3319 4566 3531 4621 vincite
3558 4585 3619 4633 ς»

1979 4663 2090 4719 hoc
2119 4663 2258 4717 item
2292 4657 2539 4732 p0pulus
2571 4661 2628 4712 et
2671 4655 2936 4728 opposita
2987 4654 3184 4722 factio,
3213 4653 3348 4710 alba
3395 4669 3630 4726 quoque

222 4750 323 4804 Καὶ
355 4752 473 4805 οἷον
507 4751 673 4827 μέρος
697 4745 814 4826 ἔχει
846 4751 1200 4827 προτίμησιν,
1227 4752 1478 4828 λέγουσιν
1513 4755 1564 4808 οἱ
1592 4753 1791 4809 τούτου
1820 4754 1872 4789 ⁷³

1986 4758 2036 4808 et
2066 4767 2254 4817 russa,
2290 4750 2579 4819 repetunt,
2603 4745 2816 4816 quibus
2847 4747 3092 4815 uterque
3122 4745 3372 4816 populus
3393 4759 3632 4814 respon-

222 4838 476 4912 κρᾶκται·
515 4863 543 4890 ‹‹
605 4840 666 4897 Ὁ
716 4836 864 4894 δεῖνα
929 4839 1020 4894 καὶ
1079 4840 1107 4893 6
1165 4836 1315 4894 δεῖνα
1373 4841 1748 4917 φιλόχριστοι,
1815 4840 1868 4896 ἐν

218 4931 340 5000 Θεῷ
359 4927 556 4984 νικᾶτε*
591 4953 618 4981 ››
645 4929 737 4984 καὶ
796 4930 824 4984 6
892 4925 1026 4988 λαὸς
1057 4927 1117 4982 ἐκ
1145 4928 1215 5003 γ’,
1253 4928 1316 4982 τὸ
1348 4927 1478 4984 αὐτὸ
1510 4927 1567 4984 δὲ
1597 4927 1746 5005 λέγει
1777 4931 1868 4985 καὶ

1980 4843 2123 4897 dent
2150 4845 2207 4896 et
2236 4839 2474 4894 dicunt:
2516 4856 2538 4886 ι
2571 4834 2640 4891 Ν.
2664 4834 2732 4890 Ν.
2764 4834 3036 4906 Augusti,
3065 4838 3130 4890 tu
3155 4834 3354 4890 vincas
3385 4833 3395 4887 Ι
3438 4855 3459 4881 ι
3491 4837 3547 4886 et
3577 4832 3630 4886 si

1979 4930 2188 4986 Veneti
2215 4925 2568 5000 praecipuam
2600 4923 2830 4981 laudem
2864 4923 3102 4994 habent,
3124 4926 3392 4978 cantores
3421 4934 3624 4974 eorum

1587 5079 1824 5137 VARle
1861 5079 2270 5138 LECTlONES.

289 5196 338 5232 7:
362 5197 496 5268 μετὸ
525 5198 655 5254 cod,
757 5197 805 5232 ⁷⁴
837 5192 1182 5268 μεσοδήμιον
1241 5197 1332 5252 ed.

221 5268 262 5303 ⁷⁷
296 5270 479 5324 Verba
530 5286 544 5324 :

223 5340 266 5374 ⁷⁸
294 5339 504 5394 τούτων
534 5342 604 5396 ed
617 5382 630 5396 .

1437 5195 1484 5232 ⁷⁵
1551 5197 1656 5252 Pro
1702 5195 1874 5266 ἀντὶς,
1919 5197 1981 5253 h.
2035 5214 2087 5253 θ.
2137 5193 2322 5257 ἀντίος
2377 5196 2469 5252 ed.
2529 5194 2748 5266 ubique
2789 5190 2850 5266 ὂξν
2880 5212 2984 5266 τις.

589 5268 642 5343 οἱ
688 5263 938 5343 κράκται·
993 5263 1246 5341 «Ὑμεῖς
1302 5267 1576 5342 ὑπάρχετε
1632 5268 1660 5322 6
1717 5263 1888 5330 πόθος
1935 5271 2043 5323 τῶν
2105 5266 2424 5340 Ῥωμαίων
2468 5288 2498 5316 ››
2539 5265 2567 5319 6
2627 5263 2757 5326 Αάὸς
2806 5263 2866 5318 ἐκ
2908 5265 2956 5340 γ’
2987 5286 3016 5315 ‹‹
3067 5263 3238 5335 ’Λγιε,
3283 5281 3312 5308 ››
3361 5273 3480 5312 om.
3532 5263 3626 5319 ad,

3085 5190 3132 5226 ’⁷⁵
3160 5186 3523 5248 φυλάττοντες
3556 5192 3627 5246 ad

1275 5430 1473 5488 JOAN.
1513 5431 1662 5488 JAC.
1703 5430 1954 5487 BEISKII
1993 5427 2568 5487 COMMENTARIUS.

287 5549 402 5622 (43)
434 5548 726 5622 Videntur
755 5548 939 5622 fuisse
969 5549 1206 5622 gradus,
1234 5547 1313 5622 in,
1338 5547 1550 5619 quibus
1583 5546 1869 5622 consiste-

215 5617 362 5696 rent,
385 5617 496 5676 aut
525 5620 794 5676 sederent
823 5617 998 5696 cives,
1029 5620 1130 5690 qui
1179 5620 1250 5676 ad
1290 5617 1588 5677 factionem
1637 5617 1868 5675 nullam

215 5693 604 5766 pertinerent.

2048 5547 2162 5617 (44)
2182 5543 2672 5617 ,Μεσοηειεωιθινᾴ
2703 5541 2872 5607 ἀντίς,
2896 5543 3065 5617 idest
3094 5550 3254 5615 novae
3279 5545 3437 5617 more
3466 5531 3634 5617 (irae—

1980 5601 2080 5673 αἰδὲ
2111 5601 2367 5683 δ’ἀντίος,
2413 5614 2752 5684 contrarius,
2795 5601 2870 5670 δέ
2909 5606 3222 5670 adversario
3275 5611 3444 5656 stans.
3477 5601 3634 5660 Pho-

1983 5703 2074 5744 na
2101 5697 2240 5744 sunt
2268 5693 2327 5744 et
2350 5683 2710 5752 antiphonzs.
