4136 6302
437 400 558 467 603
1506 398 1654 462 CON
1664 395 2037 458 STANTINI
2081 393 2776 457 PORPHYROGENITI
3721 398 3855 459 604

433 543 676 600 dicunt:
713 541 1097 608 «Senatores,
1146 535 1385 608 surgite,
1420 534 1671 591 dominis
1701 535 1847 589 bene
1877 548 2074 606 prece-

2209 532 2221 585 5
2255 531 2400 592 ἀντὶς
2458 529 2659 604 δῆμος,
2693 531 2904 604 ὁμοίως
2942 531 3035 587 καὶ
3066 533 3094 587 6
3134 535 3228 587 τοῦ
3285 534 3480 587 λευκοῦ
3535 534 3633 589 καὶ
3667 533 3694 588 6
3743 538 3852 589 τοῦ

434 649 606 702 mur;
636 653 663 682 »
697 629 781 686 sic
811 633 867 684 et
897 627 1145 700 populus
1202 629 1308 681 ter.
1359 624 1416 679 Si
1457 639 1588 679 vero
1627 623 1845 679 Prasini
1877 621 2083 694 majori

433 720 718 794 dignitate
755 721 910 787 sunt,
931 721 1191 772 cantores
1214 730 1413 769 eorum
1444 714 1683 769 dicunt:
1717 736 1743 763 ‹‹
1777 713 2079 768 Pedaturse

434 826 764 876 murorum,
793 803 1247 871 resuscitemini,
1271 803 1545 859 dominos
1570 819 1910 875 precemur;
1944 822 1972 851 »
2005 803 2086 857 sic

433 903 608 958 etiam
630 896 878 970 populus
900 899 1002 950 ter.
1031 893 1306 950 Cantores
1331 910 1345 947 :
1387 914 1415 943 ‹‹
1438 893 1650 949 Multos
1672 909 1859 948 annos
1877 891 2081 946 amicis

433 987 653 1046 nostris
688 986 700 1041 !
737 1008 765 1035 ››
799 988 856 1040 et
886 999 1127 1038 rursus:
1157 1005 1186 1032 «
1219 981 1366 1037 Mala
1394 984 1663 1054 tempora
1689 979 1945 1036 inimicis
1969 995 2079 1035 no-

432 1077 566 1134 stris
593 1076 605 1130 l
643 1096 671 1125 »
705 1073 788 1129 sic
820 1071 1068 1145 populus
1097 1074 1207 1128 ter.

435 1165 686 1240 λέγουσιν
744 1162 795 1214 οἱ
830 1158 1027 1216 τούτου
1072 1158 1320 1232 κράκταιο
1385 1180 1413 1209 ‹‹
1506 1157 1574 1214 Οἱ
1621 1160 1727 1210 τῶν
1778 1152 2160 1228 πεδατουρῶν,
2221 1153 2510 1229 ἐγείρεσθεο
2559 1153 2687 1216 τοὺς
2737 1151 2998 1216 δεσπότας
3050 1155 3350 1227 εὐξώμεθα.
3413 1179 3440 1204 ι(

2197 617 2439 692 ῥουσίου,
2490 620 2576 673 καὶ
2639 617 3014 689 ἀποκρίνονται
3073 619 3373 698 ἀμφότεροι
3428 620 3479 674 οἱ
3531 617 3703 693 δῆμοι
3755 621 3855 675 καὶ

2190 707 2252 763 λέ
2329 729 2336 742 ι
2450 727 2461 738 ⁸
2547 709 2562 726 ρ
2667 705 2745 740 κ’..
2938 709 2953 729 ς
3105 714 3128 724 ν
3298 707 3325 725 ν
3663 708 3685 746 ἰ
3745 704 3775 730 ρ

2257 728 2442 782 γοδσιν
2489 731 2517 759 ‹‹
2565 712 2609 766 Ο
2664 729 2808 763 οεινα
2865 729 2953 763 και
2986 709 3013 762 6
3047 705 3192 763 δεινα
3246 713 3547 784 Αυγουστοι
3593 731 3855 784 τοδμοη·

2194 813 2312 858 κας.
2345 818 2372 851 ι
2418 798 2518 853 Καὶ
2553 796 2597 850 εἶ
2635 799 2726 870 μὲν
2757 794 2874 871 ἔχει
2906 799 2933 852 6
2967 798 3190 860 Βὲνετος
3220 797 3576 872 προτίμησιν,
3640 796 3861 873 λέγου-

2191 907 2270 940 σιν
2305 887 2356 941 οἱ
2392 886 2588 942 τούτου
2618 885 2870 961 κράκται.
2915 910 2943 938 ‹‹
2993 886 3058 944 Οἳ
3107 889 3205 952 τῆς
3255 887 3589 963 συγκλήτου,
3637 885 3855 962 ἐγείρε-

2192 977 2282 1030 σθε
2310 977 2356 1012 7°
2405 978 2541 1048 (45)·
2605 975 2734 1038 τοὺς
2794 972 3056 1037 δεσπότας
3115 975 3413 1050 εὐξώμεθω
3463 999 3488 1028 ››
3523 979 3612 1031 καὶ
3645 977 3673 1031 6
3713 975 3859 1037 λαὸς

2196 1066 2410 1137 ὁμοίως
2450 1063 2509 1118 ἐκ
2541 1066 2609 1142 γ’”
2643 1065 2689 1119 εἰ
2720 1061 2776 1120 δὲ
2807 1059 2922 1140 ἔχει
2955 1066 2981 1118 ὀ
3037 1067 3297 1139 Πράσινος
3344 1067 3444 1134 τήν
3478 1067 3854 1141 προτίμησιν,

3485 1156 3576 1211 καὶ
3641 1155 3670 1209 6
3719 1153 3862 1217 λαὸς

436 1253 648 1328 ὁμοίως
696 1251 754 1306 ἐκ
802 1251 870 1326 γ’.
925 1249 990 1305 Οἱ
1039 1248 1267 1324 κράκται
1311 1241 1388 1300 ἕσ·
1455 1268 1478 1298 ι
1527 1250 1642 1299 Τῶν
1685 1244 1991 1322 φιλούντων
2041 1246 2188 1317 ἡμᾶς
2246 1242 2432 1299 πολλὰ
2475 1243 2543 1298 τὰ
2592 1241 2708 1314 ἔτη.
2754 1268 2783 1294 ›ι
2815 1243 2922 1314 ζκαὶ
2971 1241 3160 1299 πάλιν·
3215 1268 3243 1296 ‹‹
3290 1246 3414 1301 Τῶν
3447 1242 3502 1299 δὲ
3537 1264 3853 1324 μισουντων

433 1344 582 1417 ἡμᾶς
615 1341 752 1396 κατὰ
776 1340 842 1395 τὰ
863 1337 979 1410 ἔτηο
1013 1362 1040 1391 ››
1075 1338 1161 1394 καὶ
1196 1340 1223 1392 6
1256 1335 1390 1400 λαὸς
1428 1338 1637 1410 ὁμοιως
1671 1335 1730 1392 ἐκ
1758 1337 1828 1412 γ’.

506 1435 600 1488 VI.
635 1435 766 1488 Haec
802 1433 980 1487 etiam
1013 1429 1250 1502 reliquae
1309 1430 1591 1485 factiones
1620 1429 1839 1494 dicunt,
1872 1428 2090 1499 quibus

440 1539 644 1580 omnes
665 1523 820 1576 hunc
836 1520 894 1574 in
912 1519 1151 1576 modum
1167 1519 1563 1590 respondent:
1589 1539 1616 1566 «
1642 1516 1909 1572 UtJudas
1930 1517 2089 1583 olim,

441 1613 773 1677 sutl'ocetur,
805 1609 906 1682 qui
939 1608 1206 1664 domines
1228 1623 1366 1662 suos
1391 1622 1504 1662 non
1525 1613 1675 1661 amat
1699 1604 1711 1659 l
1749 1627 1777 1655 »
1805 1605 1913 1660 hoc
1936 1605 2091 1660 idem

442 1704 697 1778 populus
726 1707 812 1757 ter
839 1703 1070 1774 repetit,
1096 1717 1161 1755 ac
1193 1699 1392 1755 statim
1416 1714 1698 1770 organum
1730 1697 2017 1769 pulsatur,
2040 1702 2096 1752 et

447 1807 806 1868 quaecunque
840 1789 1015 1846 factio
1050 1788 1340 1861 praecipue
1389 1787 1652 1857 diligitur
1692 1790 1749 1842 et
1798 1788 2094 1858 probatur,

440 1860 507 1941 ea
552 1860 809 1957 phonam
862 1878 1004 1934 dicit
1051 1860 1354 1933 cantorum
1400 1891 1534 1942 ore;
1567 1892 1702 1932 voce
1747 1876 1873 1931 toni
1917 1874 2034 1931 obl.
2067 1874 2090 1930 Ι
2121 1860 2170 1925 Β

439 1973 678 2029 dicunt:
705 1991 733 2019 «
764 1969 1003 2024 Gratias
1028 1967 1160 2036 tibi,
1191 1965 1416 2020 Christe
1445 1965 1596 2021 Deus
1629 1968 1836 2030 noster,
1871 1963 2088 2036 persol-

440 2061 659 2126 vimus,
682 2057 837 2113 186
862 2057 1018 2128 quod
1039 2054 1286 2112 consilia
1308 2053 1569 2126 gentium
1593 2052 1867 2126 dissipas,
1893 2052 2089 2109 hostes

444 2148 719 2217 conteris,
753 2151 810 2202 et
832 2144 1116 2202 miracula
1136 2147 1237 2199 tua
1267 2143 1324 2198 in
1358 2142 1567 2214 populo
1597 2147 1718 2211 tuo,
1746 2159 1778 2198 ο
1811 2141 2092 2214 potentis-

442 2240 612 2308 sime,
629 2236 974 2307 amplificas.
1002 2233 1281 2289 Inimicos
1293 2233 1444 2288 enim
1461 2240 1689 2288 nostros
1711 2236 1811 2288 tua
1838 2229 2093 2304 potentia

445 2326 766 2400 subjecisti,
799 2341 979 2382 cornu
1013 2323 1275 2378 ﬁdelium
1308 2323 1726 2394 imperatorum
1761 2326 2091 2378 nostrorum

447 2434 692 2475 munere
709 2415 1018 2472 Genitricis
1036 2422 1170 2479 tuae,
1191 2417 1255 2468 ut
1271 2413 1432 2468 solus
1448 2413 1651 2484 plenus
1673 2413 2094 2480 misericordia,

446 2504 732 2562 exaltasti.
752 2524 780 2552 »
799 2505 1001 2558 Postea
1019 2506 1284 2556 cantores
1299 2500 1672 2556 modulantur
1699 2517 1762 2555 :«
1782 2499 2002 2554 Nanaia
2026 2515 2039 2553 :
2067 2521 2095 2547 »

446 2592 702 2666 populus
727 2611 742 2659 ;
769 2612 796 2643 ιι
818 2590 1156 2645 Laudamus
1181 2592 1255 2656 te,
1279 2587 1523 2644 Christe.
1549 2609 1576 2639 »
1601 2591 1912 2643 Cantores:
1940 2610 1967 2637 ‹‹
1985 2585 2096 2641 Na-

448 2698 525 2736 na
553 2697 568 2748 ;
602 2701 630 2730 ι)
655 2677 906 2750 populus
936 2693 950 2732 :
986 2698 1013 2727 ‹‹
1067 2675 1380 2748 Imperator
1409 2675 1753 2732 saeculorum
1784 2675 1796 2731 Ξ
1826 2695 1852 2726 ι
1891 2679 2098 2730 Canto-

451 2784 587 2826 res:
640 2789 669 2818 «
717 2766 919 2835 Nana;
967 2786 998 2815 »
1046 2763 1336 2837 populus:
1393 2786 1422 2815 ‹‹
1477 2764 1855 2836 Unigenitum
1915 2763 2102 2820 Patris

453 2857 712 2914 Verbum
739 2856 750 2910 ι
785 2876 814 2907 ››
839 2858 1113 2910 Cantores
1141 2871 1153 2910 :
1182 2875 1210 2902 »
1234 2855 1533 2924 Ananaia;
1569 2875 1594 2906 ι)
1622 2854 1913 2926 populus:
1939 2852 2104 2919 Quod

459 2943 760 3017 respexisti
783 2952 835 2998 et
858 2943 1189 2998 illustrasti.
1217 2961 1242 2993 ι
1265 2946 1542 2999 Cantores
1567 2959 1580 2998 :
1605 2965 1633 2993 «
1658 2942 1815 2998 Nana
1839 2963 1853 3012 ;
1875 2964 1902 2992 »
1927 2957 2104 3013 popu-

458 3036 551 3092 lus
590 3052 604 3091 :
652 3055 680 3084 »
731 3033 1019 3104 Populum
1065 3037 1252 3087 tuum.
1279 3054 1301 3084 ι
1352 3032 1660 3088 Cantores:
1699 3054 1727 3082 ‹‹
1789 3032 1998 3087 Sancta
2027 3030 2041 3085 ι
2073 3051 2101 3080 ››

461 3122 753 3197 populus:
788 3143 816 3171 ‹‹
849 3123 916 3176 Et
947 3125 1229 3192 potestate
1258 3125 1352 3174 tua
1381 3137 1489 3175 nos
1518 3119 1801 3175 liberasti.
1833 3142 1853 3168 ι
1903 3119 2107 3174 Canto-

467 3229 559 3268 res
587 3229 600 3267 :
634 3231 663 3260 «
695 3210 956 3278 Nanaia;
990 3230 1019 3258 ››
1061 3208 1314 3280 populus
1348 3225 1361 3263 :
1401 3230 1422 3257 ι
1458 3212 1524 3262 Et
1571 3208 1866 3264 adduxisti
1916 3225 2040 3262 nos.
2073 3229 2102 3259 »

461 3304 739 3358 Cantores
773 3315 786 3355 :
825 3319 854 3348 ‹‹
886 3297 1150 3366 Nanaia;
1187 3320 1208 3350 ι
1248 3297 1535 3370 populus:
1570 3319 1598 3347 ‹‹
1631 3301 1746 3353 Deo
1776 3303 1834 3352 et
1865 3297 2041 3353 Patri.
2073 3317 2099 3349 ι

463 3392 770 3446 Cantores:
829 3408 858 3438 ‹‹
888 3387 1152 3443 Ananaia
1183 3405 1197 3455 ;
1229 3407 1259 3437 »
1309 3385 1596 3459 populus:
1649 3407 1678 3436 «
1723 3387 2040 3443 Mediatrix.
2076 3406 2101 3440 ››

463 3482 774 3535 Cantores:
812 3499 833 3526 α
870 3475 1172 3543 Ananaia;
1209 3494 1234 3526 ι
1278 3475 1565 3547 p0pulus:
1602 3496 1631 3525 ‹‹
1663 3474 1736 3530 Ut
1782 3475 1942 3531 solus
1990 3493 2109 3531 om-

464 3568 806 3639 nipotens.»
855 3565 950 3620 Sic
1009 3568 1064 3620 et
1122 3569 1316 3620 omnis
1374 3565 1624 3636 populus
1674 3573 1871 3636 postea
1929 3564 2106 3622 dicit:

467 3680 496 3709 ‹‹
527 3656 822 3711 Eternam
851 3655 1006 3710 Deus
1029 3669 1254 3709 sacram
1280 3655 1638 3723 majestatem
1663 3669 1789 3708 esse
1815 3655 2018 3724 jubeat
2041 3653 2053 3708 l
2079 3676 2109 3704 »

465 3747 680 3802 Eadem
712 3759 945 3815 quoque
974 3741 1152 3798 altera
1173 3743 1342 3797 factio
1364 3743 1590 3812 recitat,
1617 3748 1671 3797 et
1692 3759 1820 3815 qua
1851 3744 2115 3814 superior

467 3841 575 3902 est,
634 3835 806 3890 dicit:
868 3856 896 3883 «
960 3831 1107 3902 Fili;
1165 3853 1194 3883 »
1255 3831 1480 3887 altera:
1536 3855 1565 3883 «
1623 3831 1761 3902 Dei;
1822 3855 1851 3884 »
1912 3835 2110 3906 prior:

468 3925 784 3980 «Victoria
824 3945 853 3973 ››
911 3927 1017 3979 ter.
1051 3926 1259 3977 Postea
1318 3926 1621 3978 cantores:
1657 3945 1683 3972 «
1741 3928 1968 3988 Sancte,
2029 3928 2118 3979 ter

471 4019 696 4081 sancte,
728 4015 906 4068 vitam
940 4012 1085 4084 ipsis
1135 4019 1190 4066 et
1237 4011 1482 4080 gloriam
1524 4011 1755 4066 tribue!
1793 4034 1821 4061 »
1872 4015 2118 4084 Rursus,

472 4121 599 4177 quae
618 4102 883 4175 superior
896 4101 1172 4157 habetur:
1195 4121 1223 4150 «
1249 4101 1356 4168 Tu,
1381 4100 1476 4171 qui
1501 4101 1767 4156 dominos
1790 4102 2062 4171 adjuvasl
2091 4125 2119 4153 »

2275 1427 2336 1495 ζ’.
2373 1428 2558 1482 Ταῦτα
2596 1422 2652 1480 δὲ
2693 1424 2946 1500 Λέγουσιν
3003 1427 3093 1480 καὶ
3151 1427 3201 1481 οἱ
3260 1425 3449 1482 λοιποὶ
3506 1424 3701 1501 δῇμοι,
3753 1426 3851 1481 καὶ

2199 1516 2580 1591 ἀποκρίνονται
2640 1517 2859 1588 πάντες,
2945 1517 3034 1570 καὶ
3107 1515 3384 1593 λέγουσιν’
3439 1542 3468 1569 ι(
3519 1516 3850 1591 Ἀπάγξεται

2201 1607 2332 1667 ὡςὸ
2394 1603 2598 1667 Ἰουδᾶς
2659 1607 2685 1660 6
2723 1608 2796 1680 μὴ
2847 1603 3022 1683 φιλῶν
3081 1608 3209 1667 τοὺς
3261 1605 3432 1668 ἰδίους
3492 1603 3776 1668 δεσπότας·
3827 1633 3853 1660 ι

2200 1694 2291 1750 καὶ
2324 1696 2351 1749 6
2383 1694 2516 1757 λαὸς
2575 1695 2782 1768 ὁμοίως
2838 1696 2897 1750 ἐκ
2953 1693 3160 1770 τρίτου,
3229 1698 3318 1751 καὶ
3358 1697 3558 1759 εὐθέως
3591 1697 3748 1770 αὖγεῖ
3786 1697 3858 1750 τὸ

2205 1783 2459 1859 ὄργανον,
2489 1785 2577 1839 καὶ
2613 1786 2730 1839 οἷον
2780 1783 2942 1860 μέρος
2974 1779 3094 1860 ἔχει
3133 1785 3490 1859 προτίμησιν,
3550 1784 3694 1860 λέγει
3735 1807 3863 1862 φω-

2201 1874 2296 1943 νὴν
2334 1873 2440 1929 ἀπὸ
2470 1879 2718 1948 κρακτῶν
2748 1874 2796 1909 ⁸ο
2824 1873 2926 1949 ἤχ.
2960 1875 3059 1934 πλ,
3086 1877 3150 1930 α’·
3183 1900 3210 1928 ‹‹
3255 1875 3706 1952 Εὐχσριστοῦμέν
3742 1897 3857 1948 σοι,

2196 1964 2393 2038 Χριστὲ
2423 1964 2450 2016 6
2484 1964 2612 2025 Θεὸς
2653 1965 2838 2037 ἡμῶν,
2860 1969 2939 2036 τῷ
3000 1962 3401 2034 ὃιασκεδάξοντι
3449 1963 3653 2041 βουλὰς
3685 1965 3856 2028 ἐθνῶν

2195 2053 2285 2108 καὶ
2320 2049 2658 2128 συντρίϐοντι
2716 2051 3045 2126 πολεμίους,
3088 2056 3173 2110 ὅτι
3229 2053 3568 2131 ἐμεγάλυνιις
3610 2055 3676 2110 τὰ
3717 2056 3854 2108 θαυ-

2204 2142 2370 2216 μάσιά
2421 2163 2514 2196 σου
2582 2141 2670 2197 ἐπὶ
2719 2144 2810 2197 τὸν
2869 2141 3002 2198 λαόν
3061 2165 3180 2214 σου,
3231 2141 3440 2202 δυνατὲ.
3473 2145 3616 2206 Τοὺς
3647 2145 3750 2219 γὰρ
3779 2142 3859 2218 ἐχ

2199 2233 2359 2307 Θροὺς
2405 2233 2564 2304 ἡμῶν
2609 2229 2872 2304 ὑποτάξας
2927 2231 2978 2286 ἐν
3043 2236 3113 2305 τῇ
3173 2230 3395 2306 δυνάμει
3455 2254 3573 2300 σου,
3625 2231 3854 2306 ὕψωσας

2198 2323 2262 2376 τὸ
2308 2321 2467 2396 κέροις
2524 2324 2631 2374 τῶν
2701 2325 2904 2376 πιστῶν
2982 2319 3249 2396 βασιλέων
3326 2324 3484 2394 ἡμῶν
3533 2317 3849 2396 πρεσϐείαις

2201 2413 2300 2478 τῆς
2357 2407 2622 2478 τεκούσης
2684 2430 2758 2477 σε,
2822 2409 2898 2472 ὡς
2957 2410 3124 2484 μόνος
3181 2408 3502 2472 πολυέλεος.
3539 2435 3567 2462 ››
3618 2411 3718 2466 Καὶ
3753 2411 3855 2474 εἶθ’

2205 2498 2376 2560 οὕτως
2404 2496 2657 2572 λέγουσιν
2680 2499 2730 2552 οἱ
2760 2499 2989 2573 κράκται
3032 2500 3094 2553 τὸ
3134 2497 3377 2573 ἱχάδιον,
3411 2523 3441 2551 ‹‹
3488 2499 3698 2556 Νανάἷα
3725 2500 3792 2554 εί.
3831 2524 3860 2549 n

2204 2590 2231 2643 6
2263 2587 2420 2650 λαός·
2455 2613 2482 2640 ‹‹
2518 2587 2822 2662 Δοξάζομὲν
2879 2610 2954 2658 σε,
2985 2590 3208 2664 Χριστε·
3245 2611 3268 2642 α
3304 2590 3370 2646 Οἱ
3401 2587 3653 2664 κρᾶκται,
3682 2613 3712 2639 ‹‹
3746 2595 3866 2645 Να-

2205 2677 2269 2732 vi
2318 2677 2452 2752 (46)⁶
2507 2702 2534 2730 ››
2597 2679 2624 2732 6
2698 2675 2850 2740 λαός·
2918 2701 2944 2734 ι
2986 2677 3223 2735 Βασιλεῢ
3278 2684 3386 2734 τῶν
3439 2679 3675 2736 αἰώνων.
3738 2704 3765 2734 ››
3797 2680 3871 2736 Oi

2209 2768 2460 2841 κράκται,
2530 2792 2557 2819 ‹‹
2605 2767 2770 2821 Νανά·
2836 2767 2864 2821 6
2945 2765 3100 2829 λαός·
3178 2767 3466 2843 Μονογενῆ
3542 2768 3686 2843 Λόγε
3768 2771 3873 2822 τοῦ

2212 2854 2448 2928 ΙΙατρός.
2486 2878 2515 2908 ››
2548 2855 2615 2911 Οἱ
2645 2855 2894 2929 κράκται,
2937 2879 2966 2907 ι(
3010 2854 3285 2912 ’Λνανάὲα.
3332 2878 3359 2905 ››
3392 2855 3419 2908 6
3454 2855 3607 2923 λαὸς,
3661 2879 3690 2907 ι(
3744 2857 3876 2911 ’Ότι

2211 2943 2490 3018 ἐπεσκέψω
2518 2944 2606 2997 καὶ
2640 2943 2936 3022 ἐφώτισας.
2972 2968 3001 2995 ››
3060 2945 3126 3001 Οἱ
3181 2943 3431 3018 κράκται,
3466 2968 3494 2995 ‹‹
3545 2945 3717 3002 Νανά·
3753 2968 3777 2995 ι)
3846 2946 3875 2999 6

2214 3031 2367 3094 λαός·
2408 3055 2434 3086 α
2491 3034 2597 3089 Τὸν
2650 3031 2781 3088 λαόν
2853 3054 2968 3089 σου.
3023 3056 3052 3085 ››
3112 3035 3178 3090 Οἱ
3219 3033 3471 3108 κράκται,
3505 3058 3533 3085 ‹‹
3568 3033 3742 3108 Ἀγία.
3778 3057 3809 3085 ››
3848 3032 3876 3088 ὁ

2217 3121 2369 3182 λαός
2404 3123 2564 3176 «Καὶ
2606 3121 2657 3176 ἐν
2708 3124 2776 3194 τῇ
2837 3119 3058 3196 δυνάμει
3116 3143 3212 3176 σου
3253 3121 3574 3193 ἀπήλλαξας
3619 3125 3794 3196 ἡμᾶς.
3847 3147 3875 3173 ››

2143 3233 2184 3300 C
2215 3212 2282 3268 Οἱ
2312 3211 2560 3284 κράοιται·
2595 3235 2623 3263 ι(
2657 3211 2886 3266 Νανάἷαυ
2922 3235 2941 3262 ι
2983 3213 3010 3264 ὁ
3073 3209 3225 3273 λαός’
3280 3235 3308 3264 ι(
3358 3210 3459 3268 Καὶ
3513 3213 3873 3286 προσήγαγες

2214 3302 2446 3373 ἡμᾶς.»
2509 3300 2577 3357 Οὶ
2643 3299 2891 3375 κράκται’
2949 3324 2977 3352 ‹‹
3029 3301 3258 3357 Νανάῖα·
3316 3324 3343 3351 ››
3394 3302 3421 3355 6
3477 3299 3632 3363 λαός.
3697 3326 3725 3352 ‹‹
3779 3306 3874 3373 Τῷ

2217 3391 2332 3459 Θεῷ
2361 3388 2450 3442 καὶ
2479 3388 2669 3462 ΙΙατρί.
2728 3413 2757 3441 ››
2789 3389 2856 3446 Οἱ
2904 3389 3157 3463 κράκται.
3192 3412 3222 3440 ς(
3262 3389 3537 3445 Ἀνανάῖα·
3573 3411 3602 3439 »
3633 3389 3660 3442 6
3716 3386 3877 3453 λαός·

2223 3500 2244 3528 ε
2293 3480 2546 3532 Μεσιτεῖα
2601 3478 2647 3513 ⁸³
2702 3478 2838 3551 (47).
2875 3500 2903 3529 ››
2954 3478 3021 3534 Οἱ
3050 3479 3298 3551 κράκται,
3360 3500 3389 3529 ‹‹
3451 3476 3717 3534 Ἀνανάῖα·
3773 3502 3803 3529 ››
3845 3478 3874 3534 ὁ

2219 3565 2373 3627 λαός.
2426 3590 2456 3619 ‹‹
2499 3571 2586 3628 Ὠς
2645 3568 2815 3640 μόνος
2853 3563 3283 3639 παντοδῦναμος.
3335 3590 3363 3618 ›)
3405 3566 3507 3624 Καὶ
3541 3567 3638 3621 εἶθ’
3699 3567 3878 3630 οὕτως

2221 3654 2370 3729 λέγει
2412 3656 2439 3709 6
2499 3657 2629 3717 λαὸς
2688 3657 2845 3717 ἅπας·
2894 3679 2923 3707 ‹‹
2972 3655 3348 3730 Ηολυχρόνιον
3409 3657 3629 3727 ποιήσει
3679 3658 3707 3711 6
3739 3657 3878 3719 Θεὸς

2219 3747 2320 3814 τήν
2367 3746 2519 3818 ἁγίαν
2553 3744 2849 3820 βασιλείαν.
2904 3769 2931 3796 ››
2982 3745 3202 3815 Ἰστὲον,
3250 3746 3333 3800 ὅτι
3399 3746 3466 3799 τὰ
3539 3744 3673 3800 αὖτά
3723 3745 3872 3819 λέγει

2223 3837 2313 3891 καὶ
2361 3836 2388 3890 6
2437 3835 2584 3898 ἀντῖς
2623 3834 2824 3908 δῆμος.
2877 3835 2979 3892 Καὶ
3029 3835 3193 3890 πάλιν
3241 3837 3269 3890 6
3324 3830 3469 3911 ἔχων
3527 3835 3869 3909 προτίμησιν

2227 3924 2397 3999 λέγει,
2436 3949 2457 3976 ι
2529 3923 2634 3979 Υἱέ⁹
2685 3949 2704 3975 ι
2740 3925 2830 3979 καὶ
2883 3926 2910 3979 6
2964 3926 3133 3994 ἆντὶς,
3185 3951 3207 3978 ι
3247 3929 3399 3983 Θεοῦ.
3449 3949 3478 3977 ››
3520 3924 3619 3979 Καὶ
3672 3925 3700 3980 6
3731 3925 3883 3987 αντῖς

2229 4039 2257 4068 ‹‹
2290 4017 2435 4086 Νίκη
2488 4039 2516 4066 ››
2572 4022 2635 4088 γ’·
2692 4015 2778 4068 καὶ
2829 4013 2926 4068 εἶθ’
2973 4013 3145 4075 οὕτως
3192 4012 3438 4088 λέγουσιν
3507 4014 3559 4068 οἳ
3630 4013 3880 4088 κροὶκται·

2237 4126 2258 4156 ι
2287 4107 2472 4180 ’¹Δγιε,
2517 4105 2778 4180 τρισάγιε,
2851 4103 2996 4172 ζωὴν
3042 4104 3133 4158 καὶ
3179 4099 3332 4172 δόξαν
3357 4099 3448 4167 δὸς
3475 4103 3684 4167 αὐτοῖς.
3728 4127 3756 4155 ››
3780 4104 3885 4160 Καὶ

1796 4189 2042 4246 VARI/E
2082 4194 2486 4250 LECTIONES.

545 4282 592 4318 7°
621 4277 1068 4354 Eysipeaes'jrobc
1101 4273 1253 4354 δεσπ.
1286 4275 1416 4354 ειξξη
1457 4279 1545 4346 Ρι.,
1576 4275 2022 4354 ἐγείρεσθαιῖτοὺς
2067 4279 2218 4341 δεσπ.
2267 4283 2374 4354 εὐξ.
2424 4285 2554 4341 cod.
2607 4287 2666 4341 et
2716 4285 2808 4340 ed.

476 4355 570 4410 ed.
647 4349 692 4389 εί
726 4349 853 4405 νάνα
878 4353 968 4406 ed.
1003 4351 1248 4422 passim.
1323 4349 1370 4384 ⁸³
1405 4349 1645 4422 μεσιτείᾲ
1675 4349 1826 4424 conj.
1861 4353 1929 4410 R.

2903 4282 2953 4318 8°
3000 4280 3220 4360 λέγοὺσι
3275 4288 3463 4362 φωνῆς
3493 4282 3601 4338 ἀπὸ
3657 4281 3886 4359 κράκται

1524 4459 1721 4516 JOAN.
1759 4461 1903 4518 JAC.
1947 4461 2211 4520 REISKII
2250 4463 2842 4521 COMMENTARIUS.
2941 4446 2944 4450 ’

549 4570 686 4650 (ᾧ).
947 4565 1302 4650 ἐγείρεσθαι...
1325 4547 1582 4650 Reliqua;
1623 4569 1725 4650 .has
1784 4573 1917 4625 sunt
1983 4571 2128 4650 idio-
2159 4579 2201 4642 ι)
2236 4573 2380 4650 meri
2413 4574 2648 4650 pedum,
2683 4573 2740 4628 in
2774 4571 2898 4628 solo
2921 4570 3350 4650 vel_meanibus,
3374 4571 3472 4627 ubi
3498 4571 3889 4650 consistitmi-

481 4641 1014 4714 graphiaalibrarii,
1049 4641 1146 4712 qui
1177 4641 1435 4698 codicem
1479 4641 1838 4714 Lipsiensem
1872 4644 2129 4714 exaravit

481 4710 540 4769 ει
571 4710 662 4786 cui
685 4713 920 4786 solenne
960 4710 1084 4786 erat
1113 4732 1165 4786 αι
1196 4717 1282 4786 _et
1336 4731 1359 4765 ε
1416 4710 1765 4786 permutare.
1799 4710 2127 4786 Ἐγείρεσθαι

484 4786 600 4858 hic_
621 4784 730 4840 loci
762 4800 878 4858 non
909 4788 997 4858 est
1043 4783 1392 4852 inﬁnitivus,
1420 4783 1542 4858 sed,
1579 4783 1957 4855 imperamus
1986 4784 2133 4858 ἐγεί-

486 4856 659 4930 ρεσθε,
717 4857 946 4928 surgite,
975 4857 1453 4930 bene_precemur
1510 4857 1767 4930 domi-nis.
1800 4858 1892 4912 Sic
1928 4873 1984 4926 p.
2028 4856 2126 4913 181

485 4925 781 5020 exaratum
815 4925 948 5020 erat
988 4931 1044 4982 in
1090 4927 1194 5020 In);
1221 4944 1403 5020 αχεξαι
1442 4945 1545 4999 pro
1584 4925 1768 5020 (ᾔειςΕ
1814 4934 1871 4984 et
2021 4931 2132 5018 ⁹183

487 4999 866 5076 ἠγαπῃ-μμέναι,
895 5005 952 5054 et
1001 4998 1227 5076 p,_1_87,'
1249 4995 1517 5066 εὔξασθαι,
1552 5005 1608 5054 et
1634 4995 1865 5076 Libidem
1912 4995 2132 5076 ἔλαίους

490 5065 592 5144 pro
652 5065 862 5138 atoue,
912 5089 967 5140 p.
1002 5065 1155 5144 '135,
1203 5065 1441 5144 'étaupoc
1477 5088 1578 5144 pro
1634 5066 1838 5144 ἕτερος,
1897 5089 1951 5127 v.
2013 5073 2137 5139 190,

491 5139 816 5216 αἰτήσασθαι
849 5139 954 5216 prb
995 5139 1578 5216 αἰτήσασθείν-ἱόίθᾱ
1624 5160 1680 5214 p.
1725 5139 1956 5216 ’188ιΕι
2006 5145 2140 5200 talia

492 5215 567 5277 ὡς
600 5215 751 5276 nam
792 5213 950 5270 in'eo
983 5215 1191 5268 codice,
1232 5215 1293 5267 Id
1344 5213 1496 5268 idem
1541 5213 1775 5284 qucque
1814 5215 2037 5271 dictum
2082 5219 2139 5271 et

492 5305 610 5344 non
641 5287 970 5359 neglectum
1001 5285 1171 5359 ve_lim
1205 5285 1275 5359 ad
1310 5288 1568 5355 proxime
1596 5293 1947 5359 sequentem
1978 5287 2139 5341 simi-

487 5359 606 5415 lem
639 5353 833 5431 locum
862 5374 876 5413 :
909 5357 961 5410 οἱ
1007 5353 1112 5408 τῶν
1171 5353 1538 5430 πεδατουρῶν,
1592 5353 1910 5431 ἐγεξρεσθαι,
1943 5373 1972 5412 0
2026 5373 2138 5425 vos,

493 5433 589 5502 qui
617 5434 698 5485 ad
726 5430 1020 5501 pedaturas
1042 5431 1359 5502 pertinetis,
1401 5429 1639 5502 surgite,
1680 5429 1810 5484 bene
1856 5445 2142 5500 precemur

493 5501 751 5558 dominis.
787 5503 933 5556 Sunt
967 5506 1186 5568 autem,
1221 5501 1323 5570 qui
1356 5501 1423 5554 ad
1469 5503 1780 5570 pedaturas
1827 5502 2138 5569 pertinent,

498 5581 782 5642 quantum
815 5589 919 5642 ego
951 5571 1223 5641 equidem
1245 5571 1912 5642 conjicio,_magistratus
1935 5571 2142 5625 milita-

499 5640 628 5709 res;
661 5648 719 5696 et
765 5640 909 5697 bene
961 5640 1017 5696 bi
1066 5645 1182 5700 τοῖς
1231 5647 1333 5708 τῆς
1383 5640 1696 5712 συγκλήτου
1745 5648 2139 5711 opponuntur,

497 5713 575 5783 de
599 5712 816 5783 quibus
842 5713 1230 5783 modogsermo
1255 5715 1566 5781 przecessit.
1595 5713 1895 5766 Pedaturaa
1914 5728 2140 5783 nempe,

496 5781 582 5837 vel
612 5780 917 5853 peditum,
946 5781 1034 5837 vel
1066 5780 1403 5852 pedationes
1435 5791 1571 5838 sunt
1616 5783 1803 5853 spatia
1858 5784 1999 5838 certi
2031 5780 2138 5838 liu-

2237 4645 2323 4701 les
2352 4644 2856 4716 excubiasagens,
2888 4660 2989 4698 seu
3022 4644 3342 4716 incastris,
3378 4659 3478 4698 seu
3505 4645 3563 4699 in
3599 4645 3887 4699 menibus

2241 4718 2425 4780 urbis,
2460 4716 2593 4770 item
2627 4713 2945 4786 in'quibus
2989 4713 3239 4786 agricola
3272 4720 3433 4786 arat,
3477 4717 3658 4780 metit,
3693 4720 3888 4770 fenum

2244 4792 2419 4855 secat,
2452 4792 2559 4843 etc.
2606 4785 2838 4842 Late’de
2881 4787 2991 4842 hac
3026 4785 3160 4841 Voce
3191 4785 3314 4858 agit
3344 4786 3430 4842 Du
3478 4791 3673 4858 Cange
3702 4787 3886 4858 Gloss.

2245 4861 2390 4926 Lat.,
2441 4863 2594 4914 unde
2652 4862 2828 4930 patet,
2861 4874 3010 4930 eam,
3068 4857 3341 4930 quamyis
3391 4859 3500 4930 ad“
3531 4857 3734 4914 omnia
3784 4857 3892 4930 soli

2246 4915 2444 5003 Spatia!
2467 4939 2619 5003 certo
2653 4915 2866 5001 pedum
2892 4915 3136 5003 numero
3167 4927 3410 5003 definita
3433 4915 3616 5003 possit
3640 4929 3890 5003 extendi,

2245 4999 2317 5058 de
2351 4999 2701 5056 militaribus
2743 5007 2934 5056 tamen
2965 5001 3168 5071 spatiis
3219 4999 3554 5068 plerumque
3593 5001 3732 5062 diei,
3765 5018 3890 5071 quas

2245 5073 2335 5130 vel
2358 5073 2417 5128 in
2443 5073 2729 5128 mmnibus
2757 5073 3114 5143 urbium,vel
3140 5074 3198 5125 in
3215 5073 3702 5128 castrisexcubiis
3726 5090 3894 5143 agen-

2248 5148 2338 5201 dis
2359 5146 2648 5200 destinata
2667 5151 2804 5198 sunt
2828 5161 2847 5207 ,°
2870 5142 3141 5197 distantia
3153 5143 3326 5197 unius
3347 5145 3614 5199 stationis
3638 5142 3893 5200 casti-en-

2247 5218 2330 5273 sis
2361 5222 2462 5271 aut
2489 5215 2761 5270 militaris
2794 5215 2864 5270 ab
2892 5215 3093 5270 altera.

2318 5287 2564 5411 (Atlit).Hio
2594 5292 2649 5342 et
2674 5287 2948 5358 deinceps
2977 5289 3100 5342 erat
3128 5285 3187 5341 in
3220 5286 3418 5343 codice
3465 5285 3613 5355 νανὰ,
3645 5294 3889 5343 accentu

2345 5377 2376 5411 ι]
2432 5376 2567 5411 Ulla.

2251 5359 2308 5414 in
2345 5359 2567 5414 ultima.

2323 5432 2432 5501 (47)
2465 5431 2548 5486 Ita
2569 5444 2800 5501 quoque
2831 5432 2920 5483 est
2969 5428 3027 5483 in
3083 5427 3297 5484 codice.
3349 5427 3460 5484 Sed
3511 5429 3687 5485 scrib.
3753 5429 3900 5499 μεσι-

2250 5498 2365 5567 τεῖᾳ
2415 5498 2501 5572 in,
2552 5498 2761 5568 dativo,
2817 5517 2920 5572 per
2992 5501 3454 5572 intercessionem,
3509 5498 3900 5555 mediationem

2252 5571 2669 5626 tuam.Venias
2700 5571 2896 5627 tamen
2945 5588 3012 5626 ex
3067 5571 3374 5628 collatione
3424 5571 3532 5626 loci
3588 5589 3640 5639 p.
3701 5572 3808 5626 189
3844 5572 3899 5624 ἱιι

2250 5658 2374 5697 eam
2399 5643 2753 5710 opinionem,
2779 5649 2840 5698 ut
2861 5643 3060 5712 credas
3084 5644 3300 5698 omissa
3325 5643 3589 5712 quaedam
3637 5643 3734 5698 hic
3757 5659 3901 5710 esse,

2253 5729 2467 5788 nempe
2496 5715 2603 5766 τῶν
2627 5717 2831 5788 πιστῶν
2861 5711 3128 5788 βασιλέων
3158 5714 3317 5786 ἡμῶν
3327 5711 3759 5784 {intercessione
3780 5715 3907 5784 ﬁde-

2258 5787 2397 5840 lium
2429 5790 2742 5840 nostrorum
2770 5787 3185 5858 imperatorum.
