4136 6302
467 344 584 404 607

1532 346 2060 411 CONSTANTINI
2103 347 2807 417 PORPHYROGENITI

3745 361 3869 420 608

470 497 532 552 in
575 496 829 554 multos!
878 520 907 549 »
952 498 1100 555 Dum
1140 514 1273 554 vero
1311 496 1525 569 aurigae
1572 497 1812 569 praemia
1856 496 2100 554 victoriis

2221 501 2342 537 κται
2367 499 2382 514 ⁸
2427 507 2457 537 ιι
2487 483 2701 542 Πολλοῖ⁵
2735 488 2862 560 ὑμῖν
2893 488 3107 563 χρόνοι,
3146 489 3181 558 ἡ
3224 483 3403 553 ἔνθεος
3432 488 3723 563 βασιλείαί
3760 514 3788 541 ι»
3819 491 3873 546 οἱ

469 585 784 659 accipiunt,
839 592 1106 643 cantores
1150 586 1357 642 dicunt
1404 601 1417 640 :
1460 607 1490 635 «
1534 585 1729 658 Longa
1765 584 1927 642 vobis
1956 590 2110 641 tem-

470 691 631 747 pora,
666 675 856 732 divina
886 674 1199 748 majestasl
1238 697 1259 725 ι
1294 674 1520 730 Prasini
1553 692 1569 727 :
1615 696 1645 725 κ
1673 673 1888 731 Electio
1918 675 2113 731 Trini-

468 762 646 819 tatis!
706 786 735 815 »
785 763 1039 836 populus
1086 768 1174 818 ter
1226 779 1240 819 :
1292 781 1314 812 ι
1374 762 1620 819 Sancte!
1678 784 1709 814 »
1773 762 2051 820 Cantores
2094 780 2109 820 :

471 873 500 902 ιι
527 853 724 923 Longa
777 852 943 907 vobis
971 855 1255 922 tempora,
1280 851 1480 908 famuli
1504 851 1774 907 Domini!
1804 876 1825 905 ι
1864 851 2112 925 populus

462 943 552 995 ter
583 957 597 996 :
634 963 655 989 ι
691 939 938 996 Sancte!
978 962 1007 990 »
1040 940 1268 997 Prasini
1303 956 1317 995 :
1358 963 1386 991 ιι
1423 940 1635 997 Sancte
1667 941 1681 997 l
1719 963 1740 991 ι
1776 940 2056 999 Cantores
2090 959 2104 997 :

466 1050 496 1078 «
531 1029 722 1099 Longa
758 1030 924 1086 vobis
963 1034 1251 1102 tempora,
1283 1033 1355 1087 N.
1397 1029 1467 1086 N.
1510 1032 1788 1101 Augustae
1820 1030 2109 1088 Romano-

463 1134 591 1173 rum
624 1118 638 1174 !
674 1141 703 1169 »
736 1118 985 1190 populus
1033 1124 1124 1174 ter
1162 1137 1176 1175 :
1219 1140 1248 1170 «
1288 1119 1486 1191 Longa
1533 1120 1700 1176 vobis
1738 1120 2044 1191 temporal
2080 1142 2108 1171 ››

465 1206 692 1265 Prasini
745 1225 759 1264 :
818 1206 1079 1264 Sancte!
1145 1230 1166 1258 ι
1220 1207 1549 1264 Cantores:
1608 1229 1633 1261 ιι
1696 1212 1892 1281 Longa
1945 1209 2110 1265 vobis

460 1302 747 1369 tempora,
772 1298 1023 1367 domini,
1055 1313 1186 1353 cum
1208 1295 1682 1369 imperatricibus
1704 1301 1761 1353 et
1789 1298 2111 1371 porphyre-

459 1382 711 1455 genitis!
746 1406 775 1435 »
808 1383 1061 1456 populus
1092 1393 1177 1439 ler
1208 1400 1222 1439 :
1257 1405 1286 1434 ιι
1320 1384 1512 1456 Longa
1539 1385 1706 1441 vobis
1732 1388 1998 1457 tempora
2028 1384 2041 1440 ι
2078 1407 2106 1435 ››

461 1470 687 1527 Prasini
746 1489 760 1528 :
812 1493 841 1523 «
889 1471 1131 1527 Sancte!
1167 1494 1196 1521 »
1229 1472 1504 1528 Cantores
1554 1488 1567 1527 :
1624 1493 1652 1523 ιι
1690 1472 1886 1546 Longa
1939 1474 2108 1531 vobis

461 1562 776 1633 tempora!
828 1561 1191 1635 Flagitamus
1249 1561 1460 1618 Uranio
1512 1563 1626 1619 tria
1683 1563 2043 1620 numismata
2089 1562 2103 1620 ι

461 1648 708 1723 (Prasini
744 1666 758 1707 :
809 1673 838 1701 ιι
887 1650 1156 1722 Olympio
1188 1670 1205 1721 ;
1255 1672 1284 1701 ››
1319 1652 1340 1723 )
1372 1650 1624 1722 papulus
1674 1658 1759 1707 ter
1793 1669 1807 1707 :
1841 1673 1871 1703 «
1912 1657 2109 1727 Longa

458 1739 626 1794 vobis
656 1744 918 1810 tempora
950 1736 963 1794 ι
1000 1760 1030 1789 ››
1071 1738 1344 1796 Cantores
1377 1755 1391 1796 :
1432 1762 1460 1790 ιι
1493 1739 1758 1808 Domine,
1799 1757 1959 1798 serva
1999 1743 2106 1800 do-

2221 571 2479 646 Πράσινοι
2504 596 2519 609 ο
2553 602 2581 631 ιι
2609 579 2669 636 Ἡ
2710 574 2917 654 ἐκλογὴ
2965 584 3065 648 τῆς
3093 576 3332 653 Τριάδος
3358 580 3369 635 l
3396 602 3424 631 «
3460 581 3488 634 ὁ
3533 578 3666 642 λαὸς
3701 577 3762 635 ἔκ
3791 583 3866 654 γ’·

2222 688 2250 718 ιι
2281 665 2465 741 “Avis!
2499 687 2526 719 ι
2574 668 2643 724 Οἱ
2695 667 2958 742 κράκται·
3011 691 3040 720 ιι
3092 666 3311 726 Πολλοὶ
3362 669 3489 743 ὑμῖν
3541 666 3760 748 χρὸνοι,
3813 671 3867 725 οἱ

2221 754 2548 827 θεράποντες
2576 761 2673 811 τοῦ
2708 755 2944 832 Κυρίουί
2978 780 3007 809 ››
3056 758 3083 812 6
3143 755 3276 820 λαὸς
3323 764 3371 831 γ’
3394 775 3407 788 ⁸
3445 781 3469 812 α
3502 761 3666 834 ’Ἃγιε
3693 760 3707 816 i
3732 783 3762 812 »
3818 760 3871 815 οἱ

2220 841 2518 918 Πράσινοιο
2572 870 2601 898 ιι
2632 847 2845 921 ”Αγιεί
2891 868 2920 899 ››
2972 848 3036 901 Οἱ
3081 847 3345 922 κράκται·
3400 870 3430 900 ιι
3474 846 3685 905 Πολλοὶ
3740 850 3870 924 ὑμῖν

2221 935 2434 1009 χρόνοι,
2496 935 2525 989 6
2584 931 2733 991 δεῖνα
2781 937 2870 992 καὶ
2929 937 2957 991 6
3016 933 3162 992 δεῖνα
3216 939 3524 1011 Αὖγοῦσται
3572 942 3683 994 τῶν
3726 940 3872 997 Ῥω-

2221 1020 2397 1095 μαίων
2424 1024 2437 1079 Ι
2481 1047 2509 1077 ››
2548 1024 2638 1079 καὶ
2670 1026 2698 1081 6
2743 1023 2875 1087 λαὸς
2902 1027 2984 1103 γ’·
3021 1049 3048 1077 ιι
3080 1024 3292 1082 Πολλοὶ
3325 1026 3451 1100 ὑμῖν
3484 1028 3715 1105 χρόνοιί
3750 1053 3779 1081 ››
3813 1030 3873 1086 οἱ

2218 1112 2483 1186 Πράσινοι
2509 1131 2521 1144 ⁸
2560 1138 2588 1166 ιι
2639 1115 2835 1189 "Avis!
2886 1139 2907 1166 ι
2953 1116 3020 1172 Οἱ
3059 1114 3287 1189 κράκται
3321 1135 3335 1150 ⁸
3394 1139 3424 1169 α
3463 1115 3676 1173 Πολλοὶ
3735 1118 3869 1192 ὑμῖν

2219 1198 2436 1273 χρόνοι,
2490 1201 2539 1254 οἱ
2586 1197 2862 1271 δεσπόται,
2923 1202 3015 1257 σὺν
3050 1207 3169 1265 ταῖς
3218 1202 3562 1277 Αὐγούσταις
3609 1204 3701 1259 καὶ
3747 1210 3872 1267 τοῖς

2218 1291 2795 1365 πορφυρογεννήτοιςί
2841 1316 2864 1345 ι
2923 1291 2951 1346 6
2999 1291 3132 1354 λαὸς
3171 1289 3231 1346 ἐκ
3283 1298 3352 1366 γ’.
3402 1316 3431 1344 ιι
3482 1290 3875 1366 Πολλοῒὺμῖν

2221 1377 2457 1450 χρόνοιί
2493 1401 2522 1430 ››
2582 1379 2632 1432 οἱ
2694 1379 2951 1455 Πράσινοι
2989 1400 3003 1413 ⁸
3057 1402 3086 1432 ι(
3143 1382 3330 1457 ’Ἄγιεί
3387 1406 3410 1435 ι
3470 1382 3539 1438 Οἱ
3592 1379 3872 1457 κράκται⁸

2218 1488 2247 1516 ιι
2280 1464 2502 1521 Πολλοὶ
2558 1467 2685 1541 ὑμῖν
2719 1469 2910 1542 χρόνοι
2937 1471 2949 1525 1
2990 1469 3069 1526 Τᾶ
3094 1468 3215 1543 τρία
3244 1474 3323 1542 τῷ
3370 1469 3625 1544 Οὖρανίῳ
3655 1472 3774 1544 (50)
3800 1487 3817 1502 ⁸
3846 1493 3871 1525 ι

2216 1558 2289 1629 (οἱ
2335 1557 2594 1630 Πράσινοι
2619 1575 2632 1589 ⁸
2668 1580 2696 1609 ιι
2747 1562 2826 1628 τῷ
2856 1556 3151 1631 Ὀλυμπίῳ
3175 1579 3187 1591 ι
3224 1560 3276 1633 ››)
3305 1559 3394 1613 καὶ
3443 1559 3471 1614 6
3512 1557 3643 1622 λαὸς
3675 1559 3734 1615 ἐκ
3783 1563 3832 1636 γ’
3856 1577 3870 1590 ⁸

2218 1667 2248 1697 ιι
2287 1643 2501 1701 Πολλοὶ
2541 1645 2670 1718 ὑμῖν
2708 1645 2943 1721 χρόνοιί
2983 1672 3004 1697 ι
3038 1647 3106 1704 (Υί
3153 1645 3379 1722 κράκται
3405 1666 3416 1679 ’
3447 1671 3475 1699 ιι
3529 1646 3719 1722 Κύριε,
3751 1653 3874 1703 σῶ-

2216 1754 2306 1788 σον
2334 1734 2462 1798 τοὺς
2509 1730 2770 1797 δεσπότας
2801 1735 3089 1808 Ῥωμαίων
3118 1737 3130 1792 ί
3169 1760 3188 1786 ι
3243 1736 3272 1790 6
3312 1734 3445 1798 λαὸς
3476 1734 3536 1791 ἐκ
3580 1738 3628 1811 γ’
3651 1756 3664 1769 ·
3700 1760 3730 1789 ιι
3766 1738 3867 1791 Κό-

458 1826 653 1882 minos
694 1826 1088 1883 Romanorum
1128 1826 1142 1881 !
1193 1848 1223 1877 »
1278 1828 1527 1900 populus
1586 1834 1676 1884 ter
1718 1846 1731 1884 :
1776 1852 1804 1881 ιι
1837 1830 2100 1900 Domine,

2215 1842 2317 1897 ριε,
2350 1828 2522 1878 σῶσον
2553 1824 2565 1879 l
2600 1847 2628 1875 »
2670 1824 2739 1881 Οἱ
2795 1824 3023 1898 κράιιται
3051 1844 3064 1857 ·
3102 1848 3132 1876 ››
3161 1823 3241 1881 Τᾶ
3288 1821 3402 1892 ἴσα,
3449 1822 3725 1896 δεσπόται,
3764 1833 3866 1896 τῆς

458 1931 621 1971 serva
654 1914 667 1969 ί
700 1936 728 1967 ››
780 1917 1053 1973 Cantores
1086 1933 1100 1971 :
1148 1938 1178 1966 «
1207 1917 1497 1989 Atqualia,
1546 1918 1791 1991 domini,
1851 1920 2100 1979 victoria.I

2217 1911 2368 1982 νίκης
2402 1913 2557 1985 ὕμῶν
2588 1913 2601 1969 !
2633 1935 2661 1964 »
2696 1913 2725 1967 6
2775 1911 2908 1975 λαὸς
2956 1911 3016 1968 ἐκ
3043 1915 3090 1988 γ’
3113 1933 3127 1946 ⁸
3183 1937 3210 1966 ιι

454 2010 657 2062 vestrae
693 2004 707 2062 l
740 2028 769 2056 ››
804 2007 1053 2079 populus
1092 2013 1183 2065 ter
1212 2024 1227 2063 :
1263 2031 1291 2059 ‹‹
1324 2008 1592 2077 Domine,
1645 2026 1813 2067 serva
1846 2011 1858 2066 ι
1896 2033 1924 2063 ››
1956 2015 2107 2070 Can-

454 2098 613 2150 tores
646 2112 659 2149 :
696 2117 723 2145 ιι
759 2096 1021 2164 Domine,
1056 2112 1225 2153 serva
1252 2115 1285 2152 a
1320 2103 1376 2153 te
1407 2099 1754 2155 coronatos!
1792 2120 1820 2149 »
1854 2101 2105 2171 populus

453 2184 544 2239 ter
595 2200 608 2239 :
661 2206 691 2235 ιι
745 2185 987 2241 Domine
1035 2200 1201 2242 serva
1234 2184 1247 2240 l
1281 2208 1310 2237 »
1359 2187 1636 2244 Cantores
1687 2205 1701 2244 :
1755 2209 1785 2239 «
1834 2188 2098 2257 Domine,

450 2288 616 2330 serva
644 2274 880 2331 divitias
910 2275 1360 2347 obsequentium
1396 2274 1409 2330 !
1442 2298 1472 2327 ››
1496 2277 1746 2349 populus
1772 2282 1898 2335 ter;
1933 2300 1962 2329 <<
1988 2279 2102 2337 Do-

452 2361 630 2432 mine,
680 2378 846 2418 serva
877 2362 890 2418 ι
927 2384 957 2413 ››
988 2364 1265 2421 Cantores
1299 2382 1313 2420 :
1347 2386 1377 2415 ιι
1408 2364 1692 2437 lEqualia,
1724 2366 1978 2438 domini,
2011 2384 2103 2424 se-

451 2451 654 2507 natui!
688 2474 717 2502 »
751 2452 1004 2524 populus
1033 2457 1124 2509 ter
1143 2454 1370 2510 eadem.
1402 2456 1680 2511 Cantores
1714 2472 1728 2511 :
1761 2477 1790 2508 «
1823 2457 2104 2514 Victorias

454 2544 684 2596 vestras
741 2541 992 2597 Verbum
1039 2540 1299 2597 divinum
1351 2543 1596 2614 augeat!
1643 2562 1673 2596 ι
1726 2543 1978 2615 populus
2014 2548 2103 2600 ter

457 2630 678 2683 eadem.
701 2628 980 2684 Cantores
1004 2645 1017 2682 :
1043 2651 1070 2679 ιι
1096 2628 1344 2685 Senatus
1368 2646 1465 2685 vos
1488 2630 1845 2686 unanimiter
1865 2636 2053 2700 amat;
2071 2652 2101 2683 ››

450 2714 703 2788 populus
728 2721 812 2772 ter
843 2733 857 2773 :
893 2738 923 2767 «
954 2722 1182 2774 Sancte.
1222 2739 1243 2767 ι
1279 2718 1594 2775 Cantores:
1628 2740 1657 2769 ιι
1692 2719 1963 2791 Ᾱξιίιιαιίθ.
1990 2720 2103 2777 vic-

448 2804 611 2860 torias
659 2809 860 2862 vestrae
900 2811 1102 2863 contra
1133 2806 1435 2875 barbaros,
1469 2808 1697 2865 domini
1733 2808 1745 2864 ι
1784 2830 1814 2858 ››
1846 2809 2099 2881 populus

450 2898 539 2950 ter
566 2892 769 2950 eodem
803 2895 1015 2962 modo;
1065 2894 1292 2952 Prasini
1327 2913 1340 2952 :
1375 2916 1401 2949 ι
1433 2896 1670 2953 Sancte.
1705 2919 1736 2947 ››
1761 2896 2043 2956 Cantores
2080 2917 2094 2957 :

447 3005 477 3036 ιι
527 2983 855 3040 Adversarli
900 2984 1078 3041 vestri
1122 2985 1319 3041 divino
1357 2986 1582 3055 judicio
1615 2993 1891 3059 pereant;
1926 3010 1954 3040 »
1989 3005 2095 3060 po-

445 3071 617 3143 pulus
645 3078 735 3129 ter
766 3089 780 3127 :
814 3094 843 3123 «
874 3074 1114 3139 Sancte;
1152 3094 1180 3122 »
1212 3074 1442 3130 Prasin!
1474 3092 1488 3130 :
1521 3096 1550 3125 ιι
1583 3074 1827 3130 Sancte!
1863 3097 1892 3126 ››
1946 3076 2094 3131 Can-

448 3168 643 3217 tores:
679 3183 709 3213 ιι
735 3162 999 3234 Equalia
1027 3161 1397 3233 exercitibus,
1431 3163 1678 3235 domini,
1711 3164 1979 3220 eveniant
2013 3165 2026 3223 ι
2064 3186 2093 3217 ››

3260 1913 3442 1988 Κύριε,
3475 1914 3687 1970 σῶσονί
3738 1939 3767 1967 ››
3802 1918 3863 1969 Οἱ

2216 2001 2441 2076 κράκται
2470 2020 2483 2033 ο
2518 2024 2547 2051 ι(
2577 1999 2767 2072 Κύριε,
2800 2004 2970 2056 σῶσον
3002 1999 3127 2064 τοὺς
3166 2000 3227 2057 ἐκ
3268 2005 3365 2056 σοῦ
3407 2002 3806 2076 ἐστεμμένουςί
3834 2028 3862 2056 »

2214 2090 2243 2145 δ
2283 2087 2414 2152 λαὸς
2447 2089 2507 2145 ἐκ
2535 2096 2583 2165 γ’
2607 2111 2621 2122 ο
2654 2113 2684 2142 ιι
2732 2089 2914 2166 Κύριε,
2952 2092 3162 2147 σῶσονί
3200 2112 3223 2143 ν
3259 2092 3326 2148 Οἱ
3376 2089 3601 2167 κράκται
3626 2111 3642 2125 ⁸
3683 2116 3716 2144 ιι
3748 2091 3859 2150 Κό-

2215 2199 2319 2255 ριε,
2349 2184 2523 2236 σῶσον
2562 2181 2626 2236 τὸ
2655 2178 2896 2244 πλοῦτος
2921 2182 2968 2217 “
2994 2184 3102 2235 τῶν
3140 2181 3396 2251 ὑπηκόων
3425 2183 3437 2238 l
3481 2204 3510 2234 »
3542 2182 3571 2236 6
3622 2182 3755 2244 λαὸς
3803 2182 3858 2238 ἐκ

2211 2273 2258 2348 γ’
2281 2292 2293 2305 ⁸
2331 2295 2360 2325 ιι
2391 2272 2579 2348 Κύριε,
2606 2273 2816 2330 σῶσονι
2854 2295 2882 2323 ››
2932 2272 2995 2327 Οἱ
3038 2271 3265 2346 κράκται
3293 2291 3306 2304 ⁸
3341 2295 3370 2324 ιι
3408 2271 3487 2327 Τὰ
3517 2270 3629 2342 ἴσα,
3661 2269 3858 2328 δεσπό-

2210 2384 2321 2430 ται,
2352 2362 2420 2418 τδ.
2465 2368 2565 2433 τῆς
2615 2361 2957 2439 συγκλήτουί
3000 2385 3030 2414 ››
3090 2363 3118 2417 6
3159 2361 3291 2425 λαὸς
3324 2362 3534 2436 ὁμοίως
3579 2362 3641 2419 ἐκ
3683 2364 3752 2440 γ’.
3795 2365 3858 2421 Οἱ

2210 2452 2438 2527 κράκται
2464 2472 2477 2485 ·
2512 2475 2540 2505 ιι
2562 2453 2670 2515 Τὰς
2700 2450 2854 2513 νίκας
2886 2451 3037 2526 ὑμῶν
3066 2449 3329 2522 πληθύνει
3360 2453 3389 2508 6
3418 2454 3562 2517 θεῖος
3592 2453 3773 2521 Λόγυς
3792 2472 3803 2484 ·
3830 2476 3857 2503 ιι

2211 2541 2240 2595 6
2272 2538 2404 2602 λαὸς
2446 2541 2506 2597 ἐκ
2549 2541 2597 2617 γ’
2635 2541 2868 2614 ὁμοίως.
2927 2540 2994 2598 Οἱ
3042 2541 3310 2615 κράκταν
3355 2564 3384 2594 ιι
3432 2542 3495 2598 Ἠ
3547 2540 3856 2618 σύγκλητος

2210 2628 2362 2706 φιλεῖ
2403 2629 2545 2703 ὑμᾶς
2599 2627 2652 2684 ἐν
2699 2628 2965 2702 ὁμονοίᾳσ
3014 2653 3042 2682 ιι
3074 2631 3102 2684 6
3152 2628 3286 2693 λαὸς
3316 2628 3376 2685 ἐκ
3417 2636 3501 2705 γ“⁸
3536 2653 3565 2682 ιι
3606 2631 3792 2706 Ἀγιε.
3826 2656 3851 2681 η

2208 2717 2273 2773 Οἱ
2304 2718 2570 2793 κράκται⁸
2608 2742 2637 2770 ιι
2688 2719 2769 2776 Τὰ
2823 2715 2935 2787 ἴσα,
2996 2716 3269 2788 δεσπόται,
3326 2725 3428 2788 τῆς
3480 2718 3640 2790 νίκης
3704 2719 3854 2792 ὑμῶν

2206 2805 2344 2861 κατὰ
2378 2799 2666 2881 βαρϐάρων
2695 2806 2708 2861 ί
2741 2828 2770 2857 ιι
2804 2805 2833 2860 6
2883 2803 3016 2868 λαὸς
3073 2804 3133 2860 ἐκ
3177 2805 3223 2879 γ’
3250 2806 3462 2878 ὁμοίως
3485 2824 3498 2839 ο
3533 2830 3561 2858 ιι
3594 2807 3753 2879 ’Ἀγιε
3774 2823 3789 2836 ⁸
3821 2828 3848 2858 ι»

2207 2894 2259 2948 οἱ
2308 2897 2603 2966 Πράσινοι⁸
2646 2917 2677 2947 ιι
2710 2895 2887 2968 "Avis.
2950 2917 2978 2945 »
3037 2894 3107 2952 Οἱ
3148 2893 3413 2968 κράκται·
3448 2915 3480 2949 α
3536 2895 3607 2952 Οἱ
3664 2892 3854 2969 έχθροὶ

2207 2983 2359 3055 ὑμῶν
2389 2981 2718 3038 ἀπολοῦνται
2742 2981 3062 3056 θεοκρίτως·
3085 3006 3114 3035 ››
3145 2984 3174 3038 6
3209 2981 3340 3045 λαὸς
3373 2982 3435 3038 ἐκ
3450 2990 3495 3058 γ’
3514 3001 3528 3016 ⁸
3563 3007 3591 3035 ((
3613 2984 3802 3060 ’Ἂγιεί
3828 3006 3856 3034 η

2203 3073 2272 3130 Οἱ
2302 3072 2557 3147 Πράσινοι
2583 3089 2597 3105 ·
2650 3095 2678 3123 ιι
2710 3072 2901 3146 ’Ἀγιεί
2938 3094 2967 3123 ››
2999 3072 3066 3128 Οἱ
3117 3071 3345 3145 κράκται
3373 3091 3387 3105 ο
3425 3096 3448 3124 ι
3494 3072 3576 3130 Τᾶ
3624 3069 3738 3141 ἴσα,
3767 3069 3853 3126 δε-

2205 3161 2421 3229 σπόται,
2452 3164 2562 3215 τῶν
2601 3156 2978 3235 στρατοπέδων
3005 3161 3017 3216 !
3051 3183 3080 3212 »
3113 3160 3140 3215 6
3171 3157 3302 3222 λαὸς
3344 3157 3403 3214 ἐκ
3429 3161 3494 3236 γ’·
3538 3184 3567 3212 ιι
3598 3162 3763 3238 ’Άγιε
3788 3161 3801 3216 ί
3827 3184 3855 3212 ι)

454 3249 706 3320 populus
754 3228 840 3305 ter
873 3265 887 3304 :
939 3271 968 3299 «
1003 3250 1211 3305 Sancte
1241 3250 1253 3305 l
1313 3271 1343 3300 »
1382 3228 1612 3307 Drasini
1718 3272 1745 3302 ιι
1777 3254 1987 3309 Sancte
2019 3253 2031 3307 l
2068 3275 2098 3305 ››

2212 3253 2275 3310 Οἱ
2307 3249 2565 3327 Πράσινοι
2587 3269 2600 3283 ⁸
2637 3228 2889 3324 ιι’⁹Ἀγιεί
2923 3272 2952 3301 ››
2984 3249 3048 3304 Οἱ
3094 3249 3322 3325 κράκται
3346 3268 3358 3281 ο
3395 3228 3576 3307 (Καὶ
3619 3228 3714 3304 σὺν
3764 3249 3862 3305 αὗ-

449 3337 728 3394 Cantores
756 3354 777 3393 :
814 3358 842 3392 ιι
868 3335 1118 3404 Similia,
1149 3337 1394 3407 domini,
1419 3337 1635 3410 populo
1666 3339 1896 3396 vestro!
1929 3363 1959 3391 ››
1991 3358 2100 3414 po-

448 3426 622 3499 pulus
677 3430 769 3482 ter
801 3444 815 3483 :
859 3446 886 3478 ι
926 3427 1175 3481 Sancte!
1215 3445 1243 3477 ι
1280 3426 1556 3484 Cantores
1589 3443 1602 3482 :
1636 3449 1666 3480 «
1697 3429 1868 3485 Abite
1896 3434 1952 3486 et
1984 3430 2091 3487 do-

449 3514 625 3572 minis
678 3514 886 3571 vestris
917 3516 1112 3572 fuusta
1141 3516 1539 3588 apprecamini
1567 3516 1580 3573 l
1614 3538 1644 3569 »
1677 3516 1927 3590 populus
1954 3525 2042 3577 ter
2073 3537 2088 3578 :

455 3626 483 3656 «
515 3604 721 3662 Sancte
753 3603 768 3660 ί
803 3626 834 3655 »

517 3784 591 3841 II.
635 3786 955 3858 Postquam
987 3800 1122 3844 vero
1152 3787 1346 3844 felicia
1384 3788 1582 3845 omnia
1601 3788 1852 3846 dominis
1879 3806 2091 3864 appre-

443 3874 559 3930 cati
588 3882 743 3942 sunt,
775 3892 1012 3932 currum
1051 3877 1262 3947 aurigis
1290 3878 1710 3948 conscendunt,
1742 3882 1801 3935 et
1829 3885 2093 3936 cantores

441 3978 579 4019 voce
606 3964 903 4021 modulata
921 3966 1128 4022 dicunt
1159 3981 1174 4021 :
1208 3986 1237 4016 «
1270 3965 1509 4035 Multos,
1533 3968 1772 4034 multos,
1795 3968 2014 4024 multos
2037 3986 2090 4037 ;››

444 4050 731 4123 populus:
766 4073 795 4103 ιι
827 4052 1039 4110 Multos
1062 4069 1250 4109 annos
1279 4054 1342 4108 in
1366 4053 1585 4109 multos
1611 4054 1624 4109 ι
1654 4076 1684 4104 ››
1708 4054 1955 4111 Posthac
1978 4056 2094 4111 sal-

442 4141 719 4196 tatorium
765 4141 1052 4213 hymnum
1099 4140 1224 4196 toni
1254 4141 1326 4194 IV
1357 4145 1581 4196 canunt
1626 4157 1640 4197 :
1694 4163 1717 4194 ι
1751 4141 1947 4198 Gloria
1977 4145 2092 4201 Deo

445 4235 674 4297 nostro,
706 4231 866 4302 quod
897 4232 978 4285 ita
1007 4230 1228 4301 placuit
1251 4228 1422 4286 unico
1453 4231 1719 4288 omnium
1750 4232 2006 4290 Creatori
2038 4241 2096 4292 et

449 4318 855 4374 misericordias
901 4319 1176 4390 chorago,
1208 4319 1645 4376 sanctiﬁcemus
1683 4320 1871 4393 labra,
1926 4324 2093 4381 vobis

448 4407 860 4473 acclamantes,
894 4406 1132 4462 maximi
1161 4406 1427 4477 benefici,
1469 4409 1846 4482 imperalares
1878 4411 2090 4467 Roma-

2207 3344 2323 3403 τοῖς
2369 3341 2399 3394 ὁ
2438 3339 2570 3401 Θεὸς
2648 3339 2787 3410 ὑμᾶς
2864 3339 3223 3412 συνεργήσειί
3279 3361 3308 3389 ››
3366 3338 3395 3392 6
3444 3334 3578 3400 λαὸς
3653 3338 3716 3393 ἐκ
3775 3340 3855 3415 γύ

2206 3455 2234 3482 ιι
2259 3430 2418 3503 “Ayz:
2445 3429 2457 3484 !
2492 3451 2521 3479 »
2554 3427 2606 3483 οἱ
2639 3426 2898 3502 Πράσινοι
2922 3447 2935 3461 ’
2970 3451 2997 3478 ιι
3032 3427 3224 3499 ’Ἁγιεί
3264 3448 3292 3476 n
3322 3427 3390 3484 Οἱ
3421 3427 3648 3503 κράκται
3672 3443 3687 3458 ⁸
3726 3450 3749 3479 ιι
3782 3428 3862 3484 Τὰ

2202 3517 2314 3590 ἴσα,
2348 3515 2627 3584 δεσπόται,
2684 3519 2781 3571 τοῦ
2840 3514 2977 3571 λαοῦ
3035 3515 3225 3584 ὑμῶνί
3278 3538 3307 3567 ››
3375 3516 3403 3570 6
3471 3515 3604 3578 λαὸς
3658 3513 3720 3570 ἐκ
3768 3516 3853 3590 γ’·

2205 3631 2229 3662 ι
2271 3609 2453 3683 "Avis.
2487 3629 2517 3658 »
2558 3606 2625 3663 Οἱ
2656 3605 2884 3680 κράκται
2919 3621 2933 3634 ⁸
2965 3625 3001 3658 κ
3030 3601 3400 3668 Ἀπέλθατε⁸⁵
3429 3603 3518 3660 καὶ
3561 3600 3785 3674 εὔξασθε
3811 3606 3856 3642 ⁸⁸

2198 3695 2329 3759 τοὺς
2360 3692 2534 3756 ἰδίους
2565 3690 2828 3755 δεσπότας
2853 3712 2868 3725 ⁸
2905 3715 2934 3743 ι)
2963 3693 2992 3747 ὁ
3023 3691 3157 3756 λαὸς
3189 3691 3251 3748 ἐκ
3276 3700 3341 3770 γ’·
3376 3717 3406 3746 ιι
3445 3694 3639 3767 Ἅγιεί
3678 3718 3700 3743 ι

2270 3788 2349 3845 Β“.
2411 3786 2514 3842 Καὶ
2579 3783 2717 3858 μετά
2771 3784 2833 3839 τὸ
2899 3783 3371 3859 ἀπευχαριστῆσαι
3425 3781 3553 3846 τοὺς
3594 3781 3859 3847 δεσπότας

2201 3870 2581 3932 ἀναϐαίνουσιν
2631 3874 2684 3928 οἱ
2733 3874 2955 3951 ἡνίοχοι
3000 3871 3078 3936 εἷς
3113 3873 3176 3928 τὸ
3215 3868 3432 3952 ὄχημα,
3471 3872 3561 3928 καὶ
3601 3872 3855 3949 λέγουσιν

2202 3966 2255 4020 οἱ
2284 3965 2511 4039 κράκται
2541 3962 2650 4018 απὸ
2689 3963 2937 4038 φθογγῆς
2964 3980 2978 3995 ⁸
3008 3983 3040 4017 ιι
3072 3959 3285 4032 Πολλὰ,
3316 3959 3526 4030 πολλὰ,
3558 3960 3751 4017 πολλά
3778 3964 3791 4019 !
3826 3988 3855 4015 ››

2201 4053 2230 4107 6
2264 4053 2431 4114 λαός·
2466 4075 2495 4104 ιι
2541 4048 2734 4106 Πολλὰ
2770 4044 2864 4119 ἔτη
2918 4048 2997 4113 εἷς
3046 4046 3271 4105 πολλάί
3323 4072 3351 4102 ››
3403 4049 3502 4104 Καὶ
3551 4048 3651 4104 εἶθ’
3683 4047 3857 4112 οὕτως

2202 4141 2428 4215 λέγουσι
2460 4140 2552 4195 τὸν
2584 4138 2905 4216 χορευτικὸν
2940 4134 3044 4216 ἤχ.
3078 4135 3149 4193 δ’·
3179 4161 3208 4190 ιι
3241 4133 3379 4207 Δόξα
3404 4141 3485 4209 τῷ
3513 4143 3634 4210 Θεῷ
3662 4140 3852 4212 ἡμῶν,

2202 4232 2286 4287 ὅτι
2318 4226 2628 4300 δεδόξασται
2672 4229 2825 4301 (51)·
2863 4226 3016 4299 μόνῳ
3062 4231 3142 4298 τῷ
3179 4230 3386 4301 ποιητῇ
3433 4230 3542 4283 τῶν
3596 4227 3851 4284 ἁπάντων

2198 4321 2287 4377 καὶ
2321 4321 2560 4398 χορηγῷ
2587 4320 2689 4371 τοῦ
2728 4313 2915 4377 ἐλέους
2945 4317 2989 4351 ⁸⁷
3021 4315 3332 4390 ἁγιάζωμεν
3380 4315 3447 4371 τὰ
3486 4314 3683 4395 χείλη,
3717 4317 3857 4391 ὑμᾶς

2198 4409 2678 4487 ἀνευφημοῦντες,
2736 4403 2986 4483 μέγιστοι
3071 4403 3385 4481 εὐεργέται,
3459 4404 3859 4481 αὐτοκράτορες

1795 4537 1883 4595 VA
1892 4536 2032 4594 RIIE
2081 4534 2490 4595 LECTIONES.

519 4643 570 4679 ⁸⁴
588 4643 653 4699 τὸ
690 4642 930 4706 πλοῦτος
964 4646 1113 4712 cod.,
1134 4645 1226 4701 τὸν
1262 4643 1500 4702 πλοῦτον
1528 4647 1621 4705 ed.
1695 4646 1745 4682 ⁸⁵
1774 4645 2037 4712 ἀπέλθετε
2065 4648 2158 4706 ed.
2235 4646 2283 4684 οδ
2314 4642 2565 4715 εὔξασθαι
2587 4645 2714 4702 cod.
2791 4644 2836 4680 ⁸⁷
2863 4640 3080 4705 έλαίους
3102 4643 3227 4700 cod.

1473 4764 1679 4823 JOAN.
1728 4764 1875 4822 JAC.
1928 4765 2198 4823 REISKII
2235 4762 2822 4821 COMMENTARIUS.
3696 4826 3699 4829 _

448 4853 635 4930 g‘tcﬁév
694 4873 754 4930 τε
796 4855 911 4930 τῆς.
946 4849 1171 4930 αθλείου
1210 4851 1397 4930 θύρας,
1429 4854 1640 4930 νύγτῳρ
1674 4854 1925 4930 ὀχήματι
1951 4856 2099 4930 ⁸ἐθττι-
2132 4860 2178 4925 D
2211 4855 2492 4930 tiones,»_ut
2518 4854 2713 4930 quinos
2741 4867 2934 4930 aureos
2965 4853 3162 4909 scenici
3189 4861 3523 4930 acciperent,
3544 4854 3625 4909 ita
3654 4862 3856 4930 (amen,

447 4923 626 4987 θέντες
706 4924 782 4987 εἰς
860 4925 925 4980 τὸ
993 4923 1290 4999 Ἀριστεῖον
1351 4923 1884 4999 ἀπέπεμψαν.”οιιο
1950 4926 2100 4998 loco,

444 5005 507 5054 ut
536 4999 635 5054 alii
676 4999 794 5054 alia
841 4998 1158 5071 commenti
1190 5004 1328 5071 sunt
1372 4998 1444 5052 de
1490 4998 1629 5055 voce
1660 4998 1980 5071 ’Δριστεῖον,
2022 4999 2102 5055 ita

443 5086 551 5143 ego
583 5085 820 5143 quoque
849 5068 1167 5143 aliquando
1197 5065 1567 5143 ’,Αδραστεῖίοῃ
1613 5065 1878 5140 templum
1905 5065 2102 5143 Nerua-

442 5138 1063 5215 se'os,_conjicieb§m.
1113 5140 1248 5215 Sed,
1297 5138 1363 5195 ut
1414 5138 1814 5215 dirxi,__pol:est_
1863 5140 1928 5195 τὸ
1984 5139 2105 5215 api-

444 5217 621 5266 στεῖον
646 5209 905 5268 ιιιίὺύηιιι
932 5212 1140 5279 fuisse,
1157 5211 1219 5267 in
1238 5227 1354 5282 quo
1375 5209 1697 5266 victoribus
1720 5211 1988 5269 ludorum
2002 5209 2102 5266 τά-

442 5283 705 5357 ἀριστεῖαΑ
717 5284 787 5338 tri
798 5283 1096 5357 buebantu
1107 5300 1154 5339 r.

512 5356 621 5424 (50)
681 5355 775 5411 So.
825 5352 1164 5427 νομίσματα,
1215 5352 1537 5425 ﬂagitamus
1587 5352 1791 5427 Uconio
1836 5355 1954 5427 tria
1992 5370 2101 5408 nu-

437 5429 721 5495 mismata,
756 5442 859 5482 seu
897 5424 1139 5483 solidos
1186 5424 1418 5493 aureos,
1473 5424 1777 5491 praemium
1815 5425 2100 5495 circensis

437 5491 893 5570 victorim'ﬁari,
939 5514 991 5553 v.
1058 5516 1134 5570 p.7
1180 5497 1282 5570 195
1335 5491 1413 5570 et
1451 5496 1559 5550 209
1616 5495 1715 5550 ubi
1743 5494 1841 5570 ⁸ιιτᾶι
1891 5491 2010 5570 δύο,
2048 5501 2107 5552 et

437 5564 502 5617 τὸ
558 5564 639 5622 ἓν.
704 5567 857 5624 Olim
917 5564 1161 5634 scenici,
1221 5568 1525 5639 ﬂagitante
1583 5565 1821 5639 populo,
1878 5568 2106 5639 quinos

443 5649 652 5710 aureos
700 5638 1085 5710 accipiebant.
1139 5636 1334 5696 Julius
1382 5636 1754 5710 Capitolinus
1782 5638 1843 5693 in
1875 5636 1959 5710 M.
1987 5645 2105 5695 An-

435 5703 641 5763 tonino
680 5722 739 5778 p.
792 5703 921 5781 322,
992 5712 1074 5766 ait
1110 5725 1242 5766 cum
1274 5703 1611 5781 temperan:
1647 5711 1897 5767 scenica:
1929 5709 2105 5768 dona-

2209 4934 2275 4983 αι
2317 4924 2729 4982 nullus‘editor
2785 4924 2967 4981 decem
3008 4939 3204 4980 aureo:
3233 4924 3627 4994 egrederetur:
3658 4925 3856 4982 idem-

2212 5015 2325 5069 que
2362 5002 2534 5053 antea
2560 4997 2701 5069 ijam
2750 4995 3072 5061 obtinebat,
3113 5000 3177 5069 ut
3214 5012 3246 5051 e
3285 4995 3564 5069 Suetonio
3608 5001 3858 5069 constat,

2252 5069 2308 5125 ui
2363 5070 2435 5125 de
2473 5066 2654 5125 Galba
2696 5071 2913 5136 narrat,
2953 5082 3089 5122 eum
3128 5067 3406 5122 choraqu
3441 5068 3588 5122 mire
3614 5066 3862 5139 placenti

2252 5087 2308 5125 Ill
2363 5087 2435 5125 αθ
2473 5087 2654 5125 υιιιῠα
2696 5087 2913 5136 narrat,
2953 5087 3089 5122 eum
3128 5087 3406 5122 cuorauiw
3441 5087 3588 5122 mare
3614 5087 3860 5139 placem:

2209 5087 2472 5198 generi“
2510 5139 2756 5211 quinque
2783 5139 3039 5207 donasse,
3063 5141 3315 5211 prolatos
3358 5153 3530 5211 manu
3566 5153 3670 5211 sua
3698 5154 3730 5195 ε
3758 5155 3860 5211 pe-

2208 5208 2539 5269 culiaribui
2585 5208 2779 5265 (oculis
2833 5210 2988 5266 suis:
3022 5209 3119 5265 ubi
3166 5208 3278 5264 loci
3327 5209 3558 5264 videtur
3594 5208 3864 5266 denarius

2210 5285 2369 5340 idem
2400 5281 2750 5355 signiﬁcare,
2770 5282 2922 5355 quod
2954 5281 3228 5355 deinceps
3258 5278 3631 5350 signiﬁcavit,
3651 5296 3865 5353 nempe

2208 5351 2510 5411 nummum
2525 5351 2866 5419 aureum,ut
2881 5351 3164 5408 drachma
3178 5365 3484 5406 nummum
3500 5351 3863 5419 argenteum.

2213 5427 2323 5482 Sed
2356 5424 2715 5481 diminutum
2770 5422 3046 5491 deinceps
3089 5421 3200 5477 hoc
3259 5421 3509 5492 prelium
3560 5421 3672 5478 fuit
3722 5424 3867 5479 forte

2212 5501 2347 5567 post
2376 5494 2776 5550 Alexandrum
2808 5494 3113 5567 Severum,
3136 5508 3309 5564 quem
3329 5565 3335 5567 Α
3357 5492 3735 5567 Lampridius
3767 5498 3810 5553 t.
3843 5495 3862 5549 Ι

2214 5564 2425 5636 Script.
2460 5567 2609 5637 Hist.
2649 5571 2799 5636 Aug.
2833 5582 2890 5637 p.
2922 5564 3147 5637 9397ait
3184 5565 3417 5637 scenici:
3443 5578 3737 5637 nunquam
3761 5580 3859 5620 ar-

2212 5631 2457 5710 gentum,
2513 5636 2610 5710 vix
2652 5631 2955 5709 pecuniam
3012 5635 3145 5707 [hoc
3192 5640 3283 5692 est
3313 5631 3511 5709 κέρμα,
3553 5631 3863 5693 minutum

2213 5707 2337 5783 sas],
2366 5707 2673 5767 domuisse.
