4136 6302
202 367 315 428 609

1066 368 1167 428 DE
1209 366 1673 431 CERIMONIIS
1717 366 1953 431 ΑΠΙιιΕ
1994 367 2475 434 ΒΥΖΑΝΤΙΝιΕ
2514 373 2663 435 LIB.
2708 373 2757 435 Ι.

3489 385 3607 445 610

203 497 520 572 Ῥωμαίων.
575 496 830 570 Ἀληθῶς
876 498 980 574 γὰρ
1035 495 1087 553 ἰν
1148 497 1277 571 ὑμῖν
1309 498 1360 553 οἱ
1391 498 1732 562 πιστεύοντες
1785 498 1893 570 τὰ,

1965 517 2197 559 norum.
2229 507 2377 561 Vere
2407 506 2561 563 enim
2594 506 2654 562 in
2689 506 2852 563 vobis
2882 508 3190 567 credentes
3219 510 3367 570 bona
3408 516 3609 572 omnia

205 587 375 663 ἁγαθᾶ
402 589 739 663 καθορῶσιν.
783 610 812 639 ν
858 585 1070 650 ’Δλλος
1108 587 1173 624 ³⁸·
1227 610 1255 639 ‹‹
1298 586 1397 649 Τίς
1445 585 1603 666 ἔσχεν
1635 586 1853 667 εὔεργὲ-

203 699 312 746 τας,
370 677 747 756 ἂγαθοποιοῦς
803 677 1108 748 τοιούτους,
1177 674 1546 752 φυλάττοντας
1600 683 1733 733 πᾶσι
1788 678 1851 733 τὸ

206 765 407 822 δίκαιον
459 767 776 842 ἀνθρώποις
824 766 915 822 καὶ
963 765 1338 842 ἀνεγείραντας
1404 765 1640 824 Βενὲτων
1698 766 1854 822 εὐτυ-

208 857 328 930 χίαν
351 875 365 923 ;
401 851 589 920 Δαϐἰὸ
616 858 662 894 ⁸⁸
690 856 750 911 σε
777 849 1003 930 ἔχομεν,
1031 857 1369 932 ἡγαπημὲνε,
1404 856 1466 910 οὗ
1496 854 1604 934 οὐχ
1633 857 1852 930 εὑρήσει

205 947 290 1001 τὸν
333 944 538 1018 ὅμοιόν
592 966 686 1002 σου
738 945 871 1017 μετὰ
917 944 975 999 σε
1020 946 1055 1014 ἡ
1095 942 1368 1003 πολιτεία.
1404 968 1432 996 ι)
1462 943 1695 1006 ’Ἄλλος
1730 967 1758 996 ‹‹
1788 944 1851 1001 Ἦ

208 1036 349 1110 χαρᾶ
377 1035 455 1098 εἷς
483 1035 551 1090 τὸ
587 1036 807 1091 Βὲνετον
837 1032 1161 1107 ἑπιλαμπει,
1192 1034 1282 1088 ’ὀτε
1321 1031 1605 1089 ἀνατέλλει
1631 1033 1696 1088 τὸ
1727 1034 1851 1088 θεο-

207 1119 524 1200 πρόὸλητον
559 1120 737 1193 ἄνθος,
771 1123 846 1185 ὡς
898 1120 1131 1184 οἰκείους
1174 1121 1511 1197 περιθάλπον
1549 1120 1674 1185 τοὺς
1706 1123 1857 1179 Βενὲ-

207 1232 344 1276 τους’
395 1217 569 1270 τοῦτο
625 1213 727 1289 γὰρ
785 1212 1044 1283 κέκτηται
1098 1214 1133 1280 ἡ
1191 1211 1445 1268 πολιτεία
1475 1211 1551 1273 εἰς
1595 1211 1850 1287 εὺτυχίαν

207 1305 289 1359 ni
336 1301 495 1375 δόξαν
546 1309 648 1373 τῆς
701 1298 997 1376 βασιλείας,
1051 1324 1079 1353 ››
1136 1298 1369 1364 Ἀλλος·
1422 1325 1452 1354 ιι
1498 1303 1629 1358 “Οτε
1674 1305 1794 1372 νικᾷ
1825 1303 1853 1356 6

209 1391 377 1468 δῆμος
404 1394 593 1463 οὗτος,
635 1393 664 1447 6
700 1389 953 1465 βασιλεὺς
999 1389 1052 1445 ἐν
1096 1389 1366 1464 πολέμοις
1411 1390 1502 1446 σὺν
1531 1395 1612 1464 τῷ
1642 1395 1855 1466 στρατῷ

206 1483 416 1559 εὔτυχεῖ
451 1486 578 1545 ταῖς
608 1481 803 1552 νίκαις,
833 1481 922 1536 καὶ
972 1478 1027 1535 ἐν
1063 1482 1133 1554 τῇ
1163 1478 1324 1535 πόλει
1363 1480 1648 1553 Ῥωμαίων
1691 1481 1856 1554 ὑπερ-

144 1564 149 1569 ’
210 1572 343 1642 αὔξει
372 1573 409 1640 ἡ
439 1568 688 1641 εθθηνία.
726 1568 794 1627 9°.
847 1569 939 1623 Διὸ
986 1567 1242 1640 αἰτοῦμεν
1297 1568 1362 1624 τὸ
1418 1573 1593 1639 Θεῖον,
1626 1569 1701 1630 εἰς
1726 1567 1856 1633 τοὺς

210 1663 398 1723 αἰῶνας
429 1657 581 1735 ἔχειν
607 1662 726 1721 τοῖς
753 1656 1000 1720 Βενέτοις
1027 1658 1074 1693 9³
1103 1656 1254 1718 νίκας
1283 1657 1369 1712 καὶ
1396 1654 1574 1729 δόξαν.
1608 1680 1638 1710 ››

1962 593 2349 664 conspiciunt.
2384 595 2588 652 »188
2630 595 2795 653 Alius
2828 612 2842 651 :
2882 616 2905 646 ι
2951 598 3094 663 Quis
3125 603 3245 656 tam
3287 601 3607 661 clementes

1963 684 2019 736 et
2045 681 2328 740 beneﬁcos
2355 685 2626 741 dominos
2645 701 2905 757 unquam
2936 686 3161 755 habuit,
3195 690 3296 762 qui
3329 693 3607 749 omnibus

1962 768 2298 827 hominibus
2318 773 2610 844 justitiam
2642 781 2946 833 servarunt
2981 777 3452 854 Venetorumque
3477 782 3606 839 feli-

1963 859 2195 914 citatem
2229 867 2644 932 promoverunt
2669 864 2698 919 ‘2
2735 865 2833 935 Te,
2861 866 3091 933 dilecte,
3116 869 3392 927 Davidem
3425 872 3605 930 habe-

1962 960 2119 1016 mus,
2148 949 2239 1003 cui
2270 954 2401 1020 post
2457 958 2508 1006 te
2540 966 2737 1021 parem
2766 954 3092 1026 respublica
3122 974 3235 1013 non
3267 958 3539 1018 inveniet.
3575 983 3605 1012 »

1962 1034 2126 1091 Alius
2174 1051 2190 1091 :
2249 1058 2279 1086 «
2328 1037 2619 1094 Gaudium
2702 1058 2876 1113 super
2930 1044 3180 1103 Venetos
3250 1048 3606 1120 resplendet,

1965 1124 2198 1193 quando
2220 1123 2327 1181 ﬂos
2357 1142 2389 1180 a
2419 1127 2532 1183 Deo
2562 1135 2863 1199 promotus
2893 1134 3168 1201 exoritur,
3187 1151 3370 1209 eoque
3399 1139 3606 1195 Veneti

1964 1216 2031 1267 ut
2060 1212 2211 1269 servi
2242 1212 2620 1271 incalescunt.
2648 1222 2768 1273 Hoc
2787 1219 2942 1275 enim
2972 1223 3305 1294 respublica
3334 1226 3409 1282 ad
3434 1228 3609 1285 felici-

1963 1303 2143 1357 tatem
2202 1306 2260 1360 et
2314 1303 2557 1375 gloriam
2615 1305 2845 1377 imperii
2921 1315 3093 1366 nacta
3140 1317 3249 1368 est.
3281 1335 3311 1365 »
3369 1316 3535 1374 Alius
3589 1332 3605 1373 :

1971 1410 1999 1442 α
2026 1390 2269 1455 Quando
2301 1391 2396 1448 hic
2428 1392 2674 1465 populus
2693 1395 2959 1466 superior
2985 1402 3094 1466 est,
3126 1398 3440 1472 imperator
3468 1422 3603 1463 cum

1962 1479 2215 1536 exercitu
2247 1497 2278 1536 e
2309 1480 2476 1538 bellis
2531 1482 2724 1539 laetam
2766 1484 3058 1546 victoriam
3101 1498 3368 1560 reportat,
3428 1493 3609 1565 inque

1963 1571 2104 1627 urbe
2134 1571 2397 1628 Romana
2410 1573 2773 1630 abundantia
2795 1580 3046 1647 augetur
3072 1583 3130 1634 et
3158 1578 3384 1636 crescit.
3416 1584 3609 1647 Quare

1962 1663 2147 1718 Deum
2196 1676 2520 1732 precamur,
2554 1667 2616 1719 ut
2665 1663 2726 1719 in
2758 1666 2972 1723 saecula
3025 1667 3260 1726 Venetis
3301 1670 3604 1730 victoriam

1962 1748 2328 1822 gloriamque
2347 1752 2645 1808 concedat.
2677 1774 2708 1804 ››

276 1841 346 1898 Ι”.
378 1838 601 1909 Ἰστὲον,
658 1837 740 1894 ὅτι
796 1836 904 1895 ἀπὸ
949 1841 1057 1939 τοῦ.
1094 1834 1344 1910 δευτέρου
1398 1837 1555 1939 βαΐου
1595 1835 1846 1915 λεγουσιν
1883 1872 1893 1938 ]

2037 1838 2133 1895 ΙΙΙ.
2181 1839 2494 1939 Sciendum
2525 1844 2634 1907 est,
2675 1843 2945 1899 secundm
2978 1844 3180 1916 palmae
3211 1852 3478 1906 cantores
3523 1851 3608 1907 di-

213 1932 261 1986 οἱ
311 1930 563 2004 κράκται·
616 1953 645 1981 ‹‹

214 2021 336 2082 λαὸς
361 2018 574 2094 ὁμοίως
604 2016 666 2075 ἐκ
701 2018 770 2094 γ’.
802 2017 872 2076 Οἱ
918 2016 1169 2091 κράκταιο
1223 2039 1252 2070 ‹‹
1280 2020 1396 2071 Τῶν
1441 2015 1786 2093 Αὐγουστῶψ
1822 2038 1850 2068 ››

214 2105 417 2171 ὸλαός·
465 2132 494 2161 ‹‹
527 2111 668 2179 Νικᾷ
712 2108 748 2176 ἡ
801 2104 985 2167 πίστις
1025 2109 1133 2160 τῶν
1184 2103 1529 2181 Αὐγουστῶν.
1564 2129 1593 2158 ››
1625 2105 1692 2163 Οἱ
1720 2105 1852 2179 κρά-

213 2217 348 2254 κται·
380 2222 409 2251 ‹‹
443 2199 560 2267 Τῆς
611 2194 850 2256 πόλεως.
907 2219 930 2249 ι
985 2194 1015 2249 6
1064 2188 1197 2255 λαός
1245 2194 1310 2232 9'3-
1362 2218 1391 2247 ‹‹
1430 2198 1575 2264 Νικᾷ
1604 2196 1638 2264 ἡ
1669 2195 1851 2255 πίστις

212 2293 307 2357 τῆς
366 2285 605 2348 πόλεως.
654 2308 676 2337 ι
731 2285 802 2342 Οἱ
847 2283 1095 2359 κράκται·
1164 2306 1194 2337 ‹‹
1241 2286 1359 2340 Τῶν
1404 2282 1663 2339 Βενὲτων·
1719 2306 1748 2335 ››
1779 2282 1851 2355 (οἱ

217 2378 480 2450 Πρὰσινον
545 2378 709 2431 «τῶν
766 2371 1068 2448 Πρασίνων·
1122 2376 1176 2446 ››)
1225 2372 1253 2427 6
1310 2370 1466 2435 λαός·
1532 2394 1560 2425 ι(
1618 2373 1761 2442 Νικᾷ
1814 2373 1849 2441 ἡ

216 2464 390 2529 πίστις
428 2469 533 2521 τῶν
586 2462 848 2521 Βενέτωνο
882 2485 912 2514 ››
956 2461 1033 2535 (οἱ
1082 2462 1365 2536 Πράσινοι·
1420 2484 1449 2513 ‹‹
1493 2462 1615 2519 Τῶν
1649 2460 1850 2537 Πρασί-

220 2575 345 2613 νων.
378 2558 428 2627 ν)
454 2553 542 2610 καὶ
575 2553 706 2627 μετὰ
749 2555 915 2608 ταῦτα
962 2549 1175 2625 λέγεται
1214 2549 1540 2607 ἆπελατικὸν
1571 2548 1675 2625 ἤχ.
1731 2573 1761 2602 ‹‹
1788 2550 1852 2604 Ἣ

222 2647 317 2699 τοῦ
363 2643 583 2722 στέφους
630 2643 777 2715 ὑμῶν
825 2641 989 2716 ἐορτὴ
1039 2639 1349 2715 ἐλευθερίαν
1397 2638 1589 2714 μηνύει
1618 2639 1726 2694 ἀπὸ
1758 2638 1850 2694 οὖς

236 2733 403 2803 ρανῶν
452 2732 556 2804 (51)
603 2734 718 2791 τοῖς
770 2728 1095 2804 ἀνθρώποις,
1128 2751 1158 2780 ››
1203 2727 1295 2783 καὶ
1336 2728 1403 2782 τὰ
1450 2727 1595 2798 ἑξῆς.
1641 2726 1851 2790 Ἀλλος

702 1931 847 1998 Νικᾷ
900 1928 937 1997 ἡ
994 1925 1171 1989 πίστις
1213 1930 1320 1981 τῶν
1372 1925 1665 2001 βασιλέωνσ
1723 1947 1751 1980 ι
1824 1925 1893 1982 ὁ⁴

1962 1944 2091 1986 cere
2122 1944 2185 1986 τις
2208 1928 2400 1984 Vincit
2437 1928 2583 1986 ﬁdes
2619 1932 3037 2003 imperatorum
3069 1953 3083 2004 ;
3111 1954 3141 1984 »
3165 1937 3417 2009 populus
3447 1938 3602 1995 idem

1960 2022 2069 2075 ter.
2101 2019 2376 2075 Cantores
2408 2034 2476 2073 τα
2500 2020 2935 2091 Augustarum;
2969 2043 2998 2072 ››
3021 2023 3275 2095 populus
3309 2042 3322 2080 :
3355 2048 3384 2077 «
3414 2025 3608 2084 Vincit

1961 2108 2107 2165 fides
2136 2109 2595 2180 Augustarum.»
2611 2108 2887 2165 Cantores
2919 2128 2934 2166 :
2965 2132 2995 2162 κ
3018 2111 3224 2183 Urbis;
3259 2134 3285 2167 ι
3318 2115 3604 2189 populus:

1963 2218 1993 2248 ‹‹
2022 2196 2219 2253 Vincit
2274 2195 2418 2252 ﬁdes
2449 2196 2631 2253 urbis.
2659 2218 2684 2248 ι
2745 2197 3059 2256 Cantores:
3095 2223 3124 2252 ‹‹
3167 2201 3542 2273 Venetorum,
3577 2228 3605 2256 υ

1961 2286 2212 2355 (Prasini
2238 2302 2252 2340 :
2276 2308 2304 2338 «
2337 2285 2749 2357 Prasinorum;
2792 2287 2846 2359 a)
2876 2291 3126 2360 populus
3158 2307 3227 2345 τα
3246 2291 3432 2349 Vincit
3462 2293 3608 2350 ﬁdes

1958 2374 2344 2431 Venetorum.
2402 2396 2432 2426 »
2479 2375 2764 2445 (Prasini:
2800 2398 2829 2427 «
2883 2378 3292 2452 Prasinorum.)
3345 2405 3369 2436 ι
3402 2382 3610 2439 Postea

1960 2462 2311 2533 apelaticum
2369 2461 2602 2519 canitur
2633 2479 2646 2517 :
2681 2483 2710 2514 «
2740 2462 3029 2520 Solemnis
3060 2468 3343 2524 memoria
3370 2485 3613 2527 corona-

1960 2550 2134 2608 tionis
2183 2559 2389 2607 vestras
2422 2551 2761 2608 hominibus
2800 2552 3128 2610 libertatem
3185 2555 3417 2614 conlitus
3446 2575 3609 2616 com-

1960 2648 2266 2707 memorat,
2296 2642 2407 2696 etc.
2442 2659 2468 2691 ι
2502 2638 2668 2695 Alius
2689 2639 2866 2696 tonoI
2891 2657 2905 2696 :
2934 2663 2964 2692 ‹‹
2997 2642 3232 2699 Etiamsi
3265 2660 3454 2703 mores
3475 2651 3610 2704 tuos

1960 2734 2151 2786 tacere
2170 2729 2364 2799 velim,
2412 2727 2778 2786 Christianus
2825 2735 3025 2799 cintus,
3087 2733 3146 2789 id
3177 2749 3293 2791 non
3325 2735 3611 2806 permitti-

237 2815 334 2891 ἤχ,
366 2819 428 2873 αό
459 2841 487 2871 ‹‹
515 2818 616 2876 Κᾶν
644 2815 782 2874 θέλω
812 2824 1053 2892 σιγῆσαι,
1100 2822 1209 2872 τῶν
1252 2817 1474 2892 τρόπων
1514 2837 1609 2871 σου
1639 2817 1674 2887 ἦ
1709 2835 1855 2891 χρη-

1962 2822 2056 2875 tur
2087 2834 2101 2875 :
2130 2817 2483 2876 desiderium
2510 2818 2691 2886 enim,
2723 2826 2881 2876 metu
2902 2824 3199 2893 superato,
3227 2823 3297 2879 ad
3314 2824 3610 2881 celebran-

241 2906 422 2977 στότης
450 2906 541 2962 οὐκ
568 2906 627 2979 ἐᾷ
665 2928 752 2981 με,
797 2907 857 2964 '0
894 2905 1000 2982 γὰρ
1044 2904 1215 2969 πόθος
1265 2906 1360 2961 τὸν
1413 2899 1582 2983 φόϐον
1633 2903 1853 2976 ἐκνική-

1962 2906 1996 2962 d
2007 2923 2070 2963 as
2087 2906 2290 2963 laudes
2316 2909 2451 2961 tuas
2464 2921 2557 2962 me
2586 2906 2798 2963 excitat
2822 2923 2837 2963 :
2854 2908 3049 2965 felices
3062 2926 3354 2967 armorum
3372 2916 3610 2970 tuorum

237 3014 337 3062 σας,
368 2995 599 3069 βιάζεταί
631 3017 699 3070 με
744 2994 824 3058 εἷς
864 2995 964 3065 τήν
1001 2996 1100 3064 σὴν
1152 2994 1451 3073 εὐφημίαν
1498 2994 1553 3048 αἱ
1601 2994 1707 3071 γὰρ
1738 2995 1855 3049 κατ’

1964 3010 2271 3052 successus
2302 3002 2502 3051 contra
2529 2995 2725 3052 hostes
2753 3000 2908 3067 tuos,
2937 3001 3000 3053 ut
3029 2997 3275 3070 fulmen,
3305 3000 3379 3056 ad
3403 3001 3608 3058 termi-

231 3081 456 3139 ἐναντίων
485 3086 533 3124 9³
563 3106 660 3141 σου
695 3084 947 3160 εὐτυχίαι
978 3084 1053 3148 ὡς
1084 3085 1289 3159 βροντή
1317 3082 1642 3162 ἐεηχοῦνται
1682 3083 1759 3145 εἰς
1787 3084 1855 3138 τὰ

1964 3101 2071 3141 nos
2100 3084 2256 3140 orbis
2286 3083 2565 3141 resonuit.
2596 3104 2625 3134 n
2648 3083 2857 3141 Postea
2887 3091 3154 3145 cantores
3196 3089 3568 3146 modulantur
3595 3107 3609 3145 :

230 3169 414 3247 πέρατα
447 3180 542 3245 τῆς
594 3173 945 3247 οἰκουμένης,
988 3196 1017 3226 ››
1072 3172 1173 3228 Καὶ
1230 3174 1365 3246 μετά
1409 3176 1576 3228 ταῦτα
1633 3170 1852 3249 λέγουσι
1890 3245 1893 3249 Δ

1968 3194 1997 3225 (ι
2028 3175 2267 3242 Anana;
2300 3194 2332 3224 »
2361 3177 2613 3245 populus
2645 3189 2660 3241 ;
2697 3193 2723 3226 ι
2756 3174 2965 3230 Totum
3009 3175 3364 3233 desiderium
3397 3178 3610 3234 Roma-

231 3234 538 3337 οίικριὶκται⁷
582 3234 824 3339 ἰχάδιον·
878 3234 917 3315 ἐξ
956 3259 1173 3320 Ἀνανά·
1207 3234 1240 3314 ›;
1282 3262 1311 3316 6
1358 3260 1511 3324 λαόςο
1556 3285 1585 3315 ‹‹
1622 3234 1792 3325 ’Ὁλος
1824 3263 1852 3316 ὁ
1885 3245 1893 3293 ⁴

1966 3279 2198 3320 norum.
2259 3284 2289 3314 «
2328 3262 2603 3320 Cantores
2645 3279 2665 3319 :
2695 3283 2726 3314 «
2784 3262 2996 3335 Nana;
3054 3264 3304 3336 populus
3337 3283 3352 3323 :
3385 3288 3414 3319 «
3463 3267 3608 3324 Nam

228 3351 377 3414 πόθος
406 3354 571 3409 ὁτῶν
613 3351 923 3425 Ῥωμαίων.
956 3375 985 3404 »
1034 3352 1102 3410 Οἱ
1147 3351 1397 3427 κράκται’
1450 3374 1479 3403 ‹‹
1528 3350 1694 3407 Νανάσ
1747 3375 1775 3404 ››
1824 3351 1853 3406 6

1964 3369 2067 3426 per
2096 3353 2371 3425 pietatem
2396 3367 2630 3408 omnem
2662 3354 2945 3409 mundum
2968 3355 3443 3423 gubernamini.»
3463 3356 3609 3413 Can-

228 3436 363 3503 λαός·
414 3466 435 3493 ι
486 3442 590 3505 Εἷς
641 3442 781 3515 ὑμᾶς
832 3441 1021 3515 ὁρᾶται
1071 3442 1135 3510 “,
1182 3439 1313 3502 τοὺς
1362 3437 1663 3513 εὐεργέτας.
1708 3463 1737 3492 n
1785 3440 1853 3498 Οἱ

1964 3447 2120 3498 tores
2152 3458 2166 3496 :
2202 3461 2231 3491 «
2261 3444 2462 3507 Nana;
2496 3462 2526 3491 ιο
2554 3440 2803 3511 populus
2835 3458 2848 3496 :
2884 3462 2913 3492 «
2942 3442 3011 3498 In
3041 3443 3291 3514 primam
3314 3444 3609 3519 justitiam

227 3529 448 3604 κράκται·
497 3556 527 3585 ‹‹
580 3529 743 3586 Νανά·
796 3554 825 3584 »
873 3531 901 3585 6
954 3528 1107 3593 λαός⁶
1157 3552 1188 3582 ‹‹
1235 3532 1346 3584 Τοῦ
1393 3528 1605 3601 κόσμου
1654 3531 1699 3566 ⁸⁸
1748 3531 1853 3606 γὰρ

1963 3531 2100 3586 boni
2154 3532 2473 3599 amantem,
2532 3529 2809 3597 majestas
2835 3534 3044 3598 vestra,
3077 3531 3322 3588 domini.
3355 3553 3385 3582 »
3410 3532 3612 3589 Postea

228 3616 443 3692 εὐσεϐείᾳ
470 3618 763 3690 δεσπόζετε
791 3621 836 3658 οδ
877 3617 1045 3682 ὅλως.
1081 3642 1110 3671 ››
1161 3619 1227 3675 Οἱ
1274 3617 1524 3693 κράκται·
1560 3643 1589 3671 ‹‹
1624 3620 1793 3675 Nam"
1823 3642 1852 3671 »

1965 3624 2229 3676 cantores
2267 3617 2472 3673 dicunt
2502 3632 2516 3673 :
2554 3637 2583 3668 ι(
2613 3616 2776 3674 Servi
2803 3636 2818 3686 ;
2844 3638 2874 3668 »
2907 3618 3163 3690 populus
3192 3635 3206 3674 :
3244 3642 3273 3670 «
3306 3620 3421 3677 Nos
3464 3620 3612 3676 servi

226 3705 417 3771 ὁλαόςο
457 3735 477 3763 ο
511 3709 621 3772 Εἰς
674 3706 950 3782 δικαίωμα
996 3712 1215 3782 πρῶτον
1260 3705 1323 3762 τὰ
1372 3704 1691 3784 φιλάγαθον,
1724 3708 1855 3782 κρά-

1964 3709 2403 3779 lmperatorum,
2444 3726 2475 3756 ››
2520 3708 2632 3762 ter.
2680 3706 2961 3763 Cantores
2994 3722 3007 3760 :
3042 3728 3071 3757 «
3111 3707 3272 3764 Servi
3319 3709 3610 3766 bonorum

224 3813 304 3858 τος
343 3798 505 3873 ὑμῶν,
567 3795 840 3854 δεσπόται.
876 3819 905 3850 »
956 3796 1057 3854 Καὶ
1112 3797 1247 3869 μετά
1291 3799 1461 3851 ταῦτα
1504 3792 1759 3870 λέγουσιν
1804 3796 1857 3851 οἱ

1966 3796 2421 3868 imperatorum;
2446 3815 2475 3846 »
2499 3794 2586 3850 sic
2605 3793 2856 3866 populus
2899 3799 3005 3852 ter.
3031 3796 3309 3853 Cantores
3346 3812 3360 3852 :
3392 3819 3420 3848 ‹‹
3455 3797 3616 3854 Servi

224 3885 448 3959 κράκταιο
491 3913 519 3941 ‹‹
573 3886 793 3943 Δοῦλον
842 3909 874 3938 κ
925 3886 954 3941 6
1006 3884 1159 3948 λαός.
1203 3908 1232 3937 ‹‹
1279 3885 1469 3956 Ἡμεῖς
1510 3880 1700 3940 δοῦλοι
1746 3888 1855 3940 τῶν

1967 3900 2192 3955 sumus,
2223 3885 2321 3956 qui
2344 3900 2445 3941 vos
2464 3900 2535 3940 ex
2564 3883 2766 3940 merito
2787 3888 2985 3940 amant
3017 3900 3032 3939 :
3059 3905 3089 3938 ι)
3123 3885 3325 3942 eadem
3359 3885 3617 3959 populus

228 3971 497 4051 βασιλέων,
532 3999 569 4031 ιο
601 3973 662 4031 ἒκ
814 3975 884 4033 Οἱ
929 3970 1177 4047 κράκται·
1214 3994 1240 4028 α
1275 3969 1376 4030 Ἰδὲ
1422 3969 1618 4028 δοῦλοι
1649 3973 1859 4049 ἀγαθῶν

1967 3981 2076 4033 ter.
2107 3977 2379 4031 Cantores
2411 3991 2425 4029 :
2458 3995 2488 4025 «
2519 3971 2719 4043 Servi;
2753 3993 2776 4022 ι
2811 3972 3063 4045 populus
3103 3977 3194 4031 ter
3225 3991 3239 4031 :
3279 3996 3308 4029 ι
3336 3975 3453 4032 Nos
3502 3975 3615 4032 im-

228 4061 487 4135 βασιλὲωψ
542 4089 576 4120 ››
621 4067 650 4123 6
697 4064 829 4129 λαὸς
859 4063 1068 4140 ὁμοίως
1117 4064 1177 4119 ἐκ
1203 4064 1270 4140 γ’.
1316 4063 1385 4121 Οἱ
1418 4064 1666 4138 κράκται·
1702 4088 1732 4118 ‹‹
1766 4062 1861 4122 Ἰδὲ

1968 4069 2300 4138 peratorum
2349 4063 2522 4120 servi.
2556 4083 2588 4114 ιο
2646 4065 2963 4120 Cantores:
3001 4063 3217 4142 «Nos;
3244 4084 3274 4116 ιδ
3308 4064 3564 4139 populus
3596 4082 3611 4122 :

225 4146 394 4211 δοῦλοι
421 4158 594 4231 ἡμεῖς
638 4153 924 4234 φιλοῦντες
968 4154 1148 4224 ἀξίως·
1189 4176 1214 4206 η
1247 4154 1276 4208 ὁ
1303 4151 1434 4215 λαὸς
1464 4152 1673 4227 ὁμοίως
1704 4151 1766 4211 ἔκ
1791 4156 1857 4230 γ’.

1973 4177 2003 4209 ‹‹
2043 4156 2481 4227 imperatorum.
2503 4173 2533 4203 »

225 4243 283 4299 Οἱ
308 4247 553 4321 κράκται·
588 4269 617 4300 οι
647 4245 868 4303 Δοῦλοι⁸
903 4268 932 4298 ιι
964 4246 992 4300 6
1022 4243 1178 4308 λαός·
1215 4267 1243 4299 ι(
1270 4245 1465 4320 Ἡμεῖς
1499 4241 1692 4301 δοῦλοι
1720 4250 1828 4304 τῶν
1864 4243 2154 4323 βασιλέων·
2188 4265 2216 4300 ι
2252 4245 2312 4299 ἐκ
2338 4243 2406 4320 γ’.
2439 4243 2506 4300 Οἱ
2535 4242 2785 4319 κράκται·
2822 4265 2850 4296 ιι
2880 4243 3094 4317 Ἡμεῖς·
3131 4266 3161 4296 ››
3192 4243 3220 4298 6
3253 4240 3407 4310 λαὸς·
3434 4267 3459 4299 ε
3484 4247 3610 4305 Τῶν

228 4331 494 4403 βασιλέων.
542 4360 573 4389 ››

288 4426 351 4481 Δ’.
399 4428 626 4498 Ἰστὲον,
675 4426 759 4483 ὅτι
808 4428 859 4482 οἱ
908 4424 1268 4505 σταυροφόροι
1479 4424 1586 4480 ἀπὸ
1630 4431 1740 4483 τῶν
1791 4425 1893 4499 ὃἌξ

2043 4428 2134 4486 IV.
2166 4426 2477 4484 Sciendum
2500 4429 2613 4494 est,
2629 4425 2956 4498 crucigeros
2985 4443 3019 4484 a
3047 4433 3302 4500 quatuor
3346 4428 3618 4487 factioni-

225 4505 399 4585 δήμων
427 4516 818 4596 κατέρχονται,
868 4514 960 4572 καί
1006 4515 1057 4571 οἱ
1109 4517 1206 4590 μὶν
1251 4514 1349 4571 τοῦ
1388 4508 1615 4571 Βενὲτου
1643 4516 1860 4574 καὶτοῦ

1973 4518 2082 4575 bus
2133 4516 2502 4587 descendere,
2559 4518 2619 4572 et
2671 4513 2902 4571 Veneta:
2934 4517 3487 4591 quidemalbseque
3517 4536 3620 4593 per

227 4601 402 4659 λευκοῦ
455 4605 555 4663 διᾶ
606 4609 705 4662 τοῦ
760 4609 1015 4680 καμπτοῦ
1072 4608 1168 4661 τοῦ
1225 4604 1442 4660 Βενὲνου
1495 4605 1855 4680 κάμπτοντες,

1970 4610 2335 4665 curvaturam
2390 4604 2620 4660 Veneta:
2666 4603 2738 4659 ad
2770 4604 3085 4662 stationem
3113 4608 3328 4677 venire,
3363 4610 3616 4665 Prasinze

227 4684 542 4767 εἰσέρχονται
594 4694 669 4758 εἰς
718 4695 782 4750 τὸ
843 4693 1044 4766 στάμα,
1094 4694 1147 4748 οἱ
1199 4689 1258 4747 δὲ
1299 4694 1395 4749 τοῦ
1445 4693 1716 4770 Πρασίνου
1762 4694 1856 4750 καὶ

1968 4700 2163 4754 autem
2194 4699 2253 4753 et
2281 4710 2464 4750 russas
2502 4708 2604 4765 per
2623 4698 2996 4751 curvaturam
3027 4695 3283 4753 Prasinas
3317 4697 3620 4755 declinan-

225 4781 311 4830 τοῦ
337 4781 553 4854 ῥουσίου
584 4784 675 4840 διὰ
721 4786 818 4840 τοῦ
861 4785 1116 4857 καμπτοῦ
1145 4785 1244 4837 τοῦ
1275 4781 1543 4858 Πρασίνου
1572 4784 1853 4856 κάμπτον-

1965 4790 2072 4856 tes,
2097 4785 2169 4842 ad
2201 4782 2517 4842 stationem
2570 4797 2634 4838 se
2665 4782 2936 4855 recipere.
2997 4784 3101 4841 Die
3159 4802 3292 4843 vero
3350 4791 3616 4845 votorum

1568 4938 1799 4996 VARIIE
1840 4937 2246 4996 LECTIONES.

291 5071 333 5149 δῖ
363 5071 530 5142 ἄλλος
561 5079 618 5138 b.
650 5078 692 5136 ι.
723 5082 782 5136 et
811 5076 1085 5149 deinceps
1116 5074 1183 5149 Β.
1214 5089 1291 5149 es
1312 5071 1459 5149 sigla
1489 5075 1643 5149 cod.,
1675 5070 1815 5149 ἄλλο
1846 5075 1966 5149 ed,_
2009 5073 2060 5149 δέ
2088 5066 2258 5149 Δαϐἱᾷ
2291 5073 2352 5129 Β.
2386 5088 2455 5130 ex
2483 5073 2828 5149 compendio
2859 5073 3013 5142 cod.,
3047 5073 3075 5128 ὁ
3106 5070 3263 5149 δεῖνα.
3283 5073 3390 5149 ed.
3453 5070 3501 5109 9°
3525 5069 3616 5149 εὐ-

291 5088 332 5110 “
363 5088 530 5142 ἄλλος
562 5088 618 5138 δ.
655 5088 692 5136 ι.
723 5088 782 5136 et
811 5088 1085 5149 deinceps
1118 5088 1183 5131 η.
1214 5089 1283 5130 ex
1312 5088 1459 5145 stgta
1489 5088 1643 5140 οοα.,
1675 5088 1815 5128 ᾱΛΑΟ
1846 5088 1934 5132 ϐα.
2009 5088 2060 5109 θ’
2088 5088 2257 5128 Δαοιο
2291 5088 2352 5129 ιε.
2386 5088 2455 5130 ex
2483 5088 2828 5198 comgenmo
2859 5088 3013 5142 οοα.,
3047 5088 3075 5128 ο
3106 5088 3254 5129 δεῖνα
3283 5088 3378 5129 θα.
3455 5088 3501 5109 ’ν
3525 5088 3616 5125 ευ-

232 5144 482 5225 Ovvta‘red.
556 5149 763 5225 “frob:
792 5146 1048 5225 Βενέτους
1079 5147 1173 5203 ed.
1248 5145 1294 5225 ’ξ
1331 5143 1630 5225 νοιδξαζΑρ
1654 5144 1827 5225 ,Λαός
1858 5146 2086 5225 (ξΝικᾷμ
2112 5146 2147 5213 ἡ
2195 5142 2391 5225 πίστις⁸
2419 5149 2522 5225 τῆς
2568 5142 2809 5225 silium,
2844 5167 2874 5196 ››
2919 5161 3043 5225 0111.
3082 5146 3174 5225 c_d.
3209 5142 3308 5198 οὐκ
3336 5142 3498 5225 ξιξ-με
3528 5148 3617 5225 13.,

233 5210 320 5268 οὐκ
346 5215 503 5293 ὲᾶμαι
532 5222 660 5293 cod.
694 5210 865 5293 etled.
930 5219 989 5293 ξ’
1016 5215 1370 5293 κατεναντίων
1401 5217 1502 5293 ed.
1570 5215 1619 5252 9‘
1647 5215 1835 5289 ὁρᾶται
1869 5217 1960 5284 R.,
1989 5210 2149 5293 ὁρἆτε
2179 5217 2307 5274 cod.
2341 5220 2400 5274 et
2425 5210 2516 5274 ed.
2594 5216 2642 5251 ’5
2671 5210 2861 5274 Verba
2889 5231 2903 5271 :
2929 5218 3026 5267 τοῦ
3056 5215 3266 5289 κόσμου
3296 5210 3613 5273 -όλαὸςο

233 5297 335 5342 om.
367 5286 458 5350 ea.
529 5292 579 5329 ⁹⁶
608 5289 893 5361 δεσπόζετε
923 5291 1018 5364 3.,
1050 5286 1367 5357 δεσπόζεται
1401 5289 1530 5346 cod.

1358 5440 1560 5499 JOAN.
1599 5439 1745 5498 JAC.
1789 5440 2051 5500 REISKII
2090 5438 2682 5498 COMMENTARIUS.

296 5571 400 5654 (fat)
420 5579 563 5654 Quia
591 5578 768 5654 dictio
797 5581 918 5638 haec
941 5579 1172 5654 integre
1200 5572 1390 5654 posita
1419 5591 1535 5654 non
1567 5579 1676 5654 est,
1707 5578 1866 5654 certo
2013 5647 2026 5654 _
2045 5576 2160 5654 (_52)
2190 5575 2400 5642 Quales
2427 5572 2487 5654 bi
2519 5571 2753 5654 iuerint,
2793 5577 3032 5654 apparet
3063 5587 3133 5654 ea
3162 5588 3226 5654 p._
3255 5570 3380 5639 189,
3416 5580 3631 5654 nempe

236 5638 704 5724 Qetiniriineqnit,
736 5657 963 5709 rectene
995 5638 1112 5706 huic
1134 5638 1312 5704 verba
1348 5646 1626 5717 habeant,
1652 5638 1728 5703 an
1750 5646 1867 5719 legi
1972 5638 2081 5724 viri
2106 5638 2308 5724 cruces
2332 5661 2400 5701 ex
2431 5641 2672 5724 ﬂoribus
2727 5638 3026 5724 consertae
3084 5647 3144 5699 et
3162 5638 3371 5715 plexas
3420 5652 3631 5710 geren-

236 5709 429 5776 debeat
455 5719 561 5776 ἀπὸ
574 5709 820 5797 haec”.
1611 5709 1623 5717 ’
1807 5709 1842 5719 “’
1974 5722 2085 5785 tes,
2120 5733 2269 5790 quas
2291 5712 2628 5786 imperatori
2649 5712 3165 5771 volebantoli'erre.
