4136 6302
568 334 683 396 611

1634 326 2164 390 CONSTANTINI
2209 325 2795 388 PORPHYROGEN
2803 326 2908 388 1Τὶ
3823 338 3924 398 612

566 465 849 537 crucigeri
882 465 1034 521 189
1067 467 1316 535 quatuor
1371 463 1689 518 factionum
1737 470 1866 534 post
1895 461 2197 518 secundat!

2328 479 2437 527 τες,
2489 459 2826 535 εἰσέρχονται
2880 459 2956 521 εἰς
3000 461 3064 514 τὸ
3111 461 3312 532 στάμα.
3365 461 3482 533 Χρή
3529 461 3735 533 εἰδέναι,
3776 467 3925 541 ὅτιτῇ

565 555 820 626 palmam
845 571 878 609 a
908 558 1158 624 quatuor
1186 552 1534 608 factionibus
1583 551 1965 617 descendunt,
1997 566 2027 604 e
2051 549 2204 604 ﬂori-

566 643 679 699 bus
701 647 998 700 contextae
1029 658 1231 698 cruces
1251 646 1564 712 gestantes,
1597 641 1775 711 inque
1799 639 2049 695 statione
2077 655 2211 694 con-

568 733 802 788 sistunt.
835 734 1108 788 Cursores
1139 745 1275 786 vero
1306 746 1505 786 cruces
1537 729 1800 786 sublatas
1831 729 1901 783 ad
1936 728 2208 784 dominos

564 820 779 886 ferunt,
812 818 1132 890 statimque
1152 827 1417 874 cantores
1450 819 1652 874 dicunt
1684 834 1697 871 :
1723 839 1751 868 ‹‹
1784 819 1934 872 Crux
1963 815 2207 882 vivifica,

2319 551 2499 623 ἡμέρᾳ
2528 553 2636 603 τῶν
2675 551 2850 624 βοτῶν
2882 551 2996 622 (53)
3044 549 3148 603 ἀπὸ
3176 553 3275 604 τοῦ
3307 548 3553 623 δευτέρου
3590 552 3735 625 βαϊου
3762 558 3922 630 κατέρ-

2320 656 2510 711 χονται
2541 638 2649 692 ἀπὸ
2699 643 2807 693 τῶν
2834 636 2877 692 δ’
2911 635 3107 711 δήμων
3156 639 3208 692 οἱ
3259 639 3639 716 σταυροφόροι,
3683 642 3926 714 βαστάζον-

2317 748 2406 788 τες
2470 729 2596 789 τοὺς
2659 726 2707 796 ἐξ
2776 727 2973 792 ἀνθέων
3040 725 3449 800 πεπλεγμένους
3517 730 3782 800 σταυροὺς,
3847 735 3916 786 καὶ

2311 814 2560 871 ἵστανται
2607 816 2684 878 εἷς
2728 818 2790 871 τὸ
2839 818 3038 889 στάμα.
3107 817 3174 873 Οἱ
3239 814 3294 870 δὲ
3357 815 3663 890 κούρσωρες
3707 817 3915 893 αἴροντες

2315 905 2442 967 τοὺς
2491 908 2771 980 σταυροὺς,
2824 907 3144 983 ἀναφέρουσι
3197 907 3332 980 πρὸς
3376 907 3503 968 τοὺς
3555 903 3917 976 δεσπότας,καῖ

2319 995 2514 1055 εὐθέως
2582 995 2800 1070 λέγουσι
2855 996 2922 1049 τὰ
2988 994 3141 1053 ἅκτα.
3184 996 3249 1052 Οἳ
3314 996 3563 1065 κράκταιο
3633 1020 3660 1048 ι(
3706 998 3761 1054 Ὁ
3808 1005 3924 1066 ζωο-

2316 1083 2475 1145 ποιὸς
2522 1084 2769 1157 σταυρὸς,
2824 1085 3098 1159 βοήθησον
3147 1083 3271 1145 τοὺς
3324 1081 3624 1145 δεσπόταςῖ
3661 1106 3684 1136 s
3733 1093 3925 1161 φθογγεῖ

2315 1173 2402 1226 καὶ
2445 1173 2474 1227 6
2516 1171 2645 1235 λαὸς
2699 1172 2758 1227 ἐκ
2811 1174 2878 1248 γ“·
2945 1197 2972 1225 ι(
3019 1174 3216 1248 "Avia!
3269 1197 3298 1226 »
3358 1175 3426 1230 Oi
3484 1173 3724 1248 κράκται·
3793 1198 3811 1226 ι
3851 1178 3924 1232 Ἐν

2314 1262 2494 1333 τούτῳ
2524 1261 2836 1338 ἐστέφθητε,
2868 1260 3160 1336 εὐεργέται·
3197 1285 3225 1313 ››
3258 1263 3285 1316 6
3319 1261 3454 1324 λαὸς
3486 1261 3544 1317 ἐκ
3571 1269 3634 1336 γ’·
3670 1265 3924 1338 (⁶Λγιεέ›ν

2315 1350 2381 1406 Οἱ
2431 1350 2678 1424 κράκται·
2721 1374 2750 1403 (ι
2799 1351 2888 1406 Ἐν
2933 1351 3110 1422 τούτῴ
3177 1349 3490 1424 βασιλεύετε
3537 1351 3624 1405 καὶ
3687 1358 3860 1407 νικᾶτε·
3903 1377 3922 1404 ››

2316 1438 2344 1492 6
2378 1437 2510 1502 λαὸς
2557 1437 2616 1494 ἐκ
2671 1441 2740 1513 γ”
2802 1462 2830 1491 ‹‹
2876 1441 3048 1515 "Avis.
3101 1462 3130 1490 »
3184 1441 3253 1497 Οἱ
3319 1439 3569 1512 κράκται·
3605 1463 3632 1492 τι
3664 1441 3746 1498 Ἐν
3778 1441 3925 1513 τοῦτῳ

2316 1526 2665 1600 βασιλεύσετε
2691 1529 2760 1582 τά
2789 1526 2917 1598 ἔθνη
2950 1527 3143 1583 πάντα·
3181 1552 3210 1580 »
3243 1529 3270 1582 6
3302 1527 3440 1592 λαὸς
3465 1528 3525 1584 ἐκ
3550 1531 3612 1602 γ’·
3648 1553 3674 1582 ‹‹
3702 1532 3874 1605 ’Ἁγιεὲ
3903 1555 3923 1582 »

2314 1618 2422 1672 Τοῖ’)
2456 1613 2513 1670 δὲ
2545 1618 2774 1694 ὀργάνου
2805 1619 3274 1692 τρισαγιάζοντος,
3320 1618 3570 1694 Λέγουσιν
3621 1620 3672 1673 οἱ
3715 1617 3925 1692 κράκταυ

2313 1729 2340 1757 ‹‹
2377 1705 2657 1781 Τρισάγιε,
2713 1709 2986 1782 βοήθησον
3038 1709 3166 1770 τοὺς
3217 1707 3507 1770 δεσπότας·
3543 1733 3571 1760 ››
3617 1714 3701 1764 καὶ
3749 1711 3774 1764 6
3817 1708 3923 1771 λαὸς

2231 1817 2280 1882 Β
2311 1796 2359 1871 γ’
2403 1795 2629 1868 ὁμοίως.
2664 1798 2881 1869 Ἰστέον,
2914 1796 3018 1866 ὅτι,
3053 1797 3097 1852 εἰ
3133 1798 3227 1871 μὲν
3257 1797 3362 1852 οὐκ
3391 1792 3504 1853 ἔστι
3533 1799 3580 1834 97
3610 1801 3714 1872 (54)
3740 1795 3916 1868 δεέΛης,

2311 1882 2555 1940 δίδονται
2585 1887 2647 1940 τὸ
2680 1887 2846 1960 πρωῒ,
2879 1884 2926 1941 εἰ
2975 1884 3033 1940 δὲ
3081 1887 3191 1941 ἐστι
3224 1884 3445 1957 δείλης,
3477 1884 3712 1942 δίδονται
3743 1883 3921 1956 δείλης.

2446 1975 2584 2030 ’Όσα
2615 1971 2697 2028 δεῖ
2723 1972 2898 2029 τελεῖν
2932 1974 3009 2035 εἷς
3048 1974 3110 2028 τὸ
3161 1971 3397 2029 δειλινὸν
3428 1972 3804 2051 ἱπποδρόμιον.

2376 2063 2456 2118 Α’.
2514 2063 2797 2120 Ἀνιόντων
2825 2067 2933 2118 τῶν
2990 2060 3266 2118 δεσποτῶν
3315 2063 3458 2118 κατᾶ
3514 2069 3603 2118 τον
3650 2061 3804 2117 τύπον
3847 2062 3920 2116 καὶ

2303 2151 2401 2220 τήν
2459 2151 2784 2215 ἀκολουθίαν
2841 2153 2942 2220 τὴν
3001 2153 3247 2228 πρωϊνήν
3331 2152 3422 2208 ἐπὶ
3471 2157 3567 2208 τοῦ
3622 2153 3918 2224 καθίσματος

2302 2241 2393 2296 καὶ
2443 2241 2749 2315 ἱσταμένων
2799 2236 3102 2316 ἔμπροσθεν
3148 2245 3245 2296 τοῦ
3295 2241 3546 2315 σέντζου,
3601 2239 3920 2317 κατασφραγί·
4056 2285 4057 2312 γ

2306 2336 2456 2400 ζουσι
2513 2333 2645 2404 μετά
2692 2332 2756 2385 τὸ
2805 2329 2966 2405 ἄκρον
3011 2337 3118 2386 τῶν
3170 2329 3479 2406 χλανιδίων
3535 2332 3707 2386 αὐτῶν
3751 2330 3919 2405 τρίτον,

2302 2422 2483 2483 καθὼς
2512 2420 2562 2476 ἐν
2592 2425 2672 2493 τῷ
2701 2422 2846 2495 πρωὶ
2893 2423 3325 2495 προειρήκαμεν.
3377 2422 3481 2478 Καὶ
3513 2419 3579 2490 δὴ
3620 2425 3722 2476 τῶν
3754 2418 3915 2474 δεσπο-

2301 2515 2407 2566 τῶν
2461 2511 2887 2586 σφραγιζόντων,
2942 2511 3193 2586 λέγουσιν
3263 2512 3314 2565 οἱ
3387 2509 3578 2584 δῆμον
3653 2535 3680 2561 ‹‹
3737 2513 3920 2582 Ἄγιος,

2306 2598 2484 2673 ἆγιος,
2517 2600 2703 2674 ἅγιοςί
2741 2623 2768 2650 ››
2818 2605 3045 2677 φθογγεῖ
3083 2599 3174 2654 καὶ
3206 2601 3233 2653 ὁ
3266 2598 3411 2666 λαὸς
3436 2599 3496 2655 ἐκ
3523 2606 3586 2674 γ’·
3626 2623 3654 2652 ι(
3681 2601 3874 2675 Ἄγιος.
3903 2621 3922 2647 ››
4056 2637 4057 2677 γ

2305 2689 2371 2745 Οἱ
2397 2687 2640 2761 κράκται·
2669 2710 2698 2740 ‹‹
2723 2687 2938 2759 Πολλὰ,
2960 2687 3166 2757 πολλὰ,
3189 2687 3376 2744 πολλὰ
3399 2706 3411 2718 ·
3438 2712 3466 2742 ››
3493 2687 3518 2744 ὁ
3549 2687 3694 2752 λαός·
3720 2711 3742 2741 ι
3767 2685 3923 2742 Πολλὰ

2303 2771 2395 2847 ἔτη
2429 2776 2505 2840 εἰς
2536 2776 2740 2848 πολλὰ,
2778 2801 2804 2829 ››
2835 2779 2922 2832 καὶ
2956 2777 3022 2832 τὰ
3066 2775 3256 2850 λοιπὰ,
3287 2779 3484 2843 καθὼς
3514 2779 3600 2833 καὶ
3630 2776 3679 2833 ἔν
3709 2782 3780 2849 τῷ
3803 2775 3919 2850 πρωὶ

2305 2865 2536 2939 ε’ίρηται.
2577 2866 2679 2923 Καὶ
2731 2868 2774 2921 εἰ
2828 2867 2922 2939 μὲν
2973 2864 3194 2942 ἔχουσιν
3234 2868 3285 2922 οἱ
3336 2867 3562 2924 Βένετοι
3610 2866 3916 2942 προτίμησιν,

2304 2953 2552 3031 λέγουσιν
2584 2956 2637 3009 οἱ
2666 2955 2891 3030 κράκται
2924 2957 3108 3033 φωνὴν
3140 2955 3187 2992 93
3227 2956 3329 3030 ἤχ.
3364 2954 3420 3012 δ’
3451 2954 3683 3036 ἷχαδιονδ
3735 2979 3761 3008 ‹‹
3796 2956 3919 3008 Ἀναο
4049 2953 4058 2980 ⁴

2304 3044 2382 3098 va“
2436 3067 2465 3096 ››
2516 3045 2544 3098 6
2595 3041 2746 3107 λαός
2803 3065 2828 3098 ε
2883 3043 3192 3118 Δοξάζομέν
3242 3066 3321 3117 σε,
3373 3047 3599 3120 Χριστέ.
3651 3069 3679 3097 »
3723 3043 3915 3116 017.96-

2304 3153 2442 3188 κταιο
2497 3156 2526 3186 ‹‹
2578 3130 2748 3191 Νανά·
2795 3155 2826 3185 ››
2872 3133 2900 3186 6
2946 3131 3100 3195 λαός·
3163 3156 3191 3187 κ
3250 3135 3492 3192 Βασιλεῦ
3521 3140 3625 3189 τῶν
3654 3134 3864 3189 αἰώνων.
3892 3153 3912 3181 υ

2304 3223 2362 3276 Οἱ
2400 3222 2645 3296 κράκτοι.
2700 3245 2728 3274 ‹‹
2787 3223 2959 3278 Νανά’
3011 3245 3039 3275 ››
3101 3223 3128 3277 ὁ
3188 3221 3342 3282 λαός*
3404 3249 3435 3278 ι(
3496 3221 3915 3300 ΜονογενῆΛόγε
4043 2997 4058 3644 1

2304 3310 2389 3367 ιοῦ
2439 3311 2667 3385 Πατρός.
2719 3335 2748 3362 ››
2805 3312 2872 3368 Οἱ
2928 3312 3175 3385 κράκται·
3229 3335 3257 3365 ‹‹
3292 3313 3608 3391 Ἀνανάγια’
3643 3337 3669 3365 ››
3717 3313 3742 3367 6
3789 3308 3914 3368 λαός·

2304 3425 2324 3454 κ
2389 3403 2509 3458 Ὅτι
2578 3400 2857 3475 ἐπεσκέψω
2923 3403 3015 3456 καὶ
3102 3400 3399 3479 ἐφώτισας.
3483 3427 3512 3456 ››
3577 3403 3641 3461 Οἱ
3703 3399 3915 3476 κράκται·

2304 3511 2326 3544 ιι
2365 3491 2533 3546 Νανά·
2577 3510 2604 3544 »
2648 3490 2675 3544 6
2735 3488 2888 3553 λαός·
2938 3513 2967 3542 ‹‹
3009 3489 3116 3546 Τὸν
3156 3488 3288 3546 λαόν
3333 3511 3460 3553 σου,
3502 3516 3530 3544 ››
3598 3492 3662 3549 Οἳ
3701 3488 3912 3564 κράκται”

2306 3602 2321 3631 ‹
2359 3579 2534 3644 Ἃγία.
2576 3603 2603 3631 ››
2657 3579 2748 3633 καὶ
2790 3580 2818 3633 ὁ
2860 3577 3015 3641 λαός
3090 3602 3118 3632 ‹‹
3185 3580 3284 3635 Καὶ
3350 3579 3408 3634 ἐν
3468 3587 3536 3644 τῇ
3595 3578 3803 3644 δυνάμει
3837 3595 3913 3629 σου

561 909 818 964 dominis
901 924 1069 980 opem
1126 906 1261 963 fer!
1326 931 1350 961 ι
1415 907 1628 964 clamat
1675 910 1731 962 et
1786 904 2037 977 populus
2083 908 2206 961 ter:

559 1019 587 1047 ‹‹
620 999 856 1054 Sancte!
893 1020 922 1047 »
979 997 1301 1053 Cantores:
1334 1017 1364 1048 α
1394 997 1455 1051 In
1489 995 1619 1063 hac,
1653 994 1919 1063 benefici,
1949 992 2206 1049 coronati

555 1087 696 1143 estis
737 1106 752 1156 ς
786 1109 815 1137 ››
849 1085 1102 1158 pOpulus
1132 1090 1222 1142 ter
1255 1103 1268 1142 :
1306 1107 1334 1137 «
1397 1086 1626 1142 Sancte.
1662 1107 1691 1135 ››
1723 1085 1998 1140 Cantores
2031 1100 2044 1138 :
2080 1105 2106 1132 «
2143 1084 2208 1138 ln

555 1178 666 1235 hac
771 1179 1078 1250 imperatis
1167 1183 1225 1233 et
1305 1177 1590 1232 vincitis!
1656 1199 1677 1226 ι
1741 1174 1995 1247 p0pulus
2048 1179 2132 1231 ter
2191 1191 2205 1232 :

557 1289 580 1321 ι
616 1266 920 1324 Sancte!»
971 1269 1288 1322 Cantores:
1331 1287 1361 1316 α
1395 1268 1457 1320 In
1506 1265 1617 1321 hac
1644 1264 1919 1322 omnibus
1977 1262 2208 1335 papulis

554 1356 1010 1414 dominabimini
1037 1356 1048 1409 !
1083 1354 1334 1426 populus
1390 1361 1474 1410 ter
1506 1370 1520 1409 :
1555 1374 1585 1404 ‹‹
1633 1354 1836 1410 Sancte
1868 1352 1881 1406 ι
1914 1375 1943 1402 ››
1975 1355 2205 1423 Organo

551 1463 689 1504 vero
717 1445 1027 1516 trisagium
1061 1443 1416 1510 modulante,
1441 1449 1708 1499 cantores
1759 1441 1958 1498 dicunt
1985 1456 1999 1496 :
2032 1464 2061 1490 «
2094 1442 2207 1496 Ter

558 1545 783 1603 sancte,
813 1534 1067 1590 dominis
1103 1532 1384 1588 auxilium
1415 1533 1500 1588 fer
1531 1548 1545 1598 ;
1580 1554 1608 1581 »
1640 1533 1722 1587 sic
1744 1530 1919 1586 etiam
1951 1529 2203 1602 populus

558 1628 669 1681 ter.
701 1623 1013 1680 Sciendum
1053 1627 1163 1688 est,
1186 1621 1236 1676 si
1270 1637 1513 1698 vesperae
1545 1619 1693 1674 nulli
1723 1626 1861 1674 sunt
1882 1618 2026 1687 ludi,
2061 1636 2204 1690 pra:-

563 1714 683 1768 mia
715 1729 888 1768 mane
918 1711 1069 1781 dari,
1108 1710 1158 1766 si
1214 1726 1346 1766 vero
1384 1725 1630 1781 vespera
1683 1712 1842 1778 sunt,
1873 1707 2050 1764 etiam
2106 1725 2202 1766 ve-

554 1801 710 1874 speri
733 1799 1026 1858 distribui.

626 1980 979 2039 Obseruando
1021 1982 1085 2036 in
1115 1981 1420 2052 vespertina
1465 1993 1733 2052 equorum
1783 1977 2124 2034 decursione.

623 2073 664 2128 I.
698 2076 1013 2143 Postquam
1050 2069 1276 2126 domini
1305 2086 1372 2126 eo
1405 2069 1519 2125 ritu
1551 2085 1618 2124 ac
1644 2083 1826 2133 more,
1859 2067 1958 2137 qui
1982 2066 2042 2122 in
2075 2082 2198 2121 ma-

546 2161 737 2218 tutina
769 2160 1113 2218 decursione
1143 2160 1500 2228 observatur,
1524 2159 1594 2214 ad
1627 2160 1973 2229 suggestum
2007 2171 2202 2212 ascen-

544 2251 762 2306 derunt
790 2257 843 2305 et
875 2253 1009 2305 ante
1030 2248 1304 2304 thronum
1337 2247 1669 2314 constitere,
1715 2250 1971 2302 extrema
2000 2245 2198 2302 tunica

543 2356 673 2408 sua,
710 2344 776 2395 ut
805 2339 861 2394 in
906 2338 1216 2406 matutina,
1263 2341 1348 2392 ter
1401 2335 1685 2409 populum
1733 2335 1990 2407 signant.
2037 2335 2200 2398 Quod

546 2430 684 2486 dum
718 2429 960 2496 faciunt,
985 2427 1269 2483 factiones
1303 2427 1509 2482 dicunt
1535 2441 1548 2479 :
1573 2447 1602 2476 «
1634 2425 1902 2491 Sanctus,
1935 2428 2199 2490 sanctus,

546 2522 789 2575 sanctus
824 2517 836 2572 ι
875 2537 901 2568 s
955 2516 1168 2572 clamat
1222 2519 1280 2571 et
1313 2514 1562 2586 populus
1609 2518 1695 2569 ter
1727 2530 1742 2568 :
1783 2533 1809 2567 α
1849 2512 2137 2568 Sanctus!
2167 2532 2197 2562 »

546 2611 857 2662 Cantores:
913 2625 942 2653 «
974 2603 1207 2668 Multos,
1244 2602 1481 2671 multos,
1539 2601 1756 2657 multos
1788 2601 1801 2656 !
1836 2623 1864 2651 »
1895 2600 2146 2672 populus
2177 2615 2192 2658 :

545 2717 575 2747 «
604 2694 820 2750 Multos
853 2709 1040 2750 annos
1095 2693 1156 2748 in
1188 2692 1426 2762 multos,
1461 2712 1491 2742 ››
1523 2695 1658 2760 etc.,
1697 2694 1764 2746 ut
1801 2690 1872 2747 de
1918 2689 2197 2746 matutina

541 2783 888 2841 decursione
909 2797 1089 2854 supra
1106 2780 1384 2838 diximus.
1417 2781 1601 2852 Siqua
1620 2779 1824 2837 Veneti
1847 2777 2050 2850 maiori
2071 2779 2195 2836 loco

540 2871 851 2940 habentur,
909 2876 1178 2928 cantores
1248 2885 1387 2927 voce
1433 2869 1558 2926 toni
1641 2867 1718 2925 IV
1767 2867 2192 2924 modulantur:

537 2983 566 3013 «
597 2963 800 3018 Anana
833 2979 848 3030 ;
899 2983 929 3012 »
959 2961 1249 3034 populus:
1309 2983 1338 3012 «
1369 2959 1694 3016 Laudamus
1749 2963 1827 3024 te,
1880 2957 2129 3014 Christe.
2163 2979 2188 3007 ι

536 3051 850 3107 Cantores:
880 3070 910 3101 ‹‹
941 3049 1106 3106 Nana
1137 3066 1154 3120 ;
1190 3068 1218 3101 ι
1244 3048 1494 3120 populus
1520 3063 1533 3102 :
1573 3068 1601 3101 ι
1621 3047 1740 3102 Rex
1769 3045 2133 3102 saeculorum.
2157 3067 2188 3096 »

538 3140 814 3195 Cantores
849 3153 912 3193 τι
944 3143 1104 3194 Nana
1133 3157 1146 3206 ;
1181 3158 1210 3188 »
1245 3135 1499 3209 populus
1523 3153 1538 3190 :
1563 3135 1987 3206 «Unigenitum
2006 3135 2188 3192 Patris

541 3227 830 3283 Verbum!
898 3248 920 3277 ι
974 3229 1252 3283 Cantores
1297 3242 1374 3280 :«
1431 3225 1741 3293 Ananaia;
1793 3245 1823 3275 »
1881 3223 2184 3296 populus:

542 3338 563 3366 α
649 3316 807 3382 Quod
882 3315 1187 3388 respexisti
1245 3319 1301 3371 et
1365 3313 1700 3370 illustrasti.
1757 3335 1787 3364 »
1835 3313 2109 3369 Cantores
2167 3329 2182 3370 :

535 3425 566 3456 ‹‹
594 3405 756 3461 Nana
790 3423 803 3475 ;
837 3427 867 3456 »
900 3405 1150 3477 populus
1177 3421 1192 3460 :
1224 3427 1253 3455 «
1277 3405 1565 3475 Populum
1585 3409 1777 3459 tuum.
1804 3425 1833 3453 »
1864 3404 2180 3460 Cantores:

539 3514 568 3549 ιι
592 3495 802 3551 Sancta
828 3515 843 3565 ;
870 3515 898 3546 »
931 3493 1186 3566 populus
1220 3510 1234 3550 :
1261 3515 1290 3545 ‹‹
1326 3495 1397 3549 Ει
1423 3494 1484 3548 in
1517 3497 1834 3566 postestate
1862 3499 1962 3548 tua
1983 3509 2088 3548 nos
2118 3491 2184 3547 li-

531 3585 768 3641 berasti.
831 3605 860 3636 »
904 3584 1220 3640 Cantores:
1255 3604 1284 3634 ‹‹
1308 3583 1575 3639 Anauaia
1605 3609 1619 3651 ς
1654 3605 1684 3633 ››
1741 3581 2026 3655 populus:
2058 3603 2087 3632 «
2116 3585 2183 3638 Et

529 3689 639 3730 nos
661 3675 978 3730 adduxisti.
1013 3693 1040 3726 ι
1073 3674 1386 3729 Cantores:
1424 3692 1456 3723 «
1489 3672 1792 3741 Ananaia;
1825 3692 1855 3721 »
1889 3671 2178 3743 populus:

2308 3666 2608 3739 ἱπήλλαξας
2641 3669 2810 3741 ἡμᾶς.
2855 3691 2883 3721 ››
2924 3669 2990 3727 Oi
3029 3667 3276 3744 κράκται·
3321 3693 3350 3722 ι(
3393 3671 3636 3727 Ἀνάνια.
3669 3693 3694 3720 α
3727 3663 3907 3725 ὁλαός’

529 3781 554 3812 α
591 3765 705 3820 Deo
737 3768 796 3820 et
819 3761 991 3819 Patri.
1022 3782 1054 3814 »
1084 3764 1402 3819 Cantores:
1435 3783 1465 3812 ‹‹
1499 3759 1752 3816 Ananaia
1786 3780 1852 3830 ;»
1882 3760 2176 3832 populus:

2308 3782 2317 3810 ι
2351 3759 2452 3815 Καὶ
2481 3760 2825 3834 προσήγαγες
2857 3761 3024 3832 ἡμᾶς.
3057 3782 3086 3810 ››
3138 3759 3202 3812 Οἱ
3243 3762 3497 3835 κράκται·
3543 3784 3572 3812 ‹‹
3604 3757 3854 3817 Ἀνανάϊα·
3882 3775 3904 3804 ι)

521 3872 552 3906 ι‹
590 3851 926 3911 Mediatrixl
959 3873 991 3905 »
1049 3853 1320 3909 Cantores
1355 3867 1369 3905 :
1403 3872 1433 3901 «
1483 3849 1777 3920 Ananaia;
1805 3871 1828 3900 ι
1884 3851 2172 3921 populus:

2308 3848 2495 3910 νηός.
2545 3870 2580 3901 (ι
2627 3852 2706 3920 τῷ
2743 3847 2859 3921 Θεῷ
2905 3849 2993 3903 καὶ
3041 3847 3231 3923 Πατρί.
3266 3872 3295 3902 ››
3344 3850 3417 3906 O't
3467 3849 3704 3926 κράκται·
3739 3871 3759 3900 ι
3794 3846 3902 3903 ’Δνα

1889 3947 2130 4003 νΑΒΙιΕ
2169 3947 2560 4004 LECTIONES

575 4050 620 4088 '7
651 4044 830 4105 οὒκὲτι
862 4050 954 4109 ed.
1033 4047 1084 4084 93
1109 4047 1294 4126 φωνὴν
1328 4047 1424 4114 R.,
1455 4061 1524 4102 ex
1551 4045 1699 4115 sigla
1729 4045 1878 4111 cod.,
1910 4045 2128 4120 φθογγῇ
2160 4045 2251 4103 ed.

1555 4152 1756 4210 JOAN.
1797 4152 1938 4211 JAC.
1980 4153 2244 4212 REISKII
2282 4152 2879 4212 COMMENTARIUS.

576 4260 686 4329 (53)
712 4256 817 4313 Vel
858 4257 1031 4312 etiam
1066 4251 1281 4326 βωτῶν,
1326 4255 1572 4329 utroque
1627 4251 1778 4307 enim
1804 4251 1978 4329 _mod_o
2009 4253 2160 4329 scri—
2269 4254 2328 4310 in
2361 4253 2553 4329 specie
2583 4253 2751 4310 illum
2779 4254 2952 4311 fuisse
2993 4255 3238 4329 dictum,
3289 4257 3382 4328 qui
3413 4275 3447 4314 a
3505 4255 3718 4329 nuptiis
3747 4258 3896 4329 esset

503 4323 680 4386 bitur.
712 4330 842 4384 Dies
868 4323 1133 4384 votorum
1177 4340 1355 4396 quam
1387 4323 1784 4402 ob;_causam_‘
1798 4323 1973 4402 fuerit
2005 4325 2160 4402 cele-
2269 4323 2592 4402 prosimus,
2646 4329 2715 4402 ut
2745 4331 2903 4397 patet
2938 4343 2973 4402 re
3001 4326 3202 4402 charta
3225 4323 3231 4324 ί
3251 4323 3451 4402 Ave-tere
3481 4323 3632 4402 apu'd
3673 4325 3848 4383 Baluz.
3882 4338 3893 4376 :

501 4403 708 4481 bratus
740 4404 796 4481 et
821 4414 935 4469 quo
967 4394 1250 4481 tempore,
1275 4411 1416 4481 “non
1474 4395 1683 4481 liquuet'.‘
1738 4394 1972 4481 [Dicitur
2017 4396 2156 4481 qui-
2185 4417 2232 4481 D
2269 4394 2365 4481 die
2381 4406 2503 4467 post
2531 4394 3119 4481 nloctem'lnyp'liatem,
3162 4400 3259 4471 qui
3286 4405 3365 4481 est
3388 4400 3503 4457 dies
3521 4394 3772 4458 'votorum
3803 4409 3895 4450 no-

502 4475 632 4528 dem
690 4462 856 4526 infra'
885 4487 940 4541 p.
1001 4462 1126 4537 434,
1156 4462 1245 4522 τὸ’
1274 4467 1452 4541 βωτὸν
1518 4462 1924 4541 πεζοδρόμιον,
1965 4462 2156 4541 votum
2185 4462 2231 4481 "
2263 4462 2508 4541 atrorum
2542 4468 2642 4541 γ(ίά
2693 4476 2777 4524 est
2825 4462 3187 4541 hilariorum‘
3229 4477 3561 4528 nostrorum
3598 4488 3611 4527 :
3670 4485 3792 4541 nam
3836 4480 3895 4541 ex

505 4541 691 4598 ludum
744 4535 1075 4612 pedestrem,
1108 4535 1207 4596 aeu
1260 4535 1410 4597 votis
1439 4535 1781 4614 condictum
1833 4535 2057 4614 ludum,
2093 4539 2154 4594 in
2263 4556 2329 4614 eo
2361 4540 2514 4609 quod
2538 4535 2595 4594 in
2621 4544 2897 4614 votorum,
2923 4540 3128 4598 diebus
3160 4544 3332 4614 genio
3355 4543 3571 4599 soleret
3598 4535 3885 4609 indulgeri,

547 4630 619 4669 uo
650 4605 938 4686 cursores,
992 4605 1106 4668 non
1139 4621 1462 4686 equestres,
1496 4612 1593 4686 sed
1630 4609 1927 4686 pedestres
1954 4612 2022 4666 de
2042 4605 2157 4682 'pe-
2266 4605 2482 4686 factum
2503 4615 2610 4679 est,
2628 4616 2700 4686 ut
2729 4611 2952 4686 hilaria,
3003 4605 3378 4686 convivviaque
3422 4615 3621 4670 omnia
3657 4605 3886 4686 potri—"ap.-

2299 3044 2382 3098 νά’
2436 3067 2465 3096 ››
2516 3045 2544 3098 6
2595 3041 2746 3107 λαός
2803 3065 2828 3098 ε
2883 3043 3192 3118 Δοξάζομέν
3242 3066 3321 3117 σε,
3373 3047 3599 3120 Χριστέ.
3651 3069 3679 3097 »
3723 3043 3915 3116 017.96-

2298 3153 2442 3188 κταιο
2497 3156 2526 3186 ‹‹
2578 3130 2748 3191 Νανά·
2795 3155 2826 3185 ››
2872 3133 2900 3186 6
2946 3131 3100 3195 λαός·
3163 3156 3191 3187 κ
3250 3135 3492 3192 Βασιλεῦ
3521 3140 3625 3189 τῶν
3654 3134 3864 3189 αἰώνων.
3892 3153 3912 3181 υ

2299 3223 2362 3276 Οἱ
2400 3222 2645 3296 κράκτοι.
2700 3245 2728 3274 ‹‹
2787 3223 2959 3278 Νανά’
3011 3245 3039 3275 ››
3101 3223 3128 3277 ὁ
3188 3221 3342 3282 λαός*
3404 3249 3435 3278 ι(
3496 3221 3915 3300 ΜονογενῆΛόγε

2291 3310 2389 3367 τοῦ
2439 3311 2667 3385 Πατρός.
2719 3335 2748 3362 ››
2805 3312 2872 3368 Οἱ
2928 3312 3175 3385 κράκται·
3229 3335 3257 3365 ‹‹
3292 3313 3608 3391 Ἀνανάγια’
3643 3337 3669 3365 ››
3717 3313 3742 3367 6
3789 3308 3914 3368 λαός·

2295 3425 2324 3454 ‹‹
2389 3403 2509 3458 Ὅτι
2578 3400 2857 3475 ἐπεσκέψω
2923 3403 3015 3456 καὶ
3102 3400 3399 3479 ἐφώτισας.
3483 3427 3512 3456 ››
3577 3403 3641 3461 Οἱ
3703 3399 3915 3476 κράκται·

2294 3511 2326 3544 (ι
2365 3491 2533 3546 Νανά·
2577 3510 2604 3544 »
2648 3490 2675 3544 6
2735 3488 2888 3553 λαός·
2938 3513 2967 3542 ‹‹
3009 3489 3116 3546 Τὸν
3156 3488 3288 3546 λαόν
3333 3511 3460 3553 σου,
3502 3516 3530 3544 ››
3598 3492 3662 3549 Oi
3701 3488 3912 3564 κράκται”

2292 3602 2321 3631 ‹‹
2359 3579 2534 3653 Ἃγία.
2576 3603 2603 3631 ››
2657 3579 2748 3633 καὶ
2790 3580 2818 3633 ὁ
2860 3577 3015 3641 λαός
3090 3602 3118 3632 ‹‹
3185 3580 3284 3635 Καὶ
3350 3579 3408 3634 ἐν
3468 3587 3536 3656 τῇ
3595 3578 3803 3653 δυνάμει
3837 3595 3913 3629 σου

545 4701 642 4740 um
701 4683 1003 4739 velocitate
1051 4683 1374 4752 certabant,
1419 4681 1680 4738 incidere
1710 4683 1769 4738 in
1793 4683 1946 4738 diem
1997 4681 2159 4738 ana-

498 4755 717 4813 talibus
746 4754 962 4810 Christi
987 4759 1288 4821 octavum,
1321 4755 1428 4809 hoc
1449 4762 1534 4810 est
1556 4756 1877 4810 secundum
1912 4758 2013 4809 aut
2035 4758 2153 4810 ter-

503 4829 647 4884 tium
670 4827 949 4883 Januarii.
983 4825 1144 4892 Quod
1183 4841 1320 4879 sane
1353 4825 1589 4896 pulchre
1629 4841 1763 4882 cum
1814 4825 2048 4881 traditis
2079 4825 2154 4880 vi-

502 4916 702 4957 rorum
733 4901 1034 4954 doctorum
1065 4903 1120 4952 et
1146 4895 1320 4950 veteri
1354 4897 1748 4953 Romanorum
1789 4897 1902 4953 ritu
1944 4912 2152 4954 conve-

504 4974 614 5038 nit,
647 4971 744 5043 qui
777 4971 936 5043 diem
962 4968 1091 5043 novi
1113 4966 1368 5043 anniseu
1396 4969 1882 5043 men_s_i_sJanuarii
1913 4969 2152 5043 tertium

503 5037 785 5114 votis'pro
818 5041 1004 5114 salute
1033 5037 1400 5114 imperatoris
1443 5038 1673 5114 publice
1707 5040 2156 5114 pronuntiandis

507 5110 884 5187 deputabant.
934 5111 1004 5166 V.
1040 5110 1364 5187 Casaubon.
1401 5110 1472 5164 ad
1501 5111 1712 5187 script.
1739 5112 1882 5187 Hist.
1931 5115 2152 5187 Aug._t_.

504 5188 548 5255 Ι,
582 5179 648 5257 ’ρ.
672 5186 800 5251 205,
832 5185 1025 5257 Petav.
1061 5179 1134 5238 ad
1149 5181 1365 5257 Julian.
1399 5197 1456 5257 p.
1492 5179 1650 5257 106,:
1674 5182 1756 5257 l_)u
1791 5182 1989 5257 Cange
2022 5182 2154 5257 CPli

503 5251 720 5314 Christ.
771 5274 825 5326 p.
863 5255 987 5323 439,
1020 5261 1075 5310 et
1118 5270 1177 5326 v.7
1211 5251 1370 5326 Βωτᾲ
1400 5251 1567 5326 ‘item
1617 5253 1898 5326 Ieiunium
1924 5251 2152 5309 'Calen-

498 5330 625 5384 dar.
675 5323 996 5384 Jaduariar.
1057 5329 1114 5380 et
1147 5324 1397 5380 Calendaz
1453 5323 1772 5380 Ianuariae.
1827 5325 2032 5380 Verum
2092 5343 2146 5394 p.

504 5401 608 5455 450
650 5399 844 5454 Nostri
903 5397 1110 5453 dicitur
1139 5397 1293 5452 idem
1336 5401 1525 5452 votum
1569 5396 1833 5465 pedestre
1857 5401 2150 5452 certamen

503 5471 562 5526 in
587 5487 847 5525 mensem
895 5469 1119 5524 Julium
1181 5468 1454 5523 incidere.
1503 5467 1666 5530 Quod
1719 5483 1833 5521 non
1879 5465 2144 5536 concilio,

498 5542 609 5594 nisi
641 5543 915 5596 dicantur
938 5539 1107 5612 plura
1131 5545 1263 5596 vota
1282 5556 1388 5612 per
1417 5555 1641 5612 annum
1673 5538 1957 5612 celebrata
1991 5538 2146 5612 ludis

499 5625 704 5692 cursus
718 5608 1005 5695 pedestris
1035 5608 1446 5695 fuisse._Cujus
1477 5610 1558 5667 rei
1574 5610 1888 5695 vestigium
1917 5608 2145 5695 nullum

496 5682 742 5750 reperio.
776 5682 1125 5752 Recogitaus
1152 5683 1333 5754 igitur
1381 5699 1634 5747 mecum,
1693 5682 1848 5740 diem
1873 5685 2146 5740 votorum

2265 4680 2816 4757 pellerentur),item
2850 4684 3182 4757 eAChronico
3206 4679 3508 4743 Casinensi
3523 4684 3673 4757 apud
3697 4679 3888 4757 Muret.

2265 4749 2308 4808 t.
2341 4753 2389 4808 ΙΙ
2420 4749 2716 4828 Αοιρίἑοι.
2785 4772 2840 4825 ρ.
2875 4755 2979 4810 939
3013 4773 3026 4810 :
3058 4756 3283 4812 tertiam
3319 4768 3531 4828 partem
3559 4749 3624 4813 de
3661 4749 3888 4828 omnibus

2267 4828 2432 4880 rebus
2490 4827 2623 4891 suis,
2675 4822 2803 4896 quae
2837 4829 3002 4882 uxori
3027 4831 3084 4883 in
3143 4828 3231 4884 die
3262 4822 3507 4885 votorum
3555 4831 3642 4884 vir
3685 4822 3886 4880 dederat

2265 4905 2326 4952 ut
2344 4897 2804 4972 margingdbum,
2839 4899 2983 4969 οωρὶ
3037 4899 3302 4972 dubitare
3349 4900 3772 4972 indicareturne
3791 4906 3889 4972 ﬁp‘

2264 4962 2732 5040 pellatione'diei
2759 4962 3025 5026 votorum
3057 4970 3114 5025 in
3140 4979 3337 5028 nostro
3377 4965 3747 5040 caerimoniali
3776 4962 3883 5016 dies

2266 5039 2298 5114 ο
2329 5041 2552 5112 nuptiis
2582 5040 2952 5112 imperatoris
2981 5043 3303 5113 proximus,
3341 5041 3671 5114 quotannis,
3690 5039 3757 5114 at
3785 5045 3884 5114 no}!

2262 5113 2376 5168 ﬁxo
2403 5101 2999 5186 certo‘queitempore:
3015 5115 3114 5170 sed
3142 5101 3301 5186 vage'
3330 5101 3797 5173 r‘ecurrenszua
3823 5101 3886 5158 de

2258 5200 2322 5240 re
2342 5185 2496 5256 quid
2520 5183 2617 5256 sit,
2649 5183 2907 5256 viderint
2927 5184 3044 5242 alii.

2329 5248 2847 5331 (54)Subi_ntellige
2895 5253 3237 5331 innixai_vel
3295 5248 3750 5331 mCoSpépta._Si
3797 5259 3882 5331 ve:

2258 5313 2439 5400 sperae
2471 5326 2616 5400 nulli
2665 5313 2812 5382 sunt
2858 5332 2957 5384 aut
3006 5326 3130 5384 ludi
3189 5313 3487 5400 equestres
3518 5313 3762 5386 curules:
3793 5313 3882 5400 an?

2260 5399 2548 5484 pedestris
2579 5415 2789 5484 cursus
2845 5401 3142 5484 exercitia,
3178 5396 3315 5456 tunc
3373 5396 3660 5484 δίδονταν,ι
3691 5397 3881 5484 neniae

2254 5465 2324 5521 τὰ
2369 5465 2597 5535 ἔπαθλα,
2656 5470 2874 5526 dantur
2948 5475 3184 5543 praemia
3240 5489 3409 5528 mane
3440 5494 3461 5540 ,-
3491 5470 3538 5524 si
3571 5471 3753 5543 autem
3796 5471 3878 5543 ξ’ςθς

2258 5556 2440 5611 Spem
2456 5527 2707 5614 duoque,
2731 5547 2792 5598 ut
2817 5527 3010 5612 man'e,
3025 5527 3165 5600 sunt
3175 5527 3322 5611 ludi,
3342 5527 3476 5604 tunc
3489 5536 3718 5614 prmmia
3731 5527 3878 5588 nulla

2255 5626 2444 5680 mane,
2477 5613 2582 5669 sed
2621 5614 2821 5672 omnia
2843 5631 3094 5687 vespera)
3138 5617 3370 5673 dantur.
