4160 6304
272 355 394 417 613

1121 353 1224 413 DE
1266 353 1721 415 CERIMONIIS
1766 351 2515 432 AULE‘BYZANTINIE
2559 356 2707 419 LIB.
2755 359 2802 418 Ι.

3579 366 3698 426 614

271 489 398 544 ait:
423 510 436 522 ·
474 513 506 542 ››
531 489 561 543 ὁ
611 487 778 551 λαόςο
816 508 844 540 ‹‹
892 488 1170 544 Μεσιτεῖα.
1209 508 1237 536 ››
1285 485 1352 542 Οἱ
1397 485 1627 560 κράκται
1650 489 1664 516 ‘
1701 507 1730 538 ιι
1775 486 1938 542 Ἀνα-

2052 507 2082 537 ‹‹
2126 487 2410 546 Fidelium
2458 491 2881 562 imperatorum
2925 495 3276 550 nostrorum.
3313 516 3342 546 »
3378 498 3650 555 Cantores
3687 517 3701 558 :

267 581 436 635 νάϊαο
474 600 506 630 ››
539 579 569 632 6
616 576 786 640 λαός⁶
845 601 866 627 ι
929 578 1050 633 Τῶν
1113 577 1319 629 πιστῶν
1370 572 1640 648 βασιλέων
1692 575 1875 648 ἡμῶν,
1911 597 1938 624 ››

270 670 335 722 Οἱ
400 669 668 742 κράκται⁶
735 688 758 717 ι
816 664 1086 722 Ανανάϊα·
1141 686 1170 716 ››
1232 666 1260 718 6
1309 662 1487 726 λαός·
1551 687 1580 716 ‹‹
1630 664 1717 725 Ὡς
1777 663 1942 736 μόνος

265 755 718 829 παντοδύναμος.
753 779 783 808 ››
815 754 918 812 Καὶ
947 753 1112 809 πάλιν
1147 751 1398 828 λέγουσιν
1447 754 1498 807 οἱ
1537 753 1761 827 κράκται
1813 751 1942 826 ῗχοὶ-

268 846 396 902 διον
430 845 538 921 ἥχ.
570 869 630 904 π.
673 843 750 899 δ’·
787 869 815 896 ‹‹
850 844 995 898 Νανά
1021 862 1033 874 ·
1057 863 1084 896 ι
1123 844 1150 896 6
1192 841 1322 904 λαός
1347 861 1360 874 ·
1409 865 1436 894 ‹‹
1477 841 1646 904 ’Όλος
1697 843 1725 895 6
1774 841 1942 906 πόθος

263 939 383 994 τῶν
417 936 737 1007 Ῥωμαίων.
773 959 800 986 ‹‹
834 934 902 991 Οἱ
957 931 1187 1006 κράκται
1220 948 1234 962 ⁶
1271 955 1299 982 ››
1355 931 1510 1006 Ἀγία
1543 951 1555 964 ·
1609 954 1638 983 ››
1687 931 1714 984 6
1765 928 1897 992 λαός
1922 945 1936 960 ⁸

272 1052 302 1080 ‹‹
336 1026 440 1087 Εἷς
497 1026 640 1098 ὑμᾶς
694 1026 885 1098 ὁρᾶται
911 1023 978 1094 9°,
1011 1021 1138 1084 τοὺς
1172 1023 1475 1097 εὐεργέτας.
1511 1046 1540 1074 ‹‹
1581 1022 1648 1078 Οἱ
1687 1020 1935 1096 κροὶκται·

272 1138 302 1168 «
338 1116 532 1171 Νανά·
567 1136 592 1167 s
623 1116 650 1170 6
709 1112 842 1175 λαός
868 1131 883 1146 ⁸
918 1136 948 1165 ‹‹
995 1115 1106 1169 Τοῦ
1155 1111 1368 1185 κόσμου
1409 1111 1512 1187 γὰρ
1571 1106 1810 1179 εὐσεϐείᾳ
1851 1107 1935 1164 δε-

277 1207 520 1276 σπόζετε
548 1205 568 1242 ι
601 1204 770 1272 ὅλως,
799 1202 874 1266 εἷς
929 1201 1232 1280 φιλάγαθον
1285 1203 1482 1276 κράτος
1528 1201 1704 1273 ὑμῶν,
1739 1198 1937 1255 δεσπό-

277 1317 396 1352 ται.
443 1319 472 1347 n
505 1291 716 1356 ’Ἀλλος
744 1290 848 1368 ἤχ.
882 1289 944 1346 δ’·
973 1316 1001 1344 ‹‹
1042 1291 1148 1346 Κᾶν
1198 1289 1342 1346 θέλω
1382 1297 1626 1366 σιγῆσαι,
1652 1293 1760 1344 τῶν
1810 1287 1936 1364 τρό-

278 1404 400 1441 πων
438 1405 539 1439 σου
586 1386 622 1454 ἡ
673 1379 994 1457 χρηστότης
1036 1380 1136 1435 οὐκ
1182 1379 1243 1450 ἰᾷ
1293 1401 1382 1453 με,
1414 1381 1435 1416 ³
1472 1402 1502 1432 »
1547 1380 1640 1435 καὶ
1677 1378 1746 1434 τὰ
1789 1377 1935 1449 ἑξῆς.

278 1473 344 1531 Εἰ
377 1471 439 1528 δὲ
469 1471 588 1550 ἔχει
623 1473 650 1527 ὁ
691 1473 964 1544 Πράσινος
1009 1467 1361 1544 προτίμησιν,
1395 1465 1540 1544 λέγει
1571 1468 1756 1547 φωνὴν
1783 1468 1806 1502 ³
1831 1465 1932 1541 ἤχ.

278 1561 440 1619 π.δ’.
475 1586 497 1613 ε
556 1560 1002 1636 Εὐχαριστοῦμέν
1064 1579 1168 1614 σοι.
1225 1555 1419 1630 Χριστέ
1477 1559 1505 1611 6
1564 1558 1690 1619 θεὸς
1750 1559 1931 1629 ἡμῶν,

277 1658 358 1724 τῷ
409 1647 820 1718 διασκεδάζοντι
866 1647 1071 1724 βουλὰς
1116 1647 1306 1718 ἐθνῶν,
1349 1669 1379 1699 ››
1427 1647 1521 1700 καὶ
1558 1647 1624 1701 τὰ
1655 1646 1794 1716 ἑξῆς.
1830 1644 1933 1702 Καὶ

279 1740 450 1798 πάλιν
507 1741 728 1816 λέγουσι
785 1738 1106 1814 τροπάριον,
1154 1737 1257 1811 ἤχ.
1309 1737 1336 1789 6
1386 1735 1544 1796 αὐτός
1579 1755 1591 1768 ·
1629 1756 1659 1790 tt
1708 1733 1934 1810 Πληρο-

2052 598 2081 626 ‹‹
2113 578 2408 649 Ananaia;
2443 603 2471 630 »
2512 580 2760 653 p0pulus
2793 600 2805 639 :
2850 602 2881 635 ι(
2911 586 2986 637 Ut
3035 582 3196 640 solus
3237 585 3631 658 omnipotens.
3668 609 3696 638 »

2051 666 2274 723 Rursus
2305 673 2570 727 cantores
2600 688 2740 729 voce
2769 675 2891 728 toni
2923 673 3151 745 obliqui
3181 675 3368 746 quarti
3390 676 3698 733 modulan-

2048 760 2186 810 tur:
2230 778 2259 806 «
2300 756 2500 828 Nana;
2543 781 2564 809 ι
2609 761 2861 832 populus
2904 778 2918 818 :
2964 781 2993 814 ‹‹
3034 761 3284 819 Unicum
3336 764 3694 822 desiderium

2047 848 2494 902 Romanorum!
2538 871 2566 898 »
2606 849 2922 908 Cantores:
2971 872 3000 904 tt
3044 852 3292 909 Sancta!
3331 876 3361 905 ››
3405 857 3696 926 populus:

2049 951 2079 979 «
2105 931 2171 985 In
2203 949 2326 1002 vos,
2348 951 2380 990 ο
2402 935 2668 1004 beneﬁci,
2688 937 2947 995 intuetur
2973 939 2985 994 ι
3010 964 3032 992 ι
3064 940 3377 998 Cantores:
3405 964 3433 992 «
3456 942 3640 1005 Nana,
3667 965 3695 994 »

2051 1020 2342 1091 populus:
2367 1045 2397 1072 «
2422 1023 2640 1081 Pietate
2660 1027 2815 1082 enim
2839 1029 3110 1084 universo
3135 1030 3260 1085 orbi
3283 1030 3694 1101 dominamini,

2047 1109 2105 1164 in
2161 1111 2342 1166 robur
2406 1117 2664 1170 vestrum
2733 1117 2867 1172 boni
2942 1118 3298 1186 studiosum,
3357 1120 3602 1176 domini.
3667 1141 3696 1170 »

2046 1200 2202 1254 190
2229 1201 2390 1256 Alius
2419 1206 2556 1259 tono
2589 1205 2666 1258 IV
2691 1221 2705 1258 :
2730 1224 2758 1254 «
2791 1205 3034 1261 Etiamsi
3063 1209 3306 1264 virtutes
3339 1212 3471 1265 tuas
3505 1214 3692 1268 tacere

2046 1289 2279 1357 vellem,
2301 1298 2481 1347 costus
2503 1291 2887 1362 Christianus,
2914 1294 2973 1349 id
2996 1311 3112 1350 non
3145 1297 3299 1366 licet,
3315 1318 3345 1347 »
3368 1302 3425 1354 st
3449 1299 3694 1370 reliqua.

2045 1377 2106 1434 Si
2135 1393 2271 1434 vero
2314 1379 2542 1436 Prasini
2582 1382 2936 1453 pracipuam
2977 1383 3213 1440 laudem
3253 1385 3526 1456 retulere,
3558 1403 3696 1444 voce

2047 1467 2167 1523 toni
2227 1468 2450 1540 obliqui
2506 1469 2580 1526 IV
2629 1470 2834 1527 dicunt
2871 1487 2886 1528 :
2931 1491 2960 1520 «
3006 1472 3234 1528 Gratias
3291 1474 3420 1544 tibi,
3467 1475 3696 1532 Christe

2045 1558 2197 1613 Deus
2237 1563 2450 1622 noster,
2485 1559 2738 1630 agimus,
2780 1560 2876 1630 qui
2916 1561 3159 1617 consilia
3204 1563 3469 1633 gentium
3509 1563 3686 1620 dissi-

2043 1645 2218 1716 pasti,
2244 1666 2269 1698 ι
2295 1651 2350 1702 et
2369 1656 2595 1704 cetera.
2619 1650 2843 1704 Rursus
2870 1651 3188 1720 troparium
3211 1651 3414 1707 eodem
3436 1655 3574 1709 tono
3597 1669 3697 1710 ca-

2043 1744 2234 1793 nunt:
2283 1760 2305 1788 ι
2339 1738 2635 1795 Divinitati
2677 1741 2736 1796 in
2775 1741 3052 1797 omnibus
3091 1743 3420 1812 conspicuas
3458 1749 3695 1800 vestras-

281 1834 435 1909 φορῶ
485 1832 601 1903 (55)
664 1829 727 1884 τὸ
788 1832 942 1882 Θεῖον
1005 1825 1057 1881 ἐν
1127 1830 1288 1881 πᾶσιν
1323 1821 1494 1889 ὅντως
1541 1825 1631 1880 καὶ
1674 1825 1738 1880 τὸ
1776 1825 1930 1879 εὐσε-

2044 1840 2158 1896 que
2187 1828 2408 1900 pietati,
2439 1828 2680 1896 domini,
2714 1830 2993 1886 conﬁrmo
3026 1847 3040 1887 :
3075 1830 3274 1887 anima
3304 1837 3498 1888 nostra
3537 1831 3692 1889 haud

278 1919 370 1984 ϐές
571 1919 752 1990 ὑμῶν,
790 1911 1108 1993 εὐεργέται·
1153 1917 1252 1970 οὐκ
1308 1910 1424 1990 ἔχει
1473 1912 1650 1985 ἄλλην
1693 1917 1728 1984 ἡ
1781 1917 1932 1990 ψυχή

2046 1916 2220 1972 aliam
2264 1917 2550 1974 medelam
2592 1918 2784 1983 habet,
2818 1935 2992 1989 quam
3025 1920 3075 1974 si
3104 1935 3229 1987 vos,
3262 1919 3528 1977 dominos
3558 1922 3697 1977 uni-

277 2013 444 2084 ἡμῶν
501 2007 812 2082 θεραπείαν,
864 2006 910 2060 εἰ
964 2007 1039 2078 μὴ
1097 2005 1160 2060 τὸ
1214 2003 1430 2079 βλέπειν
1486 2005 1646 2076 ὑμᾶς,
1679 2004 1807 2065 τοὺς
1851 2002 1938 2058 δε-

275 2101 484 2160 σπότας
534 2104 634 2166 τῆς
690 2093 1044 2168 οἰκουμένης.
1082 2116 1109 2145 ››
1140 2091 1354 2157 ’Ἄλλος
1398 2094 1500 2167 ἤγ.
1535 2090 1596 2146 δ”
1633 2115 1661 2144 ‹‹
1694 2093 1766 2148 T6
1811 2092 1940 2165 ὑμέ-

275 2213 434 2266 τερον
486 2190 711 2264 κράτος,
764 2185 1145 2264 φιλόχριστοι,
1183 2179 1591 2260 θεοπρόϐλητοι
1641 2183 1937 2259 εὐεργέται.

275 2283 338 2340 ἐκ
363 2287 501 2338 Θεοῦ
532 2277 948 2351 καταλάμπεται
981 2275 1205 2347 ἀληθῶς
1235 2275 1324 2329 καὶ
1371 2276 1473 2330 οὐκ
1520 2274 1570 2347 ἐξ
1613 2273 1936 2348 ἀνθρώπων,

275 2375 306 2428 6
341 2370 494 2427 δεῖνα
523 2370 615 2425 καὶ
657 2371 684 2423 6
717 2366 864 2422 δεῖνα
928 2362 1252 2440 ἁγαλλίαμα
1315 2368 1424 2419 τῶν
1467 2365 1726 2420 Βενὲτων.
1759 2386 1787 2415 ››
1819 2364 1936 2427 Εἶθ’

274 2461 456 2522 οὕτως
513 2457 763 2536 λέγουσιν
815 2458 867 2511 οἱ
917 2456 1141 2530 κράκται
1176 2469 1192 2486 ⁶
1247 2475 1275 2509 ι
1311 2454 1506 2526 Ἡμεῖς
1565 2451 1760 2508 δοῦλοι
1824 2457 1934 2508 τῶν

283 2549 596 2627 βασιλέων·
633 2570 660 2603 ι
692 2548 721 2602 6
763 2545 896 2606 λαὸς
940 2545 1174 2618 ὁμοίως.
1207 2543 1273 2600 Οἱ
1313 2542 1539 2616 κράκται
1563 2559 1578 2576 ο
1617 2566 1639 2594 ι
1679 2539 1780 2599 Ἰδε
1811 2540 1938 2598 δοῦ-

280 2637 382 2694 λοι
425 2632 657 2692 εὐσεϐῶν
693 2631 964 2709 βασιλέων
988 2650 1002 2664 ⁶
1038 2654 1064 2687 ι
1093 2635 1122 2687 6
1149 2631 1281 2692 λαὸς
1312 2630 1542 2704 ὁμοίως.
1567 2631 1630 2684 Οἱ
1668 2632 1892 2706 κράχται
1916 2649 1932 2665 ο

287 2751 316 2780 «ι
356 2724 598 2781 Δοῦλοιο
629 2747 656 2776 υ
686 2726 710 2778 6
739 2724 870 2786 λαός
895 2741 910 2756 ⁶
944 2747 973 2775 ‹‹
1014 2726 1132 2780 Τῶν
1181 2719 1470 2797 βασιλέων.
1501 2743 1532 2773 ‹‹
1569 2719 1637 2778 Οἱ
1681 2721 1930 2797 κράκται·

291 2840 322 2867 ‹‹
349 2813 587 2870 Δοῦλοι·
619 2836 646 2864 ››
684 2814 711 2868 6
741 2812 904 2875 λαός·
947 2835 977 2864 κ
1009 2814 1127 2868 Τῶν
1181 2807 1472 2885 βασιλέων.
1512 2831 1542 2861 ››

364 2905 446 2962 Β’.
484 2904 694 2976 Ἰστέον,
725 2903 810 2956 δτι
847 2901 955 2956 ἀπὸ
983 2899 1138 2970 νίκης
1179 2897 1433 2974 λέγονται
1459 2899 1530 2953 τὰ
1556 2896 1934 2973 προρρηθέντα

289 2993 425 3050 ἔκτα
473 3000 574 3062 τῆς
619 2992 771 3063 νίκης
819 2996 928 3046 τῶν
973 2989 1218 3064 ἡνιόχων
1263 2988 1432 3063 πρωΐ.
1463 2991 1590 3063 Χρὴ
1625 2987 1684 3044 δὲ
1713 2987 1930 3061 εἷδὲναι,

276 3084 361 3138 ὅτι
389 3083 500 3138 ἃπὸ
538 3085 637 3137 τοῦ
669 3078 920 3156 δευτέρου
953 3079 1112 3155 βαΐου
1155 3079 1522 3152 κατέρχονται
1575 3077 1682 3133 ἀπὸ
1725 3081 1832 3134 τῶν
1884 3077 1930 3134 δ’

275 3171 474 3246 δήμων
525 3171 578 3226 οἱ
624 3164 1012 3249 παυροφὸροι,
1048 3169 1404 3242 βαστάζοντες
1441 3166 1569 3231 τοὺς
1625 3165 1676 3237 ἐξ
1725 3166 1926 3222 ἀνθέων

271 3260 691 3337 πεπλεγμένους
750 3259 1035 3333 σταυροὺς,
1065 3258 1157 3313 καὶ
1215 3255 1456 3311 ἵστανται
1514 3255 1590 3318 εἷς
1636 3257 1701 3311 τὸ
1749 3258 1928 3331 στάμα

278 3352 330 3408 o't
398 3353 734 3426 κούρσωρες,
793 3346 1038 3424 α’ἷροντες
1107 3346 1233 3409 τοὺς
1307 3346 1588 3408 τοιούτους
1665 3349 1925 3422 σταυροὺς

274 3444 604 3517 ἀναφέρουσι
643 3441 780 3517 πρὸς
825 3439 953 3502 τοὺς
999 3437 1282 3510 δεσπότας,
1321 3435 1412 3492 καὶ
1461 3435 1658 3501 εὐθέως
1699 3435 1926 3511 λέγουσι

272 3534 339 3587 τὰ
381 3530 538 3587 ἔκτα.
585 3531 655 3588 Οἱ
700 3530 960 3605 κράκταιο
1011 3548 1034 3578 ι
1084 3529 1144 3585 Ὀ
1193 3532 1335 3591 θεῖος
1387 3526 1556 3588 τόπος
1600 3527 1735 3600 (57),
1790 3527 1928 3602 βοή-

276 3633 442 3692 θησον
491 3620 623 3682 τοὺς
669 3617 930 3680 δεσπότας
970 3635 984 3649 ο
1028 3639 1057 3670 ››
1105 3617 1134 3672 6
1183 3615 1316 3677 λαὸς
1381 3613 1441 3670 ἐκ
1484 3616 1530 3692 γ’
1587 3614 1815 3689 ὁμοίως.
1859 3616 1928 3672 Οἱ

284 3711 551 3784 κράκται·
601 3731 624 3763 ε
655 3709 743 3766 Ἐν
791 3705 971 3780 τούτῳ
1023 3705 1332 3784 ἐστέφθητε,
1365 3704 1418 3759 οἱ
1465 3703 1776 3779 εὐεργέται·
1820 3728 1849 3756 ››
1897 3706 1924 3758 ὁ

280 3797 414 3862 λαὸς
465 3797 676 3872 ὁμοίως
710 3798 776 3852 ὁκ
821 3803 890 3873 γ’.
931 3795 997 3852 Οἱ
1043 3795 1305 3870 κράχταιο
1343 3817 1370 3845 ‹‹
1413 3794 1500 3848 Ἐν
1545 3792 1724 3865 τούτῳ
1775 3795 1924 3868 βασι.

277 3889 467 3946 Αεύετε
500 3887 593 3943 καὶ
647 3891 866 3941 νικᾶτε·
918 3906 947 3937 ››
995 3887 1086 3940 καί
1132 3883 1160 3938 6
1207 3882 1338 3944 λαὸς
1383 3881 1538 3956 ἄδι-γ’
1595 3882 1827 3954 ὁμοίως.
1861 3883 1929 3939 Οἱ

281 3977 517 4049 κράκται
538 3993 552 4006 ο
587 3997 616 4026 ι(
650 3973 736 4030 Ἐν
766 3972 944 4044 τούτῳ
995 3967 1212 4025 ὀλέσετε
1245 3969 1313 4024 τὰ
1349 3967 1476 4040 ἔθνη
1525 3969 1702 4024 πάντα
1725 3988 1738 4002 ·
1778 3992 1808 4021 ››
1838 3970 1928 4026 καὶ

271 4065 298 4119 ὁ
331 4063 468 4128 λαὸς
510 4062 572 4120 ἐκ
596 4064 641 4137 γ’
673 4061 902 4136 ὁμοίως.
933 4063 1039 4115 Τοῦ
1089 4058 1146 4114 δὲ
1195 4058 1428 4134 ὀργάνου
1456 4059 1927 4134 τρισαγιάζοντος,

2043 2008 2216 2074 versi,
2249 2006 2528 2063 intuetur.
2565 2028 2594 2057 »
2625 2007 2783 2064 Alius
2812 2011 2950 2064 tono
2981 2010 3095 2063 IV:
3129 2030 3158 2058 α
3189 2008 3452 2065 Potestas
3481 2014 3692 2077 vestra,

2049 2095 2257 2151 Christi
2286 2104 2547 2153 amantes
2568 2104 2740 2168 atque
2765 2098 2876 2153 Deo
2906 2097 3159 2168 promoti
3181 2106 3234 2154 et
3259 2099 3504 2154 beneﬁci
3533 2100 3692 2170 prin-

2051 2184 2230 2254 cipes,
2263 2202 2294 2240 a
2323 2185 2442 2242 Deo
2487 2190 2661 2256 certe,
2696 2203 2810 2242 non
2860 2201 2963 2257 per
3010 2186 3300 2256 homines,
3330 2187 3689 2259 resplendet,

2053 2273 2121 2328 N.
2165 2274 2234 2328 N.
2279 2273 2544 2346 voluptas
2582 2279 2640 2332 et
2677 2275 2958 2346 gaudium
3007 2277 3377 2332 Venetorum.
3411 2298 3441 2326 »
3486 2279 3694 2335 Postea

2044 2370 2311 2420 cantores
2337 2364 2577 2421 dicunt:
2603 2386 2632 2415 «
2655 2364 2773 2421 Nos
2793 2366 2945 2421 servi
2976 2365 3393 2430 imperatorum
3420 2383 3434 2436 ;
3461 2386 3486 2418 s
3512 2382 3694 2440 popu-

2044 2451 2138 2508 lus
2168 2453 2394 2509 eadem.
2426 2453 2701 2510 Cantores
2727 2469 2740 2508 :
2771 2475 2799 2504 ι(
2833 2453 2979 2510 Ecce
3008 2456 3152 2511 servi
3184 2455 3406 2526 piorum
3436 2456 3694 2528 impera-

2040 2543 2268 2597 torum!
2308 2563 2338 2592 »
2378 2542 2628 2614 pepulus
2667 2543 2956 2600 similiter.
2999 2545 3271 2600 Cantores
3306 2560 3320 2600 :
3355 2564 3385 2594 «
3414 2545 3612 2613 Servi;
3646 2566 3678 2598 ι)

2036 2631 2288 2703 populus
2321 2646 2334 2686 :
2367 2646 2396 2680 α
2427 2631 2873 2703 Imperatorum,
2913 2653 2944 2683 ››
2987 2633 3266 2689 Cantores
3298 2649 3313 2690 :
3359 2655 3387 2684 «
3417 2635 3614 2706 Servi;
3645 2656 3675 2686 »

2039 2725 2324 2800 populus:
2359 2747 2388 2777 «
2419 2725 2863 2798 Imperatorum.
2897 2747 2928 2779 ι)

2107 2904 2176 2960 Ii.
2211 2904 2340 2961 Post
2385 2903 2682 2963 victoriam
2723 2909 2850 2962 acta
2876 2905 3129 2962 victorias
3166 2905 3506 2979 aurigarum
3542 2925 3672 2965 ma-

2034 2995 2236 3050 tutinse
2291 2993 2628 3050 recitantur.
2681 2997 2822 3051 Post
2871 2997 3188 3051 secundam
3238 3012 3373 3053 vero
3417 2997 3675 3070 palmam

2033 3081 2317 3154 crucigeri
2362 3100 2395 3139 a
2431 3087 2683 3154 quatuor
2720 3083 2953 3156 populis
2993 3085 3380 3154 descendunt,
3411 3103 3612 3144 cruces
3650 3103 3683 3144 ο

2040 3171 2284 3228 ﬂoribus
2331 3176 2625 3228 contextae
2664 3177 2984 3244 portantes,
3017 3173 3077 3229 in
3106 3175 3353 3231 statione
3381 3191 3516 3232 vero
3545 3191 3681 3232 our-

2038 3277 2200 3317 sores
2229 3263 2459 3331 adsunt,
2484 3262 2708 3334 basque
2738 3279 2940 3320 cruces
2971 3267 3236 3335 sumunt,
3259 3265 3451 3336 iisque
3481 3266 3554 3321 ad
3585 3266 3683 3323 do-

2036 3353 2228 3410 minos
2260 3353 2472 3421 allatis,
2497 3355 2697 3410 statim
2728 3360 2858 3412 acta
2888 3356 3148 3412 recitent.
3173 3357 3448 3413 Cantores
3473 3373 3486 3413 :
3520 3376 3551 3408 «
3581 3357 3682 3413 Di-

2034 3442 2171 3497 vina
2210 3443 2426 3514 imago,
2469 3443 2726 3498 dominis
2768 3443 3080 3499 auxiliare!
3117 3466 3145 3494 «
3177 3446 3376 3500 eadem
3428 3445 3682 3516 populus

2034 3532 2122 3586 ter
2151 3532 2463 3586 Cantores:
2489 3551 2518 3580 ‹‹
2545 3532 2607 3585 In
2639 3531 2768 3600 hac,
2791 3531 3054 3587 muniﬁci
3085 3533 3391 3602 principes,
3422 3535 3682 3588 coronati

2037 3617 2208 3675 estisl
2236 3639 2264 3669 »
2288 3619 2372 3674 sic
2397 3619 2648 3691 populus
2667 3623 2774 3675 ter.
2790 3620 3096 3676 Cantores:
3118 3642 3138 3669 ι
3167 3621 3229 3674 In
3251 3620 3360 3675 hac
3380 3620 3682 3690 imperatis

2039 3712 2098 3764 et
2113 3707 2375 3774 vincitis;
2400 3727 2428 3757 »
2452 3707 2537 3764 sic
2559 3706 2810 3779 populus
2830 3713 2936 3763 ter.
2960 3706 3267 3763 Cantores:
3294 3729 3323 3758 «
3346 3708 3407 3764 In
3435 3707 3540 3764 hac
3562 3724 3687 3764 om-

2039 3812 2142 3852 nes
2175 3793 2420 3867 populos
2450 3810 2692 3866 pessum
2743 3795 2996 3864 dabitis;
3027 3815 3058 3846 »
3091 3796 3176 3852 sic
3205 3800 3262 3851 et
3290 3795 3542 3867 populus
3572 3801 3682 3854 ter.

2039 3884 2268 3956 Organo
2289 3897 2427 3938 vero
2446 3883 2766 3955 trisagium
2786 3883 3144 3952 modulante,
3160 3888 3428 3941 cantores
3450 3883 3686 3940 dicunt:

2041 3996 2070 4024 «
2091 3973 2202 4028 Ter
2232 3977 2452 4044 sancte,
2477 3973 2752 4029 dominos
2784 3973 2996 4043 adjuva
3019 3993 3033 4043 ;
3058 3995 3086 4024 »
3111 3974 3197 4030 sic
3220 3977 3279 4030 et
3299 3975 3545 4046 populus
3577 3982 3680 4030 ter.

2041 4062 2321 4118 Caeterum
2343 4061 2544 4120 omnia
2564 4059 2896 4133 spectacula
2907 4062 3353 4133 equestria,tum
3371 4061 3683 4132 matutina,

1616 4185 1858 4242 VARI/E
1926 4187 2344 4246 LECTIONES.

344 4291 580 4374 ηὸεᾶτε
617 4290 746 4347 cod.
800 4292 858 4345 et
904 4288 994 4345 ed.
1076 4289 1092 4325 ¹
1139 4277 1380 4340 εὐσέϐεια
1429 4279 1746 4352 ὃεσπόζεται
1798 4286 1904 4343 cod
1955 4290 2013 4343 et
2060 4291 2149 4343 ed.
2201 4285 2330 4344 Vld.
2383 4301 2565 4360 supra
2614 4303 2667 4358 p.
2700 4288 2824 4343 323.
2902 4288 3056 4346 ’cod
3091 4290 3149 4345 et
3174 4289 3266 4345 ed.
3295 4287 3428 4344 Vid.
3464 4305 3523 4360 p.
3553 4289 3682 4346 323.

271 4367 292 4402 ⁸
321 4363 484 4444 φωνῇ
513 4363 610 4422 ed.

1344 4473 1541 4534 JOAN.
1575 4477 1715 4535 JAC.
1748 4475 2003 4535 REISKII
2043 4475 2620 4534 COMMENTARIUS.

343 4586 462 4657 (55)
520 4573 903 4657 Πληροφορεῖν
941 4595 1081 4657 ,τινα
1134 4579 1225 4657 est
1276 4577 1522 4657 aliquem
1575 4592 1826 4633 securum
1871 4582 1924 4633 ct
1953 4580 1998 4644 D
2029 4574 2856 4657 Graaculossubrepentemlfet
2875 4591 3066 4657 nugas
3088 4578 3527 4657 trahentem_;_v.
3554 4579 3684 4657 Als-

272 4648 876 4727 coriﬁdentcni'la'cerc,
907 4649 1082 4708 alicui
1122 4648 1346 4719 aliquid
1369 4648 1536 4704 ’certo
1566 4664 1919 4705 asseverare.

275 4729 356 4777 Ita
404 4726 794 4777 Theonhanes
842 4741 897 4777 ι).
948 4721 1070 4777 105.
1119 4723 1497 4777 πληροφοοεῖν
1545 4739 1662 4774 τινα
1709 4719 1919 4777 ὅρκοις.

274 4726 794 4797 ItaTheophanes
842 4741 897 4794 p.
948 4726 1070 4789 105,
1119 4726 1497 4796 πληροφορεῖν
1545 4739 1662 4774 τινα
1709 4726 1920 4793 ὅρκοις,

273 4806 329 4875 et
359 4817 410 4868 p.
444 4799 569 4854 110.
595 4797 705 4875 Est
741 4811 878 4866 ergo
907 4808 1114 4875 sensus
1139 4807 1159 4875 :_
1187 4793 1452 4875 serasera.
1471 4795 1806 4875 citerior-que
1835 4793 1919 4847 di-

273 4808 328 4856 et
359 4817 410 4868 p.
444 4808 569 4854 1w.
604 4808 705 4852 Est
741 4811 878 4866 ergo
907 4808 1152 4848 sensus:
1187 4808 1441 4848 assevero
1471 4808 1700 4848 αιιωιον
1737 4809 1806 4846 ue
1835 4808 1919 4847 αι-

272 4873 400 4928 uino
448 4870 671 4925 numini
715 4877 770 4923 et
816 4873 1004 4922 vestrae
1049 4865 1262 4935 pietati,
1301 4862 1517 4920 domini
1558 4808 1802 4934 beneﬁci,
1835 4878 1922 4919 re-

274 4959 424 5009 vera,
455 4939 636 4996 modis
681 4937 952 5005 omnibus,
998 4937 1248 5009 animam
1292 4940 1537 5009 nostram
1576 4949 1688 4991 non
1725 4935 1924 4990 habere

273 5007 453 5086 aliam
477 5010 749 5086 medelam
777 5015 884 5086 etc.
911 5007 1076 5086 ;_vi_d.
1107 5007 1260 5086 infra
1290 5007 1503 5086 p496.
1542 5070 1570 5086 Δ
1598 5077 1608 5086 ι
1876 5075 1886 5086 _

342 5085 465 5168 (εδ)
496 5081 735 5168 Titulus
774 5070 1028 5168 mea
1041 5070 1326 5168 ,παρτεμξέ
1341 5076 1398 5168 β,
1411 5070 1731 5168 siit-aiis:
1748 5075 1922 5168 991i?

275 5148 488 5214 Graecis
518 5148 827 5218 conﬁctos,
849 5157 916 5208 ut
933 5148 1203 5207 Latinum
1231 5148 1357 5220 pius
1375 5150 1786 5221 exprimerent.
1809 5148 1922 5204 Sed

275 5227 448 5300 longe
482 5225 640 5281 aliud
671 5228 762 5280 est
777 5214 923 5300 pius,
947 5214 1242 5300 diversum
1262 5221 1333 5276 ab
1356 5214 1602 5300 εὐσεϐής.
1623 5222 1922 5300 Quatenus

274 5285 410 5376 ρίᾳῖ
431 5285 794 5376 reverenteni
822 5285 921 5376 l)_ei
949 5292 1267 5376 signiticet,
1288 5285 1832 5376 congruit-566561715.
1856 5292 1927 5346 At

278 5363 438 5441 prius
460 5372 759 5440 quatenus
783 5363 1030 5441 principi
1050 5365 1352 5441 tribuitur,
1376 5363 1922 5441 anmantemcivium,

277 5429 604 5517 ἶριλόπολιν,
652 5429 841 5517 notat,
879 5429 1032 5517 quod
1087 5429 1498 5517 eumAsﬁcEGi};
1551 5434 1696 5517 nihil
1752 5429 1926 5517 habet

277 5507 613 5576 commune,
653 5515 712 5566 et
759 5507 1042 5570 originem
1083 5507 1263 5563 traxit
1298 5523 1329 5563 e
1368 5524 1514 5564 novo
1561 5507 1924 5562 Testamento

277 5591 334 5642 et
360 5603 396 5642 a
422 5581 794 5641 Christianis.
823 5583 884 5638 Si
914 5579 1232 5638 Justinian.
1265 5577 1406 5638 Nov.
1431 5581 1523 5646 78,
1547 5579 1781 5634 titulum
1813 5581 1924 5634 im-

279 5657 559 5730 perialem
588 5655 744 5730 pius
780 5655 876 5730 ab
922 5651 1209 5730 Antonino
1268 5650 1926 5730 Pio_arce_ssit,.prodit

278 5720 708 5802 antiquitatum
739 5729 797 5784 et
819 5723 1080 5783 historias
1106 5722 1519 5794 ignorantiam,
1541 5724 1670 5806 jam
1699 5723 1827 5778 tum
1860 5720 1923 5777 in

2033 4664 2232 4703 mann.
2275 4649 2344 4718 ad
2386 4649 2626 4717 Procop.
2660 4663 2717 4718 p.
2748 4648 2839 4701 72.
2871 4653 2930 4703 et
2969 4648 3249 4707 Harduin.
3281 4652 3352 4708 ad
3396 4652 3681 4708 Themist.

2030 4737 2087 4790 p.
2115 4720 2239 4775 4'27.
2272 4717 2406 4774 Pius
2432 4719 2504 4773 de
2547 4717 2677 4773 Deo’
2699 4723 2800 4773 aut
2839 4719 2910 4776 de
2949 4725 3112 4790 patre
3154 4722 3459 4778 hominum
3504 4729 3562 4779 et
3606 4723 3681 4778 li-

2031 4791 2302 4865 berorum
2336 4795 2568 4846 amante
2591 4791 2813 4865 Latinis
2833 4793 3082 4865 vetustis
3106 4793 3427 4850 dicebatur.
3455 4795 3523 4849 Et
3543 4795 3681 4865 quia

2031 4863 2347 4929 imperator
2373 4866 2530 4932 pater
2557 4863 2761 4918 civium
2785 4870 2837 4918 et
2856 4861 3058 4934 patriae
3088 4869 3468 4934 reputabatur
3499 4861 3677 4934 atque

2033 4934 2347 5006 dicebatur,
2383 4935 2508 4988 ideo
2540 4934 2675 5006 pitu
2715 4934 3004 5001 audiebat,
3040 4939 3098 4990 et
3126 4937 3228 5006 qui
3273 4952 3412 4991 eum
3448 4935 3684 4990 lmderet

2031 5009 2159 5078 aut-
2172 5004 2506 5078 offenderet,
2540 5003 2863 5062 habebatur
2901 5006 3108 5076 impius
3136 5003 3194 5062 et
3224 5006 3555 5078 impietatis,
3577 5008 3678 5072 τῆς

2030 5068 2298 5142 ἀσεϐείας,
2339 5068 2746 5146 accusabatur,
2796 5081 2860 5132 ut
2901 5068 3098 5133 contra
3141 5078 3238 5148 qui
3289 5068 3425 5148 eum
3464 5068 3685 5148 coleret

2031 5149 2548 5236 etnamaret,npius
2595 5148 3126 5236 erat.__Yid_.NYales.
3162 5147 3244 5232 ad
3295 5147 3584 5236 Xiphilip.
3604 5163 3680 5236 εἰ

2033 5219 2192 5291 10841
2239 5220 2332 5277 ed.
2368 5213 2641 5291 'R'eimar.
2671 5223 2699 5289 §
2734 5219 2824 5291 57.
2874 5220 3318 5291 ’[Προσιιυνῶῌσε
3363 5213 3438 5291 ὡς
3483 5213 3679 5283 εὐσεϐῆ

2031 5290 2127 5364 καὶ,
2177 5289 2239 5344 ἐκ
2292 5294 2426 5346 Θεοῦ
2483 5285 2862 5363 προϐλῆθὲντα
2906 5285 3166 5364 βασιλέα.
3218 5289 3556 5361 Theophan.
3618 5305 3677 5361 p.

2250 5436 2451 5507 Divina
2479 5436 2681 5507 imago,
2716 5431 3062 5507 imago_Dei_
3084 5431 3384 5507 patientis.
3418 5432 3505 5507 Ita
3536 5447 3680 5507 cru-

2033 5501 2160 5598 llce’r'n
2202 5501 2512 5598 appellant
2564 5503 2778 5598 Graecil
2799 5501 2952 5559 nevi.
2973 5501 3680 5598 ATHEEE)h;_R.\1A8:_-‘E€3ES

2030 5575 2208 5640 θείους
2247 5573 2451 5640 τόπους
2499 5573 2922 5650 (mitteremur
2969 5573 3192 5650 editum
3244 5573 3402 5650 fuit,)
3443 5590 3681 5633 crucem

2031 5650 2290 5722 appellat
2314 5665 2449 5706 cum
2479 5649 2655 5705 rebus
2684 5645 2824 5703 illuc
2853 5645 3305 5718 pertinentibus.
