  <div class='ocr_page' id='page_1' title='image "/cluster/home/n/w/nwhite01/storage/ocr_20150623/112/mdp.39015034364078/318.png"; bbox 0 0 4136 6302; ppageno 0'>
   <div class='ocr_carea' id='block_1_1' title="bbox 221 378 2764 447">
    <p class='ocr_par' dir='ltr' id='par_1_1' title="bbox 221 378 2764 447">
     <span class='ocr_line' id='line_1_1' title="bbox 221 378 2764 447; baseline 0.006 -17"><span class='ocrx_word' id='word_1_1' title='bbox 221 385 321 445; x_wconf 76' lang='lat'><strong>521</strong></span> <span class='ocrx_word' id='word_1_2' title='bbox 1081 378 1180 438; x_wconf 90' lang='lat' dir='ltr'><strong>DE</strong></span> <span class='ocrx_word' id='word_1_3' title='bbox 1226 379 1674 441; x_wconf 75' lang='lat' dir='ltr'><strong>CElthONIlS</strong></span> <span class='ocrx_word' id='word_1_4' title='bbox 1720 379 1955 441; x_wconf 67' lang='lat' dir='ltr'><strong>AULzE</strong></span> <span class='ocrx_word' id='word_1_5' title='bbox 1997 381 2474 447; x_wconf 76' lang='lat' dir='ltr'><strong>BYZANTlN/E</strong></span> <span class='ocrx_word' id='word_1_6' title='bbox 2515 386 2670 447; x_wconf 89' lang='lat' dir='ltr'><strong>LIB.</strong></span> <span class='ocrx_word' id='word_1_7' title='bbox 2716 385 2764 445; x_wconf 94' lang='grc'><strong>1.</strong></span> 
     </span>
    </p>
   </div>
   <div class='ocr_carea' id='block_1_2' title="bbox 3509 395 3632 453">
    <p class='ocr_par' dir='ltr' id='par_1_2' title="bbox 3509 395 3632 453">
     <span class='ocr_line' id='line_1_2' title="bbox 3509 395 3632 453; baseline 0 0"><span class='ocrx_word' id='word_1_8' title='bbox 3509 395 3632 453; x_wconf 75' lang='lat'><strong>622</strong></span> 
     </span>
    </p>
   </div>
   <div class='ocr_carea' id='block_1_3' title="bbox 219 508 1858 597">
    <p class='ocr_par' dir='ltr' id='par_1_3' title="bbox 219 508 1858 587">
     <span class='ocr_line' id='line_1_3' title="bbox 219 508 1858 587; baseline -0.005 -14"><span class='ocrx_word' id='word_1_9' title='bbox 219 515 401 587; x_wconf 82' lang='grc' dir='ltr'>σίδιον,</span> <span class='ocrx_word' id='word_1_10' title='bbox 434 519 535 572; x_wconf 81' lang='grc' dir='ltr'>τοῦ</span> <span class='ocrx_word' id='word_1_11' title='bbox 571 512 705 570; x_wconf 77' lang='grc' dir='ltr'>δὲτὸ</span> <span class='ocrx_word' id='word_1_12' title='bbox 738 512 967 584; x_wconf 82' lang='grc' dir='ltr'>ζωστόν.</span> <span class='ocrx_word' id='word_1_13' title='bbox 991 511 1124 568; x_wconf 75' lang='grc' dir='ltr'>Εἶτα</span> <span class='ocrx_word' id='word_1_14' title='bbox 1183 508 1410 566; x_wconf 84' lang='grc' dir='ltr'>ἐπιδίδει</span> <span class='ocrx_word' id='word_1_15' title='bbox 1441 513 1485 548; x_wconf 66' lang='lat'><strong>‘7</strong></span> <span class='ocrx_word' id='word_1_16' title='bbox 1545 513 1574 565; x_wconf 99' lang='lat'><strong>6</strong></span> <span class='ocrx_word' id='word_1_17' title='bbox 1631 512 1858 567; x_wconf 81' lang='grc' dir='ltr'>ἀκτουά-</span> 
     </span>
    </p>
   </div>
   <div class='ocr_carea' id='block_1_4' title="bbox 1972 508 3638 597">
    <p class='ocr_par' dir='ltr' id='par_1_4' title="bbox 1981 518 3638 597">
     <span class='ocr_line' id='line_1_4' title="bbox 1981 518 3638 597; baseline 0.006 -27"><span class='ocrx_word' id='word_1_18' title='bbox 1981 530 2214 574; x_wconf 91' lang='lat' dir='ltr'><strong>manum</strong></span> <span class='ocrx_word' id='word_1_19' title='bbox 2270 519 2470 588; x_wconf 83' lang='lat' dir='ltr'><strong>tradit,</strong></span> <span class='ocrx_word' id='word_1_20' title='bbox 2529 518 2822 576; x_wconf 82' lang='lat' dir='ltr'><strong>cassidem</strong></span> <span class='ocrx_word' id='word_1_21' title='bbox 2849 519 3022 592; x_wconf 91' lang='lat' dir='ltr'><strong>capiti</strong></span> <span class='ocrx_word' id='word_1_22' title='bbox 3082 520 3354 593; x_wconf 82' lang='lat' dir='ltr'><strong>imponit,</strong></span> <span class='ocrx_word' id='word_1_23' title='bbox 3405 523 3638 597; x_wconf 86' lang='lat' dir='ltr'><strong>cingulo</strong></span> 
     </span>
    </p>
   </div>
   <div class='ocr_carea' id='block_1_5' title="bbox 218 599 1872 683">
    <p class='ocr_par' dir='ltr' id='par_1_5' title="bbox 218 599 1872 683">
     <span class='ocr_line' id='line_1_5' title="bbox 218 599 1872 683; baseline -0.002 -25"><span class='ocrx_word' id='word_1_24' title='bbox 218 626 323 683; x_wconf 82' lang='grc' dir='ltr'>ριος</span> <span class='ocrx_word' id='word_1_25' title='bbox 381 605 444 659; x_wconf 88' lang='grc' dir='ltr'><strong>τό</strong></span> <span class='ocrx_word' id='word_1_26' title='bbox 505 604 603 677; x_wconf 67' lang='grc' dir='ltr'>μὲν</span> <span class='ocrx_word' id='word_1_27' title='bbox 662 601 977 676; x_wconf 79' lang='grc' dir='ltr'>αὐριγάριον</span> <span class='ocrx_word' id='word_1_28' title='bbox 1011 601 1088 662; x_wconf 82' lang='grc' dir='ltr'>εἰς</span> <span class='ocrx_word' id='word_1_29' title='bbox 1134 601 1229 662; x_wconf 71' lang='grc' dir='ltr'><strong>τὰς</strong></span> <span class='ocrx_word' id='word_1_30' title='bbox 1262 605 1452 676; x_wconf 86' lang='grc' dir='ltr'>χεῖρας</span> <span class='ocrx_word' id='word_1_31' title='bbox 1479 600 1663 655; x_wconf 78' lang='grc' dir='ltr'>αὐτοῦ·</span> <span class='ocrx_word' id='word_1_32' title='bbox 1711 601 1772 655; x_wconf 86' lang='grc' dir='ltr'>τὸ</span> <span class='ocrx_word' id='word_1_33' title='bbox 1815 599 1872 655; x_wconf 75' lang='grc' dir='ltr'>δὲ</span> 
     </span>
    </p>
   </div>
   <div class='ocr_carea' id='block_1_6' title="bbox 220 689 1866 769">
    <p class='ocr_par' dir='ltr' id='par_1_6' title="bbox 220 689 1866 769">
     <span class='ocr_line' id='line_1_6' title="bbox 220 689 1866 769; baseline -0.004 -19"><span class='ocrx_word' id='word_1_34' title='bbox 220 690 493 750; x_wconf 80' lang='grc' dir='ltr'>κασσίδιον</span> <span class='ocrx_word' id='word_1_35' title='bbox 528 692 835 761; x_wconf 76' lang='grc' dir='ltr'><strong>ἐπιτίθησιν</strong></span> <span class='ocrx_word' id='word_1_36' title='bbox 870 689 956 745; x_wconf 80' lang='grc' dir='ltr'><strong>ἐπὶ</strong></span> <span class='ocrx_word' id='word_1_37' title='bbox 989 697 1087 758; x_wconf 82' lang='grc' dir='ltr'>τῆς</span> <span class='ocrx_word' id='word_1_38' title='bbox 1143 689 1384 769; x_wconf 75' lang='grc' dir='ltr'>κεφαλῆς</span> <span class='ocrx_word' id='word_1_39' title='bbox 1429 690 1620 760; x_wconf 78' lang='grc' dir='ltr'>αὐτοῦ,</span> <span class='ocrx_word' id='word_1_40' title='bbox 1659 689 1748 744; x_wconf 83' lang='grc' dir='ltr'><strong>καὶ</strong></span> <span class='ocrx_word' id='word_1_41' title='bbox 1804 690 1866 744; x_wconf 87' lang='grc' dir='ltr'>τὸ</span> 
     </span>
    </p>
   </div>
   <div class='ocr_carea' id='block_1_7' title="bbox 219 778 1865 855">
    <p class='ocr_par' dir='ltr' id='par_1_7' title="bbox 219 778 1865 855">
     <span class='ocr_line' id='line_1_7' title="bbox 219 778 1865 855; baseline -0.004 -15"><span class='ocrx_word' id='word_1_42' title='bbox 219 785 412 855; x_wconf 79' lang='grc' dir='ltr'>ζωστὸν</span> <span class='ocrx_word' id='word_1_43' title='bbox 472 783 694 852; x_wconf 80' lang='grc' dir='ltr'>ζωννύει</span> <span class='ocrx_word' id='word_1_44' title='bbox 741 781 818 842; x_wconf 80' lang='grc' dir='ltr'>εἷς</span> <span class='ocrx_word' id='word_1_45' title='bbox 863 780 929 835; x_wconf 77' lang='grc' dir='ltr'>τὰ</span> <span class='ocrx_word' id='word_1_46' title='bbox 988 781 1122 853; x_wconf 78' lang='grc' dir='ltr'>μέσα</span> <span class='ocrx_word' id='word_1_47' title='bbox 1173 780 1359 850; x_wconf 77' lang='grc' dir='ltr'>αὐτοῦ,</span> <span class='ocrx_word' id='word_1_48' title='bbox 1409 781 1497 834; x_wconf 78' lang='grc' dir='ltr'><strong>καὶ</strong></span> <span class='ocrx_word' id='word_1_49' title='bbox 1547 781 1644 834; x_wconf 74' lang='grc' dir='ltr'>εἶθ’</span> <span class='ocrx_word' id='word_1_50' title='bbox 1693 778 1865 840; x_wconf 68' lang='grc' dir='ltr'>οὕτως</span> 
     </span>
    </p>
   </div>
   <div class='ocr_carea' id='block_1_8' title="bbox 221 866 1866 952">
    <p class='ocr_par' dir='ltr' id='par_1_8' title="bbox 221 866 1866 952">
     <span class='ocr_line' id='line_1_8' title="bbox 221 866 1866 952; baseline -0.007 -24"><span class='ocrx_word' id='word_1_51' title='bbox 221 878 354 952; x_wconf 64' lang='grc' dir='ltr'>νίέγει</span> <span class='ocrx_word' id='word_1_52' title='bbox 404 874 432 927; x_wconf 93' lang='lat'><strong>6</strong></span> <span class='ocrx_word' id='word_1_53' title='bbox 485 869 667 944; x_wconf 79' lang='grc' dir='ltr'>δῆμος</span> <span class='ocrx_word' id='word_1_54' title='bbox 698 870 764 925; x_wconf 73' lang='grc' dir='ltr'>τὰ</span> <span class='ocrx_word' id='word_1_55' title='bbox 822 867 974 924; x_wconf 72' lang='grc' dir='ltr'>ἆκτα·</span> <span class='ocrx_word' id='word_1_56' title='bbox 1004 892 1030 920; x_wconf 90' lang='grc'><strong>‹‹</strong></span> <span class='ocrx_word' id='word_1_57' title='bbox 1072 867 1287 938; x_wconf 82' lang='grc' dir='ltr'>Πολλὰ,</span> <span class='ocrx_word' id='word_1_58' title='bbox 1321 868 1526 938; x_wconf 78' lang='grc' dir='ltr'>πολλὰ,</span> <span class='ocrx_word' id='word_1_59' title='bbox 1581 866 1785 923; x_wconf 81' lang='grc' dir='ltr'>πολλά’</span> <span class='ocrx_word' id='word_1_60' title='bbox 1823 867 1866 938; x_wconf 73' lang='grc' dir='ltr'><strong>ί»</strong></span> 
     </span>
    </p>
   </div>
   <div class='ocr_carea' id='block_1_9' title="bbox 220 956 1868 1033">
    <p class='ocr_par' dir='ltr' id='par_1_9' title="bbox 220 956 1868 1033">
     <span class='ocr_line' id='line_1_9' title="bbox 220 956 1868 1033; baseline -0.004 -16"><span class='ocrx_word' id='word_1_61' title='bbox 220 964 244 1017; x_wconf 97' lang='lat'><strong>6</strong></span> <span class='ocrx_word' id='word_1_62' title='bbox 274 961 422 1022; x_wconf 82' lang='grc' dir='ltr'>λαός·</span> <span class='ocrx_word' id='word_1_63' title='bbox 458 985 486 1011; x_wconf 94' lang='grc'><em>‹‹</em></span> <span class='ocrx_word' id='word_1_64' title='bbox 516 958 718 1016; x_wconf 77' lang='grc' dir='ltr'>Ηολλὰ</span> <span class='ocrx_word' id='word_1_65' title='bbox 746 956 838 1030; x_wconf 77' lang='grc' dir='ltr'>ἔτη</span> <span class='ocrx_word' id='word_1_66' title='bbox 883 960 959 1019; x_wconf 82' lang='grc' dir='ltr'><strong>εἷς</strong></span> <span class='ocrx_word' id='word_1_67' title='bbox 988 956 1193 1013; x_wconf 80' lang='grc' dir='ltr'>πολλά.</span> <span class='ocrx_word' id='word_1_68' title='bbox 1228 981 1255 1009; x_wconf 85' lang='grc'>››</span> <span class='ocrx_word' id='word_1_69' title='bbox 1290 959 1350 1012; x_wconf 76' lang='lat' dir='ltr'><strong>0i.</strong></span> <span class='ocrx_word' id='word_1_70' title='bbox 1373 958 1620 1033; x_wconf 74' lang='grc' dir='ltr'>κρᾶκται·</span> <span class='ocrx_word' id='word_1_71' title='bbox 1655 981 1683 1009; x_wconf 91' lang='grc'>‹‹</span> <span class='ocrx_word' id='word_1_72' title='bbox 1725 957 1868 1014; x_wconf 82' lang='grc' dir='ltr'>Πολ-</span> 
     </span>
    </p>
   </div>
   <div class='ocr_carea' id='block_1_10' title="bbox 219 1046 1861 1126">
    <p class='ocr_par' dir='ltr' id='par_1_10' title="bbox 219 1046 1861 1126">
     <span class='ocr_line' id='line_1_10' title="bbox 219 1046 1861 1126; baseline -0.004 -18"><span class='ocrx_word' id='word_1_73' title='bbox 219 1052 298 1108; x_wconf 83' lang='grc' dir='ltr'>λοί</span> <span class='ocrx_word' id='word_1_74' title='bbox 335 1054 464 1126; x_wconf 83' lang='grc' dir='ltr'>ὑμῖν</span> <span class='ocrx_word' id='word_1_75' title='bbox 497 1050 718 1125; x_wconf 82' lang='grc' dir='ltr'><strong>χρόνοι,</strong></span> <span class='ocrx_word' id='word_1_76' title='bbox 751 1051 786 1119; x_wconf 77' lang='grc' dir='ltr'>ἡ</span> <span class='ocrx_word' id='word_1_77' title='bbox 819 1048 1024 1123; x_wconf 83' lang='grc' dir='ltr'>ἐκλογὴ</span> <span class='ocrx_word' id='word_1_78' title='bbox 1050 1055 1150 1118; x_wconf 84' lang='grc' dir='ltr'>τῆς</span> <span class='ocrx_word' id='word_1_79' title='bbox 1183 1046 1438 1122; x_wconf 80' lang='grc' dir='ltr'>Τριάδος·</span> <span class='ocrx_word' id='word_1_80' title='bbox 1463 1072 1490 1101; x_wconf 85' lang='grc'><strong>››</strong></span> <span class='ocrx_word' id='word_1_81' title='bbox 1526 1051 1758 1125; x_wconf 69' lang='grc' dir='ltr'>φθογγεϊ</span> <span class='ocrx_word' id='word_1_82' title='bbox 1773 1048 1861 1102; x_wconf 83' lang='grc' dir='ltr'><strong>καὶ</strong></span> 
     </span>
    </p>
   </div>
   <div class='ocr_carea' id='block_1_11' title="bbox 217 1136 1860 1214">
    <p class='ocr_par' dir='ltr' id='par_1_11' title="bbox 217 1136 1860 1214">
     <span class='ocr_line' id='line_1_11' title="bbox 217 1136 1860 1214; baseline -0.004 -16"><span class='ocrx_word' id='word_1_83' title='bbox 217 1141 396 1203; x_wconf 84' lang='grc' dir='ltr'>ὁλαὸς</span> <span class='ocrx_word' id='word_1_84' title='bbox 429 1139 490 1196; x_wconf 81' lang='grc' dir='ltr'><strong>ἐκ</strong></span> <span class='ocrx_word' id='word_1_85' title='bbox 513 1142 582 1214; x_wconf 75' lang='grc' dir='ltr'><strong>γ’*</strong></span> <span class='ocrx_word' id='word_1_86' title='bbox 639 1162 665 1190; x_wconf 84' lang='grc'>‹‹</span> <span class='ocrx_word' id='word_1_87' title='bbox 721 1141 893 1212; x_wconf 59' lang='lat' dir='ltr'><strong>&quot;Avis.</strong></span> <span class='ocrx_word' id='word_1_88' title='bbox 930 1160 959 1189; x_wconf 84' lang='lat'>»</span> <span class='ocrx_word' id='word_1_89' title='bbox 1015 1138 1082 1194; x_wconf 79' lang='grc' dir='ltr'><strong>Οἱ</strong></span> <span class='ocrx_word' id='word_1_90' title='bbox 1121 1138 1368 1212; x_wconf 75' lang='grc' dir='ltr'>κράκται.</span> <span class='ocrx_word' id='word_1_91' title='bbox 1401 1160 1430 1194; x_wconf 71' lang='grc' dir='ltr'>ο</span> <span class='ocrx_word' id='word_1_92' title='bbox 1486 1136 1698 1192; x_wconf 83' lang='grc' dir='ltr'>Πολλοὶ</span> <span class='ocrx_word' id='word_1_93' title='bbox 1735 1137 1860 1210; x_wconf 78' lang='grc' dir='ltr'>ὑμῖν</span> 
     </span>
    </p>
   </div>
   <div class='ocr_carea' id='block_1_12' title="bbox 217 1224 1861 1306">
    <p class='ocr_par' dir='ltr' id='par_1_12' title="bbox 217 1224 1861 1306">
     <span class='ocr_line' id='line_1_12' title="bbox 217 1224 1861 1306; baseline -0.003 -21"><span class='ocrx_word' id='word_1_94' title='bbox 217 1231 422 1306; x_wconf 85' lang='grc' dir='ltr'>χρόνοι,</span> <span class='ocrx_word' id='word_1_95' title='bbox 483 1233 538 1283; x_wconf 78' lang='grc' dir='ltr'><strong>οὶ</strong></span> <span class='ocrx_word' id='word_1_96' title='bbox 593 1227 915 1302; x_wconf 73' lang='grc' dir='ltr'>θεράποντες</span> <span class='ocrx_word' id='word_1_97' title='bbox 965 1229 1062 1281; x_wconf 78' lang='grc' dir='ltr'><strong>τοῦ</strong></span> <span class='ocrx_word' id='word_1_98' title='bbox 1114 1226 1334 1301; x_wconf 75' lang='grc' dir='ltr'>Κυρίου·</span> <span class='ocrx_word' id='word_1_99' title='bbox 1387 1250 1414 1278; x_wconf 86' lang='grc'><strong>››</strong></span> <span class='ocrx_word' id='word_1_100' title='bbox 1462 1228 1489 1280; x_wconf 88' lang='grc' dir='ltr'>ὁ</span> <span class='ocrx_word' id='word_1_101' title='bbox 1531 1224 1665 1288; x_wconf 87' lang='grc' dir='ltr'>λαὸς</span> <span class='ocrx_word' id='word_1_102' title='bbox 1707 1225 1764 1280; x_wconf 82' lang='grc' dir='ltr'>ἐκ</span> <span class='ocrx_word' id='word_1_103' title='bbox 1793 1228 1861 1303; x_wconf 81' lang='grc' dir='ltr'><strong>γ’·</strong></span> 
     </span>
    </p>
   </div>
   <div class='ocr_carea' id='block_1_13' title="bbox 219 1315 1863 1396">
    <p class='ocr_par' dir='ltr' id='par_1_13' title="bbox 219 1315 1863 1396">
     <span class='ocr_line' id='line_1_13' title="bbox 219 1315 1863 1396; baseline -0.002 -23"><span class='ocrx_word' id='word_1_104' title='bbox 219 1345 244 1373; x_wconf 83' lang='grc' dir='ltr'>ι(</span> <span class='ocrx_word' id='word_1_105' title='bbox 273 1321 446 1396; x_wconf 84' lang='grc' dir='ltr'>Ἀγιε·</span> <span class='ocrx_word' id='word_1_106' title='bbox 479 1341 510 1372; x_wconf 80' lang='grc'><strong>››</strong></span> <span class='ocrx_word' id='word_1_107' title='bbox 553 1319 607 1373; x_wconf 81' lang='grc' dir='ltr'><strong>οἱ</strong></span> <span class='ocrx_word' id='word_1_108' title='bbox 648 1318 882 1374; x_wconf 78' lang='grc' dir='ltr'>Βὲνετοι·</span> <span class='ocrx_word' id='word_1_109' title='bbox 938 1339 966 1367; x_wconf 87' lang='grc'><strong>‹‹</strong></span> <span class='ocrx_word' id='word_1_110' title='bbox 1021 1315 1230 1370; x_wconf 79' lang='grc' dir='ltr'>Πολλοὶ</span> <span class='ocrx_word' id='word_1_111' title='bbox 1285 1315 1409 1388; x_wconf 77' lang='grc' dir='ltr'><strong>ὅμῖν</strong></span> <span class='ocrx_word' id='word_1_112' title='bbox 1455 1315 1675 1394; x_wconf 85' lang='grc' dir='ltr'>χρόνοι.</span> <span class='ocrx_word' id='word_1_113' title='bbox 1713 1340 1732 1366; x_wconf 77' lang='grc' dir='ltr'><strong>ι</strong></span> <span class='ocrx_word' id='word_1_114' title='bbox 1796 1316 1863 1371; x_wconf 77' lang='lat' dir='ltr'><strong>Oi.</strong></span> 
     </span>
    </p>
   </div>
   <div class='ocr_carea' id='block_1_14' title="bbox 215 1401 1862 1483">
    <p class='ocr_par' dir='ltr' id='par_1_14' title="bbox 215 1401 1862 1483">
     <span class='ocr_line' id='line_1_14' title="bbox 215 1401 1862 1483; baseline -0.003 -20"><span class='ocrx_word' id='word_1_115' title='bbox 215 1410 454 1483; x_wconf 79' lang='grc' dir='ltr'>κράκται·</span> <span class='ocrx_word' id='word_1_116' title='bbox 492 1432 521 1458; x_wconf 93' lang='grc'><strong>‹‹</strong></span> <span class='ocrx_word' id='word_1_117' title='bbox 565 1403 785 1464; x_wconf 82' lang='grc' dir='ltr'>Πολλοὶ</span> <span class='ocrx_word' id='word_1_118' title='bbox 820 1405 946 1478; x_wconf 83' lang='grc' dir='ltr'>ὑμῖν</span> <span class='ocrx_word' id='word_1_119' title='bbox 993 1404 1210 1480; x_wconf 82' lang='grc' dir='ltr'><strong>χρόνοι,</strong></span> <span class='ocrx_word' id='word_1_120' title='bbox 1246 1405 1274 1458; x_wconf 94' lang='lat'><strong>6</strong></span> <span class='ocrx_word' id='word_1_121' title='bbox 1305 1401 1452 1458; x_wconf 85' lang='grc' dir='ltr'>δεῖνα</span> <span class='ocrx_word' id='word_1_122' title='bbox 1481 1405 1570 1458; x_wconf 78' lang='grc' dir='ltr'><strong>καὶ</strong></span> <span class='ocrx_word' id='word_1_123' title='bbox 1603 1405 1630 1458; x_wconf 89' lang='lat'><strong>6</strong></span> <span class='ocrx_word' id='word_1_124' title='bbox 1689 1401 1862 1458; x_wconf 84' lang='grc' dir='ltr'>δεῖνα-</span> 
     </span>
    </p>
   </div>
   <div class='ocr_carea' id='block_1_15' title="bbox 217 1491 1863 1573">
    <p class='ocr_par' dir='ltr' id='par_1_15' title="bbox 217 1491 1863 1573">
     <span class='ocr_line' id='line_1_15' title="bbox 217 1491 1863 1573; baseline -0.003 -20"><span class='ocrx_word' id='word_1_125' title='bbox 217 1498 612 1573; x_wconf 86' lang='grc' dir='ltr'>αὐτοκράτορες</span> <span class='ocrx_word' id='word_1_126' title='bbox 671 1493 980 1568; x_wconf 81' lang='grc' dir='ltr'><strong>Ῥωμαίων·</strong></span> <span class='ocrx_word' id='word_1_127' title='bbox 1045 1517 1072 1546; x_wconf 89' lang='grc'><strong>››</strong></span> <span class='ocrx_word' id='word_1_128' title='bbox 1134 1494 1161 1548; x_wconf 91' lang='lat'><strong>6</strong></span> <span class='ocrx_word' id='word_1_129' title='bbox 1203 1491 1336 1555; x_wconf 85' lang='grc' dir='ltr'>λαὸς</span> <span class='ocrx_word' id='word_1_130' title='bbox 1368 1491 1426 1548; x_wconf 83' lang='grc' dir='ltr'>ἐκ</span> <span class='ocrx_word' id='word_1_131' title='bbox 1481 1495 1546 1567; x_wconf 88' lang='grc' dir='ltr'><strong>γ’·</strong></span> <span class='ocrx_word' id='word_1_132' title='bbox 1584 1517 1611 1545; x_wconf 86' lang='grc' dir='ltr'>κ</span> <span class='ocrx_word' id='word_1_133' title='bbox 1653 1492 1863 1548; x_wconf 82' lang='grc' dir='ltr'>Πολλοὶ</span> 
     </span>
    </p>
   </div>
   <div class='ocr_carea' id='block_1_16' title="bbox 219 1581 1861 1662">
    <p class='ocr_par' dir='ltr' id='par_1_16' title="bbox 219 1581 1861 1662">
     <span class='ocr_line' id='line_1_16' title="bbox 219 1581 1861 1662; baseline -0.005 -19"><span class='ocrx_word' id='word_1_134' title='bbox 219 1589 336 1660; x_wconf 87' lang='grc' dir='ltr'>ὑμῖν</span> <span class='ocrx_word' id='word_1_135' title='bbox 387 1587 606 1662; x_wconf 83' lang='grc' dir='ltr'>χρόνοι.</span> <span class='ocrx_word' id='word_1_136' title='bbox 646 1607 676 1636; x_wconf 79' lang='grc'>››</span> <span class='ocrx_word' id='word_1_137' title='bbox 734 1583 801 1641; x_wconf 77' lang='grc' dir='ltr'><strong>Οἱ</strong></span> <span class='ocrx_word' id='word_1_138' title='bbox 852 1583 1098 1657; x_wconf 79' lang='grc' dir='ltr'>κράκταιο</span> <span class='ocrx_word' id='word_1_139' title='bbox 1156 1606 1176 1634; x_wconf 77' lang='grc' dir='ltr'>α</span> <span class='ocrx_word' id='word_1_140' title='bbox 1232 1581 1440 1637; x_wconf 80' lang='grc' dir='ltr'>Πολλοὶ</span> <span class='ocrx_word' id='word_1_141' title='bbox 1489 1582 1614 1655; x_wconf 75' lang='grc' dir='ltr'><strong>δμῖν</strong></span> <span class='ocrx_word' id='word_1_142' title='bbox 1648 1581 1861 1655; x_wconf 88' lang='grc' dir='ltr'>χρόνοι,</span> 
     </span>
    </p>
   </div>
   <div class='ocr_carea' id='block_1_17' title="bbox 219 1671 1866 1749">
    <p class='ocr_par' dir='ltr' id='par_1_17' title="bbox 219 1671 1866 1749">
     <span class='ocr_line' id='line_1_17' title="bbox 219 1671 1866 1749; baseline -0.004 -19"><span class='ocrx_word' id='word_1_143' title='bbox 219 1673 466 1732; x_wconf 73' lang='grc' dir='ltr'><strong>δεσπόται</strong></span> <span class='ocrx_word' id='word_1_144' title='bbox 497 1673 593 1728; x_wconf 79' lang='grc' dir='ltr'>σὺν</span> <span class='ocrx_word' id='word_1_145' title='bbox 637 1678 755 1733; x_wconf 85' lang='grc' dir='ltr'>ταῖς</span> <span class='ocrx_word' id='word_1_146' title='bbox 795 1671 1130 1746; x_wconf 79' lang='grc' dir='ltr'><strong>Αὐγούσταις</strong></span> <span class='ocrx_word' id='word_1_147' title='bbox 1185 1671 1273 1726; x_wconf 78' lang='grc' dir='ltr'><strong>καὶ</strong></span> <span class='ocrx_word' id='word_1_148' title='bbox 1329 1676 1446 1734; x_wconf 88' lang='grc' dir='ltr'>τοῖς</span> <span class='ocrx_word' id='word_1_149' title='bbox 1494 1691 1866 1749; x_wconf 70' lang='grc' dir='ltr'>πορφυρογεν-</span> 
     </span>
    </p>
   </div>
   <div class='ocr_carea' id='block_1_18' title="bbox 216 1759 1864 1838">
    <p class='ocr_par' dir='ltr' id='par_1_18' title="bbox 216 1759 1864 1838">
     <span class='ocr_line' id='line_1_18' title="bbox 216 1759 1864 1838; baseline -0.004 -18"><span class='ocrx_word' id='word_1_150' title='bbox 216 1768 408 1836; x_wconf 72' lang='grc' dir='ltr'>νήτοις⁶</span> <span class='ocrx_word' id='word_1_151' title='bbox 445 1787 472 1819; x_wconf 80' lang='grc'><strong>››</strong></span> <span class='ocrx_word' id='word_1_152' title='bbox 536 1765 565 1819; x_wconf 92' lang='lat'><strong>6</strong></span> <span class='ocrx_word' id='word_1_153' title='bbox 621 1761 754 1825; x_wconf 86' lang='grc' dir='ltr'>λαὸς</span> <span class='ocrx_word' id='word_1_154' title='bbox 795 1759 854 1816; x_wconf 83' lang='grc' dir='ltr'>ἐκ</span> <span class='ocrx_word' id='word_1_155' title='bbox 881 1762 947 1838; x_wconf 84' lang='grc' dir='ltr'><strong>γ’·</strong></span> <span class='ocrx_word' id='word_1_156' title='bbox 983 1787 1002 1814; x_wconf 80' lang='grc' dir='ltr'>ι</span> <span class='ocrx_word' id='word_1_157' title='bbox 1046 1759 1269 1818; x_wconf 82' lang='grc' dir='ltr'>Ηολλοὶ</span> <span class='ocrx_word' id='word_1_158' title='bbox 1321 1763 1450 1834; x_wconf 83' lang='grc' dir='ltr'>ὑμῖν</span> <span class='ocrx_word' id='word_1_159' title='bbox 1483 1760 1692 1836; x_wconf 79' lang='grc' dir='ltr'><strong>χρόνοι.</strong></span> <span class='ocrx_word' id='word_1_160' title='bbox 1737 1785 1764 1813; x_wconf 86' lang='grc'><strong>››</strong></span> <span class='ocrx_word' id='word_1_161' title='bbox 1797 1762 1864 1818; x_wconf 80' lang='grc' dir='ltr'><strong>Οἱ</strong></span> 
     </span>
    </p>
   </div>
   <div class='ocr_carea' id='block_1_19' title="bbox 215 1847 1865 1932">
    <p class='ocr_par' dir='ltr' id='par_1_19' title="bbox 215 1847 1865 1932">
     <span class='ocr_line' id='line_1_19' title="bbox 215 1847 1865 1932; baseline -0.003 -23"><span class='ocrx_word' id='word_1_162' title='bbox 215 1855 453 1932; x_wconf 82' lang='grc' dir='ltr'>κράκται.</span> <span class='ocrx_word' id='word_1_163' title='bbox 500 1879 527 1906; x_wconf 73' lang='grc' dir='ltr'>(ι</span> <span class='ocrx_word' id='word_1_164' title='bbox 571 1854 629 1906; x_wconf 89' lang='grc' dir='ltr'><strong>Ὀ</strong></span> <span class='ocrx_word' id='word_1_165' title='bbox 676 1848 909 1906; x_wconf 78' lang='grc' dir='ltr'>δεῖνασὺ</span> <span class='ocrx_word' id='word_1_166' title='bbox 959 1850 1210 1925; x_wconf 78' lang='grc' dir='ltr'>εὐτυχεῖς</span> <span class='ocrx_word' id='word_1_167' title='bbox 1255 1850 1328 1906; x_wconf 79' lang='grc' dir='ltr'><strong>εἷς</strong></span> <span class='ocrx_word' id='word_1_168' title='bbox 1375 1851 1465 1904; x_wconf 86' lang='grc' dir='ltr'>τὸν</span> <span class='ocrx_word' id='word_1_169' title='bbox 1514 1847 1692 1922; x_wconf 79' lang='grc' dir='ltr'>δῆμον</span> <span class='ocrx_word' id='word_1_170' title='bbox 1735 1854 1865 1905; x_wconf 77' lang='grc' dir='ltr'>τοῦ·</span> 
     </span>
    </p>
   </div>
   <div class='ocr_carea' id='block_1_20' title="bbox 222 1941 1864 2017">
    <p class='ocr_par' dir='ltr' id='par_1_20' title="bbox 222 1941 1864 2017">
     <span class='ocr_line' id='line_1_20' title="bbox 222 1941 1864 2017; baseline -0.003 -17"><span class='ocrx_word' id='word_1_171' title='bbox 222 1967 326 2008; x_wconf 86' lang='grc' dir='ltr'>τος·</span> <span class='ocrx_word' id='word_1_172' title='bbox 365 1970 392 1996; x_wconf 86' lang='grc'><strong>››</strong></span> <span class='ocrx_word' id='word_1_173' title='bbox 426 1946 454 2000; x_wconf 91' lang='lat'><strong>6</strong></span> <span class='ocrx_word' id='word_1_174' title='bbox 487 1943 625 2005; x_wconf 83' lang='grc' dir='ltr'>λαὸς</span> <span class='ocrx_word' id='word_1_175' title='bbox 685 1942 746 1998; x_wconf 81' lang='grc' dir='ltr'>ἐκ</span> <span class='ocrx_word' id='word_1_176' title='bbox 790 1942 853 2017; x_wconf 85' lang='grc' dir='ltr'><strong>γ’·</strong></span> <span class='ocrx_word' id='word_1_177' title='bbox 902 1966 923 1994; x_wconf 79' lang='grc' dir='ltr'><strong>ι</strong></span> <span class='ocrx_word' id='word_1_178' title='bbox 986 1944 1159 2015; x_wconf 76' lang='grc' dir='ltr'>Ἂγιε.</span> <span class='ocrx_word' id='word_1_179' title='bbox 1193 1962 1219 1994; x_wconf 73' lang='grc' dir='ltr'><strong>ιι</strong></span> <span class='ocrx_word' id='word_1_180' title='bbox 1281 1941 1348 1998; x_wconf 73' lang='grc' dir='ltr'><strong>Οἱ</strong></span> <span class='ocrx_word' id='word_1_181' title='bbox 1388 1958 1634 2015; x_wconf 74' lang='grc' dir='ltr'>κρακταιο</span> <span class='ocrx_word' id='word_1_182' title='bbox 1674 1966 1695 1992; x_wconf 75' lang='grc' dir='ltr'><em>α</em></span> <span class='ocrx_word' id='word_1_183' title='bbox 1732 1946 1864 1995; x_wconf 86' lang='grc' dir='ltr'>Στε-</span> 
     </span>
    </p>
   </div>
   <div class='ocr_carea' id='block_1_21' title="bbox 222 2029 1864 2113">
    <p class='ocr_par' dir='ltr' id='par_1_21' title="bbox 222 2029 1864 2113">
     <span class='ocr_line' id='line_1_21' title="bbox 222 2029 1864 2113; baseline -0.003 -24"><span class='ocrx_word' id='word_1_184' title='bbox 222 2036 418 2113; x_wconf 72' lang='grc' dir='ltr'>φὰνιον,</span> <span class='ocrx_word' id='word_1_185' title='bbox 491 2029 773 2101; x_wconf 81' lang='grc' dir='ltr'>δεσπόται,</span> <span class='ocrx_word' id='word_1_186' title='bbox 825 2034 904 2102; x_wconf 79' lang='grc' dir='ltr'>τῷ</span> <span class='ocrx_word' id='word_1_187' title='bbox 940 2029 1208 2106; x_wconf 75' lang='grc' dir='ltr'>βηγαρῖῳ.</span> <span class='ocrx_word' id='word_1_188' title='bbox 1271 2051 1298 2083; x_wconf 78' lang='grc' dir='ltr'><strong>ιι</strong></span> <span class='ocrx_word' id='word_1_189' title='bbox 1365 2032 1462 2087; x_wconf 79' lang='grc' dir='ltr'><strong>Καὶ</strong></span> <span class='ocrx_word' id='word_1_190' title='bbox 1538 2029 1634 2094; x_wconf 79' lang='grc' dir='ltr'><strong>εἶθ’</strong></span> <span class='ocrx_word' id='word_1_191' title='bbox 1691 2029 1864 2091; x_wconf 74' lang='grc' dir='ltr'>οὕτως</span> 
     </span>
    </p>
   </div>
   <div class='ocr_carea' id='block_1_22' title="bbox 223 2119 1863 2197">
    <p class='ocr_par' dir='ltr' id='par_1_22' title="bbox 223 2119 1863 2197">
     <span class='ocr_line' id='line_1_22' title="bbox 223 2119 1863 2197; baseline -0.004 -18"><span class='ocrx_word' id='word_1_192' title='bbox 223 2121 646 2178; x_wconf 66' lang='grc' dir='ltr'>ἀποστέλλουσιν</span> <span class='ocrx_word' id='word_1_193' title='bbox 681 2120 828 2193; x_wconf 85' lang='grc' dir='ltr'>αὐτῷ</span> <span class='ocrx_word' id='word_1_194' title='bbox 851 2121 1133 2197; x_wconf 77' lang='grc' dir='ltr'>στεφάνων</span> <span class='ocrx_word' id='word_1_195' title='bbox 1162 2119 1251 2174; x_wconf 78' lang='grc' dir='ltr'><strong>καὶ</strong></span> <span class='ocrx_word' id='word_1_196' title='bbox 1306 2119 1544 2192; x_wconf 74' lang='grc' dir='ltr'>ἱμάτιον,</span> <span class='ocrx_word' id='word_1_197' title='bbox 1577 2119 1664 2175; x_wconf 78' lang='grc' dir='ltr'><strong>καὶ</strong></span> <span class='ocrx_word' id='word_1_198' title='bbox 1695 2119 1863 2175; x_wconf 86' lang='grc' dir='ltr'>πάλιν</span> 
     </span>
    </p>
   </div>
   <div class='ocr_carea' id='block_1_23' title="bbox 220 2206 1862 2290">
    <p class='ocr_par' dir='ltr' id='par_1_23' title="bbox 220 2206 1862 2290">
     <span class='ocr_line' id='line_1_23' title="bbox 220 2206 1862 2290; baseline -0.002 -22"><span class='ocrx_word' id='word_1_199' title='bbox 220 2211 466 2290; x_wconf 72' lang='grc' dir='ltr'>λέγουσιν</span> <span class='ocrx_word' id='word_1_200' title='bbox 497 2213 549 2267; x_wconf 73' lang='grc' dir='ltr'>οἱ</span> <span class='ocrx_word' id='word_1_201' title='bbox 580 2210 829 2286; x_wconf 82' lang='grc' dir='ltr'>κράκται’</span> <span class='ocrx_word' id='word_1_202' title='bbox 896 2233 924 2262; x_wconf 85' lang='grc'><em>‹‹</em></span> <span class='ocrx_word' id='word_1_203' title='bbox 976 2209 1159 2284; x_wconf 73' lang='grc' dir='ltr'>Κύριε,</span> <span class='ocrx_word' id='word_1_204' title='bbox 1209 2213 1382 2264; x_wconf 81' lang='grc' dir='ltr'>σῶσον</span> <span class='ocrx_word' id='word_1_205' title='bbox 1426 2208 1553 2271; x_wconf 79' lang='grc' dir='ltr'>τοὺς</span> <span class='ocrx_word' id='word_1_206' title='bbox 1600 2206 1862 2272; x_wconf 74' lang='grc' dir='ltr'>δεσπότας</span> 
     </span>
    </p>
   </div>
   <div class='ocr_carea' id='block_1_24' title="bbox 219 2297 1860 2377">
    <p class='ocr_par' dir='ltr' id='par_1_24' title="bbox 219 2297 1860 2377">
     <span class='ocr_line' id='line_1_24' title="bbox 219 2297 1860 2377; baseline -0.004 -18"><span class='ocrx_word' id='word_1_207' title='bbox 219 2302 528 2377; x_wconf 81' lang='grc' dir='ltr'><strong>Ῥωμαῖωγο</strong></span> <span class='ocrx_word' id='word_1_208' title='bbox 565 2325 595 2354; x_wconf 74' lang='lat' dir='ltr'><strong>n</strong></span> <span class='ocrx_word' id='word_1_209' title='bbox 621 2302 649 2356; x_wconf 89' lang='lat'><strong>6</strong></span> <span class='ocrx_word' id='word_1_210' title='bbox 673 2299 805 2362; x_wconf 80' lang='grc' dir='ltr'>λαὸς</span> <span class='ocrx_word' id='word_1_211' title='bbox 830 2299 888 2354; x_wconf 79' lang='grc' dir='ltr'>ἐκ</span> <span class='ocrx_word' id='word_1_212' title='bbox 907 2305 971 2374; x_wconf 71' lang='grc' dir='ltr'><strong>γ’·</strong></span> <span class='ocrx_word' id='word_1_213' title='bbox 996 2323 1023 2350; x_wconf 85' lang='grc'><em>‹‹</em></span> <span class='ocrx_word' id='word_1_214' title='bbox 1051 2297 1237 2372; x_wconf 73' lang='grc' dir='ltr'>Κύριε,</span> <span class='ocrx_word' id='word_1_215' title='bbox 1264 2303 1458 2353; x_wconf 80' lang='grc' dir='ltr'>σῶσον·</span> <span class='ocrx_word' id='word_1_216' title='bbox 1485 2323 1513 2344; x_wconf 70' lang='grc' dir='ltr'><strong>η</strong></span> <span class='ocrx_word' id='word_1_217' title='bbox 1533 2297 1860 2372; x_wconf 67' lang='grc' dir='ltr'>Οἳκράκται·</span> 
     </span>
    </p>
   </div>
   <div class='ocr_carea' id='block_1_25' title="bbox 224 2385 1864 2466">
    <p class='ocr_par' dir='ltr' id='par_1_25' title="bbox 224 2385 1864 2466">
     <span class='ocr_line' id='line_1_25' title="bbox 224 2385 1864 2466; baseline -0.001 -24"><span class='ocrx_word' id='word_1_218' title='bbox 224 2391 452 2466; x_wconf 79' lang='grc' dir='ltr'>«Κύριε,</span> <span class='ocrx_word' id='word_1_219' title='bbox 509 2395 682 2446; x_wconf 77' lang='grc' dir='ltr'>σῶσον</span> <span class='ocrx_word' id='word_1_220' title='bbox 726 2387 853 2451; x_wconf 75' lang='grc' dir='ltr'>τοὺς</span> <span class='ocrx_word' id='word_1_221' title='bbox 905 2385 1170 2449; x_wconf 80' lang='grc' dir='ltr'><strong>δεσπότας</strong></span> <span class='ocrx_word' id='word_1_222' title='bbox 1219 2386 1312 2442; x_wconf 80' lang='grc' dir='ltr'>σὺν</span> <span class='ocrx_word' id='word_1_223' title='bbox 1360 2393 1478 2450; x_wconf 86' lang='grc' dir='ltr'>ταῖς</span> <span class='ocrx_word' id='word_1_224' title='bbox 1521 2387 1864 2464; x_wconf 73' lang='grc' dir='ltr'>Αὐγούσταις</span> 
     </span>
    </p>
   </div>
   <div class='ocr_carea' id='block_1_26' title="bbox 227 2474 1858 2560">
    <p class='ocr_par' dir='ltr' id='par_1_26' title="bbox 227 2474 1858 2560">
     <span class='ocr_line' id='line_1_26' title="bbox 227 2474 1858 2560; baseline -0.003 -24"><span class='ocrx_word' id='word_1_225' title='bbox 227 2480 314 2537; x_wconf 65' lang='grc' dir='ltr'><strong>καὶ</strong></span> <span class='ocrx_word' id='word_1_226' title='bbox 340 2486 457 2545; x_wconf 79' lang='grc' dir='ltr'>τοῖς</span> <span class='ocrx_word' id='word_1_227' title='bbox 485 2479 1032 2560; x_wconf 66' lang='grc' dir='ltr'>πορφυρογεννήτοις·</span> <span class='ocrx_word' id='word_1_228' title='bbox 1065 2498 1090 2529; x_wconf 72' lang='grc' dir='ltr'><strong><em>ι</em></strong></span> <span class='ocrx_word' id='word_1_229' title='bbox 1139 2477 1166 2531; x_wconf 88' lang='lat'><strong>6</strong></span> <span class='ocrx_word' id='word_1_230' title='bbox 1210 2474 1344 2539; x_wconf 83' lang='grc' dir='ltr'>λαὸς</span> <span class='ocrx_word' id='word_1_231' title='bbox 1393 2475 1454 2532; x_wconf 85' lang='grc' dir='ltr'><strong>ἐκ</strong></span> <span class='ocrx_word' id='word_1_232' title='bbox 1504 2477 1571 2553; x_wconf 80' lang='grc' dir='ltr'><strong>γ’”</strong></span> <span class='ocrx_word' id='word_1_233' title='bbox 1606 2501 1633 2529; x_wconf 90' lang='grc'>‹‹</span> <span class='ocrx_word' id='word_1_234' title='bbox 1672 2477 1858 2550; x_wconf 79' lang='grc' dir='ltr'>Κύριε,</span> 
     </span>
    </p>
   </div>
   <div class='ocr_carea' id='block_1_27' title="bbox 227 2565 1859 2643">
    <p class='ocr_par' dir='ltr' id='par_1_27' title="bbox 227 2565 1859 2643">
     <span class='ocr_line' id='line_1_27' title="bbox 227 2565 1859 2643; baseline -0.001 -20"><span class='ocrx_word' id='word_1_235' title='bbox 227 2573 422 2625; x_wconf 79' lang='grc' dir='ltr'>σῶσον.</span> <span class='ocrx_word' id='word_1_236' title='bbox 456 2570 636 2624; x_wconf 73' lang='grc' dir='ltr'>»Εἶτα</span> <span class='ocrx_word' id='word_1_237' title='bbox 669 2566 892 2643; x_wconf 63' lang='grc' dir='ltr'>λέγουσι</span> <span class='ocrx_word' id='word_1_238' title='bbox 921 2567 1112 2628; x_wconf 84' lang='grc' dir='ltr'>πάντες</span> <span class='ocrx_word' id='word_1_239' title='bbox 1162 2566 1304 2640; x_wconf 77' lang='grc' dir='ltr'><strong>ὀμοιῖ</strong></span> <span class='ocrx_word' id='word_1_240' title='bbox 1350 2565 1747 2642; x_wconf 86' lang='grc' dir='ltr'>πολυχρόνιον,</span> <span class='ocrx_word' id='word_1_241' title='bbox 1797 2566 1859 2622; x_wconf 90' lang='grc' dir='ltr'>Ὁ</span> 
     </span>
    </p>
   </div>
   <div class='ocr_carea' id='block_1_28' title="bbox 234 2653 1857 2736">
    <p class='ocr_par' dir='ltr' id='par_1_28' title="bbox 234 2653 1857 2736">
     <span class='ocr_line' id='line_1_28' title="bbox 234 2653 1857 2736; baseline -0.002 -24"><span class='ocrx_word' id='word_1_242' title='bbox 234 2656 291 2712; x_wconf 63' lang='grc' dir='ltr'>δὲ</span> <span class='ocrx_word' id='word_1_243' title='bbox 346 2658 611 2732; x_wconf 74' lang='grc' dir='ltr'>βηγάριος</span> <span class='ocrx_word' id='word_1_244' title='bbox 664 2655 1076 2736; x_wconf 74' lang='grc' dir='ltr'>κατασφραγίζει</span> <span class='ocrx_word' id='word_1_245' title='bbox 1127 2656 1307 2731; x_wconf 83' lang='grc' dir='ltr'>τρίτον</span> <span class='ocrx_word' id='word_1_246' title='bbox 1381 2654 1506 2717; x_wconf 83' lang='grc' dir='ltr'>τοὺς</span> <span class='ocrx_word' id='word_1_247' title='bbox 1573 2653 1857 2725; x_wconf 85' lang='grc' dir='ltr'>δεσπότας,</span> 
     </span>
    </p>
   </div>
   <div class='ocr_carea' id='block_1_29' title="bbox 237 2741 1860 2826">
    <p class='ocr_par' dir='ltr' id='par_1_29' title="bbox 237 2741 1860 2826">
     <span class='ocr_line' id='line_1_29' title="bbox 237 2741 1860 2826; baseline -0.001 -26"><span class='ocrx_word' id='word_1_248' title='bbox 237 2746 326 2800; x_wconf 73' lang='grc' dir='ltr'><strong>καὶ</strong></span> <span class='ocrx_word' id='word_1_249' title='bbox 372 2751 672 2822; x_wconf 84' lang='grc' dir='ltr'>προσκυνῶν</span> <span class='ocrx_word' id='word_1_250' title='bbox 742 2748 1152 2826; x_wconf 82' lang='grc' dir='ltr'>ἀπευχαριστεῖ,</span> <span class='ocrx_word' id='word_1_251' title='bbox 1219 2744 1311 2800; x_wconf 83' lang='grc' dir='ltr'><strong>καὶ</strong></span> <span class='ocrx_word' id='word_1_252' title='bbox 1380 2741 1655 2820; x_wconf 80' lang='grc' dir='ltr'>ἐξέρχεται</span> <span class='ocrx_word' id='word_1_253' title='bbox 1725 2744 1860 2818; x_wconf 84' lang='grc' dir='ltr'>μετᾶ</span> 
     </span>
    </p>
   </div>
   <div class='ocr_carea' id='block_1_30' title="bbox 1895 1895 1944 1960">
    <p class='ocr_par' dir='ltr' id='par_1_30' title="bbox 1895 1895 1944 1960">
     <span class='ocr_line' id='line_1_30' title="bbox 1895 1895 1944 1960; baseline 0 0"><span class='ocrx_word' id='word_1_254' title='bbox 1895 1895 1944 1960; x_wconf 93' lang='grc' dir='ltr'><strong>Β</strong></span> 
     </span>
    </p>
   </div>
   <div class='ocr_carea' id='block_1_31' title="bbox 1983 607 3638 679">
    <p class='ocr_par' dir='ltr' id='par_1_31' title="bbox 1983 607 3638 679">
     <span class='ocr_line' id='line_1_31' title="bbox 1983 607 3638 679; baseline 0.005 -19"><span class='ocrx_word' id='word_1_255' title='bbox 1983 621 2113 661; x_wconf 92' lang='lat' dir='ltr'><strong>eum</strong></span> <span class='ocrx_word' id='word_1_256' title='bbox 2148 607 2207 662; x_wconf 89' lang='lat' dir='ltr'><strong>in</strong></span> <span class='ocrx_word' id='word_1_257' title='bbox 2241 610 2429 665; x_wconf 91' lang='lat' dir='ltr'><strong>medio</strong></span> <span class='ocrx_word' id='word_1_258' title='bbox 2462 609 2735 679; x_wconf 80' lang='lat' dir='ltr'><strong>accingit,</strong></span> <span class='ocrx_word' id='word_1_259' title='bbox 2800 608 3046 664; x_wconf 82' lang='lat' dir='ltr'><strong>factione</strong></span> <span class='ocrx_word' id='word_1_260' title='bbox 3099 610 3247 665; x_wconf 88' lang='lat' dir='ltr'><strong>inter</strong></span> <span class='ocrx_word' id='word_1_261' title='bbox 3285 611 3404 666; x_wconf 74' lang='lat' dir='ltr'><strong>haec</strong></span> <span class='ocrx_word' id='word_1_262' title='bbox 3447 613 3638 668; x_wconf 87' lang='lat' dir='ltr'><strong>accla-</strong></span> 
     </span>
    </p>
   </div>
   <div class='ocr_carea' id='block_1_32' title="bbox 1982 698 3638 772">
    <p class='ocr_par' dir='ltr' id='par_1_32' title="bbox 1982 698 3638 772">
     <span class='ocr_line' id='line_1_32' title="bbox 1982 698 3638 772; baseline 0.005 -22"><span class='ocrx_word' id='word_1_263' title='bbox 1982 702 2214 752; x_wconf 83' lang='lat' dir='ltr'><strong>mante:</strong></span> <span class='ocrx_word' id='word_1_264' title='bbox 2248 698 3040 766; x_wconf 80' lang='lat' dir='ltr'><strong>«Multos,multos,multos;</strong></span> <span class='ocrx_word' id='word_1_265' title='bbox 3071 719 3097 752; x_wconf 74' lang='grc' dir='ltr'>ι</span> <span class='ocrx_word' id='word_1_266' title='bbox 3123 700 3405 772; x_wconf 91' lang='lat' dir='ltr'><strong>populus:</strong></span> <span class='ocrx_word' id='word_1_267' title='bbox 3435 725 3462 752; x_wconf 90' lang='grc'><strong>‹‹</strong></span> <span class='ocrx_word' id='word_1_268' title='bbox 3487 702 3638 758; x_wconf 84' lang='lat' dir='ltr'><strong>Mul-</strong></span> 
     </span>
    </p>
   </div>
   <div class='ocr_carea' id='block_1_33' title="bbox 1979 789 3637 849">
    <p class='ocr_par' dir='ltr' id='par_1_33' title="bbox 1979 789 3637 849">
     <span class='ocr_line' id='line_1_33' title="bbox 1979 789 3637 849; baseline 0.006 -10"><span class='ocrx_word' id='word_1_269' title='bbox 1979 789 2070 840; x_wconf 90' lang='lat' dir='ltr'><strong>tos</strong></span> <span class='ocrx_word' id='word_1_270' title='bbox 2117 802 2304 842; x_wconf 86' lang='lat' dir='ltr'><strong>annos</strong></span> <span class='ocrx_word' id='word_1_271' title='bbox 2361 789 2421 844; x_wconf 92' lang='lat' dir='ltr'><strong>in</strong></span> <span class='ocrx_word' id='word_1_272' title='bbox 2462 789 2700 844; x_wconf 87' lang='lat' dir='ltr'><strong>multos.</strong></span> <span class='ocrx_word' id='word_1_273' title='bbox 2753 810 2778 837; x_wconf 78' lang='lat' dir='ltr'><em>n</em></span> <span class='ocrx_word' id='word_1_274' title='bbox 2809 789 3087 846; x_wconf 80' lang='lat' dir='ltr'><strong>Cantores</strong></span> <span class='ocrx_word' id='word_1_275' title='bbox 3130 806 3143 844; x_wconf 91' lang='lat'>:</span> <span class='ocrx_word' id='word_1_276' title='bbox 3179 812 3208 841; x_wconf 81' lang='grc' dir='ltr'>ι(</span> <span class='ocrx_word' id='word_1_277' title='bbox 3253 791 3433 847; x_wconf 86' lang='lat' dir='ltr'><strong>Multa</strong></span> <span class='ocrx_word' id='word_1_278' title='bbox 3471 792 3637 849; x_wconf 83' lang='lat' dir='ltr'><strong>vobis</strong></span> 
     </span>
    </p>
   </div>
   <div class='ocr_carea' id='block_1_34' title="bbox 1976 877 3632 952">
    <p class='ocr_par' dir='ltr' id='par_1_34' title="bbox 1976 877 3632 952">
     <span class='ocr_line' id='line_1_34' title="bbox 1976 877 3632 952; baseline 0.006 -26"><span class='ocrx_word' id='word_1_279' title='bbox 1976 877 2261 944; x_wconf 87' lang='lat' dir='ltr'><strong>tempora,</strong></span> <span class='ocrx_word' id='word_1_280' title='bbox 2281 893 2314 930; x_wconf 94' lang='lat' dir='ltr'><strong>a</strong></span> <span class='ocrx_word' id='word_1_281' title='bbox 2333 877 2615 932; x_wconf 88' lang='lat' dir='ltr'><strong>Triuitate</strong></span> <span class='ocrx_word' id='word_1_282' title='bbox 2636 877 2802 934; x_wconf 89' lang='lat' dir='ltr'><strong>electi</strong></span> <span class='ocrx_word' id='word_1_283' title='bbox 2844 877 3216 935; x_wconf 88' lang='lat' dir='ltr'><strong>l»Clamatet</strong></span> <span class='ocrx_word' id='word_1_284' title='bbox 3236 880 3632 952; x_wconf 70' lang='lat' dir='ltr'><strong>populuster;</strong></span> 
     </span>
    </p>
   </div>
   <div class='ocr_carea' id='block_1_35' title="bbox 1977 960 3632 1040">
    <p class='ocr_par' dir='ltr' id='par_1_35' title="bbox 1977 960 3632 1040">
     <span class='ocr_line' id='line_1_35' title="bbox 1977 960 3632 1040; baseline 0.006 -26"><span class='ocrx_word' id='word_1_285' title='bbox 1977 982 2006 1010; x_wconf 81' lang='grc' dir='ltr'><strong>κ</strong></span> <span class='ocrx_word' id='word_1_286' title='bbox 2039 961 2248 1016; x_wconf 82' lang='lat' dir='ltr'><strong>Sancte</strong></span> <span class='ocrx_word' id='word_1_287' title='bbox 2277 960 2288 1015; x_wconf 90' lang='lat'><strong>!</strong></span> <span class='ocrx_word' id='word_1_288' title='bbox 2317 982 2342 1014; x_wconf 71' lang='grc' dir='ltr'><strong>ι</strong></span> <span class='ocrx_word' id='word_1_289' title='bbox 2387 964 2664 1020; x_wconf 78' lang='lat' dir='ltr'><strong>Cantores</strong></span> <span class='ocrx_word' id='word_1_290' title='bbox 2697 981 2711 1020; x_wconf 87' lang='lat'><strong>:</strong></span> <span class='ocrx_word' id='word_1_291' title='bbox 2761 986 2788 1016; x_wconf 85' lang='grc'>‹‹</span> <span class='ocrx_word' id='word_1_292' title='bbox 2824 966 3008 1022; x_wconf 88' lang='lat' dir='ltr'><strong>Multa</strong></span> <span class='ocrx_word' id='word_1_293' title='bbox 3033 967 3194 1023; x_wconf 83' lang='lat' dir='ltr'><strong>vobis</strong></span> <span class='ocrx_word' id='word_1_294' title='bbox 3223 972 3511 1040; x_wconf 87' lang='lat' dir='ltr'><strong>tempora,</strong></span> <span class='ocrx_word' id='word_1_295' title='bbox 3546 969 3632 1024; x_wconf 88' lang='lat' dir='ltr'><strong>fa-</strong></span> 
     </span>
    </p>
   </div>
   <div class='ocr_carea' id='block_1_36' title="bbox 1977 1050 3630 1128">
    <p class='ocr_par' dir='ltr' id='par_1_36' title="bbox 1977 1050 3630 1128">
     <span class='ocr_line' id='line_1_36' title="bbox 1977 1050 3630 1128; baseline 0.005 -23"><span class='ocrx_word' id='word_1_296' title='bbox 1977 1050 2120 1105; x_wconf 88' lang='lat' dir='ltr'><strong>muli</strong></span> <span class='ocrx_word' id='word_1_297' title='bbox 2161 1050 2427 1106; x_wconf 83' lang='lat' dir='ltr'><strong>Domini!</strong></span> <span class='ocrx_word' id='word_1_298' title='bbox 2462 1073 2487 1104; x_wconf 76' lang='grc' dir='ltr'><strong><em>ι</em></strong></span> <span class='ocrx_word' id='word_1_299' title='bbox 2530 1054 2781 1125; x_wconf 89' lang='lat' dir='ltr'><strong>populus</strong></span> <span class='ocrx_word' id='word_1_300' title='bbox 2813 1060 2900 1110; x_wconf 87' lang='lat' dir='ltr'><strong>ter</strong></span> <span class='ocrx_word' id='word_1_301' title='bbox 2934 1071 2946 1109; x_wconf 92' lang='lat'>:</span> <span class='ocrx_word' id='word_1_302' title='bbox 2982 1077 3009 1106; x_wconf 62' lang='grc' dir='ltr'><strong>(ς</strong></span> <span class='ocrx_word' id='word_1_303' title='bbox 3035 1057 3281 1113; x_wconf 86' lang='lat' dir='ltr'><strong>Sancte!</strong></span> <span class='ocrx_word' id='word_1_304' title='bbox 3317 1077 3346 1109; x_wconf 73' lang='grc' dir='ltr'>ιο</span> <span class='ocrx_word' id='word_1_305' title='bbox 3379 1057 3579 1116; x_wconf 79' lang='lat' dir='ltr'><strong>Veneti</strong></span> <span class='ocrx_word' id='word_1_306' title='bbox 3614 1077 3630 1128; x_wconf 86' lang='lat'><strong>;</strong></span> 
     </span>
    </p>
   </div>
   <div class='ocr_carea' id='block_1_37' title="bbox 1977 1138 3632 1210">
    <p class='ocr_par' dir='ltr' id='par_1_37' title="bbox 1977 1138 3632 1210">
     <span class='ocr_line' id='line_1_37' title="bbox 1977 1138 3632 1210; baseline 0.01 -21"><span class='ocrx_word' id='word_1_307' title='bbox 1977 1160 2006 1189; x_wconf 86' lang='lat'><strong>«</strong></span> <span class='ocrx_word' id='word_1_308' title='bbox 2032 1139 2213 1194; x_wconf 89' lang='lat' dir='ltr'><strong>Multa</strong></span> <span class='ocrx_word' id='word_1_309' title='bbox 2233 1138 2397 1195; x_wconf 82' lang='lat' dir='ltr'><strong>vobis</strong></span> <span class='ocrx_word' id='word_1_310' title='bbox 2430 1143 2728 1210; x_wconf 80' lang='lat' dir='ltr'><strong>tempora!</strong></span> <span class='ocrx_word' id='word_1_311' title='bbox 2767 1164 2795 1193; x_wconf 74' lang='lat' dir='ltr'><strong>n</strong></span> <span class='ocrx_word' id='word_1_312' title='bbox 2828 1144 3106 1201; x_wconf 77' lang='lat' dir='ltr'><strong>Cantores</strong></span> <span class='ocrx_word' id='word_1_313' title='bbox 3149 1163 3162 1202; x_wconf 89' lang='lat'><strong>:</strong></span> <span class='ocrx_word' id='word_1_314' title='bbox 3196 1169 3224 1197; x_wconf 83' lang='lat'>«</span> <span class='ocrx_word' id='word_1_315' title='bbox 3256 1146 3441 1204; x_wconf 88' lang='lat' dir='ltr'><strong>Multa</strong></span> <span class='ocrx_word' id='word_1_316' title='bbox 3471 1150 3632 1205; x_wconf 84' lang='lat' dir='ltr'><strong>vobis</strong></span> 
     </span>
    </p>
   </div>
   <div class='ocr_carea' id='block_1_38' title="bbox 1971 1228 3629 1308">
    <p class='ocr_par' dir='ltr' id='par_1_38' title="bbox 1971 1228 3629 1308">
     <span class='ocr_line' id='line_1_38' title="bbox 1971 1228 3629 1308; baseline 0.007 -26"><span class='ocrx_word' id='word_1_317' title='bbox 1971 1228 2345 1298; x_wconf 84' lang='lat' dir='ltr'><strong>tempora,N.</strong></span> <span class='ocrx_word' id='word_1_318' title='bbox 2369 1229 3242 1301; x_wconf 80' lang='lat' dir='ltr'><strong>N.1mperatoresRomanorum</strong></span> <span class='ocrx_word' id='word_1_319' title='bbox 3277 1235 3342 1290; x_wconf 80' lang='lat' dir='ltr'><strong>l»</strong></span> <span class='ocrx_word' id='word_1_320' title='bbox 3379 1237 3629 1308; x_wconf 87' lang='lat' dir='ltr'><strong>populus</strong></span> 
     </span>
    </p>
   </div>
   <div class='ocr_carea' id='block_1_39' title="bbox 1973 1319 3633 1392">
    <p class='ocr_par' dir='ltr' id='par_1_39' title="bbox 1973 1319 3633 1392">
     <span class='ocr_line' id='line_1_39' title="bbox 1973 1319 3633 1392; baseline 0.007 -21"><span class='ocrx_word' id='word_1_321' title='bbox 1973 1320 2096 1372; x_wconf 90' lang='lat' dir='ltr'><strong>ter:</strong></span> <span class='ocrx_word' id='word_1_322' title='bbox 2129 1319 2526 1375; x_wconf 80' lang='lat' dir='ltr'><strong>«Multavobis</strong></span> <span class='ocrx_word' id='word_1_323' title='bbox 2544 1329 2796 1392; x_wconf 87' lang='lat' dir='ltr'><strong>tempora</strong></span> <span class='ocrx_word' id='word_1_324' title='bbox 2816 1321 2830 1376; x_wconf 92' lang='lat' dir='ltr'><strong>l</strong></span> <span class='ocrx_word' id='word_1_325' title='bbox 2848 1343 2876 1371; x_wconf 85' lang='grc'><strong>››</strong></span> <span class='ocrx_word' id='word_1_326' title='bbox 2891 1323 3168 1378; x_wconf 88' lang='lat' dir='ltr'><strong>Cantores</strong></span> <span class='ocrx_word' id='word_1_327' title='bbox 3191 1340 3204 1377; x_wconf 88' lang='lat'><strong>:</strong></span> <span class='ocrx_word' id='word_1_328' title='bbox 3227 1345 3250 1374; x_wconf 78' lang='grc' dir='ltr'><strong>ιι</strong></span> <span class='ocrx_word' id='word_1_329' title='bbox 3275 1324 3633 1383; x_wconf 88' lang='lat' dir='ltr'><strong>Multavobis</strong></span> 
     </span>
    </p>
   </div>
   <div class='ocr_carea' id='block_1_40' title="bbox 1973 1407 3635 1486">
    <p class='ocr_par' dir='ltr' id='par_1_40' title="bbox 1973 1407 3635 1486">
     <span class='ocr_line' id='line_1_40' title="bbox 1973 1407 3635 1486; baseline 0.006 -26"><span class='ocrx_word' id='word_1_330' title='bbox 1973 1409 2255 1476; x_wconf 90' lang='lat' dir='ltr'><strong>tempora,</strong></span> <span class='ocrx_word' id='word_1_331' title='bbox 2287 1407 2522 1463; x_wconf 88' lang='lat' dir='ltr'><strong>Domini</strong></span> <span class='ocrx_word' id='word_1_332' title='bbox 2553 1425 2684 1464; x_wconf 91' lang='lat' dir='ltr'><strong>cum</strong></span> <span class='ocrx_word' id='word_1_333' title='bbox 2718 1409 3194 1481; x_wconf 86' lang='lat' dir='ltr'><strong>imperatricibus</strong></span> <span class='ocrx_word' id='word_1_334' title='bbox 3226 1415 3286 1466; x_wconf 87' lang='lat' dir='ltr'><strong>et</strong></span> <span class='ocrx_word' id='word_1_335' title='bbox 3315 1414 3635 1486; x_wconf 80' lang='lat' dir='ltr'><strong>porphyro-</strong></span> 
     </span>
    </p>
   </div>
   <div class='ocr_carea' id='block_1_41' title="bbox 1974 1495 3630 1570">
    <p class='ocr_par' dir='ltr' id='par_1_41' title="bbox 1974 1495 3630 1570">
     <span class='ocr_line' id='line_1_41' title="bbox 1974 1495 3630 1570; baseline 0.004 -19"><span class='ocrx_word' id='word_1_336' title='bbox 1974 1495 2184 1566; x_wconf 79' lang='lat' dir='ltr'><strong>genitis</strong></span> <span class='ocrx_word' id='word_1_337' title='bbox 2213 1496 2225 1550; x_wconf 93' lang='lat' dir='ltr'><strong>l</strong></span> <span class='ocrx_word' id='word_1_338' title='bbox 2260 1518 2288 1546; x_wconf 87' lang='grc'><strong>››</strong></span> <span class='ocrx_word' id='word_1_339' title='bbox 2321 1498 2475 1552; x_wconf 76' lang='lat' dir='ltr'><strong>I93</strong></span> <span class='ocrx_word' id='word_1_340' title='bbox 2545 1497 2798 1570; x_wconf 91' lang='lat' dir='ltr'><strong>populus</strong></span> <span class='ocrx_word' id='word_1_341' title='bbox 2830 1505 2915 1554; x_wconf 90' lang='lat' dir='ltr'><strong>ter</strong></span> <span class='ocrx_word' id='word_1_342' title='bbox 2950 1515 2963 1554; x_wconf 95' lang='lat'>:</span> <span class='ocrx_word' id='word_1_343' title='bbox 3000 1521 3028 1550; x_wconf 87' lang='grc'><strong>‹‹</strong></span> <span class='ocrx_word' id='word_1_344' title='bbox 3068 1500 3255 1555; x_wconf 88' lang='lat' dir='ltr'><strong>Multa</strong></span> <span class='ocrx_word' id='word_1_345' title='bbox 3286 1501 3446 1556; x_wconf 84' lang='lat' dir='ltr'><strong>vobis</strong></span> <span class='ocrx_word' id='word_1_346' title='bbox 3479 1509 3630 1557; x_wconf 86' lang='lat' dir='ltr'><strong>tem-</strong></span> 
     </span>
    </p>
   </div>
   <div class='ocr_carea' id='block_1_42' title="bbox 1974 1584 3628 1660">
    <p class='ocr_par' dir='ltr' id='par_1_42' title="bbox 1974 1584 3628 1660">
     <span class='ocr_line' id='line_1_42' title="bbox 1974 1584 3628 1660; baseline 0.005 -23"><span class='ocrx_word' id='word_1_347' title='bbox 1974 1584 2148 1654; x_wconf 92' lang='lat' dir='ltr'><strong>pora!</strong></span> <span class='ocrx_word' id='word_1_348' title='bbox 2185 1605 2211 1632; x_wconf 68' lang='grc' dir='ltr'><strong>υ</strong></span> <span class='ocrx_word' id='word_1_349' title='bbox 2241 1585 2517 1642; x_wconf 84' lang='lat' dir='ltr'><strong>Cantores</strong></span> <span class='ocrx_word' id='word_1_350' title='bbox 2552 1602 2564 1642; x_wconf 94' lang='lat'>:</span> <span class='ocrx_word' id='word_1_351' title='bbox 2602 1603 2627 1629; x_wconf 80' lang='grc'>«</span> <span class='ocrx_word' id='word_1_352' title='bbox 2661 1587 2746 1642; x_wconf 90' lang='lat' dir='ltr'><strong>Tu</strong></span> <span class='ocrx_word' id='word_1_353' title='bbox 2773 1587 3017 1642; x_wconf 82' lang='lat' dir='ltr'><strong>feliciter</strong></span> <span class='ocrx_word' id='word_1_354' title='bbox 3048 1588 3106 1643; x_wconf 92' lang='lat' dir='ltr'><strong>in</strong></span> <span class='ocrx_word' id='word_1_355' title='bbox 3134 1589 3242 1644; x_wconf 89' lang='lat' dir='ltr'><strong>hoc</strong></span> <span class='ocrx_word' id='word_1_356' title='bbox 3267 1589 3476 1660; x_wconf 91' lang='lat' dir='ltr'><strong>populo</strong></span> <span class='ocrx_word' id='word_1_357' title='bbox 3508 1606 3628 1645; x_wconf 89' lang='lat' dir='ltr'><strong>rem</strong></span> 
     </span>
    </p>
   </div>
   <div class='ocr_carea' id='block_1_43' title="bbox 1978 1673 3634 1743">
    <p class='ocr_par' dir='ltr' id='par_1_43' title="bbox 1978 1673 3634 1743">
     <span class='ocr_line' id='line_1_43' title="bbox 1978 1673 3634 1743; baseline 0.005 -18"><span class='ocrx_word' id='word_1_358' title='bbox 1978 1686 2115 1742; x_wconf 78' lang='lat' dir='ltr'><strong>agas</strong></span> <span class='ocrx_word' id='word_1_359' title='bbox 2148 1688 2161 1739; x_wconf 91' lang='lat'>;</span> <span class='ocrx_word' id='word_1_360' title='bbox 2191 1694 2218 1720; x_wconf 85' lang='lat'>»</span> <span class='ocrx_word' id='word_1_361' title='bbox 2250 1673 2496 1743; x_wconf 85' lang='lat' dir='ltr'><strong>pepulus</strong></span> <span class='ocrx_word' id='word_1_362' title='bbox 2537 1678 2626 1728; x_wconf 89' lang='lat' dir='ltr'><strong>ter</strong></span> <span class='ocrx_word' id='word_1_363' title='bbox 2658 1691 2671 1729; x_wconf 90' lang='lat'><strong>:</strong></span> <span class='ocrx_word' id='word_1_364' title='bbox 2707 1696 2736 1723; x_wconf 86' lang='lat'><strong>«</strong></span> <span class='ocrx_word' id='word_1_365' title='bbox 2772 1674 3002 1732; x_wconf 82' lang='lat' dir='ltr'><strong>Sancte.</strong></span> <span class='ocrx_word' id='word_1_366' title='bbox 3037 1698 3066 1726; x_wconf 89' lang='grc'><strong>‹‹</strong></span> <span class='ocrx_word' id='word_1_367' title='bbox 3100 1676 3375 1732; x_wconf 81' lang='lat' dir='ltr'><strong>Cantores</strong></span> <span class='ocrx_word' id='word_1_368' title='bbox 3404 1696 3424 1732; x_wconf 90' lang='grc'><strong>.·</strong></span> <span class='ocrx_word' id='word_1_369' title='bbox 3457 1701 3484 1729; x_wconf 86' lang='grc'><strong>‹‹</strong></span> <span class='ocrx_word' id='word_1_370' title='bbox 3519 1679 3634 1734; x_wconf 88' lang='lat' dir='ltr'><strong>Co-</strong></span> 
     </span>
    </p>
   </div>
   <div class='ocr_carea' id='block_1_44' title="bbox 1975 1760 3634 1835">
    <p class='ocr_par' dir='ltr' id='par_1_44' title="bbox 1975 1760 3634 1835">
     <span class='ocr_line' id='line_1_44' title="bbox 1975 1760 3634 1835; baseline 0.007 -22"><span class='ocrx_word' id='word_1_371' title='bbox 1975 1760 2202 1829; x_wconf 90' lang='lat' dir='ltr'><strong>rollam,</strong></span> <span class='ocrx_word' id='word_1_372' title='bbox 2261 1761 2504 1831; x_wconf 88' lang='lat' dir='ltr'><strong>domini,</strong></span> <span class='ocrx_word' id='word_1_373' title='bbox 2565 1763 2789 1835; x_wconf 87' lang='lat' dir='ltr'><strong>bigario</strong></span> <span class='ocrx_word' id='word_1_374' title='bbox 2820 1763 2833 1819; x_wconf 91' lang='lat' dir='ltr'><strong>l</strong></span> <span class='ocrx_word' id='word_1_375' title='bbox 2881 1787 2901 1814; x_wconf 75' lang='grc' dir='ltr'><strong>η</strong></span> <span class='ocrx_word' id='word_1_376' title='bbox 2930 1771 2985 1822; x_wconf 91' lang='lat' dir='ltr'><strong>et</strong></span> <span class='ocrx_word' id='word_1_377' title='bbox 3016 1767 3210 1822; x_wconf 82' lang='lat' dir='ltr'><strong>statim</strong></span> <span class='ocrx_word' id='word_1_378' title='bbox 3253 1767 3532 1824; x_wconf 85' lang='lat' dir='ltr'><strong>corollam</strong></span> <span class='ocrx_word' id='word_1_379' title='bbox 3565 1784 3634 1824; x_wconf 88' lang='lat' dir='ltr'><strong>ac</strong></span> 
     </span>
    </p>
   </div>
   <div class='ocr_carea' id='block_1_45' title="bbox 1975 1849 3632 1927">
    <p class='ocr_par' dir='ltr' id='par_1_45' title="bbox 1975 1849 3632 1927">
     <span class='ocr_line' id='line_1_45' title="bbox 1975 1849 3632 1927; baseline 0.005 -23"><span class='ocrx_word' id='word_1_380' title='bbox 1975 1859 2190 1906; x_wconf 87' lang='lat' dir='ltr'><strong>vestem</strong></span> <span class='ocrx_word' id='word_1_381' title='bbox 2236 1849 2350 1920; x_wconf 88' lang='lat' dir='ltr'><strong>ipsi</strong></span> <span class='ocrx_word' id='word_1_382' title='bbox 2401 1852 2659 1908; x_wconf 82' lang='lat' dir='ltr'><strong>mittunt.</strong></span> <span class='ocrx_word' id='word_1_383' title='bbox 2695 1853 2921 1910; x_wconf 87' lang='lat' dir='ltr'><strong>Rursus</strong></span> <span class='ocrx_word' id='word_1_384' title='bbox 2963 1860 3230 1912; x_wconf 88' lang='lat' dir='ltr'><strong>cantores</strong></span> <span class='ocrx_word' id='word_1_385' title='bbox 3263 1872 3278 1912; x_wconf 90' lang='lat'><strong>:</strong></span> <span class='ocrx_word' id='word_1_386' title='bbox 3312 1855 3632 1927; x_wconf 82' lang='lat' dir='ltr'><strong>«Domine,</strong></span> 
     </span>
    </p>
   </div>
   <div class='ocr_carea' id='block_1_46' title="bbox 1976 1941 3628 2016">
    <p class='ocr_par' dir='ltr' id='par_1_46' title="bbox 1976 1941 3628 2016">
     <span class='ocr_line' id='line_1_46' title="bbox 1976 1941 3628 2016; baseline 0.005 -21"><span class='ocrx_word' id='word_1_387' title='bbox 1976 1956 2144 1995; x_wconf 88' lang='lat' dir='ltr'><strong>serva</strong></span> <span class='ocrx_word' id='word_1_388' title='bbox 2169 1941 2433 1997; x_wconf 90' lang='lat' dir='ltr'><strong>dominos</strong></span> <span class='ocrx_word' id='word_1_389' title='bbox 2464 1942 2890 1999; x_wconf 86' lang='lat' dir='ltr'><strong>Romanorum!</strong></span> <span class='ocrx_word' id='word_1_390' title='bbox 2922 1966 2942 1993; x_wconf 69' lang='grc' dir='ltr'><strong><em>υ</em></strong></span> <span class='ocrx_word' id='word_1_391' title='bbox 2981 1943 3233 2016; x_wconf 89' lang='lat' dir='ltr'><strong>populus</strong></span> <span class='ocrx_word' id='word_1_392' title='bbox 3273 1950 3362 2002; x_wconf 88' lang='lat' dir='ltr'><strong>ter</strong></span> <span class='ocrx_word' id='word_1_393' title='bbox 3393 1963 3406 2002; x_wconf 93' lang='lat'>:</span> <span class='ocrx_word' id='word_1_394' title='bbox 3444 1968 3472 1997; x_wconf 93' lang='grc'>‹‹</span> <span class='ocrx_word' id='word_1_395' title='bbox 3515 1947 3628 2003; x_wconf 90' lang='lat' dir='ltr'><strong>Do-</strong></span> 
     </span>
    </p>
   </div>
   <div class='ocr_carea' id='block_1_47' title="bbox 1975 2031 3624 2108">
    <p class='ocr_par' dir='ltr' id='par_1_47' title="bbox 1975 2031 3624 2108">
     <span class='ocr_line' id='line_1_47' title="bbox 1975 2031 3624 2108; baseline 0.005 -25"><span class='ocrx_word' id='word_1_396' title='bbox 1975 2032 2153 2099; x_wconf 86' lang='lat' dir='ltr'><strong>mine,</strong></span> <span class='ocrx_word' id='word_1_397' title='bbox 2178 2048 2342 2087; x_wconf 86' lang='lat' dir='ltr'><strong>serva</strong></span> <span class='ocrx_word' id='word_1_398' title='bbox 2366 2031 2380 2087; x_wconf 87' lang='grc' dir='ltr'><strong>ι</strong></span> <span class='ocrx_word' id='word_1_399' title='bbox 2405 2054 2434 2083; x_wconf 92' lang='grc'><strong>››</strong></span> <span class='ocrx_word' id='word_1_400' title='bbox 2460 2033 2768 2089; x_wconf 86' lang='lat' dir='ltr'><strong>Cantores:</strong></span> <span class='ocrx_word' id='word_1_401' title='bbox 2800 2056 2829 2085; x_wconf 88' lang='grc'>‹‹</span> <span class='ocrx_word' id='word_1_402' title='bbox 2857 2036 3118 2102; x_wconf 88' lang='lat' dir='ltr'><strong>Domine,</strong></span> <span class='ocrx_word' id='word_1_403' title='bbox 3140 2051 3307 2091; x_wconf 89' lang='lat' dir='ltr'><strong>serva</strong></span> <span class='ocrx_word' id='word_1_404' title='bbox 3330 2036 3624 2108; x_wconf 89' lang='lat' dir='ltr'><strong>principes</strong></span> 
     </span>
    </p>
   </div>
   <div class='ocr_carea' id='block_1_48' title="bbox 1975 2123 3628 2198">
    <p class='ocr_par' dir='ltr' id='par_1_48' title="bbox 1975 2123 3628 2198">
     <span class='ocr_line' id='line_1_48' title="bbox 1975 2123 3628 2198; baseline 0.004 -22"><span class='ocrx_word' id='word_1_405' title='bbox 1975 2137 2106 2176; x_wconf 91' lang='lat' dir='ltr'><strong>cum</strong></span> <span class='ocrx_word' id='word_1_406' title='bbox 2139 2123 2419 2193; x_wconf 76' lang='lat' dir='ltr'><strong>Augustis</strong></span> <span class='ocrx_word' id='word_1_407' title='bbox 2447 2125 2801 2195; x_wconf 85' lang='lat' dir='ltr'><strong>conjugihus</strong></span> <span class='ocrx_word' id='word_1_408' title='bbox 2821 2125 3400 2198; x_wconf 85' lang='lat' dir='ltr'><strong>etporphyrogenitis</strong></span> <span class='ocrx_word' id='word_1_409' title='bbox 3424 2126 3438 2182; x_wconf 94' lang='lat' dir='ltr'><strong>l</strong></span> <span class='ocrx_word' id='word_1_410' title='bbox 3465 2148 3492 2176; x_wconf 85' lang='grc'><strong>››</strong></span> <span class='ocrx_word' id='word_1_411' title='bbox 3530 2143 3628 2197; x_wconf 88' lang='lat' dir='ltr'><strong>po-</strong></span> 
     </span>
    </p>
   </div>
   <div class='ocr_carea' id='block_1_49' title="bbox 1977 2210 3630 2282">
    <p class='ocr_par' dir='ltr' id='par_1_49' title="bbox 1977 2210 3630 2282">
     <span class='ocr_line' id='line_1_49' title="bbox 1977 2210 3630 2282; baseline 0.005 -18"><span class='ocrx_word' id='word_1_412' title='bbox 1977 2210 2148 2280; x_wconf 91' lang='lat' dir='ltr'><strong>pulus</strong></span> <span class='ocrx_word' id='word_1_413' title='bbox 2197 2217 2283 2268; x_wconf 88' lang='lat' dir='ltr'><strong>ter</strong></span> <span class='ocrx_word' id='word_1_414' title='bbox 2315 2228 2382 2268; x_wconf 87' lang='lat'><strong>:«</strong></span> <span class='ocrx_word' id='word_1_415' title='bbox 2441 2214 2701 2282; x_wconf 90' lang='lat' dir='ltr'><strong>Domine,</strong></span> <span class='ocrx_word' id='word_1_416' title='bbox 2745 2214 2954 2270; x_wconf 85' lang='lat' dir='ltr'><strong>serva!</strong></span> <span class='ocrx_word' id='word_1_417' title='bbox 3009 2238 3036 2266; x_wconf 81' lang='grc' dir='ltr'>κ</span> <span class='ocrx_word' id='word_1_418' title='bbox 3089 2216 3378 2272; x_wconf 84' lang='lat' dir='ltr'><strong>Postremo</strong></span> <span class='ocrx_word' id='word_1_419' title='bbox 3426 2233 3630 2272; x_wconf 88' lang='lat' dir='ltr'><strong>omnes</strong></span> 
     </span>
    </p>
   </div>
   <div class='ocr_carea' id='block_1_50' title="bbox 1973 2298 3630 2375">
    <p class='ocr_par' dir='ltr' id='par_1_50' title="bbox 1973 2298 3630 2375">
     <span class='ocr_line' id='line_1_50' title="bbox 1973 2298 3630 2375; baseline 0.004 -21"><span class='ocrx_word' id='word_1_420' title='bbox 1973 2298 2151 2354; x_wconf 90' lang='lat' dir='ltr'><strong>simul</strong></span> <span class='ocrx_word' id='word_1_421' title='bbox 2182 2300 2388 2356; x_wconf 87' lang='lat' dir='ltr'><strong>dicunt</strong></span> <span class='ocrx_word' id='word_1_422' title='bbox 2428 2316 2442 2356; x_wconf 91' lang='lat'>:</span> <span class='ocrx_word' id='word_1_423' title='bbox 2476 2301 2542 2357; x_wconf 86' lang='lat' dir='ltr'><strong>In</strong></span> <span class='ocrx_word' id='word_1_424' title='bbox 2605 2303 2826 2357; x_wconf 87' lang='lat' dir='ltr'><strong>multos</strong></span> <span class='ocrx_word' id='word_1_425' title='bbox 2875 2319 3079 2370; x_wconf 87' lang='lat' dir='ltr'><strong>annos,</strong></span> <span class='ocrx_word' id='word_1_426' title='bbox 3138 2309 3250 2359; x_wconf 88' lang='lat' dir='ltr'><strong>etc.</strong></span> <span class='ocrx_word' id='word_1_427' title='bbox 3278 2326 3306 2354; x_wconf 84' lang='grc'>››</span> <span class='ocrx_word' id='word_1_428' title='bbox 3367 2304 3630 2375; x_wconf 85' lang='lat' dir='ltr'><strong>Bigarius</strong></span> 
     </span>
    </p>
   </div>
   <div class='ocr_carea' id='block_1_51' title="bbox 1971 2388 3625 2464">
    <p class='ocr_par' dir='ltr' id='par_1_51' title="bbox 1971 2388 3625 2464">
     <span class='ocr_line' id='line_1_51' title="bbox 1971 2388 3625 2464; baseline 0.004 -22"><span class='ocrx_word' id='word_1_429' title='bbox 1971 2403 2104 2444; x_wconf 89' lang='lat' dir='ltr'><strong>vero</strong></span> <span class='ocrx_word' id='word_1_430' title='bbox 2135 2393 2223 2444; x_wconf 87' lang='lat' dir='ltr'><strong>ter</strong></span> <span class='ocrx_word' id='word_1_431' title='bbox 2251 2388 2516 2445; x_wconf 87' lang='lat' dir='ltr'><strong>dominos</strong></span> <span class='ocrx_word' id='word_1_432' title='bbox 2548 2390 2759 2462; x_wconf 81' lang='lat' dir='ltr'><strong>signat,</strong></span> <span class='ocrx_word' id='word_1_433' title='bbox 2781 2391 3042 2461; x_wconf 82' lang='lat' dir='ltr'><strong>ﬂexoque</strong></span> <span class='ocrx_word' id='word_1_434' title='bbox 3058 2392 3372 2464; x_wconf 82' lang='lat' dir='ltr'><strong>genuipsis</strong></span> <span class='ocrx_word' id='word_1_435' title='bbox 3405 2393 3625 2464; x_wconf 84' lang='lat' dir='ltr'><strong>gratias</strong></span> 
     </span>
    </p>
   </div>
   <div class='ocr_carea' id='block_1_52' title="bbox 1969 2477 3622 2551">
    <p class='ocr_par' dir='ltr' id='par_1_52' title="bbox 1969 2477 3622 2551">
     <span class='ocr_line' id='line_1_52' title="bbox 1969 2477 3622 2551; baseline 0.004 -19"><span class='ocrx_word' id='word_1_436' title='bbox 1969 2477 2107 2549; x_wconf 89' lang='lat' dir='ltr'><strong>agit,</strong></span> <span class='ocrx_word' id='word_1_437' title='bbox 2139 2478 2351 2534; x_wconf 88' lang='lat' dir='ltr'><strong>deinde</strong></span> <span class='ocrx_word' id='word_1_438' title='bbox 2381 2494 2515 2534; x_wconf 89' lang='lat' dir='ltr'><strong>cum</strong></span> <span class='ocrx_word' id='word_1_439' title='bbox 2541 2483 2806 2550; x_wconf 66' lang='lat' dir='ltr'><strong>praefecto</strong></span> <span class='ocrx_word' id='word_1_440' title='bbox 2827 2481 2898 2535; x_wconf 87' lang='lat' dir='ltr'><strong>ad</strong></span> <span class='ocrx_word' id='word_1_441' title='bbox 2953 2481 3249 2551; x_wconf 88' lang='lat' dir='ltr'><strong>daphnen,</strong></span> <span class='ocrx_word' id='word_1_442' title='bbox 3283 2483 3418 2537; x_wconf 90' lang='lat' dir='ltr'><strong>inde</strong></span> <span class='ocrx_word' id='word_1_443' title='bbox 3439 2486 3511 2538; x_wconf 90' lang='lat' dir='ltr'><strong>ad</strong></span> <span class='ocrx_word' id='word_1_444' title='bbox 3537 2486 3622 2538; x_wconf 81' lang='lat' dir='ltr'><strong>fa-</strong></span> 
     </span>
    </p>
   </div>
   <div class='ocr_carea' id='block_1_53' title="bbox 1970 2567 3625 2640">
    <p class='ocr_par' dir='ltr' id='par_1_53' title="bbox 1970 2567 3625 2640">
     <span class='ocr_line' id='line_1_53' title="bbox 1970 2567 3625 2640; baseline 0.002 -18"><span class='ocrx_word' id='word_1_445' title='bbox 1970 2567 2222 2623; x_wconf 89' lang='lat' dir='ltr'><strong>ctionem</strong></span> <span class='ocrx_word' id='word_1_446' title='bbox 2248 2568 2390 2638; x_wconf 88' lang='lat' dir='ltr'><strong>abit,</strong></span> <span class='ocrx_word' id='word_1_447' title='bbox 2415 2585 2528 2640; x_wconf 85' lang='lat' dir='ltr'><strong>qua</strong></span> <span class='ocrx_word' id='word_1_448' title='bbox 2549 2574 2636 2625; x_wconf 90' lang='lat' dir='ltr'><strong>ter</strong></span> <span class='ocrx_word' id='word_1_449' title='bbox 2657 2570 2909 2637; x_wconf 79' lang='lat' dir='ltr'><strong>signata,</strong></span> <span class='ocrx_word' id='word_1_450' title='bbox 2941 2570 3015 2625; x_wconf 86' lang='lat' dir='ltr'><strong>ad</strong></span> <span class='ocrx_word' id='word_1_451' title='bbox 3040 2571 3330 2627; x_wconf 86' lang='lat' dir='ltr'><strong>cancellos</strong></span> <span class='ocrx_word' id='word_1_452' title='bbox 3357 2572 3625 2627; x_wconf 87' lang='lat' dir='ltr'><strong>ascendit</strong></span> 
     </span>
    </p>
   </div>
   <div class='ocr_carea' id='block_1_54' title="bbox 1969 2655 3617 2733">
    <p class='ocr_par' dir='ltr' id='par_1_54' title="bbox 1969 2655 3617 2733">
     <span class='ocr_line' id='line_1_54' title="bbox 1969 2655 3617 2733; baseline 0.004 -23"><span class='ocrx_word' id='word_1_453' title='bbox 1969 2655 2375 2712; x_wconf 84' lang='lat' dir='ltr'><strong>factionarium</strong></span> <span class='ocrx_word' id='word_1_454' title='bbox 2408 2673 2728 2729; x_wconf 89' lang='lat' dir='ltr'><strong>omnesque</strong></span> <span class='ocrx_word' id='word_1_455' title='bbox 2753 2659 3003 2715; x_wconf 89' lang='lat' dir='ltr'><strong>duarum</strong></span> <span class='ocrx_word' id='word_1_456' title='bbox 3029 2658 3352 2716; x_wconf 84' lang='lat' dir='ltr'><strong>factionum</strong></span> <span class='ocrx_word' id='word_1_457' title='bbox 3383 2661 3617 2733; x_wconf 85' lang='lat' dir='ltr'><strong>aurigas</strong></span> 
     </span>
    </p>
   </div>
   <div class='ocr_carea' id='block_1_55' title="bbox 1967 2745 2654 2804">
    <p class='ocr_par' dir='ltr' id='par_1_55' title="bbox 1967 2745 2654 2804">
     <span class='ocr_line' id='line_1_55' title="bbox 1967 2745 2654 2804; baseline 0.004 -4"><span class='ocrx_word' id='word_1_458' title='bbox 1967 2753 2024 2800; x_wconf 87' lang='lat' dir='ltr'><strong>et</strong></span> <span class='ocrx_word' id='word_1_459' title='bbox 2049 2745 2344 2802; x_wconf 85' lang='lat' dir='ltr'><strong>tribunum</strong></span> <span class='ocrx_word' id='word_1_460' title='bbox 2380 2747 2654 2804; x_wconf 88' lang='lat' dir='ltr'><strong>adorans.</strong></span> 
     </span>
    </p>
   </div>
   <div class='ocr_carea' id='block_1_56' title="bbox 239 2829 3614 2915">
    <p class='ocr_par' dir='ltr' id='par_1_56' title="bbox 239 2829 3614 2915">
     <span class='ocr_line' id='line_1_56' title="bbox 239 2829 3614 2915; baseline 0.001 -25"><span class='ocrx_word' id='word_1_461' title='bbox 239 2838 330 2890; x_wconf 78' lang='grc' dir='ltr'><strong>τοῦ</strong></span> <span class='ocrx_word' id='word_1_462' title='bbox 369 2833 641 2891; x_wconf 78' lang='grc' dir='ltr'>ἐπιστάτου</span> <span class='ocrx_word' id='word_1_463' title='bbox 685 2834 789 2899; x_wconf 75' lang='grc' dir='ltr'><strong>ἕως</strong></span> <span class='ocrx_word' id='word_1_464' title='bbox 839 2843 940 2905; x_wconf 77' lang='grc' dir='ltr'>τῆς</span> <span class='ocrx_word' id='word_1_465' title='bbox 996 2832 1222 2910; x_wconf 79' lang='grc' dir='ltr'><strong>δάφνης,</strong></span> <span class='ocrx_word' id='word_1_466' title='bbox 1274 2833 1386 2889; x_wconf 77' lang='grc' dir='ltr'>εἶτα</span> <span class='ocrx_word' id='word_1_467' title='bbox 1436 2835 1463 2888; x_wconf 88' lang='grc' dir='ltr'>ὁ</span> <span class='ocrx_word' id='word_1_468' title='bbox 1524 2833 1794 2910; x_wconf 71' lang='grc' dir='ltr'>βηγᾶριος</span> <span class='ocrx_word' id='word_1_469' title='bbox 1835 2829 2136 2910; x_wconf 76' lang='grc' dir='ltr'><strong>ἀπέρχεται</strong></span> <span class='ocrx_word' id='word_1_470' title='bbox 2182 2831 2273 2886; x_wconf 78' lang='grc' dir='ltr'><strong>ἐπὶ</strong></span> <span class='ocrx_word' id='word_1_471' title='bbox 2321 2835 2414 2888; x_wconf 84' lang='grc' dir='ltr'>τὸν</span> <span class='ocrx_word' id='word_1_472' title='bbox 2463 2833 2664 2908; x_wconf 83' lang='grc' dir='ltr'>δῆμον,</span> <span class='ocrx_word' id='word_1_473' title='bbox 2703 2835 2794 2891; x_wconf 79' lang='grc' dir='ltr'><strong>καὶ</strong></span> <span class='ocrx_word' id='word_1_474' title='bbox 2843 2838 3291 2915; x_wconf 71' lang='grc' dir='ltr'>κατασφραγίζων</span> <span class='ocrx_word' id='word_1_475' title='bbox 3333 2836 3512 2912; x_wconf 76' lang='grc' dir='ltr'>τρίτον</span> <span class='ocrx_word' id='word_1_476' title='bbox 3537 2838 3614 2900; x_wconf 86' lang='grc' dir='ltr'><strong>εἷς</strong></span> 
     </span>
    </p>
   </div>
   <div class='ocr_carea' id='block_1_57' title="bbox 233 2921 3616 3003">
    <p class='ocr_par' dir='ltr' id='par_1_57' title="bbox 233 2921 3616 3003">
     <span class='ocr_line' id='line_1_57' title="bbox 233 2921 3616 3003; baseline 0.001 -25"><span class='ocrx_word' id='word_1_477' title='bbox 233 2926 317 2978; x_wconf 80' lang='grc' dir='ltr'><strong>τὸν</strong></span> <span class='ocrx_word' id='word_1_478' title='bbox 363 2922 555 2996; x_wconf 81' lang='grc' dir='ltr'>δῆμον,</span> <span class='ocrx_word' id='word_1_479' title='bbox 617 2924 903 3001; x_wconf 66' lang='grc' dir='ltr'>ἀνέρχεται</span> <span class='ocrx_word' id='word_1_480' title='bbox 970 2927 1048 2989; x_wconf 85' lang='grc' dir='ltr'>εἰς</span> <span class='ocrx_word' id='word_1_481' title='bbox 1111 2924 1177 2978; x_wconf 81' lang='grc' dir='ltr'>τὰ</span> <span class='ocrx_word' id='word_1_482' title='bbox 1247 2921 1550 2999; x_wconf 82' lang='grc' dir='ltr'>κάγκελλα,</span> <span class='ocrx_word' id='word_1_483' title='bbox 1606 2923 1697 2977; x_wconf 86' lang='grc' dir='ltr'><strong>καὶ</strong></span> <span class='ocrx_word' id='word_1_484' title='bbox 1763 2926 2060 2997; x_wconf 79' lang='grc' dir='ltr'>προσκυνεῖ</span> <span class='ocrx_word' id='word_1_485' title='bbox 2106 2921 2199 2976; x_wconf 84' lang='grc' dir='ltr'>τὸν</span> <span class='ocrx_word' id='word_1_486' title='bbox 2239 2924 2624 3001; x_wconf 74' lang='grc' dir='ltr'>φακτιονάριον</span> <span class='ocrx_word' id='word_1_487' title='bbox 2678 2925 2770 2980; x_wconf 87' lang='grc' dir='ltr'><strong>καὶ</strong></span> <span class='ocrx_word' id='word_1_488' title='bbox 2810 2924 2980 2990; x_wconf 72' lang='grc' dir='ltr'>ὅλους</span> <span class='ocrx_word' id='word_1_489' title='bbox 3019 2927 3147 2990; x_wconf 81' lang='grc' dir='ltr'>τοὺς</span> <span class='ocrx_word' id='word_1_490' title='bbox 3202 2924 3468 3003; x_wconf 76' lang='grc' dir='ltr'>ἡνιόχους</span> <span class='ocrx_word' id='word_1_491' title='bbox 3507 2933 3616 2983; x_wconf 83' lang='grc' dir='ltr'>τῶν</span> 
     </span>
    </p>
   </div>
   <div class='ocr_carea' id='block_1_58' title="bbox 229 3010 1090 3092">
    <p class='ocr_par' dir='ltr' id='par_1_58' title="bbox 229 3010 1090 3092">
     <span class='ocr_line' id='line_1_58' title="bbox 229 3010 1090 3092; baseline 0.003 -24"><span class='ocrx_word' id='word_1_492' title='bbox 229 3010 314 3069; x_wconf 73' lang='grc' dir='ltr'>δύο</span> <span class='ocrx_word' id='word_1_493' title='bbox 356 3021 524 3092; x_wconf 76' lang='grc' dir='ltr'>μερῶν</span> <span class='ocrx_word' id='word_1_494' title='bbox 561 3016 762 3072; x_wconf 77' lang='grc' dir='ltr'>καὶτὸν</span> <span class='ocrx_word' id='word_1_495' title='bbox 782 3011 1090 3090; x_wconf 81' lang='grc' dir='ltr'>τριϐοὖνον.</span> 
     </span>
    </p>
   </div>
   <div class='ocr_carea' id='block_1_59' title="bbox 223 3100 1858 3183">
    <p class='ocr_par' dir='ltr' id='par_1_59' title="bbox 223 3100 1858 3183">
     <span class='ocr_line' id='line_1_59' title="bbox 223 3100 1858 3183; baseline 0 -23"><span class='ocrx_word' id='word_1_496' title='bbox 223 3104 398 3172; x_wconf 84' lang='grc' dir='ltr'>Ἀκτα,</span> <span class='ocrx_word' id='word_1_497' title='bbox 472 3103 754 3161; x_wconf 70' lang='grc' dir='ltr'>ἐπινικίων</span> <span class='ocrx_word' id='word_1_498' title='bbox 827 3100 1311 3183; x_wconf 66' lang='grc' dir='ltr'>βριαμϐευομένων</span> <span class='ocrx_word' id='word_1_499' title='bbox 1405 3107 1515 3180; x_wconf 83' lang='grc'><strong>(72)</strong></span> <span class='ocrx_word' id='word_1_500' title='bbox 1601 3102 1686 3160; x_wconf 76' lang='grc' dir='ltr'>ἐπὶ</span> <span class='ocrx_word' id='word_1_501' title='bbox 1764 3107 1858 3161; x_wconf 75' lang='grc' dir='ltr'><strong>τοῦ</strong></span> 
     </span>
    </p>
   </div>
   <div class='ocr_carea' id='block_1_60' title="bbox 1972 3100 3622 3183">
    <p class='ocr_par' dir='ltr' id='par_1_60' title="bbox 1972 3106 3622 3183">
     <span class='ocr_line' id='line_1_60' title="bbox 1972 3106 3622 3183; baseline 0.004 -21"><span class='ocrx_word' id='word_1_502' title='bbox 1972 3106 2117 3176; x_wconf 72' lang='lat' dir='ltr'><strong>Acta,</strong></span> <span class='ocrx_word' id='word_1_503' title='bbox 2179 3107 2394 3181; x_wconf 77' lang='lat' dir='ltr'><strong>quando</strong></span> <span class='ocrx_word' id='word_1_504' title='bbox 2449 3109 2764 3183; x_wconf 69' lang='lat' dir='ltr'><strong>victoriato:</strong></span> <span class='ocrx_word' id='word_1_505' title='bbox 2827 3111 3108 3179; x_wconf 76' lang='lat' dir='ltr'><strong>triumphi</strong></span> <span class='ocrx_word' id='word_1_506' title='bbox 3149 3113 3212 3167; x_wconf 76' lang='lat' dir='ltr'><strong>in</strong></span> <span class='ocrx_word' id='word_1_507' title='bbox 3265 3111 3622 3183; x_wconf 81' lang='lat' dir='ltr'><strong>hippodromo</strong></span> 
     </span>
    </p>
   </div>
   <div class='ocr_carea' id='block_1_61' title="bbox 827 3175 1231 3252">
    <p class='ocr_par' dir='ltr' id='par_1_61' title="bbox 827 3175 1231 3252">
     <span class='ocr_line' id='line_1_61' title="bbox 827 3175 1231 3252; baseline 0.007 -21"><span class='ocrx_word' id='word_1_508' title='bbox 827 3175 1231 3252; x_wconf 71' lang='grc' dir='ltr'>ἱπποδρομίου.</span> 
     </span>
    </p>
   </div>
   <div class='ocr_carea' id='block_1_62' title="bbox 282 3264 1855 3342">
    <p class='ocr_par' dir='ltr' id='par_1_62' title="bbox 282 3264 1855 3342">
     <span class='ocr_line' id='line_1_62' title="bbox 282 3264 1855 3342; baseline 0 -20"><span class='ocrx_word' id='word_1_509' title='bbox 282 3288 311 3322; x_wconf 78' lang='grc' dir='ltr'>«ι</span> <span class='ocrx_word' id='word_1_510' title='bbox 341 3266 469 3341; x_wconf 80' lang='grc' dir='ltr'>Δόξα</span> <span class='ocrx_word' id='word_1_511' title='bbox 492 3271 621 3340; x_wconf 84' lang='grc' dir='ltr'>Θεῷ</span> <span class='ocrx_word' id='word_1_512' title='bbox 651 3271 731 3338; x_wconf 82' lang='grc' dir='ltr'>τῷ</span> <span class='ocrx_word' id='word_1_513' title='bbox 762 3266 1004 3342; x_wconf 78' lang='grc' dir='ltr'>Δεσπότῃ</span> <span class='ocrx_word' id='word_1_514' title='bbox 1046 3269 1088 3303; x_wconf 76' lang='grc'><strong>¹³</strong></span> <span class='ocrx_word' id='word_1_515' title='bbox 1138 3267 1378 3336; x_wconf 84' lang='grc' dir='ltr'>πάντων,</span> <span class='ocrx_word' id='word_1_516' title='bbox 1429 3264 1556 3337; x_wconf 83' lang='grc' dir='ltr'>δόξα</span> <span class='ocrx_word' id='word_1_517' title='bbox 1597 3271 1678 3338; x_wconf 77' lang='grc' dir='ltr'>τῷ</span> <span class='ocrx_word' id='word_1_518' title='bbox 1725 3271 1855 3324; x_wconf 86' lang='grc' dir='ltr'>Κτι-</span> 
     </span>
    </p>
   </div>
   <div class='ocr_carea' id='block_1_63' title="bbox 217 3354 1857 3432">
    <p class='ocr_par' dir='ltr' id='par_1_63' title="bbox 217 3354 1857 3432">
     <span class='ocr_line' id='line_1_63' title="bbox 217 3354 1857 3432; baseline 0.001 -23"><span class='ocrx_word' id='word_1_519' title='bbox 217 3357 411 3429; x_wconf 57' lang='lat' dir='ltr'><strong>cer,va</strong></span> <span class='ocrx_word' id='word_1_520' title='bbox 443 3355 778 3432; x_wconf 78' lang='grc' dir='ltr'>δημιουργῷ</span> <span class='ocrx_word' id='word_1_521' title='bbox 806 3361 914 3411; x_wconf 76' lang='grc' dir='ltr'>τῶν</span> <span class='ocrx_word' id='word_1_522' title='bbox 961 3354 1131 3414; x_wconf 84' lang='grc' dir='ltr'>ὅλων.</span> <span class='ocrx_word' id='word_1_523' title='bbox 1184 3357 1320 3425; x_wconf 84' lang='grc' dir='ltr'>Δόξα</span> <span class='ocrx_word' id='word_1_524' title='bbox 1378 3361 1493 3427; x_wconf 80' lang='grc' dir='ltr'>Θιῷ</span> <span class='ocrx_word' id='word_1_525' title='bbox 1539 3360 1617 3427; x_wconf 81' lang='grc' dir='ltr'>τῷ</span> <span class='ocrx_word' id='word_1_526' title='bbox 1665 3359 1857 3430; x_wconf 86' lang='grc' dir='ltr'>θριαμ-</span> 
     </span>
    </p>
   </div>
   <div class='ocr_carea' id='block_1_64' title="bbox 214 3439 1858 3521">
    <p class='ocr_par' dir='ltr' id='par_1_64' title="bbox 214 3439 1858 3521">
     <span class='ocr_line' id='line_1_64' title="bbox 214 3439 1858 3521; baseline 0.001 -23"><span class='ocrx_word' id='word_1_527' title='bbox 214 3439 442 3502; x_wconf 76' lang='grc' dir='ltr'>ϐεύσαντι</span> <span class='ocrx_word' id='word_1_528' title='bbox 478 3445 622 3506; x_wconf 72' lang='grc' dir='ltr'>τοὺς</span> <span class='ocrx_word' id='word_1_529' title='bbox 677 3447 779 3516; x_wconf 84' lang='grc' dir='ltr'>τής</span> <span class='ocrx_word' id='word_1_530' title='bbox 809 3447 1024 3521; x_wconf 85' lang='grc' dir='ltr'>Ἀγαρ.</span> <span class='ocrx_word' id='word_1_531' title='bbox 1068 3445 1204 3516; x_wconf 84' lang='grc' dir='ltr'>Δόξα</span> <span class='ocrx_word' id='word_1_532' title='bbox 1255 3449 1371 3517; x_wconf 84' lang='grc' dir='ltr'>Θεῷ</span> <span class='ocrx_word' id='word_1_533' title='bbox 1408 3449 1487 3515; x_wconf 82' lang='grc' dir='ltr'>τῷ</span> <span class='ocrx_word' id='word_1_534' title='bbox 1518 3442 1858 3516; x_wconf 66' lang='grc' dir='ltr'>παμϐασιλεῖ</span> 
     </span>
    </p>
   </div>
   <div class='ocr_carea' id='block_1_65' title="bbox 212 3532 1856 3610">
    <p class='ocr_par' dir='ltr' id='par_1_65' title="bbox 212 3532 1856 3610">
     <span class='ocr_line' id='line_1_65' title="bbox 212 3532 1856 3610; baseline 0 -22"><span class='ocrx_word' id='word_1_535' title='bbox 212 3539 304 3589; x_wconf 80' lang='grc' dir='ltr'><strong>τῶν</strong></span> <span class='ocrx_word' id='word_1_536' title='bbox 331 3535 579 3594; x_wconf 74' lang='grc' dir='ltr'><strong>αἰώνων.</strong></span> <span class='ocrx_word' id='word_1_537' title='bbox 614 3536 749 3606; x_wconf 82' lang='grc' dir='ltr'>Δόξα</span> <span class='ocrx_word' id='word_1_538' title='bbox 779 3540 896 3608; x_wconf 83' lang='grc' dir='ltr'>Θεῷ</span> <span class='ocrx_word' id='word_1_539' title='bbox 923 3540 1001 3608; x_wconf 80' lang='grc' dir='ltr'>τῷ</span> <span class='ocrx_word' id='word_1_540' title='bbox 1045 3534 1385 3610; x_wconf 78' lang='grc' dir='ltr'>ἐνισχύσαντι</span> <span class='ocrx_word' id='word_1_541' title='bbox 1435 3532 1680 3609; x_wconf 82' lang='grc' dir='ltr'>βασιλεῖς</span> <span class='ocrx_word' id='word_1_542' title='bbox 1729 3534 1856 3600; x_wconf 75' lang='grc' dir='ltr'>τοὺς</span> 
     </span>
    </p>
   </div>
   <div class='ocr_carea' id='block_1_66' title="bbox 211 3619 1851 3699">
    <p class='ocr_par' dir='ltr' id='par_1_66' title="bbox 211 3619 1851 3699">
     <span class='ocr_line' id='line_1_66' title="bbox 211 3619 1851 3699; baseline 0 -22"><span class='ocrx_word' id='word_1_543' title='bbox 211 3623 553 3698; x_wconf 71' lang='grc' dir='ltr'>όρθοδόξους-</span> <span class='ocrx_word' id='word_1_544' title='bbox 607 3625 744 3695; x_wconf 80' lang='grc' dir='ltr'>Δόξα</span> <span class='ocrx_word' id='word_1_545' title='bbox 801 3630 916 3698; x_wconf 82' lang='grc' dir='ltr'>Θεῷ</span> <span class='ocrx_word' id='word_1_546' title='bbox 986 3629 1064 3696; x_wconf 78' lang='grc' dir='ltr'>τῷ</span> <span class='ocrx_word' id='word_1_547' title='bbox 1137 3619 1490 3698; x_wconf 69' lang='grc' dir='ltr'>ἐπιϐλέψαντι</span> <span class='ocrx_word' id='word_1_548' title='bbox 1562 3622 1643 3699; x_wconf 69' lang='grc' dir='ltr'><strong>ἐφ’</strong></span> <span class='ocrx_word' id='word_1_549' title='bbox 1715 3625 1851 3695; x_wconf 67' lang='grc' dir='ltr'>ἡμῖν</span> 
     </span>
    </p>
   </div>
   <div class='ocr_carea' id='block_1_67' title="bbox 214 3712 1855 3788">
    <p class='ocr_par' dir='ltr' id='par_1_67' title="bbox 214 3712 1855 3788">
     <span class='ocr_line' id='line_1_67' title="bbox 214 3712 1855 3788; baseline -0.001 -21"><span class='ocrx_word' id='word_1_550' title='bbox 214 3713 635 3788; x_wconf 73' lang='grc' dir='ltr'>φιλανθρώπως.</span> <span class='ocrx_word' id='word_1_551' title='bbox 697 3713 830 3784; x_wconf 82' lang='grc' dir='ltr'>Δόξα</span> <span class='ocrx_word' id='word_1_552' title='bbox 879 3718 994 3784; x_wconf 81' lang='grc' dir='ltr'><strong>Θεῷ</strong></span> <span class='ocrx_word' id='word_1_553' title='bbox 1037 3717 1118 3785; x_wconf 79' lang='grc' dir='ltr'>τῷ</span> <span class='ocrx_word' id='word_1_554' title='bbox 1165 3713 1451 3782; x_wconf 78' lang='grc' dir='ltr'>πατάξαντι</span> <span class='ocrx_word' id='word_1_555' title='bbox 1501 3712 1855 3784; x_wconf 78' lang='grc' dir='ltr'>Ἰσμαηλίτας</span> 
     </span>
    </p>
   </div>
   <div class='ocr_carea' id='block_1_68' title="bbox 210 3800 1851 3881">
    <p class='ocr_par' dir='ltr' id='par_1_68' title="bbox 210 3800 1851 3881">
     <span class='ocr_line' id='line_1_68' title="bbox 210 3800 1851 3881; baseline -0.002 -23"><span class='ocrx_word' id='word_1_556' title='bbox 210 3805 327 3866; x_wconf 78' lang='grc' dir='ltr'>τοὺς</span> <span class='ocrx_word' id='word_1_557' title='bbox 398 3803 852 3881; x_wconf 85' lang='grc' dir='ltr'>Χριστομάχους.</span> <span class='ocrx_word' id='word_1_558' title='bbox 931 3804 1066 3875; x_wconf 85' lang='grc' dir='ltr'>Δόξα</span> <span class='ocrx_word' id='word_1_559' title='bbox 1122 3807 1236 3874; x_wconf 84' lang='grc' dir='ltr'>Θεῷ</span> <span class='ocrx_word' id='word_1_560' title='bbox 1291 3807 1372 3874; x_wconf 75' lang='grc' dir='ltr'>τῷ</span> <span class='ocrx_word' id='word_1_561' title='bbox 1449 3800 1730 3877; x_wconf 71' lang='grc' dir='ltr'>ῥυσαμένῳ</span> <span class='ocrx_word' id='word_1_562' title='bbox 1801 3800 1851 3874; x_wconf 69' lang='grc' dir='ltr'>ἐξ</span> 
     </span>
    </p>
   </div>
   <div class='ocr_carea' id='block_1_69' title="bbox 211 3890 1854 3968">
    <p class='ocr_par' dir='ltr' id='par_1_69' title="bbox 211 3890 1854 3968">
     <span class='ocr_line' id='line_1_69' title="bbox 211 3890 1854 3968; baseline -0.004 -22"><span class='ocrx_word' id='word_1_563' title='bbox 211 3890 411 3968; x_wconf 77' lang='grc' dir='ltr'>ἐχθρῶν</span> <span class='ocrx_word' id='word_1_564' title='bbox 441 3894 574 3956; x_wconf 82' lang='grc' dir='ltr'>τοὺς</span> <span class='ocrx_word' id='word_1_565' title='bbox 603 3891 1020 3966; x_wconf 74' lang='grc' dir='ltr'>αἰχμαλώτους.</span> <span class='ocrx_word' id='word_1_566' title='bbox 1055 3892 1192 3962; x_wconf 81' lang='grc' dir='ltr'>Δόξα</span> <span class='ocrx_word' id='word_1_567' title='bbox 1231 3895 1346 3962; x_wconf 85' lang='grc' dir='ltr'>Θεῷ</span> <span class='ocrx_word' id='word_1_568' title='bbox 1402 3895 1482 3962; x_wconf 83' lang='grc' dir='ltr'>τῷ</span> <span class='ocrx_word' id='word_1_569' title='bbox 1521 3891 1854 3964; x_wconf 78' lang='grc' dir='ltr'>προθήσαντι</span> 
     </span>
    </p>
   </div>
   <div class='ocr_carea' id='block_1_70' title="bbox 208 3975 1851 4055">
    <p class='ocr_par' dir='ltr' id='par_1_70' title="bbox 208 3975 1851 4055">
     <span class='ocr_line' id='line_1_70' title="bbox 208 3975 1851 4055; baseline -0.002 -18"><span class='ocrx_word' id='word_1_570' title='bbox 208 3984 293 4045; x_wconf 72' lang='grc' dir='ltr'>τὰς</span> <span class='ocrx_word' id='word_1_571' title='bbox 323 3983 510 4046; x_wconf 82' lang='grc' dir='ltr'>πόλεις</span> <span class='ocrx_word' id='word_1_572' title='bbox 552 3986 672 4038; x_wconf 77' lang='grc' dir='ltr'>τῶν</span> <span class='ocrx_word' id='word_1_573' title='bbox 702 3977 969 4055; x_wconf 77' lang='grc' dir='ltr'><strong>Ἀράϐων.</strong></span> <span class='ocrx_word' id='word_1_574' title='bbox 1013 3981 1144 4051; x_wconf 84' lang='grc' dir='ltr'>Δόξα</span> <span class='ocrx_word' id='word_1_575' title='bbox 1175 3985 1290 4052; x_wconf 84' lang='grc' dir='ltr'><strong>Θεῷ</strong></span> <span class='ocrx_word' id='word_1_576' title='bbox 1329 3984 1410 4052; x_wconf 75' lang='grc' dir='ltr'><strong>τῷ</strong></span> <span class='ocrx_word' id='word_1_577' title='bbox 1451 3975 1851 4035; x_wconf 63' lang='grc' dir='ltr'>καταϐάλλοντι</span> 
     </span>
    </p>
   </div>
   <div class='ocr_carea' id='block_1_71' title="bbox 208 4065 1852 4148">
    <p class='ocr_par' dir='ltr' id='par_1_71' title="bbox 208 4065 1852 4148">
     <span class='ocr_line' id='line_1_71' title="bbox 208 4065 1852 4148; baseline -0.001 -23"><span class='ocrx_word' id='word_1_578' title='bbox 208 4070 322 4136; x_wconf 72' lang='grc' dir='ltr'>τους</span> <span class='ocrx_word' id='word_1_579' title='bbox 358 4072 602 4148; x_wconf 79' lang='grc' dir='ltr'>ἆρνητᾶς</span> <span class='ocrx_word' id='word_1_580' title='bbox 633 4073 731 4140; x_wconf 77' lang='grc' dir='ltr'>τῆς</span> <span class='ocrx_word' id='word_1_581' title='bbox 752 4068 1004 4148; x_wconf 75' lang='grc' dir='ltr'>Τριάδος.</span> <span class='ocrx_word' id='word_1_582' title='bbox 1058 4070 1194 4141; x_wconf 85' lang='grc' dir='ltr'>Δόξα</span> <span class='ocrx_word' id='word_1_583' title='bbox 1224 4075 1338 4142; x_wconf 81' lang='grc' dir='ltr'><strong>Θεῷ</strong></span> <span class='ocrx_word' id='word_1_584' title='bbox 1389 4073 1468 4142; x_wconf 80' lang='grc' dir='ltr'>τῷ</span> <span class='ocrx_word' id='word_1_585' title='bbox 1523 4065 1852 4124; x_wconf 76' lang='grc' dir='ltr'>ἄπολὲσαντι</span> 
     </span>
    </p>
   </div>
   <div class='ocr_carea' id='block_1_72' title="bbox 206 4157 1852 4236">
    <p class='ocr_par' dir='ltr' id='par_1_72' title="bbox 206 4157 1852 4236">
     <span class='ocr_line' id='line_1_72' title="bbox 206 4157 1852 4236; baseline -0.001 -22"><span class='ocrx_word' id='word_1_586' title='bbox 206 4163 322 4222; x_wconf 86' lang='grc' dir='ltr'>τοὺς</span> <span class='ocrx_word' id='word_1_587' title='bbox 343 4163 588 4236; x_wconf 78' lang='grc' dir='ltr'>ἀρνητὰς</span> <span class='ocrx_word' id='word_1_588' title='bbox 620 4164 720 4227; x_wconf 77' lang='grc' dir='ltr'>τῆς</span> <span class='ocrx_word' id='word_1_589' title='bbox 767 4161 1056 4217; x_wconf 86' lang='grc' dir='ltr'>Θεοτόκου.</span> <span class='ocrx_word' id='word_1_590' title='bbox 1089 4161 1223 4233; x_wconf 82' lang='grc' dir='ltr'>Δόξα</span> <span class='ocrx_word' id='word_1_591' title='bbox 1263 4158 1380 4233; x_wconf 85' lang='grc' dir='ltr'>Θεῷ</span> <span class='ocrx_word' id='word_1_592' title='bbox 1421 4163 1500 4231; x_wconf 85' lang='grc' dir='ltr'>τῷ</span> <span class='ocrx_word' id='word_1_593' title='bbox 1552 4157 1852 4236; x_wconf 80' lang='grc' dir='ltr'>καταισχύ-</span> 
     </span>
    </p>
   </div>
   <div class='ocr_carea' id='block_1_73' title="bbox 205 4247 1852 4328">
    <p class='ocr_par' dir='ltr' id='par_1_73' title="bbox 205 4247 1852 4328">
     <span class='ocr_line' id='line_1_73' title="bbox 205 4247 1852 4328; baseline 0 -26"><span class='ocrx_word' id='word_1_594' title='bbox 205 4271 339 4306; x_wconf 72' lang='lat' dir='ltr'><strong>vam</strong></span> <span class='ocrx_word' id='word_1_595' title='bbox 368 4254 429 4308; x_wconf 85' lang='grc' dir='ltr'>τὸ</span> <span class='ocrx_word' id='word_1_596' title='bbox 458 4252 733 4328; x_wconf 73' lang='grc' dir='ltr'>φρύαγμα</span> <span class='ocrx_word' id='word_1_597' title='bbox 764 4251 791 4305; x_wconf 88' lang='lat'><strong>6</strong></span> <span class='ocrx_word' id='word_1_598' title='bbox 821 4247 968 4304; x_wconf 85' lang='grc' dir='ltr'>δεῖνα</span> <span class='ocrx_word' id='word_1_599' title='bbox 999 4254 1094 4306; x_wconf 78' lang='grc' dir='ltr'><strong>τοῦ</strong></span> <span class='ocrx_word' id='word_1_600' title='bbox 1134 4249 1543 4324; x_wconf 79' lang='grc' dir='ltr'>Χριστομάχου.</span> <span class='ocrx_word' id='word_1_601' title='bbox 1571 4249 1702 4321; x_wconf 81' lang='grc' dir='ltr'>Δόξα</span> <span class='ocrx_word' id='word_1_602' title='bbox 1735 4251 1852 4320; x_wconf 85' lang='grc' dir='ltr'>Θεῷ</span> 
     </span>
    </p>
   </div>
   <div class='ocr_carea' id='block_1_74' title="bbox 203 4335 1850 4414">
    <p class='ocr_par' dir='ltr' id='par_1_74' title="bbox 203 4335 1850 4414">
     <span class='ocr_line' id='line_1_74' title="bbox 203 4335 1850 4414; baseline -0.001 -21"><span class='ocrx_word' id='word_1_603' title='bbox 203 4343 278 4411; x_wconf 81' lang='grc' dir='ltr'>τῷ</span> <span class='ocrx_word' id='word_1_604' title='bbox 324 4338 689 4412; x_wconf 75' lang='grc' dir='ltr'>εὐδοκήσαντι</span> <span class='ocrx_word' id='word_1_605' title='bbox 750 4340 947 4402; x_wconf 79' lang='grc' dir='ltr'>οὕτως.</span> <span class='ocrx_word' id='word_1_606' title='bbox 998 4338 1187 4414; x_wconf 76' lang='grc' dir='ltr'>Κύριε,</span> <span class='ocrx_word' id='word_1_607' title='bbox 1240 4339 1323 4402; x_wconf 81' lang='grc' dir='ltr'>τίς</span> <span class='ocrx_word' id='word_1_608' title='bbox 1383 4339 1451 4392; x_wconf 83' lang='grc' dir='ltr'>οὐ</span> <span class='ocrx_word' id='word_1_609' title='bbox 1503 4335 1712 4410; x_wconf 84' lang='grc' dir='ltr'>δοξάσει</span> <span class='ocrx_word' id='word_1_610' title='bbox 1749 4338 1850 4406; x_wconf 74' lang='grc' dir='ltr'>τὴν</span> 
     </span>
    </p>
   </div>
   <div class='ocr_carea' id='block_1_75' title="bbox 210 4425 1851 4504">
    <p class='ocr_par' dir='ltr' id='par_1_75' title="bbox 210 4425 1851 4504">
     <span class='ocr_line' id='line_1_75' title="bbox 210 4425 1851 4504; baseline -0.002 -21"><span class='ocrx_word' id='word_1_611' title='bbox 210 4427 406 4502; x_wconf 79' lang='grc' dir='ltr'>βουλήν</span> <span class='ocrx_word' id='word_1_612' title='bbox 456 4449 602 4500; x_wconf 86' lang='grc' dir='ltr'>σου;</span> <span class='ocrx_word' id='word_1_613' title='bbox 653 4430 835 4502; x_wconf 78' lang='grc' dir='ltr'>Κύριε,</span> <span class='ocrx_word' id='word_1_614' title='bbox 896 4430 977 4490; x_wconf 75' lang='grc' dir='ltr'><strong>τίς</strong></span> <span class='ocrx_word' id='word_1_615' title='bbox 1027 4428 1138 4504; x_wconf 83' lang='grc' dir='ltr'>οὐχ</span> <span class='ocrx_word' id='word_1_616' title='bbox 1187 4429 1416 4500; x_wconf 75' lang='grc' dir='ltr'>ὑμνήσει</span> <span class='ocrx_word' id='word_1_617' title='bbox 1461 4427 1529 4480; x_wconf 79' lang='grc' dir='ltr'>τὰ</span> <span class='ocrx_word' id='word_1_618' title='bbox 1574 4425 1706 4503; x_wconf 80' lang='grc' dir='ltr'>ἔργα</span> <span class='ocrx_word' id='word_1_619' title='bbox 1743 4431 1851 4481; x_wconf 83' lang='grc' dir='ltr'>τῶν</span> 
     </span>
    </p>
   </div>
   <div class='ocr_carea' id='block_1_76' title="bbox 2603 3182 2977 3238">
    <p class='ocr_par' dir='ltr' id='par_1_76' title="bbox 2603 3182 2977 3238">
     <span class='ocr_line' id='line_1_76' title="bbox 2603 3182 2977 3238; baseline 0.003 -1"><span class='ocrx_word' id='word_1_620' title='bbox 2603 3182 2977 3238; x_wconf 78' lang='lat' dir='ltr'><strong>celebrantur.</strong></span> 
     </span>
    </p>
   </div>
   <div class='ocr_carea' id='block_1_77' title="bbox 2047 3268 3616 3345">
    <p class='ocr_par' dir='ltr' id='par_1_77' title="bbox 2047 3268 3616 3345">
     <span class='ocr_line' id='line_1_77' title="bbox 2047 3268 3616 3345; baseline 0.004 -25"><span class='ocrx_word' id='word_1_621' title='bbox 2047 3291 2067 3319; x_wconf 78' lang='grc' dir='ltr'><strong>ι</strong></span> <span class='ocrx_word' id='word_1_622' title='bbox 2101 3268 2297 3325; x_wconf 90' lang='lat' dir='ltr'><strong>Gloria</strong></span> <span class='ocrx_word' id='word_1_623' title='bbox 2331 3275 2468 3339; x_wconf 90' lang='lat' dir='ltr'><strong>Deo,</strong></span> <span class='ocrx_word' id='word_1_624' title='bbox 2490 3274 2755 3326; x_wconf 91' lang='lat' dir='ltr'><strong>omnium</strong></span> <span class='ocrx_word' id='word_1_625' title='bbox 2775 3271 3048 3340; x_wconf 89' lang='lat' dir='ltr'><strong>Domino,</strong></span> <span class='ocrx_word' id='word_1_626' title='bbox 3079 3273 3264 3345; x_wconf 84' lang='lat' dir='ltr'><strong>gloria</strong></span> <span class='ocrx_word' id='word_1_627' title='bbox 3290 3272 3616 3329; x_wconf 89' lang='lat' dir='ltr'><strong>Creatoriet</strong></span> 
     </span>
    </p>
   </div>
   <div class='ocr_carea' id='block_1_78' title="bbox 1966 3358 3624 3434">
    <p class='ocr_par' dir='ltr' id='par_1_78' title="bbox 1966 3358 3624 3434">
     <span class='ocr_line' id='line_1_78' title="bbox 1966 3358 3624 3434; baseline 0.002 -20"><span class='ocrx_word' id='word_1_628' title='bbox 1966 3358 2266 3414; x_wconf 87' lang='lat' dir='ltr'><strong>Conditori</strong></span> <span class='ocrx_word' id='word_1_629' title='bbox 2299 3360 2552 3416; x_wconf 70' lang='lat' dir='ltr'><strong>universi</strong></span> <span class='ocrx_word' id='word_1_630' title='bbox 2579 3359 2591 3415; x_wconf 87' lang='lat' dir='ltr'><strong>l</strong></span> <span class='ocrx_word' id='word_1_631' title='bbox 2627 3360 2820 3417; x_wconf 82' lang='lat' dir='ltr'><strong>Gloria</strong></span> <span class='ocrx_word' id='word_1_632' title='bbox 2851 3361 2990 3426; x_wconf 91' lang='lat' dir='ltr'><strong>Deo,</strong></span> <span class='ocrx_word' id='word_1_633' title='bbox 3017 3363 3352 3434; x_wconf 87' lang='lat' dir='ltr'><strong>triumphos</strong></span> <span class='ocrx_word' id='word_1_634' title='bbox 3374 3365 3445 3418; x_wconf 90' lang='lat' dir='ltr'><strong>de</strong></span> <span class='ocrx_word' id='word_1_635' title='bbox 3480 3369 3624 3434; x_wconf 78' lang='lat' dir='ltr'><strong>Aga-</strong></span> 
     </span>
    </p>
   </div>
   <div class='ocr_carea' id='block_1_79' title="bbox 1967 3446 3616 3519">
    <p class='ocr_par' dir='ltr' id='par_1_79' title="bbox 1967 3446 3616 3519">
     <span class='ocr_line' id='line_1_79' title="bbox 1967 3446 3616 3519; baseline 0.003 -20"><span class='ocrx_word' id='word_1_636' title='bbox 1967 3446 2124 3500; x_wconf 89' lang='lat' dir='ltr'><strong>renis</strong></span> <span class='ocrx_word' id='word_1_637' title='bbox 2153 3449 2343 3518; x_wconf 84' lang='lat' dir='ltr'><strong>agenti</strong></span> <span class='ocrx_word' id='word_1_638' title='bbox 2371 3447 2384 3503; x_wconf 93' lang='lat' dir='ltr'><strong>l</strong></span> <span class='ocrx_word' id='word_1_639' title='bbox 2417 3447 2614 3504; x_wconf 87' lang='lat' dir='ltr'><strong>Gloria</strong></span> <span class='ocrx_word' id='word_1_640' title='bbox 2647 3450 2758 3504; x_wconf 92' lang='lat' dir='ltr'><strong>Deo</strong></span> <span class='ocrx_word' id='word_1_641' title='bbox 2807 3449 2928 3519; x_wconf 80' lang='lat' dir='ltr'><strong>regi</strong></span> <span class='ocrx_word' id='word_1_642' title='bbox 2981 3452 3325 3506; x_wconf 63' lang='lat' dir='ltr'><strong>saeculorum</strong></span> <span class='ocrx_word' id='word_1_643' title='bbox 3361 3450 3374 3506; x_wconf 85' lang='lat' dir='ltr'><strong>l</strong></span> <span class='ocrx_word' id='word_1_644' title='bbox 3419 3451 3616 3506; x_wconf 83' lang='lat' dir='ltr'><strong>Gloria</strong></span> 
     </span>
    </p>
   </div>
   <div class='ocr_carea' id='block_1_80' title="bbox 1967 3536 3615 3606">
    <p class='ocr_par' dir='ltr' id='par_1_80' title="bbox 1967 3536 3615 3606">
     <span class='ocr_line' id='line_1_80' title="bbox 1967 3536 3615 3606; baseline 0.002 -18"><span class='ocrx_word' id='word_1_645' title='bbox 1967 3538 2102 3599; x_wconf 88' lang='lat' dir='ltr'><strong>Deo,</strong></span> <span class='ocrx_word' id='word_1_646' title='bbox 2134 3536 2229 3606; x_wconf 88' lang='lat' dir='ltr'><strong>qui</strong></span> <span class='ocrx_word' id='word_1_647' title='bbox 2253 3536 2637 3606; x_wconf 87' lang='lat' dir='ltr'><strong>imperatores</strong></span> <span class='ocrx_word' id='word_1_648' title='bbox 2661 3542 2814 3592; x_wconf 86' lang='lat' dir='ltr'><strong>recte</strong></span> <span class='ocrx_word' id='word_1_649' title='bbox 2851 3540 3152 3593; x_wconf 87' lang='lat' dir='ltr'><strong>credentes</strong></span> <span class='ocrx_word' id='word_1_650' title='bbox 3185 3541 3574 3594; x_wconf 81' lang='lat' dir='ltr'><strong>corroboravit</strong></span> <span class='ocrx_word' id='word_1_651' title='bbox 3601 3538 3615 3592; x_wconf 85' lang='grc' dir='ltr'><strong>ι</strong></span> 
     </span>
    </p>
   </div>
   <div class='ocr_carea' id='block_1_81' title="bbox 1969 3622 3614 3695">
    <p class='ocr_par' dir='ltr' id='par_1_81' title="bbox 1969 3622 3614 3695">
     <span class='ocr_line' id='line_1_81' title="bbox 1969 3622 3614 3695; baseline 0.002 -17"><span class='ocrx_word' id='word_1_652' title='bbox 1969 3622 2158 3678; x_wconf 88' lang='lat' dir='ltr'><strong>Gloria</strong></span> <span class='ocrx_word' id='word_1_653' title='bbox 2199 3623 2334 3692; x_wconf 91' lang='lat' dir='ltr'><strong>Deo,</strong></span> <span class='ocrx_word' id='word_1_654' title='bbox 2367 3628 2488 3695; x_wconf 87' lang='lat' dir='ltr'><strong>qui,</strong></span> <span class='ocrx_word' id='word_1_655' title='bbox 2523 3634 2583 3679; x_wconf 87' lang='lat' dir='ltr'><strong>ut</strong></span> <span class='ocrx_word' id='word_1_656' title='bbox 2642 3626 3082 3681; x_wconf 87' lang='lat' dir='ltr'><strong>amantissimus</strong></span> <span class='ocrx_word' id='word_1_657' title='bbox 3148 3626 3473 3693; x_wconf 90' lang='lat' dir='ltr'><strong>hominum,</strong></span> <span class='ocrx_word' id='word_1_658' title='bbox 3509 3643 3614 3682; x_wconf 88' lang='lat' dir='ltr'><strong>nos</strong></span> 
     </span>
    </p>
   </div>
   <div class='ocr_carea' id='block_1_82' title="bbox 1967 3711 3618 3783">
    <p class='ocr_par' dir='ltr' id='par_1_82' title="bbox 1967 3711 3618 3783">
     <span class='ocr_line' id='line_1_82' title="bbox 1967 3711 3618 3783; baseline 0.003 -18"><span class='ocrx_word' id='word_1_659' title='bbox 1967 3711 2251 3781; x_wconf 85' lang='lat' dir='ltr'><strong>respexit!</strong></span> <span class='ocrx_word' id='word_1_660' title='bbox 2303 3711 2493 3767; x_wconf 88' lang='lat' dir='ltr'><strong>Gloria</strong></span> <span class='ocrx_word' id='word_1_661' title='bbox 2541 3713 2679 3780; x_wconf 87' lang='lat' dir='ltr'><strong>Deo,</strong></span> <span class='ocrx_word' id='word_1_662' title='bbox 2723 3713 2821 3783; x_wconf 90' lang='lat' dir='ltr'><strong>qui</strong></span> <span class='ocrx_word' id='word_1_663' title='bbox 2879 3713 3225 3782; x_wconf 84' lang='lat' dir='ltr'><strong>Ismaelitas,</strong></span> <span class='ocrx_word' id='word_1_664' title='bbox 3259 3716 3618 3770; x_wconf 83' lang='lat' dir='ltr'><strong>Christiano-</strong></span> 
     </span>
    </p>
   </div>
   <div class='ocr_carea' id='block_1_83' title="bbox 1967 3800 3619 3874">
    <p class='ocr_par' dir='ltr' id='par_1_83' title="bbox 1967 3800 3619 3874">
     <span class='ocr_line' id='line_1_83' title="bbox 1967 3800 3619 3874; baseline 0.002 -19"><span class='ocrx_word' id='word_1_665' title='bbox 1967 3816 2094 3856; x_wconf 88' lang='lat' dir='ltr'><strong>rum</strong></span> <span class='ocrx_word' id='word_1_666' title='bbox 2126 3800 2414 3867; x_wconf 89' lang='lat' dir='ltr'><strong>inimicos,</strong></span> <span class='ocrx_word' id='word_1_667' title='bbox 2451 3800 2773 3872; x_wconf 79' lang='lat' dir='ltr'><strong>percussit!</strong></span> <span class='ocrx_word' id='word_1_668' title='bbox 2816 3801 3011 3858; x_wconf 90' lang='lat' dir='ltr'><strong>Gloria</strong></span> <span class='ocrx_word' id='word_1_669' title='bbox 3043 3807 3177 3870; x_wconf 89' lang='lat' dir='ltr'><strong>Deo,</strong></span> <span class='ocrx_word' id='word_1_670' title='bbox 3212 3803 3315 3874; x_wconf 84' lang='lat' dir='ltr'><strong>qui</strong></span> <span class='ocrx_word' id='word_1_671' title='bbox 3358 3804 3619 3872; x_wconf 86' lang='lat' dir='ltr'><strong>captivos</strong></span> 
     </span>
    </p>
   </div>
   <div class='ocr_carea' id='block_1_84' title="bbox 1967 3889 3618 3962">
    <p class='ocr_par' dir='ltr' id='par_1_84' title="bbox 1967 3889 3618 3962">
     <span class='ocr_line' id='line_1_84' title="bbox 1967 3889 3618 3962; baseline 0.002 -18"><span class='ocrx_word' id='word_1_672' title='bbox 1967 3889 2038 3945; x_wconf 92' lang='lat' dir='ltr'><strong>ab</strong></span> <span class='ocrx_word' id='word_1_673' title='bbox 2060 3889 2323 3946; x_wconf 87' lang='lat' dir='ltr'><strong>hostibus</strong></span> <span class='ocrx_word' id='word_1_674' title='bbox 2354 3890 2620 3946; x_wconf 87' lang='lat' dir='ltr'><strong>liberavit</strong></span> <span class='ocrx_word' id='word_1_675' title='bbox 2654 3891 2666 3945; x_wconf 86' lang='grc' dir='ltr'><strong>ι</strong></span> <span class='ocrx_word' id='word_1_676' title='bbox 2696 3891 2890 3947; x_wconf 87' lang='lat' dir='ltr'><strong>Gloria</strong></span> <span class='ocrx_word' id='word_1_677' title='bbox 2927 3892 3065 3959; x_wconf 91' lang='lat' dir='ltr'><strong>Deo,</strong></span> <span class='ocrx_word' id='word_1_678' title='bbox 3107 3891 3211 3962; x_wconf 88' lang='lat' dir='ltr'><strong>qui</strong></span> <span class='ocrx_word' id='word_1_679' title='bbox 3259 3892 3430 3948; x_wconf 85' lang='lat' dir='ltr'><strong>urbes</strong></span> <span class='ocrx_word' id='word_1_680' title='bbox 3472 3899 3618 3947; x_wconf 86' lang='lat' dir='ltr'><strong>Ara-</strong></span> 
     </span>
    </p>
   </div>
   <div class='ocr_carea' id='block_1_85' title="bbox 1964 3978 3623 4052">
    <p class='ocr_par' dir='ltr' id='par_1_85' title="bbox 1964 3978 3623 4052">
     <span class='ocr_line' id='line_1_85' title="bbox 1964 3978 3623 4052; baseline 0.002 -17"><span class='ocrx_word' id='word_1_681' title='bbox 1964 3979 2100 4036; x_wconf 90' lang='lat' dir='ltr'><strong>bum</strong></span> <span class='ocrx_word' id='word_1_682' title='bbox 2123 3980 2407 4036; x_wconf 84' lang='lat' dir='ltr'><strong>destruxit</strong></span> <span class='ocrx_word' id='word_1_683' title='bbox 2440 3978 2453 4035; x_wconf 96' lang='lat' dir='ltr'><strong>l</strong></span> <span class='ocrx_word' id='word_1_684' title='bbox 2488 3980 2685 4036; x_wconf 89' lang='lat' dir='ltr'><strong>Gloria</strong></span> <span class='ocrx_word' id='word_1_685' title='bbox 2706 3980 2954 4051; x_wconf 89' lang='lat' dir='ltr'><strong>Deo,qui</strong></span> <span class='ocrx_word' id='word_1_686' title='bbox 2987 3981 3329 4038; x_wconf 71' lang='lat' dir='ltr'><strong>Trinitatem</strong></span> <span class='ocrx_word' id='word_1_687' title='bbox 3348 3987 3623 4052; x_wconf 85' lang='lat' dir='ltr'><strong>negantes</strong></span> 
     </span>
    </p>
   </div>
   <div class='ocr_carea' id='block_1_86' title="bbox 1962 4068 3622 4142">
    <p class='ocr_par' dir='ltr' id='par_1_86' title="bbox 1962 4068 3622 4142">
     <span class='ocr_line' id='line_1_86' title="bbox 1962 4068 3622 4142; baseline 0.001 -18"><span class='ocrx_word' id='word_1_688' title='bbox 1962 4068 2272 4141; x_wconf 87' lang='lat' dir='ltr'><strong>prostravit</strong></span> <span class='ocrx_word' id='word_1_689' title='bbox 2317 4068 2330 4123; x_wconf 87' lang='lat' dir='ltr'><strong>l</strong></span> <span class='ocrx_word' id='word_1_690' title='bbox 2384 4071 2579 4126; x_wconf 88' lang='lat' dir='ltr'><strong>Gloria</strong></span> <span class='ocrx_word' id='word_1_691' title='bbox 2631 4071 2764 4139; x_wconf 88' lang='lat' dir='ltr'><strong>Deo,</strong></span> <span class='ocrx_word' id='word_1_692' title='bbox 2825 4071 2926 4142; x_wconf 90' lang='lat' dir='ltr'><strong>qui</strong></span> <span class='ocrx_word' id='word_1_693' title='bbox 2984 4071 3290 4142; x_wconf 88' lang='lat' dir='ltr'><strong>Deiparam</strong></span> <span class='ocrx_word' id='word_1_694' title='bbox 3339 4077 3622 4142; x_wconf 81' lang='lat' dir='ltr'><strong>negantes</strong></span> 
     </span>
    </p>
   </div>
   <div class='ocr_carea' id='block_1_87' title="bbox 1964 4156 3617 4231">
    <p class='ocr_par' dir='ltr' id='par_1_87' title="bbox 1964 4156 3617 4231">
     <span class='ocr_line' id='line_1_87' title="bbox 1964 4156 3617 4231; baseline 0.001 -17"><span class='ocrx_word' id='word_1_695' title='bbox 1964 4156 2248 4228; x_wconf 85' lang='lat' dir='ltr'><strong>perdidit!</strong></span> <span class='ocrx_word' id='word_1_696' title='bbox 2301 4158 2496 4215; x_wconf 84' lang='lat' dir='ltr'><strong>Gloria</strong></span> <span class='ocrx_word' id='word_1_697' title='bbox 2530 4164 2666 4228; x_wconf 89' lang='lat' dir='ltr'><strong>Deo,</strong></span> <span class='ocrx_word' id='word_1_698' title='bbox 2700 4160 2800 4231; x_wconf 91' lang='lat' dir='ltr'><strong>qui</strong></span> <span class='ocrx_word' id='word_1_699' title='bbox 2853 4161 3220 4216; x_wconf 86' lang='lat' dir='ltr'><strong>terocientem</strong></span> <span class='ocrx_word' id='word_1_700' title='bbox 3257 4165 3323 4217; x_wconf 89' lang='lat' dir='ltr'><strong>N.</strong></span> <span class='ocrx_word' id='word_1_701' title='bbox 3383 4160 3617 4216; x_wconf 85' lang='lat' dir='ltr'><strong>Christo</strong></span> 
     </span>
    </p>
   </div>
   <div class='ocr_carea' id='block_1_88' title="bbox 1961 4247 3622 4322">
    <p class='ocr_par' dir='ltr' id='par_1_88' title="bbox 1961 4247 3622 4322">
     <span class='ocr_line' id='line_1_88' title="bbox 1961 4247 3622 4322; baseline 0.004 -21"><span class='ocrx_word' id='word_1_702' title='bbox 1961 4247 2263 4305; x_wconf 88' lang='lat' dir='ltr'><strong>inimicum</strong></span> <span class='ocrx_word' id='word_1_703' title='bbox 2313 4249 2622 4322; x_wconf 82' lang='lat' dir='ltr'><strong>approbrio</strong></span> <span class='ocrx_word' id='word_1_704' title='bbox 2678 4248 2980 4321; x_wconf 85' lang='lat' dir='ltr'><strong>implevit!</strong></span> <span class='ocrx_word' id='word_1_705' title='bbox 3015 4248 3208 4306; x_wconf 89' lang='lat' dir='ltr'><strong>Gloria</strong></span> <span class='ocrx_word' id='word_1_706' title='bbox 3230 4250 3366 4319; x_wconf 90' lang='lat' dir='ltr'><strong>Deo,</strong></span> <span class='ocrx_word' id='word_1_707' title='bbox 3407 4251 3499 4305; x_wconf 91' lang='lat' dir='ltr'><strong>cui</strong></span> <span class='ocrx_word' id='word_1_708' title='bbox 3532 4251 3622 4308; x_wconf 86' lang='lat' dir='ltr'><strong>ita</strong></span> 
     </span>
    </p>
   </div>
   <div class='ocr_carea' id='block_1_89' title="bbox 1960 4336 3617 4410">
    <p class='ocr_par' dir='ltr' id='par_1_89' title="bbox 1960 4336 3617 4410">
     <span class='ocr_line' id='line_1_89' title="bbox 1960 4336 3617 4410; baseline 0.004 -19"><span class='ocrx_word' id='word_1_709' title='bbox 1960 4338 2151 4393; x_wconf 89' lang='lat' dir='ltr'><strong>visum</strong></span> <span class='ocrx_word' id='word_1_710' title='bbox 2179 4336 2326 4392; x_wconf 83' lang='lat' dir='ltr'><strong>fuit!</strong></span> <span class='ocrx_word' id='word_1_711' title='bbox 2362 4339 2628 4406; x_wconf 83' lang='lat' dir='ltr'><strong>Domine,</strong></span> <span class='ocrx_word' id='word_1_712' title='bbox 2663 4340 2796 4410; x_wconf 91' lang='lat' dir='ltr'><strong>quis</strong></span> <span class='ocrx_word' id='word_1_713' title='bbox 2827 4340 3138 4396; x_wconf 90' lang='lat' dir='ltr'><strong>consilium</strong></span> <span class='ocrx_word' id='word_1_714' title='bbox 3171 4346 3340 4396; x_wconf 89' lang='lat' dir='ltr'><strong>tuum</strong></span> <span class='ocrx_word' id='word_1_715' title='bbox 3375 4359 3488 4397; x_wconf 91' lang='lat' dir='ltr'><strong>non</strong></span> <span class='ocrx_word' id='word_1_716' title='bbox 3523 4358 3617 4397; x_wconf 89' lang='lat' dir='ltr'><strong>ce-</strong></span> 
     </span>
    </p>
   </div>
   <div class='ocr_carea' id='block_1_90' title="bbox 1961 4426 3621 4502">
    <p class='ocr_par' dir='ltr' id='par_1_90' title="bbox 1961 4426 3621 4502">
     <span class='ocr_line' id='line_1_90' title="bbox 1961 4426 3621 4502; baseline 0.002 -20"><span class='ocrx_word' id='word_1_717' title='bbox 1961 4426 2257 4482; x_wconf 82' lang='lat' dir='ltr'><strong>lebraret?</strong></span> <span class='ocrx_word' id='word_1_718' title='bbox 2296 4426 2558 4494; x_wconf 90' lang='lat' dir='ltr'><strong>Domine,</strong></span> <span class='ocrx_word' id='word_1_719' title='bbox 2609 4429 2744 4498; x_wconf 90' lang='lat' dir='ltr'><strong>quis</strong></span> <span class='ocrx_word' id='word_1_720' title='bbox 2802 4445 2917 4484; x_wconf 89' lang='lat' dir='ltr'><strong>non</strong></span> <span class='ocrx_word' id='word_1_721' title='bbox 2979 4429 3247 4484; x_wconf 87' lang='lat' dir='ltr'><strong>laudaret</strong></span> <span class='ocrx_word' id='word_1_722' title='bbox 3288 4447 3461 4502; x_wconf 86' lang='lat' dir='ltr'><strong>opera</strong></span> <span class='ocrx_word' id='word_1_723' title='bbox 3493 4447 3621 4486; x_wconf 89' lang='lat' dir='ltr'><strong>ma-</strong></span> 
     </span>
    </p>
   </div>
   <div class='ocr_carea' id='block_1_91' title="bbox 206 4487 1858 4595">
    <p class='ocr_par' dir='ltr' id='par_1_91' title="bbox 206 4516 1851 4595">
     <span class='ocr_line' id='line_1_91' title="bbox 206 4516 1851 4595; baseline -0.003 -21"><span class='ocrx_word' id='word_1_724' title='bbox 206 4525 398 4595; x_wconf 80' lang='grc' dir='ltr'>χειρῶν</span> <span class='ocrx_word' id='word_1_725' title='bbox 429 4542 572 4592; x_wconf 88' lang='grc' dir='ltr'>σου;</span> <span class='ocrx_word' id='word_1_726' title='bbox 610 4517 799 4594; x_wconf 80' lang='grc' dir='ltr'>Κύριε,</span> <span class='ocrx_word' id='word_1_727' title='bbox 846 4517 1278 4593; x_wconf 72' lang='grc' dir='ltr'>εὐχαριστοῦμεν</span> <span class='ocrx_word' id='word_1_728' title='bbox 1310 4538 1394 4572; x_wconf 90' lang='grc' dir='ltr'><strong>σοι</strong></span> <span class='ocrx_word' id='word_1_729' title='bbox 1440 4517 1560 4592; x_wconf 78' lang='grc' dir='ltr'>περὶ</span> <span class='ocrx_word' id='word_1_730' title='bbox 1613 4516 1851 4583; x_wconf 83' lang='grc' dir='ltr'>πάντων,</span> 
     </span>
    </p>
   </div>
   <div class='ocr_carea' id='block_1_92' title="bbox 1972 4487 3615 4595">
    <p class='ocr_par' dir='ltr' id='par_1_92' title="bbox 1972 4487 3615 4590">
     <span class='ocr_line' id='line_1_92' title="bbox 1972 4487 3615 4590; baseline 0.002 -19"><span class='ocrx_word' id='word_1_731' title='bbox 1972 4533 2152 4572; x_wconf 89' lang='lat' dir='ltr'><strong>nuum</strong></span> <span class='ocrx_word' id='word_1_732' title='bbox 2184 4520 2418 4571; x_wconf 88' lang='lat' dir='ltr'><strong>tuarum</strong></span> <span class='ocrx_word' id='word_1_733' title='bbox 2443 4516 2470 4572; x_wconf 73' lang='lat' dir='ltr'><strong>‘I</strong></span> <span class='ocrx_word' id='word_1_734' title='bbox 2501 4487 2766 4584; x_wconf 77' lang='lat' dir='ltr'><strong>Domine,</strong></span> <span class='ocrx_word' id='word_1_735' title='bbox 2803 4516 3020 4590; x_wconf 84' lang='lat' dir='ltr'><strong>gratias</strong></span> <span class='ocrx_word' id='word_1_736' title='bbox 3053 4518 3157 4573; x_wconf 91' lang='lat' dir='ltr'><strong>tibi</strong></span> <span class='ocrx_word' id='word_1_737' title='bbox 3192 4536 3304 4590; x_wconf 76' lang='lat' dir='ltr'><strong>prae</strong></span> <span class='ocrx_word' id='word_1_738' title='bbox 3328 4487 3615 4576; x_wconf 47' lang='lat' dir='ltr'><strong>.omnibus</strong></span> 
     </span>
    </p>
   </div>
   <div class='ocr_carea' id='block_1_93' title="bbox 205 4604 1850 4682">
    <p class='ocr_par' dir='ltr' id='par_1_93' title="bbox 205 4604 1850 4682">
     <span class='ocr_line' id='line_1_93' title="bbox 205 4604 1850 4682; baseline -0.001 -21"><span class='ocrx_word' id='word_1_739' title='bbox 205 4608 284 4662; x_wconf 83' lang='grc' dir='ltr'>’ὁτι</span> <span class='ocrx_word' id='word_1_740' title='bbox 331 4609 583 4682; x_wconf 80' lang='grc' dir='ltr'>ἡλὲησας</span> <span class='ocrx_word' id='word_1_741' title='bbox 628 4609 721 4663; x_wconf 87' lang='grc' dir='ltr'>τὸν</span> <span class='ocrx_word' id='word_1_742' title='bbox 774 4607 938 4664; x_wconf 87' lang='grc' dir='ltr'>λαοόν</span> <span class='ocrx_word' id='word_1_743' title='bbox 979 4628 1075 4663; x_wconf 86' lang='grc' dir='ltr'><strong>σου</strong></span> <span class='ocrx_word' id='word_1_744' title='bbox 1119 4607 1369 4681; x_wconf 81' lang='grc' dir='ltr'>μεγάλως</span> <span class='ocrx_word' id='word_1_745' title='bbox 1424 4608 1467 4644; x_wconf 71' lang='lat'><strong>1°</strong></span> <span class='ocrx_word' id='word_1_746' title='bbox 1505 4604 1564 4661; x_wconf 72' lang='grc' dir='ltr'>ἐκ</span> <span class='ocrx_word' id='word_1_747' title='bbox 1598 4605 1850 4661; x_wconf 72' lang='grc' dir='ltr'>τοιούτου</span> 
     </span>
    </p>
   </div>
   <div class='ocr_carea' id='block_1_94' title="bbox 210 4692 1853 4772">
    <p class='ocr_par' dir='ltr' id='par_1_94' title="bbox 210 4692 1853 4772">
     <span class='ocr_line' id='line_1_94' title="bbox 210 4692 1853 4772; baseline -0.002 -21"><span class='ocrx_word' id='word_1_748' title='bbox 210 4696 589 4771; x_wconf 63' lang='grc' dir='ltr'>βασιλεύεσθαι</span> <span class='ocrx_word' id='word_1_749' title='bbox 620 4699 874 4772; x_wconf 75' lang='grc' dir='ltr'>κράτους.</span> <span class='ocrx_word' id='word_1_750' title='bbox 909 4722 936 4749; x_wconf 71' lang='grc' dir='ltr'>ι›</span> <span class='ocrx_word' id='word_1_751' title='bbox 970 4697 1068 4752; x_wconf 82' lang='grc' dir='ltr'><strong>Καὶ</strong></span> <span class='ocrx_word' id='word_1_752' title='bbox 1126 4696 1215 4752; x_wconf 79' lang='grc' dir='ltr'><strong>ὅτε</strong></span> <span class='ocrx_word' id='word_1_753' title='bbox 1259 4695 1493 4751; x_wconf 73' lang='grc' dir='ltr'>πέσωσιν</span> <span class='ocrx_word' id='word_1_754' title='bbox 1540 4696 1591 4749; x_wconf 81' lang='lat' dir='ltr'><strong>oi</strong></span> <span class='ocrx_word' id='word_1_755' title='bbox 1636 4692 1853 4768; x_wconf 65' lang='grc' dir='ltr'>δέσμιοι</span> 
     </span>
    </p>
   </div>
   <div class='ocr_carea' id='block_1_95' title="bbox 206 4781 1854 4866">
    <p class='ocr_par' dir='ltr' id='par_1_95' title="bbox 206 4781 1854 4866">
     <span class='ocr_line' id='line_1_95' title="bbox 206 4781 1854 4866; baseline -0.002 -27"><span class='ocrx_word' id='word_1_756' title='bbox 206 4794 422 4858; x_wconf 80' lang='grc' dir='ltr'>πρηνεῖς</span> <span class='ocrx_word' id='word_1_757' title='bbox 459 4790 549 4846; x_wconf 75' lang='grc' dir='ltr'>ἐπὶ</span> <span class='ocrx_word' id='word_1_758' title='bbox 584 4794 684 4858; x_wconf 84' lang='grc' dir='ltr'><strong>τῆς</strong></span> <span class='ocrx_word' id='word_1_759' title='bbox 727 4794 853 4866; x_wconf 79' lang='grc' dir='ltr'>γῆς,</span> <span class='ocrx_word' id='word_1_760' title='bbox 886 4786 1025 4841; x_wconf 77' lang='grc' dir='ltr'>νε·3ει</span> <span class='ocrx_word' id='word_1_761' title='bbox 1067 4787 1094 4842; x_wconf 89' lang='grc' dir='ltr'>ὁ</span> <span class='ocrx_word' id='word_1_762' title='bbox 1148 4784 1487 4860; x_wconf 84' lang='grc' dir='ltr'>ἀκτουάριος,</span> <span class='ocrx_word' id='word_1_763' title='bbox 1521 4784 1610 4838; x_wconf 80' lang='grc' dir='ltr'><strong>καὶ</strong></span> <span class='ocrx_word' id='word_1_764' title='bbox 1667 4781 1854 4857; x_wconf 70' lang='grc' dir='ltr'>λέγου-</span> 
     </span>
    </p>
   </div>
   <div class='ocr_carea' id='block_1_96' title="bbox 206 4871 1854 4954">
    <p class='ocr_par' dir='ltr' id='par_1_96' title="bbox 206 4871 1854 4954">
     <span class='ocr_line' id='line_1_96' title="bbox 206 4871 1854 4954; baseline -0.001 -25"><span class='ocrx_word' id='word_1_765' title='bbox 206 4895 282 4932; x_wconf 87' lang='grc' dir='ltr'><strong>σιν</strong></span> <span class='ocrx_word' id='word_1_766' title='bbox 320 4877 372 4934; x_wconf 75' lang='grc' dir='ltr'><strong>οἱ</strong></span> <span class='ocrx_word' id='word_1_767' title='bbox 411 4878 665 4954; x_wconf 80' lang='grc' dir='ltr'>κράκται·</span> <span class='ocrx_word' id='word_1_768' title='bbox 711 4900 738 4929; x_wconf 87' lang='grc'><strong>‹‹</strong></span> <span class='ocrx_word' id='word_1_769' title='bbox 787 4878 1016 4934; x_wconf 79' lang='grc' dir='ltr'>Ἔπεσον</span> <span class='ocrx_word' id='word_1_770' title='bbox 1076 4874 1125 4930; x_wconf 81' lang='lat' dir='ltr'><strong>o&#39;t</strong></span> <span class='ocrx_word' id='word_1_771' title='bbox 1183 4873 1372 4950; x_wconf 79' lang='grc' dir='ltr'>ἐχθροὶ</span> <span class='ocrx_word' id='word_1_772' title='bbox 1431 4875 1588 4949; x_wconf 77' lang='grc' dir='ltr'>ἡμῶν</span> <span class='ocrx_word' id='word_1_773' title='bbox 1650 4871 1854 4947; x_wconf 70' lang='grc' dir='ltr'>Θεοκρί-</span> 
     </span>
    </p>
   </div>
   <div class='ocr_carea' id='block_1_97' title="bbox 203 4963 1093 5040">
    <p class='ocr_par' dir='ltr' id='par_1_97' title="bbox 203 4963 1093 5040">
     <span class='ocr_line' id='line_1_97' title="bbox 203 4963 1093 5040; baseline 0.002 -22"><span class='ocrx_word' id='word_1_774' title='bbox 203 4982 325 5026; x_wconf 59' lang='lat' dir='ltr'><strong>tum“</strong></span> <span class='ocrx_word' id='word_1_775' title='bbox 361 4991 389 5018; x_wconf 87' lang='lat'>»</span> <span class='ocrx_word' id='word_1_776' title='bbox 417 4968 511 5023; x_wconf 81' lang='grc' dir='ltr'>καὶ</span> <span class='ocrx_word' id='word_1_777' title='bbox 547 4967 578 5022; x_wconf 87' lang='lat'><strong>6</strong></span> <span class='ocrx_word' id='word_1_778' title='bbox 611 4963 745 5028; x_wconf 88' lang='grc' dir='ltr'>λαὸς</span> <span class='ocrx_word' id='word_1_779' title='bbox 775 4965 986 5040; x_wconf 79' lang='grc' dir='ltr'>ὁμοίως</span> <span class='ocrx_word' id='word_1_780' title='bbox 1025 4965 1093 5039; x_wconf 89' lang='grc' dir='ltr'><strong>γ’.</strong></span> 
     </span>
    </p>
   </div>
   <div class='ocr_carea' id='block_1_98' title="bbox 1963 4606 3614 4680">
    <p class='ocr_par' dir='ltr' id='par_1_98' title="bbox 1963 4606 3614 4680">
     <span class='ocr_line' id='line_1_98' title="bbox 1963 4606 3614 4680; baseline 0.002 -20"><span class='ocrx_word' id='word_1_781' title='bbox 1963 4606 2211 4676; x_wconf 76' lang='lat' dir='ltr'><strong>agimus,</strong></span> <span class='ocrx_word' id='word_1_782' title='bbox 2244 4606 2396 4676; x_wconf 89' lang='lat' dir='ltr'><strong>quod</strong></span> <span class='ocrx_word' id='word_1_783' title='bbox 2460 4607 2740 4662; x_wconf 87' lang='lat' dir='ltr'><strong>misertus</strong></span> <span class='ocrx_word' id='word_1_784' title='bbox 2775 4621 2838 4660; x_wconf 88' lang='lat' dir='ltr'><strong>es</strong></span> <span class='ocrx_word' id='word_1_785' title='bbox 2873 4607 3071 4679; x_wconf 90' lang='lat' dir='ltr'><strong>populi</strong></span> <span class='ocrx_word' id='word_1_786' title='bbox 3118 4608 3226 4675; x_wconf 89' lang='lat' dir='ltr'><strong>tui,</strong></span> <span class='ocrx_word' id='word_1_787' title='bbox 3277 4609 3448 4680; x_wconf 88' lang='lat' dir='ltr'><strong>eique</strong></span> <span class='ocrx_word' id='word_1_788' title='bbox 3480 4608 3614 4663; x_wconf 90' lang='lat' dir='ltr'><strong>huic</strong></span> 
     </span>
    </p>
   </div>
   <div class='ocr_carea' id='block_1_99' title="bbox 1962 4694 3621 4768">
    <p class='ocr_par' dir='ltr' id='par_1_99' title="bbox 1962 4694 3621 4768">
     <span class='ocr_line' id='line_1_99' title="bbox 1962 4694 3621 4768; baseline 0.001 -18"><span class='ocrx_word' id='word_1_789' title='bbox 1962 4696 2184 4766; x_wconf 87' lang='lat' dir='ltr'><strong>potenti</strong></span> <span class='ocrx_word' id='word_1_790' title='bbox 2251 4694 2495 4766; x_wconf 90' lang='lat' dir='ltr'><strong>imperio</strong></span> <span class='ocrx_word' id='word_1_791' title='bbox 2545 4696 2786 4751; x_wconf 85' lang='lat' dir='ltr'><strong>subesse</strong></span> <span class='ocrx_word' id='word_1_792' title='bbox 2817 4696 3178 4768; x_wconf 88' lang='lat' dir='ltr'><strong>permisisti!</strong></span> <span class='ocrx_word' id='word_1_793' title='bbox 3214 4720 3242 4748; x_wconf 79' lang='grc' dir='ltr'><strong>υ</strong></span> <span class='ocrx_word' id='word_1_794' title='bbox 3283 4703 3421 4755; x_wconf 66' lang='lat' dir='ltr'><strong>Cum</strong></span> <span class='ocrx_word' id='word_1_795' title='bbox 3485 4714 3621 4752; x_wconf 85' lang='lat' dir='ltr'><strong>vero</strong></span> 
     </span>
    </p>
   </div>
   <div class='ocr_carea' id='block_1_100' title="bbox 1963 4784 3618 4856">
    <p class='ocr_par' dir='ltr' id='par_1_100' title="bbox 1963 4784 3618 4856">
     <span class='ocr_line' id='line_1_100' title="bbox 1963 4784 3618 4856; baseline -0.002 -14"><span class='ocrx_word' id='word_1_796' title='bbox 1963 4784 2176 4856; x_wconf 88' lang='lat' dir='ltr'><strong>captivi</strong></span> <span class='ocrx_word' id='word_1_797' title='bbox 2232 4785 2396 4856; x_wconf 89' lang='lat' dir='ltr'><strong>proni</strong></span> <span class='ocrx_word' id='word_1_798' title='bbox 2430 4784 2488 4838; x_wconf 90' lang='lat' dir='ltr'><strong>in</strong></span> <span class='ocrx_word' id='word_1_799' title='bbox 2529 4789 2744 4841; x_wconf 89' lang='lat' dir='ltr'><strong>terram</strong></span> <span class='ocrx_word' id='word_1_800' title='bbox 2793 4786 3180 4856; x_wconf 87' lang='lat' dir='ltr'><strong>prociderunt,</strong></span> <span class='ocrx_word' id='word_1_801' title='bbox 3241 4788 3495 4842; x_wconf 87' lang='lat' dir='ltr'><strong>actuario</strong></span> <span class='ocrx_word' id='word_1_802' title='bbox 3529 4787 3618 4838; x_wconf 85' lang='lat' dir='ltr'><strong>si-</strong></span> 
     </span>
    </p>
   </div>
   <div class='ocr_carea' id='block_1_101' title="bbox 1963 4872 3622 4948">
    <p class='ocr_par' dir='ltr' id='par_1_101' title="bbox 1963 4872 3622 4948">
     <span class='ocr_line' id='line_1_101' title="bbox 1963 4872 3622 4948; baseline -0.003 -20"><span class='ocrx_word' id='word_1_803' title='bbox 1963 4890 2144 4948; x_wconf 85' lang='lat' dir='ltr'><strong>gnum</strong></span> <span class='ocrx_word' id='word_1_804' title='bbox 2176 4874 2373 4944; x_wconf 87' lang='lat' dir='ltr'><strong>dante,</strong></span> <span class='ocrx_word' id='word_1_805' title='bbox 2409 4880 2678 4930; x_wconf 88' lang='lat' dir='ltr'><strong>cantores</strong></span> <span class='ocrx_word' id='word_1_806' title='bbox 2721 4873 2962 4931; x_wconf 90' lang='lat' dir='ltr'><strong>dicunt:</strong></span> <span class='ocrx_word' id='word_1_807' title='bbox 2995 4898 3024 4926; x_wconf 85' lang='lat'><strong><em>«</em></strong></span> <span class='ocrx_word' id='word_1_808' title='bbox 3051 4875 3218 4930; x_wconf 87' lang='lat' dir='ltr'><strong>Justo</strong></span> <span class='ocrx_word' id='word_1_809' title='bbox 3258 4875 3358 4930; x_wconf 90' lang='lat' dir='ltr'><strong>Dei</strong></span> <span class='ocrx_word' id='word_1_810' title='bbox 3397 4872 3622 4944; x_wconf 71' lang='lat' dir='ltr'><strong>Judicio</strong></span> 
     </span>
    </p>
   </div>
   <div class='ocr_carea' id='block_1_102' title="bbox 1964 4962 3620 5036">
    <p class='ocr_par' dir='ltr' id='par_1_102' title="bbox 1964 4962 3620 5036">
     <span class='ocr_line' id='line_1_102' title="bbox 1964 4962 3620 5036; baseline -0.003 -18"><span class='ocrx_word' id='word_1_811' title='bbox 1964 4962 2190 5021; x_wconf 88' lang='lat' dir='ltr'><strong>inimici</strong></span> <span class='ocrx_word' id='word_1_812' title='bbox 2217 4962 2404 5022; x_wconf 85' lang='lat' dir='ltr'><strong>nostri</strong></span> <span class='ocrx_word' id='word_1_813' title='bbox 2454 4963 2823 5022; x_wconf 87' lang='lat' dir='ltr'><strong>ceciderunt!</strong></span> <span class='ocrx_word' id='word_1_814' title='bbox 2858 4985 2887 5014; x_wconf 85' lang='lat'>»</span> <span class='ocrx_word' id='word_1_815' title='bbox 2911 4964 3068 5036; x_wconf 88' lang='lat' dir='ltr'><strong>quod</strong></span> <span class='ocrx_word' id='word_1_816' title='bbox 3127 4962 3376 5036; x_wconf 85' lang='lat' dir='ltr'><strong>populus</strong></span> <span class='ocrx_word' id='word_1_817' title='bbox 3409 4969 3494 5015; x_wconf 87' lang='lat' dir='ltr'><strong>ter</strong></span> <span class='ocrx_word' id='word_1_818' title='bbox 3526 4975 3620 5014; x_wconf 85' lang='lat' dir='ltr'><strong>re-</strong></span> 
     </span>
    </p>
   </div>
   <div class='ocr_carea' id='block_1_103' title="bbox 1968 5053 2134 5125">
    <p class='ocr_par' dir='ltr' id='par_1_103' title="bbox 1968 5053 2134 5125">
     <span class='ocr_line' id='line_1_103' title="bbox 1968 5053 2134 5125; baseline -0.024 -15"><span class='ocrx_word' id='word_1_819' title='bbox 1968 5053 2134 5125; x_wconf 83' lang='lat' dir='ltr'><strong>petit.</strong></span> 
     </span>
    </p>
   </div>
   <div class='ocr_carea' id='block_1_104' title="bbox 1569 5203 2261 5262">
    <p class='ocr_par' dir='ltr' id='par_1_104' title="bbox 1569 5203 2261 5262">
     <span class='ocr_line' id='line_1_104' title="bbox 1569 5203 2261 5262; baseline 0.006 -4"><span class='ocrx_word' id='word_1_820' title='bbox 1569 5203 1810 5260; x_wconf 74' lang='grc' dir='ltr'><strong>νΑΗΙίΕ</strong></span> <span class='ocrx_word' id='word_1_821' title='bbox 1851 5203 2261 5262; x_wconf 79' lang='lat' dir='ltr'><strong>LECTIONES.</strong></span> 
     </span>
    </p>
   </div>
   <div class='ocr_carea' id='block_1_105' title="bbox 274 5351 1960 5432">
    <p class='ocr_par' dir='ltr' id='par_1_105' title="bbox 274 5351 1960 5432">
     <span class='ocr_line' id='line_1_105' title="bbox 274 5351 1960 5432; baseline 0.011 -18"><span class='ocrx_word' id='word_1_822' title='bbox 274 5359 318 5397; x_wconf 68' lang='grc'><strong>³⁸</strong></span> <span class='ocrx_word' id='word_1_823' title='bbox 337 5357 584 5417; x_wconf 66' lang='grc' dir='ltr'>επιδιδοῖ</span> <span class='ocrx_word' id='word_1_824' title='bbox 615 5361 707 5420; x_wconf 87' lang='lat' dir='ltr'><strong>ed.</strong></span> <span class='ocrx_word' id='word_1_825' title='bbox 783 5361 834 5398; x_wconf 73' lang='lat'>‘8</span> <span class='ocrx_word' id='word_1_826' title='bbox 864 5362 980 5432; x_wconf 78' lang='grc' dir='ltr'>Θεῷ</span> <span class='ocrx_word' id='word_1_827' title='bbox 1002 5356 1152 5414; x_wconf 80' lang='grc' dir='ltr'>δεσπ·</span> <span class='ocrx_word' id='word_1_828' title='bbox 1186 5357 1279 5416; x_wconf 68' lang='lat' dir='ltr'><strong>edo</strong></span> <span class='ocrx_word' id='word_1_829' title='bbox 1356 5358 1402 5394; x_wconf 65' lang='grc'><strong>⁸⁸</strong></span> <span class='ocrx_word' id='word_1_830' title='bbox 1431 5376 1546 5430; x_wconf 66' lang='grc' dir='ltr'>σου,</span> <span class='ocrx_word' id='word_1_831' title='bbox 1584 5351 1840 5430; x_wconf 77' lang='grc' dir='ltr'>μεγάλως</span> <span class='ocrx_word' id='word_1_832' title='bbox 1868 5357 1960 5412; x_wconf 68' lang='lat' dir='ltr'><strong>ed&#39;</strong></span> 
     </span>
    </p>
   </div>
   <div class='ocr_carea' id='block_1_106' title="bbox 1267 5497 2563 5561">
    <p class='ocr_par' dir='ltr' id='par_1_106' title="bbox 1267 5497 2563 5561">
     <span class='ocr_line' id='line_1_106' title="bbox 1267 5497 2563 5561; baseline -0.007 -1"><span class='ocrx_word' id='word_1_833' title='bbox 1267 5501 1464 5561; x_wconf 83' lang='lat' dir='ltr'><strong>JOAN.</strong></span> <span class='ocrx_word' id='word_1_834' title='bbox 1501 5503 1642 5560; x_wconf 85' lang='lat' dir='ltr'><strong>JAC.</strong></span> <span class='ocrx_word' id='word_1_835' title='bbox 1678 5499 1947 5558; x_wconf 84' lang='lat' dir='ltr'><strong>REISKII</strong></span> <span class='ocrx_word' id='word_1_836' title='bbox 1976 5497 2563 5556; x_wconf 82' lang='lat' dir='ltr'><strong>COMMENTARIUS.</strong></span> 
     </span>
    </p>
   </div>
   <div class='ocr_carea' id='block_1_107' title="bbox 276 5625 3650 5733">
    <p class='ocr_par' dir='ltr' id='par_1_107' title="bbox 276 5625 3650 5733">
     <span class='ocr_line' id='line_1_107' title="bbox 276 5625 3650 5733; baseline -0.006 -19"><span class='ocrx_word' id='word_1_837' title='bbox 276 5662 391 5733; x_wconf 89' lang='lat'>(72)</span> <span class='ocrx_word' id='word_1_838' title='bbox 421 5661 614 5733; x_wconf 78' lang='lat' dir='ltr'><strong>Signis</strong></span> <span class='ocrx_word' id='word_1_839' title='bbox 638 5660 1170 5733; x_wconf 12' lang='lat' dir='ltr'><strong>victorizgrsolemili</strong></span> <span class='ocrx_word' id='word_1_840' title='bbox 1198 5676 1344 5733; x_wconf 87' lang='lat' dir='ltr'><strong>cum_</strong></span> <span class='ocrx_word' id='word_1_841' title='bbox 1365 5675 1564 5732; x_wconf 83' lang='lat' dir='ltr'><strong>pompa</strong></span> <span class='ocrx_word' id='word_1_842' title='bbox 1622 5657 1683 5713; x_wconf 81' lang='lat' dir='ltr'><strong>in</strong></span> <span class='ocrx_word' id='word_1_843' title='bbox 1734 5656 1924 5711; x_wconf 85' lang='lat' dir='ltr'><strong>urbem</strong></span> <span class='ocrx_word' id='word_1_844' title='bbox 1978 5651 2331 5712; x_wconf 71' lang='lat' dir='ltr'><strong>introductis.</strong></span> <span class='ocrx_word' id='word_1_845' title='bbox 2354 5656 2374 5674; x_wconf 91' lang='lat'><strong>&#39;</strong></span> <span class='ocrx_word' id='word_1_846' title='bbox 2435 5645 2748 5722; x_wconf 80' lang='lat' dir='ltr'><strong>[Triumphi</strong></span> <span class='ocrx_word' id='word_1_847' title='bbox 2799 5658 2936 5700; x_wconf 91' lang='lat' dir='ltr'><strong>voee</strong></span> <span class='ocrx_word' id='word_1_848' title='bbox 2968 5661 3071 5718; x_wconf 90' lang='lat' dir='ltr'><strong>pro</strong></span> <span class='ocrx_word' id='word_1_849' title='bbox 3102 5636 3356 5702; x_wconf 86' lang='lat' dir='ltr'><strong>solemni</strong></span> <span class='ocrx_word' id='word_1_850' title='bbox 3391 5625 3650 5688; x_wconf 69' lang='grc' dir='ltr'><strong>ἱηὶτοίῑυ</strong></span> 
     </span>
    </p>
   </div>
   <div class='ocr_carea' id='block_1_108' title="bbox 212 5731 1346 5804">
    <p class='ocr_par' dir='ltr' id='par_1_108' title="bbox 212 5731 1346 5804">
     <span class='ocr_line' id='line_1_108' title="bbox 212 5731 1346 5804; baseline -0.001 -18"><span class='ocrx_word' id='word_1_851' title='bbox 212 5731 503 5804; x_wconf 71' lang='lat' dir='ltr'><strong>usurpata</strong></span> <span class='ocrx_word' id='word_1_852' title='bbox 522 5731 760 5790; x_wconf 86' lang='lat' dir='ltr'><strong>Aimoni</strong></span> <span class='ocrx_word' id='word_1_853' title='bbox 790 5731 850 5789; x_wconf 91' lang='lat' dir='ltr'><strong>in</strong></span> <span class='ocrx_word' id='word_1_854' title='bbox 872 5731 1087 5790; x_wconf 81' lang='lat' dir='ltr'><strong>Histor.</strong></span> <span class='ocrx_word' id='word_1_855' title='bbox 1119 5731 1346 5802; x_wconf 85' lang='lat' dir='ltr'><strong>Franc.]</strong></span> 
     </span>
    </p>
   </div>
  </div>
