4160 6304
363 361 480 418 627
1431 348 1965 412 CONSTANTINI
2009 345 2706 410 POBPHYROGENITI
3652 345 3786 406 628

369 490 544 560 gariis
576 487 720 556 suis,
754 500 824 541 ex
861 500 1199 557 quacunque
1247 484 1497 540 factione
1545 484 1642 554 sit,
1695 499 1798 554 pro
1856 496 2000 537 mort

2130 497 2310 550 σματα
2358 479 2419 539 ις’
2471 479 2584 547 (90)
2641 476 2698 530 ὲκ
2750 479 2855 530 τῶν
2916 475 3191 547 παύστων,
3249 476 3339 530 καὶ
3393 477 3458 532 τὰ
3514 478 3794 552 κατατρέ-

365 578 599 648 accipit.
633 577 748 632 Deo
780 581 971 631 autem
1003 573 1304 629 victoriam
1357 575 1726 638 concedente,
1760 572 2008 627 vicarius

365 684 602 723 currum
661 665 990 721 saltationis
1037 681 1216 719 causa
1290 679 1404 718 non
1473 661 1834 729 conscendit,
1896 660 2007 716 nisi

364 757 580 811 bullam
618 755 861 821 habens,
893 769 991 808 seu
1027 753 1429 820 factionarius,
1468 768 1564 806 seu
1601 752 2006 820 micropanites

365 844 443 898 sit
476 842 562 898 :si
593 842 918 897 factionarii
941 846 1136 912 partes
1165 839 1332 911 gerit,
1363 838 1488 894 loco
1519 838 1729 908 ejusad
1745 839 2004 893 dextram

365 931 762 1004 micropanitas
791 929 1076 997 ambulat,
1109 931 1179 984 ad
1215 929 1517 984 sinistram
1557 927 1880 983 factionarii
1910 943 2008 981 au-

362 1027 503 1089 tem,
538 1021 586 1076 si
620 1019 1016 1090 micropanitas
1038 1017 1319 1073 vicarium
1341 1017 1477 1088 egit.
1510 1015 1568 1070 Si
1601 1017 1747 1072 forte
1775 1016 2004 1086 auriga-

362 1127 494 1166 rum
541 1109 704 1164 bulla
760 1114 1084 1164 creatorum
1126 1104 1345 1178 aliquis
1396 1104 1768 1172 aberraverit,
1800 1110 1901 1160 aut
1931 1105 2003 1160 ob

365 1199 834 1270 qualemcunque
864 1201 1204 1269 praetextum
1239 1199 1533 1250 certamen
1573 1194 1811 1251 omnino
1843 1195 2006 1250 dese-

362 1289 564 1354 ruerit,
624 1288 868 1358 quintus
925 1285 1131 1355 auriga
1172 1282 1428 1355 eligitur,
1477 1292 1577 1339 aut
1635 1299 1703 1338 ex
1760 1282 2005 1354 reliquis

361 1377 627 1448 bigariis,
661 1375 762 1446 qui
792 1374 1131 1446 aptissimus
1180 1381 1303 1430 est:
1335 1373 1504 1428 etiam
1563 1372 1612 1428 si
1673 1389 1740 1428 ex
1769 1371 1878 1428 alia
1926 1372 2006 1428 fa-

363 1465 552 1519 ctione
579 1463 797 1519 electus
827 1463 1088 1534 bigarius
1120 1462 1218 1532 sit,
1250 1477 1500 1532 eumque
1521 1462 1712 1517 caeteri
1746 1463 1802 1516 in
1837 1475 2002 1517 suam

363 1553 673 1607 factionem
697 1552 994 1622 suscipere
1011 1551 1233 1619 volunt,
1260 1551 1700 1621 micropanitem
1725 1551 2000 1617 reddunt,

361 1640 538 1711 inque
565 1641 755 1696 locum
787 1639 1106 1696 secedentis
1124 1639 1414 1711 bigarium
1448 1643 1808 1709 promovent.
1833 1639 2002 1696 Vica-

361 1731 484 1786 rius
515 1731 563 1785 si
594 1747 662 1785 ex
683 1730 976 1786 contraria
996 1729 1267 1795 factione,
1293 1733 1358 1784 ut
1380 1729 1521 1785 solet
1553 1745 2000 1798 nonnunquam,

361 1823 632 1890 sumptus
660 1823 768 1886 est,
794 1819 876 1873 sic
897 1817 1149 1889 eligitur,
1170 1821 1226 1874 et
1253 1832 1485 1873 currum
1516 1819 1718 1889 agitat,
1743 1818 2001 1890 signum-

361 1923 474 1979 que
528 1923 741 1978 panno,
791 1908 946 1978 quod
1007 1907 1393 1979 allipam'sium
1444 1911 1706 1974 vocatur,
1757 1906 2002 1978 singulis

362 1996 710 2066 spectaculis
749 1997 1119 2068 equestribus
1168 1998 1290 2052 dat.
1316 1997 1374 2051 Si
1405 2013 1536 2052 vero
1569 1997 1627 2052 in
1662 1995 1994 2066 factionem,

359 2085 422 2141 in
463 2102 577 2157 qua
621 2085 902 2142 vicarium
951 2086 1085 2157 agit,
1135 2084 1460 2141 translatus
1508 2091 1617 2153 est,
1671 2087 1846 2141 etiam
1895 2101 1999 2156 pro

361 2173 633 2231 factionis
663 2175 884 2232 ratione
914 2180 1127 2232 vestem
1150 2175 1573 2248 gymnasticam
1604 2174 1816 2233 induit.

2030 1861 2079 1925 B

2117 587 2286 645 χοντα
2334 565 2482 637 αὐτῷ
2527 565 2585 620 ἐκ
2631 569 2738 619 τῶν
2790 561 3188 640 συμϐηγαρίων
3238 564 3403 620 αὐτοῦ
3445 565 3581 640 πρὸς
3652 587 3788 621 συν-

2118 660 2320 727 ήθειαν,
2371 655 2420 726 ἐξ
2474 653 2591 710 θ’ίου
2644 656 2839 729 μέρους
2885 654 3019 712 ἐστί.
3068 658 3180 713 Τοῦ
3229 653 3286 711 δὲ
3333 660 3466 712 Θεοῦ
3492 656 3790 735 παρέχον-

2116 767 2209 806 τος
2266 746 2364 814 τὴν
2419 743 2596 814 νίκην,
2658 745 2685 797 ὁ
2741 748 3068 818 τοποτηρῶν
3148 743 3224 807 εἰς
3301 745 3363 800 τὸ
3421 749 3614 809 σκεῦος
3683 746 3791 801 οὐκ

2115 829 2381 888 ἀναϐαίνει
2426 833 2712 908 χορεῦσαι,
2744 833 2787 888 εὶ
2823 834 2898 906 μὴ
2934 834 2961 888 ὁ
2993 830 3138 908 ἔχων
3197 834 3296 904 τὴν
3331 832 3570 908 βούλλαν
3605 835 3710 889 καὶ
3748 836 3792 870 ²⁸

2116 923 2496 996 φακτιονάριὸς
2542 921 2652 977 ἐστι
2701 923 2791 978 καὶ
2847 923 3262 996 μικροπανίτης·
3312 922 3402 978 καὶ
3465 922 3551 979 ἐὰν
3603 944 3792 979 τοπο-

2111 1018 2256 1087 τηρῇ
2314 1015 2721 1090 φακτιονάριον,
2781 1011 2856 1073 είς
2926 1011 3092 1066 τόπον
3146 1009 3310 1067 αὐτοῦ
3366 1020 3663 1086 περιπατεῖ
3729 1013 3791 1069 ἐκ

2114 1100 2298 1172 δεξιῶν
2333 1105 2429 1156 τοῦ
2480 1101 2891 1176 μικροπανίτου,
2948 1100 3155 1174 ὁμοίως
3205 1101 3296 1156 καὶ
3346 1100 3436 1157 ἐὰν
3482 1108 3790 1178 τοποτηρῇ

2111 1195 2204 1248 τὸν
2258 1190 2676 1265 μικροπανίτην,
2755 1190 2828 1252 εἰς
2885 1191 2952 1245 τὰ
3006 1190 3258 1266 ἀριστερά
3312 1195 3408 1244 τοῦ
3476 1213 3790 1268 φακτιοναο

2113 1280 2252 1355 ρίου.
2288 1280 2354 1337 Εἰ
2386 1277 2443 1334 δὲ
2502 1275 2687 1353 συμϐῇ
2747 1279 3051 1358 ἀστοχῆσαι
3111 1279 3169 1334 ἐκ
3223 1284 3332 1334 τῶν
3393 1279 3636 1359 ἐχόντων
3673 1284 3786 1350 τήν

2115 1368 2358 1445 βούλλαν
2383 1368 2654 1444 ἡνιόχων,
2688 1368 2721 1437 ἢ
2773 1367 3061 1442 ἀπολείψει
3111 1367 3393 1431 παντελῶς
3425 1367 3514 1424 διὰ
3542 1369 3792 1442 οἱασδή-

2110 1480 2245 1515 ποτε
2299 1461 2639 1536 προφάσεως,
2703 1457 2973 1532 ἐπαίρεται
3033 1459 3060 1512 ὁ
3115 1459 3364 1530 πέμπτος
3440 1459 3700 1535 ἡνίοχος
3755 1459 3790 1529 ἤ

2109 1547 2198 1602 καὶ
2250 1547 2310 1602 ἐκ
2361 1551 2469 1604 τῶν
2530 1546 2741 1602 λοιπῶν
2815 1546 3091 1622 βηγαρίων
3151 1548 3276 1611 οἷος
3333 1549 3782 1623 χρησιμώτερός

2110 1636 2274 1692 ἐστιν·
2325 1633 2414 1692 ἒάν
2483 1634 2542 1690 δὲ
2605 1637 2695 1690 καὶ
2764 1635 2813 1707 ἐξ
2874 1636 3060 1711 ἑτέρου
3123 1636 3318 1709 μέρους
3378 1635 3517 1692 ἐστὶν
3569 1638 3598 1691 ὁ
3649 1637 3786 1693 ἐπι-

2110 1725 2327 1800 λεχθεὶς
2365 1724 2646 1800 βηγάριος,
2705 1724 2795 1779 καὶ
2846 1723 3095 1789 θέλουσιν
3147 1723 3306 1779 αὐτὸν
3335 1726 3390 1780 οἱ
3433 1723 3569 1781 ἴδιοι
3603 1726 3785 1782 αὐτοῦ

2108 1822 2377 1888 κρατῆσαι
2421 1815 2495 1875 εἰς
2545 1815 2604 1870 τὸ
2664 1817 2827 1887 μέρος
2876 1814 3077 1882 αὐτῶν,
3132 1812 3477 1870 ἀποδώσουσι
3525 1817 3619 1871 τὸν
3679 1839 3784 1888 μι-

2110 1905 2472 1978 κροπανίτην,
2522 1903 2611 1958 καὶ
2661 1898 3059 1977 προϐιϐάζουσι
3105 1904 3197 1958 τὸν
3253 1904 3518 1979 βηγάριον
3562 1906 3640 1968 εἷς
3676 1908 3778 1961 τὸν

2107 1994 2276 2048 τόπον
2304 1998 2402 2048 τοῦ
2444 1994 2885 2069 ἀναχωροῦντος.
2934 1995 2995 2050 Ὁ
3047 1990 3104 2047 δὲ
3146 1999 3468 2068 τοποτηρῶν
3501 1992 3592 2049 ἒάν
3625 1994 3781 2050 ἐστιν

2109 2081 2165 2137 ἐγ
2194 2085 2290 2138 τοῦ
2321 2081 2561 2137 ἐναντίου
2611 2082 2830 2157 μέρους,
2882 2083 2956 2142 ὡς
3012 2087 3169 2158 φορεῖ
3213 2085 3347 2155 (91),
3398 2081 3571 2146 οὕτως
3603 2082 3778 2138 ἐπαί-

2110 2191 2258 2246 ρεται
2291 2171 2380 2225 καὶ
2409 2173 2652 2246 ἡνιοχεῖ,
2702 2171 2792 2226 καὶ
2845 2169 3038 2246 βαλλει
3088 2170 3280 2226 πανίον
3323 2176 3550 2244 σημεῖον
3578 2173 3642 2227 τὸ
3678 2173 3782 2228 λε-

360 2264 590 2338 γόμενον
629 2261 1011 2318 ἀλλιπανίσιον
1047 2263 1184 2338 πρὸς
1213 2259 1306 2319 ἵνα
1333 2264 1580 2321 ἱππικόν.
1613 2263 1735 2322 Ἐὰν
1766 2261 1822 2319 δὲ
1853 2263 2162 2338 μιτασταθῇ
2211 2261 2287 2324 είς
2344 2262 2406 2317 τὸ
2460 2261 2646 2335 μέρος,
2698 2254 2818 2317 ἔνθα
2856 2266 3177 2336 τοποτηρεῖ,
3213 2267 3370 2339 φορεῖ
3397 2261 3487 2317 καὶ
3515 2283 3777 2338 γυμνασ-

361 2351 535 2406 τίκιον
569 2355 612 2388 ²⁹
640 2353 750 2426 (92)
779 2354 914 2408 κατὰ
943 2354 1004 2408 τὸ
1039 2353 1222 2428 μέρος.

533 2446 685 2500 198
715 2447 789 2501 De
821 2445 1160 2501 diversarum
1181 2446 1488 2516 [actionum
1517 2449 1832 2504 certamine.

436 2533 751 2602 Postquam
782 2533 1094 2605 imperator
1123 2535 1350 2605 vesperi
1390 2539 1682 2592 certamen
1738 2539 2003 2605 equestre

365 2621 724 2676 diversarum
756 2624 1068 2679 factionum
1094 2625 1324 2680 institui
1344 2626 1548 2696 jussit,
1579 2626 1872 2681 actuarius
1903 2627 2001 2681 de-

364 2710 612 2779 scendit,
661 2715 718 2766 et
764 2717 1012 2783 quatuor
1079 2714 1332 2784 aurigas,
1380 2713 1629 2769 duarum
1692 2714 2004 2772 factionum

365 2800 665 2869 praefectos
697 2804 754 2856 et
784 2801 1142 2871 inspectores
1172 2801 1245 2858 ad
1279 2803 1522 2875 primum
1555 2803 1788 2875 signum
1822 2805 2001 2870 ducit,

367 2889 555 2958 iisque
583 2889 902 2945 diversium
935 2890 1230 2948 instituere
1277 2897 1334 2948 et
1363 2907 1545 2965 equos
1591 2893 1837 2950 invicem
1869 2909 2004 2950 mu-

365 2980 489 3032 tare
517 2977 786 3049 imperat.
805 2981 1029 3050 Auriga
1061 2981 1387 3048 emissores,
1421 2997 1600 3053 equos
1632 2990 1687 3039 et
1717 2983 2003 3056 inspecto-

369 3082 462 3121 res
485 3067 804 3133 adducunt,
836 3081 1042 3124 currus
1072 3069 1184 3124 sibi
1229 3074 1433 3125 mutuo
1465 3071 1702 3126 tradunt
1733 3091 1746 3139 ;
1781 3071 2002 3127 combi-

2608 2442 2738 2518 ῐΙερὶ
2791 2437 3067 2519 διϐερσίου
3127 2443 3264 2516 (93).

2185 2529 2382 2600 Δείλης
2426 2529 2743 2594 κελεύοντος
2793 2536 2890 2586 τοῦ
2950 2530 3220 2608 βασιλέως
3273 2530 3512 2608 γενέσθαι
3564 2534 3629 2588 τὸ
3691 2531 3775 2589 δι-

2113 2613 2350 2692 ϐἐρσιον,
2382 2621 2702 2694 κατέρχεται
2754 2623 2782 2676 ὁ
2830 2619 3178 2697 ἆγτουάριος,
3220 2621 3310 2675 καὶ
3353 2616 3502 2700 φέρει
3540 2622 3675 2685 τοὺς
3709 2621 3777 2690 δ’,

2113 2709 2378 2784 ἡνιόχους
2406 2709 2495 2764 καὶ
2525 2715 2632 2764 τῶν
2667 2707 2760 2765 δύο
2797 2715 2973 2783 μερῶν
3023 2710 3148 2775 τοὺς
3192 2709 3478 2774 ἐπιστάτας
3508 2713 3600 2768 καὶ
3631 2714 3766 2776 τοὺς

2115 2799 2392 2874 θεωρητὰς
2441 2800 2518 2864 είς
2560 2803 2622 2856 τὸ
2668 2805 2888 2875 πρῶτον
2935 2805 3188 2874 σημεῖον,
3237 2800 3328 2856 καὶ
3371 2800 3650 2877 ἐπιτρέπει
3684 2804 3780 2858 αὑ-

2112 2893 2229 2950 τοῖς
2259 2895 2488 2957 ποιῆσαι
2517 2890 2580 2943 τὸ
2612 2886 2882 2960 διϐἑρσιον
2912 2889 3002 2944 καὶ
3029 2888 3360 2962 ἀνταλλάξαι
3390 2889 3771 2955 τοὺςθίππους.

2115 2977 2213 3032 Καὶ
2267 2978 2517 3053 φέρουσιν
2570 2979 2618 3032 οἱ
2652 2976 2876 3053 ἡνίοχοι
2923 2977 3052 3041 τοὺς
3100 2978 3295 3055 ἀφέτας
3329 2980 3462 3053 (94),
3492 2983 3561 3035 τὰ
3590 2982 3771 3036 ἱππά-

2113 3084 2224 3138 ρια,
2271 3063 2399 3126 τοὺς
2454 3066 2806 3139 θυρανοίκτας
2856 3069 2970 3139 (95)
3017 3066 3107 3122 καὶ
3158 3067 3285 3128 τοὺς
3335 3068 3635 3142 θεωρητὰς,
3675 3073 3768 3126 καὶ

368 3170 506 3210 nam
562 3156 858 3211 matutina
907 3156 1269 3213 decursionis
1300 3157 1503 3230 primae
1533 3159 1735 3228 palmas
1765 3163 1822 3215 et
1859 3175 2000 3215 can-

2115 3150 2473 3228 παραδιδοῦσι
2514 3151 2786 3224 ἀλλήλοις
2831 3157 2878 3192 ³ο
2917 3157 2986 3210 τὰ
3034 3155 3272 3229 ἅρματα,
3316 3159 3391 3230 μὴ
3437 3157 3768 3222 ἀναλύοντες

364 3242 542 3298 cellos
563 3248 760 3298 tamen
793 3259 908 3299 non
925 3245 1180 3316 solvunt,
1214 3247 1706 3318 sed,utdiximus,
1741 3263 1922 3320 equos
1946 3255 2002 3306 et

366 3329 664 3386 ministros
695 3332 804 3387 sibi
836 3333 1179 3402 concedunt,
1215 3343 1277 3389 ut
1297 3335 1396 3406 qui
1420 3341 1635 3392 norunt
1665 3337 2000 3407 qualitatem

363 3436 644 3491 equorum
675 3424 731 3476 et
761 3422 1043 3477 rationem
1073 3437 1172 3478 eos
1194 3425 1498 3482 tractandi.
1548 3425 1691 3480 Vasa
1721 3441 1853 3482 vero
1885 3443 1999 3483 non

362 3514 685 3576 mutantur,
719 3509 822 3564 sed
870 3513 1272 3583 unusquisque
1322 3513 1554 3585 proprio
1602 3514 1847 3582 insistit,
1888 3516 2001 3573 ﬁde

362 3597 603 3668 insuper
650 3599 720 3653 ab
777 3599 1047 3654 omnibus
1090 3599 1246 3664 data,
1295 3599 1449 3657 nolle
1495 3618 1553 3658 se
1586 3619 1819 3659 currum
1871 3605 2000 3661 sine

361 3685 563 3741 ordine
585 3688 898 3757 producere
919 3690 1106 3761 specie
1129 3691 1267 3759 doli,
1305 3691 1498 3746 ferunt
1526 3707 1757 3763 quoque
1776 3710 2000 3765 pannos

360 3789 463 3829 seu
503 3776 692 3847 signa,
751 3794 781 3833 e
811 3779 1020 3848 quibus
1051 3797 1084 3835 a
1130 3779 1368 3836 Venetis
1427 3786 1650 3852 gestata
1699 3783 1998 3839 Prasinam

360 3868 584 3928 notant,
644 3881 677 3920 a
732 3866 984 3922 Prasinis
1043 3869 1333 3934 Venetam,
1372 3871 1443 3924 ab
1489 3869 1636 3926 albis
1684 3886 1934 3940 russam,
1965 3889 1999 3928 a

360 3952 544 4008 russis
586 3951 799 4009 albam.
860 3956 1130 4012 Victores
1189 3957 1261 4012 ad
1292 3957 1622 4023 factionem,
1673 3961 1842 4030 cujus
1865 3961 1996 4029 equi

357 4047 515 4104 sunt,
555 4041 883 4108 discedunt,
916 4049 971 4099 et
1015 4049 1325 4114 postquam
1358 4046 1594 4116 praamia
1625 4063 1917 4119 accepere,
1939 4055 1996 4106 et

357 4128 428 4182 ab
449 4129 794 4200 imperatore
810 4132 1068 4186 coronati
1098 4137 1256 4196 sunt,
1281 4133 1351 4187 ad
1385 4135 1684 4204 proprium
1718 4137 1994 4207 populum

358 4232 420 4270 se
450 4218 754 4273 conferunt
787 4226 840 4274 et
870 4224 1000 4274 acta
1030 4219 1294 4277 recitant.
1325 4222 1378 4276 Si
1409 4237 1541 4277 vero
1599 4223 1836 4295 aurigas,
1895 4227 1995 4296 qui

356 4319 556 4358 currus
586 4305 695 4359 sibi
739 4307 1198 4378 suppeditarunt,
1249 4324 1363 4364 non
1419 4316 1832 4368 concesserunt
1884 4313 1992 4370 sibi

349 4390 654 4461 janitores,
687 4407 870 4464 neque
899 4394 1254 4465 inspectores
1286 4397 1359 4454 ad
1391 4398 1584 4455 ofﬁcia
1638 4404 1988 4472 praestanda,

2111 3244 2210 3311 τήν
2243 3237 2510 3314 κομϐίναν
2541 3245 2640 3308 τῆς
2671 3250 2920 3316 πρωϊνῆς
2947 3248 3045 3298 τοῦ
3075 3246 3121 3300 α’
3172 3246 3330 3321 βαίου
3365 3244 3507 3319 μηδὲ
3534 3249 3601 3302 τὰ
3630 3249 3765 3322 κάγ-

2109 3331 2304 3392 κελλα.
2338 3331 2487 3405 ἀλλ’,
2518 3335 2592 3397 ὡς
2626 3335 2862 3410 εἶ’ρηται,
2892 3334 3368 3411 ἆντιπαραδιδοῦσι
3397 3341 3525 3402 τοὺς
3553 3338 3763 3401 ἵππους

2105 3420 2195 3476 καὶ
2260 3421 2386 3484 τοὺς
2457 3423 2888 3500 ὑπουργοῦντας,
2958 3425 3032 3488 ὡς
3108 3426 3474 3500 γνωρίζοντας
3543 3429 3638 3490 τάς
3704 3450 3762 3484 τε

2105 3505 2238 3581 ἕξεις
2296 3513 2406 3582 (96)
2467 3511 2555 3565 καὶ
2611 3513 2677 3566 τά
2752 3515 3030 3584 κατάθηκα
3078 3514 3276 3570 αὐτῶν.
3328 3517 3410 3572 Τὰ
3455 3521 3617 3587 σκεῦη
3660 3517 3760 3573 οὐκ

2107 3597 2715 3671 ἀντικαταλλάσσονται,
2749 3599 2878 3656 ἀλλ’
2913 3597 3137 3666 ἕκαστος
3167 3602 3242 3665 εἰς
3291 3604 3352 3657 τὸ
3404 3598 3539 3659 ἴδιον
3574 3610 3759 3668 σκεῦος

2107 3696 2283 3759 πατεῖ,
2329 3690 2418 3746 καὶ
2468 3691 2913 3768 πληροφοροῦσιν
2965 3691 3276 3766 ἀλλήλους,
3338 3696 3414 3767 μή
3466 3693 3760 3770 προδοῦναι

2108 3777 2253 3853 ἃρμα
2311 3779 2554 3842 ἀτάκτως
2612 3783 2876 3856 προφάσει
2951 3780 3144 3851 δόλου,
3201 3783 3428 3860 φοροῦσι
3484 3783 3541 3840 δὲ
3598 3787 3758 3842 πανία

2107 3875 2329 3942 σημεῖα,
2397 3869 2666 3943 μηνύοντα
2719 3873 2746 3925 ὁ
2803 3876 2900 3926 τοῦ
2959 3873 3187 3928 Βενέτου
3248 3875 3537 3947 Πράσινον,
3584 3877 3614 3930 ὁ
3665 3877 3758 3931 τοῦ

2107 3959 2377 4032 Πρασίνου
2424 3958 2672 4026 Βὲνετον,
2703 3961 2730 4015 ὁ
2783 3965 2880 4014 τοῦ
2900 3961 3099 4015 λευκοῦ
3141 3961 3381 4035 ῥούσιον,
3434 3964 3461 4017 ὁ
3503 3969 3606 4018 τοῦ
3635 3965 3762 4040 ρου-

2105 4046 2221 4100 σίου
2248 4045 2460 4104 λευκόν.
2498 4048 2599 4104 Καὶ
2651 4050 2700 4103 οἱ
2740 4068 2996 4111 νικωντες
3037 4048 3368 4125 ἀπέρχονται
3423 4049 3499 4116 εἰς
3527 4054 3620 4108 τὸν
3657 4051 3757 4123 δῆ-

2107 4156 2206 4206 μον
2237 4135 2355 4199 ὅθεν
2407 4135 2537 4190 εἰσὶν
2585 4139 2636 4191 οἱ
2682 4138 2866 4210 ἳπποι,
2914 4137 3002 4192 καὶ
3057 4139 3190 4212 μετὰ
3235 4140 3297 4194 τὸ
3340 4134 3524 4195 λαϐεῖν
3564 4141 3631 4197 τὰ
3670 4141 3756 4198 ἔπ-

2105 4223 2261 4291 αθλα,
2298 4225 2635 4302 στεφομένων
2667 4224 2842 4281 αὐτῶν
2873 4226 2933 4282 ἐκ
2960 4231 3058 4282 τοῦ
3094 4227 3387 4302 βασιλέως,
3420 4227 3758 4308 ἀπέρχονται

2103 4313 2179 4376 εἷς
2223 4313 2314 4366 τὸν
2365 4315 2538 4367 αὐτῶν
2587 4311 2787 4386 δῆμον.
2844 4316 3102 4388 Λέγουσιν
3151 4318 3192 4353 ³¹
3246 4316 3401 4372 αὐτοὶ
3441 4315 3596 4375 ἀκτα.
3632 4320 3754 4375 Ἐὰν

2106 4398 2129 4417 ς

2103 4400 2158 4455 δὲ
2198 4400 2700 4476 ἀντιπαραδιδόντες
2753 4405 2802 4458 οἱ
2849 4402 3102 4479 τέσσαρες
3148 4404 3369 4480 ἡνίοχοι
3416 4407 3482 4460 τὰ
3513 4407 3749 4481 ἅρματα,

1713 4499 1953 4557 VARle
1994 4502 2404 4560 LECTIONES.

421 4585 466 4621 ³⁸
495 4587 717 4684 131⁵0καῖ
753 4588 878 4645 cod.
910 4595 1081 4660 νικᾷν,
1117 4593 1181 4650 R.
1216 4596 1367 4667 conj.
1418 4592 1532 4650 κᾶν.
1611 4596 1659 4632 ’θ
1705 4599 2074 4670 γυμναστικὴν
2123 4599 2214 4656 ed.
2289 4600 2334 4633 ⁸ο
2381 4596 2769 4674 παραδίδουσιν
2817 4599 3102 4672 ἀλλήλους
3134 4604 3260 4661 cod.
3338 4606 3382 4640 ³¹
3431 4605 3518 4659 καὶ
3555 4604 3754 4684 λέγου·

354 4677 434 4715 σιν
467 4661 555 4714 ed.

1373 4774 1571 4830 JOAN.
1613 4777 1750 4830 JAU.
1797 4776 2056 4834 REISKII
2096 4778 2686 4839 COMMENTARIUS.

421 4864 773 4954 (υοιηυυδίιο
806 4883 943 4922 num
975 4866 1084 4923 hoc
1126 4875 1273 4924 recte
1303 4870 1533 4954 habeat.
1566 4875 1806 4930 Membr.
1855 4876 1993 4954 dant
2024 4881 2069 4944 Ι)
2101 4873 2437 4954 cumeram
2469 4878 2735 4954 ἡνιοχικῇ
2764 4885 3103 4954 memoratas
3150 4880 3494 4954 TheOpbani
3524 4899 3581 4954 p.
3626 4884 3752 4940 123.

347 4935 497 5016 hanc
531 4939 775 5016 figuram
885 4981 898 5007 ,
930 4955 1107 5016 quam
1140 4955 1327 5010 neque
1384 4943 1494 5011 hic,
1558 4960 1741 5016 neque
1777 4947 1988 5016 p.389,

347 5008 456 5080 ubi
483 5008 746 5080 recurrit,
771 5011 1030 5080 expedio.

417 5079 534 5148 (91)
581 5079 702 5159 Nen
734 5079 1234 5159 eguit_Venetam_
1278 5086 1495 5140 vestem
1533 5100 1582 5140 e.
1615 5103 1695 5159 _e.,
1745 5087 1842 5157 qui
1891 5105 1991 5159 pro

346 5154 598 5220 tempore
648 5151 706 5206 in
758 5153 1057 5208 Prasinam
1103 5153 1410 5209 factionem
1443 5157 1654 5211 transit
1682 5151 1988 5216 'vi'cariam

346 5238 574 5294 operam
600 5224 984 5293 praestiturus,
1010 5225 1110 5279 sed
1134 5225 1272 5280 illuc
1299 5227 1503 5280 transit
1542 5231 1598 5281 et
1621 5233 1986 5294 transfertur,

345 5291 420 5351 ὡς
449 5291 618 5369 φορεῖ
659 5309 724 5350 eo
775 5295 833 5369 in
889 5295 1122 5369 vestitu,
1185 5311 1356 5366 quem
1382 5299 1529 5368 gerit
1558 5314 1789 5367 corpore
1819 5319 1831 5368 ;
1866 5291 1989 5355 tan;

343 5363 648 5439 tummodo
668 5363 914 5438 applicat
932 5367 1040 5421 sibi
1058 5363 1305 5439 pannum
1319 5363 1418 5423 seu
1435 5363 1704 5424 vexillum
1731 5363 1989 5428 factionis

342 5435 530 5510 illius,
552 5438 621 5491 ad
655 5435 829 5510 quam
855 5435 1258 5509 transitt.quo:l
1296 5456 1534 5510 parvum
1558 5447 1682 5496 erat
1711 5442 1984 5499 vexillum

347 5507 778 5584 t'orte_lgtrrn_eris
826 5515 924 5584 aut
954 5507 1486 5584 cassidiadditum,
1519 5515 1672 5584 quod
1697 5515 1984 5569 indicabat

344 5591 474 5630 eum
499 5575 546 5643 ἐξ
581 5575 754 5632 ἄλλου
789 5577 996 5653 μέρους⁸
1014 5598 1081 5653 ex
1111 5582 1222 5653 alia
1248 5575 1517 5648 factione,
1537 5575 1552 5584 ’
1573 5590 1773 5638 mutuo
1826 5590 1984 5639 tran-

343 5655 648 5728 sulrrn’p‘turn
679 5649 833 5728 esse,
859 5649 919 5707 et
950 5649 1327 5707 ἀλλιπανίσιον
1357 5670 1423 5710 ex
1461 5669 1528 5728 eo
1556 5655 1976 5728 appellabatur.

414 5717 527 5785 (92)
591 5720 791 5775 Vestem
815 5717 1234 5792 igymnasticam
1257 5741 1271 5796 ;
1291 5741 1344 5780 v.
1369 5743 1425 5797 p.
1469 5717 1612 5782 341.”
1636 5717 1756 5783 Ἐεῐ
1783 5717 1980 5784 eadem

2172 4949 2287 5020 (93)
2347 4949 2659 5005 Diversium
2712 4949 2948 5008 ‘videlur
3014 4954 3217 5020 fuisse,
3277 4949 3409 5009 cum
3469 4949 3758 5014 factiones

2102 5021 2271 5097 equis
2317 5024 2371 5074 et
2421 5022 2638 5097 aurigis
2693 5027 2751 5097 et
2774 5023 3066 5097 ‘curribus
3115 5024 3488 5097 permutatis,
3528 5025 3755 5083 Prasini

2104 5092 2448 5166 Venetorum
2471 5097 2526 5146 et
2546 5093 2740 5166 Veneti
2773 5092 3166 5166 Prasiuorum,
3207 5101 3529 5153 certabant.

2169 5163 2282 5235 (94)
2315 5163 2418 5228 Qui
2445 5165 2751 5235 carceribus
2771 5168 3049 5222 emittunt.

2191 5233 2277 5308 95)
2316 5235 2433 5308 Qui
2451 5234 2658 5308 januqr
2687 5237 2826 5290 circi
2857 5241 3137 5308 aperiunt.

2191 5305 2279 5367 96)
2314 5305 2504 5365 Μ.τάς
2527 5324 2585 5358 τε
2611 5303 2734 5381 ξξης
2779 5323 2811 5361 a
2842 5303 2988 5366 nova
3020 5326 3216 5378 manu,
3266 5326 3394 5381 qua
3430 5311 3456 5377 ὴ
3521 5310 3748 5366 substi-

2099 5377 2225 5453 tuit,
2271 5393 2367 5453 pro
2399 5396 2444 5428 ει
2474 5377 2629 5453 quod
2682 5384 2906 5434 vetusta
2973 5398 3182 5453 manus
3221 5377 3556 5437 ex'araverat
3613 5383 3742 5453 Leg.

2093 5444 2280 5514 igitur
2304 5444 2396 5506 τάς
2421 5444 2636 5518 τεὲξεις
2672 5454 2837 5521 utqui
2864 5452 3058 5507 norint
3087 5461 3143 5509 et
3172 5454 3482 5524 qualitates
3514 5444 3741 5521 eorum,

2094 5531 2374 5588 equorum
2438 5535 2663 5588 nempe,
2717 5533 2769 5576 et
2801 5525 3080 5580 rationem
3120 5541 3218 5581 eos
3267 5525 3573 5580 tractandi.
3610 5524 3742 5581 Haec

2092 5587 2341 5667 suntsi:
2388 5587 2666 5667 κατέθηκα
2741 5592 2831 5648 vel
2900 5598 3094 5666 potius
3164 5594 3375 5664 κάθηκα
3450 5602 3514 5650 ut
3559 5595 3740 5667 infra,

2092 5658 2146 5712 id
2180 5663 2284 5715 est.
2313 5660 2639 5730 καθήκοντα.

4094 2877 4104 2920 l
