4160 6304
409 314 531 379 629

1285 317 1385 378 DE
1429 309 1892 378 GERIMONIIS
1933 311 2163 376 AULAE‘.
2205 311 2683 377 BYZANTINJE
2727 318 2873 379 LIB.
2922 319 2970 379 Ι.

3721 325 3841 386 630

423 453 499 524 μὴ
568 447 1080 526 ἀντιπαραδώσουσι
1151 449 1279 510 τοὺς
1353 449 1870 526 ἀφετοθυρανοίκτας
1937 449 2074 522 (97),

2186 450 2431 506 victores
2460 453 2675 524 aurigas
2706 471 2842 512 cum
2902 457 3070 527 equis
3100 459 3335 515 mutatis
3355 461 3427 516 ad
3455 475 3624 515 suam
3643 460 3842 518 factio-

425 541 559 614 μηνὶ
587 539 720 603 τοὺς
749 540 1028 616 θεωρητὰς
1074 539 1150 604 είς
1191 540 1257 595 τὰ
1299 539 1534 610 κάθηκα,
1581 539 1671 594 καὶ
1723 540 1774 594 οἱ
1817 542 2068 600 νικῶντες

421 631 649 705 ἤνίοχοι
698 628 776 691 εἰς
830 629 920 683 τὸν
955 627 1091 684 ἴδιον
1147 626 1323 702 δῆμον
1384 627 1719 707 ἀπέρχονται
1785 627 1920 700 μετὰ
1964 632 2074 681 τῶν

425 717 1006 794 λντικαταλλαγὲντων
1055 717 1257 787 ἳππων,
1316 717 1406 771 καὶ
1465 718 1576 771 ἐκεῖ
1638 716 1932 790 κράζοντος
1978 718 2074 769 τοῦ

423 805 604 882 δήμου
651 809 719 863 τὰ
768 806 882 864 ἴδια
938 807 1092 879 ἄκτα,
1153 801 1491 880 λαμϐάνουσι
1520 807 1588 862 τὰ
1625 801 1852 873 ἔπαθλα,
1886 801 2070 874 ἐπειδὴ

423 901 478 952 oi.
529 899 804 969 θεωρηταῖ
848 899 985 972 πρὸς
1039 899 1318 967 συνήθειαν
1347 895 1481 951 κατὰ
1523 893 1894 971 ἱπποδρομίας
1932 913 2072 968 παρα

421 989 691 1057 ἱστανται,
719 987 898 1042 καὶτὰ
935 986 1146 1056 κάθηκα
1177 984 1443 1056 ἀλλήλων
1485 989 1714 1061 τηροῦσι
1746 982 1834 1039 διὰ
1882 984 2068 1058 καιρὸν

419 1075 722 1152 διϐερσίου.
756 1081 880 1136 Ἐάν
941 1077 997 1134 δὲ
1044 1081 1337 1149 νικήσωσιν
1381 1080 1427 1114 ³³
1459 1079 1509 1132 οἱ
1543 1076 1861 1151 λειπόμενοι
1904 1073 2068 1130 ’ίπποι

2179 557 2313 596 nem
2343 541 2578 609 abeunt,
2625 548 2701 609 et,
2744 546 2818 600 ab
2859 545 2964 601 hac
3007 549 3254 619 propriis
3304 549 3824 606 acclamationibus

2185 629 2493 699 institutis,
2527 633 2766 701 premis
2802 635 3114 704 accipiunt,
3157 639 3298 710 quia
3335 639 3690 710 inspectores
3731 656 3833 710 pro

2185 735 2344 775 more.
2373 721 2702 777 decursioui
2724 726 2982 794 equestri
3004 727 3240 796 adsunt,
3264 732 3320 783 et
3344 736 3604 799 tempore
3634 728 3827 782 diver-

2183 807 2254 863 sii
2285 809 2478 865 ofﬁcia
2507 827 2613 866 sua
2641 815 2972 870 observant.
3004 815 3065 871 Si
3095 832 3227 872 vero
3258 819 3396 888 equi
3437 816 3642 888 reliqui
3683 832 3824 872 cura

2183 902 2241 953 et
2268 897 2459 955 labore
2483 902 2838 958 venientium
2869 905 3206 977 aurigarum
3239 906 3520 972 vicerunt,
3554 907 3626 962 ad
3656 922 3825 962 suum

2182 987 2465 1057 populum
2511 1004 2616 1045 seu
2665 1007 2910 1062 quorum
2961 997 3094 1066 equi
3145 1000 3306 1064 sunt,
3347 994 3609 1064 veniunt,
3648 999 3706 1050 et
3747 995 3828 1050 ibi

2182 1076 2418 1145 praemia
2447 1080 2789 1136 certaminis
2817 1083 3133 1154 accipiunt.

418 1167 488 1224 δι’
520 1168 838 1242 ἐπιμελείας
884 1170 973 1222 καὶ
1023 1167 1236 1243 μόχθου
1275 1171 1380 1223 τῶν
1435 1166 1807 1241 μετελθόντων
1849 1163 2119 1240 ἡνιόχων,
2164 1161 2239 1225 εἷς
2279 1164 2371 1218 τὸν
2423 1161 2602 1238 δῆμον
2653 1166 2744 1221 τὸν
2788 1165 2924 1222 ἴδιον
2976 1167 3254 1245 ἔρχονται,
3281 1173 3471 1248 ἤγουν,
3503 1173 3577 1227 ὧν
3633 1173 3699 1228 τὰ
3728 1171 3826 1227 ἱπ-

418 1258 591 1334 πάρια
624 1256 956 1330 ὑπάρχουσι,
989 1256 1077 1310 καὶ
1115 1256 1226 1310 ἐκεῖ
1246 1250 1588 1327 λαμϐάνουσι
1611 1254 1678 1309 τὰ
1707 1248 1937 1318 ἔπαθλα.

1029 1346 1160 1421 Περὶ
1205 1343 1464 1418 μερίδων.

496 1434 867 1513 Κατέρχονται
907 1436 983 1497 είς
1016 1435 1109 1490 τὸν
1142 1431 1488 1510 ἱππόδρομον
1519 1439 1616 1489 τοῦ
1648 1431 1804 1510 ἁγίου
1839 1431 2068 1508 Σεργίου

414 1529 470 1583 οἱ
501 1525 599 1582 δύο
642 1524 925 1601 δήμαρχοι
958 1523 1044 1578 καὶ
1088 1525 1140 1579 οἱ
1167 1521 1264 1579 δύο
1312 1523 1685 1600 φακτιονάριοι
1726 1521 1816 1577 καὶ
1876 1522 1928 1576 οἱ
1973 1519 2068 1576 δύο

421 1620 811 1691 μικροπανῖται
870 1615 923 1669 οἱ
971 1612 1253 1668 ἐπιστάται
1325 1613 1416 1667 καὶ
1485 1613 1536 1667 οἱ
1631 1611 1901 1686 θεωρηταὶ
1977 1609 2068 1665 καὶ

414 1707 468 1761 οἱ
537 1705 792 1781 βηγάριοι
839 1703 930 1758 καὶ
985 1704 1052 1758 τὰ
1109 1707 1368 1776 πρωτεῖα.
1420 1701 1612 1761 Δῦτῶν
1659 1699 1716 1757 6‘s
1778 1707 1886 1757 τῶν
1915 1705 2066 1775 πρῶ-

416 1794 578 1850 τείων
643 1795 719 1867 μή
767 1790 1105 1866 τολμώντων
1162 1790 1402 1860 λαλῆσαι
1462 1793 1615 1866 ῥῆμα
1659 1788 1735 1862 ἓν,
1795 1789 2066 1865 ὁρίζουσιν

409 1881 509 1940 ἕνα
539 1883 600 1939 ἐκ
629 1888 736 1938 τῶν
787 1880 832 1936 δ’
879 1882 1147 1960 ἡνιόχων,
1199 1880 1290 1936 καὶ
1336 1881 1524 1954 ὀμνύει
1573 1879 1660 1935 ἐπὶ
1690 1881 1903 1935 πάντων
1932 1882 2066 1951 (98),

412 1977 501 2030 ὅτι
531 1975 645 2049 οὐχ
693 1974 1098 2048 ἓτερομερήσει.
1153 1971 1256 2027 Καὶ
1293 1970 1345 2042 ἐξ
1386 1968 1505 2025 οἵου
1559 1970 1755 2044 μέρους
1797 1972 1990 2042 ὁρισθῇ
2041 1969 2068 2023 6

411 2063 677 2137 ήνίογος,
722 2061 783 2116 ἐκ
835 2065 932 2116 τοῦ
990 2059 1175 2135 ὲτὲρου
1247 2059 1445 2134 μέρους
1485 2061 1512 2113 6
1571 2060 1858 2133 θεωρητής
1894 2058 1984 2112 καὶ
2016 2057 2068 2112 οἱ

413 2150 513 2207 δύο
565 2151 848 2207 ἐπιστάται
890 2144 1222 2204 ἐκϐάλλουσι
1280 2147 1407 2211 τοὺς
1463 2145 1671 2210 ’ίππους
1732 2141 1793 2202 ἐκ
1819 2152 1914 2202 τοῦ
1937 2146 2068 2201 στά-

413 2237 578 2310 6).ου,
617 2240 706 2295 καὶ
767 2240 843 2301 ὡς
874 2236 1024 2293 δοκεῖ
1068 2243 1147 2310 τῷ
1170 2237 1452 2309 ὀμόσαντι,
1486 2232 1786 2306 στοιϐάζει,
1816 2238 1927 2309 (99)
1961 2237 2066 2290 ἀπὸ

413 2327 646 2387 Βενὲτου
675 2327 844 2381 ’ἱππον
868 2323 981 2395 ἕνα,
1006 2325 1111 2380 ἀπὸ
1145 2325 1411 2396 Πρασίνου
1429 2325 1598 2380 ἳππον
1629 2322 1743 2392 ἓνα,
1784 2323 1890 2377 ἀπὸ
1942 2322 2069 2378 λευ-

421 2422 530 2472 κοῦ
555 2414 725 2472 ’ίππον
785 2416 852 2485 α’,
889 2415 995 2470 ἀπὸ
1047 2415 1270 2488 ῥουσίου
1323 2412 1498 2470 ’ίππον
1545 2409 1638 2467 ἕνα
1679 2413 1728 2449 ³⁴
1771 2411 2068 2467 ἀποτελοῦ-

417 2527 505 2562 σιν
545 2507 689 2581 ἅρμσ
719 2508 764 2544 ³⁸
817 2507 894 2579 (1)
945 2500 1331 2580 πρωτοϐαίτας
1391 2500 1456 2571 δ’,
1523 2497 1936 2577 δευτεροὸαίτας
2001 2499 2067 2574 δ’,

423 2590 772 2670 τριτοῧαίτας
809 2592 871 2662 δ’,
906 2593 982 2656 εἰς
1023 2595 1086 2649 τὸ
1125 2591 1494 2668 τετράδρομον
1524 2593 1662 2662 ³⁸(2)
1712 2589 1780 2649 δ’.
1829 2592 1930 2647 Καὶ
1979 2592 2068 2647 ὅτε

436 2686 801 2739 κατασταθῶσι
856 2684 923 2738 τὰ
984 2690 1072 2747 ις’.
1103 2683 1337 2757 ἅρματα,
1399 2681 1770 2759 λαγχάνουσιν
1822 2681 1875 2734 οἱ
1920 2685 2068 2753 τρεῖς

441 2773 494 2828 οἱ
535 2773 609 2846 μή
660 2772 968 2846 ὀμόσαντες,
1020 2787 1108 2826 και
1155 2772 1294 2826 κατὰ
1333 2771 1425 2826 τὸν
1476 2767 1688 2845 ὅρδινον
1715 2773 1812 2824 τοῦ
1845 2773 2068 2843 Λαχμοῦ

430 2861 640 2937 ἐπαίρει
693 2863 720 2917 6
759 2867 978 2936 πρῶτος
1045 2862 1158 2917 οἷον
1215 2859 1382 2930 θέλει,
1430 2860 1519 2915 καὶ
1583 2860 1686 2930 τήν
1761 2855 2064 2932 περισσείαν

421 2950 632 3023 ἐπαίρει
694 2953 722 3005 ὁ
767 2950 1011 3027 μερίσας.
1053 2951 1118 3008 Εἰ
1159 2948 1216 3005 δὲ
1261 2945 1350 3004 καὶ
1399 2949 1460 3004 οὐ
1512 2947 1732 3004 θέλουσι
1770 2947 1837 3002 τὰ
1869 2947 2066 3022 ις”ἅρ-

2532 1346 2605 1402 De
2643 1346 3017 1418 prxmiorum
3056 1349 3466 1408 distributione.

2248 1432 2371 1488 Duo
2400 1433 2715 1504 demarchi,
2737 1437 2852 1492 duo
2885 1437 3207 1494 factiouarii
3239 1440 3596 1511 totidemque
3622 1442 3831 1500 micro-

2178 1526 2411 1596 panius,
2459 1528 2732 1597 praefecti,
2774 1530 3146 1600 inspectores,
3192 1532 3397 1599 bigarii
3437 1537 3493 1588 et
3531 1534 3822 1606 principes

2182 1613 2450 1670 factionis
2472 1616 2542 1670 ad
2571 1616 3016 1688 hippodromum
3037 1620 3222 1676 sancti
3241 1621 3422 1692 Sergii
3439 1622 3822 1681 descendunt.

2473 1664 2542 1670 η
2571 1664 3016 1688 κ-ι,,ρ-...-.-......
3037 1664 3222 1676 -..μνη
3241 1664 3822 1692 νων-...νυινηυ-...η

2101 1664 2148 1729 Β
2179 1703 2319 1758 Cum
2353 1719 2482 1759 vero
2520 1704 2814 1776 principes
2846 1707 3118 1763 factionis
3156 1709 3263 1778 ipsi
3309 1711 3548 1765 verbum
3593 1710 3823 1767 nullum

2181 1794 2436 1863 proferre
2464 1794 2700 1862 audent,
2737 1811 2919 1850 unum
2951 1811 2981 1852 e
3008 1807 3255 1866 quatuor
3284 1799 3504 1870 aurigis
3535 1799 3821 1869 deligunt,

2181 1883 2272 1952 qui
2295 1883 2680 1953 jurejurando
2709 1884 2973 1940 omnium
3003 1887 3237 1941 nomine
3263 1888 3531 1954 affirmat,
3566 1888 3716 1944 nolle
3760 1905 3822 1944 se

2180 1971 2383 2042 inique
2438 1973 2679 2042 prmmia
2730 1975 3101 2029 distribuere.
3153 1975 3233 2030 Ex
3291 1991 3642 2048 quacunque
3688 1992 3818 2032 vero

2180 2061 2426 2116 factione
2467 2061 2726 2118 delectus
2766 2064 2969 2134 auriga
3007 2067 3116 2130 est,
3167 2080 3235 2119 ex
3274 2065 3388 2119 alia
3426 2065 3711 2135 inspector
3755 2081 3820 2120 ac

2178 2150 2294 2204 duo
2327 2151 2577 2220 prefecti
2611 2167 2792 2222 equos
2835 2169 2865 2207 e
2909 2151 3140 2208 stabulo
3180 2154 3528 2224 producunt,
3577 2159 3634 2210 et
3665 2156 3712 2211 si
3745 2158 3818 2226 ei,

2179 2238 2281 2309 qui
2305 2239 2543 2309 juravit,
2578 2240 2723 2294 I91
2761 2241 2965 2311 placet,
2998 2258 3032 2296 a
3059 2240 3294 2297 Venetis
3325 2258 3535 2314 equum
3561 2260 3764 2311 unum,
3786 2263 3819 2300 α

2178 2329 2438 2384 Prasinis
2479 2345 2686 2397 unum,
2719 2329 2790 2383 ab
2837 2329 2986 2385 albis
3025 2330 3330 2401 russisque
3373 2348 3554 2387 unum
3587 2350 3818 2401 sumere,

2179 2418 2446 2472 curribus
2477 2423 2731 2489 quatuor
2761 2417 2959 2488 primas
2992 2417 3216 2487 palmae,
3251 2423 3498 2491 quatuor
3526 2423 3814 2491 secunda,

2177 2507 2418 2562 totidem
2466 2507 2672 2571 tertia),
2723 2508 2912 2577 adque
2958 2508 3287 2563 didromum
3349 2510 3587 2565 totidem
3646 2526 3821 2580 equos

2174 2595 2450 2668 jungunt.
2483 2594 2549 2650 Hi
2585 2597 2836 2651 sedecim
2866 2611 3068 2651 currus
3101 2601 3406 2667 postquam
3437 2597 3521 2653 sic
3552 2597 3820 2668 dispositi

2177 2690 2338 2754 sunt,
2369 2689 2511 2749 tres,
2543 2684 2640 2755 qui
2676 2701 2790 2739 non
2816 2686 3112 2754 jurarunt,
3155 2680 3499 2754 sortiuntur,
3533 2691 3588 2741 et
3618 2687 3821 2743 ordine

2178 2773 2474 2842 sortionis,
2518 2774 2738 2843 primus
2786 2778 3064 2843 quantum
3115 2774 3255 2843 vult,
3297 2774 3584 2846 reliquum
3614 2775 3686 2842 is,
3719 2777 3818 2847 qui

2179 2860 2498 2927 distribuit,
2532 2862 2725 2916 sumit.
2760 2861 2820 2916 Si
2860 2877 2986 2916 vero
3027 2861 3277 2917 sedecim
3317 2878 3524 2918 currus
3564 2864 3818 2919 dividere

2179 2948 2403 3017 nolunt,
2436 2950 2532 3004 sed
2576 2953 2798 3004 tantum
2833 2956 3081 3021 quatuor
3110 2952 3328 3006 ratione
3357 2951 3557 3022 prima;
3591 2951 3814 3022 palmae,

425 3062 574 3116 ματα
627 3040 866 3116 μερίσαι,
915 3039 960 3095 εἷ
1014 3041 1089 3113 μή
1161 3040 1327 3112 μόνον
1368 3037 1434 3094 τὰ
1515 3037 1557 3092 δ’
1635 3036 1835 3112 μερίζει
1913 3035 2066 3114 λόγῳ

2183 3038 2259 3105 hi,
2293 3043 2355 3095 ut
2381 3056 2415 3094 a
2445 3041 2610 3095 nobis
2639 3040 2923 3112 scriptum
2954 3044 3062 3107 est,
3097 3040 3467 3110 dividuntur;
3495 3041 3706 3114 reliqui
3739 3044 3810 3098 ad

424 3133 652 3207 πρώτου
734 3133 914 3207 βαΐου,
990 3132 1081 3186 καὶ
1158 3130 1492 3204 μερίζονται,
1589 3131 1662 3191 ὡς
1751 3127 2073 3203 γέγραπται,

417 3224 514 3278 καὶ
579 3223 646 3277 τὰ
705 3220 877 3277 λοιπᾶ
935 3216 1269 3276 ἐκϐαίνουσιν
1351 3218 1428 3281 εἰς
1503 3218 1629 3282 τοὺς
1709 3215 1882 3279 ἰδίους
1978 3215 2078 3272 τό-

424 3329 589 3373 πους.

423 3403 570 3460 Ὅσα
633 3397 717 3455 δεῖ
788 3399 1244 3478 παραφυλάττειν.
1302 3397 1558 3478 ἡνίοχον,
1634 3395 1905 3475 ἀγομένου
1977 3398 2076 3451 τοῦ

1163 3472 1346 3546 βαῖου.

508 3561 768 3635 Ἡνίοχος
800 3561 1180 3637 φακτιονάριος
1229 3561 1264 3630 ἢ
1324 3557 1746 3633 μικροπανίτης,
1790 3562 1884 3613 τοῦ
1917 3559 2075 3632 βαὶου

423 3653 722 3729 ἀγομένου,
780 3653 868 3708 ἐὰν
919 3652 1132 3727 ἐμπέσῃ
1193 3653 1268 3714 εἰς
1324 3654 1420 3714 τὰς
1477 3647 1684 3713 τάϐλας
1752 3653 1795 3688 ³⁷
1839 3654 1936 3723 (3),
1979 3649 2078 3704 οὐκ

429 3739 551 3819 ἔχει
585 3743 828 3813 ἐξουσίαν
869 3737 1097 3798 ἐκϐάλαι
1125 3743 1187 3796 τὸ
1225 3739 1504 3797 κασσίδιον
1538 3741 1722 3808 αὐτοῦ,
1763 3739 1907 3795 ἀλλὰ
1943 3739 2077 3810 μετὰ

424 3840 524 3891 τοῦ
585 3832 866 3890 κασσιδίου
921 3833 1155 3904 nats-55:,
1196 3833 1288 3889 καὶ
1346 3834 1668 3908 κατέρχεται
1719 3827 1820 3892 ἕως
1848 3837 1955 3885 τῶν
1984 3833 2076 3886 θυ-

435 3929 569 3999 ρῶν.
604 3924 724 3978 Ἐὰν
756 3921 812 3978 δὲ
835 3924 983 4001 λάχῃ
1013 3921 1098 3978 ἐπὶ
1131 3924 1230 3991 τήν
1291 3920 1582 3998 βασιλικην
1631 3914 1837 3976 τάῦλαν
1895 3925 2074 3975 πεσεῖν

433 4014 622 4083 αὖνὸν,
655 4011 753 4068 οὐκ
797 4007 916 4088 ἔχει
967 4010 1210 4083 ἐξουσίαν
1250 4011 1325 4074 εἰς
1386 4011 1447 4067 τὸ
1499 4013 1730 4079 Π,δπου
1779 4011 1832 4065 οἱ
1871 4009 2077 4066 παλαι-

428 4110 640 4176 στρῖται
691 4101 1039 4172 παλαίουσιν,
1088 4097 1387 4174 ἔμπροσθεν
1451 4105 1548 4155 τοῦ
1595 4099 1926 4171 καθίσματος
1960 4099 2074 4154 ἐπιο

428 4191 620 4264 κόψαι,
660 4189 806 4245 ἀλλὰ
835 4192 870 4261 ἢ
921 4187 1115 4246 ἔσωθεν
1172 4187 1260 4243 Eni
1301 4188 1394 4243 τὸν
1433 4188 1714 4262 τοῖχον,ἢ
1766 4185 1954 4256 ἔξωθεν
1988 4187 2075 4243 ἐπὶ

430 4282 522 4336 τὸν
572 4277 792 4354 εὔριπον
847 4279 980 4352 μετὰ
1026 4282 1124 4333 τοῦ
1181 4279 1350 4334 αὐτοῦ
1408 4273 1692 4332 κασσιδίου
1765 4271 2076 4332 καταϐαίνει

2184 3129 2310 3186 loca
2334 3143 2436 3186 sua
2462 3127 2788 3187 discedunt.

2184 3383 2451 3451 Quaenam
2519 3380 2730 3450 aurigae
2793 3379 3159 3453 observanda
3191 3381 3328 3445 sint,
3393 3383 3608 3452 quando
3669 3395 3818 3453 prae-

2395 3454 2632 3508 miorum
2659 3467 2752 3506 seu
2791 3453 3103 3522 palmarum
3126 3451 3243 3506 die:
3279 3451 3605 3508 celebratur.

2255 3543 2475 3616 Auriga
2526 3541 2896 3597 factionarius
2947 3545 3048 3595 aut
3096 3541 3529 3611 micropanites,
3569 3543 3640 3610 si,
3681 3540 3820 3598 dum

2184 3632 2377 3703 palma
2416 3631 2722 3702 profertur,
2773 3629 2832 3681 in
2875 3627 3096 3682 tabulas
3151 3629 3436 3694 inciderit,
3477 3635 3818 3700 potestatem

2185 3737 2298 3778 non
2341 3721 2517 3775 habet
2554 3716 2835 3772 cassidem
2877 3731 3045 3771 suam
3087 3715 3416 3784 abjiciendi,
3443 3719 3540 3772 sed
3583 3733 3714 3772 cum
3754 3734 3822 3774 ea

2183 3819 2360 3892 pedes
2393 3815 2667 3887 procedit,
2707 3818 2764 3868 et
2793 3829 2976 3883 usque
3007 3810 3075 3867 ad
3104 3814 3318 3884 januas
3356 3811 3494 3868 abit.
3524 3814 3582 3869 Si
3616 3829 3742 3868 vero
3761 3816 3820 3870 in

2184 3905 2555 3979 imperatoria
2594 3901 2791 3957 tabula
2833 3902 2978 3957 forte
3015 3901 3301 3968 ceciderit,
3339 3902 3495 3957 haud
3535 3902 3670 3958 licet
3707 3904 3820 3974 ipsi

2184 3999 2258 4055 ad
2299 3996 2366 4066 ll,
2413 3993 2511 4050 ubi
2552 3990 2864 4047 luctatores
2907 3995 3269 4056 exercentur,
3313 3999 3443 4047 ante
3487 4007 3819 4048 consessum

2184 4087 2412 4152 diverti,
2436 4083 2536 4139 sed
2569 4085 2671 4136 aut
2698 4083 2849 4134 intro
2881 4080 2953 4134 ad
2985 4095 3236 4145 murum,
3263 4085 3364 4135 aut
3395 4081 3546 4136 foras
3569 4081 3638 4134 ad
3663 4084 3822 4136 euri-

2185 4192 2326 4250 pum
2357 4191 2489 4230 cum
2520 4169 2748 4228 casside
2777 4185 2887 4224 sua
2917 4169 2988 4224 ad
3019 4174 3211 4236 portas
3242 4169 3539 4224 descendit
3566 4183 3579 4223 :
3604 4170 3651 4224 si
3687 4187 3818 4227 vero

2187 4270 2442 4342 bigarius
2499 4267 2790 4334 exciderit,
2849 4270 2906 4321 et
2954 4265 3200 4337 pedibus
3251 4265 3392 4320 forte
3450 4269 3819 4339 processerit,

436 4369 512 4430 εἷς
545 4370 638 4430 τὰς
671 4367 854 4443 θύραςο
888 4367 975 4423 ἐὰν
1010 4364 1066 4422 δὲ
1110 4367 1244 4440 πέσῃ
1304 4367 1595 4443 βηγάριος,
1635 4364 1723 4420 καὶ
1781 4363 1928 4440 λάχῃ
1988 4364 2075 4420 αὖ·

2186 4360 2468 4418 cassidem
2499 4357 2757 4427 deponit,
2788 4358 2844 4411 et
2873 4355 2955 4411 sic
2987 4371 3170 4426 usque
3201 4355 3269 4410 ad
3304 4360 3499 4426 portas
3539 4357 3668 4412 sine
3694 4373 3825 4416 cas-2

437 4459 527 4514 τὸν
591 4461 864 4527 πεζεῦσαι,
921 4457 982 4512 τὸ
1057 4453 1331 4511 κασσίδιον
1392 4452 1677 4528 ἐκβάλλει,
1742 4455 1830 4509 καὶ
1899 4453 2070 4516 οὕτως

435 4543 792 4609 ἂγασσίδοτος
845 4539 1151 4600 καταϐαίνει
1216 4540 1321 4606 ἕως
1387 4549 1494 4599 τῶν
1552 4545 1751 4617 θυρῶν.
1811 4543 2071 4616 Ἡνίοχος

2185 4453 2309 4509 side
2337 4449 2474 4505 abit.
2504 4446 2711 4515 Auriga
2739 4445 2790 4499 si
2821 4445 2883 4499 in
2911 4449 3223 4499 curvatura
3263 4449 3608 4502 Venetorum
3648 4462 3822 4502 curru

2182 4555 2290 4598 suo
2323 4537 2580 4604 alliserit,
2612 4539 2667 4588 et
2697 4533 2766 4588 ad
2799 4532 2996 4587 funem
3030 4547 3214 4604 usque
3251 4549 3355 4589 seu
3386 4533 3600 4590 lineam
3635 4535 3823 4591 albam

1785 4651 2017 4709 VARI/E
2065 4646 2481 4708 LECTIONES.

504 4753 560 4821 3?
576 4755 799 4807 νικῶσιν
829 4754 920 4810 ed.
997 4751 1043 4787 ³³
1073 4746 1380 4820 στοιϐαζειν
1409 4752 1500 4808 ed.
1575 4751 1622 4785 ⁸⁴
1643 4747 1730 4802 καὶ
1750 4764 1866 4804 om.
1899 4750 1991 4808 ed.
2065 4749 2112 4784 ⁸⁵
2143 4748 2369 4821 ἅῶματα
2396 4744 2486 4800 ed.
2563 4739 2612 4775 ³³
2642 4733 2904 4813 δίδρομον
2932 4741 3023 4798 ed.
3100 4741 3144 4776 ³⁷
3167 4734 3373 4804 τάϐλας
3412 4744 3566 4815 conj.
3611 4741 3824 4816 Leich.,

434 4820 674 4888 στάϐλας
712 4826 829 4892 ed.,
864 4822 1108 4885 σταύλας
1141 4824 1265 4881 cod.

1480 4925 1678 4984 JOAN.
1719 4925 1867 4983 JAC.
1908 4924 2166 4983 REISKII
2206 4917 2796 4980 COMMENTARIUS.

509 5041 620 5110 (97)
655 5035 947 5092 Emissorcs
974 5052 1004 5092 e
1029 5036 1339 5092 carceribus
1368 5038 1420 5110 et
1447 5032 1748 5110 recluscfcs
1775 5031 2006 5101 larium.

510 5103 618 5180 (98)
651 5111 846 5180 Cornu}
869 5110 1128 5180 omnibus
1161 5123 1175 5175 ;
1211 5109 1322 5180 vid.
1356 5109 1422 5160 ad
1459 5121 1584 5180 pag.
1619 5103 1742 5180 199.

511 5173 626 5253 (98')
679 5173 984 5248 Στοιϐάζει,
1027 5173 1292 5253 ηθῐῐιρορ
1332 5173 1636 5253 θεωρητής,
1675 5173 1956 5253 ειὶριιεηὶά
1997 5177 2087 5253 est

446 5245 628 5309 unum
661 5267 867 5322 equum
899 5245 1137 5323 apponit
1167 5245 1237 5304 ad
1264 5249 1420 5304 latus
1443 5245 1713 5311 alterius,
1746 5245 2085 5314 condensat,

449 5324 726 5381 confercit
756 5339 959 5393 equos.

513 5397 593 5465 (ι)
650 5395 711 5448 Id
781 5385 867 5465 est
922 5392 1191 5462 copulam,
1263 5393 1688 5455 coagmentum,
1755 5385 2088 5459 collegium,

446 5464 672 5533 corpus,
708 5465 779 5519 ab
811 5464 946 5536 ἅρω,
977 5475 1128 5530 apto,
1157 5478 1435 5536 compono.

545 5539 602 5606 2)
637 5539 699 5592 ln
731 5533 1004 5606 qenrtum
1033 5550 1270 5590 cursum
1305 5535 1389 5589 vel
1422 5533 1695 5602 palmam.

515 5538 602 5676 (Β)
655 5603 970 5666 Μ.σταύλας
1013 5623 1028 5671 ;
1079 5607 1178 5661 sed
1227 5605 1334 5672 leg.
1379 5601 1582 5676 ταύλας
1629 5619 1695 5676 an

545 5595 602 5677 Β)
655 5595 970 5666 Μ.ἇταύλας
1013 5623 1028 5671 ;
1079 5607 1194 5677 sed,
1227 5605 1334 5672 leg.
1379 5595 1582 5677 τὰύλας
1629 5610 1726 5677 aut
1765 5595 1990 5677 ταϐλας,
2034 5605 2097 5677 ut

445 5667 624 5752 paulo
657 5682 790 5749 post
815 5687 869 5734 et
899 5695 958 5750 p.
984 5667 1111 5746 2'13,
1143 5676 1242 5731 ubi
1271 5667 1306 5743 ἦ
1338 5674 1560 5748 πέμπτη
1591 5667 1769 5727 τάϐλα
1798 5683 1904 5730 est.
1946 5673 2094 5737 Quid

2191 5035 2385 5087 autem
2423 5027 2634 5082 fuerint
2676 5025 2894 5081 tabulas
2923 5026 2977 5080 in
3021 5026 3196 5093 circo,
3240 5025 3298 5080 in
3339 5039 3480 5096 quas
3521 5024 3614 5092 qui
3654 5041 3826 5081 curru

2193 5102 2537 5172 impingeret
2583 5101 2849 5168 agitatur,
2901 5098 3148 5172 debebat
3185 5098 3737 5172 currudescendere
3775 5104 3834 5152 et

2238 5166 2367 5228 edes
2399 5186 2581 5239 usque
2622 5166 2687 5223 ad
2733 5173 2881 5223 fores
2920 5169 3054 5221 circi
3096 5168 3218 5239 ire,
3244 5166 3386 5221 mihi
3427 5184 3538 5221 non
3568 5173 3828 5239 constat.

2238 5190 2367 5228 Cdes
2399 5190 2581 5239 usque
2622 5190 2687 5223 ιιι]
2733 5190 2881 5223 101⁵68
2920 5190 3054 5221 CII‘GI
3096 5190 3200 5231 H‘t‘,
3244 5190 3386 5221 ωιῐιι
3427 5190 3538 5221 Πυῐι
3580 5190 3828 5224 ουηδιᾱι.

2197 5190 2363 5300 E‘ortc
2393 5243 2546 5297 idem
2581 5239 2792 5295 fuerint
2820 5253 2950 5295 cum
2985 5238 3278 5307 cancellis,
3311 5253 3439 5308 qua:
3471 5237 3638 5292 facile
3669 5254 3828 5293 rum-

2198 5320 2359 5388 peret
2379 5329 2562 5381 equus
2578 5312 2646 5366 ad
2672 5326 2903 5388 cursum
2927 5326 2995 5364 an
3008 5309 3487 5388 helunsAebmorte
3513 5309 3828 5388 inpatiens.

2199 5378 2467 5444 Carcereis
2498 5391 2646 5437 certe
2673 5381 2888 5435 tabulas
2924 5379 3177 5450 appellat
3215 5379 3491 5434 Sidonius
3527 5378 3778 5448 Apollin.
3811 5395 3828 5435 :

2483 5453 2581 5510 Illi
2617 5452 2685 5506 ad
2722 5452 2960 5505 claustra
3000 5453 3269 5518 fremunt,
3307 5451 3692 5520 repagulisque

2487 5523 2829 5588 Incumbunt,
2855 5521 3023 5575 simul
3067 5525 3116 5573 et
3153 5533 3252 5590 per
3290 5524 3567 5578 obseratas

2490 5591 2888 5664 Trans/amant
2909 5592 3119 5664 tabulas
3150 5619 3218 5631 —-
3243 5599 3292 5664 et
3323 5596 3568 5664 inquieto

2491 5659 2766 5719 Duratum
2797 5663 2922 5719 vade
2959 5659 3199 5734 stipitem
3227 5659 3533 5735 ﬂagellant.
