4160 6304
293 376 395 436 641

1160 374 1264 434 DE
1306 369 1767 434 CERIMONIIS
1808 371 2042 433 AUIuE
2083 372 2561 435 ΒΥΖΑΝΤΙΝιΕ
2601 375 2750 436 LIB.
2800 379 2850 436 Ι.

3583 390 3702 448 642

293 518 438 569 κεῖσε
459 530 474 543 ·
513 509 742 574 στάντος
770 507 827 564 δὲ
854 508 945 564 καὶ
975 511 1072 563 τοῦ
1113 507 1385 582 βασιλέως
1418 505 1469 562 ἒν
1495 511 1564 580 τῇ
1597 504 1771 580 πύλῃ,
1804 506 2092 562 πίπτουσιν
2123 508 2174 561 οἱ
2223 511 2615 584 προειρημένοι
2661 505 2912 580 ἅπαντες,
2943 511 3031 566 καὶ
3084 511 3445 583 ἀναστάντων,
3485 517 3625 573 νεύει
3673 520 3700 573 ὁ

288 599 659 678 πραιπόσιτος
705 599 812 654 ἀπὸ
852 595 1149 658 κελεύσεως
1186 601 1266 670 τῷ
1316 603 1418 667 τῆς
1476 598 1876 666 καταστάσεως,
1915 596 2005 651 καὶ
2059 595 2229 673 λὲγει·
2265 621 2292 650 ‹‹
2335 598 2664 656 Κελεύσατε·
2709 599 2864 656 αὐτοὶ
2913 599 2970 656 δὲ
3030 603 3422 680 ὑπερεύχονται
3457 623 3470 637 ⁸

289 689 542 752 πολλοὺς
572 689 664 745 καὶ
705 687 941 764 ἀγαθοὺς
975 689 1232 764 γρόνους.
1260 710 1288 738 ››

365 782 430 852 ζ’.
481 780 588 837 Καὶ
673 779 771 833 εἶθ’
853 777 1025 838 οὕτως

289 867 565 948 χλανίδος
595 868 692 924 τοῦ
724 865 993 942 βασιλέως
1024 868 1052 921 6
1089 873 1188 937 τῆς
1229 867 1604 930 καταστάσεως
1645 866 1734 920 καί
1779 866 1942 935 ποιή-

288 979 392 1021 σας
472 955 794 1031 ῥωσθέλιον,
841 951 1084 1010 ἰπιδιδοῖ
1157 959 1238 1027 τῷ
1308 953 1545 1028 βασιλεῖ.
1605 955 1741 1010 Εἶτα
1805 951 1945 1008 ἐκεῖ·

287 1050 380 1102 θεν
449 1043 876 1121 δηριγευόμενος
924 1044 952 1099 6
1013 1042 1264 1119 βασιλεὺς
1332 1043 1435 1098 ὑπὸ
1490 1048 1598 1098 τῶν
1658 1041 1942 1117 ἀρχόντων

284 1141 393 1192 τοῦ
469 1129 886 1201 κουϐουκλείου,
947 1131 1246 1206 πατρικίων
1303 1152 1363 1186 τε
1425 1132 1516 1188 καὶ
1601 1134 1944 1206 στρατηγῶν,

290 1225 592 1299 ανέρχεται
650 1219 701 1276 ἐν
750 1225 832 1292 τῷ
886 1222 1185 1294 καθίσματι
1247 1220 1380 1293 μετὰ
1455 1219 1635 1294 μόνων
1695 1223 1802 1273 τῶν
1851 1221 1948 1272 τοῦ

288 1308 696 1369 κουϐουκλείου
779 1309 1068 1388 ἀρχόντων
1137 1309 1228 1364 καὶ
1305 1306 1402 1364 δύο
1448 1302 1803 1386 μαγλαϐιτῶν
1856 1307 1946 1361 καὶ

290 1399 616 1476 σπαθαρίων
670 1401 1042 1474 βασταζόντων
1099 1395 1406 1472 διστρᾶλια,
1467 1398 1783 1475 φορούντων
1859 1393 1949 1450 καί

289 1494 362 1548 τὰ
426 1489 632 1555 σπαθία
686 1488 877 1557 αὐτῶν,
939 1489 1013 1548 ὡς
1071 1485 1124 1543 ἐν
1198 1488 1407 1560 ἑκάστῳ
1472 1488 1704 1558 ἱππικῷ.
1758 1484 1951 1542 Ἀνελ-

291 1582 409 1646 θὼν
451 1577 511 1635 δὲ
541 1578 596 1634 ἐν
641 1581 720 1650 τῷ
771 1579 971 1650 σέντζῳ
1003 1578 1030 1631 6
1067 1575 1320 1653 βασιλεὺς
1365 1577 1456 1631 καὶ
1513 1575 1810 1654 σφραγίσας
1857 1574 1950 1630 τὸν

292 1669 434 1727 λαὸν
490 1671 554 1724 ὲκ
605 1667 814 1742 τρίτου,
869 1666 1174 1736 καθέζεται,
1206 1667 1295 1721 καὶ
1360 1665 1494 1740 μετὰ
1540 1666 1638 1733 τὴν
1696 1663 1955 1737 συμπλή-

290 1781 470 1836 ρωσιν
526 1765 628 1828 τῆς
680 1757 958 1834 εὐφημίας
1005 1754 1280 1834 ἐξέρχεται
1342 1756 1370 1811 6
1419 1754 1780 1830 πραιπόσιτος
1849 1752 1954 1807 ἀπὸ

292 1847 630 1914 κελεύσεως,
659 1847 752 1901 καὶ
807 1846 945 1901 νεύει
1002 1852 1119 1907 τοῖς
1175 1865 1236 1900 τε
1292 1843 1600 1918 πατρικίοις
1639 1843 1729 1898 καὶ
1759 1861 1957 1916 στρατ-

289 1945 486 2014 ηγοῖς,
563 1934 816 2000 ἐπελθεῖν
894 1931 1117 1990 ἕκαστον
1195 1933 1246 1988 ἐν
1313 1938 1382 2008 τῇ
1435 1933 1580 2004 τάξει
1641 1931 1806 1987 πύτοῦ
1864 1929 1956 1985 καὶ

289 2024 573 2101 καθέδρᾳο
630 2023 986 2080 τελεσθέντων
1057 2020 1118 2078 δὲ
1175 2028 1284 2077 τῶν
1331 2019 1376 2076 δ’
1434 2020 1628 2098 βαΐων,
1676 2020 1954 2075 ἀνίσταται

3525 632 3552 660 ι(
3604 610 3700 666 Εἰς

1114 778 1408 852 κατασχὼν
1475 777 1536 832 τὸ
1611 775 1773 850 ἄκρον
1846 782 1944 844 τῆς

2127 778 2220 835 VI.
2254 779 2384 836 Mox
2422 783 2888 851 cerimoniarius,
2921 784 3162 842 collecta
3218 795 3474 846 extrema
3506 789 3701 846 tunica

2047 867 2438 939 imperatoris,
2489 871 2875 928 rbostbelium
2920 873 3073 942 facit,
3137 876 3309 947 idque
3363 877 3698 949 imperatori

2049 958 2244 1014 tradit.
2278 957 2386 1024 Qui
2424 977 2458 1014 a
2491 961 2777 1032 praefectis
2800 962 3092 1032 cubiculo,
3117 966 3376 1036 patriciis
3394 984 3460 1024 ac
3494 974 3696 1026 strate-

2048 1046 2139 1117 gis
2171 1045 2443 1116 stipatus,
2474 1065 2610 1104 cum
2641 1051 2781 1105 solis
2813 1052 3084 1109 cubiculo
3118 1057 3429 1128 praefectis,
3462 1058 3696 1116 duobus

2049 1133 2421 1192 manclavitis
2442 1147 2497 1192 et
2513 1139 2829 1209 spathariis
2848 1141 3503 1219 dextraliaspathasque
3529 1166 3695 1216 suas,

2049 1228 2115 1279 ut
2144 1224 2202 1279 in
2247 1226 2521 1282 omnibus
2579 1229 3006 1285 certaminibus
3063 1235 3435 1303 equestribus
3482 1237 3694 1306 solent,

2048 1313 2438 1384 gestantibus,
2497 1316 2568 1370 ad
2619 1332 2960 1373 consessum
2993 1336 3166 1375 suum
3212 1325 3496 1381 ascendit.
3539 1327 3696 1383 Con-

2048 1417 2254 1457 scenso
2287 1419 2418 1458 vero
2469 1404 2704 1471 throno,
2736 1409 2940 1477 terque
2975 1409 3189 1480 populo
3224 1411 3474 1481 signato,
3508 1417 3692 1486 sedet,

2049 1496 2128 1558 et,
2151 1491 2570 1550 acclamatione
2593 1492 2780 1563 ﬁnita,
2801 1495 3148 1568 prmpositus
3177 1515 3212 1553 a
3244 1501 3518 1556 mandato
3540 1518 3698 1572 egre-

2052 1579 2232 1645 ditur,
2257 1581 2512 1652 patrioiis
2543 1588 2601 1638 et
2631 1584 2902 1654 strategis
2933 1584 3171 1656 signum
3201 1587 3318 1653 dat,
3346 1595 3407 1645 ut
3438 1589 3514 1645 ad
3537 1591 3698 1648 ordi-

2049 1683 2182 1724 nem
2214 1666 2524 1741 locumque
2556 1687 2730 1726 suum
2763 1672 2982 1743 singuli
3011 1690 3073 1728 se
3107 1675 3408 1747 recipiant.
3441 1681 3699 1743 Quatuor

2052 1757 2264 1828 palmis
2284 1757 2614 1824 celebratis,
2636 1758 2957 1831 imperator
2986 1779 3020 1817 a
3041 1763 3254 1820 throno
3277 1767 3486 1838 surgit,
3515 1778 3570 1824 et
3592 1787 3697 1841 pa-

2051 1846 2237 1902 triciis
2267 1847 2324 1901 in
2357 1847 2632 1915 triclinio,
2668 1848 2765 1904 ubi
2814 1851 3142 1907 convivium
3183 1851 3449 1926 celebrat,
3483 1859 3696 1914 consti-

2054 1935 2218 2006 tutis,
2251 1952 2284 1990 a
2316 1936 2604 2007 praefectis
2643 1937 2912 1994 cubiculo
2961 1940 3236 2011 stipatus,
3290 1959 3391 2014 per
3442 1947 3695 2002 medium

2055 2023 2289 2078 illorum
2314 2026 2694 2092 transit,dum
2711 2025 3022 2098 feliciaipsi
3047 2045 3113 2083 ac
3144 2029 3426 2088 diuturna
3440 2037 3698 2106 tempora

291 2117 321 2171 6
358 2111 621 2190 βασιλεὺς
671 2111 778 2168 ἀπὸ
815 2115 912 2168 τοῦ
957 2111 1310 2185 καθίσματος,
1349 2111 1441 2165 καὶ
1488 2109 1790 2183 ἱσταμένων
1840 2111 1948 2162 τῶν

2058 2118 2468 2206 apprecantur.
2503 2115 2641 2170 Inde
2667 2130 2769 2186 per
2799 2121 3111 2187 angustum
3142 2119 3462 2177 triclinium
3496 2125 3567 2178 ad
3590 2140 3696 2181 cu-

292 2203 600 2280 πατρικίων
639 2201 692 2256 ἐν
743 2202 789 2274 ᾧ
837 2201 1028 2276 ἀριστᾷ
1072 2202 1100 2256 6
1155 2199 1412 2277 βασιλεὺς
1459 2198 1745 2274 τρικλίνῳ,
1776 2197 1866 2253 καὶ
1902 2200 1948 2234 ⁸⁸

298 2294 730 2370 δηριγευόμενος
782 2293 884 2348 ὑπὸ
932 2297 1042 2348 τῶν
1090 2291 1370 2367 ἀρχόντων
1401 2295 1498 2346 τοῦ
1527 2285 1946 2358 κουῧουκΛείου,

299 2383 582 2462 διέρχεται
650 2380 812 2456 μέσον
888 2381 1088 2449 αὐτῶν,
1150 2379 1302 2435 αὐτοὶ
1389 2377 1447 2434 δὲ
1515 2378 1948 2453 ὑπερεύχονται·

303 2500 329 2524 (ι
367 2474 457 2535 Εἰς
506 2470 758 2533 πολλοὺς
804 2473 895 2525 καὶ
945 2471 1178 2546 ἀγαθοὺς
1224 2468 1484 2548 χρόνους.
1519 2492 1548 2520 ››
1580 2469 1682 2524 Καὶ
1722 2465 1954 2522 διελθὼν

307 2561 398 2617 διὰ
441 2566 541 2618 τοῦ
591 2564 776 2616 στενοῦ
825 2557 1126 2636 τρικλίνου,
1172 2557 1475 2633 εἰσέρχεται
1524 2555 1577 2612 ἲν
1625 2561 1704 2629 τῷ
1749 2563 1953 2614 κοιτῶ-

310 2673 386 2720 νι,
431 2651 524 2704 καὶ
574 2647 882 2722 ἀπαλλάξας
934 2647 997 2703 τό
1049 2668 1106 2702 τε
1157 2647 1370 2721 στέμμα
1409 2645 1499 2701 καὶ
1554 2647 1654 2714 τήν
1713 2644 1956 2722 χλανίδα

321 2738 510 2805 αὐτοῦ,
539 2736 961 2813 περιεβάλλεται
1000 2736 1205 2810 σαγίον,
1236 2736 1326 2790 καὶ
1357 2736 1679 2811 κατέρχεται
1723 2733 1811 2790 διὰ
1857 2740 1956 2791 τοῦ

331 2831 588 2902 μυστικοῦ
629 2825 881 2902 κοχλιοῦ,
934 2825 1028 2881 καὶ
1086 2820 1508 2901 δηριγευόμενος
1565 2825 1670 2880 ὑπὸ
1744 2825 1954 2880 πάντων

2055 2198 2316 2256 biculum
2349 2199 2488 2269 abit,
2549 2201 2644 2256 ubi
2697 2217 2910 2258 corona
2939 2219 3050 2260 sua
3091 2209 3150 2260 et
3183 2209 3377 2263 tunica
3411 2209 3692 2281 deposita,

2057 2306 2264 2362 sagum
2290 2291 2499 2356 induit,
2531 2307 2747 2364 perque
2769 2298 3050 2350 secretam
3093 2296 3410 2368 cochleam,
3458 2301 3698 2358 cubicu-

2065 2377 2226 2435 lariie
2245 2379 2522 2435 omnibus
2552 2380 2989 2450 comitantibus,
3014 2399 3115 2454 per
3141 2393 3517 2458 augusteum,
3548 2392 3701 2462 apsi-

2059 2469 2216 2536 dem,
2248 2468 2630 2536 triconchum,
2667 2486 2883 2541 perque
2915 2473 3323 2546 monotbyrum
3357 2487 3409 2533 et
3441 2481 3698 2550 porticus

2060 2562 2404 2614 Sanctorum
2427 2558 2514 2613 XL
2533 2575 2773 2614 aureum
2796 2560 3119 2617 triclinium
3145 2563 3506 2635 ingreditur:
3531 2571 3701 2626 cubi-

2064 2646 2271 2702 cularii
2355 2662 2486 2702 vero
2541 2651 2754 2716 astant,
2811 2653 2870 2703 et
2923 2647 3256 2722 imperatori
3342 2654 3558 2713 multos
3635 2675 3702 2716 ac

2065 2734 2260 2790 felices
2343 2751 2526 2791 annos
2595 2737 2912 2808 apprecati,
2969 2737 3281 2798 discedunt
3347 2745 3703 2819 domumque

2066 2825 2304 2880 abeunt.

325 2921 417 2972 τοῦ
475 2910 887 2986 κουϐουκλείου,
946 2913 1220 2990 διέρχεται
1279 2911 1367 2970 διὰ
1424 2917 1520 2968 τοῦ
1577 2912 1936 2986 αὐγουστέως,
1986 2909 2177 2986 ἀψίδος
2230 2931 2288 2966 τε
2358 2911 2448 2966 καὶ
2517 2915 2613 2965 τοῦ
2685 2912 3006 2990 τρικόγχου,
3064 2913 3151 2970 διὰ
3226 2923 3322 2973 τοῦ
3399 2910 3702 2995 μονοθύρου

303 3006 389 3060 καί
440 3008 549 3058 τῶν
612 2998 944 3058 διαϐατικῶν
1001 3005 1110 3058 τῶν
1153 3001 1355 3078 Ἀγίων
1411 3003 1484 3074 μ’,
1544 3003 1631 3057 καὶ
1696 3001 2000 3078 εἰσέρχεται
2052 2999 2104 3057 ἒν
2158 3005 2238 3073 τῷ
2288 3001 2773 3075 χρυσοτρικιιιίνῳ·
2827 3006 3042 3066 στάντες
3093 3006 3150 3060 δὲ
3215 3008 3266 3062 οἱ
3317 3014 3414 3064 τοῦ
3468 3008 3703 3068 κουϐου-

296 3093 483 3149 κλείου
521 3093 612 3148 καί
682 3089 1104 3168 ὑπερευξσὶμενοι
1158 3092 1250 3146 τὸν
1310 3089 1556 3166 βασιλέα,
1622 3115 1642 3142 ιι
1704 3089 1799 3151 Εἲς
1848 3089 2096 3154 πολλοὺς
2161 3089 2250 3146 καὶ
2314 3087 2552 3166 ἀγαθοὺς
2618 3089 2878 3168 χρόνους,
2922 3117 2948 3143 ››
3018 3093 3328 3170 ἐξέρχονται
3390 3100 3481 3154 καὶ
3531 3101 3698 3178 ἀπέρ-

298 3200 493 3256 χονται
521 3179 728 3238 οἴκαδε.

1008 3310 1034 3322 η

287 3312 430 3368 ’Όσα
489 3303 571 3382 δεῖ
637 3305 910 3382 τελεῖσθαι
969 3310 1037 3382 τῇ

356 3376 764 3454 ἱπποδρομίου,
815 3376 1150 3454 ἤγουνξτοῦ
1209 3376 1510 3454 ’γενεθλίου
1575 3376 1779 3446 ταύτης
1843 3381 1945 3442 τῆς

357 3447 728 3528 Θεοφυλάκτοι
760 3448 850 3504 καί
871 3447 1176 3525 ’βασιλίδος
1205 3447 1446 3512 ¹πτόλεως.

359 3540 564 3598 Ἰστέον
613 3535 833 3608 εῗδὲναι,
881 3539 963 3594 δτι
1020 3539 1072 3593 οἱ
1117 3542 1227 3593 τῶν
1275 3536 1372 3593 δύο
1425 3541 1602 3612 μερῶν
1663 3534 1945 3612 δήμαρχοι

286 3630 431 3705 μετά
479 3649 542 3684 τε
591 3633 699 3683 τῶν
734 3625 1148 3700 δευτερευόντων
1199 3626 1289 3682 καὶ
1327 3632 1434 3682 τῶν
1488 3625 1700 3682 λοιπῶν
1748 3625 1946 3700 ἀρχόν-

280 3741 398 3776 των
430 3723 543 3773 τῶν
577 3719 757 3792 μερῶν
789 3715 881 3770 καὶ
920 3720 1029 3772 τῶν
1058 3712 1317 3789 δημοτῶν
1369 3714 1550 3770 ἀπίασι
1591 3713 1654 3770 τὸ
1682 3711 1942 3782 δειλινὸν,

277 3806 516 3870 ’ἕκαστος
549 3807 626 3868 εἰς
655 3805 717 3861 τὰ
750 3803 890 3861 ἴδιον
922 3800 1181 3874 σταϐλον,
1207 3805 1297 3861 καὶ
1338 3805 1536 3870 εὐθέως
1583 3804 1611 3859 6
1659 3803 1943 3876 θεωρητὴς

279 3899 522 3954 ἑκάστου
576 3895 778 3971 μέρους
822 3889 1062 3971 ταϐρίζει
1123 3895 1187 3949 τὸ
1233 3891 1550 3971 τρίπλοκον,
1579 3893 1669 3948 καὶ
1720 3891 1869 3968 λέγει
1917 3892 1944 3946 6

280 3986 425 4048 λαὸς
485 3983 548 4040 ἐκ
584 3986 632 4061 γ’
656 4003 668 4018 ο
709 4008 730 4035 ι
766 3985 925 4056 Νίκα,
959 3985 1143 4040 Βὲνετε
1166 4001 1179 4015 °
1216 4005 1246 4035 η
1302 3983 1510 4057 ὁμοίως
1549 3981 1637 4038 καὶ
1696 3981 1748 4035 οἱ
1798 3981 1942 4053 Πρά-

286 4096 462 4143 σινοι,
496 4097 525 4125 ‹‹
560 4073 807 4148 Πράσινε.
838 4094 863 4126 υ
902 4073 999 4128 Καὶ
1056 4069 1273 4148 δέχεται
1320 4073 1348 4126 6
1398 4065 1720 4148 φωνοϐόλος
1768 4067 1944 4144 λέγων

283 4162 515 4240 μεγάλῃ
572 4165 643 4236 τῇ
684 4165 876 4241 φωνῇ·
931 4184 960 4214 ιι
1019 4163 1244 4236 Ἕχεται
1292 4160 1320 4216 6
1377 4161 1595 4235 βοηθῶν
1641 4160 1775 4231 ἡμῖν
1825 4159 1944 4228 Ἰη-

279 4259 417 4316 σοῦς
479 4255 562 4290 ιιι
614 4274 644 4303 ,,
693 4251 722 4306 ὁ
769 4248 940 4314 λαός·
997 4273 1020 4301 ι
1073 4250 1185 4308 Ἀεὶ
1253 4248 1393 4306 νίκα.
1444 4272 1473 4301 ››
1525 4249 1591 4306 Οἱ
1665 4247 1895 4324 κράκται
1928 4265 1940 4280 ·

283 4369 311 4396 ‹‹
345 4342 451 4404 Εἷς
485 4340 536 4377 ⁸⁵
566 4341 595 4396 6
626 4340 778 4408 Θεὸς,
812 4339 874 4394 σὺ
923 4337 1124 4400 αὐτοὺς
1178 4341 1352 4393 σῶσον
1377 4355 1389 4370 ⁸
1427 4361 1454 4390 ››
1489 4338 1516 4392 6
1549 4335 1680 4399 λαός
1709 4356 1721 4369 ο
1755 4361 1782 4389 ι(
1816 4337 1943 4402 Ναί,

285 4433 482 4506 Κύριε,
518 4453 548 4482 ››
610 4429 706 4486 Καὶ
750 4427 838 4484 ὅτε
887 4425 1174 4498 ἐξέλθωσιν
1220 4425 1307 4481 ἐπὶ
1354 4427 1417 4482 τὸ
1483 4425 1715 4499 ἑξάερον,
1757 4423 1940 4499 κρούει

287 4522 314 4576 δ
382 4517 674 4593 θεωρητής
741 4517 843 4585 τὴν
916 4511 1178 4592 ταϐραίαν
1227 4522 1295 4590 γ’,
1351 4513 1441 4570 καὶ
1492 4512 1635 4590 λέγει
1685 4513 1714 4568 6
1767 4512 1941 4575 λαός·

293 4635 321 4662 α
358 4609 511 4678 Νικᾷ
558 4609 594 4676 ἡ
644 4605 822 4668 πίστις
849 4610 961 4660 τῶν
1012 4602 1302 4679 βασιλέων,
1353 4607 1476 4674 νικᾷ
1529 4604 1564 4672 ἡ
1614 4601 1794 4664 πίστις
1833 4607 1942 4657 τῶν

1130 3310 1440 3381 παραμονῇ-
1484 3312 1582 3361 τού
1639 3305 1945 3381 λαχάνικοῦ
1977 3309 2020 3377 C

2059 3307 2432 3381 Observanqu
2479 3310 2541 3381 in
2622 3308 2815 3379 vigilia
2859 3309 3201 3381 hippodromi
3275 3315 3554 3373 lachanici
3606 3333 3704 3374 seu

2127 3378 2433 3506 diebgatali
2486 3380 2656 3450 hujus
2684 3378 2728 3436 ia
2763 3387 2876 3438 Deo
2911 3378 3184 3440 custodum
3241 3395 3298 3442 ει
3335 3389 3703 3461 imperatorias

2130 3468 2201 3506 ur
2292 3493 2305 3506 .

2130 3468 2232 3506 uro
2239 3468 2284 3506 ιε
2292 3493 2305 3506 .

2127 3539 2377 3595 Duarum
2395 3538 2714 3595 factionum
2747 3540 3060 3612 principes,
3085 3543 3306 3611 vicarii,
3339 3546 3544 3619 reliqui
3579 3549 3695 3605 fac-

2057 3628 2283 3683 tionum
2316 3627 2567 3699 praefecti
2600 3632 2656 3682 et
2688 3628 2939 3699 populus
2969 3631 3193 3700 vesperi
3225 3633 3295 3687 ad
3329 3635 3562 3690 stabula
3593 3653 3703 3691 sua

2057 3717 2294 3780 abeunt,
2319 3715 2415 3771 ubi
2439 3715 2734 3786 inspector
2756 3715 3218 3790 uniuscujusque
3248 3720 3516 3778 factionis
3546 3724 3699 3780 208

2055 3804 2341 3876 triplicem
2373 3803 2652 3860 scuticam
2685 3805 2888 3872 sumit,
2924 3807 3134 3878 papulo
3158 3812 3247 3864 ter
3294 3810 3650 3868 acclamante
3682 3830 3695 3867 :

2056 3915 2085 3944 «
2119 3893 2314 3962 Vince,
2337 3893 2558 3949 Venete
2587 3889 2601 3946 !
2639 3913 2664 3945 α
2698 3893 2970 3949 similiter
2999 3895 3223 3952 Prasini
3253 3913 3266 3951 :
3300 3920 3328 3948 «
3356 3899 3594 3956 Prasine
3620 3901 3632 3954 !
3671 3923 3698 3950 ››

2053 3984 2380 4038 Praecentor
2423 3997 2561 4036 voce
2607 3979 2761 4038 elata
2815 3983 3003 4038 canit:
3038 4005 3065 4034 »
3123 3983 3418 4042 Habemus
3475 3987 3699 4056 Jesum,

2055 4072 2382 4143 adjutorem
2417 4076 2716 4138 nostrum;
2751 4091 2780 4121 ››
2811 4071 3060 4144 populus
3095 4089 3107 4128 :
3136 4096 3157 4123 ι
3192 4074 3435 4147 Semper
3462 4075 3647 4134 vince.
3667 4099 3693 4126 ››

2057 4161 2336 4218 Cantores
2380 4177 2394 4216 :
2428 4181 2455 4210 «
2492 4165 2640 4216 Deus
2668 4176 2752 4225 es,
2787 4165 2847 4216 tu
2907 4160 3059 4234 ipsos
3090 4179 3282 4233 serva;
3346 4183 3374 4218 ιι
3405 4164 3692 4237 populus;

2057 4271 2086 4300 ‹‹
2115 4249 2218 4316 Ita,
2251 4249 2497 4306 Domino
2531 4248 2542 4302 !
2571 4271 2598 4298 »
2632 4249 2872 4315 Quando
2901 4249 2958 4304 in
2990 4251 3202 4307 atrium
3223 4269 3576 4324 processere,
3602 4254 3696 4310 in-

2055 4344 2284 4411 spector
2303 4339 2528 4395 scutica
2555 4343 2644 4394 ter
2675 4340 2924 4406 insonat,
2958 4339 3171 4411 populo
3196 4341 3426 4399 dicente
3457 4359 3470 4398 :
3501 4362 3523 4392 ε
3553 4342 3696 4400 Vin-

2057 4431 2138 4485 cit
2155 4430 2548 4500 Augustorum
2578 4431 3095 4500 Augustarumque
3125 4430 3292 4500 ﬁdes,
3325 4432 3504 4489 vincit
3533 4433 3694 4490 urbis

2056 4534 2122 4573 ac
2151 4516 2506 4572 Venetorum
2553 4513 2729 4570 ﬁdes!
2758 4538 2780 4568 ι
2816 4515 3064 4586 (Prasini
3093 4537 3113 4572 :
3141 4541 3171 4570 ‹‹
3212 4519 3610 4578 Prasinorum.
3645 4523 3698 4593 »)

2056 4605 2332 4660 Cantores
2364 4619 2376 4656 :
2404 4621 2435 4655 ιι
2467 4602 2536 4656 Ν.
2568 4607 2626 4658 et
2647 4601 2716 4656 N.
2744 4617 3089 4675 magnorum
3111 4606 3536 4677 imperatorum
3561 4608 3574 4663 ι
3601 4609 3696 4665 dic

285 4697 652 4772 Αύγουστῶν,
693 4699 816 4765 νικᾷ
876 4696 913 4764 ἡ
979 4695 1161 4757 πίστις
1221 4699 1322 4763 τῆς
1404 4690 1622 4754 πόλεως
1687 4690 1778 4746 καὶ
1833 4692 1941 4745 τῶν

2057 4693 2316 4760 omnino,
2336 4705 2682 4762 magnorum
2703 4674 3115 4762 imperatorum
3149 4674 3215 4764 ;›ξ
3237 4697 3512 4769 populus:
3536 4719 3565 4748 ‹‹
3589 4702 3697 4754 Do-

285 4788 527 4844 Βενίτων
589 4807 616 4838 ι
677 4785 752 4859 (οἱ
812 4784 1096 4859 Πράσινοι,
1154 4809 1176 4835 ι
1239 4783 1516 4858 Πρασίνων
1581 4785 1648 4854 ιι).
1703 4780 1801 4836 Καὶ
1849 4779 1942 4836 λέ-

282 4897 474 4953 γουσιν
515 4876 570 4930 οἱ
600 4871 827 4948 κράκται
853 4891 866 4906 ·
901 4897 930 4926 ‹‹
960 4875 1023 4930 Ὁ
1072 4871 1220 4928 δεῖνα
1265 4872 1356 4928 καὶ
1415 4873 1443 4927 ὁ
1484 4869 1632 4927 δεῖνα
1686 4868 1940 4946 μεγάλων

285 4963 590 5038 βασιλίων,
612 4961 700 5018 ναὶ
732 4961 848 5018 εἰπὲ
900 4962 928 5018 6
960 4957 1104 5016 δεῖνα
1139 4961 1230 5016 καὶ
1281 4961 1311 5016 6
1355 4957 1504 5016 δεῖνα
1546 4956 1798 5036 μεγάλων
1845 4959 1941 5034 βα-

285 5052 525 5110 σιλέων·
559 5071 588 5105 ι
640 5051 733 5106 καὶ
775 5051 803 5106 6
857 5048 990 5113 λαός
1018 5068 1030 5083 °
1075 5073 1104 5102 «
1156 5048 1345 5126 Κύριε,
1381 5049 1593 5126 βοήθει.
1625 5068 1657 5103 ι)
1699 5047 1766 5106 Οἱ
1813 5045 1942 5122 κρά-

283 5160 440 5198 κταιο
498 5161 530 5194 α
561 5139 659 5203 Εἷς
709 5139 859 5209 Θεὸς,
899 5137 962 5193 σὺ
995 5137 1192 5200 αὐτοὺς
1239 5142 1436 5193 σῶσονο
1493 5134 1698 5198 ὁλαός·
1734 5159 1763 5189 ιι
1813 5135 1944 5205 Ναὶ,

289 5233 477 5306 Κύριε.
515 5229 678 5285 »Καὶ
729 5229 827 5284 εἶθ’
879 5228 1052 5290 οὕτως
1095 5227 1312 5303 λέγεται
1359 5228 1422 5283 τὸ
1467 5223 1729 5301 δρομικὸν
1780 5223 1946 5295 ποίη-

291 5343 365 5393 μα
417 5315 727 5396 ἔμπροσθεν
780 5324 878 5375 τοῦ
935 5314 1350 5393 ἱπποδρομίουθ
1385 5341 1414 5370 ‹‹
1475 5317 1542 5374 Οἱ
1581 5320 1686 5371 τῶν
1719 5311 1945 5391 ἂγώνωι

289 5411 346 5464 σὶ
404 5407 766 5481 δυσωποῦμεν
822 5407 916 5464 τὸν
969 5407 1096 5464 Θεὸν
1125 5409 1289 5480 ἡμῶν
1338 5407 1426 5462 καὶ
1479 5411 1742 5479 Σωτῆρα’
1790 5404 1944 5464 νίκας

2059 4781 2239 4848 mine,
2295 4781 2530 4852 adjuva.
2573 4803 2594 4829 ι
2683 4784 2998 4840 Cantores:
3056 4784 3142 4840 Tu
3206 4787 3352 4844 Deus
3401 4805 3482 4856 es,
3542 4787 3698 4858 ipsos

2050 4887 2250 4940 serva;
2285 4892 2312 4920 »
2337 4869 2629 4942 papulus:
2664 4869 2819 4940 «Ita,
2849 4872 3125 4929 Domine!
3163 4895 3190 4926 ι
3223 4876 3319 4932 Sic
3342 4882 3539 4948 postea
3563 4878 3696 4932 dro-

2053 4956 2272 5012 micum
2313 4971 2546 5012 carmen
2569 4960 2704 5012 ante
2736 4956 2952 5015 circum
2984 4959 3265 5017 recitatur
3295 4978 3307 5016 :
3341 4983 3369 5012 «
3421 4961 3538 5018 Nos
3565 4961 3692 5018 fac-

2053 5044 2287 5102 tionarii
2317 5051 2376 5102 te
2424 5049 2606 5102 Deum
2639 5062 2704 5102 ac
2756 5053 3110 5105 servatorem
3155 5054 3419 5106 nostrum
3451 5065 3690 5107 venera-

2055 5150 2185 5191 mur
2207 5135 2220 5192 ι
2245 5133 2527 5191 Victorias
2546 5133 2782 5193 Venetis
2796 5139 3048 5194 concede
3080 5137 3093 5192 ι
3120 5160 3148 5188 ››
3181 5138 3463 5210 (Prasini:
3495 5159 3523 5189 «
3553 5139 3690 5196 Pra-

2053 5223 2200 5281 sinis
2229 5222 2241 5278 ι
2277 5223 2332 5295 ››)
2358 5224 2526 5281 Adsis
2557 5225 2844 5298 benignus
2862 5227 3070 5284 Uranio
3093 5226 3106 5281 l
3133 5227 3416 5298 (Prasini:
3452 5250 3479 5279 «
3499 5227 3694 5298 Olym-

2055 5313 2181 5384 pio!
2208 5314 2260 5384 ››)
2275 5311 2566 5369 utiterum
2587 5315 3020 5385 postvictoriam
3041 5315 3448 5388 tripudiemus.
3471 5335 3496 5368 ι
3519 5314 3690 5370 Aliud

2057 5419 2292 5461 carmen
2339 5400 2482 5458 albae
2517 5420 2531 5458 :
2564 5424 2592 5452 ‹‹
2625 5402 2890 5474 Deipara,
2924 5419 3055 5474 quae
3085 5405 3321 5460 ﬁrmum
3371 5403 3542 5477 quasi
3573 5408 3693 5475 teg-

1629 5550 1877 5608 VARIIE
1917 5548 2332 5607 LECTIONES.

360 5712 406 5747 ⁴⁹
441 5712 534 5767 καὶ
583 5727 699 5769 om.
733 5713 823 5770 ed.
903 5711 948 5749 “
973 5705 1128 5787 ἔχετε
1155 5709 1245 5765 τὸν
1274 5711 1303 5764 ὁ
1339 5708 1646 5784 βοηθοῦντα
1679 5705 1810 5782 ὑμὶν
1841 5707 2052 5777 Ἰησοῦν
2079 5707 2171 5764 ed.
2249 5704 2296 5739 ⁸⁵
2325 5704 2405 5765 εἷς
2445 5705 2537 5760 ed.
2571 5704 2791 5779 ubique
2822 5705 2880 5762 in
2915 5721 3074 5780 seqq.
