4136 6302
402 404 522 464 643
1471 395 1997 460 CONSTANTINI
2043 391 2523 456 PORPHYROG
2534 397 2753 457 ENlTI
3697 402 3834 460 6M

399 553 534 593 men
565 539 874 608 tutumque
893 535 1174 592 auxilium
1204 548 1399 590 eorum
1431 549 1516 597 es,
1541 531 1641 603 qui
1662 531 1736 586 ad
1766 533 1821 586 te
1843 544 2032 586 accnr-

2195 529 2278 587 οἷς
2309 528 2554 590 Βενὲτοις
2589 529 2777 602 βοήθει
2814 552 2841 579 ››
2881 531 2958 602 (οἱ
2999 531 3276 604 Πράσινοι,
3315 550 3336 580 ι
3389 533 3682 604 Πρασίνοις
3717 556 3746 584 ››
3778 536 3826 605 ),

398 620 1396 696 runt,rogamusVeneti,»(Prasini
1435 637 1447 675 :
1482 643 1509 671 «
1545 619 2031 691 Prasini,»)detui

2237 614 2328 670 καί
2367 621 2690 694 χορήγησον
2743 621 2822 692 τῷ
2862 619 3114 694 Οὖρανίῳ
3172 622 3246 694 (οἱ
3309 624 3604 695 Πράσινοι·
3650 645 3681 673 (ι
3731 629 3827 694 Τῷ

398 713 508 769 hoc
543 714 711 770 nobis
745 719 801 768 et
826 713 1027 781 Icasio,
1063 717 1123 767 ut
1142 711 1397 766 victoriis
1422 711 1482 764 in
1524 707 1837 765 certamine
1861 705 2031 763 excel‘

2189 702 2452 778 Βλυμπίῳ
2488 711 2559 778 υ),
2611 732 2638 759 ‹‹
2669 706 2760 763 ἵνα
2799 710 2887 764 καὶ
2954 709 3120 766 πάλιν
3179 711 3532 786 χορεύσωμεν
3582 713 3632 756 ⁴⁶
3677 714 3822 784 μετᾶ

397 813 618 869 lamus,
642 810 694 857 et
729 819 836 857 nos
859 802 1229 856 exilaremur.

2192 792 2332 862 ίκης.
2368 818 2397 846 ››
2430 794 2640 858 Ἀλλος
2671 798 2746 859 εἱς
2777 801 2838 854 τὸ
2869 798 3092 853 Λευκόνο
3131 822 3160 851 ι(
3215 799 3303 861 Ὧς
3351 799 3582 874 κραταιὰ
3637 801 3815 872 σκέπη

397 890 432 956 ἡ
493 889 776 956 θεοτόκος,
835 888 925 942 καὶ
984 887 1282 960 ἀντίληψις
1349 883 1539 962 βεϐαία
1594 890 1704 941 τῶν
1761 885 1837 946 εἰς
1898 884 1955 937 σὲ
2010 882 2488 960 προστρεχόντων,
2553 885 2866 959 ἐξαιτοῦμεν
2913 888 2969 942 oi
3026 887 3303 944 Βὲνευοι»
3363 890 3439 960 (οἱ
3498 889 3805 962 Πράσινοι’

403 999 425 1030 ι
460 977 713 1053 Πράσινοι
740 980 794 1051 ››)
825 1003 854 1028 ‹‹
906 974 1222 1052 δωρηθῆναι
1272 979 1410 1050 ἡμῖν
1458 981 1641 1044 τοῦτο,
1672 979 1751 1048 τῷ
1797 971 2064 1045 Εἷκασίῳ,
2097 969 2395 1048 διαπρέπον
2443 976 2488 1011 ⁴⁷
2526 979 2644 1037 ταῖς
2692 976 2867 1038 νίκαις
2916 977 3006 1032 σὺν
3053 977 3203 1052 αὐτῷ
3249 979 3324 1041 εἷς
3371 979 3462 1034 τὸν
3493 978 3683 1055 ἀγῶνα
3725 979 3824 1034 καὶ

396 1069 544 1138 ἡμᾶς
575 1067 954 1143 εὐφρανθῆναι.
981 1092 1008 1120 ›μ

991 1149 1221 1206 CAPUT
1273 1149 1464 1204 LXXI.

2758 1149 3019 1204 ΚΕΦΑΛ.
3073 1149 3198 1206 ΟΑ’.

538 1241 694 1296 Ritus
733 1241 795 1296 in
841 1241 1130 1310 facularice
1184 1239 1553 1295 celebratione
1607 1237 1893 1295 solemnes.

2338 1236 2476 1292 υΟσα
2517 1232 2600 1290 δεῖ
2645 1236 3107 1363 παραφυὶλάττειν,
3156 1246 3257 1308 τῆς
3305 1237 3618 1318 φακλαρέας

2799 1330 2856 1363 τε
2901 1330 3160 1363 opusne.

2799 1330 3160 1373 τεΛουμενης.

467 1407 508 1460 Ι.
549 1407 782 1479 Vesperi
817 1408 944 1462 duas
999 1406 1278 1463 factiones
1327 1422 1460 1462 cum
1501 1407 1722 1462 facibus
1758 1407 2039 1461 secretam

2799 1333 3160 1382 τεΛουμενης.

2221 1395 2302 1450 A'.
2340 1394 2536 1468 Δείλης
2577 1398 2910 1474 εἰσέρχονται
2943 1399 3010 1456 τὰ
3039 1397 3134 1456 δύο
3167 1399 3304 1476 μέρη
3339 1400 3391 1455 ἐν
3438 1407 3506 1477 τῇ
3563 1406 3813 1476 μυστικῇ

394 1495 652 1567 phialam
685 1496 969 1552 triconchi
1019 1497 1264 1563 intrant,
1296 1505 1351 1552 et
1400 1495 1696 1562 facularia,
1719 1499 1783 1549 ut
1813 1496 2027 1558 vocant,

2183 1483 2318 1557 ιιάλῃ
2365 1490 2462 1540 τοῦ
2511 1489 2813 1564 τρικόγχου
2865 1490 2997 1562 μετὰ
3047 1489 3313 1562 φατλίων,
3364 1490 3455 1547 καὶ
3518 1491 3729 1566 γίνεται
3776 1494 3816 1560 ἡ

394 1583 745 1654 instituitur,
767 1601 916 1658 aque
938 1584 1654 1655 saltantibusapelaticum
1676 1582 1797 1638 toni
1820 1581 1936 1637 obl.
1960 1582 2027 1637 IV

2173 1575 2417 1647 ,εγομένη
2497 1576 2792 1655 φακλαρεα,
2860 1579 2950 1632 καὶ
3021 1580 3240 1652 Λέγουσι
3313 1579 3406 1634 τὸν
3469 1579 3806 1636 ἀπελστικὸν

393 1675 624 1730 canitur
654 1691 667 1731 :
702 1697 728 1724 «
749 1645 1161 1730 Co'rroboretur
1194 1688 1398 1728 manus
1426 1676 1547 1736 tua,
1582 1671 1870 1727 exaltetur
1909 1671 2026 1725 dex‘

2170 1645 2476 1736 (ορεύοντες
2642 1645 2701 1723 π’.
2736 1663 2816 1721 δ’·
2879 1689 2907 1718 ‹‹
2953 1645 3357 1740 Κραταιωθήτω
3400 1669 3434 1736 ἡ
3493 1666 3620 1742 χείρ
3680 1689 3803 1739 σου,

392 1767 482 1818 tra
507 1769 627 1831 tua,
660 1763 727 1818 N.
761 1764 1073 1833 imperator
1097 1762 1109 1816 ί
1134 1763 1276 1817 Ecce
1297 1761 1450 1818 enim
1483 1762 1621 1818 urbs
1640 1766 1742 1817 tua
1770 1766 1828 1816 te
1858 1761 2025 1832 ipsius

2170 1751 2428 1824 ὂψωθήτω
2488 1755 2522 1821 ἡ
2572 1751 2714 1827 δεξιά
2774 1775 2891 1822 σου,
2952 1756 2980 1809 6
3038 1752 3185 1809 δεῖνα
3240 1754 3612 1831 αὐτοκρὰτωρ.
3657 1754 3803 1814 Ἰδοὺ

393 1859 687 1910 amantem
715 1854 996 1922 intuetur,
1025 1853 1320 1925 pra-claris
1341 1852 1819 1908 facinoribustuis
1841 1857 2026 1907 contra

2173 1839 2277 1914 (sip,
2309 1842 2343 1909 ἠ
2377 1840 2540 1905 πόλις
2591 1863 2685 1896 σου
2726 1841 3024 1921 φιλόπολιν
3079 1842 3273 1917 βλέπει
3312 1866 3368 1899 σε
3421 1843 3670 1919 βασιλέα,
3714 1848 3806 1901 καὶ

392 1942 590 1998 hostes
622 1947 947 2012 renovatur,
981 1943 1159 2014 inque
1209 1943 1399 1999 medio
1431 1942 1675 2014 imperio
1732 1942 1921 2013 gratia
1951 1958 2025 1997 re-

2175 1934 2268 1991 ἀῖς
2343 1937 2462 1993 σαῖς
2543 1930 2904 2008 ἔγκαινίζεται
2962 1935 3080 1988 κατ’
3128 1933 3341 2008 ἐχθρῶν
3396 1933 3808 2010 ἀνδραγαθίαις,

390 2036 551 2104 gnat,
567 2031 843 2102 quoniam
861 2032 1426 2097 administratiotua,
1442 2032 1579 2088 urbs
1595 2031 1821 2104 magnis
1849 2031 2023 2102 impe-

2176 2021 2240 2075 ιαὶ
2279 2020 2625 2078 πολιτεύεται
2686 2024 2847 2098 χάρις
2895 2021 2946 2078 ἐν
3002 2023 3149 2098 μέσῳ
3197 2032 3296 2094 τῆς
3359 2025 3664 2100 βασιλείας,
3719 2029 3809 2082 δτι

388 2121 614 2190 ratoris,
647 2127 957 2194 conspecta
1006 2127 1116 2191 est,
1167 2123 1406 2194 quando
1484 2138 1650 2178 arma
1708 2121 1910 2176 robore
1938 2127 2021 2176 tur

2165 2105 2304 2187 Ἀφθη
2355 2113 2417 2167 τὸ
2474 2111 2786 2185 πολίτευμά
2824 2134 2944 2184 σου,
2987 2113 3152 2178 πόλις
3194 2119 3293 2169 τοῦ
3335 2114 3581 2188 μεγάλου
3635 2118 3798 2190 βασι-

388 2217 706 2282 armantur,
724 2211 1041 2282 hostesque
1057 2213 1189 2267 odio
1211 2213 1359 2283 ejus,
1392 2211 1493 2283 qui
1524 2220 1576 2266 te
1607 2210 1791 2266 natali
1824 2210 2021 2265 honori

2170 2201 2314 2270 ίὲως,
2368 2201 2484 2266 ὅθεν
2545 2201 2964 2272 καθοπλίζονται
3009 2204 3078 2259 τὰ
3140 2202 3285 2260 ὅπλα
3337 2226 3429 2260 σου
3492 2202 3803 2279 δυναστείᾳ,

387 2300 557 2356 urbis
589 2309 698 2356 tuae
731 2302 1049 2368 coronavit,
1094 2301 1426 2374 cinguntur.
1469 2323 1496 2351 »
1529 2301 1751 2357 Deinde
1795 2301 1864 2355 ad
1890 2300 2020 2356 sub-

2170 2288 2235 2344 ιαῖ
2263 2285 2694 2366 περιϐάλλονται
2743 2290 2933 2368 ἐχθροὶ
2973 2295 3072 2362 τήν
3129 2291 3324 2368 ἔχθραν
3356 2299 3456 2349 τοῦ
3505 2295 3803 2370 στέψαντός

387 2391 557 2447 sellia
616 2409 678 2448 se
709 2391 1026 2463 recipiunt,
1058 2408 1125 2447 ac
1158 2392 1407 2464 singulis
1437 2391 1495 2446 in
1519 2391 1646 2448 loco
1676 2407 1783 2446 suo
1813 2388 2020 2446 consti-

2170 2402 2208 2435 ιε
2261 2386 2330 2456 τῇ
2377 2381 2642 2456 γενεθλίῳ
2696 2379 2823 2458 δόξῃ
2874 2391 2974 2454 τῆς
3027 2383 3244 2447 πόλεώς
3288 2407 3402 2441 σου.
3441 2409 3468 2437 ››
3514 2387 3614 2441 Καὶ
3665 2388 3803 2461 μετᾶ

386 2481 553 2544 tutis,
577 2487 842 2537 cantores
871 2479 1328 2537 verbasolennia
1359 2481 1603 2536 recitant
1629 2495 1643 2536 :
1677 2502 1708 2531 «
1739 2478 2019 2535 Auxilium

2166 2475 2312 2526 ταῦτα
2351 2471 2667 2546 ἀνέρχονται
2713 2473 2790 2535 εἰς
2835 2475 2902 2528 τὰ
2957 2475 3147 2548 βάθρα,
3190 2475 3280 2530 καὶ
3333 2477 3622 2548 ἱσταμένου
3671 2478 3799 2532 ἱκά-

383 2569 772 2624 Dominorum
815 2569 830 2624 ι
867 2589 898 2620 ››
931 2569 1182 2639 populus
1216 2585 1231 2624 :
1293 2589 1320 2621 α
1355 2569 1444 2623 Tu
1476 2584 1537 2624 es
1567 2567 1722 2623 Deus
1754 2566 1768 2623 ι
1809 2589 1838 2618 ›ι
1880 2568 2016 2623 204

2163 2581 2274 2615 ττου
2317 2561 2391 2622 εἷς
2442 2561 2505 2617 τὸ
2567 2560 2704 2618 ἴδιον
2757 2564 2942 2637 μέρος,
2995 2563 3240 2638 λέγουσιν
3301 2565 3352 2618 οἱ
3409 2565 3639 2640 κράκται
3695 2569 3796 2636 τὴν

385 2659 663 2714 Cantores
695 2674 710 2713 :
744 2659 824 2713 Tu
855 2657 1018 2729 ipsos
1048 2674 1216 2714 serva
1241 2674 1257 2726 ;
1281 2679 1311 2707 »
1370 2656 1621 2730 populus
1653 2672 1668 2712 :
1703 2678 1733 2707 «
1777 2656 1887 2724 Ita,
1922 2656 2018 2712 Do-

2158 2651 2486 2726 ὶνευφημίαν
2520 2672 2533 2685 ’
2564 2676 2592 2703 ‹‹
2623 2652 2684 2709 Ὀ
2717 2654 2938 2727 βοηθῶν
2969 2652 3097 2714 τοὺς
3128 2651 3391 2718 δεσπότας
3420 2675 3429 2682 ·
3464 2678 3493 2708 ››
3537 2656 3564 2708 6
3613 2655 3748 2719 λαός
3775 2673 3791 2688 ⁶

389 2748 566 2804 mine.
591 2768 620 2797 ιι
633 2751 905 2803 Cantores
930 2763 943 2803 :
977 2745 1314 2802 «Auxilium
1335 2747 1734 2820 Augustarum
1761 2745 1773 2800 l
1797 2768 1826 2796 »
1850 2762 2022 2819 p0pu-

2158 2763 2176 2792 ἰ(
2210 2741 2304 2804 Εἷς
2348 2742 2376 2795 6
2415 2742 2566 2804 Θεός.
2602 2767 2624 2797 ι
2661 2743 2730 2799 Οἱ
2776 2743 3002 2818 κράκται
3026 2762 3038 2776 ·
3093 2767 3121 2797 (ί
3155 2745 3228 2798 Σὺ
3262 2743 3452 2807 αὐτοὺς
3513 2750 3686 2801 σῶσον
3714 2764 3726 2778 ⁸
3762 2772 3791 2800 ››

385 2837 522 2895 lus:
581 2858 612 2888 α
678 2838 834 2895 Deus
864 2854 946 2895 es.
981 2859 1010 2888 »
1033 2837 1344 2893 Cantores:
1380 2837 1510 2892 «Tu
1543 2838 1699 2908 ipsos
1737 2852 1902 2893 serva
1933 2851 1948 2904 ;
2003 2858 2018 2888 ›

2166 2828 2368 2892 ιλαός·
2413 2855 2441 2882 ‹‹
2498 2831 2624 2900 Ναὶ,
2653 2833 2840 2907 Κύριε,
2877 2855 2906 2884 η
2948 2833 3016 2891 Οἱ
3071 2833 3336 2908 κράκταιο
3378 2857 3407 2885 ‹‹
3453 2835 3513 2892 Ὁ
3577 2836 3799 2910 βοηθῶν

387 2927 640 3000 p0pulus
670 2945 685 2997 ;
713 2951 742 2980 ι(
775 2930 880 2997 Ita,
906 2930 1149 2984 Domine
1181 2926 1194 2982 ι
1231 2948 1261 2978 ››
1283 2927 1558 2983 Cantores
1580 2943 1594 2982 :
1620 2929 1727 2997 Tu,
1762 2927 1862 3000 qui
1894 2928 2020 2983 Por‘

2164 2924 2265 2983 ταῖς
2295 2920 2666 2995 Αὐγούσταις¹
2705 2945 2730 2972 ι)
2764 2922 2792 2976 6
2839 2920 3002 2984 λαός·
3037 2946 3064 2974 ‹‹
3099 2922 3193 2984 Εἷς
3227 2923 3254 2977 ὁ
3294 2921 3442 2987 Θεός.
3477 2946 3506 2976 ››
3547 2925 3610 2979 Οἱ
3659 2927 3797 2999 κρά-

384 3018 800 3090 phyrogenitos
859 3018 1102 3089 adjuvas
1135 3035 1150 3088 ;
1178 3043 1207 3069 ιι
1268 3016 1524 3088 populus
1557 3033 1572 3073 :
1633 3039 1662 3068 «
1699 3018 1850 3072 Deus
1882 3032 1964 3073 es.
1998 3037 2017 3066 ›ι

2161 3027 2278 3062 ιται·
2314 3033 2342 3061 ‹‹
2387 3010 2457 3063 Σὺ
2509 3009 2670 3072 αὐτὰς
2724 3015 2899 3064 σῶσον
2925 3029 2938 3043 ·
2974 3033 3001 3062 ››
3037 3011 3064 3064 ὁ
3096 3007 3227 3073 λαός
3252 3030 3265 3044 ·
3300 3035 3329 3064 ‹‹
3378 3011 3506 3081 Ναὶ,
3539 3013 3728 3087 Κύριε.
3765 3038 3794 3067 ››

385 3108 658 3162 Cantores
692 3125 705 3164 :
742 3129 771 3158 «
829 3107 916 3162 Tu
951 3108 1112 3178 ipsos
1143 3122 1310 3161 serva
1347 3121 1362 3172 ;
1408 3105 1658 3176 populus
1692 3122 1706 3161 :
1740 3127 1767 3157 «
1790 3106 1895 3173 Ita,
1936 3107 2018 3161 Do

2163 3097 2218 3154 Di
2249 3097 2475 3171 κράκται
2504 3116 2516 3133 °
2549 3124 2576 3150 ‹‹
2611 3104 2670 3156 Ὁ
2713 3100 2930 3174 βοηθῶν
2987 3105 3103 3162 τοῖς
3158 3105 3693 3178 πορφυρογεννήτοις
3717 3121 3730 3136 ·
3767 3127 3796 3156 »

388 3194 585 3250 mine!
617 3217 645 3246 ››
679 3197 990 3251 Cantores:
1029 3216 1054 3247 α
1089 3195 1194 3262 Qui
1223 3195 1425 3250 urbem
1451 3197 1660 3264 juvas;
1694 3216 1725 3245 »
1748 3193 2021 3266 populus:

2168 3192 2177 3242 ι
2211 3188 2361 3250 λαός·
2397 3215 2423 3241 u
2461 3188 2551 3252 Εἷς
2594 3191 2620 3244 ὁ
2655 3191 2785 3253 Θεὸς
2817 3233 2830 3246 .
2866 3213 2893 3240 ››
2925 3191 2988 3243 Oi
3027 3191 3275 3265 κράκταιο
3303 3192 3430 3246 «Σὺ
3460 3192 3661 3255 αὐτεὺς
3696 3198 3801 3247 σῶ-

389 3304 419 3334 ‹‹
467 3284 616 3339 Deus
640 3299 702 3340 es
738 3285 750 3340 ί
779 3307 801 3337 ι
829 3283 1138 3342 Cantores:
1163 3305 1192 3334 «
1217 3284 1303 3340 Tu
1337 3282 1522 3354 ipsam
1564 3299 1767 3352 serva;
1801 3305 1829 3334 ››
1861 3299 2022 3356 ροριιι

2168 3297 2261 3332 ιον·
2296 3302 2325 3329 »
2359 3279 2386 3332 6
2418 3277 2550 3341 λαός
2601 3301 2625 3332 α
2660 3278 2786 3348 Ναὶ,
2831 3279 3015 3352 Κύριε.
3045 3302 3071 3329 ››
3105 3279 3173 3336 0i
3220 3278 3468 3354 κράκταισ
3506 3305 3534 3334 (ι
3557 3282 3614 3334 Ὁ
3662 3283 3801 3356 βοη-

384 3371 480 3428 lus
510 3387 525 3428 :
561 3391 584 3422 ι
634 3373 742 3442 Ita,
767 3371 1038 3429 Domine!
1066 3395 1095 3422 »
1124 3373 1405 3430 Cantores
1440 3389 1507 3426 :«
1537 3372 1645 3436 Qui
1701 3373 2017 3444 prefectun

2167 3372 2254 3422 Ιῶν
2294 3373 2364 3442 τῇ
2395 3367 2577 3426 πόλει’
2613 3390 2641 3419 ››
2685 3368 2712 3422 6
2745 3367 2898 3428 λαός⁸
2949 3390 2970 3417 ε
3005 3368 3097 3430 Εἷς
3123 3369 3150 3423 6
3191 3367 3341 3426 Θιός.
3379 3393 3405 3420 ››
3434 3370 3502 3427 Oi
3550 3371 3800 3444 κράκται·

376 3462 587 3532 juvas;
621 3483 650 3512 »
675 3461 964 3533 populus:
999 3484 1028 3513 ι(
1052 3462 1206 3518 Deus
1233 3478 1294 3518 es
1323 3461 1337 3516 ι
1369 3484 1398 3512 ››
1429 3461 1706 3519 Cantores
1731 3479 1744 3518 :
1769 3485 1798 3513 «
1829 3462 1912 3517 Tu
1945 3463 2004 3534 ip

2161 3455 2272 3511 (Σὺ
2299 3455 2464 3525 αὐτὴν
2496 3460 2689 3510 σῶσον·
2726 3480 2754 3508 ››
2787 3457 2814 3510 6
2855 3453 3004 3516 λαός·
3036 3480 3063 3506 ι(
3097 3454 3225 3523 Ναὶ,
3272 3455 3460 3529 Κύριε.
3494 3480 3521 3512 α
3549 3459 3616 3516 0i
3667 3459 3794 3533 κρά-

383 3567 515 3606 sum
543 3565 699 3606 serva
718 3569 732 3620 ;
752 3572 780 3600 »
797 3550 1048 3622 populus
1074 3566 1088 3606 :
1115 3572 1145 3602 «
1170 3569 1188 3605 :
1206 3571 1234 3601 «
1256 3551 2016 3618 lta,Dominel»Cantores;

2150 3564 2281 3601 κται·
2325 3569 2346 3599 ι
2390 3547 2450 3603 Ὁ
2504 3546 2720 3619 βοηθῶν
2764 3548 2844 3616 τῷ
2900 3542 3149 3619 ἐπάρχῳ·
3182 3568 3210 3597 ››
3252 3544 3279 3598 6
3323 3543 3494 3607 λαός·
3530 3570 3558 3598 ‹‹
3610 3547 3706 3609 Εἷς
3756 3550 3783 3603 6

382 3663 411 3691 ‹‹
443 3640 549 3703 Qui
584 3639 866 3695 Uranium
899 3641 1139 3712 adjuvas
1168 3657 1182 3709 ;
1224 3661 1253 3692 »
1295 3640 1546 3713 populus
1578 3656 1592 3697 :
1631 3663 1653 3692 ι
1688 3642 1838 3697 Deus
1867 3642 1964 3698 es!
1997 3663 2015 3692 ι

2146 3636 2287 3700 Θεός.
2324 3659 2353 3688 ››
2384 3637 2451 3692 0i
2498 3635 2757 3710 κράκταιο
2785 3659 2811 3685 ‹‹
2866 3633 2942 3687 Σὺ
2991 3633 3150 3691 αὐτὸν
3180 3638 3351 3689 σῶσόν
3383 3635 3448 3672 ⁴δ·
3475 3658 3502 3688 ››
3537 3637 3564 3690 ὁ
3607 3635 3742 3700 λαός
3768 3657 3779 3670 ·

376 3729 694 3785 Cantores:
728 3753 757 3780 «
780 3731 1074 3800 Tuipsum
1099 3746 1293 3798 serva;
1319 3752 1348 3781 »
1363 3729 1614 3802 populus
1648 3745 1662 3786 :
1712 3751 1742 3780 «
1773 3733 1878 3798 Ita,
1915 3737 2009 3787 Do

2150 3750 2170 3778 κ
2205 3728 2327 3794 Ναὶ,
2360 3727 2541 3783 Κύριε.
2579 3751 2605 3778 ››
2639 3728 2703 3784 Oi
2755 3726 3000 3801 κράκται·
3035 3749 3061 3777 (ί
3112 3726 3172 3783 Ὁ
3224 3726 3440 3801 βοηθῶν
3486 3731 3566 3799 τῷ
3602 3727 3783 3803 Οὐρα-

374 3818 569 3874 minel
606 3843 628 3872 ι
665 3819 949 3890 (Prasini:
1005 3841 1035 3871 ‹‹
1082 3820 1190 3886 Qui
1220 3819 1574 3891 Olympium.
1609 3820 1663 3891 »)
1701 3819 1976 3876 Cantores

2150 3815 2231 3889 βίῳ
2252 3839 2278 3867 ››
2303 3817 2382 3890 (οἱ
2406 3815 2685 3890 Πράσινου
2712 3841 2740 3867 ‹‹
2763 3821 2848 3888 Τῷ
2882 3815 3173 3888 Ὀλυμπίῳ
3209 3818 3277 3888 »)·
3298 3817 3326 3870 6
3359 3814 3492 3878 λαός
3517 3862 3530 3875 .
3564 3841 3595 3870 ‹(
3628 3819 3724 3880 Εἷς
3755 3820 3783 3874 ὁ

374 3929 401 3956 α
422 3908 528 3974 Qui
558 3908 863 3964 Prasinum
896 3909 1135 3980 adjuvas
1162 3934 1176 3976 ;
1207 3931 1238 3960 »
1260 3910 1511 3978 (Prasini
1545 3927 1558 3966 :
1585 3929 1615 3960 ι(
1654 3910 1761 3972 Qui
1791 3908 2007 3965 Anatel-

2148 3907 2284 3968 Βεός.
2319 3929 2348 3959 ››
2381 3906 2448 3962 Οἱ
2478 3907 2724 3982 xpaixtat'
2747 3930 2775 3957 «
2801 3906 2875 3959 Σὺ
2908 3905 3065 3960 αὐτὸν
3101 3909 3291 3959 σῶσον·
3319 3908 3394 3960 »ὁ
3429 3902 3627 3969 λαός”‹‹
3653 3909 3781 3978 Ναὶ,

371 3997 588 4054 lontem
624 4017 639 4067 ;
677 4000 732 4070 »)
763 3998 1055 4070 populus:
1089 3999 1296 4054 «Deus
1345 4013 1485 4054 es.»
1517 4000 1823 4053 Cantores:
1849 4019 1878 4050 ‹‹
1901 3999 2004 4054 Ταε

2141 3995 2315 4069 Κύριε.
2350 4017 2380 4046 ››
2439 3995 2505 4051 Οἱ
2561 3996 2814 4070 κράκται·
2856 4018 2887 4046 ‹‹
2944 3995 3004 4050 Ὁ
3059 3996 3282 4068 βοηθῶν
3327 3999 3408 4067 τῷ
3455 3995 3699 4069 Εἷκασίῳ
3755 4022 3774 4050 ι

370 4086 566 4157 ipsum
598 4103 765 4143 serva
796 4089 808 4144 ι
845 4108 875 4137 ››
907 4086 1197 4160 populus:
1233 4108 1262 4138 ‹‹
1296 4088 1404 4157 Ita,
1461 4085 1742 4142 Domine!
1775 4107 1805 4137 »

2146 4083 2215 4155 [οἱ
2249 4083 2531 4158 Πράσινυι·
2566 4108 2594 4134 ‹‹
2631 4087 2723 4154 Τῷ
2755 4081 3145 4140 Ἀνατὲλλοντι
3182 4086 3254 4158 ι)⁶
3288 4083 3316 4138 6
3348 4081 3514 4145 λαός·
3554 4108 3576 4138 ι
3625 4086 3718 4146 Εἷς
3752 4088 3779 4141 6

2130 4174 2280 4234 Θεός,
2315 4196 2342 4225 ››
2367 4174 2430 4227 Οἱ
2460 4171 2709 4249 κράκται·
2737 4195 2764 4225 ι(
2797 4171 2873 4227 Σὺ
2903 4172 3064 4228 αὐτὸν
3095 4177 3289 4228 σῶσονσ
3313 4196 3341 4226 ››
3371 4174 3400 4228 ὁ
3432 4172 3776 4248 λαός·»Ναὶ,

2129 4260 2314 4335 Κύριε.
2347 4284 2377 4314 ››

438 4354 508 4408 ΙΙ.
532 4351 749 4407 Deinde
767 4350 916 4408 alius
946 4355 1150 4406 cantor
1177 4349 1479 4423 ingressus
1504 4351 1676 4407 verba
1699 4368 1833 4408 eum
1851 4356 2016 4409 ante-
2049 4383 2071 4448 Ι

2197 4352 2274 4409 Β’.
2354 4352 2483 4408 Εἶτα
2541 4351 2846 4427 εἰσέρχεται
2916 4349 3101 4426 ἕτερος
3164 4352 3404 4428 κράκτης
3472 4355 3564 4409 καὶ
3633 4352 3778 4431 λέγει

363 4441 710 4497 cedentibus
757 4441 1164 4513 conjungenda
1220 4441 1428 4498 recitat
1469 4458 1483 4496 :
1515 4461 1543 4491 α
1573 4442 1680 4508 Qui
1713 4442 1992 4499 Dominos

2151 4441 2225 4510 τήν
2286 4442 2612 4519 συνάφειαν;
2676 4465 2704 4493 ‹‹
2758 4443 2819 4499 Ὁ
2882 4443 3102 4516 βοηθῶν
3155 4443 3284 4504 τοὺς
3335 4439 3622 4512 δεσπότας,
3661 4451 3784 4507 ταῖς

365 4532 685 4598 Augustas,
760 4529 1327 4601 Porphyrogenitos,
1365 4529 1593 4602 urbem,
1651 4533 1984 4604 prafectum

2144 4529 2486 4604 ὶύγούσταις,
2544 4537 2663 4593 τοῖς
2718 4532 3268 4607 πορφυρογεννήτοις,
3329 4535 3396 4605 τῇ
3462 4531 3646 4601 πόλει,
3698 4535 3777 4606 τῷ

363 4615 668 4682 Uranium,
694 4616 938 4688 (Prasini
963 4635 976 4674 :
1004 4640 1031 4668 «
1064 4618 1424 4692 Olympium,
1452 4623 1503 4690 ν)
1527 4621 1797 4688 lcasium,
1855 4623 1996 4694 (Pra-

2138 4621 2375 4694 ἑπάρχῳ,
2417 4624 2494 4690 τῷ
2546 4620 2797 4694 Οὖρανίῳ
2827 4643 2852 4675 ιι
2909 4622 2984 4691 (οἱ
3028 4619 3284 4695 Πράσινοι
3311 4639 3325 4653 ·
3359 4645 3387 4672 ‹‹
3420 4620 3516 4694 Τῷ
3559 4621 3771 4696 Ὀλυμ-

363 4704 477 4760 sini
513 4721 525 4758 :
560 4705 1046 4776 «Anatellontem,
1076 4709 1364 4779 nadjuvas
1398 4727 1463 4778 ς»
1498 4710 1771 4782 populus:
1806 4733 1835 4762 «
1859 4711 1996 4767 Deut

2138 4709 2231 4783 τίῳ
2264 4714 2339 4783 ››),
2365 4733 2392 4761 ‹‹
2423 4713 2502 4781 τῷ
2533 4707 2773 4782 Εῒκασίῳ
2802 4730 2829 4763 ι
2863 4710 2941 4783 (οἱ
2974 4711 3233 4785 Πράσινοι
3259 4729 3272 4742 '
3308 4734 3338 4763 ‹‹
3369 4712 3463 4782 Τῷ
3511 4710 3771 4769 ’Δνατὲλ-

363 4807 445 4848 es.
482 4815 510 4842 »
543 4795 823 4850 Cantores
855 4811 868 4850 :
897 4818 926 4845 «
958 4797 1042 4852 Tu
1063 4796 1221 4867 ipsos
1244 4814 1443 4867 serva;
1479 4821 1507 4848 »
1528 4802 1820 4872 pepulus:
1851 4802 1986 4856 «Ita

2142 4818 2271 4854 \OVtt
2297 4801 2371 4871 »)-
2397 4799 2424 4851 6
2465 4796 2620 4860 λαόςσ
2645 4821 2674 4850 ‹‹
2709 4799 2803 4862 Εἷς
2833 4799 2861 4852 6
2893 4799 3041 4861 Θεός.
3077 4821 3106 4850 ››
3137 4799 3205 4856 Οἱ
3244 4801 3490 4873 κράκταιο
3517 4824 3545 4851 ‹‹
3567 4799 3643 4856 Σὺ
3674 4801 3775 4856 αὐ-

363 4883 626 4940 Domine.
657 4905 685 4934 »
717 4883 991 4941 Cantores
1025 4901 1089 4940 :«
1153 4886 1222 4942 N.
1283 4886 1352 4942 N.
1386 4904 1734 4960 magnorum
1786 4890 1996 4963 princi-

2143 4888 2246 4950 ςοὺς
2277 4893 2472 4943 σῶσον·
2493 4912 2520 4940 ››
2544 4889 2572 4942 6
2596 4885 2750 4950 λαός¹
2779 4910 2808 4939 ‹‹
2831 4888 2961 4958 Ναὶ,
2986 4887 3169 4963 Κύριε.
3195 4913 3216 4940 ι
3253 4889 3320 4945 0i
3369 4891 3616 4964 κράκται·
3653 4913 3681 4944 α
3715 4891 3776 4948 Ὀ

363 4988 498 5043 pum
530 4979 589 5029 et
636 4974 1053 5043 imperatorum
1086 4973 1100 5028 ι
1167 4996 1194 5023 υ
1225 4975 1516 5046 populus:
1554 5000 1582 5028 ‹‹
1620 4978 1880 5047 Domine,
1911 4997 1996 5036 eo:

2144 4982 2267 5034 ἰεῖνα
2321 4978 2412 5032 καὶ
2471 4979 2498 5033 6
2556 4976 2703 5033 δεῖνα
2761 4975 3018 5053 μεγάλων
3064 4975 3334 5053 βασιλέων
3363 4980 3453 5033 καὶ
3502 4981 3777 5055 αὐτοκρα-

362 5062 596 5133 adjuva.
628 5085 657 5114 »
688 5064 909 5121 Deinde
924 5065 1074 5122 alius
1095 5069 1298 5121 cantor
1320 5066 1515 5132 intrat,
1535 5067 1735 5126 dicens
1769 5071 1995 5127 :«Sem«

2139 5068 2293 5143 τύρων
2317 5086 2330 5101 ⁸
2363 5091 2392 5120 »
2429 5068 2456 5122 6
2489 5065 2622 5128 λαός
2647 5083 2662 5098 ·
2698 5091 2726 5118 ‹‹
2757 5065 2945 5142 Κύριε,
2984 5068 3192 5141 βοήθει.
3218 5090 3247 5119 ››
3283 5069 3417 5124 Εἶτα
3466 5068 3772 5146 εἰσέρχεται

361 5167 482 5221 per,
515 5169 769 5226 semper,
806 5177 834 5204 ››
850 5156 1162 5226 Cantores;
1190 5177 1218 5204 ‹‹
1240 5153 1512 5226 Superior
1541 5156 1622 5211 sis
1655 5167 1707 5213 et
1728 5158 1943 5215 victor!
1973 5182 1994 5210 ›ι

2144 5178 2300 5233 τερος
2359 5158 2622 5232 κράκτης,
2663 5157 2752 5210 καὶ
2812 5154 2980 5230 λέγει’
3008 5180 3037 5208 ‹‹
3081 5155 3215 5218 Ἰοὺς
3266 5156 3368 5226 ἀεὶ,
3413 5157 3494 5212 ἀεί
3544 5160 3610 5215 ⁴⁹.
3649 5183 3676 5211 ››
3709 5161 3776 5217 0i

361 5241 658 5312 populus:
694 5264 724 5294 ‹‹
773 5246 1078 5316 Perpetuo,
1111 5259 1143 5300 ο
1193 5243 1559 5300 clarissime!
1613 5268 1642 5296 ››
1687 5247 1994 5305 Cantores:

2141 5246 2363 5323 :pa'txuv.‘
2400 5270 2428 5299 ‹‹
2466 5247 2742 5321 Προτόνου
2775 5244 2865 5301 καί
2894 5249 3068 5316 νικᾷς”
3091 5268 3120 5298 ››
3152 5246 3180 5299 6
3204 5245 3356 5308 λαός·
3391 5272 3419 5299 ‹‹
3454 5248 3547 5311 Εἷς
3587 5248 3671 5304 ἀεὶ
3701 5250 3774 5319 ⁵ο,

360 5329 641 5401 «Sancte,
693 5335 783 5388 ter
813 5337 1030 5400 sancte,
1091 5332 1329 5389 victoria
1376 5333 1647 5389 Veneta!
1700 5335 1993 5407 (Prasini:

2144 5333 2394 5410 ὖδόκιμε.
2416 5359 2444 5388 >>
2466 5337 2534 5394 Oi
2586 5338 2830 5410 κράκται·
2858 5357 2884 5390 ι
2919 5337 3095 5410 Ἄγις,
3127 5335 3395 5412 τρισάγιε,
3418 5335 3542 5408 νίκη
3585 5337 3665 5401 εἰς
3713 5341 3777 5394 τὸ

359 5438 388 5467 ‹‹
449 5418 719 5477 Prasinm.
753 5424 807 5491 ››>
835 5422 1151 5481 Cantores:
1185 5445 1213 5474 «
1248 5421 1498 5481 Domina
1527 5422 1774 5496 Deipara
1808 5441 1823 5493 ;
1853 5448 1872 5474 ι
1899 5442 1992 5497 po-

2142 5424 2340 5481 ιένέτον
2392 5449 2422 5478 ››
2485 5425 2537 5480 oi
2598 5425 2878 5499 ῙΙράσινοι’
2923 5447 2953 5479 «
3018 5423 3114 5486 Εἰς
3155 5424 3218 5478 τὸ
3280 5426 3545 5499 Πράσινον
3603 5428 3673 5501 ι),
3709 5427 3775 5484 Οἱ

1717 5550 1957 5608 νΑΒΙιΕ
1996 5553 2410 5611 LECTIONES.

368 5665 848 5798 magis???
885 5689 916 5796 ῗ
921 5673 976 5730 (1⁸
1053 5667 1426 5799 asangm"
1455 5669 1883 5752 Ε”δίαπρέπδιν
1915 5679 2008 5740 edo
2081 5679 2130 5718 ⁴⁸
2158 5675 2306 5749 αὖτῷ
2357 5679 2530 5733 σῶσον
2585 5681 2714 5738 cod.
2744 5681 2803 5738 h.
2844 5680 2884 5738 l.
2919 5683 2976 5738 et
3020 5681 3104 5738 sic
3154 5679 3328 5754 paulo
3372 5686 3503 5755 post
3578 5680 3626 5717 ‘9
3656 5682 3769 5756 ἀὶςι

602 5781 616 5796 .
766 5761 789 5794 ε
817 5761 880 5795 σα
906 5762 972 5796 τα
1010 5760 1074 5799 co
1122 5783 1136 5799 ,

602 5781 616 5796 ο
691 5760 736 5777 ’ν
766 5760 972 5796 εισαιτα
1010 5760 1136 5802 οοα.
