4160 6304
294 336 400 402 665

1138 344 1242 404 DE
1286 343 1744 408 CERJMONIIS
1785 347 2021 412 AULE
2061 348 2531 417 ΒΥΖΑΝΊῚΝίΕ
2572 359 2720 421 LIB.
2767 362 2814 424 Ι.

3593 379 3711 442 646

289 471 545 547 κράκται·
583 494 616 522 ‹‹
642 469 904 526 Δέσποινα
933 472 1214 527 Θεοτόκεη»
1252 474 1280 528 6
1313 471 1466 537 λαός·
1493 475 1652 546 «Ναὶ,
1683 475 1948 533 Δέσποινα

2067 482 2238 553 pulus
2270 501 2284 540 :
2319 507 2349 536 «
2377 488 2522 558 Imo,
2553 491 2791 552 domina
2825 496 3085 571 Deipara,
3115 503 3354 562 victoria
3382 507 3642 569 Venetis!
3679 535 3708 564 »

306 558 553 631 Θεοτόκε,
582 558 711 630 νίκη
745 557 821 620 sic
859 560 921 614 τὸ
974 561 1196 616 Βένετον
1217 585 1245 614 ››
1281 563 1358 634 (οἱ
1391 563 1674 638 Πράσινοι·
1697 589 1725 619 ι(
1760 565 1852 628 Εἰς
1899 568 1962 622 τὸ

305 650 567 724 Πράσινον
611 653 688 720 »).
741 649 807 706 Οἱ
873 649 1125 720 κράκται·
1184 672 1206 702 ι
1256 653 1368 708 Τοῦ
1428 657 1662 727 σταυροῦ
1719 655 1754 723 ἡ
1803 652 1964 708 δύνα-

309 757 422 814 μις·
459 764 490 791 ι»
515 741 543 794 6
577 737 731 802 λαός·
768 761 796 790 ‹‹
828 739 935 795 Ναὶ
963 743 1062 794 τοῦ
1093 743 1328 815 σταυροῦ
1387 744 1421 809 ἠ
1473 739 1722 815 δύναμις,
1762 742 1882 811 νίκη
1914 745 1962 779 5‘

303 825 422 905 ἔχει
471 829 536 884 τὸ
593 829 810 884 Βὲνετον
843 851 872 880 ››
932 829 984 882 οἱ
1016 829 1292 902 Πράσινοι·
1339 853 1368 882 ››
1401 831 1560 907 Ἔχει
1591 833 1636 867 ⁸³
1665 831 1728 885 τὸ
1758 831 1961 906 Πράσιο

296 940 388 974 νον
440 922 521 994 η).
584 919 653 976 Οἱ
708 917 958 991 κράκται·
1021 941 1048 971 ‹‹
1090 923 1230 974 Θεοῦ
1275 920 1377 988 τὴν
1431 920 1588 988 νίκην
1620 918 1772 998 ἔχεις
1801 922 1864 956 ss.
1897 921 1961 975 τό

298 1007 600 1084 πρόσωπόν
659 1028 776 1078 σου,
827 1007 1054 1082 Οὐράνιε
1108 1032 1129 1060 ι
1193 1009 1266 1082 (οἱ
1338 1012 1614 1083 ΙΙράσινοι·
1674 1031 1696 1060 ι
1751 1008 1960 1084 Ὀλύμ-

290 1119 386 1154 πιε
417 1114 494 1172 υ).
527 1098 596 1156 Οἱ
625 1096 871 1172 κράκται·
915 1120 944 1149 ι(
977 1095 1134 1167 ’Όλη
1169 1094 1357 1168 δείλης
1388 1102 1650 1175 σήμερον·
1684 1121 1710 1154 ι
1748 1100 1775 1154 6
1826 1097 1960 1162 λαὸς

295 1187 376 1243 ἔσ·
416 1211 446 1240 ‹‹
481 1185 636 1257 ’Όλη
672 1184 858 1257 δείλης
890 1189 1152 1264 σήμερον·
1207 1186 1350 1258 καλή
1411 1209 1507 1242 σου
1559 1186 1750 1259 δείλης
1810 1188 1958 1264 γίνε-

287 1297 409 1334 ται.
443 1300 474 1329 υ
508 1276 576 1334 Οἱ
604 1274 851 1350 κρίκται·
886 1297 912 1329 ι
945 1275 1165 1348 Κύριοι,
1196 1274 1404 1332 πολλοὶ
1447 1276 1586 1351 ,ὑμῖν
1622 1275 1839 1353 χρόνοι·
1873 1300 1902 1329 ››
1928 1278 1958 1332 6

291 1364 459 1428 λαός·
496 1388 525 1418 ‹‹
559 1363 770 1421 Πολλοὶ
789 1363 918 1436 ὑμῖν
939 1365 1134 1439 χρόνοι
1165 1388 1195 1418 ››
1220 1366 1298 1438 (οἱ
1325 1367 1608 1441 Πράσινοι·
1647 1389 1675 1422 ι
1701 1369 1858 1441 Ἀγιε
1881 1370 1955 1437 ››).

290 1457 402 1513 Καὶ
449 1452 965 1530 εῗσὲρχεταιὲτερος
1015 1455 1256 1529 κράκτης
1286 1455 1377 1510 καὶ
1440 1455 1609 1532 λέγει·
1657 1480 1686 1509 ‹‹
1721 1457 1776 1512 Ὀ
1808 1454 1954 1512 δεῖνα

289 1546 388 1602 καὶ
425 1545 453 1600 6
486 1542 634 1600 δεῖνα
685 1542 936 1618 μεγάλων
971 1542 1238 1618 βασιλέων
1293 1545 1385 1600 καὶ
1451 1545 1886 1622 αὐτοκρατόρων·
1921 1571 1944 1601 ι

289 1639 319 1692 6
367 1635 532 1699 λαός·
581 1659 610 1688 ιι
674 1633 922 1704 Θεοτόκε,
985 1634 1196 1710 βοήθει.
1252 1659 1283 1690 »
1331 1636 1398 1694 Ol
1453 1637 1700 1710 xpéxtat’
1736 1661 1764 1690 «
1799 1637 1890 1698 Εἷς
1921 1639 1950 1692 6

290 1727 454 1796 Θεὸς,
515 1726 578 1780 σὺ
637 1724 832 1787 αὑτοὺς
891 1728 1085 1780 σῶσον·
1148 1750 1178 1779 »
1209 1727 1237 1782 6
1286 1724 1440 1789 λαός·
1477 1751 1505 1780 ‹‹
1537 1728 1662 1797 Ναὶ,
1697 1728 1882 1803 Κύριε.
1917 1749 1948 1778 ››

2077 573 2322 671 (Prasini
2358 594 2371 632 :
2406 601 2436 628 «
2471 581 2834 658 Prasinisl»)
2865 592 3136 649 Cantores
3167 611 3181 650 :
3218 617 3247 647 ‹‹
3279 597 3481 654 Crucis
3516 613 3712 671 palen-

2073 661 2185 730 tia;
2217 684 2245 714 ››
2279 667 2567 737 populus:
2602 693 2630 721 «
2664 677 2785 730 Imo
2804 679 2991 734 crucis
3016 683 3269 750 potentia
3294 685 3308 740 Ξ
3335 661 3569 743 victoria
3596 689 3711 744 Ve-

2071 756 2266 841 netam
2312 755 2618 815 factionem
2671 761 2890 835 habet;
2925 789 2954 818 »
2995 774 3244 841 (Prasini
3331 795 3355 826 ι
3407 777 3709 835 Prasinam

2072 837 2268 940 habet.
2288 845 2348 940 ἒξ)
2379 845 2651 940 cantores
2684 869 2696 905 :
2732 875 2761 903 «
2792 854 2895 911 Dei
2925 837 3225 919 victoriam
3258 864 3428 922 habet
3457 885 3708 940 persona

2075 933 2193 998 tua,
2223 948 2255 987 ο
2288 932 2494 1025 Ujanie
2527 939 2538 993 l
2585 962 2614 989 »
2661 942 2912 1014 (Prasiui
2947 965 2959 1001 :
3015 973 3044 1000 «
3078 951 3383 1025 Olympiel
3420 932 3707 1015 »-Caulo-

2071 1034 2163 1074 ree
2194 1034 2279 1119 :.«
2311 1023 2454 1080 Tota
2483 1027 2719 1119 victoria
2767 1033 2875 1091 hac
2915 1023 3165 1110 vespera,
3180 1023 3285 1099 tibi
3317 1047 3596 1119 contingit
3629 1067 3643 1117 ;
3679 1072 3708 1102 »

2071 1109 2325 1204 populus
2356 1129 2370 1168 :
2406 1136 2434 1163 «
2473 1116 2673 1175 Omnis
2711 1121 2812 1178 tibi
2859 1109 3032 1184 hodie
3080 1147 3146 1186 ac
3186 1133 3430 1204 pulchra
3468 1109 3709 1198 victoria

2069 1199 2376 1299 contingit.
2406 1225 2434 1254 »
2467 1205 2742 1299 cantores
2775 1227 2794 1266 :
2827 1234 2856 1263 ‹‹
2891 1215 3068 1273 Multa
3097 1199 3263 1278 vobis
3291 1229 3572 1299 tempore,
3604 1230 3711 1286 do-

2069 1289 2209 1383 mini
2246 1288 2260 1345 l
2292 1311 2323 1340 »
2355 1294 2603 1365 papulus
2637 1313 2650 1352 :
2699 1320 2728 1349 ‹‹
2757 1299 2942 1358 Multa
2980 1308 3142 1364 vobis
3171 1288 3434 1383 tempora
3464 1316 3477 1371 l
3513 1288 3712 1376 »Ῥη-

2066 1377 2182 1475 sini
2216 1393 2232 1434 :
2269 1399 2297 1430 ιι
2339 1383 2594 1475 sancte!
2630 1407 2661 1436 »
2705 1389 2872 1446 Alius
2905 1393 3116 1452 deinde
3165 1377 3368 1457 cantor
3421 1405 3622 1475 intrat,
3663 1413 3721 1466 et

2065 1466 2208 1522 dicit
2239 1485 2252 1523 :
2287 1491 2316 1519 «
2349 1469 2417 1526 N.
2449 1480 2511 1566 et
2537 1473 2603 1530 N.
2639 1491 2985 1551 magnorum
3017 1487 3353 1559 principum
3379 1496 3435 1547 et
3464 1466 3716 1566 impera-

2061 1572 2256 1628 torum
2291 1576 2305 1627 ;
2342 1561 2591 1632 pupulus
2644 1581 2658 1620 :
2709 1587 2734 1619 ι
2777 1569 3046 1645 Deipara,
3087 1574 3198 1632 hos
3241 1580 3474 1650 adjuva.
3507 1561 3720 1641 »ὀδυ-

2063 1657 2215 1707 tores
2242 1670 2255 1707 :
2288 1675 2316 1702 «
2345 1654 2494 1709 Deus
2516 1670 2600 1720 es,
2625 1665 2681 1710 tu
2709 1658 2867 1730 ipsos
2899 1680 3060 1720 serva
3087 1684 3102 1730 ;
3131 1689 3159 1716 »
3195 1672 3450 1740 populus
3475 1690 3489 1728 :
3516 1695 3544 1724 «
3570 1675 3715 1745 lmo,

2060 1739 2326 1798 Domine.
2363 1765 2391 1793 »
2434 1744 2729 1802 Postremo
2776 1760 3100 1820 praecentor
3133 1774 3148 1810 :
3193 1739 3223 1808 ‹ν‹
3258 1739 3344 1816 ita
3380 1762 3475 1818 dic
3505 1769 3563 1818 et
3603 1739 3710 1838 fac,

292 1818 443 1874 Εἶτα
487 1814 640 1890 λέγει
672 1815 700 1868 6
737 1814 997 1889 κράκτης·
1047 1839 1068 1867 ιι
1124 1815 1230 1873 Ναὶ
1259 1815 1378 1870 εἷπε
1406 1817 1497 1872 καὶ
1528 1817 1673 1873 ποίει
1701 1818 1764 1872 τὸ
1796 1817 1948 1892 ἀγω-

2067 1833 2314 1888 Uranius
2345 1834 2512 1902 agat!
2551 1855 2577 1887 ιι
2611 1814 2833 1893 Prasini
2862 1858 2876 1894 :
2909 1865 2937 1892 «
2969 1814 3309 1917 Olympius!
3345 1814 3560 1923 »ἀιὶηᾘ

288 1913 416 1981 γεῖν
449 1905 499 1943 ⁵⁴
529 1909 609 1971 τῷ
639 1903 889 1979 Ούρανίῳ
919 1928 948 1956 ››
988 1905 1063 1977 (οἱ
1088 1906 1370 1980 Πράσινοι·
1405 1931 1434 1958 ‹‹
1456 1910 1546 1979 Τῷ
1576 1905 1948 1980 Ὀλυμπίῳ››)·

291 2021 319 2048 α
356 1994 449 2050 ναὶ
511 1994 628 2050 sine
676 1993 766 2048 καὶ
824 1992 968 2048 ποίει
1017 1994 1080 2049 τὸ
1139 1995 1372 2072 ἀγωγεῖν
1433 2001 1512 2068 τῷ
1544 1996 1780 2068 Ε’κασίῳ
1827 1997 1956 2070 «(oi

291 2084 588 2160 Πράσινοι·
626 2107 653 2134 ‹‹
678 2085 774 2155 Τῷ
811 2081 1279 2158 ⁷Ανατὲλλοντι»)·
1315 2085 1344 2138 ὁ
1375 2082 1564 2147 λαός·‹‹
1599 2085 1779 2142 Καλὸν
1822 2086 1958 2161 ἀγῶ-

289 2192 379 2230 να·
420 2198 449 2226 ››
483 2174 552 2232 Οἱ
583 2173 835 2236 κράκται.
873 2197 902 2226 ‹‹
963 2171 1055 2237 Εἷς
1085 2175 1112 2229 6
1145 2173 1297 2242 Θεὸς,
1358 2174 1419 2228 σὺ
1461 2173 1656 2236 αὐτοὺς
1700 2179 1889 2230 σῶσον.
1925 2197 1954 2226 ››

286 2269 314 2322 6
351 2263 521 2326 λαός·
559 2288 587 2315 ‹‹
621 2264 753 2332 Ναὶ,
805 2262 986 2338 Κύριε·
1027 2289 1048 2315 ι
1110 2264 1329 2332 ⁷Ιστὲον,
1371 2263 1454 2319 ὅτι
1511 2264 1577 2319 τὰ
1641 2265 1776 2320 αὐτὰ
1824 2264 1958 2322 ἄκτα

289 2355 390 2411 καὶ
425 2352 628 2423 ἡαότὴ
687 2352 937 2426 εὐφημία
988 2350 1237 2429 λέγονται
1295 2353 1384 2408 καὶ
1432 2352 1518 2408 ἐπὶ
1573 2359 1670 2408 τοῦ
1691 2353 1951 2431 ἱπποδρο.

291 2444 434 2514 μὶου
476 2439 557 2503 εἷς
598 2440 662 2496 τὸ
721 2439 921 2514 στάμα,
970 2438 1138 2516 ἤγουν
1189 2442 1267 2504 εἰς
1294 2441 1358 2496 τὸ
1390 2447 1433 2496 ll
1464 2443 1532 2511 π,
1565 2439 1828 2512 δηλονότι
1855 2446 1956 2498 τοῦ

296 2531 568 2606 ὑπάρχου
628 2528 990 2602 καθεζομένου
1049 2529 1125 2594 εἰς
1153 2531 1214 2585 τὸ
1263 2530 1522 2604 κάθισμα,
1563 2527 1687 2586 ἔνθα
1736 2532 1763 2585 6
1790 2531 1878 2586 καὶ
1909 2532 1956 2567 ⁸⁸

296 2618 635 2692 ἄκτουάριος
655 2619 886 2678 ἱσταται.

423 2707 562 2780 Περὶ
595 2711 691 2760 τοῦ
718 2707 875 2764 αὐτοῦ
908 2705 1308 2784 ἱπποδρομίου,
1340 2713 1459 2773 πῶς
1484 2707 1566 2765 δεῖ
1602 2708 1833 2767 κυλίειν·

387 2867 503 2942 Πρὸ
553 2870 646 2922 τοῦ
695 2869 918 2934 ἱππικοῦ
990 2869 1196 2945 γίνεται
1246 2871 1281 2938 ἡ
1339 2891 1539 2945 πομπη
1599 2876 1704 2927 τῶν
1743 2869 1950 2943 ἵππων,

305 2959 509 3028 καὶτῷ
558 2956 699 3033 πρώΐ
751 2957 956 3022 τίθεται
1021 2962 1056 3029 ἡ
1101 2958 1228 3034 δρνα
1283 2959 1359 3022 εἷς
1417 2961 1508 3016 τὸν
1568 2963 1816 3034 καμπτὸν
1855 2967 1952 3017 τοῦ

303 3046 554 3115 Βενέτου,
587 3047 677 3102 καὶ
744 3047 1102 3124 κατέρχονται
1135 3051 1187 3105 οἱ
1243 3054 1351 3107 τῶν
1389 3047 1487 3105 δύο
1515 3056 1692 3128 μερῶν
1725 3054 1950 3129 ἡνίοχοι

298 3136 416 3210 ἅμα
473 3141 585 3192 τῶν
657 3131 1131 3216 κουεινογράφων,
1205 3139 1517 3216 φορούντων
1606 3142 1778 3198 αὐτῶν
1841 3147 1948 3198 τῶν

2070 1919 2327 1976 Icasiusl
2364 1922 2653 1994 »(Prasim
2685 1941 2699 1979 :
2740 1945 2762 1976 σ
2790 1930 3092 1986 Anatellon
3125 1933 3296 2005 agat!
3329 1919 3390 2006 »ᾗ
3417 1919 3664 2010 ροριιΙιῖε
3699 1947 3714 1986 ε

2067 2032 2097 2060 ‹‹
2144 2012 2449 2084 Egregium
2509 2018 2823 2072 certamen.
2856 2039 2884 2068 »
2924 2019 3200 2079 Cantores
3235 2042 3248 2080 :
3284 2048 3312 2076 ‹‹
3350 2026 3502 2085 Deus
3533 2045 3614 2098 es,
3651 2035 3714 2086 tu

2066 2099 2228 2172 ipsos
2257 2101 2456 2158 serval
2491 2124 2520 2154 »
2556 2105 2807 2178 pepulus
2841 2126 2854 2162 :
2888 2129 2918 2158 κ
2947 2109 3090 2182 Imo,
3128 2114 3366 2172 Domine
3400 2116 3412 2170 l
3447 2139 3477 2168 »
3511 2119 3713 2176 Scien-

2067 2189 2207 2243 dum
2236 2195 2345 2258 est,
2378 2192 2582 2248 eadem
2611 2201 2738 2250 acta
2769 2197 2918 2254 205
2954 2201 3308 2275 easdemque
3340 2206 3715 2266 acclamatio-

2066 2295 2167 2334 nes
2197 2279 2370 2336 etiam
2404 2281 2464 2337 in
2498 2283 2844 2342 decursione
2873 2288 2932 2343 in
2965 2291 3219 2348 statione
3242 2309 3344 2350 seu
3375 2296 3425 2352 il
3457 2297 3710 2369 recitari,

2065 2369 2336 2438 praefecto
2359 2370 2416 2426 in
2448 2375 2856 2442 consessu,ubi
2887 2379 3185 2438 actuarius
3215 2400 3446 2456 quoque
3462 2391 3592 2458 stat,
3617 2404 3711 2445 se-

2065 2458 2256 2515 dente.

2179 2705 2263 2759 De
2290 2704 2490 2762 eadem
2517 2709 2858 2836 aecursiczte‘,
2891 2710 3152 2782 quomodo
3180 2721 3348 2771 sortes
3375 2688 3598 2774 misceri

2789 2801 2818 2834 e
2856 2791 3002 2836 eant.

2789 2791 3002 2838 εοεαηι.

2133 2869 2284 2923 Ante
2305 2867 2709 2926 decursionem
2731 2874 3021 2941 processio
3042 2891 3326 2947 equorum
3353 2880 3700 2953 instituitur,

2063 2971 2326 3027 urnaque
2355 2957 2414 3014 in
2446 2966 2598 3015 meta
2621 2964 2847 3016 Venetae
2870 2963 3136 3020 factionis
3168 2983 3337 3023 mane
3369 2970 3578 3040 posita,
3603 2987 3703 3026 an-

2061 3044 2202 3116 rigae
2231 3048 2539 3120 utriusque
2570 3049 2761 3120 gregis
2782 3067 2915 3107 cum
2947 3054 3481 3128 combinographis,
3516 3075 3710 3116 arme-

2062 3133 2250 3191 lausia
2298 3135 2576 3193 Venetum
2623 3139 2938 3212 albumque
2968 3146 3026 3198 et
3059 3145 3276 3201 massia
3314 3149 3707 3218 gestantibus,

297 3220 772 3303 κομϐινοφράφων
807 3227 1146 3302 ἁρμελαύσια
1195 3232 1305 3303 (‘26)
1359 3229 1565 3304 βένετον
1603 3232 1692 3287 καὶ
1755 3231 1946 3288 λευκὸν

2067 3224 2424 3283 discalceatis
2445 3236 2716 3298 praeterea
2731 3235 2787 3285 et
2809 3231 3328 3290 chartocalamaria
3355 3237 3707 3303 ferentibus,

293 3315 383 3370 καὶ
419 3315 488 3369 τὰ
541 3315 739 3387 μασσία
769 3318 905 3386 (27),
972 3313 1140 3373 ὄντων
1197 3317 1372 3374 αὐτῶν
1429 3321 1519 3375 καὶ
1568 3319 1944 3394 ἀνυποδήτων,

301 3404 661 3478 βαστάζοντες
716 3403 806 3459 καὶ
891 3405 1408 3484 χαρτοκαλαμάρια,
1480 3408 1570 3463 καὶ
1651 3407 1950 3481 κυλιούσης

307 3499 410 3562 τῆς
444 3490 634 3567 ὄρνας,
667 3495 782 3548 οἷον
816 3493 1076 3569 ἐκβάλλει
1108 3496 1378 3575 σφαιρίον,
1413 3495 1663 3568 ὀνολάζει
1691 3499 1784 3553 τὸν
1821 3521 1956 3573 μεσ-

300 3583 610 3658 αρίστερον.
683 3583 787 3642 Καὶ
828 3584 918 3640 ’ὀτε
967 3583 1308 3658 πληρώσωσι
1367 3588 1436 3642 τὰ
1496 3585 1537 3642 δ’
1598 3589 1744 3662 βαὶα,
1794 3589 1954 3664 ἀπὲρ-

306 3691 502 3747 χονται
535 3672 615 3738 εἰς
640 3676 708 3728 τὰ
747 3673 1090 3750 ὀρνατούρια,
1120 3676 1211 3730 καὶ
1265 3681 1482 3732 ποιοῦσι
1511 3678 1573 3732 τὸ
1631 3677 1796 3752 πέρας
1850 3686 1953 3748 τῆς

305 3758 602 3835 κομὸίνας,
635 3761 724 3816 καὶ
755 3763 1128 3838 ἀνερχομένου
1145 3770 1243 3820 τοῦ
1297 3764 1589 3840 βασιλέως,
1649 3766 1953 3823 ἀπολύουσι

304 3851 373 3908 τὰ
395 3848 641 3922 citi-ama,
672 3853 763 3908 καὶ
798 3849 1010 3908 ’ἰσταται
1069 3855 1098 3909 6
1132 3853 1494 3931 μαξιλλάριος
1553 3857 1629 3917 εἰς
1660 3857 1750 3912 τὸν
1783 3855 1954 3912 τόπον

292 3939 467 3995 αὐτοῦ
527 3939 620 3996 καὶ
678 3941 730 3995 0".
776 3937 870 3997 δύο
927 3943 1222 4017 θεωρηταὶ,
1293 3945 1370 4006 εἷς
1429 3942 1488 3998 ἐκ
1545 3941 1731 4015 δεξιῶν
1763 3944 1954 4026 αὐτοῦ,

292 4031 383 4085 καὶ
440 4030 515 4092 εἷς
567 4028 617 4102 ἐξ
670 4030 986 4104 εὐωνύμων,
1063 4033 1424 4108 βαστάζοντες
1479 4035 1550 4090 τὰ
1613 4032 1950 4109 καλαμάρια,

292 4118 399 4181 ’ἕως
434 4119 498 4174 οὗ
537 4119 742 4193 mm
771 4122 905 4194 (28).
944 4119 1048 4177 Καὶ
1104 4125 1202 4177 τοῦ
1262 4127 1396 4178 Θεοῦ
1444 4124 1823 4198 παρασχόντος
1853 4125 1953 4193 τήν

292 4208 478 4281 νίκην,
551 4209 685 4282 μετὰ
749 4210 814 4265 τὸ
863 4203 1049 4267 λαϐεῖν
1089 4211 1158 4266 τὰ
1205 4207 1416 4276 ἔπαθλα
1471 4213 1805 4288 ἀπέρχονται
1875 4213 1950 4276 εἷς

294 4299 391 4362 τὰς
425 4299 615 4373 Θύρας,
658 4299 748 4356 καὶ
799 4299 938 4372 μετὰ
991 4301 1090 4369 τήν
1142 4298 1542 4376 συμπλήρωσιν
1561 4306 1670 4357 τῶν
1703 4301 1746 4356 δ’
1780 4301 1949 4378 βαΐων

298 4383 613 4445 ἐκϐαίνουσι
671 4389 738 4444 τὰ
793 4386 1008 4464 ἅρματα
1061 4393 1170 4446 τῶν
1229 4391 1594 4463 νικησάντων,
1637 4393 1951 4471 φορούντων

2057 3316 2434 3384 descendunt,
2493 3321 2568 3386 et,
2605 3333 2747 3374 urna
2787 3319 3025 3391 agitata,
3068 3323 3400 3397 quicunque
3429 3326 3704 3398 globulus

2065 3405 2285 3472 exierit,
2344 3405 2394 3460 is
2448 3409 2860 3463 mesarislerum
2934 3411 3152 3482 (quasi
3219 3415 3478 3470 medium
3547 3417 3703 3472 sini-

2063 3497 2272 3559 strum)
2291 3495 2613 3550 constituit.
2638 3499 2894 3559 Quatuor
2925 3500 3135 3568 palmis
3165 3503 3485 3572 completis,
3510 3506 3580 3560 ad
3615 3522 3708 3560 ur-

2064 3581 2286 3638 natoria
2309 3582 2542 3648 abeunt,
2567 3585 2884 3640 terminum
2917 3587 3203 3642 combinse
3235 3591 3472 3655 faciunt,
3497 3599 3574 3656 et,
3599 3593 3707 3648 im-

2064 3675 2329 3742 peratore
2345 3672 2672 3740 accedente,
2707 3672 2927 3744 diippia
2942 3675 3174 3730 solvunt
3208 3694 3222 3730 :
3255 3678 3618 3735 maxillarius
3649 3681 3710 3736 in

2064 3762 2190 3818 loco
2219 3777 2350 3830 suo,
2371 3777 2402 3816 θ
2432 3761 2661 3816 duobus
2683 3761 3110 3832 inspectoribus
3143 3781 3296 3822 unus
3324 3769 3395 3822 ad
3418 3769 3704 3836 dextram,

2064 3849 2209 3904 alter
2237 3851 2306 3904 ad
2347 3848 2642 3904 sinistram
2676 3855 2853 3917 stant,
2886 3855 2943 3905 et
2980 3852 3316 3924 calamaria,
3369 3857 3704 3928 usquedum

2061 3939 2254 3994 velum
2298 3939 2683 4007 extenderint,
2729 3943 2980 4008 gestant.
3027 3942 3336 4013 Postquam
3369 3961 3504 4000 vero
3555 3946 3707 4002 Deus

2063 4029 2359 4084 victoriam
2392 4025 2698 4094 concessit,
2731 4031 2788 4082 et
2817 4030 3036 4100 aurigae
3067 4037 3301 4102 praemia
3326 4033 3573 4090 victorias
3605 4052 3703 4092 ac-

2063 4136 2284 4188 cepere,
2317 4120 2388 4175 ad
2421 4121 2641 4191 jeuuae
2669 4119 2905 4183 abeunt,
2955 4121 3259 4193 completis
3299 4140 3427 4182 vero
3457 4132 3708 4198 quatuor

2063 4209 2292 4280 palmis,
2342 4225 2551 4265 currus
2604 4208 2894 4265 victorum
2963 4212 3434 4285 progrediuntur,
3493 4217 3706 4290 aurigae

2063 4301 2300 4372 prtemia
2330 4297 2561 4371 publica
2581 4297 2794 4368 ferunt,
2819 4299 2891 4354 ad
2918 4306 3132 4356 metam
3163 4303 3416 4359 Prasinaa
3444 4304 3706 4364 Venetae-

2062 4410 2173 4466 que
2202 4389 2468 4448 factionis
2508 4388 2840 4457 deflectunt,
2877 4389 3087 4447 deinde
3116 4393 3188 4448 ad
3221 4396 3521 4469 proprium
3565 4417 3698 4474 ενο-

1666 4519 1909 4577 νΑΡιΙΕ
1939 4517 2351 4578 LECTIONES.

367 4625 411 4663 ⁸¹
441 4623 594 4698 νίκην
622 4620 771 4706 ἔχεις
802 4629 894 4685 ed.
972 4629 1018 4664 ⁸³
1043 4621 1191 4703 ἔχεις
1220 4628 1313 4686 ed.
1389 4628 1433 4664 ⁸⁸
1471 4624 1588 4704 ἔχει
1621 4629 1774 4700 conj.
1817 4630 1880 4686 Β.
1957 4629 2007 4664 ⁵⁸
2029 4627 2253 4703 ἀγωγὴν
2299 4623 2427 4682 cod.
2472 4623 2526 4679 h.
2561 4621 2600 4676 l.
2630 4615 2691 4678 et
2717 4636 2869 4677 mox.
2945 4622 2992 4658 ⁵⁵
3022 4623 3098 4687 εἷς
3122 4629 3166 4689 Η
3187 4629 3278 4686 ed.
3353 4631 3400 4669 ⁵⁸
3446 4634 3535 4693 καὶ
3584 4653 3702 4696 om-

295 4700 425 4754 cod.

1323 4827 1520 4886 JOAN.
1560 4826 1704 4884 JAC.
1747 4825 2005 4885 REISKII
2045 4818 2631 4884 COMMENTARIUS.

361 4941 482 5016 (26)
513 4940 701 5016 Vestis
729 4942 941 5010 brevis,
971 4943 1132 4998 velut
1161 4960 1392 5016 sagum,
1416 4945 1636 5016 absque
1669 4945 1938 5001 manicis.
1978 4948 2022 5013 ι)

294 5013 423 5068 Vid.
459 5014 616 5088 infra
642 5014 974 5088 dicendap.
1007 5016 1132 5088 387.
1163 5013 1310 5080 Quid
1348 5013 1690 5072 autem—sint
1723 5016 1938 5088 μασσία,

290 5100 407 5141 non
451 5083 1142 5161 novi._Xap-roaa).apa'zpta
1170 5093 1311 5161 sunt
1353 5088 1532 5161 thecas
1562 5083 1782 5144 chartis
1815 5083 1940 5161 per;

289 5157 558 5231 gemenis
613 5156 816 5231 (χᾴρτη
875 5156 1145 5231 θηίὶιι’ἱῃ
1195 5157 1304 5216 hoc
1353 5156 1945 5231 libropergameham

291 5229 499 5304 notat),
533 5228 867 5304 et_calarnis
887 5231 1090 5304 plena.
1115 5230 1262 5294 Quid
1298 5228 1784 5304 piﬁt‘llqiptoé‘sjt,
1809 5231 1945 5304 edo-

291 5302 404 5353 ceri
426 5299 699 5374 ‘abualiis
728 5299 921 5374 cupid.
959 5303 1126 5358 Forte
1165 5306 1305 5374 erat,
1339 5302 1436 5373 qui
1473 5299 1552 5354 τδί
1585 5299 1941 5374 μαξιλλάρια,

289 5371 607 5456 cervicalia.
637 5373 981 5442 pulvinaria,
1015 5374 1226 5456 populo
1257 5371 1503 5456 inIcirco
1534 5371 1761 5456 sedenti
1806 5371 1944 5456 sub:

293 5444 617 5518 ste_r_nebat,
642 5449 756 5518 aut
775 5460 878 5518 pro
912 5447 1176 5501 mercede
1195 5445 1438 5518 locabat,
1464 5451 1585 5518 aut,
1608 5447 1761 5518 quod
1799 5444 1942 5502 mihi

294 5513 537 5589 quidem,
566 5513 938 5589 probabilius
958 5517 1206 5584 videtur,
1241 5517 1338 5588 qui
1367 5513 1643 5573 maxillis_
1662 5533 1944 5589 equorum

295 5584 648 5659 circensium
697 5586 773 5643 ad
813 5587 1088 5645 factiones
1141 5584 1555 5659 pertinentium
1608 5584 1755 5645 ἴθι-[ὀ
1803 5605 1944 5646 can-

297 5653 466 5732 dente
505 5661 708 5714 notam
739 5659 1027 5732 cujusque
1057 5653 1326 5732 factionis
1355 5659 1629 5718 inurebat
1659 5678 1675 5728 ;
1707 5659 1822 5718 vid.
1855 5661 1943 5717 Du

299 5728 485 5798 Gange
532 5744 588 5785 v.
639 5728 884 5788 maxilla
927 5728 982 5790 et
1027 5731 1346 5801 maxillam,
1376 5732 1478 5790 ubi
1519 5733 1779 5791 redditur
1817 5749 1944 5786 στο-

2102 4944 2344 4997 οκοπεῖν.
2375 4937 2499 4993 Non
2549 4933 2705 4990 enim
2747 4940 2968 5006 putem.
3010 4941 3141 4999 illos
3183 4943 3449 5002 homines
3519 4947 3696 5004 fuisse

2089 5012 2313 5086 ημίους,
2371 5007 2838 5086 οιιτηὶβοθειῃιιὶ
2898 5020 3096 5070 sontes
3149 5018 3386 5072 naribus
3433 5023 3490 5072 et
3519 5017 3692 5074 labiis

2054 5080 2389 5161 trtitilareut
2404 5080 2847 5161 etstigma‘tibus
2870 5089 3443 5161 notaren_t,_quamvis
3460 5090 3691 5161 suppli-

2055 5161 2144 5217 cia
2167 5159 2237 5211 de
2266 5153 2533 5210 sontibus
2559 5168 2619 5208 1n
2651 5151 2802 5209 circo
2832 5165 3066 5218 sumpta
3096 5151 3278 5214 fuisse
3306 5151 3579 5219 constest.

2124 5227 2238 5301 (27)
2271 5227 2440 5303 Forte
2514 5223 2754 5303 clavas,_
2797 5225 3112 5303 signiﬁcat,
3174 5221 3409 5303 ῥόπαλα,
3471 5238 3545 5303 ut
3588 5247 3696 5289 vox

2053 5294 2487 5370 Francogallica
2502 5310 2695 5350 masse.
2717 5294 2804 5350 Du
2827 5294 3018 5367 Cange
3038 5294 3223 5355 Glos's.
3255 5301 3378 5355 Lat.
3397 5294 3695 5359 servientes

2053 5374 2123 5430 ad
2151 5374 2364 5427 clavam
2394 5372 2827 5437 intrepretatur,
2858 5383 3116 5435 sergcaus
3148 5375 3186 5426 ὰ
3206 5389 3407 5426 massa.

2124 5445 2252 5517 (28),
2275 5441 2492 5510 Nempe
2529 5436 2632 5498 τις.
2664 5436 2835 5492 άοηεσ
2871 5455 3144 5517 mappam,
3173 5444 3379 5517 aliquis
3407 5445 3688 5514 extendat,

2053 5514 2405 5585 explicitum,
2446 5524 2758 5585 expensam
2794 5516 3098 5585 monstret.
3133 5514 3232 5585 Vel
3265 5517 3618 5583 potestatem?

2053 5538 2405 5585 Θιριιοιιδιω,
2446 5538 2758 5576 cap-ausum
2794 5538 3098 5566 usuuau‘ut.
3146 5538 3232 5568 VB]
3265 5538 3456 5583 μυιϐδι
3482 5538 3618 5573 πετα

2053 5585 2423 5643 intransitive
2468 5578 3131 5662 accipizvsubintellecto
3177 5584 3334 5662 ἑαυτό
3373 5538 3692 5662 (nempeoz-g

2095 5656 2260 5730 ἧλον)
2311 5671 2413 5727 Ριτ,
2467 5651 2712 5722 πετασθῇ
2772 5668 2788 5710 :
2847 5652 3004 5725 quod
3064 5671 3182 5714 non
3247 5651 3510 5719 insolens
3533 5651 3694 5723 'huio

2079 5731 2224 5787 ibro.
