4136 6302
475 322 590 383 647

1523 300 2073 373 CONSTANTlNl
2117 297 2806 360 POBPHYROGENITI

3765 298 3882 358 668

472 468 603 525 gem
627 451 894 517 redeunt,
926 445 1292 505 iactionarios
1329 445 1591 508 sumunt,
1615 457 1681 496 ac
1721 438 2003 495 saltantes
2041 435 2113 491 ad

2255 432 2335 482 ’ὧν
2378 425 2620 503 ἡνιόχων
2671 425 2738 481 τὰ
2805 421 3068 497 δημόσια,
3099 424 3191 478 καὶ
3241 426 3565 498 κάμπτουσι
3633 431 3880 500 καμπτόν

474 551 684 598 metam
719 540 992 605 Prasinaa,
1026 542 1090 592 ut
1126 552 1301 609 supra
1338 532 1610 598 diximus,
1657 529 1968 584 divertunt.
2003 527 2110 582 Po-

476 636 694 686 stremo
719 630 788 684 ad
815 628 1117 684 stationem
1138 642 1199 681 se
1231 623 1558 686 conferunt,
1590 617 1893 675 descendit
1921 621 2114 672 actua-

474 719 616 789 rius,
640 735 738 774 eos
769 716 1036 782 dimittit,
1056 714 1139 770 sic
1170 713 1304 768 etin
1336 708 1632 782 publicum
1666 706 1950 763 saltantes
1981 720 2112 777 pro-

475 808 706 863 cedunt.

737 1059 808 1114 De
839 1057 1003 1128 bigis,
1037 1054 1304 1129 quomodo
1332 1054 1588 1110 ordinari
1615 1052 1868 1130 debeant.

545 1148 603 1205 Si
648 1153 945 1204 certamen
996 1150 1288 1217 equestre,
1323 1143 1421 1198 ubi
1471 1143 1786 1214 imperator
1821 1141 2119 1205 adoratur,

478 1236 821 1303 instituitur,
844 1236 993 1307 bigas
1022 1236 1080 1289 in
1114 1235 1304 1305 primo
1335 1232 1591 1298 critario,
1615 1231 1817 1302 bigarii
1847 1233 1906 1288 in
1937 1230 2120 1286 curri-

476 1327 609 1392 bus,
647 1330 820 1394 stant,
847 1331 904 1381 et
931 1325 1285 1395 imperatore
1313 1322 1599 1389 veniente,
1622 1326 1874 1392 quatuor
1893 1321 2125 1398 aurigae

483 1415 794 1479 accedunt,
819 1429 1027 1469 aureas
1053 1411 1201 1482 pilas
1224 1415 1534 1482 occupant,
1559 1414 1616 1464 et
1636 1411 1770 1465 inde
1794 1408 2032 1476 reversi,
2053 1409 2124 1463 ad

482 1521 620 1560 suas
651 1503 838 1558 lineas
858 1502 1122 1557 redeunt.
1159 1499 1384 1568 Postea,
1409 1499 1572 1569 signo
1596 1497 1667 1554 ab
1690 1497 1946 1553 actuario
1969 1498 2126 1563 dato,

487 1610 692 1649 rursus
740 1591 978 1657 intrant,
1030 1589 1320 1644 armillam
1366 1603 1601 1643 auream
1634 1594 1894 1657 sumunt,
1925 1603 1992 1643 ac
2039 1603 2128 1643 re-

485 1683 732 1738 deuntes
767 1695 899 1735 cum
941 1677 1162 1734 facibus
1201 1677 1272 1733 ad
1315 1675 1593 1732 factiones
1631 1677 1936 1745 accedunt,
1969 1676 2134 1747 bigae

481 1787 614 1826 vero
661 1769 897 1825 abeunt.
933 1765 1143 1838 Bigarii
1198 1769 1402 1833 vestes,
1451 1768 1731 1822 Venetam
1783 1783 1956 1832 unus,
1991 1767 2135 1822 alter

483 1857 812 1934 Prasinam.
832 1856 942 1912 alis
973 1855 1142 1926 quasi
1175 1854 1518 1924 instructas,
1544 1869 1572 1908 ο
1603 1855 1973 1911 centunculis
2004 1872 2135 1912 con-

481 1949 684 2015 fectas,
721 1948 874 2003 206
921 1963 954 2002 a
997 1951 1150 2016 tergo
1195 1946 1264 2000 ad
1313 1945 1543 2000 lumbos
1577 1960 1782 2016 usque,
1817 1961 1920 2017 pro
1951 1946 2134 2018 galeis

475 2053 611 2093 vero
644 2035 1006 2092 cametaueia
1037 2051 1067 2090 e
1095 2033 1458 2090 centunculis
1489 2038 1740 2105 gestant.

2222 517 2493 594 Πρασίνου
2541 515 2631 572 καὶ
2694 512 3069 586 Βενὲτου,καὲ
3130 511 3386 589 ἔρχονται
3442 514 3526 577 εἷς
3583 514 3679 570 τὸν
3751 515 3878 575 ἴδιον

2224 608 2428 684 δῆμον,
2460 611 2547 666 καὶ
2599 608 2879 684 ἐπαίρουσι
2930 607 3058 670 τοὺς
3109 605 3377 682 δημότας,
3435 606 3534 662 καὶ
3597 608 3879 675 σάσσοντες

2221 704 2587 772 κάμπτουσιν,
2675 699 2749 762 ὡς
2830 699 3176 774 προείρηται,
3233 697 3489 769 καμπτὸν
3587 698 3872 771 Πρασίνου.

2226 788 2326 846 Καὶ
2397 785 2653 863 ἔρχονται
2714 787 2790 848 εἷς
2860 787 2924 842 τὸ
2997 787 3193 859 στάμα,
3269 785 3358 839 καὶ
3447 783 3781 860 κατέρχεται
3854 791 3879 844 6

2225 877 2567 952 ἆκτουάριος,
2637 877 2727 932 καὶ
2803 874 3033 931 ἀπολόεῖ
3091 875 3308 945 αὐτοὺς,
3361 875 3458 930 καὶ
3521 874 3878 950 κατέρχονται

2229 968 2563 1043 χομεύοντες
2596 967 2671 1028 εἰς
2701 967 2764 1022 τὸ
2787 963 3080 1040 δημόσιον.

2407 1057 2542 1130 Ηερί
2566 1061 2672 1111 νῶν
2705 1057 2919 1131 βηγῶν,
2961 1058 3078 1117 πῶς
3099 1051 3182 1109 δεῖ
3205 1053 3370 1115 αὐτὰς
3402 1056 3711 1111 τελεῖσθαι.

2299 1149 2553 1204 Ἱππικοῦ
2645 1143 2913 1221 ἀγομένου
3015 1143 3499 1219 προσκυνησίμου,
3595 1143 3653 1198 αἱ
3727 1143 3878 1219 βῆγες

2229 1233 2479 1291 ’ίστανται
2530 1234 2607 1296 εἷς
2663 1236 2726 1289 τὸ
2765 1238 2982 1308 πρῶτον
3042 1233 3341 1309 κριτάριον,
3404 1232 3502 1287 καὶ
3537 1233 3594 1286 οἱ
3626 1233 3877 1307 βηγάριοι

2234 1324 2416 1384 ἐπάνω
2444 1327 2551 1378 τῶν
2583 1323 2862 1398 ἁρμάτων,
2895 1322 2988 1377 καὶ
3045 1321 3424 1396 ἆνερχομένου
3465 1323 3570 1376 τοῦ
3604 1320 3881 1396 βασιλέως,

2237 1408 2581 1486 ἐμϐαίνουσιν
2621 1412 2672 1467 οἱ
2705 1409 2746 1466 δ’
2777 1413 3006 1488 ἡνίοχοι
3051 1410 3144 1466 καὶ
3199 1406 3557 1483 λαμϐάνουσι
3611 1410 3681 1465 τὰ
3721 1416 3886 1486 χρυσᾶ

2238 1502 2441 1558 πισσία·
2493 1503 2584 1557 καὶ
2645 1502 2984 1578 στρέφονται,
3041 1501 3131 1556 καὶ
3174 1498 3424 1556 ’ίστανται
3482 1499 3694 1564 εἰςτὰς
3750 1497 3880 1563 ἰδίας

2243 1589 2562 1667 διασφαγάς.
2630 1589 2730 1646 Καὶ
2790 1589 2888 1645 εἶθ’
2956 1589 3130 1651 οὕτως
3211 1588 3353 1644 νεύει
3439 1591 3469 1644 6
3553 1589 3888 1664 ἀκτουάριος,

2243 1683 2330 1736 καὶ
2390 1679 2554 1737 πάλιν
2607 1679 2950 1754 εἰσέρχονται
3010 1678 3100 1734 καὶ
3161 1673 3551 1751 λαμϐάνουσιν
3614 1677 3720 1733 ἀπὸ
3764 1675 3888 1751 ψελ-

2247 1770 2371 1826 λίου
2399 1771 2446 1806 ⁵⁷
2478 1772 2590 1844 (29)
2647 1766 2876 1844 χρυσοῦ,
2926 1769 3014 1822 καὶ
3079 1765 3522 1843 ὑποστρέφοντες
3571 1764 3893 1840 ἐκφωτίζου-

2249 1881 2330 1914 σιν
2521 1858 2607 1914 ἐπὶ
2655 1859 2781 1920 τοὺς
2833 1855 3065 1929 δήμους,
3121 1858 3208 1912 καὶ
3253 1851 3607 1911 ἐκϐαίνουσιν
3641 1857 3696 1910 αἱ
3726 1857 3883 1932 βῇγες

2245 1952 2496 2026 Φοφοῦσι
2529 1945 2585 2003 δὲ
2641 1949 2694 2001 oi.
2746 1947 3006 2023 βηγάριοι
3039 1946 3252 2020 ἱμάτια,
3285 1945 3313 2000 6
3349 1945 3455 2019 μὲν
3487 1947 3563 2007 εἷς
3595 1946 3833 2013 Βένετον,
3862 1946 3886 2000 6

2245 2036 2302 2093 δὲ
2329 2035 2511 2112 ἕτερος
2544 2035 2835 2113 Πράσινον,
2892 2031 3090 2110 ἔχοντα
3137 2032 3320 2110 ὥσπερ
3378 2035 3589 2110 πτερὰ,
3638 2035 3741 2110 ἀπο
3797 2054 3898 2090 κεν-

481 2123 808 2181 το·3κλων⁵⁸
863 2120 1200 2199 ὲρῥαμμὲνα,
1264 2119 1485 2176 ὄπισθεν
1534 2121 1610 2185 εἷς
1659 2123 1754 2183 τας
1805 2124 1942 2198 ψόας
1993 2125 2192 2199 αὐτῶν,
2246 2129 2359 2182 ἀντὶ
2419 2126 2474 2182 δὲ
2538 2123 2831 2182 κασσιδίων
2893 2128 3119 2202 φοροῦσι
3168 2121 3526 2197 καμελαύκια
3554 2122 3892 2180 κεντουκλὲῖὲ-

482 2236 549 2271 να
576 2217 642 2272 ⁵9.

493 2309 626 2363 Acta
653 2315 771 2378 post
798 2305 1089 2362 victoriam
1126 2304 1186 2359 in
1226 2303 1409 2360 eodem
1448 2306 1752 2362 certamine
1779 2315 2142 2378 reportatum.

575 2399 618 2453 Ι.
660 2399 793 2453 Post
839 2395 1098 2468 palmam
1130 2397 1448 2451 secundam
1482 2400 1752 2452 cantores
1786 2415 1799 2452 :
1835 2420 1863 2448 «
1898 2399 2134 2468 Multos,

505 2486 741 2555 mullos,
787 2483 1044 2541 multos!
1099 2506 1128 2533 »
1183 2485 1481 2556 populus:
1518 2507 1544 2534 »
1588 2485 1798 2541 Multos
1846 2505 2031 2544 annos
2080 2488 2140 2543 in

497 2578 751 2633 multus!
793 2597 820 2625 »
854 2575 1169 2630 Cantores:
1208 2596 1228 2622 ι
1259 2573 1440 2628 Multa
1456 2574 1620 2629 vobis
1648 2579 1928 2646 tempora,
1949 2576 2140 2634 divina

502 2663 810 2735 majestas!
837 2662 1079 2733 (Prasini
1103 2679 1116 2714 :
1142 2685 1170 2712 ‹‹
1195 2662 1702 2734 Propugnaculum
1725 2664 2029 2720 Trinitatis
2051 2667 2062 2721 l
2089 2665 2143 2738 η)

504 2754 756 2826 populus
805 2758 890 2809 ter
929 2771 941 2807 :
989 2774 1010 2800 ι
1052 2751 1228 2807 Multa
1257 2752 1417 2807 vobis
1447 2756 1714 2824 tempora
1745 2777 1767 2805 ι
1801 2755 1811 2809 l
1845 2753 2093 2826 (Prasini
2122 2773 2135 2810 :

506 2866 534 2894 ‹‹
593 2847 802 2898 Sancte
830 2864 859 2893 »
904 2840 943 2913 l)
994 2842 1316 2898 Cantores:
1369 2862 1396 2891 ‹‹
1440 2840 1620 2898 Multa
1662 2843 1828 2899 vobis
1859 2852 2140 2916 tempora,

504 2931 572 2988 N.
627 2932 694 2988 N.
748 2932 1141 2989 Romanorum
1191 2930 1574 3003 imperatores
1607 2932 1620 2987 l
1655 2953 1684 2982 »
1717 2932 1967 3003 populus
2009 2939 2095 2989 ter
2128 2952 2140 2990 :

510 3044 530 3072 α
570 3022 754 3077 Multa
787 3021 949 3077 vobis
987 3019 1296 3092 tempora!
1338 3042 1360 3069 ι
1403 3019 1654 3091 (Prasini
1685 3039 1698 3077 :
1737 3043 1765 3072 ‹‹
1796 3023 2006 3078 Sancte
2033 3045 2061 3073 »
2103 3022 2142 3092 l)

507 3110 783 3165 Cantores
809 3127 822 3165 :
848 3107 1083 3164 «Multa
1103 3107 1266 3162 vobis
1285 3115 1564 3178 tempora,
1589 3109 1790 3164 famuli
1823 3109 2057 3164 Domini
2081 3108 2094 3164 !
2117 3131 2146 3158 »

505 3197 754 3270 populus
793 3203 881 3252 ter
921 3212 933 3250 :
971 3219 1000 3247 «
1033 3196 1218 3250 Multa
1246 3194 1409 3250 vobis
1441 3201 1705 3267 tempora
1736 3195 1748 3250 l
1783 3218 1810 3247 »
1847 3197 2094 3268 (Prasini
2131 3214 2144 3254 :

509 3309 530 3335 α
566 3285 816 3342 Sancte!
866 3285 922 3356 ι)
961 3285 1239 3341 Cantores
1289 3299 1302 3338 :
1357 3306 1386 3334 «
1427 3283 1607 3341 Multa
1653 3285 1817 3341 vobis
1859 3290 2143 3359 tempora,

501 3375 570 3433 N.
630 3375 697 3430 Ν.
760 3376 1031 3446 Augustaa
1079 3371 1524 3429 Romanorum!
1587 3395 1616 3424 »
1674 3373 1924 3448 populus
1983 3380 2074 3432 ter
2128 3394 2149 3432 :

509 3487 536 3514 «
571 3463 747 3519 Multa
771 3465 936 3520 vobis
969 3469 1231 3535 tempora
1262 3463 1274 3518 Ξ
1314 3485 1341 3513 ››
1372 3467 1393 3533 (
1423 3463 1646 3520 Prasini
1680 3481 1694 3521 :
1727 3487 1754 3515 ‹‹
1789 3466 1999 3521 Sancte
2032 3488 2060 3515 »
2113 3465 2156 3526 Ι)

507 3554 786 3611 Cantores
814 3570 826 3608 :
865 3575 894 3604 ‹‹
926 3553 1156 3608 Domini
1188 3553 1348 3609 orbis
1380 3561 1689 3621 terrarum,
1723 3554 2006 3626 suscipite
2035 3558 2156 3611 Ve—

508 3650 674 3698 netos
704 3643 1042 3715 precantes!
1081 3664 1110 3692 »
1144 3643 1163 3713 (
1195 3643 1422 3699 Prasini
1450 3659 1463 3696 :
1497 3664 1525 3693 «
1551 3641 1826 3700 Prasinos
1859 3642 1948 3714 ἔ»)
1973 3660 2156 3717 popu-

506 3732 602 3788 lus
631 3737 717 3788 ter
749 3751 761 3787 :
814 3755 842 3782 ‹‹
870 3732 1074 3788 Sancte
1107 3732 1120 3786 ι
1156 3753 1184 3782 ››
1234 3731 1514 3789 Cantores
1546 3748 1559 3787 :
1600 3755 1619 3781 ι
1657 3731 1730 3787 Ut
1769 3733 1917 3789 servi
1952 3749 2157 3805 rogare

505 3822 838 3878 audemus!
900 3844 928 3871 »
977 3820 1226 3893 populus
1287 3825 1373 3878 ter
1415 3838 1429 3877 :
1494 3844 1516 3870 α
1552 3822 1801 3890 Sancte;
1857 3844 1878 3872 ι
1928 3821 2153 3878 Prasini

507 3909 796 3966 similiter.
847 3913 1122 3967 Cantores
1171 3927 1249 3975 ;«
1303 3910 1448 3966 Cum
1492 3910 1700 3967 timore
1756 3911 2026 3968 dominos
2058 3913 2150 3967 in-

506 4000 653 4056 tueri
683 4001 961 4056 audemus
995 4017 1009 4068 ;
1053 3999 1304 4072 pOpulus
1329 4004 1419 4055 ter
1449 4015 1463 4054 :
1498 4021 1527 4049 ‹‹
1566 4000 1778 4055 Sancte
1811 3998 1823 4054 l
1863 4021 1891 4049 »
1926 4001 2153 4056 Prasini

508 4089 798 4147 similiter.
848 4089 1126 4145 Cantores
1160 4113 1175 4145 :
1207 4111 1236 4140 «
1275 4088 1476 4144 Merito
1518 4088 1876 4144 invocamini
1911 4089 2154 4145 beneﬁci

510 4177 842 4250 principes!
905 4199 933 4227 »
979 4177 1232 4248 populus
1277 4184 1413 4232 ter:
1467 4198 1495 4225 «
1543 4175 1798 4232 Sancte!
1856 4198 1885 4226 »
1933 4177 2158 4233 Prasini

505 4266 797 4320 similiter.
829 4269 1104 4320 Cantores
1146 4279 1160 4318 :
1195 4285 1223 4313 ‹‹
1256 4264 1340 4319 Ad
1373 4279 1574 4336 preces
1608 4281 1906 4322 servorum
1933 4274 2161 4322 vestro-

513 4352 1044 4420 rumVenetorum;
1075 4374 1102 4402 »
1127 4353 1372 4425 populus
1395 4357 1485 4408 ter
1513 4369 1526 4408 :
1555 4373 1584 4405 «
1612 4354 1823 4411 Sancte
1847 4351 1859 4408 ι
1886 4377 1913 4404 ››
1934 4356 2160 4411 Prasini

511 4440 798 4497 similiter.
857 4444 1132 4498 Cantores
1183 4459 1195 4498 :
1237 4465 1264 4494 ι(
1298 4442 1538 4500 Praemia
1595 4445 1776 4499 servis
1832 4444 2067 4514 vestris,
2109 4443 2159 4499 si

507 4530 754 4602 jubetis,
792 4551 820 4579 »
866 4530 1115 4602 populus
1150 4536 1235 4588 ter
1266 4548 1279 4588 :
1315 4555 1341 4582 ‹‹
1375 4533 1622 4589 Sancte!
1660 4556 1688 4582 ››
1733 4534 1947 4589 Prasini
1997 4533 2159 4589 simi-

516 4621 676 4676 liter.
708 4620 986 4677 Cantores
1019 4639 1031 4676 :
1081 4644 1107 4671 ‹‹
1154 4624 1411 4690 Domine,
1450 4641 1612 4681 serva
1650 4623 1920 4680 dominos
1950 4625 2161 4680 Roma-

2402 2311 2576 2364 "Axu
2605 2306 2711 2361 ἀπὸ
2742 2306 2899 2376 νίκης
2941 2304 3016 2365 εἰς
3037 2305 3099 2360 τὸ
3128 2302 3261 2358 αὐτὸ
3282 2305 3329 2341 ⁸ο
3358 2300 3766 2378 ἱπποδρόμιον.

2258 2399 2332 2454 Α’.
2374 2397 2512 2453 Ἀπὸ
2569 2399 2666 2450 τοῦ
2725 2391 2977 2470 δευτέρου
3030 2395 3189 2467 βαῖου
3248 2392 3509 2469 λέγουσιν
3564 2394 3618 2447 οἱ
3665 2392 3894 2466 κράκται·

2252 2510 2280 2538 ‹‹
2314 2485 2529 2553 Πολλὰ,
2560 2482 2768 2554 πολλὰ,
2801 2481 3006 2539 πολλά·
3039 2506 3067 2536 n
3095 2484 3124 2539 6
3153 2482 3304 2544 λαός·
3357 2508 3386 2536 ‹‹
3448 2481 3648 2539 Πολλὰ
3693 2477 3784 2551 ἔτη
3823 2482 3886 2540 εἰς

2250 2573 2456 2631 πολλά.
2490 2599 2520 2626 ››
2551 2575 2617 2632 Oi
2647 2575 2896 2648 κράκται·
2937 2593 2959 2623 α
2996 2570 3206 2629 Ηολλοῖ
3240 2572 3367 2645 ὑμῖν
3401 2574 3630 2648 χρόνοι,
3659 2574 3695 2641 ἡ
3735 2569 3892 2635 ἔνθεος

2255 2661 2561 2738 βασιλεία»
2596 2663 2668 2735 (οἱ
2723 2661 2998 2736 Πράσινοι.
3057 2683 3085 2714 ι(
3115 2661 3189 2718 Τὸ
3243 2657 3566 2734 πρόϐλημα
3618 2661 3719 2729 τῆς
3745 2657 3891 2733 Τριά-

2257 2749 2369 2812 δος·
2408 2753 2458 2824 ν)
2489 2749 2578 2806 καὶ
2612 2752 2639 2806 6
2672 2749 2805 2811 λαὸς
2837 2749 2896 2805 ἐκ
2923 2751 2986 2826 γ’·
3032 2774 3059 2801 ‹‹
3109 2747 3319 2805 ΠολΛοὶ
3353 2749 3490 2822 ὑμῖν
3539 2748 3736 2824 χρόνοι
3769 2771 3795 2798 ››
3825 2746 3891 2816 (οἳ

2253 2840 2537 2916 Πράσινοι·
2577 2861 2603 2894 α
2631 2841 2791 2916 ’Ἀγοε
2825 2845 2893 2910 ι).
2917 2839 2979 2892 0i.
3000 2839 3248 2914 κράκται.
3281 2861 3310 2891 ››
3343 2835 3571 2894 Πολλοὶ
3613 2838 3741 2911 ὑμῖν
3771 2833 3888 2913 χρό-

2253 2951 2356 2984 νοι.
2411 2930 2438 2984 ὁ
2500 2926 2642 2983 δεῖνα
2682 2925 2772 2982 καί
2821 2928 2850 2981 6
2899 2924 3046 2982 δεῖνα
3095 2925 3502 3002 αὐτοκράτορες
3533 2924 3836 2998 Ῥωμαίων·
3867 2946 3889 2974 ι)

2252 3019 2342 3074 καὶ
2367 3020 2395 3072 6
2421 3016 2554 3082 λαὸς
2584 3017 2644 3072 ἐκ
2680 3018 2745 3093 γ’·
2786 3039 2808 3068 ι
2854 3014 3067 3071 Πολλοὶ
3111 3017 3238 3089 ὑμῖν
3270 3017 3474 3091 χρόνοι
3510 3039 3537 3067 ››
3587 3016 3665 3086 (οἱ
3706 3014 3889 3088 "piat-

2251 3125 2359 3162 vm'
2383 3131 2410 3159 ‹‹
2438 3108 2594 3179 ’Ἀγιε
2617 3110 2689 3177 ν).
2717 3107 2784 3162 Oi
2815 3105 3061 3178 κράκται.
3097 3129 3126 3157 ‹‹
3159 3102 3371 3160 Πολλοὶ
3428 3106 3560 3178 ὑμῖν
3615 3103 3820 3182 χρόνοι,
3849 3099 3893 3154 oi

2259 3197 2581 3272 θεράποντες
2603 3198 2700 3249 τοῦ
2731 3192 2951 3268 Κυρίου·
2980 3215 3002 3247 ι
3040 3195 3068 3249 ὁ
3100 3193 3232 3256 λαὸς
3262 3191 3323 3248 ἐκ
3350 3195 3420 3268 γ’·
3467 3218 3495 3246 u
3532 3191 3743 3250 Πολλοί
3774 3190 3885 3260 ὑμῖν

2261 3285 2510 3362 χρόνοι»
2535 3285 2609 3359 (οἱ
2642 3284 2923 3358 Πράσινοι·
2947 3305 2974 3334 ‹‹
2993 3284 3149 3359 Ἃγιε
3173 3286 3246 3356 ι).
3281 3283 3349 3340 Οἱ
3374 3283 3632 3357 κράκται·
3671 3277 3892 3336 ,Πολλοὶ

2263 3375 2392 3448 ὑμῖν
2421 3375 2636 3451 χρόνοι,
2668 3373 2697 3428 6
2730 3369 2874 3427 δεῖνα
2900 3372 2990 3427 καὶ
3034 3372 3062 3426 6
3103 3369 3251 3426 δεῖνα
3296 3371 3614 3446 Αὐγοῦσται
3641 3374 3746 3425 τῶν
3775 3368 3890 3420 Ῥω-

2267 3463 2460 3538 μαίων·
2487 3488 2514 3514 ››
2573 3462 2664 3516 καὶ
2717 3462 2745 3516 ὁ
2777 3460 2909 3524 λαὸς
2967 3459 3026 3515 ἐκ
3057 3461 3124 3535 γ’·
3170 3483 3199 3512 ‹‹
3244 3458 3460 3515 Πολλοὶ
3495 3462 3625 3533 ὑμῖν
3657 3459 3835 3534 χρόνοι
3865 3476 3888 3504 ν

2261 3554 2335 3626 (οἱ
2358 3551 2632 3628 Πράσινοι·
2667 3575 2695 3604 ‹‹
2738 3553 2893 3625 ’Ἃγιε
2925 3573 2952 3602 ››
2983 3554 3024 3620 ).
3056 3549 3123 3607 Οἱ
3152 3547 3397 3624 κράκται·
3442 3574 3470 3603 α
3521 3549 3776 3606 Δεσπόται
3804 3550 3892 3612 τῆς

2261 3641 2610 3715 οἶκουμὲνης,
2671 3639 2889 3713 δέξασθε
2929 3641 3184 3700 Βενέτους
3248 3638 3700 3714 παρακαλοῦντας
3744 3660 3762 3687 ι
3819 3631 3886 3703 (οἶ

2261 3731 2540 3805 Πράσινοι.
2575 3754 2602 3781 ››
2636 3728 2935 3804 Πρασίνους
2971 3730 3045 3802 ››)·
3076 3727 3165 3782 καὶ
3197 3729 3226 3783 6
3258 3726 3389 3788 λαὸς
3423 3727 3487 3784 ὲκ
3515 3729 3580 3802 γ“·
3615 3752 3642 3780 ‹‹
3682 3733 3885 3800 Ἄγις.»

2262 3822 2330 3878 Oi
2369 3833 2612 3896 xpaxut'
2676 3843 2696 3870 ι
2732 3819 2820 3880 Ὠς
2873 3815 3066 3872 δοῦλοι
3109 3815 3411 3890 τολμῶμεν
3444 3813 3825 3893 παρακαλέσαι·
3867 3833 3886 3859 ιν

2265 3912 2292 3964 6
2335 3907 2467 3971 λαὸς
2525 3907 2585 3962 ἐκ
2612 3910 2678 3986 γ’·
2731 3931 2761 3960 ‹‹
2815 3911 2992 3984 ’³Αγιε·
3054 3931 3081 3961 ‹‹
3126 3907 3177 3961 oi.
3228 3908 3491 3981 Πράσινοι
3547 3906 3770 3980 ὁμοίως.
3832 3897 3890 3956 Οἱ

2263 3998 2508 4075 κράκται·
2571 4021 2601 4051 ιι
2649 3997 2798 4053 Μετᾶ
2846 3992 3024 4073 φόϐου
3077 3993 3435 4070 δυσωποῦμεν
3509 3996 3634 4058 τοὺς
3703 3988 3887 4046 δεσπό-

2261 4107 2378 4153 τας·
2405 4112 2432 4140 ››
2483 4089 2512 4143 6
2573 4087 2703 4149 λαὸς
2750 4084 2810 4140 ἐκ
2835 4087 2900 4162 γ’·
2959 4110 2981 4138 α
3033 4087 3210 4162 ’Δγιεο
3238 4109 3267 4137 ››
3301 4085 3353 4140 οἱ
3393 4086 3654 4162 Πρᾶσινοι
3678 4078 3886 4154 ὁμοίως.

2263 4178 2332 4236 Οἱ
2398 4176 2648 4250 κράκται·
2697 4199 2726 4228 ι(
2803 4175 3161 4245 ’Δνεξικάκως
3222 4172 3619 4251 παρακλήθητε
3689 4164 3887 4241 εὐεργέ-

2263 4284 2372 4322 ται·
2407 4289 2436 4317 ››
2467 4267 2495 4321 6
2545 4265 2678 4329 λαὸς
2715 4263 2774 4319 ἐκ
2817 4271 2883 4340 γ’·
2943 4285 2972 4316 ‹‹
3014 4266 3198 4340 ’¹Αγιε·
3236 4287 3264 4317 »
3308 4264 3359 4318 oi.
3393 4254 3881 4339 Πράσινοιὸμοίως-

2267 4353 2334 4412 Οἱ
2364 4355 2612 4430 κράκται·
2647 4376 2674 4405 ι(
2709 4355 2803 4414 Εἰς
2835 4351 2933 4420 τήν
2962 4348 3146 4421 δέησιν
3175 4355 3282 4406 τῶν
3319 4349 3532 4408 δούλῶν
3586 4351 3734 4423 ὑμῶν
3787 4344 3881 4399 Βε-

2266 4443 2453 4498 νέτων·
2498 4466 2524 4494 »
2564 4443 2592 4496 6
2624 4439 2758 4504 λαὸς
2779 4440 2838 4495 ἐκ
2868 4441 2935 4516 γ’.
2970 4463 2998 4491 α
3037 4441 3209 4516 ’Λγιε·
3232 4464 3261 4493 ››
3285 4442 3337 4496 οἱ
3374 4441 3628 4516 Πράσινοι
3685 4430 3888 4507 ὁμοίως.

2271 4534 2338 4590 Oi
2393 4530 2641 4606 κρακται·
2692 4553 2721 4580 ‹‹
2788 4528 3036 4602 Δημόσια
3075 4535 3192 4590 τοῖς
3252 4527 3473 4594 δούλοις
3527 4529 3698 4600 ὑμῶν,
3730 4520 3772 4576 εί
3807 4537 3886 4572 κε·

2268 4621 2470 4679 λεύετε·
2507 4644 2534 4671 ››
2569 4621 2596 4675 6
2617 4617 2751 4679 λαὸς
2782 4617 2842 4673 ἐκ
2864 4619 2930 4693 γ’·
2968 4641 2997 4671 ι(
3026 4620 3204 4694 Ἀγιε·
3231 4643 3259 4671 ››
3292 4619 3347 4674 οἱ
3379 4621 3634 4694 Πράσινοι
3667 4609 3874 4686 ὁμοίως.

520 4726 730 4766 norum
764 4707 778 4765 ι
815 4731 843 4760 ››
889 4712 1136 4783 populus
1176 4716 1306 4769 ter:
1355 4734 1384 4764 «
1421 4712 1684 4781 Domine,
1730 4729 1917 4770 serva.
1952 4736 1981 4763 ››
2013 4712 2130 4768 Can

2277 4711 2342 4769 Οἳ
2364 4709 2609 4784 κράκται·
2647 4707 2882 4779 «Κύριε,
2916 4711 3092 4763 σῶσον
3131 4709 3257 4771 τοὺς
3307 4708 3571 4768 δεσπότας
3633 4706 3736 4758 τῶν
3765 4701 3883 4754 ’Λω-

518 4803 676 4856 tores
708 4817 776 4854 :«
809 4801 1073 4867 Domine,
1109 4818 1277 4857 serva
1307 4819 1340 4857 a
1369 4808 1425 4857 te
1465 4814 1769 4860 coronatos
1803 4803 1814 4859 ι
1852 4825 1881 4853 ››
1916 4802 2165 4875 populus

721 4912 749 4940 «
812 4889 1072 4959 Domine,
1118 4889 1320 4946 serva!
1365 4911 1392 4940 ››
1439 4891 1764 4949 Cantores:
1817 4913 1846 4942 «
1897 4891 2164 4958 Domine,

518 4896 606 4946 ter
649 4906 660 4945 2

525 4993 693 5034 serva
746 4976 1039 5050 principes
1081 4976 1240 5033 orbis
1279 4982 1563 5034 terrarum
1598 4978 1610 5033 l
1664 5002 1692 5030 ››
1733 4978 1980 5051 populus
2018 4985 2104 5035 ter
2141 4995 2156 5046 ;

523 5090 551 5117 ‹‹
579 5067 847 5140 Domine,
879 5084 1060 5124 serva.
1097 5090 1126 5118 »
1151 5067 1427 5124 Cantores
1459 5084 1472 5122 :
1509 5090 1535 5118 (ι
1571 5073 1634 5123 Et
1671 5085 1804 5124 cum
1837 5070 1982 5142 ipsis
2014 5075 2166 5126 Deus

1825 5181 1853 5208 ‹‹
1903 5161 2166 5225 Domine,

519 5157 578 5213 in
627 5158 801 5214 nobis
860 5159 1176 5230 operetur!
1223 5180 1250 5207 ››
1311 5156 1566 5230 populus
1625 5161 1712 5213 ter
1759 5175 1772 5213 :

2279 4799 2473 4874 μαίων·
2511 4823 2538 4851 ››
2571 4799 2599 4852 ὁ
2632 4797 2767 4859 λαὸς
2799 4795 2858 4852 ἐκ
2887 4797 2955 4874 γ’.
2984 4821 3012 4848 ι(
3045 4796 3233 4872 Κύριε,
3267 4801 3459 4854 σῶσον.
3498 4821 3517 4848 ν
3547 4795 3614 4853 Oi
3658 4789 3880 4874 κρᾶμα-ι’

2279 4870 2307 4941 ἐ‹
2346 4887 2525 4964 Κύριε,
2573 4890 2744 4941 σῶσον
2791 4870 2918 4948 τοὺς
2964 4884 3024 4940 ἐκ
3066 4870 3162 4940 σοῦ
3210 4883 3590 4961 ἐστεμμένους·
3641 4905 3667 4933 ››
3707 4879 3733 4932 6
3775 4870 3886 4964 λαὸς

2277 4979 2336 5033 ἐκ
2354 4963 2431 5052 γ’,
2461 5001 2490 5030 ‹‹
2541 4974 2725 5051 Κύριε,
2775 4979 2971 5030 σῶσον.
3016 4998 3044 5026 ››
3087 4976 3153 5032 Oi
3205 4976 3450 5049 κράκται·
3495 4998 3521 5024 ‹‹
3565 4971 3746 5044 Κύριε,
3793 4963 3889 5052 65).-

2279 5088 2368 5122 σον
2428 5064 2557 5128 τοὺς
2607 5061 2867 5125 δεσπότας
2925 5070 3026 5132 τῆς
3063 5063 3409 5138 οἰκουμένης·
3462 5089 3490 5116 ››
3534 5062 3562 5116 6
3596 5057 3718 5117 λαὸς
3748 5051 3802 5106 ἐκ

2285 5181 2305 5209 α
2338 5156 2524 5232 Κύριε,
2581 5157 2771 5209 σῶσον.
2833 5176 2862 5206 ››
2924 5153 2991 5210 Οἱ
3048 5152 3294 5228 κράκται·
3328 5176 3359 5208 α
3416 5152 3518 5211 Καὶ
3541 5150 3629 5205 σὺν
3686 5133 3890 5198 αὐτοῖςὸ

1879 5245 2116 5304 VARI/E
2157 5246 2529 5303 LETlONES.

589 5341 632 5379 ⁵⁷
677 5340 772 5397 civi
804 5341 1036 5417 ψελλίου
1063 5347 1214 5416 conj.
1249 5344 1318 5400 R.
1393 5345 1438 5380 ⁸⁸
1467 5340 1796 5398 κενδοΰκλου
1813 5344 1940 5400 cod.
2016 5343 2064 5378 59
2092 5362 2142 5398 κε

2255 5341 2437 5399 υλεινᾶ
2466 5344 2555 5399 ed.
2633 5341 2680 5378 6°
2711 5339 2786 5394 sic
2818 5339 2949 5394 αὐτὸ
2979 5340 3072 5398 ed.

1569 5452 1766 5511 JOAN.
1807 5451 1960 5507 JAC.
2002 5452 2263 5509 REISKII
2302 5448 2892 5508 COMMENTARIUS.

595 5560 704 5627 (29)
739 5560 905 5616 Forte
935 5561 1046 5634 leg.
1080 5559 1178 5614 ἀνὰ
1207 5558 1462 5633 ψελλίου,
1498 5561 1868 5632 unusquisque
1897 5557 2179 5615 armillam
2209 5573 2456 5616 auream.

598 5646 793 5713 (30)1η
824 5649 998 5703 altum
1027 5650 1312 5706 sublevavit
1333 5658 1385 5706 et
1414 5647 1720 5706 ostendant.
