4136 6302
273 256 396 315 649

1153 244 1255 306 DE
1299 243 1753 306 CERIMONIIS
1797 245 2036 307 AULE
2073 247 2566 315 BYZANTINE
2607 255 2756 318 LIB.
2802 261 2855 320 Ι.

3565 270 3686 334 650

269 388 403 448 Θεὸς
462 387 615 460 ἡμᾶς
671 382 1012 457 συνιργήσει³
1054 400 1086 434 ι)
1229 376 1364 441 λαὸς
1417 375 1478 432 ίκ
1533 385 1599 452 γ’.
1634 402 1689 477 .((
1744 377 1981 477 [ἐύριξά

2059 385 2287 440 serva!»
2318 385 2596 446 Cantores
2629 407 2692 445 :«
2750 391 3013 459 Domine,
3071 411 3238 454 serva
3284 399 3686 477 imperatores,

267 481 474 534 σῶσον.
530 497 556 528 ι
607 473 674 532 Οἱ
720 472 969 545 κράκται·
1023 490 1051 520 α
1100 465 1288 542 Κύριε,
1340 470 1512 520 σῶσον
1565 467 1690 529 τοὺς
1741 464 1936 522 δεσπό-

265 585 367 625 τας
399 565 494 618 σὺν
534 567 655 625 ταῖς
687 559 1016 637 αὐγούσταις
1045 556 1136 612 καὶ
1166 560 1283 618 τοῖς
1315 557 1869 632 πορφυρογενντςτοις·
1905 580 1934 606 ››

272 656 303 710 6
339 654 475 716 λαὸς
507 651 568 708 ὲκ
597 653 665 729 γ’·
705 674 733 703 ‹‹
769 649 949 724 Κύριε,
982 651 1176 702 σῶσον.
1214 671 1242 698 ››

349 745 426 801 θ’.
462 741 559 796 Καὶ
590 740 700 796 ἀπὸ
748 743 848 795 τοῦ
885 737 1144 810 τετάρτου
1193 733 1350 811 βαΐου
1383 736 1702 810 γατὲρχεται
1732 737 1760 789 6
1811 735 1938 808 μαΐ-

278 851 433 905 στωρ
504 829 642 905 μετᾶ
698 831 796 884 τοῦ
855 825 1016 891 λαοῦ,
1078 824 1169 879 καὶ
1220 822 1437 880 ἵσταται
1489 821 1788 899 ἔμπροσθεν
1841 827 1938 879 τοῦ

278 919 494 993 δήμου.
545 919 608 976 Ὀ
667 915 725 973 δὲ
781 913 1075 993 δήμαρχος
1123 913 1383 986 ἆπομὲνει
1436 915 1570 986 μετά
1622 916 1730 968 τῶν
1787 932 1939 986 πρω-

275 1008 445 1064 τείων
505 1009 613 1062 ἅνω
681 1005 756 1068 εἷς
821 1004 914 1060 τὸν
975 999 1176 1076 δῆμον.
1219 1002 1352 1058 Εἶτα
1391 999 1643 1075 λέγουσιν
1701 1002 1755 1055 οἱ
1792 1001 1939 1055 κάτω

279 1098 572 1170 ἱστάμενοι
630 1094 877 1170 κράκταιο
917 1115 938 1144 ι
981 1089 1127 1147 Ε’ίτι
1174 1093 1284 1165 (31)
1343 1091 1372 1145 6
1423 1091 1551 1153 Θεὸς
1604 1090 1874 1162 ὠνόμασεσ
1911 1113 1939 1141 ››

279 1187 377 1244 καί
408 1184 794 1259 ἀποκρίνονται
823 1180 935 1237 ἅνω
979 1180 1054 1243 εἷς
1101 1180 1194 1235 τὸν
1235 1177 1433 1252 δῆμονο
1473 1203 1502 1232 ‹‹
1532 1180 1726 1251 Τίμιον
1753 1179 1815 1234 τὸ
1849 1179 1942 1233 Βέ-

275 1300 437 1334 νετον
471 1300 500 1328 ››
550 1275 625 1347 (οἱ
673 1274 960 1347 Ηράσινοι,
1012 1293 1040 1325 α
1081 1271 1144 1326 τὸ
1193 1270 1502 1339 Πράσινον).
1538 1293 1566 1322 ››
1599 1271 1661 1324 Οἱ
1693 1268 1937 1343 κράκται·

281 1392 321 1421 α
345 1368 406 1424 Ὁ
440 1366 662 1442 βοηθῶν
691 1362 820 1425 τοὺς
871 1358 1132 1421 δεσπότας
1156 1359 1226 1417 ⁸1,
1262 1381 1290 1410 n
1321 1392 1389 1400 —
1421 1383 1449 1411 ‹‹
1482 1360 1575 1420 Εἷς
1607 1359 1635 1413 6
1667 1358 1817 1428 Θεὸς,
1853 1381 1880 1407 ››
1913 1357 1941 1410 ὁ

281 1455 446 1523 λαὸς,
483 1453 576 1509 καὶ
621 1452 690 1508 τὰ
736 1449 924 1507 λοιπά.
976 1449 1111 1506 Εἶτα
1149 1447 1469 1523 ἆνὲρχονται
1516 1448 1568 1503 οἱ
1615 1446 1837 1523 ἡνίοχοι
1887 1444 1940 1501 ἒν

281 1550 408 1607 τοῖς
457 1545 681 1618 ἅρμασι,
729 1543 1024 1619 φοροῦντες
1069 1559 1139 1593 τα
1186 1534 1451 1611 δημόσια,
1507 1536 1597 1592 καὶ
1663 1537 1942 1606 σάσσουσι,

287 1633 384 1689 καὶ
416 1633 444 1687 6
479 1629 657 1704 δῆμος
714 1628 1014 1702 ἔμπροσθεν
1075 1625 1253 1682 αὐτῶν
1320 1623 1586 1702 λεγόντων
1641 1626 1704 1681 τὸ
1753 1622 1944 1697 δρομι-

288 1723 412 1779 κόνο
472 1745 494 1772 ι

300 1814 378 1887 (οἱ
438 1812 695 1886 ΙΙράσινοι
755 1808 1093 1883 ((11ράσινε).
1126 1829 1156 1858 ››
1216 1805 1313 1860 Καὶ
1361 1805 1451 1860 ὅτε
1499 1801 1728 1869 ἔλθωσιν
1777 1803 1852 1864 εἷς
1881 1803 1944 1858 τὸ

303 1905 370 1972 Π,
425 1895 723 1974 ἔμπροσθεν
776 1900 882 1952 τῶν
941 1893 1210 1970 βασιλέων
1261 1892 1506 1950 ’ίστανται
1561 1893 1650 1948 καὶ
1700 1891 1946 1967 λέγουσιν

297 1989 350 2044 οἱ
379 1988 628 2065 κράκται,
660 2011 689 2039 cc
714 1984 930 2054 Πολλὰ,
963 1981 1172 2053 πολλὰ,
1193 1982 1400 2039 πολλάο
1424 2007 1453 2036 ››
1477 1984 1505 2038 6
1527 1982 1681 2051 λαὸς,
1705 2006 1732 2034 ››
1758 1979 1949 2037 Πολλᾶ

299 2073 392 2148 ἔτη
435 2077 512 2142 εἷς
544 2075 751 2134 πολλά.
788 2099 811 2130 ι
848 2075 913 2132 O't
964 2075 1209 2147 κράκται·
1253 2096 1282 2124 ‹‹
1333 2071 1541 2129 Ηολλοὶ
1576 2073 1700 2145 ὑμῖν
1730 2072 1946 2147 χρόνοι,

296 2169 332 2238 ἡ
366 2163 546 2231 ἔνθεος
607 2162 879 2242 βασιλεία,
924 2185 953 2215 »
1004 2162 1082 2234 (οἱ
1130 2161 1411 2236 Πράσινοι,
1462 2183 1491 2212 ‹‹
1531 2162 1566 2229 ἡ
1616 2158 1822 2237 ἐκλογὴ
1853 2158 1948 2224 τῆς

292 2251 546 2330 τριάδος)
598 2277 627 2305 ››
654 2253 715 2310 ὐ
736 2251 869 2313 λαὸς
901 2249 962 2306 ἔκ
989 2249 1197 2325 τρίτου,
1231 2274 1258 2301 ‹‹
1284 2247 1499 2305 Πολλοὶ
1526 2248 1654 2322 ὑμῖν
1680 2249 1895 2323 χρόνοι,
1921 2272 1948 2300 ››

293 2346 368 2416 (οἱ
393 2345 647 2419 Πράσινοι
670 2364 696 2396 ι
718 2341 1030 2415 νΑγιε).ι›Οἱ
1050 2337 1298 2413 κράκται·
1314 2359 1336 2388 ι
1358 2336 1565 2393 Πολλοὶ
1593 2338 1718 2410 ὑμῖν
1737 2338 1950 2413 χρόνοι,

295 2435 326 2491 6
362 2431 511 2490 δεῖνα
542 2433 634 2487 καὶ
671 2434 700 2487 6
739 2429 889 2486 δεῖνα
924 2430 1322 2503 αὐτοκράτορες
1352 2427 1668 2501 Ῥωμαίων·
1703 2451 1732 2481 ››
1761 2428 1790 2482 6
1821 2427 1954 2489 λαὸς

304 2522 370 2579 ἐκ
425 2521 634 2596 τρίτου,
694 2543 723 2572 ‹‹
765 2517 977 2575 Πολλοὶ
1018 2519 1147 2591 υμῖν
1188 2516 1403 2592 χρόνοι,
1457 2541 1486 2568 κ
1547 2516 1622 2589 (οἱ
1681 2515 1956 2598 Πράσινοι,

307 2637 339 2665 ‹‹
373 2613 562 2686 ιἈγιε)
619 2633 646 2664 ι
678 2611 739 2663 O't
767 2610 1014 2682 κράκταισ
1049 2631 1078 2659 ‹‹
1110 2605 1282 2662 Πολοὶ
1315 2609 1444 2680 ὑμῖν
1475 2606 1692 2680 χρόνοι,
1725 2605 1777 2659 οἱ
1805 2603 1959 2678 θερά·

318 2719 517 2762 ποντες
543 2702 640 2753 τοῦ
671 2697 889 2773 Κυρίου·
939 2721 968 2750 ››
1029 2697 1056 2750 6
1125 2694 1257 2757 λαὸς
1324 2693 1384 2749 ἐκ
1445 2695 1655 2767 τρίτου,
1688 2716 1716 2746 ‹‹
1750 2691 1959 2749 Πολλοὶ

558 1716 857 1795 Ἀγάλλου,
916 1716 1121 1788 Βένετε,
1181 1716 1233 1770 οἱ
1290 1711 1543 1810 δεσπόται
1602 1713 1850 1810 ἐνίκησαν
1907 1733 2021 1810 sB

2042 479 2326 546 augustas
2346 481 2404 532 et
2436 479 2952 554 porphyrogenitos
2979 480 2992 536 !
3029 505 3057 534 »
3081 486 3330 559 populus
3354 492 3443 546 ter
3474 506 3538 545 τα
3572 493 3689 550 Do-

2047 564 2225 629 mine,
2291 581 2453 622 serva
2484 567 2498 621 ι
2535 590 2558 618 ι

2120 741 2188 795 Il.
2223 744 2360 798 Post
2380 753 2648 816 quartam
2684 749 2932 818 palmam
2967 755 3246 824 magister
3281 772 3414 814 cum
3476 759 3690 830 populo

2048 829 2370 897 descendit,
2393 842 2447 888 et
2469 849 2600 889 ante
2651 836 2960 894 factionem
2994 842 3304 899 subsistit:
3336 829 3691 905 demarchus

2047 916 2107 972 in
2140 915 2264 972 loco
2282 921 2560 990 superiori
2594 939 2726 979 cum
2749 928 3108 995 principibus
3133 931 3188 986 in
3223 933 3471 990 factione
3499 953 3691 993 rema-

2051 1009 2168 1059 net.
2194 1005 2406 1062 Deinde
2444 1016 2712 1066 cantores
2749 1013 2902 1070 infra
2956 1020 3261 1075 constituti
3293 1020 3497 1078 dicunt
3527 1039 3541 1078 :
3577 1047 3604 1075 ‹‹
3632 1025 3694 1080 Si

2054 1093 2206 1150 Deus
2252 1097 2502 1164 vocavit;
2540 1121 2565 1145 ››
2602 1103 2950 1171 respondent
2985 1122 3162 1178 supra
3191 1108 3250 1164 in
3282 1110 3531 1168 factione
3551 1131 3696 1169 con-

2051 1182 2276 1238 stituti:
2305 1183 2633 1241 «Venatum
2658 1205 2888 1260 gregem
2911 1196 3306 1252 venerandum
3330 1197 3344 1253 l
3373 1202 3693 1270 («(Prasini,

2053 1292 2080 1320 ‹‹
2102 1272 2447 1345 Prasinum).
2480 1295 2506 1323 »
2532 1275 2847 1332 Cantores:
2883 1301 2911 1327 ‹‹
2945 1281 3051 1345 Qui
3087 1282 3359 1342 dominos
3375 1289 3610 1358 adjuvat
3632 1291 3694 1346 !»

2052 1361 2344 1432 p0pulus:
2379 1369 2586 1420 «Deus
2635 1381 2694 1422 es
2726 1387 2755 1416 ››
2812 1371 2869 1422 et
2926 1374 3148 1424 caetera.
3209 1372 3428 1429 Deinde
3456 1378 3694 1449 aurigas,

2052 1451 2201 1506 207
2238 1451 2468 1521 publica
2498 1453 2735 1523 praemia
2758 1457 3250 1524 ferentes,currus
3273 1467 3700 1532 conscendunt,

2052 1539 2297 1594 factione
2351 1546 2484 1596 ante
2540 1543 2702 1612 ipsos
2724 1544 3050 1601 dromicum
3103 1564 3336 1605 carmen
3378 1552 3695 1609 recitante:

2057 1645 2085 1679 ι
2141 1627 2398 1695 Exsulta,
2442 1627 2671 1699 Venete,
2730 1632 2946 1688 domini
3005 1635 3302 1703 vicerunt;
3336 1661 3359 1690 ι
3427 1640 3699 1712 (Prasini,

2053 1736 2084 1766 α
2132 1716 2414 1790 Prasine).
2453 1741 2474 1768 ι
2538 1720 2604 1775 Et
2635 1724 2872 1792 quando
2900 1724 2970 1777 ad
3023 1725 3069 1780 II
3103 1742 3436 1797 pervenere,
3488 1746 3688 1786 coram

2055 1804 2501 1874 imperatoribus
2544 1815 2723 1877 stant,
2782 1822 3049 1868 cantores
3081 1815 3285 1870 dicunt
3335 1833 3408 1871 τι
3461 1818 3699 1886 Multos,

2057 1893 2294 1961 multos,
2316 1896 2558 1965 multos;
2588 1921 2609 1947 ι
2638 1899 2891 1971 populus
2923 1917 2982 1956 :«
3017 1902 3228 1960 Multos
3251 1906 3508 1962 annosin
3543 1907 3700 1963 mul-

2057 1988 2167 2038 tos.
2201 2003 2231 2032 »
2271 1985 2548 2042 Cantores
2578 2002 2592 2040 :
2621 2006 2650 2036 α
2707 1987 2890 2044 Multa
2937 1990 3096 2045 vobis
3151 1995 3440 2063 tempora,
3499 1995 3700 2052 divina

2059 2073 2376 2144 majestas!
2415 2096 2443 2125 »
2465 2076 2719 2146 (Prasini
2753 2092 2766 2132 :
2797 2100 2825 2128 «
2855 2078 3070 2135 Electio
3102 2080 3433 2154 trinitatis!)
3456 2105 3485 2133 »
3519 2100 3699 2155 popu-

2062 2162 2154 2218 lus
2212 2171 2330 2218 ter:
2382 2185 2411 2214 α
2491 2165 2673 2222 Multa
2725 2167 2890 2223 vobis
2954 2169 3252 2239 tempora!
3326 2194 3356 2222 »
3408 2173 3697 2244 (Prasini:

2063 2273 2091 2302 ‹‹
2125 2252 2395 2320 Sancte!)
2455 2274 2482 2302 »
2525 2254 2803 2314 Cantores
2837 2271 2850 2311 :
2884 2278 2914 2306 «
2969 2256 3149 2314 Multa
3195 2260 3356 2316 vobis
3411 2265 3702 2334 tempora,

2064 2340 2133 2398 N.
2183 2341 2250 2396 N.
2311 2342 2693 2413 imperatores
2741 2347 3134 2402 Romanorum
3170 2367 3185 2416 ;
3219 2369 3248 2399 »
3291 2349 3545 2421 populus
3578 2360 3699 2408 ter:

2065 2451 2095 2478 ‹‹
2128 2429 2312 2485 Multa
2348 2431 2510 2486 vobis
2554 2433 2901 2503 tempora!»
2941 2434 3229 2505 (Prasini:
3264 2459 3294 2487 «
3347 2438 3622 2512 Sancte!)
3673 2461 3703 2492 »

2067 2517 2379 2574 Cantores:
2414 2519 2640 2574 «Multa
2661 2521 2827 2576 vobis
2855 2531 3135 2592 tempora,
3154 2525 3358 2580 famuli
3391 2526 3622 2582 Domini
3650 2527 3707 2582 l-

2071 2606 2326 2677 populus
2357 2612 2476 2663 ter:
2513 2627 2542 2657 ‹‹
2583 2606 2761 2663 Multa
2789 2608 2954 2664 vobis
3003 2610 3351 2681 tempora!»
3385 2613 3663 2670 Cantores
3696 2629 3712 2670 :

2075 2715 2102 2744 ‹‹
2136 2693 2312 2749 Multa
2343 2696 2810 2767 vobistempora,
2860 2697 2930 2752 N.
2962 2697 3028 2753 Ν.
3088 2701 3361 2770 Augusta:
3417 2703 3713 2758 Romano-

329 2790 460 2861 ὑμῖν
501 2787 706 2863 χρόνοι.
751 2809 781 2839 ››
812 2786 878 2844 Οἱ
926 2786 1173 2858 κράκταιο
1232 2807 1260 2836 ‹‹
1306 2781 1518 2838 Πολλοὶ
1566 2783 1692 2855 ὑμῖν
1741 2781 1962 2861 χρόνοι,

2076 2798 2206 2837 rum
2234 2799 2248 2850 ;
2277 2803 2304 2832 ι)
2337 2783 2590 2854 populus
2611 2791 2736 2840 ter:
2761 2808 2782 2832 ι
2813 2785 2992 2841 Multa
3013 2787 3452 2861 vobistempora
3478 2790 3490 2844 !
3512 2812 3540 2840 »
3560 2790 3720 2863 (Pra-

328 2879 356 2934 6
417 2874 562 2932 δεῖνα
605 2875 694 2930 καὶ
752 2876 780 2930 6
829 2872 978 2930 δεῖνα
1033 2873 1324 2948 αὐγοῦσται
1375 2879 1484 2926 τῶν
1519 2871 1832 2945 Ῥωμαίων·
1878 2893 1906 2921 »
1938 2870 1968 2924 6

2077 2871 2184 2926 sini
2220 2888 2234 2926 :
2268 2892 2298 2921 «
2345 2873 2585 2928 Sancte!
2613 2872 2629 2944 )
2658 2894 2686 2922 »
2743 2874 3056 2930 Cantores:
3092 2897 3121 2926 «
3163 2878 3345 2932 Multo.
3376 2879 3540 2934 vobis
3569 2884 3723 2933 tem-

322 2965 454 3028 λαὸς
483 2966 549 3038 γ’,
573 2987 603 3016 ‹‹
632 2962 842 3019 Πολλοὶ
867 2963 995 3036 ὑμῖν
1021 2962 1237 3037 χρόνοι,
1260 2983 1290 3014 η
1313 2962 1386 3033 (οἱ
1415 2961 1699 3035 Πράσινοι,
1723 2983 1752 3010 ‹‹
1773 2958 1964 3033 Ἃγιε).

2081 2976 2241 3031 pora,
2265 2960 2506 3025 domini,
2537 2976 2668 3016 cum
2699 2964 2970 3033 angustis
2991 2965 3338 3034 conjugibus
3370 2971 3427 3021 et
3459 2968 3720 3040 porphy-

310 3055 381 3114 Οἱ
439 3055 686 3129 κράκται·
752 3077 774 3104 ι
835 3049 1050 3110 Ηολλοὶ
1111 3051 1241 3124 ὑμῖν
1300 3050 1515 3126 χρόνοι,
1565 3046 1840 3118 δεσπόται,
1874 3047 1965 3102 σὺν

2082 3047 2398 3120 rogenitis!
2455 3069 2484 3098 »
2518 3048 2768 3119 populus
2801 3067 2815 3104 :
2851 3071 2880 3101 «
2912 3051 3096 3106 Multa
3141 3054 3306 3111 vobis
3362 3056 3718 3126 tempora!»

309 3149 432 3207 ταῖς
478 3112 833 3217 ἀύγοόσταις
891 3141 982 3196 καὶ
1057 3145 1173 3200 τοῖς
1245 3140 1794 3216 πορφυρογεννήτοιςο
1854 3161 1882 3188 ››
1937 3137 1967 3192 ὁ

2084 3112 2326 3209 (Prasini
2353 3154 2366 3192 :
2401 3159 2430 3188 ‹‹
2463 3112 2744 3211 sancte!)
2775 3159 2803 3188 »
2840 3140 3118 3197 Cantores
3142 3159 3200 3197 :«
3215 3142 3445 3212 Multos,
3478 3112 3718 3212 multos,
3781 3179 3784 3182 η

311 3232 448 3295 λαὸς
503 3234 572 3308 γ’,
630 3256 660 3286 ι(
721 3229 940 3289 Πολλοὶ
998 3228 1125 3302 ὑμῖν
1190 3227 1404 3302 χρόνοι,
1463 3250 1491 3279 »
1552 3227 1627 3299 (οἳ
1689 3227 1967 3300 Ηράσινοι,

2077 3226 2371 3294 multos,»
2403 3227 2652 3301 populus
2683 3244 2697 3283 :
2733 3250 2760 3279 ‹‹
2785 3229 2998 3286 Multos
3041 3247 3229 3287 annos
3277 3230 3340 3289 in
3399 3232 3652 3289 multos!
3691 3254 3712 3282 ι

310 3324 520 3397 ⁸Λγιε).
553 3342 582 3375 ι
644 3322 706 3375 Οἱ
763 3318 1013 3393 κράκται,
1074 3340 1103 3369 ‹‹
1163 3313 1378 3386 Πολλὰ,
1425 3313 1632 3372 πολλὰ.
1683 3313 1887 3370 πολλὰ·
1942 3335 1968 3367 ι

2074 3320 2380 3373 Cantores:
2409 3336 2433 3366 ι
2464 3316 2690 3372 Domini
2721 3318 2880 3374 orbis
2918 3324 3104 3389 terra,
3149 3320 3432 3392 suscipite
3473 3325 3721 3378 Venetos

313 3412 345 3468 6
424 3410 584 3478 λαὸς,
660 3434 689 3462 ‹‹
767 3405 960 3464 Πολλὰ
1033 3401 1126 3478 ἔτη
1205 3405 1281 3467 εἰς
1357 3401 1564 3460 πολλά.
1629 3424 1655 3455 s
1728 3403 1796 3460 Οἱ
1841 3401 1972 3477 κρά-

2079 3409 2384 3476 precantes
2417 3404 2430 3460 !
2464 3405 2756 3476 »(Prasini
2781 3406 3124 3462 :«Prasinos
3156 3407 3168 3462 ι
3203 3409 3223 3479 )
3253 3430 3283 3458 ››
3319 3410 3570 3480 populus
3601 3415 3726 3466 ter:

316 3518 464 3555 κται·
540 3522 561 3549 ι
616 3496 880 3554 Δεσπόται
951 3501 1053 3564 τῆς
1121 3491 1472 3564 οἰκουμένης,
1541 3487 1754 3561 δέξασθε
1818 3487 1973 3544 Βενὲο

2081 3513 2110 3544 α
2143 3491 2387 3548 Sancte!
2424 3515 2446 3545 ι
2478 3493 2754 3549 Cantores
2780 3513 2839 3562 ;«
2873 3493 3106 3550 Utservi
3126 3497 3343 3567 precari
3359 3498 3723 3565 audemus;»

317 3609 450 3651 τους
502 3587 972 3661 παρακαλοῦντας,
1049 3607 1080 3636 ››
1153 3583 1231 3651 (οἱ
1309 3580 1592 3656 Πράσινοι,
1668 3603 1696 3632 ‹‹
1773 3580 1976 3652 Πρασί-

2085 3582 2336 3653 pOpulus
2365 3585 2489 3636 ter:
2522 3602 2551 3631 ‹‹
2598 3581 2842 3636 Sancte!
2879 3604 2908 3632 ››
2964 3584 3241 3639 Cantores
3274 3599 3340 3640 ιι
3383 3583 3725 3640 Verecunde

322 3680 493 3748 νους)·
538 3700 567 3728 ι)
611 3677 640 3732 6
671 3674 806 3737 λαὸς
853 3673 912 3730 ἐκ
954 3677 1022 3749 γ’.
1075 3696 1104 3725 ‹‹
1149 3675 1330 3749 Ἅγια.
1383 3694 1412 3722 »
1456 3671 1525 3727 Οἱ
1553 3667 1802 3742 κράκται·
1838 3689 1863 3720 α
1890 3667 1980 3730 Ὠς

2084 3670 2384 3724 intuemur
2411 3673 2468 3724 et
2496 3685 2630 3724 cum
2673 3672 2886 3726 timore
2919 3672 3189 3727 dominos
3213 3691 3228 3740 ;
3251 3694 3280 3722 »
3305 3672 3556 3744 populus
3588 3680 3676 3729 ter
3708 3689 3723 3730 :

329 3764 522 3821 δοῦλοι
551 3763 850 3838 τολμῶμεν
883 3759 1276 3836 παρακαλέσειν
1304 3783 1333 3811 ››
1366 3759 1394 3813 6
1425 3757 1556 3818 λαὸς
1582 3757 1649 3833 γ’,
1681 3782 1707 3809 ιι
1743 3757 1918 3831 Ἀγιε.
1949 3777 1979 3808 ι)

2087 3779 2117 3808 ‹‹
2148 3761 2375 3813 Sancte.
2415 3778 2444 3806 η
2497 3757 2806 3814 Cantores:
2846 3777 2869 3806 ι
2906 3760 3066 3814 Haud
3103 3760 3252 3816 male
3283 3761 3524 3817 beneﬁci
3569 3763 3731 3831 prin-

327 3857 398 3914 Οἱ
464 3856 712 3930 κράκταιο
780 3876 808 3904 «
865 3851 1014 3909 Μετᾶ
1065 3844 1240 3929 φόϐου
1299 3847 1654 3919 δυσωποῦμεν
1710 3845 1838 3908 τοὺς
1897 3842 1980 3899 δε-

2088 3849 2246 3919 cipes
2302 3845 2688 3903 invocamiui!
2765 3869 2796 3898 »
2848 3849 3096 3920 populus
3152 3855 3239 3905 ter
3299 3867 3377 3906 ε·
3442 3851 3728 3908 Sanete.»

335 3942 564 4006 σπότας·
601 3967 622 3994 ι
675 3942 704 3996 6
753 3939 889 4002 λαὸς
919 3939 990 4014 γ’,
1040 3962 1068 3990 ‹‹
1101 3940 1276 4014 “Αγιε.
1313 3960 1342 3988 »
1389 3935 1456 3995 Οἱ
1494 3936 1741 4010 κράκται·
1774 3958 1801 3986 ‹‹
1835 3934 1981 3990 Ἀνε-

2090 3937 2370 3992 Cantores
2403 3952 2416 3992 :
2450 3959 2478 3986 ‹‹
2517 3939 2574 3992 tu
2610 3952 2809 4007 preces
2832 3954 3129 3993 servorum
3163 3945 3513 4006 vestrorum,
3550 3939 3732 3997 Vene-

330 4033 566 4105 ξικάκως
641 4027 1054 4103 παρακλήθητε,
1131 4025 1423 4103 εὐεργέται·
1503 4048 1531 4076 ››
1608 4025 1637 4080 6
1713 4021 1846 4086 λαὸς
1916 4023 1981 4096 γ’,

2090 4022 2320 4079 torum!
2353 4045 2382 4074 »
2406 4023 2684 4092 (Prasini:
2721 4046 2750 4072 «
2793 4024 3162 4081 Prasinorum
3196 4028 3239 4098 ;)
3270 4049 3298 4076 »
3324 4027 3575 4100 populus
3605 4032 3729 4085 ter:

333 4146 362 4174 «
393 4124 567 4197 "Avis.
601 4143 633 4173 ι»
680 4119 746 4178 Οἱ
785 4117 1031 4193 κράκται·
1081 4136 1106 4168 ε
1154 4114 1250 4178 Εἰς
1286 4117 1385 4184 τήν
1415 4110 1598 4183 δέησιν
1627 4117 1739 4169 τῶν
1771 4109 1981 4168 δούλων

2092 4134 2121 4162 ‹‹
2155 4113 2364 4168 Sancte
2399 4111 2411 4166 ι
2444 4130 2470 4163 ι
2498 4111 2814 4170 Cantores:
2849 4136 2878 4164 «
2916 4116 3200 4172 Coronate
3237 4132 3432 4174 servos
3486 4123 3732 4186 vestros,

331 4212 489 4286 ὺμῶν
523 4209 784 4281 Βενέτων,
825 4206 1106 4284 (Πράσινοι
1155 4205 1224 4274 ⁸⁸,
1291 4227 1321 4256 «
1379 4202 1697 4279 Πρασίνων).
1733 4224 1757 4256 s
1801 4202 1829 4257 6
1857 4201 1981 4268 λαὸς

2094 4201 2140 4258 si
2175 4201 2363 4273 placet
2386 4218 2400 4270 ;
2426 4221 2454 4252 υ
2477 4201 2728 4274 populus
2756 4210 2876 4259 ter:
2911 4225 2940 4253 «
2971 4203 3212 4262 Sancte!
3249 4227 3278 4255 »
3316 4205 3540 4262 Prasini
3570 4206 3735 4262 simi-

329 4302 400 4377 γ’,
451 4325 481 4353 «
511 4301 688 4376 Ἅγιε.
725 4321 755 4352 »ι
797 4298 861 4352 Οἱ
898 4295 1145 4371 κράκταιο
1201 4317 1224 4346 ιι
1278 4293 1666 4370 Στεφανώσατε
1700 4291 1830 4355 τοὺς
1861 4289 1986 4347 606-

333 4390 471 4455 λους
501 4390 674 4462 ὑμῶν,
705 4386 751 4443 εἷ
780 4385 1048 4443 κελεύετε·
1076 4406 1106 4436 ››
1139 4385 1168 4440 6
1195 4382 1330 4445 λαὸς
1359 4381 1419 4438 ἐκ
1444 4380 1657 4457 τρίτου,
1692 4403 1722 4435 ι(
1749 4383 1932 4457 ’Ἃγιεο
1959 4404 1988 4432 ››

337 4481 393 4536 οἱ
441 4457 700 4554 Πρασινοι
734 4474 963 4550 ὁμοίως.
2027 4457 2075 4524 D

411 4569 483 4623 I".
543 4569 611 4625 Οἱ
670 4564 920 4641 κράκται·
985 4587 1014 4616 ‹‹
1070 4561 1254 4638 Κύριε,
1309 4564 1484 4616 σῶσον
1546 4561 1674 4622 τοὺς
1726 4555 1981 4621 δεσπότας

2175 4564 2272 4618 IlI.
2295 4562 2574 4619 Cantores
2597 4577 2612 4620 :
2633 4585 2660 4613 ‹‹
2679 4564 2940 4635 Domine,
2965 4582 3126 4623 serva
3156 4569 3424 4626 dominos
3444 4570 3740 4627 Romano-

339 4657 654 4731 Ῥωμαίων·
711 4677 742 4707 ››
809 4655 838 4709 6
912 4651 1044 4714 λαὸς
1119 4650 1179 4706 tu
1240 4650 1308 4725 γ’,
1385 4673 1415 4701 ‹‹
1475 4647 1662 4721 Κύριε,
1722 4653 1920 4705 σῶτον.
1963 4671 1981 4703 ι

2105 4667 2231 4706 rum
2249 4649 2262 4705 Ι
2282 4673 2308 4700 n
2326 4652 2575 4722 populus
2589 4657 2677 4707 ter
2693 4669 2707 4706 :
2723 4674 2751 4703 «
2771 4653 3206 4725 Domine,serva.
3223 4680 3252 4707 ››
3265 4661 3541 4716 Cantores
3557 4677 3570 4714 :
3587 4682 3615 4710 «
3637 4665 3750 4716 Do.

342 4745 415 4804 Οἱ
481 4745 728 4820 κράκται·
803 4762 828 4795 α
880 4740 1066 4812 Κύριε,
1133 4742 1308 4793 σῶσον
1344 4735 1475 4797 τοὺς
1538 4735 1598 4790 ἑκ
1649 4739 1746 4790 σοῦ
1803 4734 1981 4809 ἐστεμ-

2108 4741 2287 4807 mine,
2315 4756 2480 4795 serva
2501 4758 2532 4795 a
2554 4742 2959 4798 tecoronatos!
2981 4765 3010 4794 »
3038 4745 3279 4816 populus
3305 4752 3419 4804 ter:
3455 4769 3483 4798 «
3507 4748 3752 4803 Domine

349 4835 573 4908 μένους’
631 4854 658 4887 ι
728 4833 756 4887 6
824 4830 956 4892 λαὸς
1021 4827 1081 4882 ἐκ
1142 4828 1211 4902 γ’,
1273 4849 1303 4878 ‹‹
1369 4823 1556 4897 Κύριε,
1622 4845 1817 4883 σωσον.
1861 4849 1890 4877 ››
1929 4827 1981 4884 Ο⁴

2109 4846 2331 4886 serva.»
2345 4828 2620 4885 Cantores
2637 4849 2652 4898 ;
2672 4853 2693 4879 ι
2719 4831 3752 4906 Domine,servaimperatores,augu-

344 4922 596 4998 κράκταιο
656 4945 685 4975 ‹‹
745 4919 934 4995 Κύριε,
995 4921 1168 4972 σῶσον
1216 4914 1343 4978 τοὺς
1415 4911 1674 4976 δεσπότας
1733 4916 1824 4970 σὺν
1880 4920 1981 4971 mit

2110 4924 2315 4988 stas,et
2328 4918 2840 4991 porphyrogenitos
2861 4923 2873 4977 !
2893 4943 2917 4974 α
2935 4922 3186 4994 populus
3199 4928 3286 4978 ter
3303 4938 3316 4976 :
3332 4944 3359 4972 ‹‹
3375 4921 3746 4991 Domine,ser-

1711 5066 1954 5123 VARIIE
1995 5065 2408 5123 LECTIONES.

419 5196 472 5231 ⁶¹
505 5191 772 5257 δεσπότας
802 5195 884 5258 εἷς
924 5194 953 5249 6
983 5193 1133 5262 Θιός,
1165 5190 1193 5246 6
1221 5189 1354 5252 λαός
1381 5188 1472 5245 καὶ
1498 5212 1550 5249 τ.
1584 5203 1636 5247 Α.
1671 5193 1761 5248 ed.
1838 5191 1886 5227 ”
1915 5190 2195 5266 Πράσινοι,
2232 5214 2261 5243 ‹‹
2295 5193 2576 5264 Πρασίνων
2611 5217 2640 5245 ››
2680 5211 2796 5252 om.
2829 5196 2921 5250 ed.

2097 4290 2248 4348 liter.

1403 5343 1602 5400 JOAN.
1643 5342 1768 5400 JAC
1807 5343 2075 5402 REISKII
2115 5345 2716 5403 COMMENTARIUM.

428 5496 549 5570 (3t)
578 5499 795 5552 Sensus
823 5497 881 5550 et
929 5493 1280 5551 constructio
1329 5491 1505 5562 hujus
1567 5489 1846 5548 dictionis
1891 5488 2015 5548 haec
2125 5488 2350 5546 Βένετον
2385 5493 2439 5548 si
2483 5492 2626 5546 Deus
2682 5486 2897 5561 aliquid
2944 5485 3270 5546 honorabile
3314 5482 3636 5560 appellavit,
3699 5492 3782 5543 est

376 5589 467 5642 est
502 5601 516 5639 :
549 5579 620 5639 Εἴ
637 5603 693 5638 τι
719 5581 748 5637 6
787 5580 918 5644 θεὸς
970 5579 1154 5653 τίμιον
1212 5577 1486 5654 ὠνόμασεν
1550 5573 1662 5633 ἔστῖ
1726 5579 1889 5632 τοῦτο
1953 5577 2016 5631 τὸ
2128 5579 2288 5634 illud
2308 5584 2572 5642 Venetus,
2611 5578 2698 5632 vel
2729 5576 2897 5648 factio
2921 5578 3138 5636 Veneta.

691 5709 956 5768 Panos.
1007 5708 1116 5766 Ga.
1163 5702 1341 5764 CXII.
3383 5699 3449 5756 ει
