4136 6302
402 315 517 382 651
1467 322 1904 386 CONSTANTI
1915 323 1960 383 N
1969 328 1994 386 Ι
2039 323 2740 386 PORPHYROGENITI
3683 319 3809 380 652

401 475 490 515 va.
518 479 546 510 »
569 459 839 515 Cantores
873 477 886 516 :
920 481 948 509 ‹‹
972 461 1163 516 Unum
1196 458 1387 515 adhuc
1436 461 1577 515 servi
1601 460 1774 517 vestri
1816 475 1849 516 a
1879 459 2027 516 vobis

2151 458 2480 533 αὐγοῦσταις
2527 458 2616 514 καὶ
2662 461 2779 518 τοῖς
2830 455 3385 530 πορφυρογεννήτοις·
3438 475 3466 507 ιι
3502 454 3530 507 6
3579 451 3714 514 λαὸς
3746 452 3810 507 ἐκ

402 549 684 620 petimus;
703 574 723 602 ι
749 551 1096 621 populuster
1121 565 1133 606 :
1158 553 1435 617 «Sancte;
1456 550 1724 606 uPrasini
1747 550 2037 607 similiter.

402 639 712 694 Cantores:
747 662 774 688 «
809 640 1101 693 Abeamus
1131 639 1418 704 saltaturi,
1477 639 1526 694 si
1559 638 1739 705 vobis,
1792 639 2037 707 domini,

401 727 628 796 placet;
690 749 717 776 »
777 728 1024 798 populus
1077 731 1202 782 ter:
1240 748 1263 777 α
1315 727 1559 782 Sancte!
1626 750 1653 778 ››
1714 729 2036 785 Cantores:

401 836 430 864 ‹‹
463 814 722 884 Domine,
754 830 921 869 serva
938 814 1326 870 Romanorum
1363 815 1632 870 dominos
1667 815 1680 870 !
1717 837 1741 867 ι
1787 816 2037 888 populus

399 910 520 958 ter:
556 925 584 951 «
616 903 877 971 Domine,
903 918 1085 957 serva.
1107 921 1132 953 ιι
1153 906 1427 959 Cantores
1460 921 1472 956 :
1509 926 1538 954 ‹‹
1576 904 1840 971 Domine,
1875 921 2038 961 serva

396 1007 430 1045 a
459 997 514 1046 te
543 996 846 1046 coronatos
873 990 885 1046 l
923 1013 951 1041 »
985 993 1232 1064 populus
1262 997 1351 1048 ter
1383 1008 1397 1048 :
1432 1013 1460 1042 ‹‹
1495 992 1758 1061 Domine,
1784 992 1977 1050 serva!
2003 1015 2033 1044 »

393 1079 612 1136 Deinde
643 1083 939 1137 actuarius
987 1082 1308 1146 descendit,
1339 1083 1574 1154 aurigae
1596 1087 1852 1152 coronat,
1877 1087 1933 1138 et
1964 1083 2033 1139 ad

393 1184 492 1225 eos
544 1170 726 1225 dicit:
761 1191 784 1222 ι
810 1169 1022 1225 Ordine
1066 1185 1134 1226 ac
1173 1171 1446 1226 decenter
1504 1171 1734 1226 saltate.
1768 1193 1797 1220 »
1829 1169 2035 1227 Canto-

393 1259 856 1315 reszaDecenter
874 1259 1224 1315 saltablmus
1254 1260 1313 1314 in
1345 1261 1462 1314 vita
1491 1266 1708 1328 vestra,
1728 1258 1971 1320 domini.
2003 1285 2031 1312 (ι

392 1348 461 1402 Ει
491 1349 1008 1404 solenniconsessu
1057 1349 1350 1413 instituto,
1401 1353 1712 1421 postquam
1746 1366 1778 1403 a
1826 1349 2033 1406 throno

392 1436 613 1491 domini
639 1451 960 1503 surrexere,
984 1437 1232 1508 populus
1261 1438 1454 1492 omnis
1484 1439 1718 1509 aurigas
1749 1440 2028 1509 sequitur,

391 1525 545 1581 208
574 1541 808 1581 carmen
841 1526 1182 1581 recitantes:
1207 1547 1234 1576 ‹‹
1265 1523 1518 1593 Exsulta,
1556 1527 1785 1591 Venete,
1811 1527 2032 1581 domini

391 1613 652 1669 vicerunt
682 1630 697 1682 ;
733 1636 759 1663 ιι
793 1614 1034 1683 (Prasini
1062 1629 1073 1667 :
1115 1633 1134 1663 ι
1162 1613 1437 1685 Prasine).
1465 1635 1493 1663 »
1526 1615 1592 1668 Et
1616 1616 1846 1684 quando
1901 1631 2033 1670 can-

390 1700 568 1756 cellos
598 1701 1195 1763 intrarunt,cantores
1229 1700 1433 1755 dicunt
1467 1719 1478 1756 :
1511 1723 1537 1750 ‹‹
1571 1699 1804 1757 Crescat
1837 1703 2029 1774 impe-

388 1787 562 1855 rium,
623 1793 889 1844 crescant
944 1787 1169 1844 Veneti.
1210 1810 1235 1837 »
1291 1787 1385 1843 Sic
1435 1797 1632 1859 postea
1689 1789 1921 1861 aurigas
1959 1791 2028 1845 ad

2147 549 2217 623 γ’,
2253 573 2280 600 ‹‹
2317 549 2498 624 Κύριε,
2532 552 2727 602 σῶσον.
2765 569 2789 599 ι
2841 545 2904 600 Ol
2953 545 3202 617 κράκται·
3254 567 3284 595 ‹‹
3313 544 3431 599 Ἔτι
3480 542 3608 616 μίαν
3642 539 3810 611 αἶ’τη-

2149 658 2229 691 σιν
2280 637 2481 712 ἔχομεν
2542 637 2594 692 οἱ
2653 632 2844 691 δοῦλοι
2885 655 2896 668 ·
2933 659 2959 686 ››
3014 636 3042 688 6
3099 632 3231 695 λαὸς
3283 631 3344 688 ἐκ
3389 633 3455 707 γ’,
3505 633 3738 705 αθΑγιε·
3776 654 3807 682 υ

2148 727 2200 780 οἱ
2243 727 2497 801 Πράσινοι
2531 725 2762 798 ὁμοίως.
2810 724 2876 781 Oi
2922 723 3174 797 κράκται·
3213 743 3238 774 ε
3275 720 3672 796 Ἀγπέλθωμεν
3702 739 3808 796 χο-

2149 817 2350 888 ρεῦσαι,
2387 812 2662 884 δεσπόται,
2695 815 2739 869 εἰ
2770 812 3036 870 κελεύετε·
3075 835 3103 864 ››
3134 810 3162 867 6
3195 809 3327 873 λαὸς
3352 809 3412 866 ἐκ
3430 811 3496 884 γ’,
3527 833 3548 860 ε
3570 810 3747 885 ’Δγιε.
3775 831 3801 862 ι

2146 904 2214 961 O't
2281 904 2527 978 κράκται·
2583 927 2612 956 ‹‹
2663 901 2844 978 Κύριε,
2911 906 3083 956 σῶσον
3153 899 3281 963 τοὺς
3349 897 3615 963 δεσπότας
3677 903 3811 953 Ῥω-

2150 990 2346 1065 μαίων
2400 1016 2427 1044 ››
2471 990 2499 1045 6
2550 989 2681 1054 λαὸς
2732 989 2791 1045 ἐκ
2837 998 2901 1066 γ’,
2954 1014 2982 1043 ‹‹
3034 989 3214 1065 Κύριε,
3256 991 3449 1044 σῶσον.
3501 1009 3526 1041 ν
3564 988 3632 1045 Οἱ
3670 987 3806 1061 κρά-

2145 1101 2288 1136 κται·
2342 1105 2370 1133 ‹‹
2405 1082 2583 1154 Κύριε,
2631 1084 2802 1135 σῶσον
2847 1081 2976 1141 τοὺς
3025 1080 3070 1117 ⁸⁸
3117 1077 3176 1133 ἐκ
3223 1081 3318 1132 σοῦ
3350 1075 3741 1150 ἑστεμμὲνουςο
3775 1097 3805 1128 »

2145 1171 2173 1224 6
2236 1168 2371 1232 λαὸς
2429 1169 2487 1225 ἐκ
2545 1171 2616 1247 γ’,
2670 1168 2850 1244 Κύριε,
2899 1173 3091 1223 σῶσον.
3141 1191 3170 1220 ››
3221 1167 3354 1224 Εἶτα
3396 1165 3724 1244 κατέρχεται
3777 1165 3807 1220 6

2144 1258 2487 1336 ἀκτουάριος,
2555 1256 2645 1313 καὶ
2712 1257 2890 1334 στέφει
2959 1256 3086 1320 τοὺς
3151 1256 3438 1331 ἠνιόγους,
3495 1255 3586 1310 καὶ
3652 1254 3806 1330 λέγει

2142 1349 2353 1417 αὐτοῖς,
2409 1375 2433 1399 ‹‹
2468 1349 2756 1410 Εὐτάκτως
2807 1346 3120 1422 χορεύσατε.
3155 1369 3183 1397 »
3234 1347 3300 1402 Οἳ
3331 1344 3581 1419 κράκται·
3620 1367 3648 1394 ‹‹
3704 1343 3810 1400 Εὖ-

2141 1437 2352 1499 τάκτως
2407 1439 2746 1512 χορεύσομεν
2808 1436 2860 1491 ἐν
2919 1440 2986 1510 τῇ
3046 1435 3159 1508 ζωῇ
3211 1433 3382 1506 ὑμῶν,
3435 1431 3710 1488 δεσπόται.
3778 1456 3802 1484 a

2144 1525 2242 1583 Καὶ
2316 1527 2450 1600 μετὰ
2508 1527 2570 1582 τὸ
2619 1524 2863 1603 γενέσθαι
2917 1524 3318 1597 μεταστάσιμον
3371 1521 3462 1576 καὶ
3501 1520 3803 1589 ἀναστῆναι

2139 1613 2266 1677 τοὺς
2337 1612 2600 1678 δεσπότας
2651 1615 2758 1670 ἀπὸ
2823 1613 2920 1669 τοῦ
2978 1612 3217 1683 σὲντζου,
3274 1610 3514 1686 ὀψικεύει
3571 1610 3712 1673 ἄπας
3776 1611 3804 1664 6

2141 1701 2319 1778 δῆμος
2351 1703 2478 1766 τοὺς
2510 1702 2797 1780 ἡνιόχόυς,
2831 1701 3102 1777 λεγόντων
3129 1701 3193 1756 τὸ
3239 1700 3484 1773 ποίημα·
3525 1723 3553 1752 ‹‹
3589 1697 3767 1774 Ἀγάλ
3788 1729 3805 1741 ο

2141 1791 2263 1864 λου,
2319 1791 2522 1862 Βένετε,
2583 1793 2636 1847 οἱ
2685 1789 2941 1847 δεσπόται
2996 1791 3262 1862 ἐνίκησαν·
3318 1813 3345 1842 ››
3395 1789 3468 1861 (οἱ
3515 1789 3800 1863 Πράσινοι,

385 1874 690 1931 ecclesiam
723 1891 913 1947 usque
933 1877 1307 1946 comitantur,
1337 1843 1539 1932 Veneti
1573 1877 1647 1932 ad
1689 1843 2026 1950 tagigteum,

2141 1843 2543 1956 ζίἴράὲζιέᾖέ,
2577 1843 3233 1942 {at't;;'ao..'..';'.z;
3271 1878 3338 1934 τι
3365 1843 3674 1956 eam...
3706 1843 3802 1932 λιί

387 1964 608 2019 Prasini
641 1966 711 2019 ad
743 1963 1102 2030 diaconisste,
1135 1981 1366 2021 carmen
1403 1966 1734 2022 dromicum
1777 1969 2028 2022 recitan-

383 2056 504 2108 tes:
571 2075 596 2106 α
629 2053 882 2124 Exsulta,
953 2053 1199 2112 Venetel
1234 2075 1263 2104 ν)
1337 2052 1633 2127 (Prasini:
1693 2053 1968 2112 Prasiae!
2007 2056 2024 2129 )

385 2141 615 2197 Domini
648 2141 927 2199 vicerunt.
961 2161 991 2194 η

2138 1991 2325 2047 γουσιν
2377 1972 2429 2026 οἱ
2475 1976 2704 2048 κράκται
2745 1966 2818 2033 ἔς·
2875 1995 2903 2023 ι(
2936 1966 3094 2042 Λῦξει
3125 1969 3175 2005 ⁶⁴
3219 1968 3280 2024 τὸ
3316 1965 3619 2043 βασίλειον,
3653 1965 3802 2037 αὔξει

2133 2059 2224 2114 καὶ
2270 2063 2332 2115 τὸ
2389 2060 2636 2117 Βένετον.
2685 2083 2712 2113 »
2780 2058 2879 2114 Καὶ
2927 2058 3028 2122 εἴθ’
3088 2057 3262 2120 οὕτως
3311 2056 3626 2132 ὀψικεύουσι
3680 2061 3804 2119 τοῖς

2133 2146 2393 2228 ἡνιόχοις
2422 2145 2530 2212 ἓως
2586 2153 2693 2217 τῆς
2752 2147 3107 2218 Ἐκκλησίας,
3156 2147 3328 2222 ἤγουν
3367 2145 3417 2198 οἱ
3452 2145 3548 2219 μὲν
3581 2147 3800 2201 Βὲνετοι

384 2227 461 2290 εἰς
497 2229 588 2284 τὸν
628 2229 878 2305 ταγιστὲα
918 2231 1053 2304 (32),
1096 2231 1148 2285 οἱ
1189 2227 1246 2286 δὲ
1286 2231 1542 2306 Πράσινοι
1583 2229 1659 2292 εἷς
1698 2232 1764 2286 τὰ
1804 2229 2176 2308 διακονίσσης,
2217 2227 2470 2312 λέγοντες
2519 2238 2580 2293 τὸ
2643 2235 2905 2312 δρομικὸν
2949 2237 3189 2310 ποίημαο
3232 2259 3260 2287 ‹‹
3302 2233 3603 2310 Ἀγάλλου,
3648 2233 3803 2290 Βενε.

380 2338 460 2389 τε,
503 2341 529 2373 ιν
573 2320 643 2388 (οἱ
681 2321 960 2395 Πράσινοι,
1001 2319 1278 2395 Πράσινε,)
1318 2346 1346 2373 α

524 2411 885 2480 Acclamatio,
915 2418 1142 2483 quando
1165 2413 1332 2468 unius
1353 2415 1611 2483 factionis
1640 2430 1887 2473 cursores

889 2485 1150 2540 certatim
1179 2485 1501 2542 decurrunt.

451 2569 775 2643 Precentor
803 2570 974 2643 dicit:
1009 2590 1039 2619 «
1072 2570 1309 2643 Habetis
1337 2572 1735 2628 auxiliatorem
1749 2578 2027 2643 vestrum,

379 2641 580 2696 Jesum
613 2640 626 2695 l
655 2664 676 2691 ι
712 2641 963 2712 populus
993 2650 1077 2696 ter
1109 2657 1167 2695 :«
1202 2641 1444 2714 Semper
1465 2646 1645 2700 vincit
1669 2644 1682 2698 l
1708 2665 1738 2694 »
1771 2640 2029 2702 Priscené

382 2736 471 2785 tor
504 2745 516 2783 :
554 2752 580 2779 ‹‹
622 2729 903 2785 Victorias
957 2729 1260 2785 ostendat!
1317 2752 1348 2781 ››
1408 2732 1706 2803 populus;
1758 2755 1788 2784 «
1848 2735 2026 2801 Heus,

381 2818 629 2888 adjuvat
663 2841 692 2868 »
728 2819 1077 2874 Prmcentor:
1110 2840 1140 2868 «
1170 2820 1394 2891 Augeat
1414 2822 1745 2891 victoriam;
1782 2844 1810 2873 ››
1842 2841 2024 2897 popu-

381 2908 516 2964 lus:
562 2930 591 2959 «
649 2906 1006 2964 Palmaruml
1050 2930 1079 2958 »
1139 2910 1501 2966 Praecentor:
1561 2917 1889 2969 «Servator
1930 2931 2028 2971 or-

379 2995 501 3052 bisl
537 3019 564 3048 »
592 2997 841 3069 populus
876 3013 890 3052 :
919 3019 948 3048 «
981 2997 1164 3054 Nobis
1193 2998 1478 3054 auxilium
1510 3000 1649 3055 all'er
1673 3002 1686 3057 l
1712 3023 1740 3051 υ

516 3086 878 3155 Acclamatio,
896 3087 1111 3159 quando
1122 3102 1369 3144 cursore:
1393 3087 1499 3144 cito
1516 3096 1876 3162 procurrunt.

448 3177 634 3233 Citato
677 3192 882 3248 gressu
939 3192 1207 3233 cursores
1259 3185 1629 3246 procurrunt,
1689 3184 1746 3235 et
1776 3181 1844 3234 ad
1895 3195 2020 3250 pro-

377 3268 567 3338 prium
625 3243 858 3337 gr'egem
916 3266 1197 3321 veniunt:
1229 3243 1494 3322 cantores
1550 3243 1755 3323 dicunt
1789 3285 1802 3324 :
1839 3288 1872 3322 α
1895 3243 2018 3325 llos
2049 3243 2092 3310 (ἶ

379 3371 604 3423 omnes,
635 3355 904 3423 Domine,
936 3354 1188 3426 adjuvat
1223 3356 1538 3426 principes,
1571 3356 1726 3413 Deus
1757 3358 2015 3428 trinune,

379 3444 627 3514 adjuvat
662 3444 786 3500 Tuo
815 3459 1053 3500 munere
1083 3444 1341 3511 vincant,
1372 3461 1408 3500 ο
1439 3444 1710 3515 Deipara!
1748 3446 2015 3513 Vincant,

377 3531 578 3587 laetitia
591 3547 830 3600 regnum
847 3547 913 3587 ac
927 3548 1043 3587 rem
1054 3549 1127 3603 pu
1139 3531 1349 3588 bllcam
1364 3532 1670 3605 implentes
1705 3534 1718 3589 l
1745 3535 2012 3605 Vincant,

376 3620 623 3676 Venetos
652 3620 1071 3680 exbilarantesl
1105 3621 1256 3677 Deus
1286 3628 1504 3692 sancte,
1538 3623 1837 3680 victoriam
1870 3624 2016 3696 ipsis

376 3709 650 3765 concede!
670 3710 1139 3775 nSdbMichaele,
1166 3711 1511 3782 imperatore
1531 3711 2014 3784 Cbristiamante,

376 3798 782 3864 Bambaludes,
815 3799 1189 3855 Prasinorum
1222 3816 1451 3866 cursor,
1479 3817 1610 3857 cum
1645 3819 1853 3858 currus
1875 3803 2018 3873 jun-

375 3894 668 3959 gerentur,
688 3904 753 3943 ac
786 3889 966 3957 proba
995 3904 1094 3944 seu
1120 3888 1411 3959 specimen
1433 3892 1721 3958 ederetur,
1743 3907 1858 3947 non
1881 3893 2017 3947 ade-

376 3977 825 4048 rat,quoniama
857 3976 1100 4031 Petrona
1120 3979 1358 4048 patricio
1389 3981 1733 4046 tenebatur;
1761 3980 1853 4035 die
1884 3995 2018 4036 vero

375 4072 661 4130 votorum,
695 4081 839 4120 urna
862 4065 985 4133 jam
1021 4066 1252 4136 agitata,
1313 4082 1444 4120 cum
1492 4065 1696 4121 Veneti
1746 4068 2017 4123 transiis-

374 4164 523 4217 seut.
562 4154 814 4223 advenit,
843 4158 900 4211 et
925 4154 1247 4210 secundum
1262 4153 1511 4210 Prasinae
1525 4155 1794 4212 factionis
1818 4172 2015 4227 preces

375 4244 652 4299 mandato
675 4242 1040 4312 imperatoris
1059 4241 1119 4297 in
1150 4241 1324 4298 tertia
1349 4241 1831 4313 palmacucurrit,
1851 4251 1908 4302 et
1929 4246 2010 4301 vi-

374 4332 608 4386 ctoriam
656 4333 989 4400 reportavit.

1389 2323 1444 2375 οἱ
1485 2318 1740 2377 δεσπόται
1781 2322 2057 2396 ἐνίκησαν.
2104 2349 2130 2381 ι

2139 2422 2331 2491 ”Ακτα,
2363 2420 2451 2476 ὅτε
2481 2418 2768 2499 τρέχουσιν
2817 2421 2868 2474 οἱ
2921 2416 3143 2494 δρομεῖς
3183 2421 3278 2473 τοῦ
3311 2416 3425 2480 ἑνὸς
3460 2415 3659 2490 μὲρους
3689 2416 3795 2472 ἀπὸ

2744 2508 2954 2584 δρόμου
2980 2509 3185 2564 ἀπεκεῖ.

2210 2595 2369 2676 Λέγει
2401 2599 2428 2653 6
2462 2593 2806 2672 φωνοόόλος·
2861 2623 2887 2650 ‹‹
2923 2599 3119 2673 Ἔχετε
3173 2597 3484 2668 βοηθοῦντα
3522 2594 3653 2669 ὑμῖν
3683 2595 3794 2664 Ἰη-

2139 2688 2288 2741 σοῦν·
2325 2710 2351 2741 »
2405 2689 2432 2742 ὁ
2483 2685 2617 2750 λαὸς
2647 2686 2706 2743 ἐκ
2736 2688 2802 2763 γ’,
2857 2710 2884 2739 α
2917 2687 3025 2744 Ἀεὶ
3057 2689 3196 2756 νικᾷ.
3253 2708 3279 2738 ›)
3332 2685 3392 2743 Ὁ
3445 2680 3793 2764 φιυνοόόλος,

2138 2797 2168 2826 ‹‹
2199 2773 2366 2838 Νίκας
2398 2772 2577 2850 δείξειο
2615 2801 2642 2829 ››
2695 2778 2722 2831 ὁ
2775 2774 2926 2842 λαὸς,
2979 2799 3008 2828 ‹‹
3050 2775 3336 2830 Ἐσαίουτα
3369 2774 3497 2847 (33).
3533 2797 3561 2824 n
3593 2775 3656 2832 Ὀ
3687 2795 3799 2853 φω-

2133 2857 2388 2934 νοϐόλος,
2422 2890 2450 2918 ‹‹
2479 2863 2635 2937 Αὔξει
2667 2863 2841 2936 νίκην·
2876 2889 2904 2918 ››
2949 2865 2976 2919 6
3021 2861 3176 2932 λαὸς,
3227 2887 3248 2914 α
3284 2866 3406 2920 Τῶν
3444 2861 3635 2939 βαΐών.
3672 2885 3697 2915 ι
3734 2866 3795 2920 Ὁ

2135 2947 2476 3032 φωνοόόλος.
2517 2979 2544 3007 ‹‹
2577 2955 2769 3029 Σωτῆρ
2814 2957 2910 3009 τοῦ
2939 2952 3170 3026 κόσμου·
3207 2977 3234 3003 ››
3268 2952 3295 3006 6
3329 2950 3483 3020 λαὸς,
3516 2976 3544 3004 ‹‹
3579 2953 3797 3022 Βοήθη-

2137 3062 2229 3097 σον
2259 3044 2294 3112 ἡ
2305 3048 2428 3115 μᾶς.
2463 3066 2488 3098 ιι

2308 3132 2477 3188 Ἀκτα
2503 3133 2576 3194 εἷς
2607 3132 2696 3187 τὸν
2732 3131 3143 3204 ἀπολακτισμὸν
3187 3135 3294 3186 τῶν
3329 3128 3603 3204 δρομέων.

2203 3219 2694 3290 Ἀπολακτίζουσιν
2727 3221 2780 3275 o't
2829 3216 3074 3295 δρομεῖς,
3123 3219 3212 3274 καὶ
3262 3215 3520 3295 ἔρχονται
3552 3213 3795 3294 ἔμπροσ-

2131 3319 2216 3374 θεν
2248 3312 2344 3364 τοῦ
2378 3306 2519 3364 ἰδίου
2543 3306 2744 3383 δήμου,
2778 3309 2870 3364 καὶ
2902 3307 3156 3383 λέγουσιν
3177 3308 3228 3362 οἱ
3254 3308 3500 3384 κράκται·
3529 3331 3558 3359 ‹‹
3580 3307 3794 3373 Ὅλους

2129 3398 2378 3464 τούτους,
2428 3398 2612 3473 Κύριε,
2665 3399 2961 3472 βοήθησον,
3011 3399 3138 3459 τοὺς
3188 3397 3438 3472 πρώτους
3484 3398 3788 3472 βοήθησον,

2131 3486 2159 3542 ὁ
2191 3486 2241 3542 ἐν
2274 3486 2489 3562 Τριάδι,
2538 3488 2820 3558 νικήσουσι
2870 3479 3184 3563 πρεσϐείαις
3235 3506 3352 3554 σου,
3407 3485 3656 3553 Θεοτόκε,
3706 3509 3788 3542 νι-

2127 3577 2358 3648 κήσουσι
2415 3581 2847 3654 χαροπηιοῢντες
2904 3579 3006 3647 τήν
3090 3577 3388 3653 βασιλείαν,
3445 3579 3544 3646 τήν
3619 3577 3787 3634 πολι-

2127 3664 2295 3734 τεεαν,
2371 3669 2651 3738 νικήσουσι
2741 3671 3171 3743 χαροποιοῦντες
3269 3665 3397 3730 τοὺς
3501 3666 3784 3729 Βενέτουςο

2128 3751 2202 3818 ἕς’
2237 3757 2264 3810 6
2296 3755 2423 3819 Θεὸς
2458 3755 2486 3811 6
2517 3756 2696 3831 ἅγιος,
2729 3756 2884 3826 νῐκήν
2917 3755 3101 3818 αὐτοῖς
3151 3759 3461 3833 παράσχου·
3499 3780 3526 3808 ››
3557 3757 3784 3828 Ἰστὲον,

2129 3841 2213 3900 ὅτι
2247 3841 2334 3900 ἐπὶ
2366 3843 2596 3920 Μιχαὴλ
2648 3847 2749 3899 τοῦ
2798 3841 3161 3920 φιλοχγίστοο
3194 3840 3459 3901 δεσπότου
3491 3846 3518 3900 6
3569 3841 3785 3919 Βαμόα-

2129 3931 2333 4004 λοὺδης
2391 3935 2418 3989 ὁ
2476 3937 2582 3989 τῶν
2653 3931 2931 4009 Πρασίνων
2971 3933 3208 4009 δρομεὺς
3274 3935 3348 3997 εἷς
3415 3936 3481 3990 τὰ
3548 3939 3786 4011 ζυγιασι-

2130 4022 2204 4095 μᾶ
2243 4025 2357 4095 (34)
2404 4023 2508 4078 καὶη
2545 4023 2621 4085 εἷς
2669 4024 2764 4086 τὰς
2813 4018 3023 4097 πρόϐας
3070 4025 3184 4095 (35)
3237 4022 3336 4078 οὐκ
3381 4022 3468 4098 ἦν’
3503 4021 3781 4099 ἐκρατεῖτο

2126 4111 2228 4188 γὰρ
2279 4111 2381 4168 ὑπὸ
2447 4116 2541 4166 τοῦ
2608 4111 2894 4186 πατρικίου
2973 4115 3226 4188 ΙΙετρωνᾶ
3273 4113 3411 4188 (36),
3459 4118 3528 4187 τῇ
3579 4109 3636 4168 δὲ
3682 4118 3782 4169 τοῦ

2130 4199 2292 4273 βοτοῦ
2338 4200 2537 4274 ἡμέρᾳ,
2588 4198 2934 4272 τελεσθείσης
2981 4206 3082 4272 τῆς
3126 4197 3419 4276 κυλίστρας
3468 4202 3559 4258 καὶ
3602 4223 3781 4275 παραυ

2125 4283 2331 4345 ϐάντων
2382 4291 2491 4365 (37)
2544 4291 2800 4362 Βενέτων,
2871 4289 3006 4363 μετᾶ
3049 4293 3216 4346 ταῦτα
3264 4289 3430 4360 ἦλθεν
3481 4290 3510 4347 6
3559 4287 3781 4365 Βαμόαο

2126 4373 2355 4448 λοόδης,
2404 4380 2491 4434 καὶ
2544 4377 2594 4453 ἐξ
2645 4378 2910 4451 αἰτήσεως
2967 4383 3064 4436 τοῦ
3113 4376 3295 4455 δήμου
3344 4385 3453 4436 τῶν
3499 4381 3780 4455 Πρασίνων

2120 4459 2349 4540 ἔδραμεν
2399 4465 2505 4522 ἀπὸ
2551 4465 2846 4532 κελεύσεως
2895 4467 2975 4532 εἰς
3027 4469 3090 4524 τὸ
3137 4469 3395 4544 τέταρτον
3451 4467 3628 4546 βαΐον,
3686 4471 3778 4526 καὶ

2119 4554 2172 4610 ἰν
2183 4555 2269 4626 ίκη
2280 4576 2364 4612 σεν
2373 4597 2388 4615 .
3157 4571 3160 4574 ’

1724 4663 1816 4722 VA
1827 4663 1963 4722 RI/E
1999 4665 2412 4726 LECTIONES.

444 4753 490 4789 ⁸³
527 4753 653 4816 τοὺς
696 4773 810 4812 om.
853 4760 944 4815 ed.
1020 4763 1064 4796 “
1103 4755 1180 4816 ἕσι
1223 4761 1348 4833 αὕξε
1387 4767 1478 4823 ed.

1401 4861 1601 4920 JOAN.
1641 4862 1791 4919 JAC.
1832 4863 2091 4920 REISKII
2128 4862 2721 4924 COMMENTARIUS.

445 4954 561 5038 (32)
590 4953 845 5038 Deloco_
867 4959 1143 5038 τᾳγιστεὺς
1163 4960 1316 5018 dioto
1362 4961 1506 5019 nihil
1536 4961 1710 5020 habet
1759 4967 1842 5019 Du
1875 4964 2015 5022 οη.
2047 4965 2097 5031 1)
2129 4963 2308 5038 frater
2335 4965 2651 5038 Theudor;
2673 4969 2952 5038 augustae,
2980 4967 3183 5022 matris
3205 4967 3508 5026 Michaelis
3540 4970 3774 5030 ΕΙ)τίοεὶ

381 5025 510 5097 gius
540 5025 597 5079 in
631 5025 758 5082 CPli
789 5025 999 5086 Christ.

447 5097 743 5222 (agimus,
773 5100 968 5172 adjuta
997 5119 1099 5158 seu
1157 5102 1383 5170 adiuva.
1442 5119 1734 5168 succurre;
1764 5105 1881 5164 vid.
1943 5105 2014 5162 ad

693 5243 1112 5310 compositione
1141 5249 1198 5299 et
1224 5245 1660 5320 coordinatione
1679 5250 1851 5318 atque
1881 5262 2016 5303 cono

369 5310 1049 5436 jugationetcurruumet
1079 5333 1360 5388 equorum
1377 5310 1923 5382 combinandorum,
1945 5323 2008 5373 ut

376 5397 547 5434 cursu
582 5399 676 5436 cer
707 5394 825 5441 ent.

2129 5041 2187 5111 et
2217 5037 2570 5111 domesticus
2601 5035 2946 5111 Scholarum
2981 5053 3107 5111 ;_,v.
3144 5039 3214 5092 ad
3274 5057 3330 5111 p.
3363 5041 3489 5096 374.
3545 5041 3773 5100 Nomen

2132 5106 2459 5184 Rotronacis
2490 5112 2590 5184 aut
2619 5108 2872 5184 Petronis
2905 5109 3097 5165 medio
3122 5125 3243 5184 aevo
3273 5106 3399 5168 erat
3420 5113 3775 5184 frequentis-

2127 5177 2340 5234 simum
2367 5179 2632 5266 :quodin
2655 5179 2784 5266 aliis
2811 5181 3170 5266 argumentis
3202 5198 3381 5266 unum
3415 5177 3772 5266 quozqueest,

2122 5263 2155 5305 e
2183 5265 2299 5320 quo
2348 5251 2634 5306 recentior
2675 5255 2814 5306 tetas
2854 5252 3163 5321 fragmenti
3202 5251 3768 5318 Tragurianl'evinci

2123 5326 2310 5391 potest
2342 5339 2355 5388 ;
2389 5323 2656 5392 quamvis
2680 5322 3144 5392 largiarlubens,
3170 5339 3402 5389 nequea
3439 5327 3608 5382 docto
3633 5327 3771 5383 Dal-

2122 5398 2300 5467 mata.
2332 5391 2430 5462 qui
2465 5399 2692 5463 primus
2721 5391 3004 5467 idéedidit,
3029 5411 3215 5464 neque
3242 5396 3385 5452 forte
3406 5399 3619 5453 saeculo
3651 5415 3768 5467 Juv,

444 5452 557 5541 (335)
578 5453 847 5541 'Edehant
871 5475 1076 5541 nempe
1103 5459 1432 5541 specimina
1463 5460 1577 5521 sui.
1609 5460 2010 5541 faciebantque
2117 5452 2425 5541 cautiorem
2447 5452 2522 5541 id
2554 5467 2750 5541 fuisse.
2775 5464 2930 5520 Nihil
2958 5452 3406 5541 enim'impedit,
3442 5452 3770 5541 quominus

373 5523 630 5603 pericula
660 5543 867 5584 currus
905 5539 958 5585 et
983 5523 1117 5602 equi
1145 5523 1210 5586 et
1269 5534 1480 5603 aurigae
1531 5537 1665 5587 ante
1716 5523 2006 5588 certamen
2117 5535 2176 5590 id
2208 5535 2276 5587 ad
2308 5534 2623 5591 Justiniani
2666 5553 2850 5592 aevum
2894 5538 3227 5593 reteramus.

375 5593 694 5660 publicum.

447 5661 554 5732 (36)
597 5665 728 5720 Erat
759 5667 859 5722 ille
912 5670 1189 5729 Patricius
1249 5674 1520 5730 Petronas
1575 5676 1674 5729 aut
1721 5674 2005 5730 Petronax

2188 5605 2305 5686 (37')
2333 5604 2569 5686 Videtur
2598 5608 2756 5686 idem
2785 5609 3116 5686 significare
3153 5615 3354 5686 atque,
3380 5605 3631 5686 ’ἐχόντων
3661 5612 3762 5681 τήν

2119 5673 2473 5750 προτιμησιν,
2507 5682 2569 5736 ut
2588 5679 2733 5737 alias
2755 5673 2902 5738 solet
2930 5678 3138 5738 Noster
3196 5673 3378 5754 loqui,
3419 5673 3609 5755 'éuum
3635 5673 3766 5757 pri-

4102 3043 4118 3140 ἑ
