4136 6302
299 430 425 488 637

1179 433 1276 492 DE
1319 434 1785 498 CERIMONIIS
1833 437 2065 498 AULJE
2108 436 2588 499 ΒΥΖΑΝΤΙΝᾸΞ
2630 439 2776 499 LIB.
2825 439 2868 499 1.

3605 445 3722 505 658

297 562 602 618 πίπτουσιν
635 563 690 617 οἱ
725 560 1026 636 πατρίκιοι,
1059 560 1148 617 καὶ
1182 557 1368 617 λαϐὼν
1415 567 1586 636 νεῦμα
1633 567 1661 620 ὁ
1710 567 1955 639 πραιπό-

2069 568 2260 624 biculo
2293 586 2361 625 ac
2382 569 2614 627 duobus
2644 571 2990 644 spathariis,
3014 585 3146 627 cum
3178 572 3300 628 suis
3332 574 3716 642 dextralibus,

299 673 481 721 σιτοςν
537 651 681 706 νεύει
738 654 821 723 τῷ
874 657 977 720 τῆς
1037 651 1413 716 καταστάσεως
1457 654 1702 716 κάκεῖνος
1762 654 1948 730 λέγει’

307 763 334 791 ι
372 739 689 807 Κελεύσατε,
744 763 772 792 »
819 741 910 795 καὶ
950 739 1265 818 ἐξέρχονται
1313 741 1655 816 ὀψικεύοντες
1709 745 1802 799 τὸν
1851 745 1952 820 βα-

302 827 464 885 σιλέα
497 829 665 903 μέχρι
694 834 795 897 τῆς
824 826 1008 898 πύλης
1040 827 1116 890 εἷς
1147 829 1213 884 τά
1244 829 1438 905 βάθρα,
1468 831 1558 885 καὶ
1587 831 1870 906 ἀνέρχεται
1923 833 1952 887 ὁ

306 917 569 993 βασιλεὺς
617 917 706 972 ἐπὶ
747 920 846 972 τοῦ
893 921 1116 986 σέντζου
1157 915 1346 984 αὐτοῦ,
1376 922 1484 973 τῶν
1533 919 1812 994 ἀρχόντων
1857 925 1954 975 τοῦ

304 1003 706 1064 κουῦουκλείου
780 1006 1032 1060 ἑστώτων
1087 1006 1178 1061 καὶ
1263 1003 1358 1062 δύο
1435 1008 1742 1084 σπαθαρίων
1809 1005 1954 1064 ἔνθεν

303 1099 548 1165 κάκεῖσε,
607 1095 982 1170 βασταζόντων
1049 1095 1119 1150 τά
1175 1093 1462 1170 διστράλια
1517 1096 1694 1152 αὐτῶν
1721 1117 1734 1130 ·
1793 1099 1850 1153 οἱ
1898 1097 1956 1155 δὶ

307 1186 571 1264 εύνοῦχοι
619 1183 1102 1259 πρωτοσπαθάριοι
1148 1181 1390 1240 ἵστανται
1448 1185 1625 1241 έπάνω
1681 1191 1778 1242 τοῦ
1823 1189 1956 1243 σκά-

2065 659 2141 712 ub
2167 666 2409 730 utroque
2433 658 2612 716 latere
2633 661 3000 716 constitutis:
3027 661 3283 717 eunuchi
3310 665 3716 735 protospatha-

2062 746 2132 800 rit
2155 762 2332 818 super
2351 763 2592 804 scamno
2625 765 2774 820 pone
2796 748 3076 805 thronum
3098 756 3278 816 stant,
3307 751 3364 806 in
3388 768 3504 823 quo
3533 751 3722 822 impe-v

2061 841 2241 903 rator,
2292 841 2382 890 ter
2425 837 2638 907 pepulo
2702 839 2953 908 signato,
3002 839 3237 895 assidet.
3286 841 3714 898 Acclamatione

2063 922 2248 986 ﬁnita,
2277 926 2622 995 praepositus
2661 927 2898 998 signum
2929 928 3158 1000 accipit,
3192 944 3576 1001 egressusque
3609 946 3714 1001 pa-

2062 1011 2264 1067 tricios
2293 1017 2351 1066 et
2378 1018 2664 1086 strategos
2697 1017 2768 1070 ad
2795 1032 3067 1082 magnam
3101 1023 3328 1089 portam
3358 1020 3712 1074 constitutos

2064 1101 2298 1170 reperit,
2331 1101 2433 1171 qui
2483 1104 2650 1174 signo
2682 1103 2822 1174 ipsis
2846 1105 3004 1173 dato,
3052 1107 3124 1162 ad
3156 1122 3293 1163 suos
3316 1108 3552 1164 ordines
3587 1107 3724 1162 sin-

2065 1193 2186 1264 guli
2218 1194 2458 1250 abeunt.

313 1297 452 1364 μνου
493 1275 712 1340 ὄπισθεν
751 1278 848 1330 τοῦ
887 1276 1240 1345 σέντζου,καί
1282 1277 1374 1332 τὸν
1417 1275 1548 1332 λαὸν
1587 1276 1646 1333 έκ
1683 1277 1869 1353 τρίτου
1908 1281 2344 1358 κατασφραγίσας
2385 1283 2684 1352 καθέζεται.
2708 1285 2812 1340 Καὶ
2851 1285 3238 1358 πληρωθείσης
3273 1295 3374 1356 τῆς
3413 1287 3708 1364 εὐφημίας,

308 1361 497 1422 λαϐὼν
535 1369 706 1438 νεῦμα
744 1365 774 1419 ὁ
812 1363 1174 1437 πραιπόσιτος
1210 1365 1299 1420 καὶ
1340 1363 1841 1438 έξελθὼν,εύρίσκει
1878 1366 1932 1424 έν
1969 1368 2039 1443 τῇ
2079 1369 2292 1446 μεγάλῃ
2323 1370 2470 1445 πύλῃ
2500 1372 2736 1434 ἑστῶτας
2755 1373 2882 1428 τοὺς
2904 1374 3223 1447 πατρικίους
3239 1375 3329 1429 καὶ
3351 1361 3706 1451 στρατηγοὺς,

309 1457 401 1511 καὶ
437 1452 662 1510 δίδωσιν
701 1453 888 1516 αὐτοῖς
927 1457 1120 1525 νεῦμα,
1161 1453 1250 1509 καὶ
1289 1454 1585 1531 ἀπέρχεται
1623 1453 1838 1519 ἵκαστες
1877 1457 1953 1520 είς
1989 1458 2086 1520 τὰς
2122 1459 2296 1530 τάξεις
2335 1460 2533 1516 αὐτῶν.

381 1550 451 1601 1".
485 1544 606 1617 Χρή
655 1539 713 1597 δέ
769 1539 991 1608 εἰδέναι,
1023 1541 1108 1596 ὅτι
1156 1540 1208 1596 έν
1263 1544 1446 1618 ἡμέρᾳ
1471 1548 1573 1599 τοῦ
1622 1548 1794 1601 Βοτοῦ
1852 1544 1951 1600 οὐκ

2134 1549 2232 1604 ΙΙΙ.
2283 1550 2380 1604 Die
2411 1549 2536 1606 Voti
2585 1550 2656 1605 ad
2697 1550 2976 1606 thronum
3034 1551 3421 1623 imperatoris,
3456 1557 3521 1608 ut
3567 1567 3702 1607 eum

307 1632 649 1710 εἰσέρχονται
709 1629 762 1685 έν
809 1635 888 1701 τῷ
942 1629 1233 1703 καθίσματι
1300 1633 1376 1694 εἰς
1433 1633 1799 1707 προσκύνησιν
1852 1641 1950 1690 τοῦ

2062 1638 2326 1704 adorent,
2379 1653 2494 1692 non
2543 1639 2845 1705 accedunt,
2897 1640 3021 1709 sed,
3080 1644 3146 1694 ut
3214 1640 3488 1704 diximus,
3546 1641 3696 1694 diem

311 1720 609 1792 βασιλέως,
669 1717 814 1775 ἀλλὰ
849 1717 1110 1790 τελεῖται,
1152 1720 1228 1782 ὡς
1278 1723 1641 1795 προείρηται⁶
1695 1723 1786 1778 καὶ
1840 1729 1951 1779 τῶν

2062 1725 2224 1780 illum
2257 1726 2572 1790 celebrant.
2608 1731 2664 1781 et
2695 1725 2907 1797 palmis
2938 1733 3189 1798 quatuor
3219 1727 3417 1796 ﬁnitis,
3450 1728 3698 1798 impera-

311 1808 356 1865 δ’
419 1808 584 1878 βαίων
622 1807 1006 1873 τελεσθέντων.
1040 1809 1265 1871 ἀναστάς
1319 1810 1347 1864 ὁ
1382 1810 1636 1878 βασιλεὺς
1693 1811 1799 1867 ἀπὸ
1854 1817 1952 1868 τοῦ

2062 1818 2154 1868 tor
2183 1831 2216 1869 a
2263 1813 2467 1870 throno
2508 1813 2712 1882 surgit,
2747 1831 2962 1886 perque
2991 1814 3338 1884 triclinium,
3369 1815 3427 1869 in
3459 1831 3573 1886 quo
3604 1832 3698 1870 so-

308 1900 553 1969 σέντζου,
611 1895 892 1976 διέρχεται
939 1895 1030 1952 διὰ
1083 1903 1179 1954 τοῦ
1234 1897 1540 1974 τρικλίνου,
1599 1901 1661 1955 οὗ
1727 1900 1951 1957 εἷ’θισται

2062 1902 2254 1959 lemne
2272 1903 2596 1958 convivium
2611 1873 2961 1971 instituitur,
2984 1904 3074 1960 21
3089 1905 3128 1959 1
3148 1873 3403 1974 patriciis
3425 1873 3698 1974 utrinque

308 1991 557 2065 ἀριστᾷν,
591 1992 701 2043 τῶν
751 1986 1049 2062 πατρικίων
1099 1988 1347 2043 ἑστώτων
1399 1987 1545 2044 ἔνθεν
1596 1990 1830 2057 κάκεῖσε,
1861 1989 1953 2046 καὶ

309 2076 738 2154 δηριγευόμενος
797 2076 826 2130 ὁ
879 2075 1138 2150 βασιλεὺς
1195 2076 1298 2132 ὑπὸ
1355 2082 1463 2133 τῶν
1517 2079 1804 2154 ἀρχόντων
1855 2084 1960 2135 τοῦ

306 2163 732 2236 κουϐουκλείου,
761 2164 1068 2240 εἰσέρχεται
1108 2161 1198 2220 διὰ
1225 2170 1321 2222 τοῦ
1364 2167 1532 2240 μέσου
1570 2168 1764 2236 αὐτῶν,
1797 2169 1950 2225 αὐτοὶ

307 2255 373 2312 δὲ
421 2254 813 2330 ὑπερεύχονται
842 2255 934 2309 τὸν
975 2252 1227 2328 βασιλέα.
1262 2256 1359 2310 Καὶ
1400 2254 1735 2320 εἰσελθόντος
1787 2259 1953 2313 αὐτοῦ

303 2346 388 2408 είς
433 2346 526 2401 τὸν
574 2347 833 2413 κοιτῶνα,
867 2337 1132 2416 λαμϐάνει
1171 2345 1200 2398 ὁ
1230 2345 1588 2419 πραιπόσιτος
1615 2347 1678 2401 τὸ
1737 2348 1954 2421 στέμμα

305 2434 418 2491 ἀπὸ
452 2441 554 2504 τῆς
590 2430 840 2513 κεφαλῆς
889 2431 1078 2498 αὐτοῦ,
1124 2432 1214 2487 καὶ
1265 2432 1601 2507 εἰσέρχονται
1650 2436 1703 2489 οἱ
1753 2435 1954 2509 βεστή-

305 2543 488 2598 τορες,
534 2525 622 2578 καὶ
698 2519 1111 2578 ἀπαλλάσσουσι
1181 2523 1280 2591 τήν
1337 2519 1571 2596 χλανίδα
1626 2523 1814 2593 αὐτοῦ,
1862 2523 1952 2578 καὶ

312 2608 786 2686 περιϐαλλόμενος
821 2611 884 2664 τὸ
916 2609 1109 2685 σαγίον
1149 2611 1339 2679 αὐτοῦ,
1371 2613 1696 2688 κατέρχεται
1725 2609 1814 2668 διὰ
1857 2618 1956 2669 τοῦ

327 2703 594 2773 μυστικοῦ
622 2697 875 2774 κοχλιοῦ,
903 2698 995 2752 καὶ
1026 2697 1327 2774 εἰσέρχεται
1361 2699 1436 2761 είς
1466 2699 1556 2754 τὸν
1595 2704 1832 2754 κοιτῶνα
1859 2704 1957 2756 τοῦ

328 2786 638 2860 οκταγώνου
666 2785 892 2855 πλησίον
936 2790 1036 2842 τοῦ
1080 2785 1238 2863 ἁγίου
1275 2787 1568 2861 Στεφάνου,
1598 2786 1687 2842 καὶ
1727 2785 1956 2860 ἐξελθὼν

2064 1992 2456 2060 adstantibus,
2471 1993 2705 2057 transit,
2724 1998 2781 2047 et
2794 2009 2828 2047 a
2846 1994 3128 2063 praefectis
3144 1993 3410 2048 cubiculo
3424 1992 3698 2063 stipatus,

2067 2097 2168 2153 per
2189 2082 2448 2136 medium
2479 2097 2703 2146 eorum,
2733 2081 2874 2136 dum
2908 2081 3097 2136 felicia
3123 2081 3319 2137 omnia
3341 2079 3455 2152 ipsi
3485 2097 3699 2152 appre—

2059 2176 2289 2237 cantur,
2312 2171 2586 2242 procedit.
2604 2174 2672 2226 Ut
2703 2169 3040 2225 cubiculum
3071 2169 3326 2239 intravit,
3348 2170 3698 2242 praepositus

2060 2276 2332 2316 coronam
2379 2275 2414 2314 a
2458 2259 2649 2331 capite
2697 2260 2825 2329 ejus
2873 2258 3077 2332 demit,
3125 2258 3429 2314 vestitores
3458 2273 3696 2329 quoque

2061 2347 2364 2413 accedunt,
2385 2348 2638 2402 tunicam
2665 2347 2940 2402 mntaturi
2967 2362 2981 2400 :
3003 2346 3149 2417 ipse,
3172 2360 3306 2416 sago
3336 2345 3571 2417 injecto,
3596 2361 3699 2416 per

2060 2435 2356 2492 cochleam
2411 2440 2690 2490 secretam
2724 2432 3058 2490 cubiculum
3103 2433 3368 2504 octagoni
3401 2449 3575 2503 prope
3631 2432 3692 2487 S.

2061 2525 2340 2598 Stephani
2390 2525 2553 2597 petit,
2584 2540 2650 2579 ac
2699 2521 3016 2578 triclinium
3065 2538 3162 2577 xu
3205 2522 3573 2577 accubituum
3604 2521 3696 2576 in-

2063 2630 2324 2688 gressus,
2354 2615 2688 2669 veneranda:
2720 2627 2934 2668 mense
2970 2627 3088 2667 suae
3117 2626 3251 2666 cum
3285 2610 3565 2681 praefectis
3595 2626 3700 2665 cu-

2067 2701 2278 2767 biculo,
2301 2700 2623 2768 sacellario,
2646 2700 3094 2756 cerimoniarum
3131 2699 3404 2766 magistro
3423 2704 3481 2755 et
3505 2703 3701 2756 actua-

2067 2790 2152 2847 rio
2173 2789 2487 2858 accumbit,
2509 2790 2570 2844 in
2595 2788 2968 2844 inferioribus
2989 2787 3131 2843 locis
3153 2788 3362 2843 fratres
3394 2787 3572 2843 nostri
3604 2803 3707 2860 per

330 2874 408 2937 εἷς
432 2875 498 2930 τά
530 2875 592 2929 ιϐ’
627 2869 904 2945 ἀκούϐιτα,
936 2871 1265 2948 ἀκουμϐίζει
1295 2874 1381 2929 ἐπὶ
1431 2882 1533 2944 τῆς
1574 2874 1762 2948 τιμίας
1794 2877 1961 2931 αὐτοῦ

2067 2879 2355 2935 Christum
2388 2877 2682 2933 adsident.
2706 2877 3029 2948 Imperator
3048 2875 3258 2947 surgit,
3281 2880 3338 2932 et
3367 2877 3438 2932 ad
3469 2877 3712 2933 cubicu-

321 2963 594 3040 τραπέζης
626 2965 760 3038 μετὰ
787 2969 894 3021 τῶν
940 2964 1224 3040 ἀρχόντων
1272 2963 1369 3022 τοῦ
1426 2960 1838 3036 κουόουκλείου,
1867 2967 1961 3021 τὸν

2075 2969 2195 3024 lum
2217 2967 2481 3039 daphnes
2505 2981 3084 3038 progressus,eagum
3109 2981 3280 3021 suum
3303 2965 3514 3034 induit,
3535 2969 3710 3036 atque

315 3060 417 3112 τοῦ
455 3055 774 3128 σακελλίου,
804 3057 897 3112 τὸν
921 3060 1022 3127 τῆς
1061 3059 1436 3120 καταστάσεως
1483 3059 1573 3114 καὶ
1623 3061 1714 3115 τὸν
1769 3061 1968 3114 ἀκτου-

2071 3057 2444 3114 cubiculariis
2485 3061 2541 3112 et
2589 3053 2811 3126 reliquo
2857 3053 3102 3110 solemni
3141 3053 3423 3127 obsequio
3460 3053 3710 3122 cinctus,

318 3165 497 3219 αριον,
547 3145 624 3208 είς
669 3142 727 3201 δὲ
786 3145 914 3207 τοὺς
976 3147 1123 3202 κάτω
1173 3143 1496 3210 ἀκουϐίτους
1555 3150 1862 3218 καθέζονται
1909 3148 1968 3202 οἱ

2075 3146 2356 3221 palatium
2389 3160 2566 3200 suum
2596 3161 2630 3200 a
2663 3148 2774 3200 Deo
2803 3143 3160 3200 custoditum
3196 3144 3364 3214 petit.

315 3233 411 3290 διὰ
461 3236 692 3310 Χριστὸν
738 3238 902 3310 ἡμῶν
939 3233 1184 3316 ἀδελφοί.
1221 3238 1319 3294 Καὶ
1357 3237 1582 3300 ἀναστάς
1635 3239 1662 3292 ὁ
1723 3235 1981 3312 βασιλεὺς
2037 3238 2127 3291 καὶ
2187 3232 2420 3306 ἐξελθὼν
2479 3230 2777 3306 ἔμπροσθεν
2841 3235 2940 3288 τοῦ
3012 3234 3273 3292 κοιτῶνος
3323 3231 3422 3316 τῆς
3480 3227 3709 3308 δάφνης,

311 3319 714 3399 περιϐάλλεται
762 3325 826 3380 τὸ
877 3313 1096 3381 τούτου-
1140 3326 1348 3400 σαγίον,
1406 3327 1496 3381 καὶ
1555 3324 1975 3402 δηριγευόμενος
2033 3326 2138 3382 ἂπὸ
2195 3328 2290 3379 τοῦ
2347 3318 2739 3379 κουϐουκλείου
2777 3322 2866 3376 καὶ
2908 3319 3120 3376 Λοιπῶν
3155 3323 3261 3376 τῶν
3301 3317 3354 3390 έξ
3392 3313 3547 3384 ἔθους
3585 3320 3715 3394 ὀψι-

311 3415 585 3470 κευόντων
623 3415 806 3483 αὐτὸν,
848 3409 1067 3490 ἔρχεται
1106 3413 1160 3470 έν
1197 3419 1276 3487 τῷ
1311 3414 1670 3493 θεοφυλάκτῳ
1707 3415 1873 3470 αὐτοῦ
1913 3415 2186 3487 παλατίῳ.

390 3506 464 3562 Δ’.
521 3507 649 3582 Χρὴ
709 3503 768 3560 δὶ
838 3505 934 3561 τὸν
1011 3504 1370 3580 πραιπόσιτον
1439 3503 1810 3581 παραγγελίαν
1869 3505 1958 3560 καὶ

2147 3504 2239 3560 IV.
2281 3504 2661 3576 Prapositum
2710 3503 2988 3558 mandata
3032 3502 3188 3569 dare,
3219 3515 3542 3572 omnesque
3570 3515 3712 3557 con-

312 3594 616 3672 ἀσφάλειαν
670 3600 895 3664 ποιῆσαι
943 3595 1081 3669 πρὸς
1118 3595 1322 3657 πάντας
1366 3593 1494 3656 τοὺς
1558 3595 1654 3656 τὰς
1713 3594 1962 3664 συνήθεις

2071 3595 2237 3648 sueta
2263 3591 2585 3647 ministeria
2614 3591 2675 3646 in
2705 3589 3049 3647 decursione
3076 3587 3332 3659 equestri
3373 3593 3710 3658 peracturos

310 3683 368 3740 έν
414 3687 494 3756 τῷ
548 3679 908 3757 ἱπποδρομίῳ
963 3681 1313 3748 ἑκτελοῦντας
1360 3680 1633 3752 δουλείας,
1677 3683 1806 3744 τοὺς
1867 3682 1962 3754 μέν

2067 3695 2431 3737 oommonere
2477 3683 2704 3749 oportet
2737 3694 2751 3733 :
2787 3676 3202 3748 manganarios
3232 3675 3496 3746 quidem,
3532 3690 3604 3730 ne
3631 3676 3705 3731 ab

315 3771 721 3848 μαγγαναρίους
755 3773 832 3845 μὴ
862 3772 1140 3846 τολμῆσαι
1172 3772 1222 3845 ἐξ
1264 3774 1518 3845 ἑκατέρου
1553 3770 1750 3846 μέρους
1810 3768 1960 3846 δῶρα

308 3858 504 3921 λαϐεῖν
545 3864 636 3918 καὶ
691 3865 916 3933 ποιῆσαι
961 3861 1149 3935 δόλον,
1196 3862 1322 3926 τοὺς
1373 3861 1431 3918 δὲ
1477 3861 1794 3937 κούρσωρας
1828 3860 1956 3923 τοὺς

313 3950 623 4026 μέλλοντας
681 3953 895 4007 ἑστάναι
943 3951 1034 4006 καί
1077 3959 1347 4027 κρατῆσαι
1398 3951 1526 4015 τοὺς
1585 3949 1955 4025 συμπερέστας

305 4041 448 4116 πρὸς
501 4041 566 4096 τὸ
621 4039 870 4116 κατέχειν
905 4039 1100 4102 αὐτοὺς
1152 4039 1204 4095 έν
1255 4038 1520 4115 ἀσφαλείᾳ
1552 4037 1700 4100 ὅπως
1743 4039 1820 4110 μὴ
1869 4038 1958 4112 γέ-

301 4129 472 4202 νηταί
499 4152 552 4186 τι
593 4127 822 4208 σφάλμα
853 4127 923 4184 δι’
953 4129 1148 4184 αὐτῶν·
1188 4129 1399 4203 ὁμοίως
1429 4128 1520 4183 καὶ
1565 4127 1694 4189 τοὺς
1725 4125 1954 4190 λοιποὺς

303 4220 628 4294 κούρσωρας
682 4219 811 4280 τοὺς
893 4219 985 4273 τὸν
1044 4215 1266 4292 εὔριπον
1319 4220 1364 4254 ⁸⁷
1415 4216 1744 4292 κατέχοντας
1817 4216 1954 4290 πρὸς

306 4308 374 4365 τὸ
423 4309 500 4381 μή
542 4305 691 4361 έᾶσαί
722 4327 844 4362 τινα
881 4304 1162 4362 κατελθεῖν
1208 4305 1297 4360 καὶ
1333 4312 1574 4379 ⁴ποιῆσαι
1605 4303 1830 4360 ἅτακτόν
1862 4321 1950 4359 τιο

309 4395 574 4458 ὡσαύτως
638 4391 697 4450 δὲ
747 4395 838 4449 καὶ
914 4394 1042 4457 τοὺς
1119 4392 1372 4454 δεκανοὺς
1423 4397 1520 4449 τοῦ
1592 4391 1739 4468 ἔχειν
1780 4397 1952 4448 πᾶσαν

310 4483 612 4562 ἇσφάλειαν
669 4484 747 4546 εἲς
792 4503 852 4538 τε
905 4484 1002 4546 τὰς
1051 4480 1350 4562 διασφαγάς
1399 4483 1612 4546 καὶτὰς
1641 4483 1803 4554 θύρας
1859 4481 1957 4542 τὰς

310 4572 606 4648 ἐξαγούσας
654 4573 761 4628 ἀπὸ
817 4578 918 4642 τῆς
967 4571 1168 4650 κύφης,
1200 4573 1348 4634 ὅπως
1399 4573 1500 4645 μή,
1547 4569 1820 4648 ἀγομένου
1857 4573 1953 4623 τοῦ

311 4662 653 4736 πράγματος,
687 4659 920 4732 ἐξελθών
956 4681 1041 4725 τις
1090 4658 1475 4737 παρεμποδίσῃ
1507 4661 1628 4714 τινὰ
1671 4663 1779 4713 τῶν
1821 4655 1954 4733 δρο-

317 4748 500 4822 μέωνο
532 4747 661 4813 τοὺς
710 4745 768 4804 δὲ
812 4747 879 4803 τὰ
927 4743 1131 4824 ὄργανα
1197 4751 1476 4825 φυσῶντ-ις
1528 4741 1812 4807 Σκλάϐους
1873 4750 1948 4822 μή

309 4840 406 4908 ἐᾷν
429 4835 684 4902 ’ίστασθαι
715 4837 908 4903 ἐκεῖσε,
940 4834 1067 4891 αλλ’
1096 4835 1310 4910 ἀνάγειν
1358 4835 1554 4897 αὐτοὺς
1611 4834 1690 4897 εἷς
1733 4837 1800 4890 τά
1829 4857 1952 4891 σκα-

311 4925 431 4994 λία,
467 4925 543 4988 εἷς
579 4923 637 4981 δὲ
681 4927 778 4986 τάς
825 4923 1188 4998 παρασκευὰς,
1216 4921 1310 4976 ’ίνα
1360 4921 1606 4978 ’ίστανται
1652 4923 1960 4998 κούρσωρες

302 5013 426 5083 δύο,
461 5013 613 5076 ὅπως
649 5015 726 5086 μή
767 5011 999 5086 ἐξελθών
1037 5032 1118 5074 τις
1159 5013 1369 5085 ποιήσῃ
1415 5009 1677 5084 έμπόδιόν
1705 5029 1791 5066 τι·
1825 5013 1953 5075 τοὺς

303 5101 364 5159 δὶ
424 5100 669 5175 δημότας
725 5103 814 5158 καὶ
880 5103 1010 5166 τοὺς
1057 5099 1419 5177 βαστάζοντας
1474 5100 1538 5153 τὰ
1603 5099 1793 5173 ἱμάτια
1847 5105 1954 5156 τῶν

305 5191 583 5266 δρομέων,
620 5212 696 5262 μη
751 5189 842 5262 έᾷν
890 5189 1094 5252 αὐτοὺς
1146 5188 1496 5264 κατέρχεσθαι
1543 5188 1618 5250 εἰς
1654 5189 1748 5250 τὰς
1780 5209 1953 5264 παρα-

308 5281 528 5346 σκευὰς,
562 5278 708 5334 ἀλλὰ
765 5278 943 5352 μένειν
999 5277 1194 5340 αὐτοὺς
1251 5277 1397 5332 ἄνωο
1429 5280 1537 5331 τῶν
1578 5279 1624 5313 ⁸⁸
1677 5277 1950 5350 τεσσάρων

305 5369 610 5444 ταγμάτων
663 5370 778 5442 (43)
825 5366 954 5431 τοὺς
1004 5367 1272 5444 ἄρχοντας
1328 5365 1456 5428 τοὺς
1519 5366 1952 5441 κατερχὸμένονς

2065 3769 2246 3824 altera
2277 3774 2438 3840 parte
2477 3767 2628 3822 dona
2654 3781 2885 3822 sumere
2914 3765 3195 3836 dolosque
3215 3763 3577 3820 committere
3603 3780 3708 3818 au-

2064 3858 2242 3913 deant
2271 3875 2287 3917 :
2339 3872 2630 3922 cursores,
2661 3853 2759 3926 qui
2805 3862 2954 3910 stare
3000 3860 3058 3909 et
3086 3857 3481 3925 symperestas
3510 3856 3706 3907 tenere

2063 3947 2296 4014 debent,
2321 3951 2384 4001 ut
2417 3947 2519 4000 hos
2551 3944 2608 3999 in
2643 3943 2846 3999 ordine
2875 3942 3229 4008 contineant,
3261 3955 3332 3994 ne
3363 3955 3464 4010 per
3490 3955 3588 3994 eos
3620 3955 3708 3994 er-

2064 4052 2154 4092 ror
2188 4035 2618 4102 committatur;
2645 4032 2860 4105 pariter
2887 4035 3110 4086 ceteros
3140 4044 3405 4084 cursores
3425 4027 3704 4097 Euripum

2061 4129 2433 4197 occupantes,
2453 4138 2524 4178 ne
2547 4122 2641 4178 cui
2671 4120 3021 4176 descendere
3048 4122 3107 4174 et
3133 4115 3352 4186 aliquid
3381 4122 3582 4171 contra
3609 4131 3706 4170 or-

2063 4215 2258 4269 dinem
2283 4227 2451 4284 agere
2473 4210 2847 4283 permittant;
2876 4206 3148 4264 similiter
3167 4207 3417 4260 decanos
3446 4207 3697 4270 moneat,

2062 4307 2126 4357 ut
2155 4303 2310 4358 omni
2344 4316 2484 4358 cura
2514 4299 2700 4356 lineas
2740 4299 3071 4368 januasque
3101 4311 3136 4351 a
3177 4293 3359 4366 cyphe
3387 4293 3702 4350 educentes

2060 4391 2417 4459 custodiant,
2443 4404 2532 4454 ne,
2553 4390 2691 4442 dum
2715 4383 3113 4456 spectaculum
3135 4383 3346 4449 editur,
3369 4381 3702 4452 egrediatur

2061 4477 2294 4550 aliquis,
2327 4481 2385 4532 et
2411 4490 2675 4531 cursores
2724 4473 3002 4544 impediat
3033 4483 3050 4519 ε
3088 4469 3318 4526 Bclavos
3344 4485 3577 4542 quoque
3605 4487 3701 4525 or-

2061 4583 2212 4639 gana
2241 4565 2550 4620 inﬂaturos
2579 4563 2658 4618 ibi
2691 4565 2841 4617 stare
2861 4576 2976 4615 non
2999 4560 3174 4624 sinat,
3197 4559 3297 4614 sed
3322 4558 3380 4612 in
3411 4557 3601 4613 scalas
3632 4571 3701 4610 ac

2061 4657 2342 4720 tabulata,
2364 4654 2462 4710 ubi
2494 4655 2610 4710 duo
2641 4667 2907 4708 cursores
2924 4654 3130 4723 praesto
3154 4652 3309 4714 sunt,
3331 4649 3600 4713 deducat,
3627 4661 3698 4702 ne

2061 4749 2194 4820 quis
2235 4760 2508 4818 egressus
2557 4740 3040 4814 impedimentum
3091 4737 3276 4794 ullum
3310 4737 3531 4808 injiciat
3562 4753 3578 4804 ;
3610 4734 3698 4790 ἰε-

2064 4835 2384 4899 ctionariis,
2415 4837 2471 4888 et
2505 4831 2608 4903 qui
2655 4835 2843 4885 vestes
2871 4843 3172 4886 cursorum
3208 4831 3456 4897 portant,
3491 4824 3562 4880 ad
3609 4828 3697 4878 ta-

2067 4923 2268 4979 bulata
2308 4923 2620 4978 ascendere
2652 4934 2767 4975 non
2815 4917 3130 4989 permittat,
3165 4916 3262 4971 sed
3318 4929 3498 4985 supra
3541 4916 3700 4967 stare

2062 5029 2160 5069 eos
2213 5011 2416 5082 jnbeat
2447 5029 2462 5078 ;
2496 5013 2744 5081 quatuor
2793 5005 3095 5063 ordinibus
3133 5001 3444 5075 praefectis,
3499 4999 3596 5070 qui
3625 4999 3699 5054 ad

2061 5101 2248 5157 lineas
2275 5098 2470 5170 Euripi
2495 5097 2881 5162 descendunt,
2901 5093 3089 5164 nequi
3121 5091 3193 5147 ab
3222 5089 3424 5145 ordine
3437 5087 3698 5143 alienum

2062 5191 2118 5246 in
2170 5205 2434 5246 cursores
2465 5188 2836 5246 committant
2863 5183 3103 5240 allectus
3148 5195 3345 5245 causa,
3377 5177 3477 5233 sed
3507 5176 3700 5246 potius

2059 5295 2287 5336 summa
2333 5293 2469 5334 cum
2518 5273 2865 5333 verecundia
2910 5269 3162 5338 adstent,
3205 5282 3334 5337 quae
3363 5263 3504 5336 ipsis
3535 5278 3702 5318 man-

2059 5369 2192 5424 data
2221 5371 2382 5432 sunt,
2426 5361 2739 5437 peracturi.
2771 5356 3119 5420 Notandum,
3163 5369 3358 5426 preces
3398 5348 3595 5422 populi
3625 5351 3698 5406 ad

1674 5464 1762 5518 VA
1774 5465 1913 5522 BHE
1953 5463 2340 5521 LECTlONES

386 5563 433 5599 ’τ
474 5559 739 5637 εὕριππον
778 5564 908 5620 cod.
942 5568 999 5620 et
1026 5565 1118 5620 ed.
1152 5564 1424 5636 idemque
1453 5580 1504 5618 v.
1539 5563 1626 5618 21.
1701 5561 1751 5596 ⁸⁸
1787 5559 1898 5614 ἄνω
1934 5563 2041 5614 τῶν
2077 5563 2167 5618 ed.

1378 5652 1568 5708 JUAN.
1600 5651 1746 5708 JAC.
1780 5651 2040 5707 REISKII
2070 5642 2640 5706 COMMENTARIUS

387 5752 504 5824 (43)
524 5754 788 5816 Quatuor
813 5755 1071 5824 tagmata
1111 5756 1251 5807 sunt
1285 5769 1302 5809 :
1327 5750 1567 5820 Schole,
1600 5749 1900 5815 Escubita,
1929 5747 2189 5803 Hicanati
2219 5752 2278 5804 et
2303 5741 2565 5800 Numeri.
