4136 6302
294 352 416 413 681

1162 348 1264 409 DE
1306 345 1774 410 CERIMONIIS
1821 346 2057 409 AULAE
2101 347 2580 413 ΒΥΖΑΝΤΙΝᾸΞ
2622 352 2769 412 LIB.
2815 351 2862 413 Ι.

3597 363 3714 426 662

299 484 448 558 πρὸς
500 480 566 536 16
626 478 921 557 σφραγίσαι
971 476 1066 533 τὸν
1126 476 1280 535 λαόν.
1339 477 1438 536 Καὶ
1495 475 1813 538 ἀνελθόντος
1869 481 1965 532 τοῦ

2079 482 2344 541 ctionarii
2375 501 2476 556 pro
2509 501 2670 544 more
2699 485 3047 560 acclamant,
3079 492 3415 563 prepositus
3445 509 3598 562 vero,
3635 499 3714 554 sio

301 569 587 649 βασιλέως
634 569 687 625 ἐν
749 572 832 640 τῷ
870 566 1185 640 καθίσματι,
1245 571 1513 644 φωνοῦσιν
1552 566 1604 621 οἱ
1637 563 1830 639 δῆμοι,
1890 566 1964 629 ὡς

297 662 535 718 εἲθισται
574 657 780 728 αῧτοῖς,
829 659 921 712 καὶ
972 653 1156 713 λαϐὼν
1199 661 1371 730 νεῦμα
1400 658 1428 711 6
1458 655 1816 730 πραιπόσιτος
1854 675 1965 710 πα-

303 752 378 827 ρὰ
428 753 528 806 106
581 747 879 818 Βασιλέως,
921 745 1218 820 ἐξέρχεται,
1266 748 1353 801 καὶ
1403 746 1542 801 νεύει
1591 747 1718 806 τοὺς
1771 764 1966 818 πατρι-

298 839 483 907 κίους,
532 835 626 892 καὶ
675 835 973 910 ἀπέρχεται
1020 833 1247 896 ἕκαστος
1296 831 1348 889 ἐν
1397 837 1465 907 τῇ
1515 833 1683 890 αὐτοῦ
1711 829 1962 906 καθέδρᾳ.

298 927 503 986 Ἰστέον
531 923 611 992 δὲ,
645 925 730 981 ὃτι
759 929 831 998 τῇ
877 922 1016 997 αὐτῇ
1065 921 1249 996 ἡμέρᾳ
1297 922 1396 978 οὐκ
1443 921 1574 977 εἶσῖν
1604 921 1654 975 οἱ
1683 919 1961 996 πατρίκιοι

298 1016 360 1072 ἐν
389 1021 472 1088 τῷ
501 1014 795 1086 καθίσματι
843 1011 922 1075 εἷς
962 1013 1332 1086 προσκύνησιν
1376 1009 1465 1067 διὰ
1510 1012 1573 1066 τὸ
1607 1011 1740 1067 εἶναι
1770 1011 1832 1065 τὸ
1862 1011 1962 1066 ἱπ-

297 1105 465 1160 πικὸν
535 1103 798 1176 παγανὸν,
849 1100 938 1156 καὶ
1013 1101 1251 1157 τελεῖται
1321 1100 1495 1156 πάντα
1542 1100 1608 1154 τὰ
1654 1098 1791 1153 κατὰ
1841 1118 1962 1152 συν-

298 1196 490 1265 ήθειαν
548 1195 594 1230 ⁸³
639 1193 728 1248 καὶ
777 1189 1054 1266 ἀχθέντων
1103 1194 1211 1246 τῶν
1263 1193 1427 1266 τριῶν
1484 1190 1678 1264 βαῗων,
1711 1187 1818 1244 ἀπὸ
1865 1191 1962 1244 106

293 1283 491 1359 τρίτου
523 1283 683 1358 βαῒου
711 1281 851 1336 νεύει
901 1281 929 1335 6
979 1280 1303 1353 ἀκτουάριος
1357 1277 1462 1334 ἀπὸ
1512 1277 1811 1339 κελεύσεως
1864 1298 1964 1350 με-

293 1374 370 1430 τὰ
397 1375 496 1442 τῆς
544 1373 733 1447 χειρὸς
776 1367 964 1437 a6106,
1014 1373 1227 1443 κρατῶν
1276 1367 1550 1446 ἐγχείριον
1594 1369 1728 1442 (46),
1759 1367 1821 1422 τὸ
1859 1387 1964 1421 πο-

299 1461 562 1534 λίτευμα,
628 1461 719 1516 καὶ
774 1459 1024 1514 ἀποκινεῖ
1083 1457 1142 1512 ἐκ
1198 1461 1297 1513 τοῦ
1363 1455 1609 1512 διϊππίου
1667 1453 1757 1512 διὰ
1840 1453 1958 1512 δύο.

302 1549 600 1615 Ἐλθόντος
648 1546 706 1604 δὶ
751 1545 856 1610 ’έως
905 1547 973 1602 τὰ
1019 1546 1292 1622 κριτάρια,
1337 1546 1604 1621 ἄρχονται
1651 1543 1832 1622 λέγειν
1865 1545 1962 1599 ἀν-

299 1643 638 1718 τιφωνικῶς,
668 1637 731 1694 τὸ
776 1638 870 1709 μὶν
920 1637 976 1692 ἓν
1028 1637 1216 1712 μέρος
1269 1659 1298 1690 ιι
1342 1633 1454 1692 ’Ίδε
1480 1637 1543 1692 τὸ
1574 1631 1666 1708 ἔαρ
1696 1636 1759 1690 16
1789 1632 1957 1691 καλὸν

302 1729 469 1785 πάλιν
520 1723 892 1784 ἐπανατέλλει·
947 1750 974 1776 »ο
1021 1725 1086 1780 τὸ
1125 1723 1182 1780 δὲ
1236 1721 1423 1794 ἕτερον
1477 1722 1662 1800 μέρος·
1719 1749 1740 1775 ο
1787 1721 1960 1796 Φέρον

2076 586 2191 641 gno
2220 575 2292 627 ab
2315 573 2662 645 imperatore
2682 581 2934 646 accepto,
2969 578 3179 646 abit,ac
3200 582 3458 652 patriciis
3478 584 3713 655 signum

2075 661 2194 725 dat,
2244 662 2344 732 qui
2387 665 2452 718 ad
2488 666 2685 720 sedem
2719 682 2887 722 suam
2936 668 3154 739 singuli
3203 671 3356 727 218
3386 673 3712 732 discedunt.

2072 753 2341 806 Ceterum
2377 754 2600 822 patricii
2624 771 2691 811 eo
2723 755 2816 809 die
2844 755 2917 811 ad
2959 773 3297 815 consessum
3350 760 3714 833 imperatoris

2076 839 2430 896 adorationis
2474 857 2608 913 ergo
2649 859 2765 899 non
2809 847 3112 915 accedunt,
3143 849 3414 918 quoniam
3448 863 3714 923 equestre

2074 931 2369 984 certamen
2405 945 2700 1000 paganum
2751 937 2870 999 est;
2916 933 3135 1006 reliqua
3180 939 3376 994 omnia
3409 957 3510 1010 pro
3553 957 3712 998 more

2075 1024 2349 1087 aguntur,
2411 1017 2718 1089 tribusque
2773 1022 2982 1091 palmis
3039 1023 3360 1096 celebratis,
3415 1031 3710 1086 actuarius

2074 1107 2208 1176 post
2251 1103 2504 1174 tertiam,
2556 1108 2834 1163 mandato
2882 1115 3135 1181 accepto,
3167 1118 3366 1170 tenens
3410 1118 3708 1175 manucio-

2073 1192 2215 1259 lum,
2247 1208 2380 1248 cum
2413 1209 2479 1248 eo
2519 1199 2725 1250 nutum
2771 1197 2870 1251 dat
2907 1202 3308 1257 communitati
3339 1204 3550 1275 civica,
3583 1223 3706 1278 quas

2073 1299 2140 1340 ex
2169 1282 2433 1355 dihippio
2478 1299 2579 1354 per
2627 1285 2788 1356 paria
2827 1290 3098 1356 procedit.
3144 1292 3250 1357 Qui
3296 1299 3600 1365 postquam
3632 1298 3705 1352 ad

2072 1373 2306 1430 critaria
2338 1374 2618 1445 pervenit,
2655 1376 2933 1434 factiones
2973 1378 3302 1436 alternatim
3333 1397 3538 1440 canere
3568 1386 3707 1442 inci-

2072 1462 2262 1535 piunt,
2296 1479 2448 1518 una:
2473 1464 2663 1520 «Ecce
2693 1480 2794 1520 ver
2819 1465 3122 1538 pulchrum
3157 1485 3360 1526 rursus
3379 1473 3699 1540 exoritur"

2072 1551 2256 1608 altera
2288 1569 2302 1608 :
2332 1574 2360 1600 ι(
2395 1551 2680 1622 Salutem,
2728 1555 3032 1624 gaudium,
3074 1557 3546 1626 tranquillitatem
3578 1561 3707 1617 affe-

2070 1657 2226 1708 rens,
2263 1662 2292 1691 »
2324 1646 2379 1697 et
2427 1651 2636 1707 cetera,
2691 1648 2750 1696 ut
2792 1659 2916 1698 mos
2959 1650 3068 1700 est.
3100 1644 3315 1701 Deinde
3362 1649 3433 1702 ad
3488 1654 3703 1705 metam

2069 1731 2438 1786 Prasinorum
2471 1729 2984 1801 digressae,omnes
3015 1733 3368 1804 junguntur,
3385 1741 3441 1791 et
3465 1738 3532 1790 ad
3566 1754 3702 1793 con-

303 1817 510 1895 ὑγίειαν
559 1816 648 1871 καὶ
698 1815 873 1890 χαρὰν
923 1812 1014 1869 καὶ
1061 1814 1161 1882 τήν
1203 1811 1517 1888 εὐημερίαν,
1546 1836 1575 1865 ››
1613 1812 1794 1870 καὶτὰ
1841 1809 1956 1866 λοι-

2069 1833 2288 1874 sessum
2346 1833 2530 1888 usque
2588 1822 2706 1874 tres
2759 1819 3008 1891 hymnos
3065 1820 3376 1890 apelaticos
3433 1829 3698 1880 canunt:

299 1909 395 1975 ml,
427 1906 609 1969 καθὼς
656 1906 690 1973 ἡ
744 1905 1001 1974 συνήθεια
1053 1901 1193 1977 ἔχει.
1246 1902 1348 1959 Καὶ
1393 1901 1742 1962 κατελθόντες
1785 1900 1952 1975 μεχρι

298 2001 406 2052 τῶν
473 1993 750 2069 Πρασίνων
819 1995 1098 2065 καμπτοῦ,
1158 1988 1397 2046 ἓνοῦνται
1469 1990 1794 2066 ἀμφότεροι,
1863 1989 1950 2045 καὶ

296 2083 550 2160 λέγουσιν
579 2081 946 2145 ἀπελατικοὺς
990 2085 1135 2156 τρεῖς
1165 2083 1211 2118 ⁷ο
1245 2079 1410 2155 μέχρι
1448 2083 1545 2135 106
1592 2079 1945 2150 καθίσματος·

292 2172 617 2246 κατέρχεται
648 2167 707 2226 δὶ
746 2169 838 2224 καὶ
870 2169 898 2224 ὁ
931 2167 1178 2244 ὕπαρχος
1226 2166 1444 2231 πόλεως
1490 2167 1594 2222 ἀπὸ
1623 2165 1947 2238 κελεύσεως,

291 2263 384 2316 καὶ
429 2262 639 2316 ἑνοῦται
678 2263 758 2331 τῷ
787 2256 1154 2331 πολιτεύματι
1205 2256 1281 2318 εἷς
1326 2258 1417 2312 τὸν
1468 2256 1700 2331 χαλκὸν,
1749 2275 1950 2310 συνεισ-

291 2351 591 2425 ερχόμενος
642 2347 828 2409 αὐτοῖς
880 2346 1047 2422 μέχρι
1093 2351 1192 2402 τοῦ
1239 2348 1534 2419 στάματος,
1581 2343 1670 2400 καὶ
1727 2348 1945 2399 ποιοῦσι

289 2439 660 2514 προσκύνησιν
694 2437 926 2499 ’ἅπαντες
967 2435 1021 2491 ἐν
1070 2439 1150 2508 τῷ
1197 2436 1453 2507 στάματι.
1504 2433 1603 2490 Καὶ
1633 2434 1730 2490 εἶθ’
1764 2434 1946 2496 οὕτως

286 2527 509 2584 ’ἱσταται
556 2527 586 2580 6
648 2525 917 2587 νεανίσκος
978 2524 1031 2580 ἐν
1099 2528 1176 2596 τῷ
1215 2520 1376 2596 δεξιῷ
1436 2524 1587 2598 μέρει
1623 2527 1721 2578 106
1763 2522 1943 2597 ὑπάρ-

302 2635 437 2690 χου,
485 2615 746 2691 οὗφημῶν
793 2615 879 2668 καὶ
933 2611 1105 2687 λέγων
1155 2611 1345 2674 οὕτως·
1394 2637 1415 2662 ι
1458 2613 1518 2670 Ὁ
1569 2612 1789 2686 βοηθῶν
1818 2611 1946 2673 τοὺς

305 2702 588 2763 δεσπότας·
624 2725 652 2752 ››
711 2703 737 2754 ὁ
793 2699 942 2764 λαός·
1011 2726 1031 2752 α
1068 2703 1162 2763 Εἷς
1213 2702 1242 2755 6
1300 2699 1451 2766 Θεὸς,
1484 2700 1741 2755 »καὶτὰ
1798 2700 1942 2768 ἑξῆς,

300 2793 480 2856 καθὼς
523 2795 555 2861 ἡ
609 2793 856 2862 συνήθεια
905 2788 1045 2866 ἔχει.
1095 2792 1194 2848 Καὶ
1242 2791 1567 2868 ἀνερχονται
1617 2789 1703 2844 ἰπὶ
1736 2798 1831 2850 τὰς
1861 2789 1945 2852 θύ-

295 2903 395 2958 ρας
435 2883 800 2962 εὐιρημοῦντες
856 2884 948 2938 τὸν
1011 2881 1259 2958 βασιλέα,
1327 2880 1576 2955 λέγοντες
1623 2879 1710 2934 καὶ
1758 2882 1940 2933 τοῦτο’

291 2999 322 3028 ‹‹
355 2974 460 3031 Ναὶ
491 2973 679 3048 Κύριε,
709 2971 895 3029 πολλὰ
931 2973 1106 3028 αὐτῶν
1138 2973 1204 3026 τὰ
1252 2965 1368 3041 ἔτη,
1403 2994 1430 3022 ιι
1477 2969 1568 3026 καὶ
1606 2964 1940 3043 ἐξέρχονται.

287 3068 337 3120 Ο
385 3058 442 3118 δὲ
502 3061 760 3137 ὕπαρχος
816 3055 1000 3115 Λαϐὼν
1071 3063 1246 3131 νεῦμα
1298 3059 1403 3113 ἀπὸ
1449 3057 1748 3120 κελεύσεως
1795 3056 1941 3129 παρὰ

286 3155 389 3208 106
454 3149 806 3224 ἀκτουαρίου,
867 3149 1062 3212 εὐθέως
1115 3148 1221 3202 ἀπὸ
1282 3151 1380 3202 106
1446 3147 1723 3218 στάματος
1783 3143 1942 3218 ἀπέρο
1977 3191 2021 3260 C

294 3259 327 3260 η
535 3240 589 3260 r'n
813 3236 939 3260 ~\-,
1222 3236 1306 3260 -__\_
1372 3239 1533 3260 _-A.~t__
1591 3233 1820 3260 _-\_-.'_..-
1881 3233 1939 3260 -1

1920 3233 1934 3250 \

292 3259 472 3314 χεται,
530 3240 649 3296 ὅθεν
705 3236 968 3308 κατῆλθε,
1024 3237 1112 3292 καὶ
1175 3236 1309 3310 μετὰ
1371 3239 1536 3290 ταῦτα
1590 3233 1824 3290 τελεῖται
1880 3233 1944 3288 τὸ

288 3331 547 3403 τὲταρτον
602 3326 777 3402 βαῖον.
831 3327 933 3385 Καὶ
982 3325 1206 3386 ἀναστὰς
1261 3324 1290 3378 6
1352 3321 1600 3399 βαςιλεὺς
1663 3323 1944 3390 καθέζεται

289 3419 381 3475 ἰπὶ
442 3425 543 3488 τῆς
598 3417 785 3491 τιμίας
835 3416 999 3472 αὐτοῦ
1041 3414 1338 3490 τραπέζης,
1384 3413 1475 3468 καὶ
1519 3409 1685 3466 πάλιν
1733 3409 1944 3485 ἐξερχε-

284 3529 375 3564 ται
419 3507 470 3563 iv
518 3512 597 3578 τῷ
645 3506 964 3579 καθίσματι,
1017 3505 1091 3567 ὡς
1139 3507 1174 3574 ἡ
1231 3504 1487 3573 συνήθεια
1530 3497 1669 3576 ἔχει.
1705 3499 1806 3556 Καὶ
1839 3497 1942 3572 ἁχ-

288 3598 488 3654 θέντων
528 3600 635 3651 τῶν
690 3598 856 3670 τριῶν
911 3591 1103 3669 βιΐων,
1161 3591 1214 3647 ἐν
1262 3595 1342 3662 τῷ
1387 3591 1628 3664 τετάρτῳ
1667 3586 1805 3662 βαΐῳ
1838 3588 1942 3643 ἀπὸ

289 3687 548 3759 πέμπτης
578 3681 784 3747 τάϐλας
816 3683 1176 3758 κατέρχονται
1209 3683 1260 3736 οἱ
1309 3677 1352 3734 δ’
1399 3677 1625 3756 ἡνίοχοι
1657 3675 1709 3732 ἐν
1739 3681 1818 3748 τῷ
1848 3675 1942 3731 106

289 3774 562 3848 Πρασίνου
604 3777 862 3846 καμπτῷ,
912 3773 1000 3827 καὶ
1051 3771 1342 3846 τρέχουσιν
1381 3770 1732 3841 ἡνιοχοῦντες
1762 3763 1944 3834 ἀλλή-

292 3865 424 3927 λους
477 3866 592 3937 (47)
645 3863 810 3937 μὲχρι
856 3865 955 3917 τοῦ
1004 3861 1297 3932 στάματος,
1345 3857 1436 3912 καὶ
1489 3849 1830 3926 λαμϐάνουσι
1876 3853 1942 3910 τὰ

291 3952 522 4020 ἔπαθλα,
573 3953 648 4013 ὡς
696 3951 783 4007 ἐπὶ
835 3949 1055 4025 πρώτου
1109 3946 1264 4023 βαῗου
1303 3953 1402 4015 τῆς
1450 3942 1715 4012 δειλινῆς.
1767 3946 1940 3996 T0610

293 4041 351 4098 δὲ
404 4043 467 4096 τὸ
527 4041 770 4110 αἰτήσιον
822 4039 1050 4114 γίνεται,
1103 4037 1276 4112 ἤγουν
1324 4039 1425 4088 106
1481 4029 1695 4108 τρέχειν
1746 4030 1940 4094 αὐτοὺς

2064 1906 2359 1963 descendit
2389 1923 2622 1978 quoque
2655 1910 2952 1979 praefectus
2985 1910 3144 1964 urbis
3167 1925 3200 1963 a
3229 1912 3521 1979 mandato,
3554 1919 3610 1969 et
3640 1914 3699 1970 in

2061 1995 2258 2051 chalce
2289 2011 2420 2051 cum
2471 1995 2696 2051 civibus
2726 2011 2787 2050 se
2811 1997 3031 2068 jungit,
3064 2013 3297 2070 unaque
3342 2015 3472 2054 cum
3519 2001 3592 2055 iis
3624 2003 3695 2057 ad

2060 2084 2361 2141 stationem
2410 2085 2690 2155 procedit,
2743 2084 2837 2140 ubi
2895 2102 3096 2141 omnes
3146 2088 3409 2142 adorant.
3455 2091 3696 2146 Juvenis

2060 2188 2231 2244 porro
2273 2171 2330 2227 in
2374 2173 2572 2227 dextra
2620 2177 2780 2243 parte
2820 2173 3067 2241 praefecti
3100 2177 3471 2244 constitutus,
3503 2180 3694 2234 accla-

2059 2266 2194 2331 mat,
2229 2265 2287 2317 et
2332 2260 2411 2316 ita
2457 2261 2597 2316 dicit
2639 2278 2653 2317 :
2711 2280 2734 2310 ι
2767 2261 2875 2326 Qui
2923 2263 3175 2319 dominis
3223 2264 3501 2320 auxilium
3545 2283 3690 2337 pra:-

2056 2355 2206 2411 stat:
2243 2372 2270 2400 ι»
2296 2349 2576 2422 populus:
2601 2372 2629 2400 ‹‹
2648 2349 2994 2420 UnusDeus,
3020 2372 3047 2402 η
3065 2353 3358 2424 etreliqua
3375 2371 3473 2422 pro
3499 2371 3687 2412 mure:

2057 2456 2188 2496 mox
2208 2441 2276 2494 ad
2304 2439 2522 2510 januas
2541 2440 2983 2506 adscendentes,
3005 2440 3340 2510 imperatori
3364 2442 3690 2500 acclamant

2055 2533 2113 2584 et
2144 2528 2347 2584 dicunt
2379 2545 2392 2584 :
2427 2549 2456 2578 ‹‹
2489 2529 2592 2594 Ita,
2625 2528 2887 2596 Domine,
2918 2528 3132 2583 multos
3154 2529 3296 2597 ipsis
3315 2531 3534 2586 annos!
3567 2554 3595 2582 ››
3630 2536 3688 2589 et

2055 2617 2699 2674 discedunt.Praafectus
2719 2617 2954 2688 signum
2988 2633 3021 2672 a
3049 2618 3318 2672 mandato
3335 2619 3406 2674 ab
3429 2622 3686 2676 actuario

2053 2707 2282 2776 accipit,
2309 2706 2622 2776 statimque
2651 2722 2684 2760 a
2715 2704 2983 2772 statione,
3006 2722 3122 2777 quo
3153 2708 3473 2770 descendit,
3507 2725 3688 2765 rever-

2053 2794 2218 2873 titur,
2245 2797 2303 2848 et
2332 2791 2417 2848 sic
2442 2799 2642 2862 postea
2665 2797 2872 2862 quarta
2905 2792 3091 2861 palma
3119 2793 3459 2850 celebratur.
3495 2797 3686 2868 Impe-

2053 2887 2210 2938 rator
2231 2897 2475 2951 surgens
2494 2882 2832 2935 veneranda:
2853 2897 3066 2936 mensas
3097 2899 3214 2936 suae
3239 2883 3688 2949 assidet,deinde

2052 2987 2258 3025 rursus
2291 2969 2360 3024 ad
2394 2969 2763 3033 thronum,ut
2793 2970 3155 3024 consuetudo
3178 2974 3683 3041 est,progreditur.

2050 3057 2256 3114 Tribus
2304 3057 2516 3128 palmis
2558 3057 2724 3124 actis,
2764 3057 2824 3112 in
2875 3063 3078 3125 quarta
3126 3060 3334 3127 aurigae
3376 3067 3628 3131 quatuor
3656 3077 3688 3118 e

2052 3149 2257 3218 quinta
2287 3145 2480 3200 tabula
2512 3146 2582 3200 ad
2631 3151 2997 3202 curvaturam
3031 3147 3406 3203 Praslnorum
3445 3151 3688 3206 descen-

2054 3239 2200 3292 dunt
2229 3246 2280 3292 et
2309 3240 2571 3295 currunt,
2597 3234 2836 3305 pedibus
2876 3241 3139 3290 tenentes
3162 3252 3312 3292 unus
3331 3237 3575 3294 alterum
3599 3245 3688 3295 at-

2053 3341 2166 3395 que
2196 3330 2458 3391 regentes
2487 3339 2518 3377 e
2545 3321 2708 3387 loris,
2757 3323 2969 3393 quibus
2999 3339 3061 3378 se
3091 3325 3430 3395 capistrant,
3464 3328 3533 3382 ad
3566 3333 3688 3382 sta-

2052 3414 2266 3467 tionem
2303 3417 2360 3466 et
2395 3415 2624 3478 praemia
2673 3409 3029 3474 certaminis,
3064 3421 3121 3466 ut
3173 3413 3228 3464 in
3279 3414 3466 3483 prima
3496 3415 3687 3484 palma

2051 3500 2419 3556 decursiouis
2454 3506 2770 3562 nocturnas,
2804 3499 3439 3567 accipiunt.Precantur
3458 3517 3686 3572 quoque

2051 3595 2213 3654 tunc,
2239 3593 2301 3642 ut
2341 3588 2506 3644 liceat
2527 3586 2633 3641 sibi
2661 3586 2902 3656 pedihus
2923 3590 3243 3650 decurrere,
3269 3588 3536 3658 quoniam
3560 3589 3684 3645 ludi

2053 3683 2351 3749 equestres
2411 3678 2547 3730 anni
2597 3673 2898 3743 praesentis
2943 3674 3312 3730 clauduntur.
3348 3676 3681 3733 Notandum

2051 3773 2160 3832 est,
2193 3767 2326 3836 quia
2366 3770 2657 3819 certamen
2709 3779 2990 3835 paganum
3037 3763 3383 3833 instituitur,
3444 3781 3683 3836 magnos

2050 3855 2398 3912 domesticos
2423 3852 2495 3908 ad
2530 3852 2804 3908 factiones
2835 3868 2947 3906 non
2990 3852 3352 3919 descendere,
3373 3855 3684 3924 imperato-

2053 3961 2166 4002 rem
2200 3959 2352 4009 vero,
2389 3941 2717 3997 distributis
2759 3939 3031 4012 praemiis,
3073 3956 3310 4011 surgere
3346 3949 3402 3997 et
3429 3943 3499 3997 ad
3536 3944 3688 4014 pala-

2048 4035 2198 4089 tium
2228 4032 2541 4087 discedere.

289 4134 510 4202 πεζοὺς,
544 4129 633 4186 διὰ
661 4132 723 4184 16
757 4127 1066 4202 συγκλεῖσαι
1097 4129 1163 4182 τὰ
1191 4123 1535 4199 ἱπποδρόμια
1564 4127 1660 4179 106
1693 4123 1898 4200 χρόνου
1929 4125 2062 4197 (48),
2099 4121 2293 4179 Ἰστὲον
2327 4118 2383 4175 δὲ
2409 4118 2500 4174 καὶ
2531 4122 2712 4185 τοῦτο,
2746 4116 2830 4174 ὅτι
2853 4113 2942 4172 διὰ
2970 4119 3030 4172 τὸ
3063 4117 3195 4173 εἶναι
3225 4118 3288 4174 τὸ
3317 4117 3682 4193 ἱπποδρόμιον

289 4221 562 4296 παγανοὸν
616 4219 714 4275 οὐκ
761 4217 1082 4296 ἀνέρχονται
1136 4217 1188 4271 οἱ
1241 4213 1468 4290 μεγάλοι
1518 4211 1833 4285 δομέστικοι
1886 4211 1961 4274 εἷς
2010 4213 2140 4277 τοὺς
2189 4209 2425 4283 δήμους,
2478 4209 2506 4263 6
2545 4205 2601 4262 δί
2634 4206 2886 4281 βασιλεὺς
2917 4207 3048 4280 μετὰ
3077 4206 3139 4262 τὸ
3169 4204 3351 4263 δοῦναι
3380 4209 3448 4264 τὰ
3476 4207 3685 4274 ἔπαθλα

294 4311 590 4380 ἀνίσταται,
621 4309 711 4364 καὶ
741 4307 1038 4383 ἀπέρχεται
1062 4305 1137 4368 εἲς
1161 4306 1224 4360 16
1243 4301 1527 4359 παλάτιον.

401 4397 731 4476 Ἀκτολογία
777 4402 886 4453 τῶν
931 4393 1257 4476 δήμιρνίεῙς
1305 4394 1369 4448 16
1415 4390 1834 4466 Μακελλαρικὸν

930 4466 1316 4540 ἱπποδρόμιον.

366 4562 505 4617 Ἀπό
554 4564 651 4614 106
695 4558 955 4630 τετάρτου
1007 4557 1162 4631 βαῖου
1210 4553 1566 4628 κατέρχονται
1616 4553 1668 4606 οἱ
1709 4555 1817 4606 τῶν
1848 4547 1943 4604 δύο

298 4654 481 4727 μερῶν
516 4646 768 4720 δημῶται
821 4647 925 4700 ἀπὸ
961 4649 1070 4700 τῶν
1113 4643 1322 4699 οἰκείων
1370 4640 1584 4715 δήμων,
1629 4641 1720 4694 καὶ
1763 4640 1945 4694 ’ἔσταν-

291 4761 381 4796 ται
414 4737 724 4813 ἔμπροσθεν
751 4740 848 4791 106
879 4733 1181 4808 συμπόνου,
1225 4733 1317 4786 καὶ
1352 4734 1449 4800 τῆς
1478 4729 1771 4797 πολιτικῆς
1804 4730 1945 4782 ἱστα-

298 4827 466 4902 μένης
515 4826 591 4887 εἷς
639 4826 706 4882 τὰ
749 4830 972 4898 σημεῖα,
1047 4820 1388 4895 ὀψικεύοντες
1438 4820 1489 4873 οἳ
1547 4816 1797 4891 δημῶται
1845 4818 1943 4886 τήν

1977 4395 2020 4457 1⁵)
2121 4389 2452 4448 Acclamatio
2479 4389 2787 4459 factionum
2816 4389 2876 4443 in
2909 4388 3258 4461 hippodromo
3285 4391 3621 4448 Maceltarfo.

2129 4547 2475 4604 Factionarii
2527 4546 2824 4618 utriusque
2867 4547 3059 4619 gregis
3102 4564 3137 4603 a
3165 4547 3286 4604 suis
3346 4547 3687 4603 factionibus

2054 4642 2184 4708 post
2211 4644 2474 4707 quartam
2516 4634 2772 4707 palmam
2805 4635 3246 4705 descendunt,et
3273 4643 3405 4692 ante
3436 4636 3687 4691 collabo-

2054 4731 2301 4782 ratorem
2333 4730 2389 4780 et
2418 4726 2569 4780 cives
2601 4725 2786 4793 urbis,
2820 4725 2972 4781 214
3013 4727 3069 4780 in
3102 4725 3286 4796 signis
3317 4727 3683 4792 constitutos,

2057 4816 2431 4872 subsistunt:
2476 4830 2609 4872 mox
2656 4815 2810 4870 cives
2859 4831 3016 4871 more
3061 4813 3306 4869 solemni
3357 4817 3686 4882 sequentes,

1659 4970 1901 5028 VARIA‘J
1941 4968 2241 5028 LECTION
2248 4969 2347 5025 ES.

294 5189 296 5191 ,
373 5109 424 5144 θ’
451 5105 520 5165 τὰ
551 5107 754 5177 συνήθη
786 5105 878 5165 ed.
953 5105 997 5140 ⁷ο
1023 5104 1168 5175 τρεῖς
1199 5115 1316 5156 om.
1337 5097 1429 5154 ed.

1341 5194 1537 5252 JOAN.
1577 5194 1723 5250 JAC.
1765 5194 2028 5253 REISKII
2066 5191 2644 5250 COMMENTARIUS.

390 5332 512 5399 (46)
544 5337 621 5387 M.
655 5334 786 5401 post
813 5329 874 5384 h.
914 5346 970 5382 v.
1020 5324 1427 5401 distinguunt;
1457 5322 1948 5401 tenensmonucio-

310 5393 434 5457 lum
466 5393 592 5457 cum
621 5393 680 5457 eo
710 5405 904 5455 nutum
935 5397 1040 5462 (vel
1072 5397 1309 5468 signum)
1339 5393 1429 5446 dat
1451 5395 1813 5468 magistratui
1855 5408 1952 5468 ur-

313 5473 486 5535 bano.
520 5479 622 5528 aut
669 5470 1059 5528 communitau'
1105 5463 1319 5526 civica,
1363 5465 1461 5533 qui
1500 5465 1610 5535 (vel
1653 5466 1794 5534 qua?)
1820 5478 1849 5517 θ
1876 5463 1956 5516 di-

310 5544 511 5666 Ιιὶριζίο
568 5561 665 5616 per
725 5545 887 5616 paria
958 5540 1216 5608 procedit,
1273 5539 1354 5588 sic
1414 5542 1471 5587 ut
1539 5535 1660 5590 bini
1701 5535 1952 5605 junctim

312 5632 474 5666 eam.

312 5632 474 5671 eam.

391 5686 508 5756 (47)
532 5685 773 5740 Currum
821 5680 1048 5752 pedibus
1088 5680 1325 5733 tenente:
1352 5691 1495 5729 unus
1525 5675 1765 5730 alterum
1797 5683 1954 5742 atque

2061 5326 2305 5387 regente:
2334 5333 2362 5374 ε
2389 5317 2538 5382 loris,
2570 5316 2769 5386 quibus
2798 5329 2908 5368 sese
2937 5316 3258 5387 capistraut.

2136 5379 2261 5460 (48),
2281 5379 2554 5460 Claudere
2580 5379 2738 5460 ludos
2766 5379 3031 5460 equestres
3056 5385 3207 5460 _anm’
3248 5379 3555 5460 praesentis“
3575 5379 3699 5460 "Er-

2064 5447 2514 5531 gonc'Lupercal
2544 5447 3326 5531 ultimus-eratludorum'in
3363 5447 3705 5531 anno?g|a.

2063 5521 2144 5584 ris
2174 5521 2406 5600 quidem
2441 5527 2632 5579 verbis
2677 5525 2782 5581 hoc
2831 5528 2928 5600 ai_t_
2958 5527 3116 5582 locus
3146 5527 3354 5578 Noster
3383 5527 3438 5576 et
3493 5521 3707 5582 nullus

2064 5597 2213 5656 alius
2244 5600 2482 5671 posthac
2507 5605 2855 5654 memoratur
2884 5597 3109 5654 Nostro.
