4136 6302
425 380 541 440 671

1501 379 2032 442 CONS'I‘ANTINI
2079 380 2768 443 PORPHYROGENITI

3707 373 3834 431 672

424 513 724 584 tugurium
760 516 1183 581 constructum,
1227 518 1284 569 et
1320 517 1555 583 tempus
1602 512 1904 569 vindemias
1935 511 2068 584 pul-

2195 512 2328 575 >είας
2384 514 2460 577 εἷς
2514 514 2577 569 τὸ
2623 508 2833 581 πεδίον,
2889 510 3061 588 ἤγοον
3115 512 3189 573 εἰς
3259 509 3322 564 τὸ
3379 501 3637 563 Λιόἀδιον
3691 505 3838 576 (67),

428 601 635 659 chrum
667 617 720 657 et
750 618 1020 657 serenum
1051 612 1158 668 est,
1185 601 1463 672 magistri,
1490 603 1807 673 praepositi,
1832 619 2071 674 procon-

431 691 600 757 sules,
617 691 861 762 patricii,
875 690 1151 746 ofﬁciales
1164 697 1218 746 et
1231 695 1529 745 senatores
1551 706 1581 745 e
1597 692 1830 763 regione
1851 692 2071 763 tugurii

431 785 492 835 et
518 780 747 847 vitium,
771 785 903 850 post
931 796 1026 834 eos
1055 781 1303 834 duorum
1327 794 1566 849 gregum
1601 780 1926 836 factionarii
1956 798 2072 837 una

432 884 564 922 cum
589 867 913 922 demarchis
941 872 1151 922 astant.
1207 868 1545 938 Imperator,
1589 867 1816 924 colobio
1845 879 1903 924 et
1931 886 2071 942 sago

433 972 572 1010 auro
594 955 1248 1024 circumtextoindutus,
1278 972 1410 1011 cum
1445 957 1768 1028 patriarcha
1801 959 2071 1030 penulam

430 1059 533 1098 seu
592 1041 849 1098 casulam
891 1051 1144 1115 gestante
1199 1045 1480 1115 procedit,
1528 1051 1588 1101 et
1635 1052 1945 1118 postquam
2003 1047 2070 1103 ad

432 1133 681 1203 primum
730 1132 910 1188 vineae
941 1133 1296 1196 arboretum,
1341 1133 1439 1188 ubi
1500 1151 1700 1190 mensa
1731 1151 2074 1204 marmorea,

430 1221 490 1276 in
506 1237 620 1293 qua
633 1220 881 1276 canistra
903 1238 1032 1277 cunt
1054 1223 1182 1277 uvis
1203 1223 1425 1293 jaceat,
1446 1239 1779 1294 pervenere,
1814 1225 2078 1296 magistri

429 1326 662 1382 quoque
691 1310 843 1366 218
869 1311 1092 1382 patricii
1121 1315 1178 1366 et
1229 1317 1524 1368 senatores
1572 1328 1706 1368 cum
1751 1314 2080 1371 demarchis

431 1406 490 1455 et
519 1399 873 1455 factionariis
905 1398 1212 1471 utriusque
1235 1400 1497 1456 factionis
1515 1401 2080 1466 accedunt,etcura-

430 1491 552 1542 tore
565 1487 774 1543 dolium
787 1488 913 1543 uvis
943 1488 1172 1558 plenum
1188 1488 1868 1562 proferente,patriarcha
1882 1508 2081 1563 preces

434 1581 492 1631 et
521 1576 780 1631 ofﬁcium
815 1575 1276 1633 ecclesiasticum
1304 1579 1541 1646 recitat;
1584 1596 1698 1650 quo
1730 1579 1881 1635 facto
1911 1597 2080 1636 uvam

434 1680 612 1718 unam
646 1663 824 1719 sumit
853 1665 1401 1734 etimperatoridat,
1424 1665 1740 1736 imperator
1769 1684 1970 1724 rursus
1994 1685 2085 1741 pa-

435 1752 697 1807 triarchae
729 1752 924 1819 tradit,
950 1760 1126 1824 atque
1151 1753 1234 1808 ita
1263 1753 1467 1810 ordine
1497 1755 1792 1827 principes
1822 1763 2082 1815 senatus.

433 1839 728 1910 magistri,
759 1841 1155 1912 proconsules,
1183 1841 1430 1911 patricii,
1463 1843 1764 1913 otﬁciales,
1788 1846 2083 1902 demarchi

431 1933 491 1985 et
543 1927 983 1983 eerimoniarius
1031 1929 1332 1997 accedunt,
1389 1947 1628 2001 quorum
1669 1933 1915 2004 singulis
1949 1951 2087 1991 uvas

433 2017 698 2089 singulas
749 2018 1064 2091 imperator
1121 2020 1450 2079 distribuit.
1533 2021 1840 2094 Postquam
1899 2026 2089 2098 primo

434 2109 712 2180 magistro
736 2125 844 2165 uva
860 2110 931 2166 ab
947 2112 1298 2183 imperatore
1312 2111 1526 2168 tradita
1547 2121 1655 2182 est,
1670 2114 1798 2169 duae
1811 2104 2108 2173 factiones,

431 2199 780 2270 apelaticum
804 2201 1380 2273 toniprimirecitant
1411 2220 1425 2259 :
1461 2203 1722 2275 «Eprato
1745 2206 2092 2278 cognitionis

434 2289 656 2344 domini
690 2290 991 2361 sapientiae
1021 2289 1264 2347 ﬂoribus
1289 2292 1472 2349 sacris
1489 2291 1771 2362 collectis,
1793 2294 1935 2350 ordo
1965 2295 2094 2350 illu-

435 2378 647 2434 strium
690 2378 1089 2450 patriciorum,
1133 2379 1335 2436 multis
1391 2381 1766 2438 cantionibus
1824 2382 2086 2455 prolatis,

435 2470 1307 2540 caputcoronemus,utdomum
1324 2470 2083 2539 lioniodoriscogitattonum

436 2556 1288 2628 suscipientesjucundissimas
1301 2558 1430 2628 ejus
1443 2559 1678 2630 gratias.
1694 2559 1798 2616 Sed
1811 2602 1824 2627 ,
1846 2561 1959 2617 Rex
1974 2563 2083 2617 im-

433 2646 694 2700 mortalis
721 2646 1003 2714 omnium,
1057 2645 1132 2701 da
1172 2645 1296 2700 orni
1325 2647 1648 2718 sepissime
1680 2649 1892 2704 festum
1924 2650 2080 2706 hunc

436 2736 586 2792 diem
631 2736 951 2805 maiestatis
1011 2735 1416 2808 imperatorias,
1458 2737 1526 2793 N.
1560 2755 1594 2794 a
1655 2741 1764 2796 Deo
1823 2740 2077 2797 coronati

435 2826 712 2896 unctique
727 2825 1109 2896 imperatoris.
1127 2845 1151 2876 υ
1167 2825 1339 2881 Aliud
1351 2841 1584 2883 carmen
1601 2829 1718 2884 toni
1731 2827 2042 2900 obl.quarti
2059 2845 2074 2885 :

433 2937 462 2964 «
486 2913 682 2970 Virtus
705 2919 908 2982 tua,ut
936 2915 1067 2970 vitis
1100 2916 1366 2971 foecunda
1397 2933 1538 2972 uvas
1569 2917 1780 2973 laetitia
1812 2919 2077 2990 proferti,

2176 601 2384 678 γίνεται
2450 601 2736 678 φρινζάίτον
2785 604 2918 676 (68),
2959 597 3284 675 περικαλλεῖ
3337 617 3394 652 τε
3449 595 3540 651 καὶ
3599 595 3835 668 ὡραῖον,

2178 692 2269 746 καὶ
2317 689 2567 748 ’ίστανται
2618 690 2670 746 ο⁹ί
2711 712 2768 747 τε
2819 691 3108 765 μάγιστροι
3139 689 3231 744 καὶ
3263 686 3635 760 πραίπόσιτοι,
3669 682 3835 737 ἀνθύ-

2179 781 2342 837 πατοί
2386 803 2446 838 τε
2487 784 2575 838 καὶ
2625 783 2904 856 πατρίκιοι
2953 781 3042 835 καὶ
3091 776 3435 854 ὀφφικιάλιοι
3484 775 3574 831 καὶ
3636 771 3832 830 Λοιποὶ

2182 867 2538 942 συγκλητικοὶ
2618 865 2840 941 ἀντικρὺ
2922 868 3018 920 τοῦ
3077 863 3329 919 τοιούτου
3385 861 3678 936 φρινζάτου
3735 858 3833 913 καὶ

2182 963 2282 1026 τῆς
2334 956 2604 1030 ἀμπέλου,
2637 955 2728 1010 καὶ
2779 954 2912 1028 μετᾶ
2958 952 3182 1008 τούτου(
3233 953 3287 1007 οἱ
3322 956 3432 1005 τῶν
3483 947 3582 1004 δύο
3646 953 3832 1022 μερῶν

2187 1044 2359 1118 δῆμοι
2395 1045 2529 1118 μετᾶ
2557 1045 2646 1100 καὶ
2677 1048 2785 1099 τῶν
2825 1041 3149 1118 δημάρχων.
3173 1043 3230 1095 '0
3261 1039 3316 1095 δὲ
3352 1036 3605 1114 βασιλεὺς
3652 1038 3839 1092 κάτειο

2186 1157 2236 1190 σι
2273 1135 2407 1209 μετὰ
2435 1139 2532 1189 τοῦ
2563 1133 2908 1209 πατριάρχου
2939 1133 3044 1187 ἀπὸ
3087 1125 3374 1198 κολοϐίου,
3406 1133 3588 1205 φορῶν
3637 1127 3729 1182 καὶ
3771 1127 3838 1180 τὸ

2188 1221 2746 1300 χρυσοπερίκλειστον
2779 1220 2991 1297 σαγίον,
3024 1222 3052 1275 6
3085 1218 3152 1289 δὴ
3183 1218 3533 1295 πατριάρχης
3583 1216 3692 1271 ἀπὸ
3740 1235 3841 1292 φε-

2191 1313 2394 1370 λωνίου
2427 1313 2517 1368 καὶ
2548 1311 2892 1390 ὠμοφορίου,
2921 1309 3011 1365 καὶ
3061 1307 3128 1377 δὴ
3176 1308 3382 1364 τούτων
3432 1306 3839 1380 εἰσερχομὲνων

2190 1403 2242 1458 ἐν
2274 1408 2352 1475 τῷ
2408 1402 2514 1476 πρὸ
2560 1408 2659 1472 τῆς
2717 1399 2969 1475 ἀμπέλου
3027 1395 3450 1472 ἀναδενδραδίῳ,
3489 1395 3690 1468 (ἐκεῖσε
3730 1394 3838 1469 γὰρ

2184 1494 2400 1548 ’ίσταται
2457 1493 2698 1567 τράπεζα
2766 1491 3129 1564 μαρμάρινος,
3189 1488 3243 1542 ἐν
3409 1486 3724 1540 ἀπόκεινται
3783 1483 3841 1538 αἱ

2194 1581 2458 1659 σταφυλαὶ
2515 1581 2649 1654 μετᾶ
2702 1580 3040 1650 κανισκίων),
3072 1579 3162 1633 καὶ
3223 1577 3321 1633 εἶθ’
3369 1574 3542 1638 οὕτως
3589 1572 3844 1644 πλησιάο

2195 1678 2374 1742 ζουσιν
2417 1667 2469 1725 ο’ί
2521 1690 2579 1724 τε
2613 1670 2902 1746 μάγιστροι
2935 1667 3026 1722 καὶ
3069 1664 3350 1741 πατρίκιοι
3391 1663 3481 1719 καὶ
3531 1661 3840 1737 συγκλητιο

2193 1763 2281 1816 κοὶ
2311 1761 2398 1816 καὶ
2434 1762 2485 1815 οἱ
2531 1763 2637 1813 τῶν
2683 1756 2779 1814 δύο
2814 1762 2992 1833 μερῶν
3029 1755 3316 1831 δήμαρχοι
3377 1753 3512 1827 μετᾶ
3566 1751 3658 1807 καὶ
3723 1753 3839 1806 τῶν

2197 1849 2453 1922 δημοτῶν
2481 1867 2494 1882 ’
2536 1849 2626 1904 καὶ
2657 1845 2723 1918 δὴ
2757 1845 2854 1902 τοῦ
2891 1847 3238 1922 κουράτωρος
3285 1843 3688 1918 προσφέροντος
3734 1842 3844 1909 τὴν

2203 1939 2404 2015 βοῦτην
2447 1937 2582 2009 μετὰ
2617 1940 2726 1990 τῶν
2775 1933 3064 2013 σταφυλῶν
3094 1935 3229 2007 (69),
3267 1936 3416 1987 ποιεῖ
3463 1929 3634 1986 ἐκεῖσε
3665 1927 3845 2004 εὒχήν

2201 2029 2228 2083 6
2258 2027 2608 2101 πατριάρχης
2641 2023 2776 2080 κατὰ
2804 2026 2904 2093 τὴν
2929 2025 2976 2060 ⁸⁴
3001 2029 3103 2092 τῆς
3137 2020 3466 2092 Ἐκκλησίας
3489 2017 3846 2082 ἀκολουθίαν.

2202 2116 2304 2174 Καὶ
2339 2117 2472 2188 μετὰ
2499 2117 2598 2184 τὴν
2623 2115 2798 2189 εὐχὴν
2831 2108 3093 2186 λαμϐάνει
3131 2110 3185 2166 ἓν
3229 2107 3518 2186 βοτρῦὃιον
3568 2109 3597 2162 6
3644 2126 3848 2180 πατρι-

2200 2205 2402 2280 ἄρχῃς,
2427 2203 2515 2259 καὶ
2556 2199 2836 2258 ἐπιδίδωσι
2868 2205 2948 2273 τῷ
2983 2202 3231 2275 βασιλεῖ·
3284 2199 3494 2272 ὁμοίως
3542 2197 3633 2252 καὶ
3674 2197 3702 2250 6
3736 2197 3849 2270 βα-

2198 2294 2380 2356 σιλεὺς
2428 2291 2594 2348 πάλιν
2644 2289 2833 2346 δίδωσι
2875 2295 2956 2363 τῷ
3011 2291 3346 2364 πατριάρχῃ,
3377 2288 3468 2343 καὶ
3516 2286 3610 2350 εἶθ’
3665 2285 3846 2346 οὕτως

2197 2381 2535 2457 εΐσὲρχονται
2563 2381 2697 2436 κατὰ
2735 2379 2880 2449 τάξιν
2921 2379 2973 2434 οἱ
3027 2386 3128 2448 τῆς
3178 2376 3487 2452 συγκλήτου
3544 2372 3841 2450 ἄρχοντες,

2195 2469 2246 2526 οτί
2266 2491 2324 2525 τε
2355 2469 2646 2546 μᾶγιστροι
2675 2469 2765 2524 καὶ
2795 2467 3092 2532 ἀνθύπατοι
3139 2465 3228 2521 καὶ
3272 2465 3545 2540 πατρίκιοι
3594 2464 3686 2519 καὶ
3737 2463 3844 2540 6?-

2190 2557 2460 2638 φικιάλιοι
2490 2559 2581 2612 καὶ
2613 2559 2663 2611 οἱ
2695 2555 2978 2633 δήμαρχοι
3015 2556 3105 2610 καὶ
3146 2556 3174 2609 ὁ
3204 2561 3304 2624 τῆς
3333 2552 3849 2621 καταστάσεως,καὶ

2190 2644 2410 2703 δίδωσιν
2452 2647 2526 2704 ἑνὶ
2577 2648 2786 2718 ἑκάστῳ
2837 2643 3013 2700 αὺτῶν
3043 2647 3071 2701 6
3105 2643 3361 2720 βασιλεὺς
3399 2643 3499 2698 ἀνὰ
3533 2646 3659 2715 μιᾶς
3708 2663 3843 2697 σταο

2188 2735 2389 2815 φυλῆς.
2421 2739 2546 2791 Ὅτε
2603 2733 2659 2790 δὲ
2716 2739 2796 2806 τῷ
2838 2735 3042 2806 πρώτῳ
3082 2732 3366 2809 μαγίστρῳ
3396 2729 3625 2805 ἐπιδοθῇ
3692 2731 3844 2804 παρὰ

2183 2831 2280 2882 τοῦ
2315 2825 2582 2903 βασιλέως
2614 2828 2648 2895 ἡ
2683 2823 2952 2902 σταφυλὴ,
2995 2823 3242 2899 λέγουσιν
3271 2825 3338 2877 τὰ
3379 2820 3473 2877 δύο
3518 2824 3656 2897 μέρη
3691 2823 3846 2891 ἠνω-

2189 2916 2344 2992 μένοι
2384 2914 2714 2972 ἁπελατικὸν
2761 2916 2878 2986 (70)
2928 2914 3074 2987 ἦχος
3115 2920 3176 2967 at"
3215 2937 3239 2962 ‹‹
3275 2913 3370 2968 Ἐκ
3425 2915 3522 2966 τοῦ
3565 2908 3848 2983 λειμῶνος

1781 3032 2022 3089 VARlz‘E
2079 3034 2378 3090 LECTIUN
2388 3033 2490 3089 ES.

502 3129 550 3163 “
577 3126 710 3181 κατᾶ
739 3127 837 3195 τήν
871 3131 962 3197 R.,
993 3127 1084 3180 καὶ
1111 3128 1211 3195 τήν
1232 3129 1358 3185 cod.
1393 3134 1451 3185 et
1479 3130 1571 3186 ed.

1475 3245 1678 3302 JOAN.
1719 3246 1868 3302 JAC.
1910 3247 2171 3304 BEISKII
2213 3243 2796 3302 COMMENTARIUS.

428 3360 662 3416 idemne
727 3363 817 3432 est
871 3375 1004 3415 cum
1055 3360 1163 3416 hoc
1215 3361 1552 3417 vindemiali
1596 3361 1769 3428 epulo
1819 3361 2072 3417 Minervae
2103 3365 2146 3432 C

429 3433 648 3487 dictum
678 3431 940 3503 epulum,
969 3433 1040 3488 de
1061 3448 1186 3503 quo
1206 3437 1373 3488 vetus
1428 3432 1734 3489 Kalendar.
1785 3435 1938 3498 apud
1983 3432 2071 3488 Du

429 3504 620 3574 Cange
651 3502 1112 3574 v.706laqueatio’.
1145 3502 1210 3558 ΙΙΙ.
1267 3503 1570 3573 Septembri
1605 3504 1757 3558 dolia
1785 3507 2074 3574 picantur,

422 3591 581 3645 poma
614 3575 888 3645 leguntur,
938 3580 1204 3630 arborum
1259 3575 1620 3646 ablaqueatio,
1677 3575 1912 3647 epulum
1969 3576 2073 3631 Ni-

425 3662 608 3702 nerves
615 3689 629 3702 .

501 3716 930 3788 (67)Signilicat
955 3715 1147 3773 locum
1172 3717 1482 3788 irriguum,
1515 3718 1822 3774 arboribus
1843 3718 2076 3773 umbro-

428 3806 586 3858 sum,
626 3789 1146 3859 praterﬂuentibus
1185 3789 1355 3860 aquis
1399 3788 1824 3857 humectatum,
1877 3791 2075 3844 deam-

430 3860 685 3932 bulantto
713 3870 766 3932 et
797 3877 949 3915 aurai
982 3861 1212 3932 trigidae
1270 3861 1569 3930 captandis
1621 3865 1858 3916 factum.
1923 3861 2079 3916 Infra

430 3948 664 4002 quoque
677 3931 960 3986 habemus
979 3931 1260 3986 libadium
1288 3938 1422 3986 ante
1440 3939 1659 4002 portam
1685 3948 1910 3987 auream
1931 3934 2076 3985 Con-

431 4002 1032 4072 stantinopolitanam,
1048 4003 1205 4073 quod
1216 4018 1322 4073 ego
1336 4003 1572 4072 quidem
1591 4007 1729 4073 puto
1745 4004 1884 4056 idem
1898 4003 2079 4056 fuisse

430 4090 558 4128 cum
590 4074 896 4142 philopatio
916 4072 1187 4138 deinceps
1209 4072 1292 4127 sic
1322 4074 1497 4139 dicto,
1530 4089 1628 4126 seu
1653 4072 1800 4138 loco,
1823 4073 1920 4126 ubi
1942 4088 2076 4126 cum

427 4145 791 4214 jucunditate
813 4145 979 4198 deam
991 4143 1246 4198 bulatur.
1273 4142 1342 4197 Ut
1365 4142 1732 4214 hoditesolent
1754 4148 1888 4198 ante
1909 4143 2080 4214 urbes

435 4226 664 4269 nostras
693 4215 829 4267 talia
857 4213 1523 4279 deambulacraesse,sic
1547 4214 1717 4268 etiam
1746 4221 1964 4268 veteres
1988 4213 2082 4267 ha-

433 4284 965 4408 poebajnt..Meminit
995 4282 1237 4339 Malalas
1269 4291 1306 4336 t.
1344 4284 1414 4348 Il,
1439 4300 1492 4355 p.
1521 4284 1608 4350 41,
1644 4283 1943 4356 philopatii
1967 4287 2082 4339 An-

470 4371 555 4408 toc
603 4369 717 4408 ent.

437 4354 717 4409 tiocheni.

505 4425 618 4494 (68)
643 4424 828 4479 Variis
851 4423 1041 4479 modis
1073 4425 1350 4480 scribitur
1389 4425 1498 4481 hoc
1526 4425 1896 4494 vocabulum,
1927 4426 2082 4494 quod

437 4496 734 4566 tugurium
762 4496 2082 4569 frondibusconsertam,pergulam.trichilam,

439 4564 1323 4644 ηοξιαξΦραγγιάταᾲμρῃθηάυτη
1366 4590 1400 4644 γ
1431 4564 1613 4626 anisi
1667 4569 1895 4644 Graacis,
1937 4575 2001 4624 ut
2059 4573 2088 4636 ζ

437 4639 522 4692 vel
547 4641 609 4706 τζ
641 4638 855 4712 ποῖοι
939 4638 1217 4712 Gallicum
1265 4657 1298 4712 g
1351 4638 1485 4697 ante
1535 4651 1725 4712 antea
1789 4643 1897 4696 eti
1944 4656 2085 4712 pro-

438 4711 744 4788 nunttari),
794 4709 1116 4788 ιρρεγγιάτοιἔ
1148 4711 1444 4788 Μφρίντζκι
1487 4711 1800 4788 φρονζάτον,
1881 4709 2086 4788 φρρυν-

2187 3378 2322 3418 ruzo
2351 3365 2440 3418 est
2494 3361 2825 3417 Arabicum.
2867 3360 2973 3415 Sed
3016 3358 3266 3416 liberum
3317 3359 3525 3428 cuique
3578 3358 3654 3413 sit
3720 3369 3838 3413 sta-

2193 3433 2390 3505 tuendi
2423 3433 2530 3505 hac
2550 3436 2617 3488 de
2659 3431 3011 3505 etymologia
3057 3431 3383 3488 arbitrium.
3451 3431 3628 3484 Porro
3659 3447 3844 3505 ,περι-

2190 3501 2391 3563 καλλὲς
2425 3501 2739 3574 legendum
2775 3520 2902 3558 esse
2922 3501 3013 3558 vel
3058 3519 3172 3556 non
3207 3506 3474 3556 monente
3532 3517 3626 3555 me
3659 3501 3846 3574 liquet

2192 3578 2366 3630 Extra
2385 3571 2658 3645 palatium
2686 3575 2910 3642 Hierite,
2934 3577 2993 3628 in
3021 3579 3289 3645 prwtenso
3320 3574 3409 3627 illi
3435 3574 3616 3644 amplo
3648 3571 3845 3627 deum-

2194 3648 2443 3708 bulacro.
2473 3649 2717 3716 erigitur
2743 3647 2976 3715 pergula
3003 3647 3229 3713 elegans
3249 3654 3298 3700 et
3324 3647 3528 3716 (aceto.

2263 3720 2377 3788 (69)
2410 3714 2629 3772 Buttam
2687 3719 2809 3772 uvis
2837 3714 3074 3788 plenum
3103 3715 3607 3788 aﬂert._Habemus
3648 3714 3846 3788 adhuc

2193 3787 2251 3843 in
2284 3786 2552 3845 sermone
2612 3795 2811 3844 nostro
2837 3786 3232 3857 superstitem
3293 3786 3443 3842 hanc
3471 3802 3664 3842 vocem
3701 3787 3850 3842 botte

2196 3860 2280 3914 vel
2314 3862 2482 3926 butle,
2517 3877 2618 3933 pro
2651 3859 2806 3915 dolio
2838 3859 3025 3933 ligneo
3069 3860 3125 3933 in
3171 3874 3400 3933 summa
3434 3864 3594 3933 parte
3635 3865 3847 3933 aperto

2195 3948 2323 3986 cum
2350 3948 2491 4003 ansa
2518 3927 2828 4003 perforata.
2856 3930 3026 4003 Venit
3060 3930 3129 3985 ab
3157 3930 3402 4003 antiun
3426 3927 3580 3989 πίθος
3612 3927 3845 3998 dolium,

2194 4005 2280 4075 vel
2318 4001 2481 4075 βῦβος
2526 4001 2916 4075 profundum,
2956 4001 3175 4075 Glossas
3249 4005 3344 4057 Gr.
3381 4001 3502 4056 Lat.
3563 4017 3576 4054 :
3626 4017 3846 4075 ascoya,

2195 4071 2501 4142 ἆσκόπύθνη
2536 4071 2615 4128 'id
2644 4071 2735 4129 est
2789 4071 2987 4140 πυθίνη
3057 4071 3269 4139 bulina,
3310 4087 3404 4129 seu
3481 4078 3607 4128 uter
3663 4071 3847 4128 coria-

2196 4160 2367 4212 ceus;
2402 4146 2556 4200 unde
2585 4155 2722 4200 nata
2740 4160 2847 4200 vox
2878 4145 3172 4208 boutin,ut
3199 4154 3457 4206 scortum.
3489 4143 3655 4214 quasi
3686 4145 3847 4198 dicas

2197 4222 2326 4270 uter
2383 4221 2664 4284 scorteus,
2705 4215 2765 4270 in
2803 4231 2971 4286 quem
3021 4215 3225 4270 sordes
3279 4216 3686 4285 conjiciantur.
3748 4215 3848 4269 Est

2197 4293 2392 4359 autem
2425 4303 2624 4359 ascopa
2653 4303 2760 4342 vox
2789 4285 3156 4354 Germanica,
3179 4286 3592 4359 compositan
3623 4303 3677 4350 a,
3700 4286 3847 4341 arti-

2197 4357 2355 4430 culo.
2411 4358 2512 4430 qui
2548 4356 2770 4430 fanum
2804 4364 3011 4430 notat,
3065 4363 3121 4412 et
3188 4358 3380 4430 Scapa,
3415 4356 3848 4430 _Schoppe,ﬂune

2197 4427 2445 4499 chapineL
2479 4429 2684 4484 Adhuc
2705 4429 2872 4485 hodie
2901 4429 3153 4485 dicimus
3191 4427 3297 4483 ein
3339 4427 3617 4499 Scholtpeu
3678 4429 3845 4492 Wein,

2200 4497 2356 4571 quad
2390 4504 2616 4571 proprie
2646 4506 2736 4556 est
2779 4510 2903 4556 uter
2949 4502 3223 4555 coriaceus
3272 4499 3412 4571 vini.
3472 4497 3710 4571 Veteres
3743 4500 3849 4554 hoc

2200 4569 2574 4641 appellabant
2603 4574 2682 4627 ad
2718 4573 2903 4626 corbes
2931 4572 3135 4627 sedere.
3178 4570 3547 4639 Lampridius
3578 4569 3636 4624 in
3668 4571 3854 4626 Helio-

2201 4641 2430 4713 gabalo,
2493 4659 2543 4698 c.
2579 4654 2639 4708 tt,
2673 4659 2729 4712 p.
2787 4643 2912 4711 817,
2958 4659 3079 4697 cum
3127 4641 3202 4696 ad
3257 4641 3562 4696 vindemias
3617 4651 3855 4697 vocasset

2201 4712 2404 4768 amicos
2451 4712 2681 4781 nobiles,
2713 4713 2876 4784 [tunc
2908 4713 3184 4784 temporis
3243 4714 3508 4782 magistri
3538 4719 3595 4768 et
3625 4713 3850 4782 patricii

437 4779 613 4848 ζάτον.
673 4776 976 4865 Exponnu'n'l
1024 4776 1263 4865 καλύϐἧ,
1296 4776 1903 4865 ¢a1a8tov,_cinvﬂ,_et
1924 4776 2081 4865 'deri-

2201 4791 2269 4865 ct_
2301 4776 2944 4865 patriarchte'nondum
2979 4776 3146 4865 erant
3203 4787 3259 4839 in
3292 4776 3451 4865 curia
3481 4776 3768 4863 Romana]
3798 4789 3846 4839 et

439 4858 571 4906 vant
622 4870 654 4907 a
711 4852 1146 4926 frondoso._Non
1183 4858 1531 4926 repugnabo.
1565 4855 1703 4910 Mihi
1729 4855 1961 4926 quidem
1984 4854 2088 4909 ali-

439 4928 666 4994 quando
707 4924 896 4994 visum
924 4923 1056 4994 iuit
1102 4923 1355 4978 Arabicae
1403 4927 1644 4989 originis
1691 4923 1838 4981 esse.
1897 4928 2084 4993 Farig,

437 4993 514 5065 (id
549 5001 639 5050 est
691 4993 949 5052 Farilsch
1005 5002 1205 5050 nostro
1260 4997 1604 5051 Germanico
1647 5013 1806 5051 more
1836 4998 2090 5052 scriben-

439 5068 728 5137 dum),est
748 5068 1034 5138 Arabibus
1064 5065 1305 5136 frigidus
1335 5077 1386 5120 et
1416 5069 1645 5136 preprie
1667 5068 1851 5132 lzetus,
1878 5071 2088 5138 jucun-

438 5139 571 5203 dus,
604 5139 826 5204 hilaris,
849 5137 1076 5192 solutus
1106 5138 1284 5202 curis,
1310 5139 1566 5204 amplus,
1585 5139 1903 5208 spatiosus.
1934 5140 2087 5193 Laeta

436 5210 591 5264 enim
627 5208 744 5264 illis
774 5209 968 5264 omnia
1019 5208 1224 5274 frigida
1251 5215 1308 5264 et
1363 5207 1633 5263 vicissim
1663 5210 1852 5263 tristia
1901 5211 2083 5264 calida

438 5279 831 5350 appellantur,
867 5284 932 5334 ut
960 5280 1239 5352 gentibus
1267 5297 1298 5334 a
1330 5279 1452 5335 sole
1483 5279 1852 5335 vehementer
1873 5282 2091 5352 patien-

438 5352 616 5406 tibus.
659 5353 800 5406 llinc
835 5357 970 5422 nata
999 5367 1104 5406 vox
1139 5351 1338 5406 Italica
1388 5352 1742 5422 tan/anum,
1787 5351 2085 5418 recreatio,

437 5423 724 5487 remissio,
757 5421 1054 5492 ampliatio
1086 5423 1289 5490 animi,
1323 5421 1609 5485 hilaritas,
1645 5438 1762 5490 qua
1789 5438 1942 5493 saepe
1980 5423 2090 5477 uti-

437 5501 532 5564 tur
565 5495 620 5547 in
653 5509 757 5547 suo
799 5493 1095 5548 [linerario
1150 5493 1433 5564 Josaphat
1473 5495 1780 5550 Barbarus.
1835 5501 1901 5548 ut
1933 5512 1984 5560 p.
2021 5495 2088 5547 36

438 5562 576 5633 edit.
632 5564 852 5618 Aldine
885 5564 1070 5620 :disse
1125 5566 1206 5618 mi
1242 5562 1339 5618 cite
1385 5566 1572 5620 voleva
1618 5564 1803 5619 darmi
1855 5581 1932 5619 un
1960 5580 2088 5633 paco

437 5631 496 5682 di
526 5635 874 5704 tanfarruzo,
907 5643 958 5688 et
990 5643 1270 5691 monstror
1297 5637 1380 5689 mi
1406 5637 1456 5690 le
1481 5635 1656 5704 gioie,
1679 5636 1775 5690 ohe
1803 5637 1890 5704 gli
1919 5631 2089 5691 δὲαηο

434 5704 576 5752 state
653 5706 916 5759 mandate
943 5705 1002 5759 di
1043 5717 1226 5776 questo
1296 5710 1513 5776 signare
1568 5706 1806 5763 d'lndia.
1841 5708 2090 5764 Tantar-

2200 4855 2270 4910 ad
2306 4854 2501 4911 corbes
2575 4856 2816 4920 sedisset,
2874 4867 2980 4910 etc.
3030 4855 3202 4910 Plane
3261 4860 3323 4908 ut
3385 4854 3476 4909 hic
3535 4854 3853 4926 imperator

2197 4928 2498 4982 CPtanuse
2531 4927 3032 4982 buttisuvasinter
3056 4941 3318 4991 proceres
3345 4929 3622 4980 aultesuaa
3651 4927 3848 4980 distri-

2197 4999 2430 5064 bueliat,
2455 4999 2723 5081 Iita_tunc
2749 5013 3006 5081 ‘quolque
3037 4996 3440 5081 lieliogabalus
3491 4997 3759 5081 iaciebat,
3791 5004 3857 5052 ut

2195 5076 2472 5140 appareat
2504 5070 2678 5124 ritum
2711 5070 2783 5123 ab
2814 5069 2931 5123 illis
2958 5069 3214 5137 antiquis
3247 5069 3428 5138 impp.
3468 5069 3538 5123 ad
3583 5070 3854 5137 juniores

2195 5141 2561 5195 demanasse.
2624 5139 2946 5210 lnterjectis
3005 5139 3226 5210 aliquot
3289 5139 3480 5195 verbis
3543 5141 3852 5195 continuat

2197 5211 2572 5281 Lampridius
2605 5227 2618 5265 :
2655 5213 2859 5267 Ferunt
2887 5210 3086 5265 abillo
3123 5212 3317 5282 primo,
3350 5214 3651 5282 repertum,
3693 5219 3752 5264 ut
3792 5213 3852 5265 in

2197 5282 2602 5337 vindemiarum
2631 5284 2819 5351 festivo
2863 5283 3041 5336 multa
3067 5283 3128 5336 in
3168 5281 3416 5336 dominos
3464 5281 3762 5350 iocularia,
3801 5289 3854 5336 et

2198 5352 2548 5408 audientibus
2605 5353 2865 5420 dominis,
2908 5353 3240 5408 dicerentur.
3288 5353 3464 5423 Cujus
3521 5352 3605 5408 rei
3639 5353 3848 5420 simile

2196 5427 2346 5495 apud
2382 5424 2656 5480 Nostrum
2693 5425 2835 5479 nihil
2879 5425 3128 5479 invenio.

2267 5495 2380 5566 (70)
2404 5498 2465 5550 In
2490 5496 2869 5564 sequentibus
2891 5494 3198 5566 canticulis
3215 5492 3540 5566 specimina
3560 5493 3842 5549 habemus

2195 5565 2453 5631 ditilclts,
2512 5567 2873 5638 ampullosaa,
2914 5565 3354 5633 dithyrambicas
3398 5570 3626 5638 etisano
3657 5580 3838 5620 sensu

2195 5653 2369 5708 cassat
2402 5634 2639 5708 poeseos
2695 5647 2866 5708 atque
2888 5637 3229 5708 eloquentia:
3260 5653 3386 5708 qua;
3417 5634 3575 5690 illam
3608 5641 3834 5691 aetatem

2193 5706 2452 5765 inﬂabat.
2485 5710 2630 5767 Vide
2659 5706 2835 5781 supra
2866 5714 2986 5766 not.
3000 5706 3107 5776 '50,
3129 5707 3240 5764 col.
3269 5706 3396 5762 216.
