4160 6304
334 324 454 384 ΘΠ

1225 327 1324 388 DE
1364 325 1820 390 GERIMONIIS
1859 326 2097 393 item
2137 333 2612 398 BYZANTINA!
2653 340 2803 402 LIB.
2850 317 2906 401 ιζ

3637 351 3757 414 678

342 480 528 533 ταῦτα·
583 499 613 526 ‹‹
657 475 768 545 Γὴν
823 473 998 543 καλὴν
1057 473 1266 549 ἡμέραν
1327 477 1649 548 ποιήσωμεν
1713 479 1846 549 μετὰ
1892 465 2057 534 τοῦΑ

2106 467 2465 527 celebremus
2506 470 2518 524 ι
2572 474 2657 529 ter
2685 478 2904 543 sancte,
2951 475 3205 533 dominis
3247 480 3530 538 auxilium
3573 484 3737 556 alter,

345 565 647 641 δημάρχου
696 569 804 620 τῶν
850 567 1082 622 Βενέτων
1109 565 1191 620 ⁸⁸1
1223 564 1504 639 Τρισάγιε,
1542 566 1824 640 βοήθησον
1863 569 1990 630 τοὺς

2099 569 2296 614 curam
2334 575 2534 616 eorum
2585 562 2643 617 in
2693 564 2965 620 omnibus
3013 568 3268 639 suscipe,
3313 570 3488 626 vitam
3536 588 3736 630 eorum

347 655 632 725 δεσπότας,
691 653 890 708 καὶσὺ
955 651 1149 714 αὐτοὺς
1227 653 1551 726 θεράπευσον
1635 653 1725 710 ἐπὶ
1806 662 1989 725 πᾶσιν,

345 745 664 815 πλεονάζων
708 750 809 814 τῆς
853 747 1000 813 ζωῆς
1067 743 1245 798 αὐτῶν
1302 743 1560 819 χρόνους,
1612 745 1703 799 σὺν
1745 750 1862 806 ταῖς
1906 766 1988 800 τι-

2095 661 2314 718 augens
2344 663 2473 705 cum
2499 653 2837 708 venerandis
2864 653 3333 726 imperatrlcibus
3374 658 3432 714 in
3459 677 3744 731 purpura,

2092 735 2166 790 ad
2199 735 2506 806 perfectam
2536 738 2800 798 laetitiam
2846 742 3236 804 Romanorum
3266 764 3331 803 ac
3366 747 3745 819 Venetorum,

342 834 491 909 μίαις
518 831 844 908 αὐγοόσταις
874 830 926 886 ἐν
966 831 1034 903 τῇ
1067 829 1318 908 πορφύρᾳ
1342 830 1417 892 εἰς
1459 829 1671 886 τελείαν
1697 833 1988 907 χαρμονὴν

2091 839 2360 881 verorum
2408 843 2706 885 servorum
2737 836 2987 888 tuorum.
3031 835 3259 904 Sancte,
3285 845 3368 892 ter
3390 843 3610 907 sancte,
3645 840 3749 894 do-

338 928 448 979 τῶν
479 921 776 994 Ῥωμαίων
817 916 906 974 καὶ
938 919 1177 974 Βενὲτων
1217 922 1324 972 τῶν
1356 917 1597 994 γνησίων
1649 919 1804 993 ὑμῶν
1860 917 1986 975 60'5-

341 1009 482 1067 λῶν.
520 1009 643 1066 Ἐσο
684 1008 860 1083 Ἀγιε,
925 1006 1186 1082 τρισάγιε,
1242 1004 1370 1068 τοὺς
1419 1003 1682 1068 δεσπότας
1720 1003 1983 1086 φυλαττε,

339 1104 562 1173 Ῑινεῦμα
587 1097 651 1152 τὸ
698 1095 985 1170 πάνάγιον,
1031 1096 1129 1159 τὰς
1166 1093 1472 1172 αυγοὺστας
1514 1094 1822 1153 σκέπασονί
1874 1096 1984 1154 K6-

341 1207 440 1265 ριε,
490 1187 639 1259 ζωὴν
678 1185 854 1241 αὐτῶν
907 1182 996 1239 διὰ
1029 1185 1130 1253 τήν
1181 1186 1328 1254 ζωὴν
1378 1185 1539 1256 ἡμῶν
1567 1185 1579 1240 l
1611 1182 1693 1243 ἓσ.
1726 1184 1778 1245 ἅ,
1811 1186 1869 1241 οἷ
1903 1184 1980 1243 ἔσ.

341 1277 526 1353 Κύριε,
559 1281 744 1355 χαῖρε,
773 1271 918 1344 καλή
961 1293 1056 1328 σου
1106 1272 1330 1348 ἡμᾶραί
1373 1273 1480 1346 ὅλη
1523 1274 1706 1349 ἡμέρα
1741 1275 1978 1350 σήμερον

339 1367 485 1438 καλή
531 1387 628 1422 σου
680 1363 862 1440 ἡμέρα
916 1364 1161 1438 γίνεταιῐ
1227 1363 1256 1417 6
1313 1357 1460 1418 δεῖνα
1532 1367 1982 1440 πρωτοσπαθάριε

338 1457 430 1514 καὶ
491 1453 770 1530 δήμαρχε,
836 1451 1041 1508 πολ)ιοί
1097 1473 1189 1506 σου
1232 1451 1444 1526 χρόνοι·
1490 1450 1518 1506 6
1564 1451 1792 1516 ἀναστὰς
1849 1455 1982 1517 θεὸς

335 1549 373 1616 ἡ
385 1551 502 1621 μῶν
535 1550 708 1619 ζωᾳν,
742 1543 923 1618 ὑγείαν
983 1539 1146 1596 δώσει
1200 1562 1307 1596 σοι.
1339 1545 1449 1596 Τοῦ
1482 1538 1744 1597 δεσπότου
1771 1544 1978 1620 γνήσιε,

2094 910 2285 999 minos
2299 915 2527 971 custodi
2547 914 2560 970 ι
2576 917 2824 986 Spiritus
2839 921 3228 994 sanctissime,
3245 931 3528 999 augustas
3544 933 3705 986 tuere
3724 925 3738 982 l

2092 998 2354 1070 Domine,
2386 1004 2562 1061 vitam
2592 1005 2852 1080 ipsorum
2887 1028 2988 1084 per
3019 1019 3277 1072 nostram
3305 998 3476 1074 vitam
3505 1019 3518 1074 l
3553 1019 3753 1077 Salve,

2090 1088 2355 1159 Domine,
2392 1094 2634 1163 pulchra
2661 1102 2748 1152 est
2778 1099 2897 1155 haec
2934 1100 3058 1158 dies
3097 1108 3199 1162 tua
3239 1105 3252 1160 l
3299 1106 3580 1165 hodierna
3612 1110 3738 1168 dies

2087 1183 2209 1235 tota
2242 1179 2485 1251 pulchra
2516 1184 2621 1239 tibi
2651 1185 2776 1242 dies
2809 1187 2870 1241 ﬁt
2903 1186 2916 1243 l
2954 1189 3018 1248 N.
3047 1195 3507 1262 protospatharie
3537 1205 3592 1255 et
3631 1201 3740 1255 de-

2089 1267 2346 1338 marebe,
2383 1269 2568 1327 multa
2605 1274 2711 1328 tibi
2755 1278 3013 1346 tempora
3046 1279 3060 1334 l
3095 1280 3266 1351 Deus,
3295 1286 3396 1354 qui
3427 1302 3458 1342 e
3498 1288 3743 1347 mortuis

2087 1361 2423 1431 resurrexit,
2455 1360 2673 1418 salvam
2704 1365 2868 1420 vobis
2912 1366 3088 1424 vitam
3121 1373 3397 1428 concedat
3430 1373 3443 1428 !
3477 1376 3742 1435 Genuine

2089 1448 2466 1506 Dominorum
2500 1450 2732 1522 famule,
2765 1454 3038 1512 divinitas
3078 1461 3134 1514 te
3167 1471 3486 1532 conservet,
3529 1466 3735 1536 plura-

2084 1554 2196 1611 que
2228 1538 2376 1594 Deus
2407 1539 2662 1597 ccelestis
2699 1542 2804 1597 tibi
2835 1547 3131 1612 concedat,
3175 1553 3239 1605 ut
3277 1553 3332 1606 te
3373 1551 3598 1611 felicem
3639 1554 3730 1610 vi-

335 1637 399 1691 τὺ
457 1640 600 1699 θεῖον
642 1632 933 1708 περισώσει
968 1653 1044 1701 σε,
1102 1629 1191 1685 καὶ
1222 1629 1448 1686 πλείονα
1505 1628 1821 1706 δωρήσηται
1851 1633 1980 1694 Θεὸς

2089 1625 2326 1684 deamus
2355 1633 2411 1684 et
2437 1629 2832 1696 gaudeamus!
2867 1633 2974 1690 hoc
3021 1652 3191 1693 omne
3233 1641 3595 1710 providentia
3635 1645 3739 1701 Dei

336 1725 368 1781 6
399 1723 745 1798 ἐπουράνιος,
794 1719 890 1776 ⁹ίνα
955 1719 1310 1796 εὖτυχοῦντός
1353 1740 1449 1775 σου
1494 1720 1707 1796 ὁρῶμεν
1731 1721 1819 1775 καὶ
1853 1740 1974 1798 χαι-

2089 1717 2266 1772 nostri
2298 1717 2528 1773 accidit.
2561 1718 2762 1775 Merito
2794 1721 2898 1776 tibi
2930 1739 3033 1780 nos
3067 1723 3290 1797 Veneti,
3341 1733 3734 1805 ornatissime,

339 1818 563 1889 ρώμεθα
605 1813 620 1868 !
677 1815 837 1867 τοῦτο
876 1811 1092 1872 πάντως
1141 1806 1343 1884 γίνεται
1399 1807 1627 1884 προνοίᾳ
1682 1811 1780 1864 τοῦ
1847 1815 1980 1866 Θεοῦ
2014 1813 2057 1880 Β

2089 1822 2487 1877 apprecamur,
2507 1809 2657 1879 quod
2680 1813 3255 1882 superabundantem
3274 1817 3736 1881 benevolentiam

334 1907 526 1978 ἡμῶν,
585 1901 780 1973 Ἀξίως
823 1921 907 1955 σοι
962 1898 1238 1974 εὐχόμεθα
1269 1897 1496 1972 Βὲνετοι,
1528 1900 1857 1976 παγκόσμιε,
1901 1900 1984 1956 ὅτι

2093 1894 2294 1962 habes,
2335 1904 2388 1952 et
2421 1912 2614 1968 preces
2643 1915 2677 1955 a
2706 1899 3019 1958 cultoribus
3049 1904 3167 1961 tuis
3198 1907 3414 1980 accipis
3448 1927 3461 1964 :
3493 1915 3550 1966 ut
3581 1911 3736 1970 enim

335 1988 792 2068 ὑπερϐάλλουσαν
845 1986 994 2068 ἔχεις
1039 1985 1416 2057 καλοθέλειαν,
1465 1989 1553 2044 καὶ
1611 1989 1778 2066 εὐχᾶς
1817 1991 1982 2064 κομί-

2093 1988 2150 2040 te
2185 2001 2474 2057 amamus,
2521 1988 2600 2042 ita
2647 1995 2704 2043 et
2743 1987 2934 2046 fausta
2977 1991 3078 2047 tibi
3113 1994 3248 2064 jure
3290 2013 3678 2070 apprecamur
3719 2019 3734 2058 :

334 2089 489 2152 ζεσαι
520 2083 581 2136 ὲκ
616 2081 725 2134 τῶν
777 2078 1112 2154 ἀγαπώντων
1171 2096 1250 2132 σε·
1285 2079 1360 2141 ὡς
1410 2078 1514 2155 γὰρ
1543 2078 1842 2156 ἀγαπῶμεν
1874 2101 1983 2150 σοι,

2090 2073 2245 2131 220
2277 2081 2341 2129 ut
2369 2073 2496 2131 sine
2525 2092 2860 2136 successors
2889 2080 2989 2136 diu
3019 2080 3171 2138 inter
3197 2100 3303 2140 nos
3333 2091 3736 2150 commoraris.

333 2171 504 2242 ἀξίως
564 2190 620 2224 σε
678 2167 977 2242 εὐχόμεθα⁹
1029 2165 1118 2221 ’ίνα
1155 2163 1454 2242 ἆδιάδοχος
1520 2166 1710 2242 μείνῃς
1759 2167 1981 2223 διοικῶν

2095 2167 2242 2219 Deus
2262 2169 2476 2234 noster,
2501 2167 2597 2239 qui
2617 2169 2945 2235 resurrexit,
2964 2173 3341 2234 demarchum
3363 2181 3678 2241 custodiat.
3699 2207 3727 2235 ››

327 2263 502 2335 ἡμᾶς·
537 2258 614 2317 ἔσ.
647 2259 708 2316 Ὀ
739 2258 969 2320 ἀναστὰς
1015 2258 1146 2319 Θεὸς
1211 2261 1391 2330 ἡμῶν,
1439 2257 1678 2346 φύλαττε
1741 2258 1832 2313 τὸν
1888 2255 1983 2329 δή·

2089 2252 2234 2309 Grex
2266 2255 2639 2311 Prasinorum
2674 2259 2946 2314 eumdem
2977 2264 3237 2320 ordinem
3268 2267 3560 2341 ritumque
3599 2288 3736 2346 erga

333 2369 577 2425 μαρχον.
613 2371 637 2403 α
673 2347 888 2416 Ἰστέον,
940 2347 1022 2401 ὅτι
1062 2347 1152 2402 καὶ
1207 2345 1258 2402 οἱ
1316 2349 1414 2401 τοῦ
1464 2345 1660 2423 μέρους
1698 2350 1804 2401 τῶν
1837 2351 1983 2421 Πρα-

2089 2359 2257 2400 suum
2281 2345 2578 2400 tribunum
2591 2347 3188 2424 observateademque
3202 2363 3329 2412 acta
3357 2359 3470 2430 ipsi
3494 2345 3726 2422 accinit.

329 2438 496 2495 σίνων
530 2439 628 2508 τήν
661 2435 858 2510 ὁμοίαν
892 2435 1038 2509 τάξιν
1071 2435 1158 2490 καὶ
1220 2432 1581 2498 ἁκουλουθίαν
1627 2439 1862 2491 ποιῶσιν
1902 2439 1980 2508 τῷ

2089 2433 2209 2499 Quo
2249 2434 2362 2490 ritu
2400 2438 2459 2490 et
2491 2434 2680 2492 ofﬁcio
2717 2433 2776 2492 in
2815 2437 3034 2496 aedibus
3081 2444 3210 2515 ejus
3253 2454 3506 2519 peracto,
3551 2451 3724 2510 factio

327 2525 462 2600 ἰδίῳ
498 2524 796 2604 δημάρχῳ,
827 2523 919 2580 καί
951 2523 1018 2578 τὰ
1052 2521 1187 2578 αὐτᾶ
1216 2519 1351 2612 ἅκτα
1381 2520 1775 2612 ἆκτολογοῦσιν
1808 2523 1976 2597 αὐτῷ,

2089 2523 2381 2580 tribunum
2431 2541 2602 2580 suum
2653 2521 2787 2582 inde
2831 2527 2901 2583 ad
2952 2529 3171 2589 circum
3220 2537 3546 2608 comitatur,
3601 2541 3730 2612 ipso

327 2617 458 2690 Χρὴ
500 2615 794 2691 γινώκσειν,
853 2611 959 2680 ὅτι,
1019 2617 1132 2702 τῆς⁸
1183 2611 1587 2702 προρῥηθείσης
1648 2614 1864 2702 diem;
1886 2611 1975 2668 καὶ

2089 2611 2298 2670 scilicet
2331 2613 2393 2670 in
2441 2613 2666 2670 decimo
2707 2617 2964 2674 cancello
3007 2623 3348 2692 constituto,
3392 2645 3508 2700 quo
3551 2611 3725 2702 facto,

337 2701 675 2764 ἀκολουθίας
722 2699 1058 2773 τελεσθείσης
1116 2699 1171 2756 ἐν
1225 2704 1304 2773 τῷ
1335 2705 1447 2789 τοῦ
1479 2698 1774 2789 δημάρχου
1806 2700 1972 2774 οῗκῳ,

2089 2717 2286 2758 rursus
2317 2701 2566 2774 pepulus
2595 2705 2861 2762 consistit
2882 2706 3040 2766 hunc
3061 2709 3120 2767 in
3146 2713 3386 2772 modum
3409 2698 3520 2789 ipsi
3541 2698 3728 2778 accla;

342 2793 588 2868 ὀψικεῦει
618 2793 718 2849 ἀπὸ
753 2796 855 2848 τῶν
873 2790 1046 2848 ἐκεῖσε
1085 2789 1243 2846 αὐτὸν
1266 2791 1293 2845 6
1326 2788 1501 2865 δῆμος
1521 2788 1624 2854 ἓως
1671 2795 1768 2847 τοῦ
1806 2793 1974 2848 ἱππο-

2089 2807 2247 2847 mans
2281 2807 2293 2845 :
2329 2813 2358 2841 «
2394 2791 2636 2847 Pulchre
2667 2793 2901 2863 venisti,
2936 2797 3151 2856 famule
3182 2788 3508 2877 principum
3542 2826 3576 2865 a
3609 2810 3722 2866 Deo

340 2877 596 2956 δρομίου,
623 2876 876 2952 δηλονότι
899 2879 1064 2936 αὐτοῦ
1084 2877 1372 2952 ἱσταμένου
1401 2877 1454 2934 ἐν
1497 2883 1577 2951 τῷ
1626 2875 1831 2954 δεκάτῳ
1877 2901 1974 2935 κα-

2089 2879 2526 2937 coronatorum!
2557 2903 2582 2931 »
2608 2883 2896 2954 populus:
2921 2909 2950 2938 «
2975 2885 3222 2947 Pulchre
3244 2875 3452 2950 venisti
3478 2894 3493 2950 l
3518 2919 3547 2946 »
3582 2897 3730 2954 Can-

330 2968 578 3047 γκέλλῳ.
601 2969 704 3027 Καὶ
737 2970 933 3026 τοότου
961 2968 1132 3025 ἐκεῖσε
1187 2969 1502 3043 ἱσταμένου,
1533 2966 1696 3066 πάλιν
1752 2967 1974 3025 ’ίσταται

2089 2973 2232 3026 tores
2262 2983 2275 3022 :
2308 2989 2339 3018 «
2377 2967 2625 3026 Pulchre
2663 2972 2898 3041 venisti,
2951 2993 2985 3032 a
3030 2979 3392 3050 principibus
3433 2985 3688 3043 benevoli
3716 3023 3747 3066 ι

326 3060 355 3114 6
385 3056 568 3134 δῆμος
597 3060 919 3136 ἀκτολογῶν
951 3058 1099 3130 αὖτῷ
1126 3061 1295 3114 ταῦτα
1327 3059 1339 3114 l
1392 3058 1458 3115 Οἱ
1498 3057 1745 3133 κράκταιο
1771 3083 1799 3111 ‹‹
1864 3065 1973 3116 Κα-

2089 3067 2333 3131 promole
2364 3058 2377 3113 Ξ
2414 3082 2435 3111 ι
2475 3061 2722 3131 populus
2756 3079 2768 3116 :
2803 3085 2832 3114 ‹‹
2865 3063 3111 3124 Pulchre
3142 3069 3350 3127 venisti
3405 3074 3417 3128 !
3451 3097 3480 3126 »
3520 3056 3740 3136 Canto:

323 3145 442 3212 λῶς
497 3145 683 3221 ἦλθες,
733 3147 1032 3212 θεστὲπτων
1093 3147 1120 3201 6
1179 3141 1376 3207 δοῦλος
1411 3145 1424 3201 l
1467 3169 1494 3197 ››
1543 3146 1572 3200 6
1612 3144 1762 3215 λαὸς,
1797 3170 1825 3200 κ
1859 3153 1966 3202 Κα-
1997 3182 2041 3232 η

2089 3164 2170 3204 res
2205 3164 2218 3202 :
2243 3148 2538 3204 «Pulchre
2558 3148 2790 3221 venisti,
2816 3151 3142 3212 illustribus
3169 3159 3486 3232 majoribus
3506 3172 3630 3224 orte
3655 3167 3668 3222 l
3693 3191 3723 3219 »

319 3235 438 3300 λῶς
463 3236 630 3307 ἦλθες
659 3238 671 3294 ί
715 3261 744 3289 ››
773 3236 844 3294 Οἱ
871 3234 1115 3312 κράκται·
1150 3259 1179 3287 ‹‹
1238 3233 1422 3296 καλῶς
1471 3232 1662 3307 ἦλθες,
1711 3233 1963 3312 προδολή
1999 3232 2041 3252 ’⁸⁸

2089 3237 2329 3308 populus
2363 3252 2375 3292 :
2410 3259 2438 3287 ‹‹
2471 3237 2718 3294 Pulchre
2740 3241 2987 3297 venisti!
3023 3266 3051 3294 »
3080 3245 3356 3307 Cantores
3389 3268 3402 3306 :
3429 3275 3458 3305 α
3481 3255 3730 3315 Pulchre

320 3327 655 3403 εὖεργετῶνί
700 3351 728 3379 ‹‹
794 3327 821 3380 6
871 3323 1022 3388 λαός*
1059 3347 1087 3376 ‹‹
1147 3319 1342 3388 Καλῶς
1392 3321 1596 3392 ἧλθεςί
1650 3349 1677 3376 ί(
1721 3327 1788 3383 Οἱ
1845 3326 1971 3401 κρά-

2089 3327 2302 3396 renisti,
2336 3325 2402 3385 N.
2439 3331 2902 3400 protospatharie
2930 3338 2989 3390 et
3009 3335 3241 3396 tribune
3272 3339 3625 3404 Venetorum
3652 3347 3665 3404 ί
3696 3370 3723 3403 α

317 3437 465 3473 κται.
497 3443 522 3468 ιι
570 3415 769 3478 Καλῶς
829 3412 1022 3485 ἦλθες,
1083 3413 1111 3468 6
1160 3414 1376 3490 εὐγενὴς
1448 3411 1507 3468 ἐκ
1552 3412 1831 3490 προγόνων
1872 3416 1884 3470 l
1936 3437 1965 3468 »

2089 3415 2318 3487 populus
2347 3431 2359 3470 :
2395 3438 2424 3467 «
2459 3415 2702 3474 Pulchre
2728 3421 2933 3478 venisti
2969 3422 2983 3478 Ξ
3018 3445 3047 3473 ››
3077 3426 3354 3486 Cantores
3387 3449 3402 3487 :
3435 3456 3463 3484 «
3496 3437 3568 3492 At
3599 3453 3724 3494 om.

322 3503 531 3568 δλαός’
585 3530 614 3556 ‹‹
654 3504 851 3567 Καλῶς
911 3503 1127 3574 ἦλθεςί
1183 3526 1212 3555 ››
1267 3501 1334 3560 Ol
1392 3500 1638 3578 κράκταισ
1693 3527 1722 3555 ››
1773 3500 1967 3566 Κάλως

2089 3503 2240 3558 mium
2271 3503 2502 3560 Creator
2537 3509 2594 3560 et
2631 3505 2916 3565 Dominus
2947 3529 2961 3567 :
3008 3530 3033 3561 ι
3081 3515 3332 3583 populus
3366 3535 3379 3575 :
3419 3540 3446 3573 ιι
3478 3525 3725 3581 Pulchre

319 3593 511 3665 ἦλθες,
591 3594 619 3648 6
689 3590 836 3650 δεῖνα
912 3590 1370 3668 πρωτοσπαθάριε
1434 3591 1525 3645 καὶ
1585 3586 1808 3670 δήμαχε
1858 3597 1965 3648 τῶν

2089 3591 2285 3647 venisti
2321 3590 2333 3644 l
2364 3611 2394 3644 »ι
2429 3593 2701 3649 Cantores
2726 3611 2739 3649 :
2764 3616 2794 3646 «
2826 3597 2931 3662 Qui
2965 3599 3375 3662 admirandum
3407 3609 3466 3664 in
3490 3612 3725 3670 modum

321 3683 562 3742 Βενέτων
608 3684 620 3738 ί
666 3707 693 3734 ·›
717 3683 777 3740 Ὀ
803 3679 960 3754 λαὸς,
1000 3703 1027 3736 α
1057 3678 1256 3742 Καλῶς
1285 3677 1451 3748 ⁵ἦλθες
1481 3681 1492 3736 ί
1534 3704 1562 3731 ››
1593 3680 1659 3738 Οἱ
1713 3681 1964 3756 κροὶκται⁹

2089 3695 2107 3736 3
2143 3681 2408 3751 sepulcro
2450 3685 2760 3738 resurrexit
2806 3706 2820 3752 ;
2864 3707 2893 3736 »
2934 3688 3181 3759 p0pulus
3215 3710 3228 3748 :
3263 3714 3292 3744 κ
3343 3694 3588 3755 Pulchre
3627 3716 3725 3757 ve-

323 3797 352 3823 «
386 3769 547 3830 Ἀλλ’
578 3773 606 3826 6
655 3771 866 3826 πάντων
933 3770 1177 3841 Ποιητής
1208 3770 1298 3822 καί
1333 3769 1644 3840 Δεσπότηςι
1680 3793 1709 3822 ››
1742 3771 1803 3826 Ὀ
1835 3769 1967 3832 λαὸς

2089 3767 2211 3825 nisti
2244 3767 2256 3822 ι
2291 3789 2319 3820 ››
2343 3767 2657 3826 Cantores:
2685 3791 2712 3823 ι
2745 3773 2812 3828 Et
2843 3783 3139 3847 unguenta
3169 3780 3472 3842 atterentes
3501 3787 3716 3846 saluta-

323 3887 352 3915 α
375 3859 578 3922 Καλῶς
616 3857 820 3930 ἦλθεςί
856 3884 884 3912 ››
937 3859 1003 3916 Oi
1041 3856 1288 3933 κράκται·
1351 3882 1378 3910 ‹‹
1421 3858 1482 3916 Ὀ
1543 3857 1766 3920 ἀναστὰς
1797 3879 1969 3934 παρα-

2089 3859 2197 3926 rit;
2243 3878 2268 3910 ›
2307 3859 2551 3930 populus
2595 3876 2608 3914 :
2651 3881 2679 3912 ‹‹
2722 3859 2966 3921 Pulchre
3000 3869 3208 3925 venisti
3253 3869 3266 3924 ι
3311 3893 3340 3923 ››
3383 3874 3712 3935 Cantores:

321 3945 492 4020 δόξως
513 3947 574 4004 ἐκ
601 3949 803 4026 τάφουί
840 3972 867 4001 ι(
899 3947 956 4001 '0
978 3946 1131 4015 Λαὸς,
1157 3970 1186 4000 ‹‹
1221 3943 1412 4009 Καλῶς
1438 3944 1608 4016 ἦλθες
1635 3949 1647 4004 ί
1678 3971 1705 3999 ››
1739 3948 1806 4006 O't
1831 3949 1969 4024 κρά·

2089 3966 2103 3997 ι
2131 3951 2326 4001 Annos
2356 3951 2577 4002 vestros
2609 3949 2858 4007 multum
2890 3960 3101 4024 augeat
3134 3955 3201 4010 Ξ»
3227 3959 3502 4030 populus:
3530 3985 3559 4015 «
3592 3964 3728 4022 Pul-

317 4057 465 4094 κται’
511 4063 539 4091 ‹‹
581 4036 685 4094 Καὶ
715 4037 778 4092 τὸ
809 4040 973 4116 χαῖρε
999 4032 1252 4096 δεδωκὼς
1282 4038 1396 4109 (81)
1442 4035 1783 4114 μυροφόροις
1811 4039 1823 4094 !
1860 4039 1969 4095 »Ὀ

2089 4035 2212 4092 :hre
2233 4034 2436 4090 venisti
2471 4033 2533 4090 ι»
2565 4039 2834 4095 Cantores
2860 4057 2873 4095 :
2900 4062 2929 4092 ‹‹
2968 4043 3123 4100 Deus
3155 4055 3378 4120 sancte,
3410 4054 3714 4112 tribunum

319 4126 478 4196 λαὸς,
513 4154 540 4179 ‹ι
587 4125 785 4188 Καλῶς
813 4125 1020 4196 ἦλθεςί
1058 4149 1087 4177 ››
1131 4125 1198 4183 Οἱ
1227 4124 1476 4202 κράκται·
1514 4149 1538 4179 α
1575 4126 1712 4188 Τοὺς
1736 4126 1969 4203 χρόνους

2089 4141 2353 4182 ronserva
2393 4141 2406 4193 ;
2457 4151 2480 4179 ι
2529 4127 2775 4198 p0pulus
2810 4131 3014 4188 eadem
3055 4138 3157 4192 ter.
3215 4137 3497 4198 Ceterum
3551 4147 3719 4202 factio

320 4239 416 4273 σου
446 4217 711 4286 πληθύνει
733 4216 809 4278 είς
831 4218 980 4290 μήκη
1003 4214 1218 4290 χρόνων
1246 4215 1258 4270 l
1285 4239 1315 4306 υ
1337 4215 1396 4272 Ὀ
1418 4213 1572 4306 λαδς,
1595 4237 1624 4268 ι(
1657 4216 1848 4306 Καλῶς
1870 4215 1974 4287 ἧλ-

2089 4216 2312 4272 Praslna
2350 4217 2622 4272 eumdem
2658 4219 2832 4275 ritum
2865 4221 3135 4295 idemque
3163 4227 3424 4286 officium
3459 4248 3598 4306 erga
3617 4236 3714 4293 de-

321 4308 405 4368 θες
436 4308 448 4362 !
483 4306 546 4361 Οἱ
569 4303 817 4380 κράκται’
854 4327 880 4360 ι
913 4310 1036 4362 "Ec"
1082 4326 1112 4357 ιι
1143 4304 1172 4357 6
1229 4302 1358 4366 Θεὸς
1499 4304 1681 4399 ἅγιος,
1733 4303 1972 4399 Ῡ-ύλαττε

2089 4304 2380 4361 mai-chum
2401 4320 2572 4399 suum
2592 4308 2883 4379 observat,
2899 4316 3101 4370 eadem
3123 4314 3234 4388 ipsi
3254 4325 3386 4378 acta
3399 4302 3719 4399 eodemque

319 4395 407 4449 τὸν
457 4391 770 4470 δήμαρχον·
824 4415 853 4446 »
909 4392 1059 4448 καὶὸ
1099 4390 1233 4455 λαὸς
1292 4389 1500 4464 ὁμοίως
1533 4389 1594 4446 ἐκ
1639 4398 1704 4467 γ’.
1743 4393 1969 4465 Ἰστὲον,

2089 4411 2136 4449 ιιι
2167 4393 2293 4448 loco
2325 4393 2552 4448 accinit.

320 4481 400 4539 ὅτι
431 4484 522 4540 καὶ
548 4484 601 4539 οἱ
629 4487 724 4539 τοῦ
758 4483 952 4556 μέρους
983 4485 1091 4538 τῶν
1126 4482 1407 4558 Πρασίνων
1433 4486 1531 4552 τήν
1564 4479 1760 4554 ὁμοίαν
1784 4483 1932 4555 τάξιν
1960 4484 2050 4540 καὶ
2080 4478 2412 4544 ἀκολουθίαν
2431 4485 2664 4537 ποιῶσιν
2697 4490 2776 4558 τῷ
2827 4484 2949 4561 ἰδίῳ
2996 4487 3297 4574 δημάρχῳ,
3331 4501 3418 4571 καὶ
3466 4504 3534 4559 τὰ
3580 4505 3716 4563 αὐτὰ

319 4572 452 4632 ἔκτα
479 4573 878 4649 ἀκτολογοῦσιν
911 4574 1064 4647 αὐτῷ
1090 4573 1184 4629 καὶ
1214 4571 1270 4628 ἐν
1301 4575 1383 4646 τῷ
1409 4572 1559 4646 αὐτῷ
1578 4573 1758 4646 τόπῳ.

921 4682 1181 4743 ΚΕΦΑΛ.
1228 4683 1364 4742 HA'.

437 4769 665 4836 Ὅσαδιῐ
692 4774 1128 4852 παραφυλάττειν
1158 4773 1249 4830 ἒπὶ
1278 4773 1666 4850 νυμφαγωγίῳ
1703 4775 1840 4849 (82(.

385 4866 466 4939 Τῇ
496 4865 700 4940 ἑσπέρᾳ
741 4862 1074 4940 ἀπάρχονται
1099 4863 1167 4919 τὰ
1216 4859 1312 4918 δύο
1374 4861 1513 4937 μέρη
1571 4863 1706 4936 μετὰ
1733 4861 1955 4918 καὶτῶν

1664 5005 1904 5062 νΑιιιΑς
1953 5003 2365 5062 LECTIONES.

382 5141 427 5178 ⁸⁸
456 5143 670 5200 ΣΧΟΛ.
702 5141 923 5211 ’Ῑστέον,
955 5139 1152 5198 ὅτιτοῦ
1174 5138 1358 5214 δήμου
1377 5136 1844 5214 άκτολογοῦντος,
1874 5137 2033 5196 αὖλεῖ
2060 5138 2123 5194 τὸ
2158 5133 2417 5214 ὄργανον.

1473 5277 1675 5334 JOAN.
1713 5275 1858 5333 JAC.
1903 5275 2166 5333 REISKII
2204 5277 2788 5342 COMMENTARIUS.

379 5392 491 5480 (βξ)
519 5389 935 5480 intelliguntur
959 5399 1080 5480 tres
1110 5391 1718 5480 mulieres_unguenta
1747 5394 1815 5450 ad
1859 5410 1956 5450 se-
2066 5409 2394 5480 sermonem
2423 5397 2772 5480 de__Augusti_
2799 5407 3021 5474 nuptiis
3061 5427 3210 5480 esse,
3236 5415 3334 5470 sed
3368 5417 3439 5472 de
3469 5419 3702 5476 demar-

313 5467 623 5559 pxulcbruu‘:
656 5466 868 5523 Christi
903 5469 1154 5552 ferentes
1187 5466 1781 5559 avidulﬂvJangelilstas
1811 5483 1956 5559 pas:
2065 5466 2450 5559 chli‘tan‘tum,
2492 5466 2904 5559 Νυμφάγώγιον
2949 5484 3048 5559 est
3077 5466 3351 5559 deductih
3373 5466 3709 5559 “9566837..

313 5538 532 5632 gentem
565 5543 623 5593 et
646 5541 1138 5632 resurrectionem
1187 5538 1400 5632 Christi
1441 5538 1862 5607 describentes,
1903 5543 1959 5594 et
2062 5541 2484 5632 fAlezsgspous-i,
2503 5538 2678 5632 quam
2709 5538 2970 5632 sequitur
2997 5549 3060 5605 τὸ
3091 5538 3702 5632 «cuivis—parsed

309 5607 616 5689 DuACange
645 5608 833 5689 Gloss.
863 5610 960 5689 Cr.
992 5628 1044 5667 ν.
1078 5608 1456 5689 Μυροφόροιη
1749 5686 1758 5689 _
1905 5684 1914 5689 _
2065 5607 2297 5682 positio'
2315 5607 2656 5670 coronarum
2706 5607 3073 5689 nuptiatium.

379 5680 494 5753 (82)
523 5679 724 5752 Neque
753 5681 863 5740 hoc
891 5682 953 5739 in
984 5679 1196 5755 capite,
1224 5679 1413 5753 notius
1437 5679 1499 5739 in
1521 5686 1799 5754 sequente
1817 5684 1958 5752 puto

1995 4733 2045 4796 Ι)
