4136 6302
413 311 529 371 679

1430 300 1969 364 CONSTANTINI
2014 302 2703 367 POBPHYROGENITI

3689 310 3811 372 680

417 441 784 516 procedente,
817 452 976 508 eque
1014 435 1392 492 multitudine
1420 437 1478 489 et
1517 433 1756 488 musicis
1794 433 2061 506 cymbala

2198 430 2325 488 δίων
2369 435 2634 509 ὀργάνων,
2684 435 2773 490 καὶ
2840 439 2940 503 τῆς
2997 437 3217 515 νύμφης
3247 439 3540 510 κατιούσης
3575 441 3689 513 (83)
3722 439 3811 494 καὶ

418 547 592 589 manu
640 527 1015 602 pulsantibus
1064 526 1298 598 stipata,
1338 523 1576 590 abeunt,
1618 538 1872 594 cumque
1910 540 2059 594 equo

2172 522 2564 596 ὀψικευομὲνης
2604 525 2704 579 ὑπὸ
2743 523 2994 596 πληθίων
3035 526 3126 581 καὶ
3158 523 3646 602 χειροκυμϐάλων,
3682 531 3815 602 μετά

417 628 580 678 vecta
637 620 920 685 substitit,
974 617 1252 671 factiones
1311 612 1635 668 acclamant
1681 629 1693 666 :
1741 634 1768 661 «
1806 612 2063 669 Feliciter

2193 612 2230 665 τὸ
2277 606 2666 668 γαϐαλικεῦσαι
2730 614 2896 683 αὐτὴν
2935 613 3291 682 ’ίσταται,καὶ
3343 615 3710 692 άκτολογοῦσι
3748 619 3816 672 τὰ

419 712 603 782 venis,
630 727 796 766 serva
827 707 1156 780 principum
1189 721 1221 758 a
1255 707 1366 758 Deo
1423 709 1823 758 coronatorum
1851 702 1863 756 Ξ
1896 723 1923 755 ι
1962 721 2063 773 po-

424 800 600 872 pulus
626 804 714 854 ter
747 816 760 852 :
794 820 822 847 ‹‹
854 795 1114 852 Feliciter
1141 793 1324 848 venis.
1350 813 1380 841 ››
1397 793 1674 848 Cantores
1699 809 1712 847 :
1749 813 1773 843 ι
1800 793 2066 850 Fsliciter

421 889 605 952 venis,
639 905 673 942 a
701 883 978 942 beneﬁcis
1010 880 1373 953 principibus
1404 885 1663 952 promota
1689 880 1702 934 !
1725 903 1755 932 »
1781 881 2061 953 p0pulus:

426 999 453 1026 ‹‹
504 975 764 1031 Feliciter
811 971 998 1028 venis.
1054 993 1082 1021 »
1135 970 1284 1026 291
1339 974 1618 1025 Cantores
1667 985 1680 1023 :
1733 988 1756 1017 ι
1807 970 2069 1027 Feliciter

420 1064 601 1130 venis,
636 1060 1016 1118 nobilissimis
1043 1059 1353 1129 majoribus
1384 1065 1504 1114 orta
1535 1057 1547 1111 l
1584 1078 1608 1109 ιι
1646 1057 1894 1129 populus
1933 1063 2020 1114 ter
2051 1074 2066 1114 :

424 1175 448 1203 α
486 1152 748 1208 Feliciter
777 1151 939 1205 venis
975 1149 986 1203 l
1023 1171 1051 1199 »
1081 1153 1352 1204 Cantores
1391 1166 1451 1202 :«
1487 1153 1637 1202 Deus
1668 1154 1886 1217 sancte,
1921 1164 2068 1220 nup-

420 1244 518 1298 tiis
555 1256 756 1298 recens
787 1240 1134 1310 conjunctos
1160 1254 1328 1293 serva
1359 1237 1369 1291 !
1404 1236 1658 1307 Spiritus
1680 1237 2068 1306 sanctissime,

422 1348 656 1390 soceros
689 1335 966 1401 utrosque
997 1345 1164 1383 serva
1195 1328 1206 1381 l
1241 1333 1461 1394 sancte,
1492 1331 1580 1380 ter
1609 1331 1808 1381 sancte
1828 1326 2070 1382 comites

421 1438 648 1495 sponsae
689 1419 915 1474 custodi
963 1418 975 1471 ι
1010 1436 1036 1469 ι
1072 1419 1372 1472 Postremo
1412 1431 1548 1470 voce
1584 1413 1704 1470 toni
1749 1415 1769 1468 Ι
1811 1415 2013 1471 dicunt
2054 1432 2068 1469 :

422 1534 451 1561 ‹‹
477 1511 674 1566 Flores
705 1507 826 1580 agri
853 1505 1056 1577 collegi
1087 1510 1144 1561 et
1164 1505 1223 1560 in
1247 1505 1569 1560 thalamum
1603 1503 1911 1574 diligenter
1939 1521 2072 1560 con-

422 1598 548 1656 tuli.
583 1598 772 1654 Solem
807 1612 951 1652 novo
983 1595 1273 1651 connubio
1299 1595 1675 1664 conjunctum
1714 1592 1852 1660 vidi,
1883 1593 1942 1648 in
1974 1611 2073 1649 ve-

427 1692 685 1749 nerando
715 1687 984 1745 cubiculo
1015 1685 1264 1742 invicem
1297 1683 1678 1739 desideratam
1720 1681 2069 1753 voluptatem

2173 697 2267 755 δύο
2337 701 2474 776 μέρη
2543 707 2730 757 ταῦτα’
2786 728 2815 755 ‹‹
2874 703 3072 765 Καλῶς
3138 705 3326 774 ἦλθες,
3389 705 3725 770 θεοστέπτων
3777 709 3812 776 ἡ

2175 785 2350 861 δούλη
2382 791 2465 847 86l
2501 815 2528 843 ››
2564 792 2623 848 Ὀ
2655 791 2789 854 λαὸς
2816 789 2875 847 ἔκ
2913 794 2981 868 γ’,
3016 818 3044 845 (ι
3078 792 3271 856 Καλῶς
3299 793 3499 861 ἤλθεςί
3531 797 3643 850 ιο⁹ι
3681 796 3812 870 upi-

2173 899 2314 934 κται⁸
2345 903 2372 930 ‹‹
2405 879 2604 943 Καλῶς
2627 881 2818 951 ἦλθες,
2849 877 3101 956 προϐολὴ
3149 882 3439 958 εὐεργετῶν
3466 883 3480 939 ι
3523 906 3556 936 at
3593 885 3655 942 '0
3682 883 3812 946 λαὸς

2173 965 2233 1022 ἐκ
2265 975 2330 1045 γ’,
2367 993 2394 1018 ‹‹
2431 969 2618 1032 Καλῶς
2650 969 2856 1038 ἦλθεςῐ
2889 996 2918 1023 »
2948 970 3021 1028 Οἵ
3044 972 3287 1046 κράκται·
3324 996 3352 1024 ι(
3385 970 3580 1034 Καλῶς
3626 971 3814 1042 ἦλθες,
3888 988 3893 993 “

2174 1059 2208 1126 ἡ
2260 1057 2486 1132 εὐγενὴς
2529 1058 2588 1113 ἐκ
2652 1060 2936 1134 προγόνων
3002 1061 3077 1116 l»
3111 1062 3172 1118 Ὁ
3229 1059 3362 1123 λαὸς
3418 1060 3478 1116 ἐκ
3526 1063 3594 1138 γ’,
3647 1085 3674 1116 ι(
3708 1069 3813 1118 Κα-

2177 1145 2290 1208 λῶς
2345 1144 2533 1214 ἦλθες.
2591 1148 2660 1205 Ol
2715 1149 2965 1223 κράκται,
3025 1174 3053 1202 ‹‹
3108 1153 3226 1212 Ἕς·
3289 1152 3349 1208 Ὀ
3400 1151 3532 1214 Θεὸς
3578 1151 3606 1206 ὁ
3639 1153 3812 1227 ἅγιος,

2175 1235 2305 1299 τοὺς
2359 1243 2698 1314 νεονύμφους
2782 1238 3040 1315 φύλαξον·
3111 1245 3326 1313 Πνεῦμα
3387 1241 3451 1295 τὸ
3531 1242 3816 1318 πανάγιον,

2176 1324 2304 1390 τοὺς
2350 1328 2747 1400 συμπενθεροὺς
2805 1329 2917 1400 (84)
2973 1326 3250 1404 φύλαξονί
3309 1330 3484 1403 “Avis,
3553 1331 3817 1406 τρισάγιε,

2179 1417 2306 1477 τοὺς
2361 1416 2751 1493 παρανύμφους
2809 1416 3060 1494 φύλαξον.
3090 1441 3118 1469 ››
3173 1417 3269 1472 Καὶ
3320 1417 3541 1492 λέγουσι
3570 1421 3668 1490 τήν
3701 1442 3816 1497 φω-

2178 1503 2276 1571 νὴν
2334 1503 2435 1580 ἦχ.
2489 1511 2607 1557 α¹·‹‹
2647 1507 2817 1574 ’Ἀνθη
2864 1503 3137 1578 ἐσώρευσα
3188 1509 3285 1559 τοῦ
3346 1506 3540 1579 ἀγροῦ,
3585 1505 3676 1560 καὶ
3743 1505 3818 1570 εἷς

2177 1593 2275 1661 τήν
2351 1590 2596 1647 παστάδα
2669 1592 2860 1662 εἷσῆκα
2944 1591 3176 1667 σπουδῇ.
3251 1593 3619 1671 ζευγόνυμφον
3707 1597 3824 1669 (85)

2177 1677 2344 1748 ἥλιον
2364 1675 2504 1735 εἶδον
2560 1681 2636 1744 εἰς
2661 1680 3018 1756 γρυσέντιμον
3051 1681 3267 1752 κλίνην
3319 1681 3542 1754 ἄλληλα
3582 1683 3824 1758 ἠγκαλί-

426 1779 852 1852 amplectuntur
880 1781 938 1832 et
969 1776 1178 1830 fovent.
1213 1772 1434 1829 Laetitia
1463 1771 1878 1843 pulchritudini
1921 1773 2070 1844 ipso-

2193 1776 2336 1839 ζοντο
2394 1771 2642 1840 ποθητὴν
2694 1769 3007 1844 ἐπιθυμίανο
3052 1772 3199 1847 χαρὰ
3237 1770 3314 1836 εἰς
3375 1773 3442 1826 τὰ
3497 1770 3682 1843 κάλλη
3726 1774 3823 1829 αύ-

425 1885 555 1926 rum
589 1866 963 1931 dulcissimae,
999 1881 1140 1919 rosae
1173 1878 1286 1934 que
1317 1859 1558 1932 pulchra
1597 1859 1788 1931 specie
1821 1859 2072 1916 nitentes

2193 1863 2286 1914 τῶν
2335 1858 2402 1913 τὰ
2459 1855 2879 1935 ἐγγλυκοθέατα,
2925 1859 3016 1914 καὶ
3084 1857 3216 1936 ῥόδα
3267 1860 3333 1916 τὰ
3415 1858 3821 1940 ῥοδοεύμορφα⁶

423 1958 542 2032 sint
576 1957 588 2012 l
624 1955 844 2013 Laetitia
873 1970 1047 2010 aureo
1075 1952 1293 2008 amanti
1328 1949 1473 2021 pari.
1511 1972 1538 1998 ››

991 2095 1226 2152 CAPUT
1257 2093 1506 2151 LXXXII

685 2208 1036 2268 Obseruando
1064 2209 1123 2262 in
1163 2203 1514 2262 coronatione
1549 2203 1816 2275 nuptiali.

495 2324 787 2394 Sponsum
812 2329 1212 2389 sponsamque
1232 2311 1303 2368 ab
1325 2310 1565 2366 ecclesia
1581 2327 1714 2366 cum
1741 2309 1863 2366 suis
1894 2310 2076 2366 comi-

424 2411 582 2468 tibus
607 2423 902 2481 egressam
937 2403 1248 2460 multitudo
1282 2400 1475 2470 populi
1499 2409 1550 2455 et
1575 2399 1778 2455 musici
1812 2398 2106 2473 cymbala"

423 2499 724 2573 pulsantes
761 2494 1081 2566 excipiunt,
1134 2491 1351 2563 quibus
1390 2495 1631 2560 utraque
1672 2489 1843 2544 factio
1882 2487 2078 2544 accla-

429 2593 552 2645 mat
591 2603 603 2641 :
648 2608 676 2634 ‹‹
717 2584 894 2653 Deus,
930 2585 1195 2637 Servator
1235 2582 1451 2642 noster,
1502 2578 1770 2634 dominos
1821 2578 2076 2652 custodi,

429 2683 650 2744 sancte,
674 2684 760 2731 ter
787 2679 1006 2742 sancte,
1031 2672 1212 2726 vitam
1237 2670 1457 2725 salvam
1481 2668 1626 2739 ipsis
1647 2669 1898 2724 concede
1924 2667 2078 2738 ;Spi-

429 2767 578 2823 ritus
606 2762 992 2830 sanctissime,
1026 2764 1305 2832 augustos
1349 2763 1510 2814 tuere
1542 2779 1556 2827 ;
1600 2758 1864 2824 Domine,
1902 2758 2078 2813 vitam

432 2871 632 2912 eorum
669 2870 770 2924 per
793 2856 1048 2908 nostram
1080 2848 1258 2904 vitam
1287 2847 1680 2919 lMajestatem
1702 2845 1881 2918 hujus
1903 2846 2084 2919 impe-

435 2944 528 3012 rii,
574 2943 838 3006 Domine,
883 2941 1164 2997 confirma
1214 2937 1228 2992 Ξ
1280 2959 1308 2987 ››
1352 2937 1591 3002 Quando
1640 2936 1710 2991 ad
1753 2935 2081 2995 thalamum

429 3033 750 3100 accessere,
783 3039 1043 3086 cantores
1082 3033 1217 3083 tono
1251 3025 1436 3096 primo
1466 3025 1737 3081 accinunt
1769 3041 1781 3079 :
1817 3047 1845 3074 «
1880 3025 2084 3080 Nostri

2182 1949 2329 2022 γαρά
2357 1947 2434 2009 εἷς
2472 1947 2534 2001 τὸ
2558 1951 2740 2022 ζεῦγος
2759 1953 2823 2003 τὸ
2853 1949 3080 2024 χρυσόν.
3116 1972 3146 2001 »

2789 2092 3049 2148 ΚΕΦΑΑ.
3094 2097 3216 2148 UB‘.

2395 2199 2531 2256 Ὀσα
2561 2195 2644 2253 δεῖ
2679 2197 3112 2273 παραφυλάττειν
3137 2199 3214 2261 εἰς
3254 2201 3598 2274 στεφάνωμα.

2253 2309 2376 2365 Τῶν
2415 2306 2728 2385 νεονύμφων
2777 2306 3024 2380 ἐξιόντων
3057 2306 3163 2362 ἀπὸ
3203 2309 3302 2376 τῆς
3359 2305 3664 2379 ἐκκλησίας
3696 2312 3836 2383 μετὰ

2185 2397 2273 2452 καὶ
2303 2401 2411 2452 τῶν
2459 2395 2855 2472 παρανύμφων,
2905 2393 3159 2474 δέχονται
3207 2395 3432 2459 τούτους
3463 2398 3531 2452 τά
3577 2418 3637 2453 τε
3689 2395 3835 2469 πλη-

2187 2487 2276 2551 θὶα
2332 2485 2421 2542 καὶ
2479 2487 2544 2542 τὰ
2596 2479 3037 2560 χειροκύμϐαλα,
3089 2487 3179 2542 καὶ
3235 2485 3602 2562 ἀκτολογοῦοι
3638 2487 3708 2544 τὰ
3738 2485 3832 2543 δύο

2191 2575 2326 2650 μέρη
2359 2579 2544 2631 ταῦτα·
2581 2601 2609 2627 ‹‹
2653 2576 2712 2632 Ὀ
2741 2576 2936 2648 Σωτήρ
2969 2575 3098 2637 Θεὸς
3146 2577 3330 2648 ἡμῶν.
3377 2575 3505 2639 τοὺς
3565 2573 3828 2641 δεσπότας

2189 2663 2446 2740 φύλαττε.
2505 2668 2682 2741 Ἀγιε,
2757 2665 3026 2741 τρισάγιε,
3102 2666 3270 2735 ζωὴν,
3334 2665 3516 2743 ὑγείαν
3584 2663 3678 2729 δὸς
3743 2666 3834 2722 αὖ·

2189 2759 2326 2816 τοῖς.
2361 2759 2576 2828 Ηνεῦμα
2631 2755 2694 2808 τὸ
2752 2755 3034 2830 πανάγιον,
3065 2755 3159 2816 τὰς
3207 2753 3510 2830 αὐγούστας
3544 2755 3826 2815 σκὲπασον,

2192 2844 2379 2919 Κύριε,
2415 2844 2558 2913 ζωὴν
2591 2841 2766 2898 αὐτῶν
2810 2839 2898 2897 διὰ
2955 2843 3055 2912 τὴν
3117 2844 3261 2913 ζωήν
3291 2845 3486 2916 ἡμῶνῐ
3517 2845 3638 2901 "Eo.
3665 2846 3835 2902 Τοῦτο

2188 2934 2252 2988 τὸ
2287 2931 2583 3008 βασίλειον,
2626 2930 2815 3007 Κύριε,
2859 2931 3156 3007 στερέωσον
3193 2933 3262 2988 l»
3314 2933 3409 2986 Καὶ
3465 2933 3556 2987 ὅτε
3601 2933 3839 3002 πλησιάο

2194 3042 2356 3075 σωσιν
2414 3023 2482 3094 τῇ
2540 3017 2795 3089 παστάδι,
2848 3017 3094 3095 λέγουσιν
3143 3019 3249 3074 ἀπὸ
3298 3025 3544 3094 κρακτῶν
3584 3020 3840 3078 άπελατι-

438 3140 613 3180 causa
658 3125 825 3177 Camn
866 3119 926 3175 in
972 3117 1209 3174 Gulilzea
1255 3115 1496 3170 humilis
1539 3115 1717 3182 fuisti,
1751 3114 2079 3187 legitimum

2197 3109 2291 3165 κὸν
2318 3109 2419 3184 ἧχ.
2454 3109 2521 3167 α’.
2545 3133 2574 3160 ‹‹
2608 3108 2685 3163 Δι’
2735 3110 2882 3180 ἡμᾶς
2931 3107 3250 3181 ἐμετρίασας
3307 3112 3423 3184 (86)
3457 3109 3509 3165 ἐν
3576 3114 3717 3181 Κανᾷ
3744 3117 3842 3179 τῆς

441 3226 724 3278 amorem,
749 3218 805 3264 ut
832 3213 985 3263 Deus
1014 3205 1348 3277 obsignans.
1373 3206 1452 3258 Ex
1488 3209 1746 3258 materno
1779 3204 1933 3259 enim
1964 3204 2088 3260 tha-

442 3300 622 3369 lamo,
657 3305 720 3354 ut
748 3297 944 3364 homo,
979 3299 1034 3350 te
1073 3292 1388 3356 inclinasti,
1428 3297 1484 3348 et
1523 3292 1678 3348 sicut
1721 3298 1842 3348 tum
1885 3309 2086 3349 recens

447 3397 660 3459 nuptos
683 3384 1008 3450 beneﬁciis,
1025 3382 1291 3450 aﬂecisti,
1317 3382 1397 3437 ita
1417 3386 1474 3437 et
1494 3397 1646 3436 nunc
1673 3397 1778 3454 par
1799 3381 1907 3438 hoc
1930 3381 2100 3441 sertis

450 3475 812 3548 nuptialibus
833 3473 1170 3530 redimitum
1199 3469 1350 3526 felici
1375 3469 1534 3542 prole
1559 3486 1722 3534 orna,
1745 3475 1808 3526 ut
1833 3479 2097 3542 pacatam

448 3566 624 3622 vitam
682 3563 962 3632 transigat
1025 3561 1037 3614 ι
1091 3583 1118 3609 ››
1170 3560 1346 3616 Porro
1395 3565 1659 3614 cantores
1712 3575 1724 3612 :
1777 3581 1805 3609 ‹‹
1867 3558 2100 3616 Nobiles

449 3655 672 3726 sponsi,
718 3657 867 3707 Deus
908 3667 1011 3706 vos
1053 3653 1352 3706 conservet
1391 3666 1405 3716 ;
1454 3646 1736 3716 illustres,
1787 3649 2104 3705 virtutibus

451 3742 665 3799 decori.
689 3741 944 3797 Trinitas
966 3755 1068 3794 vos
1091 3736 1148 3792 in
1174 3741 1332 3794 recta
1349 3736 1561 3792 semita
1581 3737 1777 3802 ducat,
1801 3737 1949 3793 Deus
1969 3753 2104 3792 con-

445 3833 611 3906 jugio
645 3837 838 3887 vestro
901 3833 1141 3896 annuat,
1184 3833 1248 3883 ut
1285 3827 1447 3883 solus
1487 3826 1966 3899 benignissimus,
2006 3827 2109 3899 qui

454 3921 704 3994 primum
739 3917 1035 3974 Cananmis
1065 3915 1287 3988 nuptiis
1316 3915 1605 3982 interfuit,
1629 3916 1808 3987 inque
1837 3915 1980 3987 ipsis
2005 3933 2107 3986 pro

456 4027 563 4066 suo
587 4010 644 4064 in
682 4008 948 4064 homines
983 4021 1178 4061 amore
1202 4020 1364 4075 aqua
1388 4003 1679 4059 benedixit
1696 4005 2016 4074 vinumque
2039 4005 2108 4059 ad

456 4097 715 4154 latitiam
749 4095 1054 4152 hominum
1096 4093 1339 4164 paravit.
1380 4093 1434 4145 Is
1475 4090 1582 4145 tibi
1616 4099 1842 4162 tuaeque
1873 4091 2109 4164 conjugi

2200 3199 2497 3260 Γαλιλαίας
2526 3199 2625 3267 τὴν
2674 3194 2900 3272 ἔννομον
2941 3198 3252 3277 συνάφειαν,
3293 3199 3369 3262 ὡς
3411 3202 3539 3262 Θεὸς
3589 3201 3847 3280 ἐπισφρα-

2207 3287 2396 3364 γίζωνο
2443 3287 2502 3343 ἐκ
2555 3294 2829 3362 μητρικῆς
2877 3287 2979 3362 γάρ
3053 3285 3326 3350 παστάδος
3393 3289 3471 3352 ὡς
3567 3288 3850 3364 ἅνθρωπος

2208 3376 2540 3451 προεκλίθης
2569 3380 2705 3450 (87),
2737 3377 2826 3432 καὶ
2880 3377 2955 3438 ὡς
2998 3376 3314 3454 ηὺλόγησας
3374 3379 3502 3440 τοὺς
3550 3377 3663 3434 ἐκεῖ
3718 3401 3852 3452 νυμ-

2210 3465 2563 3544 φευομένους,
2608 3465 2783 3530 οὕτως
2834 3465 2926 3520 καὶ
2965 3463 3057 3519 νῦν
3095 3463 3406 3544 εὐλόγησον
3449 3464 3622 3522 δυάδα
3660 3488 3855 3523 στεφα-

2211 3553 2500 3629 νουμὲνην,
2557 3558 2914 3628 κατακοσμῶν
2971 3554 3213 3626 εὐτεκνίᾳ
3267 3553 3667 3630 καὶκεῖρηναίᾳ
3719 3556 3856 3632 βιώο

2215 3645 2331 3700 σειῘ
2368 3667 2395 3696 ››
2440 3644 2542 3700 Καὶ
2591 3641 2838 3718 λέγουσιν
2888 3641 2996 3698 ἀπὸ
3042 3647 3313 3718 κρακτῶν⁶
3348 3668 3377 3696 ‹‹
3423 3643 3696 3719 Εὖγενεῖς,
3736 3643 3853 3700 νεός

2213 3757 2437 3814 νυμφοι,
2508 3736 2636 3798 Θεὸς
2723 3731 3034 3813 διαφυλάξει
3105 3754 3218 3800 σας·
3284 3733 3518 3810 ἔντιμοι,
3592 3735 3857 3812 ἐνάρετοι,

2214 3827 2379 3901 Τριᾶς
2436 3821 2797 3880 κατευοδώσει
2852 3843 2968 3894 σας,
3027 3821 3272 3898 εὐλογῶν
3346 3825 3440 3879 τόν
3505 3824 3682 3901 γάμον
3743 3843 3857 3887 σας·

2214 3913 2302 3974 Ὠς
2335 3912 2499 3986 μόνος
2560 3911 2914 3987 ὑπεράγαθος,
2951 3909 3009 3973 ὅς
3067 3910 3119 3965 ἐν
3168 3915 3307 3982 Κανᾷ
3363 3913 3427 3967 τὸ
3485 3911 3751 3988 πρότερον
3783 3917 3859 3985 τῷ

2213 4000 2375 4076 γάμῳ
2427 4000 2773 4076 παρεγένετο,
2824 3999 2916 4055 καὶ
2972 3999 3023 4056 εν
3079 3999 3228 4072 αὐτῷ
3258 3998 3567 4076 ηὒλόγησιν
3595 4003 3660 4058 τὸ
3692 3999 3861 4076 ὕδωρ,

2217 4090 2292 4154 ὠς
2351 4089 2753 4171 φιλάνθρωπος,
2807 4092 2899 4145 καὶ
2948 4089 3091 4145 οἶνον
3159 4092 3274 4164 (88)
3337 4092 3709 4164 μετετκεύαςιν
3770 4093 3864 4148 άνο

1886 4215 2121 4272 VARUE
2198 4217 2606 4275 LECTIONES.

530 4333 577 4368 ⁸⁷
610 4333 826 4390 ΣΧΟΛ.
860 4330 1080 4401 ’ἰστέον,
1105 4327 1190 4382 ὅτι
1211 4325 1262 4382 ἐν
1294 4331 1374 4399 τῷ
1404 4326 1638 4382 κατιέναι
1669 4329 1838 4398 αὐτὴν
1858 4329 1950 4384 καὶ
1981 4328 2036 4384 ἐν
2060 4334 2141 4386 τῶ
2169 4329 2487 4407 ἀκτολογεῖν
2509 4333 2576 4386 τά
2610 4334 2748 4406 μέρη
2782 4331 3010 4388 αὐλοῦσι
3037 4332 3105 4387 τὰ
3133 4327 3357 4408 ὄργανα.

1509 4465 1715 4522 JOAN.
1757 4467 1900 4523 JAC.
1943 4445 2214 4526 aEtsatt
2241 4469 2822 4527 COMMENTARIUS.

542 4575 656 4654 (83)
695 4573 770 4630 Ut
809 4575 1068 4654 deducere
1095 4590 1362 4654 _sponsam
1402 4573 1586 4654 Latini
1641 4574 1843 4654 dicunt
1892 4591 1995 4646 pro
2043 4592 2113 4631 ex
2144 4578 2189 4644 Ι)
2221 4581 2310 4654 est
2341 4593 2473 4654 pro"
2496 4576 2631 4654 μετᾲ
2670 4583 2920 4654 ποθητῆς
2956 4574 3268 4654 ἐπιθυμίας,
3302 4581 3511 4654 impetu
3543 4582 3644 4638 diu
3670 4585 3873 4654 cupito.

462 4644 707 4720 sedibus,
739 4646 996 4717 paternis
1042 4644 1434 4720 ad’sponsum
1476 4650 1709 4712 ducere,
1755 4645 1840 4701 sic
1882 4644 2110 4718 duoque
2222 4644 2410 4704 Dictio
2439 4644 2899 4720 steatomatis
2942 4655 3080 4715 etc.,
3112 4644 3338 4720 videtur
3364 4644 3396 4705 ο
3424 4652 3662 4708 Cantico
3697 4644 3878 4709 canti-

467 4717 643 4774 Grzeci
679 4716 752 4773 de
780 4733 1007 4788 sponsa
1027 4716 1100 4772 ad
1141 4717 1412 4788 maritum
1455 4723 1795 4773 transeunte
1834 4716 1966 4773 cum
2010 4716 2112 4774 su-

2223 4735 2423 4776 corum
2498 4718 2835 4797 Salomonis
2879 4722 3167 4775 traducta.
3241 4719 3426 4776 Dictio
3478 4720 3876 4797 ἔγγλυκοθὲατα

466 4787 755 4861 pellectile
803 4787 912 4844 sua
956 4787 1157 4844 dicunt
1197 4787 1454 4855 κατιέναι,
1499 4788 1764 4844 devenire
1810 4797 1908 4844 aut
1952 4788 2117 4846 dece—
2226 4807 2370 4847 nova
2399 4798 2453 4846 et
2483 4791 2729 4846 conﬁcta
2759 4795 2866 4856 est,
2899 4797 3180 4861 notatque
3219 4807 3308 4861 ea.
3341 4809 3466 4851 qua
3506 4787 3639 4851 eum
3682 4797 3876 4852 dulce-

467 4863 624 4918 dere.

2223 4863 2382 4926 dine,
2431 4861 2728 4942 voluptate
2773 4859 3134 4942 spectantur.
3175 4859 3581 4942 Ῥοὸοεὺμορφα
3609 4869 3874 4939 ejusdem

540 4932 654 5002 (84)
685 4930 974 5003 Utrosque
1006 4944 1260 4998 soceros,
1285 4934 1401 5005 tam
1429 4931 1656 5005 sponsi,
1691 4947 1860 5005 quam
1895 4948 2116 5005 sponsa:
2226 4934 2532 5005 commatis
2559 4930 2670 5005 est,
2701 4930 2822 4989 tam"
2841 4934 3101 5004 pulchra,
3131 4951 3298 5005 quam
3326 4930 3487 4994 rosei

471 5000 902 5082 patrema‘tgue
933 5007 1179 5082 matrem
1215 5017 1228 5065 ;
1269 5001 1385 5055 vid.
1429 5000 1511 5056 Du
1551 5000 1741 5073 Cange
1781 5001 1870 5058 Gl.
1913 5000 2010 5061 Gr.
2053 5003 2114 5058 h.
2299 5004 2415 5076 (86)
2446 5000 2895 5082 Humilis/uidi
2940 5005 3028 5061 vel
3075 5000 3389 5082 humilitati
3429 5009 3627 5082 leaSic
3661 5007 3876 5082 μετριό-

471 5073 524 5130 v.
557 5075 722 5149 atad
750 5073 904 5149 Alex.
939 5091 994 5144 p.
1022 5073 1201 5149 233.__
1250 5142 1262 5149 _
1421 5142 1459 5149 __
1590 5143 1638 5149 __
1687 5143 1719 5149 μ
1767 5143 1778 5149 _
2227 5073 2329 5146 της
2363 5073 2467 5148 pro
2496 5076 2818 5149 humilitate
2846 5081 3138 5148 usurpant
3183 5078 3310 5134 novi
3355 5079 3532 5135 Graeci
3579 5097 3593 5149 ;
3633 5073 3879 5137 vid.'Du

543 5145 798 5221 (85)_Per
822 5142 990 5221 {alain
1019 5142 1362 5221 intelligitur
1405 5142 1549 5198 dies.
1590 5143 1728 5200 Vult
1765 5143 1957 5221 itaque
1993 5162 2120 5221 _car-
2231 5142 2421 5221 Canae
2447 5146 2856 5221 v._Metpt6n;c_.

475 5233 607 5271 men
642 5213 1086 5295 ‘_boc_(_}raeculi,
1132 5213 1260 5295 sciti
1310 5223 1516 5295 sua__et
1563 5231 1801 5295 suorum
1829 5213 2125 5295 _opinione
2271 5219 2434 5295 “(87)
2475 5213 2668 5295 Idest
2707 5213 3038 5295 προεκυπτες
3077 5218 3631 5295 τοιλπροεκυλίσθης,
3679 5221 3886 5295 prodii-

476 5287 882 5361 proculdubio
914 5295 1114 5358 poetae,
1143 5286 1380 5361 dicere:
1411 5286 1590 5341 Video
1615 5286 1787 5361 diem
1829 5286 1983 5342 hunc
2023 5305 2128 5359 par
2235 5286 2333 5352 sti,
2356 5286 2647 5355 emersisti,
2679 5286 2988 5359 procidisti,
3010 5291 3328 5361 provolutus
3355 5309 3430 5349 es.

477 5356 799 5413 amantium
833 5356 1181 5434 conjungere
1213 5358 1270 5412 in
1303 5358 1512 5434 throno
1544 5356 1630 5411 vel
1662 5357 1944 5434 thalamo3
1986 5356 2126 5434 auro
2309 5363 2424 5434 (88)
2447 5365 2575 5417 Haec
2599 5356 2688 5417 est
2711 5363 2856 5418 bene
2881 5356 3074 5434 Graeca
3103 5371 3156 5418 et
3187 5362 3379 5434 ubivis
3407 5363 3572 5434 obvia
3608 5365 3810 5434 dictio,
3838 5379 3887 5420 ο.

477 5436 682 5485 contra
711 5446 863 5506 caro.
897 5429 1387 5506 Zsuyévopcocest
1408 5429 1649 5506 jungens
1677 5445 1784 5498 par
1813 5430 2127 5506 conjugole,
2239 5429 2481 5506 (ις-ὕδωρ
2522 5434 2932 5506 μετασκευάζειν
3002 5431 3141 5506 οἶνον
3191 5451 3293 5506 pro
3340 5431 3417 5496 εἷς
3461 5433 3630 5491 οἶνον.
3677 5429 3890 5492 Subin-

481 5515 659 5580 sensu
694 5502 901 5580 activo.
938 5485 1713 5580 Ιῐίᾷλλίηλαἐνηίκαλνίζοντο
1742 5485 2128 5580 ειρὺῇρῖῐθῄἱεῗίἶ
2240 5485 2926 5580 iélligéédiini’ésttigrin
2959 5485 3414 5580 ιέιίυυεῖίᾴυᾴέῖ
3437 5485 3639 5580 'z

482 5573 580 5650 tur
604 5569 672 5624 τὰ
701 5569 882 5650 ζεύγη,
913 5573 1078 5650 paria
1113 5572 1232 5650 hac
1269 5569 1588 5650 sponsalia;
1616 5579 1717 5628 aut
1745 5572 1799 5650 si
1839 5569 2132 5650 ᾁλλήλιξυς
2240 5569 2634 5650 ἰηᾲἑραι-ιινὶι
2659 5577 2887 5647 vinum,
2917 5593 2987 5634 ex
3016 5592 3167 5650 aqua
3187 5569 3367 5650 aliud
3385 5577 3546 5650 quid,
3575 5569 3754 5636 antea.
3777 5593 3886 5635 non

483 5637 663 5710 legas,
695 5637 1150 5715 subintelligitur
1178 5641 1500 5718 οἱνύμφιοι.
1547 5643 1799 5712 Ηοθητὴν
1840 5637 2133 5717 ἰπιθυμίαν
2245 5637 2555 5717 θιιὶοἱοηε,
2585 5664 2820 5716 novum,
2853 5637 3313 5719 nempe'vinum,
3345 5637 3498 5706 fecit.
