4136 6302
366 401 482 460 689

1210 399 1310 457 DE
1359 400 1810 463 CERIMUNllS
1855 406 2095 466 AULAE
2136 407 2630 475 ΒΥΖΛΝΤΙΝλΕ
2673 417 2823 478 LlB.
2870 419 2916 479 Ι.

3671 425 3792 485 690

361 551 448 584 ται
478 527 710 591 τούτους
750 526 1031 582 εἰσελθεῖν.
1074 527 1140 583 Οἱ
1191 525 1248 581 δὲ
1295 527 1586 603 τρέχοντες
1616 533 1704 585 καί
1747 533 1814 586 τὰ
1861 555 2000 589 σκουη

2095 542 2312 606 ,ει-θῶ.
2364 546 2744 605 Accurrentes
2801 565 2939 623 ergo
2974 565 3216 623 propere
3263 550 3556 622 simulque
3619 560 3790 610 scuta

359 619 521 692 τάρια
574 617 678 672 ὑπὸ
733 620 842 670 τῶν
918 616 1006 670 ὑπ’
1081 617 1258 670 αὐτῶν
1321 618 1736 691 βασταζομενων
1789 622 2019 698 βεργίων

362 708 658 767 τ·3πτοντες
688 705 776 760 καὶ
827 704 1030 760 κτύπον
1083 703 1502 776 ἀποτελοῦντες,
1544 705 1795 782 λέγουσιν
1825 735 1852 762 ‹‹
1884 709 2019 766 τοὺλ

359 795 500 851 τούλ
530 797 643 868 (99)
684 817 732 848 ι.
770 793 875 849 Καὶ
926 797 1088 847 τοῦτο
1140 797 1384 868 συνεχῶς
1417 793 1666 872 λέγοντες
1698 797 2017 876 ἀνέρχονται

359 884 598 954 πλησίον
647 889 748 952 τῆς
823 879 1117 956 βασιλικῆς
1174 883 1467 956 τραπέζης,
1526 885 1598 946 ὡς
1659 887 1763 940 ἀπὸ
1823 887 2016 962 ὀλίγου

360 971 755 1045 διαστήματος,
813 969 1030 1025 κάκεῖσε
1090 971 1414 1046 μιγνύμενοι
1472 973 1769 1052 ἀμφότεροι
1815 980 2016 1030 ποιῶσι

355 1062 674 1139 κυκλοφερῆ
728 1061 1066 1132 παραταγὴν,
1118 1060 1169 1114 οἱ
1222 1061 1314 1133 μὲν
1361 1056 1465 1115 ἔσω
1515 1067 1610 1117 τοῦ
1641 1061 1844 1118 κύκλου
1875 1064 2014 1119 ἀπο-

354 1149 701 1221 κλειόμενοι,
747 1148 799 1202 οἱ
849 1147 906 1201 δὲ
954 1145 1141 1219 ἔξωθεν
1179 1149 1650 1222 περικυκλοῦντες.
1706 1152 1804 1206 Καὶ
1851 1157 2013 1208 τοῦτο

353 1243 594 1310 τρισσῶς
650 1241 932 1298 ποιοῦντες
985 1233 1432 1312 διαχωρίζονται,
1490 1240 1580 1294 καί
1635 1240 1877 1295 ’ὶστανται
1935 1241 2013 1305 εἴς

351 1328 484 1389 τοὺς
517 1325 689 1384 ἰδίους
727 1325 950 1396 τόπους,
984 1327 1035 1379 οἱ
1072 1326 1165 1396 μὲν
1210 1331 1317 1380 τῶν
1367 1326 1596 1383 Βενέτων
1643 1327 1720 1390 εἷς
1775 1330 1844 1384 τὰ
1891 1330 2011 1404 ἀρι,

353 1416 539 1489 cupi,
590 1416 642 1470 οἱ
696 1413 754 1469 δὲ
811 1419 919 1468 τῶν
978 1414 1257 1488 Πρασίνων
1313 1415 1387 1476 εἰς
1435 1416 1502 1470 τά
1548 1414 1694 1487 δεξιά
1735 1419 1868 1490 μετὰ
1917 1419 2008 1474 καὶ

350 1509 466 1559 τῶν
497 1505 694 1577 ἒτὲρων
725 1501 1004 1575 δημοτῶν,
1040 1503 1128 1555 καὶ
1170 1501 1422 1578 λέγουσιν
1471 1505 1636 1581 ἄμφω
1683 1507 1771 1562 τὰ³
1820 1508 2006 1582 γοτθι-

349 1593 444 1661 κὰ,
487 1593 641 1648 ἅτινά
689 1592 791 1646 εἰσι
839 1595 1029 1658 ταῦτα,
1085 1588 1342 1661 δηλονότι
1390 1592 1478 1646 καὶ
1531 1598 1639 1648 τῶν
1685 1592 2007 1668 πανδοῦρων

347 1684 413 1736 τὸ
466 1681 668 1736 οἰκεῖον
725 1679 891 1754 μέλος
939 1678 1432 1754 ἀποπληρούντωΨ
1475 1706 1504 1732 κ
1537 1681 1754 1757 γαύζας·
1824 1683 2005 1758 βόνας·

354 1769 644 1847 βηκηδίας
721 1772 862 1845 ἅγια·
937 1765 1240 1843 γαυδέντες·
1307 1765 1676 1840 ἐλκηϐόνιδες⁸
1738 1772 2002 1846 ἐνκέρτυς·

349 1860 498 1933 ἅγια·
582 1859 734 1933 βὸνα’
812 1857 948 1932 ὣρα·
1024 1857 1240 1912 τούτου·
1322 1859 1530 1932 βάντεςο
1598 1861 1732 1936 βὸνα
1803 1862 1996 1937 ἀμόρεο

349 1948 722 2009 ἐπισκύαντες·
782 1940 1193 2008 ἷδεσαλϐάτους·
1249 1948 1402 2002 νανά·
1464 1947 1642 2011 δέουςο
1699 1947 1872 2013 θέους’
1916 1972 1998 2006 σε.

348 2031 571 2091 ϐακιϐά·
625 2037 775 2091 νανά·
831 2030 1386 2108 δευμονογυγγύϐελε·
1429 2032 1714 2111 γυϐίλουςο
1768 2035 2009 2114 γυϐἑλα-

347 2143 460 2199 ρες⁶
509 2125 658 2178 νανά·
707 2119 999 2198 γυϐίλους·
1050 2117 1368 2198 γυὸέλαρες·
1415 2125 1564 2179 νανὰο
1612 2131 1708 2180 τοῦ
1747 2125 2004 2201 γεγδεμαο

347 2213 408 2269 δὲ
462 2208 749 2270 τούλϐελεο
820 2215 1023 2267 νικάτω
1090 2209 1315 2267 τουλδο⁹
1384 2215 1531 2268 νανά·
1599 2216 1627 2268 ὁ
1669 2216 1910 2285 Ἐζεκίας
1949 2215 2002 2272 ἐν

343 2309 464 2365 τοῖς
527 2301 798 2376 πολέμοις
871 2299 1347 2373 καθοπλισάμενος
1422 2302 1754 2376 ’Δισσυρίοις⁶
1815 2304 1999 2359 άνανά’

347 2394 447 2460 τὴν
484 2389 680 2447 ἐλπίδα
716 2391 806 2445 καὶ
850 2390 1025 2464 μόνην
1082 2386 1228 2465 ἔχων
1276 2395 1410 2446 Θεοῦ
1447 2397 1545 2446 τοῦ
1585 2391 1997 2469 φιλανθρώπου⁸

351 2480 498 2534 νανά·
557 2479 730 2534 πάντα
790 2479 1039 2547 ὑπέταξεν
1097 2473 1220 2548 ἔθνη
1287 2478 1378 2533 καὶ
1434 2478 1606 2542 ἀθέων
1665 2481 1764 2550 τήν
1809 2503 2000 2558 τυραν-

348 2565 493 2623 νίδα·
544 2568 686 2641 ἅγια·
739 2569 767 2622 ὁ
815 2569 1022 2640 σωτήρ,
1079 2566 1272 2643 ἀγαθοὶ
1328 2565 1602 2623 δεσπόταν
1644 2571 1792 2624 νανά·
1825 2572 1998 2628 πάντα

342 2653 546 2728 ἐχθρόν
606 2675 698 2716 σας
753 2651 1018 2710 δουλώσει
1071 2656 1179 2730 πρὸ
1243 2659 1353 2709 τῶν
1416 2652 1599 2710 ποδῶν
1660 2678 1772 2719 σας.
1834 2655 1994 2734 Ἰϐερο

351 2739 593 2817 ἷϐερίεμσ
636 2748 734 2798 τοῦ
782 2744 1048 2819 ἶγγερουαο
1099 2743 1460 2818 γεργςρεθρῷ⁶
1509 2749 1662 2799 νανάο
1720 2745 1995 2805 σικαδιασε

348 2834 682 2906 περὲτουρες.
735 2855 761 2887 )
811 2832 912 2890 Καὶ
963 2833 1065 2887 εἶθ’
1111 2831 1284 2894 οὕτως
1343 2831 1594 2908 λέγουσιν
1643 2835 1694 2888 οἱ
1752 2835 1992 2908 μα’ίστωο

335 2941 430 2994 ρες
461 2923 594 2993 μετᾶ
619 2921 707 2976 καὶ
737 2926 844 2977 τῶν
879 2917 1138 2993 δημοτῶν
1165 2922 1228 2976 τὸ
1260 2916 1662 2995 ἀλφαϐητάριν·
1707 2947 1735 2975 ‹‹
1779 2924 1987 2984 Ἀνανά.

332 3010 617 3082 Ἀηττήτῳ
664 3014 799 3065 Θεοῦ
847 3007 1080 3082 παλάμῃ
1122 3008 1432 3085 ἐστι-ἔφθητε,
1475 3007 1728 3065 δεσπόται
1761 3012 1990 3086 οὐρανό-

326 3101 435 3155 Θεν.
470 3094 731 3173 Βραϐεἷον
763 3099 922 3170 νίκης
957 3095 1198 3175 ὤφθητε,
1231 3101 1644 3173 κοσμοπὸθητοι
1683 3103 1982 3179 εὐεργέται.

321 3193 570 3242 Τενναῖοι
603 3183 823 3266 ὤφθητε
860 3192 981 3252 τοῖς
1013 3187 1285 3259 ἐναντίοις,
1337 3186 1674 3263 δωρούμενοι
1703 3196 1819 3252 τοῖς
1849 3193 1985 3246 Ῥω-

2033 1911 2080 1976 Β

2133 628 2334 701 virgis,
2384 649 2531 702 quas
2573 643 2824 708 gestant,
2895 639 3218 710 pulsantes,
3278 655 3672 711 magnumque
3719 658 3786 697 eo

2131 719 2376 789 strepitu
2389 738 2434 774 rr.
2447 725 3045 792 excitantes,clamant
3077 727 3393 783 identidem
3413 744 3426 782 :
3443 751 3471 778 α
3485 728 3736 795 TulTul,
3753 751 3782 778 »

2128 809 2186 858 et
2211 807 2294 860 sic
2325 818 2570 880 pergunt
2603 829 2788 884 usque
2823 818 3083 886 proxime
3113 817 3187 871 ad
3217 832 3442 872 sacram
3468 832 3774 887 mensam;

2127 907 2159 945 a
2184 907 2297 960 qua
2329 899 2564 966 quando
2597 916 2799 970 parum
2835 905 3072 971 absunt,
3106 913 3519 961 concurrentes
3539 904 3619 960 ibi
3647 921 3776 960 am-

2127 979 2210 1034 bas
2241 980 2378 1038 hinc
2406 989 2463 1039 et
2495 985 2655 1042 illinc
2677 989 2957 1048 factiones
2987 993 3270 1062 formant
3324 993 3507 1049 aciem
3534 1008 3632 1049 seu
3658 999 3777 1049 sta-

2124 1069 2343 1124 tionem
2391 1079 2670 1130 armatam
2730 1078 3140 1148 orbicularem,
3172 1081 3230 1135 hi
3283 1081 3437 1136 intra
3493 1079 3774 1136 circulum

2122 1155 2353 1228 inclusi,
2402 1158 2484 1214 illi
2519 1167 2756 1220 externo
2775 1166 2996 1222 circulo
3017 1168 3163 1224 istos
3192 1169 3496 1225 interiores
3533 1169 3773 1225 conclu-

2123 1245 2347 1302 dentes.
2398 1251 2515 1304 Hoc
2547 1251 2750 1306 ordine
2798 1259 2862 1307 ut
2891 1259 2980 1309 ter
3035 1257 3192 1312 circa
3251 1272 3474 1312 sacram
3508 1272 3772 1313 mensam

2120 1331 2566 1401 decucurerunt,
2616 1339 2834 1394 secedit
2889 1341 3062 1396 tactio
3119 1358 3359 1412 quisque
3405 1359 3575 1399 suum
3611 1344 3773 1400 inlo-

2119 1435 2274 1489 cum,
2305 1428 2362 1477 et
2392 1425 2720 1482 consistunt
2749 1428 2951 1498 quieti,
2982 1429 3188 1485 Veneti
3217 1430 3450 1500 quidem
3498 1433 3568 1486 ad
3618 1433 3771 1487 sini-

2117 1515 2320 1578 stram,
2357 1512 2576 1568 Prasini
2612 1521 2803 1571 autem
2835 1518 2907 1573 ad
2939 1518 3224 1586 dextram,
3256 1524 3315 1574 et
3360 1519 3625 1586 recitent,
3665 1521 3767 1590 qui

2116 1611 2184 1650 ex
2214 1599 2499 1655 ambabus
2531 1603 2818 1672 partibus,
2850 1606 3070 1663 Gothos
3092 1608 3366 1674 referunt,
3397 1607 3653 1662 carmina
3683 1609 3765 1662 sic

2115 1686 2267 1741 dicta
2297 1688 2562 1753 Gothica,
2596 1692 2756 1748 228
2789 1695 3070 1764 panduris
3100 1694 3333 1751 interim
3381 1693 3614 1751 modulo
3662 1711 3766 1751 suo

2115 1776 2535 1835 accinentibus.
2565 1784 2714 1835 Sunt
2741 1787 2934 1837 autem
2969 1782 3068 1838 illa
3089 1783 3334 1838 Gothica
3359 1783 3476 1838 haec
3501 1799 3514 1838 :
3538 1781 3757 1857 γαύζας⁶

2117 1860 2278 1934 βόνας
2309 1866 2389 1936 [et
2427 1865 2651 1937 reliqua
2691 1886 2815 1938 quae
2846 1870 3059 1926 Graecis
3090 1888 3121 1926 e
3159 1871 3349 1926 verbis
3381 1871 3560 1942 repeti
3597 1878 3761 1942 pote-

2120 1953 2295 2024 runt].
2347 1985 2416 1995 —
2455 1977 2484 2005 ‹‹
2539 1957 2831 2026 Ezechias,
2909 1958 3127 2013 bellum
3185 1963 3460 2016 adversus
3491 1961 3757 2030 Assyrios

2116 2055 2343 2110 gerens,
2364 2061 2393 2089 »
2415 2048 2636 2109 Anana,
2671 2063 2700 2092 ‹‹
2725 2043 2950 2099 unicam
2977 2044 3195 2102 habens
3226 2045 3284 2100 in
3319 2049 3429 2100 Deo
3458 2061 3623 2114 spem
3652 2046 3756 2101 ho-

2115 2129 2339 2183 minum
2355 2139 2604 2198 amante,
2623 2152 2650 2180 »
2677 2131 2857 2199 Nana,
2890 2155 2918 2181 «
2953 2134 3180 2203 subegit
3211 2133 3476 2204 gentiles,
3499 2138 3556 2186 et
3577 2133 3754 2188 rebel-

2114 2214 2329 2271 lionem
2375 2218 2772 2287 ignorantium
2813 2219 3018 2274 Deum.
3055 2241 3083 2269 »
3115 2219 3312 2289 Hagia.
3346 2241 3373 2268 «
3407 2219 3684 2286 Salvator,
3718 2237 3750 2275 ο

2113 2305 2248 2359 boni
2279 2304 2523 2373 domini,
2556 2326 2584 2355 n
2617 2310 2800 2373 Nana,
2834 2327 2864 2358 ι(
2894 2311 3088 2378 ponat,
3122 2313 3187 2362 ut
3243 2307 3621 2377 mancipium,
3653 2323 3749 2362 co-

2111 2408 2237 2447 ram
2298 2394 2542 2464 pedibus
2599 2395 2807 2450 vestris
2871 2411 3105 2450 omnem
3157 2396 3318 2450 vobis
3374 2395 3746 2450 inimicum.»

2110 2480 2237 2536 lber
2265 2487 2376 2538 etc.
2407 2481 2674 2537 Posthac
2705 2500 2737 2538 a
2767 2483 2971 2538 Gothis
3001 2483 3306 2538 ambarum
3331 2483 3578 2554 partium
3592 2482 3750 2538 dicta

2107 2569 2357 2624 reeitant
2373 2571 2634 2640 magistri
2667 2573 2838 2626 ambo
2868 2588 2986 2626 una
3012 2588 3146 2626 cum
3176 2571 3416 2642 plebeiis
3447 2571 3747 2640 utriusque

2106 2658 2374 2713 factionis
2403 2674 2637 2714 carmen
2669 2660 2778 2715 hoc
2817 2664 2902 2716 tot
2958 2665 3234 2716 constans
3277 2659 3560 2728 versibus,
3608 2664 3748 2729 quot

2104 2751 2243 2800 sunt
2275 2746 2992 2816 alphabetiGreacilitterie,
3034 2762 3560 2819 unoquoqueversu
3592 2747 3746 2802 abea

2102 2834 2297 2890 Graeca
2328 2835 2536 2901 littera,
2568 2852 2696 2906 quis
2733 2837 2841 2892 sibi
2875 2839 3063 2909 quoad
3096 2837 3323 2893 numeri
3353 2837 3614 2892 ordinem
3648 2851 3743 2890 re-

2101 2923 2372 2993 spondet,
2423 2924 2700 2980 ordiente.
2754 2925 2854 2980 Est
2881 2931 3077 2980 autem
3109 2925 3257 2980 hoc:
3305 2944 3334 2978 ιι
3387 2925 3606 2980 Anana.
3655 2925 3742 2978 Ab

2097 3010 2327 3065 invecta
2389 3011 2484 3066 Dei
2544 3027 2716 3066 manu
2794 3012 3047 3079 coronati
3079 3012 3217 3066 estis
3257 3010 3476 3066 domini
3509 3010 3739 3065 salitus

2097 3097 2316 3153 Brabeo
2347 3099 2616 3155 victoriae.
2642 3099 3010 3154 Monstrastis
3031 3115 3132 3153 vos
3162 3097 3268 3153 toti
3298 3097 3422 3154 orbi
3451 3103 3735 3152 terrarum

2095 3187 2510 3244 desiderabiles
2544 3189 2956 3253 benefactores,
2987 3203 3299 3258 generosos
3336 3191 3395 3241 et
3426 3185 3601 3240 fortes
3631 3184 3736 3239 ho-

327 3276 517 3348 μαίοις
552 3277 874 3355 ζωηφόρους
922 3275 1251 3353 εὐεργεσίας.
1286 3298 1314 3330 ››
1348 3277 1448 3333 Καὶ
1482 3278 1578 3341 εἷθ’
1609 3277 1781 3341 οὕτως
1812 3279 1977 3335 πάλιν

2095 3278 2302 3348 stibus,
2332 3279 2616 3334 donantes
2645 3277 2922 3334 Romanis
2944 3276 3248 3340 beneﬁcia,
3278 3290 3405 3348 quae
3435 3281 3611 3329 Vitam
3643 3288 3734 3328 se-

318 3369 579 3443 Λέγουσιν
630 3368 682 3422 οἱ
737 3369 1062 3442 μαῖστωρες·
1118 3390 1146 3418 ι(
1196 3367 1385 3442 Ἀγίας
1413 3367 1500 3420 τόν
1531 3366 1626 3420 ἀνα
1654 3389 1713 3422 τε
1742 3368 1978 3426 άνετανε.

311 3453 578 3510 Ἐντολαί
610 3476 703 3518 σας
762 3455 894 3529 ὑπὲρ
951 3456 1020 3509 τά
1083 3451 1228 3510 ὅπλα
1285 3452 1537 3528 ἰσχύουσι
1585 3457 1698 3508 κατ’
1769 3454 1980 3530 ἐχθρῶν

313 3542 596 3600 ἁπάντων.
655 3546 778 3612 Ζωή
839 3542 1127 3616 Ῥωμαίων
1180 3543 1270 3597 καὶ
1327 3542 1590 3609 πλοῦτος,
1643 3541 1976 3621 ἀλλοφύλων

312 3631 667 3694 κατάπτωσις
714 3628 910 3692 ὅντως.
965 3631 1244 3704 Ηύρὲθητε
1293 3634 1480 3704 τεῖχος
1527 3635 1627 3698 τῆς
1671 3629 1975 3692 πολιτείας.

310 3720 450 3782 Θεός
509 3741 596 3776 σοι
652 3716 850 3776 ἔδωκεν
916 3717 1156 3782 κλάδους
1214 3720 1614 3792 συνομόθρονας
1671 3721 1768 3792 (1),
1827 3718 1978 3792 εὔερ-

2089 3383 2221 3422 cum
2254 3357 2595 3438 impertant.
2627 3389 2657 3418 »
2691 3367 2826 3424 Post
2852 3369 3074 3422 dictum
3105 3366 3262 3422 hunc
3291 3361 3732 3433 quaternionem

2085 3471 2359 3509 versuum
2393 3460 2662 3524 repetunt
2692 3454 2943 3526 migistri
2965 3455 3312 3510 formulam:
3344 3472 3373 3502 ιι
3405 3453 3622 3520 Hegias
3652 3458 3729 3507 ta.

2088 3545 2289 3598 Anate.
2351 3548 2639 3610 Anetane;
2673 3564 2702 3591 »
2739 3549 2796 3597 et
2841 3547 2968 3596 tum
3019 3541 3436 3595 continuantur
3481 3553 3726 3592 versus:

2091 3654 2118 3682 «
2142 3632 2342 3686 Edicta
2371 3641 2560 3686 vestra
2591 3632 2722 3702 plus
2754 3631 2813 3686 in
2843 3631 3038 3685 hostes
3068 3645 3270 3684 omnes
3302 3626 3517 3694 valent,
3549 3641 3727 3696 quam

2087 3736 2271 3784 arma,
2304 3719 2432 3774 Vita
2478 3719 2578 3789 qui
2607 3720 2751 3774 estis
2767 3723 2823 3774 et
2850 3717 3068 3772 divitia
3100 3717 3496 3771 Romanorum
3516 3712 3721 3784 praeci-

1347 3846 1542 3904 JOAN.
1584 3846 1726 3904 JAC.
1770 3847 2028 3903 RElSKlI
2068 3843 2667 3904 COMMENTARIUS.

307 3957 456 4021 biis,
488 3973 644 4027 voce,
668 3958 897 4014 scenica
924 3973 1057 4013 vero
1091 3957 1301 4012 fabulae
1329 3972 1598 4012 sermone
1619 3961 1673 4009 et
1705 3956 1972 4027 gestibus

310 4029 612 4094 exhibita,
641 4039 696 4084 ut
727 4031 880 4084 clare
913 4035 1065 4100 patet
1085 4045 1154 4084 ex
1182 4030 1458 4083 Athenaeo
1492 4045 1545 4096 p.
1578 4027 1701 4081 350.
1765 4028 1969 4082 Verum

315 4116 514 4171 poesis
541 4101 860 4171 dramatica
889 4117 955 4155 eo
982 4101 1464 4171 aivojamdudum
1482 4101 1754 4171 desierat,
1783 4115 1969 4170 neque

313 4170 434 4226 nisi
466 4170 672 4227 saeculo
702 4171 844 4233 XVI.
878 4170 1194 4226 demum’in
1238 4187 1409 4224 usum
1453 4170 1663 4237 rediit;
1697 4175 1966 4239 etscenae,

315 4243 559 4297 nomine
584 4243 958 4313 appellabant
990 4242 1180 4297 medio
1201 4259 1317 4296 aevo
1346 4240 1413 4294 τὰ
1431 4240 1680 4310 θαύματα
1725 4257 1965 4311 pegma-

314 4319 398 4383 ta,
433 4313 727 4386 inquibus
747 4313 1325 4386 spectaculaludicra
1343 4318 1413 4366 ab
1441 4313 1824 4386 histrionibus
1853 4313 1967 4386 cir-

317 4382 718 4440 cumforaneis
783 4382 874 4440 edi
934 4384 1220 4445 solebant.
1271 4391 1336 4438 ut
1376 4400 1406 4438 e
1447 4399 1665 4437 canone
1694 4382 1964 4437 Concilii-

314 4456 810 4527 Aquisgranensis
854 4456 926 4510 de
966 4472 1118 4527 anno
1183 4456 1309 4522 8l6,
1369 4461 1629 4522 apparet,
1687 4454 1966 4522 quodnon

314 4525 562 4597 ορονιεῐιι
592 4527 892 4582 sacerdotes
912 4532 1011 4580 aut
1055 4525 1291 4580 clerico:
1321 4527 1736 4597 quibuscunque
1762 4531 1968 4594 specta-

314 4596 460 4652 culis
503 4600 560 4652 in
600 4599 780 4652 scenis
825 4604 920 4651 aut
977 4598 1185 4668 nuptiis
1217 4600 1497 4663 interesse,
1527 4596 1622 4649 sed
1674 4602 1969 4665 antequam

315 4669 605 4740 thymelici
636 4669 1040 4740 ingrediantur,
1085 4683 1378 4740 exsurgere
1405 4683 1491 4721 eos
1519 4668 1786 4740 convenit,
1811 4671 1970 4736 atque

316 4738 448 4794 inde
468 4741 761 4796 discedere.
798 4739 863 4793 Hi
915 4739 1205 4810 thymelici
1257 4744 1414 4801 sunt,
1445 4753 1590 4810 quos
1623 4738 1812 4792 medio
1842 4753 1959 4791 avo

311 4811 639 4878 ioculatmes
660 4811 952 4876 dicebant,
984 4809 1040 4864 et
1071 4815 1340 4878 corrupto
1391 4809 1585 4862 Italico
1642 4823 1738 4862 ore
1793 4823 1958 4862 voca-

317 4885 455 4936 buln
484 4883 784 4948 zigoludri,
820 4884 970 4934 unde
1003 4885 1262 4934 nostrum
1288 4879 1571 4948 Zigeuner.

390 4953 504 5024 (99)
541 4947 742 5007 Procul
768 4953 952 5024 dubio
1011 4947 1686 5024 gaudebunt’rimatores
1732 4947 1958 5024 veteris.

307 5019 598 5095 Scythicae
621 5031 719 5078 aut
749 5019 1240 5095 Gothicaz'linguze
1272 5022 1343 5074 ob
1374 5026 1639 5095 antiquas
1676 5035 1839 5095 voces
1869 5019 1962 5095 hic

309 5090 707 5150 ex'oblivione
738 5098 795 5148 in
828 5097 1016 5148 lucem
1053 5090 1422 5162 prodeuntes.
1463 5090 1605 5144 Mihi
1654 5094 1847 5143 autem
1880 5091 1960 5156 in,

308 5165 435 5220 illis
457 5165 836 5220 barbarismis
857 5166 1040 5220 otium
1066 5177 1120 5218 et
1143 5162 1446 5234 ingenium
1460 5176 1802 5234 consumere
1830 5176 1962 5228 Ope-

310 5253 390 5292 ra:
415 5237 664 5306 pretium
685 5253 794 5291 non
811 5237 1056 5290 videtur.
1087 5231 1281 5290 Posset
1315 5250 1429 5288 una
1460 5237 1516 5306 et
1541 5231 1717 5286 altera
1751 5247 1963 5298 marga-

309 5305 428 5361 rita
480 5307 616 5363 huic
675 5306 1054 5379 sterquilinio
1105 5307 1317 5379 inesse,
1376 5305 1474 5358 sed
1521 5317 1963 5379 saepequoque,

309 5379 756 5442 Constantinus,
817 5372 920 5432 aut
962 5376 1226 5448 quisquis
1258 5380 1571 5448 auclorest
1597 5373 1769 5444 hujus
1797 5372 1963 5428 Glos-

309 5450 453 5503 sarii
483 5449 793 5510 barbarici,
823 5453 894 5502 ab
927 5445 1208 5514 imperitis
1242 5453 1343 5501 aut
1366 5445 1638 5514 malignis
1668 5447 1963 5514 deceptus,

314 5519 521 5574 fuisse.
580 5519 751 5574 Juvat
779 5519 864 5574 Cl.
902 5518 1114 5572 Leichii
1156 5517 1444 5585 judicium
1481 5516 1689 5570 alicubi
1722 5515 1780 5569 in
1839 5516 1966 5584 eius

315 5591 667 5645 adversariis
715 5589 1040 5658 depositum
1092 5589 1204 5642 huc
1233 5589 1539 5642 ascribere.
1572 5588 1612 5658 '[
1645 5587 1968 5640 Constanti-

316 5678 430 5716 nus
463 5661 741 5730 Porphyr.
775 5657 1000 5730 ineptas
1029 5665 1084 5712 et
1121 5659 1453 5730 barbaricus
1483 5657 1964 5730 comminiscitur,

315 5727 723 5802 etymologiae,
762 5737 828 5784 ut
849 5727 1079 5783 diadora
1119 5727 1397 5784 Romanis
1443 5730 1669 5796 estiam
1716 5732 1856 5797 erat,
1896 5727 1966 5781 de

2079 3955 2300 4011 admin.
2333 3954 2578 4024 imperio
2619 3971 2673 4023 p.
2705 3954 2776 4008 92
2804 3954 2906 4008 fin.
2967 3953 3059 4006 ed.
3101 3952 3405 4024 Bandur.]'
3467 3954 3530 4009 In
3589 3956 3722 4009 uni-

2080 4042 2312 4081 versum
2346 4023 2578 4096 quidem
2605 4024 2819 4095 injuria
2845 4023 3226 4096 Constantino
3250 4023 3371 4078 noni
3415 4024 3496 4079 fit.
3561 4027 3718 4096 Atio

2076 4097 2323 4168 allegata
2352 4093 2530 4151 causa
2563 4093 2755 4152 tamen
2797 4111 2928 4168 eum
2963 4093 3297 4168 defendere
3326 4097 3538 4150 ausim.
3584 4095 3721 4150 Dia-

2075 4163 2221 4223 ιιονᾱ
2259 4173 2409 4223 recte
2447 4169 2674 4223 videtur
2720 4183 2817 4235 per
2868 4163 3064 4238 ἀπάρτι
3122 4163 3188 4238 ἦν
3246 4165 3310 4220 de
3357 4182 3507 4220 nunc
3577 4175 3718 4236 erat,

2075 4238 2259 4318 reddi.
2307 4239 2449 4318 Nam
2480 4239 2548 4318 iti
2576 4239 2750 4318 nitore
2795 4236 3073 4318 _ltalicum
3124 4236 3352 4318 illorum
3385 4241 3716 4318 temporum

2076 4312 2231 4364 aliud
2267 4311 2412 4364 nihil
2448 4310 2756 4381 signiﬁcat.
2787 4313 3073 4381 Caeterum
3134 4307 3421 4381 placuisse
3479 4307 3588 4381 sibi
3619 4308 3720 4362 illa

2072 4387 2336 4450 tempora
2365 4379 2612 4449 nugacia
2634 4387 2690 4434 et
2721 4380 3101 4449 puerilitatem
3144 4379 3466 4450 litterarum
3501 4379 3720 4446 rejuve-

2074 4449 2308 4506 nascere
2332 4453 2706 4522 gestientium
2732 4451 2874 4522 satis
2906 4450 3206 4522 prodentia
3238 4449 3295 4522 in
3329 4449 3542 4522 talibus
3572 4451 3717 4504 lusi-

2075 4523 2183 4577 bus
2214 4519 2359 4577 cum'
2389 4520 2703 4591 peregrinis
2734 4526 2790 4572 et
2819 4519 3429 4591 ignoretisudialectis,
3484 4527 3716 4576 constat

2001 4580 2044 4644 Π
2075 4609 2204 4648 cum
2233 4608 2297 4646 ex
2327 4580 2433 4646 hoc
2465 4580 2819 4660 Nostriloco,
2840 4596 2966 4660 tum
2999 4588 3216 4660 exillo,
3249 4580 3425 4660 quod.
3459 4593 3518 4644 in
3548 4607 3711 4646 coro-

2079 4665 2312 4718 natione
2368 4678 2528 4732 pupae
2591 4659 2797 4716 soleret
2837 4659 3213 4732 Evangelium
3246 4659 3363 4732 sub,
3389 4661 3569 4717 Missa
3598 4679 3712 4717 non

2068 4736 2258 4790 solum
2313 4731 2523 4798 Graece,
2583 4733 2680 4804 sed
2713 4731 2888 4786 etiam
2940 4731 3214 4804 Hebraice
3237 4731 3466 4804 pralegi
3502 4734 3574 4788 ab
3609 4733 3713 4788 ho-

2069 4806 2347 4866 minibus,
2405 4805 2501 4874 qui
2536 4803 2812 4857 Hebraice
2836 4809 2894 4858 et
2923 4803 3113 4857 Graece
3142 4803 3302 4874 teque
3335 4805 3479 4874 bene
3524 4805 3700 4859 calle-

2069 4877 2230 4941 bant,
2271 4873 2446 4944 atque
2504 4875 2761 4942 Europaei
2821 4891 2923 4928 nos
2977 4873 3239 4929 'l‘alarice
3289 4880 3391 4928 aut
3436 4873 3712 4944 Japanice

2070 4943 2364 5001 callemus.
2401 4945 2723 5000 Ridiculum
2755 4961 3196 5016 aequeaeroama
3234 4943 3551 5016 monachos
3574 4943 3712 5016 illos

2069 5017 2345 5072 llebraice
2376 5018 2744 5085 praelegentes
2774 5013 2993 5080 audire,
3025 5025 3196 5086 atque
3221 5015 3451 5086 _Goth_o_s
3482 5021 3537 5068 et
3563 5013 3715 5086 Grai-

2070 5089 2234 5158 culos
2256 5089 2311 5140 in
2341 5082 2444 5142 hoc
2469 5093 2663 5143 nostro
2687 5087 2870 5158 capite
2901 5102 3081 5158 suum
3102 5082 3325 5158 ’γαυζαι
3362 5082 3522 5158 βόνας
3577 5083 3707 5154 βικῆ

2071 5155 2186 5218 διας
2211 5166 2346 5224 etc.,
2381 5164 2704 5214 recitantes.
2739 5155 2980 5212 Concilii
3027 5155 3223 5210 Pisani
3281 5155 3408 5208 acta
3437 5155 3510 5208 de
3557 5171 3709 5209 anno

2077 5231 2214 5285 “09
2243 5231 2498 5284 referunt
2526 5231 2617 5285 die
2645 5229 2678 5280 7
2709 5228 2870 5293 Julii,
2903 5243 3016 5298 quo
3048 5226 3384 5298 Alexander
3411 5226 3712 5298 papagfuit

2073 5308 2406 5367 coronatus,
2441 5305 2645 5371 praeter
2667 5301 2782 5352 alia
2809 5294 3096 5371 solemnia
3125 5297 3295 5371 etiam
3330 5294 3704 5371 illudfuisse,

2071 5373 2135 5428 de
2176 5364 2407 5440 epistola
2440 5364 2490 5426 ct
2544 5371 2841 5440 evangelio
2874 5367 3145 5440 inAMt'ssa
3193 5366 3387 5428 Grece,
3432 5364 3708 5440 ﬂagraice

2074 5449 2127 5499 et
2159 5435 2371 5497 Latine.
2431 5442 2560 5496 Vid.
2597 5435 2720 5509 quae
2753 5438 2898 5492 infra
2932 5438 3011 5509 de
3035 5452 3142 5509 usu
3192 5435 3476 5509 sermonis
3519 5435 3707 5509 Latini

2072 5515 2129 5569 in
2189 5516 2350 5568 curia
2392 5505 2725 5582 Byzantina,
2757 5508 3019 5582 et_Grteci
3045 5508 3106 5582 in
3139 5506 3314 5559 curiis
3343 5514 3396 5558 et
3426 5505 3704 5560 ecclesiis.

2073 5579 2528 5640 occidentalibus
2561 5584 2746 5634 dicam
2771 5580 2839 5632 ad
2883 5595 2934 5642 p.
2961 5579 3082 5631 431.

2145 5656 2223 5726 (1)
2258 5655 2379 5708 Duo
2440 5655 2535 5706 hic
2580 5639 2974 5726 observanda.
3027 5645 3242 5726 Unum,
3297 5639 3542 5726 κλάδους
3571 5646 3704 5714 poni

2075 5714 2178 5796 pro
2207 5714 2365 5792 'ﬁtiz‘:
2395 5739 2409 5777 :
2443 5723 2598 5792 quod
2647 5721 2698 5777 si
2727 5719 3009 5790 exemplis
3045 5715 3252 5772 vellem
3281 5714 3703 5772 demonstrare.
