4136 6302
438 314 554 372 715

1412 274 1420 286 ’
1513 294 2044 360 CONSTANTINI
2086 292 2783 356 PORPHYROGENITI

3729 288 3847 350 ’116

442 444 611 519 legati
647 441 876 500 barbari
908 456 1023 496 non
1055 440 1209 494 sunt.
1244 437 1396 493 230
1427 435 1501 491 Ut
1539 433 1799 491 consedit
1827 431 2080 502 impera-

2195 430 2294 497 τήν
2358 427 2662 503 βασιλείαν,
2708 429 2797 483 καὶ
2857 429 2885 482 6
2916 427 3157 504 ἔπαρχος
3206 429 3316 482 τῶν
3372 445 3727 502 πραιτωριων
3760 424 3854 479 καὶ

435 541 526 593 tor
543 541 671 607 post
692 535 962 602 exceptos
985 530 1057 584 ab
1081 529 1205 599 ipso
1227 529 1925 596 congregatosquecoram
1949 521 2080 591 ipso

433 627 580 681 aulae
626 640 745 678 suos
796 633 1082 690 proceres,
1140 615 1257 669 abit
1306 629 1501 669 comes
1548 612 1975 666 admissionum
2024 615 2083 666 et

436 714 684 780 clamat;
730 731 757 760 α
799 709 967 773 Leva,
1001 725 1024 756 ι
1072 705 1110 760 i.
1143 720 1192 758 e.
1227 718 1422 773 surge.
1466 701 1592 756 Non
1624 700 1778 755 enim
1813 699 1875 753 hi
1905 698 2082 769 legati

2193 518 2220 571 6
2279 513 2525 593 ἔπαρχος
2575 526 2674 588 τῆς
2731 517 2970 587 πόλεως,
3014 515 3208 572 λοιπὸν
3257 515 3428 578 οὕτως
3477 513 3735 589 δέχονται
3775 513 3856 575 ὡς

2195 607 2422 672 ἐνταῦθα
2480 605 2630 671 ὄντες
2680 603 2942 683 ἔπαρχοι,
3000 607 3090 661 καὶ
3155 607 3218 660 τὸ
3277 607 3541 679 περσίκην
3601 605 3717 676 (44)
3765 599 3867 656 αὗ-

2191 703 2310 760 τοῖς
2351 699 2578 769 ἀπαντᾷ,
2640 698 2730 753 καὶ
2794 699 2821 753 6
2885 698 3184 772 μάγιστρος
3221 695 3353 770 μετᾶ
3403 699 3496 750 τὸν
3546 693 3867 768 μάγιστρον

1487 806 1683 862 JOAN.
1723 805 1869 861 JAC.
1911 805 2173 862 REISKII
2213 806 2809 864 COMMENTARIUS.

441 915 499 968 in
532 909 782 965 editione
815 903 1142 976 Rigalliana
1181 903 1484 973 praemissi,
1531 917 1672 976 usus
1702 901 2090 976 ipsequoque

443 985 552 1039 fuit
581 998 645 1035 eo
679 971 954 1033 vocabulo
988 976 1132 1031 libro
1173 971 1249 1040 iv,
1282 976 1380 1028 sed
1416 981 1472 1030 et
1505 973 1726 1027 indices
1787 971 1866 1024 illi
1901 981 1952 1025 et
1983 988 2090 1025 vox

443 1045 674 1109 seri‘oris
706 1051 891 1105 aetatis
923 1054 1083 1102 sunt.
1112 1049 1363 1100 Dubium
1396 1046 1624 1100 interim
1663 1058 1838 1114 penes
1867 1058 1959 1114 me
1978 1048 2089 1114 est,

441 1123 700 1181 Graecine
752 1122 1005 1188 Latinos,
1067 1136 1138 1173 an
1173 1118 1232 1172 hi
1275 1117 1404 1171 illos
1431 1115 1642 1170 imitati
1664 1113 1910 1188 fluerint.
1947 1113 2090 1188 Nam

446 1197 690 1252 seriores
765 1209 880 1262 quo
954 1185 1141 1244 Latini
1219 1189 1562 1244 interlocutio
1641 1202 1742 1256 pro
1811 1185 2095 1262 allogutio,

441 1267 756 1323 dissertatio
781 1255 1076 1328 dicebant,
1132 1265 1197 1313 ut
1227 1265 1457 1315 constat
1500 1277 1567 1313 ex
1602 1255 1877 1326 prooemio
1911 1255 2094 1310 Chro-

446 1338 561 1393 nici
590 1332 1116 1391 Windesemensis:
1145 1332 1388 1400 prolixis
1433 1331 1608 1400 igitur
1637 1343 1975 1400 arengarum
1998 1329 2094 1400 in.-

446 1407 892 1466 terlocutionibus
923 1398 1248 1472 postpositis.
1291 1401 1360 1455 Ni
1403 1398 1682 1472 memoria
1712 1399 1880 1472 fallit,
1914 1398 2097 1472 habe-

445 1487 538 1536 tur
583 1493 832 1550 quoque
874 1470 1224 1550 interlocutio
1256 1489 1358 1544 pro
1400 1470 1691 1537 allocutio,
1725 1470 2003 1536 edictum,
2034 1470 2092 1522 in

447 1546 651 1607 Codice
687 1546 1071 1603 Justiniaueo.

521 1622 634 1691 (44)
689 1620 752 1674 Id
807 1623 896 1691 est
924 1633 1242 1691 -περῖικιον,
1293 1611 1676 1691 marsupium,
1708 1609 1978 1691 sacellos.
2011 1612 2097 1665 Ita

451 1683 878 1757 certe'exponit
922 1683 1249 1755 Du'Cange.
1301 1686 1444 1738 Cum
1484 1692 1680 1757 autem
1732 1683 1928 1757 moris,
1978 1698 2094 1757 quo

2201 901 2402 971 pulum
2431 908 2750 974 spargeret,
2773 918 2944 974 quam
2969 918 3056 970 eo,
3079 902 3369 957 utdonum
3385 899 3868 974 gratuitumipse

2201 974 2312 1028 sibi
2348 971 2603 1040 haberet,
2639 991 2752 1046 quo
2784 971 2976 1029 oblato
3007 974 3332 1046 respublica
3367 971 3579 1027 novum
3614 971 3731 1046 sibi
3762 971 3869 1025 re-

2202 1057 2442 1112 clorem,
2474 1051 2532 1100 et
2561 1043 2696 1100 huic
2727 1062 2785 1100 se
2818 1043 3187 1116 faustamq'ue
3217 1045 3508 1099 fortunam
3533 1043 3872 1113 gratulare-

2201 1121 2315 1170 tur.
2349 1121 2472 1172 Non
2505 1120 2659 1171 enim
2693 1134 2809 1171 una
2839 1117 3038 1183 bursa,
3069 1116 3171 1172 sed
3202 1117 3397 1187 plures
3430 1131 3577 1170 novo
3600 1116 3864 1187 impera-

2202 1191 2314 1242 tori
2368 1189 2839 1258 prazferebantur,
2899 1194 2962 1243 ut
3016 1204 3084 1243 ex
3142 1185 3291 1243 l._c.
3343 1190 3581 1258 constat.
3639 1185 3864 1241 Verum

2203 1257 2511 1329 posteriori
2555 1259 2689 1314 huic
2738 1260 3076 1329 conjecturae
3127 1259 3322 1314 obstat
3351 1257 3450 1312 ille
3474 1257 3647 1329 locus
3676 1258 3868 1329 (infra

2204 1327 2261 1400 ᾗ).
2301 1330 2400 1384 241
2455 1346 2505 1384 c.
2549 1331 2623 1397 4),
2676 1347 2790 1400 quo
2821 1327 3094 1386 dicuntur
3142 1330 3250 1384 viri
3296 1328 3519 1384 ordinis
3568 1327 3865 1383 senatorii

2205 1417 2350 1472 novo
2402 1401 2741 1472 imperatori
2802 1402 3102 1471 pittacium
3156 1417 3259 1457 seu
3317 1401 3612 1472 cambium
3644 1401 3718 1455 de
3771 1403 3871 1472 ter

2206 1471 2361 1526 mille
2398 1469 2568 1527 libris
2599 1474 2727 1528 auri
2775 1469 2841 1528 ut
2870 1474 3091 1530 donum
3135 1469 3865 1544 gratuitumurbisregige

2203 1544 2426 1609 offerre,
2481 1548 2794 1614 postquam
2845 1545 2902 1599 in
2953 1541 3414 1615 praecedentibus
3460 1542 3541 1613 (p.
3597 1543 3734 1612 240)
3767 1541 3863 1615 di-

2205 1621 2363 1686 ctum
2418 1622 2572 1670 esset
2605 1616 2716 1686 ipsi
2751 1614 3012 1686 praelatas
3043 1614 3220 1670 fuisse
3267 1629 3467 1669 cruces
3499 1622 3553 1668 et
3584 1614 3858 1686 persrcia.

2207 1685 2330 1740 Non
2363 1702 2500 1758 ergo
2532 1685 2845 1758 potuerunt
2877 1687 3124 1758 persicia
3153 1688 3370 1740 donum
3395 1685 3711 1758 gratuitum
3749 1685 3864 1739 im-

451 1781 596 1818 novo
629 1752 1086 1832 praefectourbis
1129 1752 1228 1810 aut
1269 1752 1520 1824 praetorii
1549 1756 1923 1832 _marsupium
1955 1753 2090 1809 oti'e-
2124 1765 2170 1830 B
2203 1752 2458 1832 peratori
2483 1752 2849 1832 destinatum
2877 1752 3198 1832 continere.
3249 1761 3322 1811 At
3354 1752 3515 1832 quid,
3561 1758 3609 1812 si
3644 1758 3856 1832 praefe-

449 1825 676 1899 rebant,
710 1828 1018 1900 vestigium
1054 1842 1343 1897 nusquam
1379 1825 1712 1894 reperirem,
1744 1840 1930 1900 neque
1961 1839 2091 1894 pro-

449 1907 611 1960 tinus
642 1897 918 1974 exputare
948 1915 1196 1974 possem,
1238 1913 1514 1966 quorsum
1547 1913 1609 1951 ea
1634 1913 1724 1974 res
1756 1897 2093 1974 pertineret,

452 1976 598 2047 coepi
629 1969 1388 2047 dubitare,_signilica_retne
1425 1985 1531 2023 vox
1561 1969 1860 2047 persieium
1893 1974 2097 2047 praeter

455 2039 825 2116 ma'rsupium
852 2039 1042 2116 adhuc
1074 2042 1228 2116 aliud
1253 2040 1416 2110 quid,
1452 2056 1658 2116 nempe
1680 2044 1883 2116 vertent
1914 2039 2096 2093 Persi-

449 2135 576 2174 cam
630 2109 730 2172 seu
775 2115 1090 2181 Medicam,
1134 2113 1190 2166 id
1236 2109 1324 2166 est
1369 2112 1610 2165 sericam
1652 2126 1788 2164 auro
1818 2109 2091 2176 illusam;

449 2191 637 2246 Persae
685 2188 838 2244 enim
887 2187 946 2241 in
1005 2201 1069 2239 eo
1099 2199 1305 2255 genere
1343 2182 1511 2255 valde
1570 2181 2096 2255 luxuriantur;aut

452 2268 663 2317 vestem
729 2258 880 2327 persi
938 2256 1026 2311 vel
1083 2253 1295 2327 persici
1353 2254 1585 2327 coloris,
1634 2255 1688 2308 id
1729 2258 1817 2307 est
1848 2253 2094 2327 obscure

455 2333 677 2402 cyanei.
723 2325 1012 2384 Habemus
1040 2325 1214 2402 apud
1263 2325 1505 2402 Leonem
1547 2325 2090 2402 Grammatieump.

456 2395 582 2472 465,
613 2402 782 2474 χιτὼν
813 2395 1265 2474 χρυοοςπὲρξτικρς,
1287 2395 1476 2451 tunica
1496 2395 1690 2474 aureis
1718 2395 1825 2474 ﬁlis
1858 2395 2091 2474 inteatla,

459 2467 654 2530 coloris
684 2467 867 2544 persi?
907 2472 1023 2544 vid.
1057 2467 1139 2524 Du
1180 2470 1367 2544 Gange
1398 2483 1464 2544 v._
1485 2467 1698 2544 Persas.
1723 2537 1732 2544 _
1754 2467 1951 2521 Posset
1983 2468 2092 2520 ita-

452 2563 564 2616 que
611 2537 724 2598 noh
771 2543 1020 2616 absurde
1069 2541 1269 2605 statui,
1317 2537 1606 2616 persicum
1655 2537 1836 2592 fuisse
1873 2543 2090 2616 vestem

451 2608 770 2670 admodum
803 2614 1134 2684 pretiosam,
1168 2626 1297 2681 quae
1327 2611 1380 2684 in
1409 2608 1642 2684 honoris
1674 2608 2088 2684 recens‘collati

450 2688 680 2757 insigne
711 2678 1076 2757 consueverit
1110 2678 1386 2757 praefectis
1407 2681 1650 2757 obviam_
1670 2679 1823 2757 ferri.
1859 2678 2091 2757 Obtinet

450 2750 640 2812 adhuc
671 2756 841 2810 hodie
881 2771 1025 2821 mos,
1077 2750 1145 2807 ex
1193 2751 1326 2806 aula
1359 2768 1468 2805 non
1504 2751 1686 2821 magis
1719 2750 2086 2805 orientalium

450 2829 790 2901 principum,
840 2841 1014 2901 quam
1056 2825 1383 2901 Graecorum
1418 2823 1473 2875 in
1513 2821 1831 2901 _Tu_rcicam
1864 2822 2087 2901 deriva~

452 2894 566 2967 tus,
601 2894 701 2954 aut
734 2894 1410 2967 novi—sinvestiendlsiaut
1437 2894 2088 2967 veteribusconﬁrman-

441 2965 784 3041 dis’legatis
822 2969 908 3024 vel
957 2967 1222 3023 exarchis
1272 2966 1505 3041 (Bassas
1546 2965 1599 3019 id
1644 2981 1826 3041 genus
1857 2969 2088 3041 vocant)

442 3036 770 3113 quotannis
793 3042 850 3094 in
873 3041 1218 3113 provincias
1250 3056 1281 3090 a
1311 3037 1546 3113 Sullano
1579 3036 1733 3113 mitti
1765 3044 1950 3113 vestes
1984 3037 2084 3090 ho-

441 3107 981 3198 nerarialehal‘las
1017 3111 1212 3191 Turcis
1253 3107 1566 3190 appellant,
1614 3107 1766 3198 unde
1810 3112 2078 3198 nostrpm
2111 3134 2158 3198 C

441 3185 617 3249 Gala),
653 3178 938 3245 mittendi,
973 3197 1116 3250 quas
1147 3179 1205 3232 in
1246 3179 1476 3248 signum
1511 3178 1861 3250 investiturm
1894 3183 1949 3250 et
1982 3179 2078 3250 be.-

440 3248 778 3309 nevolentiae
839 3248 1172 3320 principalis
1211 3255 1267 3303 et
1312 3248 1732 3318 professionem
1785 3248 2080 3320 ﬁdelitati's

439 3341 556 3380 suae
590 3330 774 3379 Bassa;
807 3319 1020 3377 debent
1049 3323 1306 3376 induere.
1341 3320 1486 3382 Quia
1517 3325 1703 3373 tamen
1742 3320 1845 3374 hoc
1869 3321 1939 3373 ad
1968 3319 2077 3373 im-

440 3403 763 3468 peratorem
807 3395 1002 3465 ipsum
1046 3391 1471 3468 accommodari
1503 3406 1665 3460 aeque
1717 3390 1882 3468 facile
1926 3391 2078 3468 haud

438 3462 643 3538 potest,
677 3467 767 3522 cui
811 3462 1007 3519 recens
1052 3466 1230 3538 electo
1278 3478 1450 3531 super
1489 3478 1728 3517 carruca
1771 3462 1844 3538 in
1873 3463 2076 3516 urbem

437 3533 677 3594 intranti
711 3539 986 3592 dicuntur
1032 3552 1085 3605 p.
1134 3536 1258 3588 240.
1294 3550 1504 3605 cruces
1539 3539 1596 3588 et
1639 3533 1885 3604 persicia
1933 3550 2074 3604 pree-

433 3611 570 3664 ferri
592 3610 676 3665 vel
709 3611 936 3664 obviam
973 3604 1102 3661 ferri
1137 3607 1392 3677 (signum
1419 3604 1574 3658 enim
1605 3605 1992 3660 insvestituraa
2016 3605 2073 3659 in

432 3681 540 3736 hoc
565 3699 701 3736 casu
738 3681 983 3752 persicia
1011 3682 1475 3752 essenequeunt,
1503 3692 1636 3730 cum
1661 3677 1988 3752 chlamydes
2019 3680 2078 3752 et

434 3769 656 3808 coronae
707 3747 755 3806 ei
790 3751 904 3806 alia
942 3750 1204 3822 symbols
1253 3747 1379 3822 sint
1419 3749 1878 3822 imperatorum),
1925 3747 2076 3803 malo

433 3840 588 3878 nunc
633 3841 665 3879 a
712 3823 928 3894 vulgari
972 3819 1325 3894 expositione
1369 3819 1548 3894 hujus
1589 3820 1742 3894 vocis
1776 3836 1887 3874 non
1922 3835 2075 3894 rece-

432 3897 588 3958 dere,
613 3896 710 3948 sed
729 3890 921 3964 potius
952 3895 1023 3946 de
1048 3890 1352 3962 marsupio
1367 3890 1457 3944 vel
1483 3891 2069 3964 bursainterpretari;

432 3967 551 4020 sive
575 3969 693 4034 jam
723 3960 991 4034 praefecto
1023 3981 1087 4017 eo
1122 3960 1449 4034 lineibursaa
1482 3961 1861 4034 haegnummis
1894 3960 2074 4031 plena

433 4033 865 4106 praeferrentur,
891 4041 955 4088 ut
977 4051 1140 4088 suam
1165 4033 1336 4106 veluti
1363 4033 1694 4100 eparchiam
1719 4041 2075 4106 spargerent,

434 4102 930 4176 quemadmodum
965 4105 1093 4158 novi
1125 4104 1594 4176 _consu1es_su_um
1608 4102 2072 4176 gconsulatum,id

432 4172 516 4232 est
559 4179 800 4232 missilia
865 4177 920 4229 in
971 4173 1246 4243 pOpulum
1306 4172 1659 4241 projicienda
1699 4173 1837 4243 (non
1880 4179 2074 4228 tamen

435 4249 676 4302 memini
711 4251 778 4302 ile
812 4242 1098 4316 praefectis
1138 4244 1290 4316 idem
1327 4243 1478 4312 quod
1510 4243 1578 4296 de
1609 4242 1952 4316 consulibus
1984 4244 2074 4298 le-

438 4324 628 4387 gere):
676 4319 793 4372 sive
812 4314 1129 4370 donarium
1164 4314 1270 4387 hoc
1301 4315 1658 4387 essettquod
1698 4324 1791 4368 aut
1823 4315 2072 4384 impera-

436 4386 547 4453 tor,
581 4391 679 4440 aut
708 4389 844 4441 urbs
875 4402 1019 4441 novo
1053 4386 1315 4454 praefecto
1339 4386 1714 4440 conciliandae
1740 4387 2076 4442 benevolen-

436 4457 528 4511 tiae
558 4459 743 4527 gratia
793 4458 1105 4512 exhiberet.
1157 4457 1328 4522 Quid,
1366 4457 1414 4510 si
1459 4456 1661 4510 horum
1695 4458 2069 4528 persiciorum

437 4530 749 4597 imaginem
798 4529 1147 4583 haberemus
1198 4531 1251 4582 in
1297 4528 1571 4598 diptycho
1619 4528 1714 4582 illo
1755 4530 2071 4596 consulari,

433 4601 601 4668 cujus
641 4606 905 4670 ectypum
949 4600 1108 4654 dedit
1150 4605 1228 4652 Du
1278 4600 1466 4670 Gange
1509 4599 1621 4653 tab.
1657 4617 1695 4654 ι.
1738 4601 1965 4656 dissert.
2001 4602 2071 4657 de

432 4672 685 4725 nummis
715 4669 818 4725 aevi
853 4672 1049 4738 medii,
1084 4671 1181 4724 ubi
1215 4672 1284 4725 ad
1312 4671 1542 4740 singula
1575 4669 1755 4725 latera
1789 4672 1945 4728 sellae
1977 4690 2071 4728 cu-

431 4740 600 4809 rulis,
634 4743 724 4796 cui
751 4742 953 4796 consul
976 4743 1210 4806 insidet,
1235 4742 1677 4814 conspiciuntur
1699 4743 1914 4814 singuli
1939 4746 2067 4813 viri,

431 4818 695 4868 tenentes
723 4819 962 4882 utraque
986 4829 1157 4885 manu
1186 4830 1529 4885 mapparum
1557 4813 1815 4883 lacinias,
1842 4816 1898 4868 in
1933 4832 2073 4885 qua-

431 4901 560 4938 rum
597 4901 939 4955 mapparum
975 4884 1335 4953 mediojucet
1362 4885 1601 4955 aliquid,
1625 4887 1779 4955 quod
1815 4884 2071 4941 nummis

427 4956 614 5028 simile
645 4957 788 5012 est?
819 4958 981 5028 Certe
1032 4971 1132 5024 pro
1188 4958 1442 5008 nummis
1498 4957 1574 5009 Du
1610 4956 1800 5028 Gange
1839 4975 2072 5028 quoque

425 5027 651 5092 habuit,
702 5028 871 5096 cujus
926 5027 1043 5080 haec
1093 5029 1230 5078 sunt
1283 5029 1456 5096 verba
1503 5028 1530 5092 §
1589 5027 1693 5082 12:
1752 5027 1942 5084 Nescio
1978 5027 2070 5084 ian

426 5101 543 5164 ipsa
563 5095 839 5170 explira’ta
858 5103 1142 5152 censeatur
1162 5111 1277 5170 esse
1306 5095 1571 5170 inceden:
1588 5098 1847 5167 diptycho
1864 5118 2071 5169 mappa

422 5170 475 5222 ib
523 5168 665 5224 binis
710 5170 929 5238 figuris,
983 5183 1109 5239 quae
1151 5168 1305 5222 sellae
1343 5168 1625 5241 lateribus
1672 5168 2068 5241 appinguntur,

422 5257 656 5309 quorum
695 5243 932 5307 singula:
977 5238 1120 5294 binis
1166 5238 1429 5292 manibus
1489 5254 1715 5309 mappas
1764 5238 2070 5306 explicatas

419 5308 601 5365 tenent
633 5314 692 5366 in
725 5314 978 5366 ludorum
1007 5311 1263 5366 editionis
1292 5309 1597 5380 symbolum
1617 5308 1644 5362 ‘I
1674 5309 1787 5363 nisi
1826 5318 1964 5379 forte
1993 5330 2069 5368 eae

421 5398 630 5452 mappa;
675 5387 985 5438 contineant
1026 5399 1372 5436 nummorum
1425 5391 1635 5434 certam
1683 5386 2068 5452 quantitatem,

420 5460 515 5524 qui
561 5457 731 5522 εἴβοιί
762 5455 1150 5524 quodammodo
1179 5454 1617 5523 conspiciuntur,
1645 5455 1745 5524 ita
1769 5460 1826 5507 ut
1856 5456 1927 5509 ad
1949 5471 2070 5510 con-

416 5523 607 5578 sulum
653 5522 904 5586 ύπαέείας
944 5542 1040 5580 seu
1071 5522 1316 5579 missilia
1338 5525 1538 5594 referri
1566 5522 1816 5581 debeant.
1848 5525 2067 5582 Pariter

415 5597 646 5666 gemino
699 5599 801 5650 hoc
833 5598 1002 5650 modo
1047 5596 1229 5663 accipi
1281 5594 1676 5666 possetlocus
1714 5612 1891 5666 supra
1939 5598 2069 5652 lau—

416 5664 608 5737 datus
646 5683 702 5734 p.
751 5669 875 5722 240.
927 5671 1109 5737 xEque
1170 5663 1322 5722 enim
1371 5663 1668 5736 probabile
1718 5663 1808 5721 est
1856 5669 2066 5726 bursas

419 5734 928 5810 no_vo_imperatori
961 5734 1029 5810 eo
1052 5740 1163 5810 line
1186 5734 1411 5793 oblatas
1436 5737 1635 5806 fuisse,
1673 5745 1735 5810 ut
1759 5743 2066 5810 pecuniam

409 5802 548 5872 inde
564 5802 964 5877 depromptam
982 5808 1039 5862 in
1057 5809 1534 5865 circumstantem
1551 5814 1608 5866 et
1621 5802 1826 5868 inhian
1847 5817 2067 5888 tempo-

2203 1829 2333 1893 etis,
2383 1831 2611 1900 quoties
2645 1830 3043 1900 procederent,
3079 1829 3245 1884 toties
3294 1829 3847 1900 persicumobviarn

2201 1900 2492 1972 ferretur?
2522 1899 2681 1965 Quod
2717 1917 2861 1972 pene
2890 1901 3130 1972 colligas
3161 1916 3192 1954 e
3225 1917 3278 1970 p.
3298 1899 3436 1972 1231.
3472 1899 3533 1953 Id
3567 1899 3616 1953 si
3650 1899 3851 1972 fuerit,

2203 1971 2517 2040 persicium
2569 1970 2749 2041 neque
2797 1978 3013 2028 vestem
3035 1970 3439 2038 honorarium,
3491 1987 3679 2041 neque
3711 1970 3853 2026 bur-

2201 2059 2328 2116 sam
2369 2045 2629 2098 nummis
2669 2047 2937 2099 refertam
2971 2043 3300 2116 signiﬁcare
3336 2048 3556 2116 potest.
3580 2043 3663 2116 Ad
3699 2042 3852 2098 hanc

2203 2115 2590 2197 objectionem
2624 2118 2773 2186 quod
2798 2114 3083 2197 reponam
3120 2132 3244 2197 non
3278 2115 3482 2197 habeo.
3537 2114 3606 2197 Id.
3652 2119 3851 2197 tamen

2201 2189 2423 2240 certum
2473 2193 2579 2254 est,
2621 2184 2990 2243 consuevisse
3047 2192 3285 2254 veteres,
3321 2186 3478 2241 illius
3509 2184 3610 2239 aevi
3652 2184 3848 2240 homi-

2201 2271 2325 2329 nes,
2351 2257 2625 2329 pecunias
2649 2266 2745 2313 aut
2777 2259 2832 2312 in
2858 2259 3115 2314 scutellis
3137 2265 3193 2312 et
3215 2256 3447 2329 scyphis
3471 2256 3684 2329 aureis,
3720 2272 3851 2326 qua

2201 2328 2437 2398 quidem
2479 2330 2754 2384 manibus
2795 2330 3096 2401 gestatiles
3127 2338 3180 2383 et
3224 2328 3338 2383 non
3371 2328 3545 2384 nimis
3591 2331 3851 2398 grandes

2199 2405 2416 2468 essent,
2462 2406 2563 2455 aut
2595 2403 3034 2470 ponderosiores
3056 2417 3343 2468 summas,
3377 2401 3620 2470 ideoque
3652 2401 3855 2455 hume-

2201 2470 2282 2525 ris
2313 2471 2678 2541 bajulandas,
2707 2473 2767 2527 in
2799 2473 2987 2527 bursis
3018 2475 3230 2528 donare
3262 2477 3322 2526 et
3359 2474 3676 2526 secundum
3709 2472 3857 2526 bur-

2201 2557 2301 2614 sas
2339 2559 2662 2610 numerare,
2695 2545 3188 2614 quemadmodum
3250 2542 3442 2598 adhuc
3475 2543 3643 2598 hodie
3673 2541 3854 2597 Turci

2197 2613 2433 2685 faciunt.
2466 2614 2558 2668 Sic
2591 2615 2872 2670 Henricus
2913 2617 3012 2681 llI,
3062 2617 3375 2685 imperator
3417 2614 3653 2668 Alberto
3692 2614 3853 2669 vice-

2198 2684 2398 2738 comiti
2428 2686 2613 2756 epulis
2636 2687 2758 2740 suis
2783 2687 3039 2741 adhibito
3061 2693 3116 2741 et
3137 2684 3369 2742 abeunti
3398 2685 3574 2741 dabat
3603 2701 3847 2740 saccum

2197 2759 2492 2829 servitium
2542 2763 2780 2829 argento
2831 2757 3088 2828 plenum,
3131 2762 3192 2812 ut
3225 2757 3492 2829 perhibet
3530 2757 3746 2814 Donizo
3775 2757 3844 2814 in

2196 2825 2325 2881 Vita
2357 2825 2657 2883 Mathildis
2687 2828 2724 2884 Ι.
2761 2845 2799 2898 ι,
2831 2825 2884 2884 ἒ.
2919 2829 3020 2885 Ιὲε

2338 2916 2451 2970 Rea:
2479 2915 2587 2970 sibi
2615 2925 2918 2972 mastrucas
2957 2919 3079 2984 post
3107 2931 3280 2971 escam
3309 2917 3553 2972 maxii-ne
3579 2917 3847 2986 pulchra:

2263 3031 2266 3034 .
2337 2988 2587 3052 Donavit,
2621 2989 2818 3057 ﬂorent
2845 2990 3062 3057 pariter
3089 3003 3298 3058 quoque
3323 2989 3644 3059 pelliceones

2335 3060 2446 3113 Hoc
2474 3061 2620 3124 regis
2651 3059 2928 3130 [Henrici]
2969 3075 3170 3114 munus
3208 3061 3362 3113 ducis
3402 3059 3732 3129 [Bonifacii]
3764 3059 3854 3115 ad

2467 3146 2748 3202 camaram
2787 3131 2894 3202 A[id
2954 3137 3042 3185 est
3097 3135 3403 3196 catonem,
3467 3131 3852 3202 vestiarium,

2479 3200 2918 3271 thesaurariamj
2961 3203 3108 3271 tulit,
3140 3219 3313 3256 unum

2334 3272 2397 3326 Et
2425 3274 2637 3327 corium
2673 3275 2839 3340 cervi,
2872 3273 3010 3343 quod
3039 3275 3283 3328 nummis
3303 3273 3418 3344 ipse
3444 3273 3698 3346 reilevit.

2188 3363 2345 3417 Idem
2378 3379 2502 3434 cap.
2537 3363 2608 3419 li:

2477 3495 2490 3508 .
2536 3496 2548 3508 .
2596 3495 2608 3507 .
2654 3495 2666 3507 .
2714 3496 2725 3507 .
2771 3494 2783 3506 .
2817 3452 2961 3509 dedit
3004 3452 3095 3508 illi
3118 3453 3372 3523 plurima
3398 3455 3590 3524 gratis.

2330 3523 2586 3579 Cervinos
2613 3525 2800 3596 plenos
2826 3527 3066 3579 nummis
3095 3541 3274 3580 saccos
3303 3523 3584 3580 duodenos

2332 3594 2704 3666 Liquerot'in
2739 3599 2966 3666 propria
3005 3599 3218 3666 genitor
3258 3612 3482 3651 camara
3522 3594 3834 3666 Canusina,

2331 3671 2480 3739 Quos
2507 3669 2728 3738 penitus
2747 3671 2878 3723 totos
2904 3668 3052 3722 dedit
3081 3684 3188 3723 uno
3211 3674 3454 3739 tempore
3481 3666 3639 3723 dono.

2187 3756 2438 3811 Pertinet
2469 3756 2580 3810 huc
2612 3772 2842 3827 quoque
2889 3756 3052 3811 locus
3081 3757 3428 3827 Theodoreti
3475 3773 3744 3827 sermone
3775 3773 3836 3812 rx

2187 3773 2438 3811 Pertinet
2469 3773 2580 3810 Ι]υο
2612 3773 2842 3880 (ΙΠΟῊΟΘ
2889 3773 3052 3811 locus
3084 3773 3428 3812 ’[Πϐοαοΐθῐι
3475 3773 3744 3812 sermone
3775 3773 3834 3812 [Χ

2185 3829 2252 3914 ad
2314 3828 2590 3920 G'raesos:
2637 3824 2979 3920 Σρλῖἐγουσι
3035 3826 3106 3920 tdr
3150 3829 3437 3920 ψήγμοιτα,
3489 3824 3834 3920 ξιορύσσουρνι

2183 3896 2249 3950 τὰ
2303 3895 2570 3973 μέταλλα,
2596 3897 2735 3973 ’καὶῤ
2761 3895 3027 3973 ἐπζσημον
3054 3895 3341 3973 _[cusutn]
3391 3895 3684 3973 γενόμένον
3738 3899 3830 3973 τὸγ

2185 3965 2388 4057 χρυοξλν
2556 3969 2648 4023 τὸν
2704 3965 2992 4060 ,βριρξλιςξὸν
3051 3965 3341 4060 ξὲξάμενρνῖ
3366 3965 3728 4060 ’χοροίκτῆροῃ
3757 3969 3830 4059 ὀὗ

2183 4035 2388 4118 χρυσὸς
2447 4035 2662 4118 ἔξωθε),
2703 4035 2827 4096 ἁλλ’
2854 4116 2862 4118 _
2885 4043 2918 4111 ἦ
2940 4113 2951 4118 _
2975 4035 3217 4094 σκύτίνάι
3364 4035 3576 4118 {till-war.
3623 4035 3830 4118 Esaia-

2184 4130 2332 4184 1:00;:
2369 4113 2553 4180 θῆκαι.
2596 4115 2895 4170 Succurrit
2939 4113 3046 4168 hac
3076 4113 3400 4184 occasione,
3421 4115 3492 4169 de
3521 4129 3657 4169 voce
3679 4113 3833 4184 ’ρει-

2183 4183 2384 4239 sicium
2413 4184 2754 4254 disputanti,
2788 4185 2955 4242 locus
2985 4183 3235 4251 Agnelli,
3289 4186 3385 4240 cui
3414 4202 3520 4240 vox
3550 4185 3652 4241 illa
3681 4183 3830 4241 forte

2186 4256 2546 4310 restituenda
2579 4257 2675 4312 sit.
2722 4257 2825 4313 Est
2873 4274 2928 4327 p.
2981 4256 3102 4310 155.
3138 4256 3277 4312 edit.
3327 4257 3599 4312 Murator.
3627 4274 3641 4312 :
3671 4256 3829 4322 Abie-

2183 4329 2393 4392 cerunt,
2439 4327 2541 4390 ait,
2586 4329 2808 4395 femina
2847 4331 2904 4383 in
2947 4327 3094 4382 luctu
3123 4327 3340 4398 publica
3378 4329 3599 4383 inaures
3637 4331 3828 4398 etan-

2183 4398 2341 4471 nulos
2390 4402 2444 4471 et
2476 4399 2776 4471 rdexlraria
2823 4396 3134 4471 [armillas]
3174 4403 3222 4453 et
3265 4398 3598 4469 pcreselidas
3627 4396 3711 4466 [id
3739 4402 3831 4454 est

2182 4468 2581 4540 periscelidas]
2613 4478 2663 4525 et
2702 4468 2935 4526 monilia
2965 4474 3014 4524 et
3042 4468 3352 4540 obfactoria
3379 4480 3428 4526 et
3454 4486 3584 4525 acus
3613 4477 3668 4524 et
3695 4485 3826 4540 spe-

2179 4540 2306 4613 eula
2335 4544 2387 4595 et
2404 4541 2640 4613 tunulas
2657 4546 2709 4596 et
2731 4542 2931 4612 litiola,
2964 4541 3205 4613 [figuras
3233 4541 3538 4613 aureasrad
3572 4540 3824 4596 liliorum

2179 4611 2363 4685 instar
2394 4611 2593 4685 factas,
2626 4629 2771 4685 quas
2801 4611 2982 4685 super
3016 4611 3221 4685 fronte,
3255 4617 3354 4685 aut
3391 4612 3564 4669 etiam
3599 4616 3827 4683 pectore

2178 4681 2502 4756 gerebant,]
2536 4681 2811 4740 laudosias
2853 4681 2904 4740 et
2933 4683 3218 4756 praesidia.
3253 4683 3361 4740 Pro
3393 4700 3530 4741 voce
3559 4681 3827 4756 praesidia

2179 4755 2576 4823 reponendum
2613 4760 2810 4826 putem
2843 4755 2942 4812 aut
2969 4755 3236 4826 prandea,
3266 4755 3321 4811 id
3343 4760 3428 4812 est
3455 4756 3663 4811 taeniae
3695 4755 3828 4810 seri-

2179 4840 2297 4898 cas,
2340 4831 2438 4898 aut
2487 4825 2684 4896 potius
2727 4825 3013 4894 brau'otia,
3061 4827 3289 4893 fascias,
3336 4827 3546 4898 quibus
3585 4826 3825 4882 brachia

2180 4896 2505 4966 illigabant,
2554 4903 2654 4952 aut
2705 4901 2930 4954 tandem
2973 4900 3231 4968 ρετ·δίεία,
3273 4899 3327 4953 id
3355 4896 3470 4954 iest
3528 4898 3824 4966 bursulas,

2178 4969 2383 5037 quales
2415 4970 2602 5025 medio
2635 4986 2751 5025 ωνο
2773 4986 2947 5040 super
2963 4967 3208 5040 eingulis
3232 4974 3288 5024 et
3305 4969 3397 5025 his
3418 4969 3640 5025 circum
3661 4967 3824 5024 volu-

2176 5047 2289 5106 tas,
2323 5046 2582 5096 ventrem
2614 5041 2957 5106 ambientes,
2989 5048 3091 5096 aut
3119 5041 3292 5095 etiam
3324 5057 3356 5095 e
3385 5042 3702 5097 femoribus
3732 5041 3828 5096 de-

2178 5110 2520 5180 pendentes,
2551 5115 2887 5181 gestabant,
2913 5128 3189 5183 magnum
3217 5113 3273 5167 in
3306 5111 3381 5167 iis
3402 5113 3647 5168 luxuriae
3677 5128 3827 5183 qua:-

2178 5190 2373 5237 rentes
2404 5192 2840 5253 argumentum,
2887 5190 3164 5253 tantoque
3194 5183 3325 5238 illas
3359 5185 3730 5254 pretiosiores
3769 5188 3827 5239 et

2176 5254 2494 5309 ornatiores
2525 5272 2668 5310 auro
2693 5263 2752 5311 et
2781 5258 3032 5327 gemmis
3064 5262 3120 5311 et
3151 5256 3483 5326 margaritis
3508 5259 3824 5325 jactantes,

2175 5331 2388 5398 quanto
2411 5326 2546 5396 quis
2567 5333 2724 5382 esset
2748 5326 2997 5383 nbbilior
3021 5335 3074 5381 et
3103 5327 3452 5398 upulentior,
3477 5334 3541 5382 ut
3563 5327 3826 5398 protinus

2175 5397 2396 5468 e_zonis
2437 5405 2492 5451 et
2524 5399 2715 5454 bursis
2745 5398 2862 5454 illis
2893 5397 3355 5468 agnosci’posset
3396 5397 3654 5454 hominis
3685 5414 3826 5453 con-

2175 5465 2336 5541 ditio.
2388 5470 2641 5541 Et_quia
2683 5472 2846 5541 pictae
2897 5465 3011 5525 filis
3061 5465 3252 5525 aureis
3301 5475 3359 5525 et
3387 5470 3681 5541 argenteis
3712 5468 3821 5523 illa

2175 5535 2364 5591 bursae
2397 5535 2661 5596 solebant
2683 5535 2838 5609 esse,
2872 5541 3010 5596 hinc
3055 5541 3220 5596 dictis
3250 5535 3487 5596 fuerunt
3517 5541 3819 5610 marsupia,

2175 5609 2228 5685 id
2257 5616 2345 5685 est
2367 5625 2452 5664 res
2483 5614 3018 5685 operephrygionico
3046 5611 3373 5668 elaboratae.
3397 5613 3498 5666 Est
3519 5612 3677 5685 enim
3706 5609 3822 5685 vox

2174 5680 2442 5754 Arabica.
2478 5680 2875 5746 Quod—autem
2909 5687 2976 5739 ad
3011 5693 3364 5754 postremam
3393 5699 3590 5739 vocem
3625 5682 3821 5754 laudo-

2171 5752 2289 5825 sia:
2315 5752 2548 5825 attinet,
2578 5755 2848 5812 videntur
2873 5752 3161 5822 laudbsiw,
3189 5763 3245 5810 et
3275 5771 3403 5825 quae
3424 5754 3600 5822 idem,
3637 5755 3694 5808 ni
3720 5752 3823 5808 fal-

2172 5821 2281 5894 lor,
2310 5824 2644 5896 significant
2673 5827 2954 5896 laudanaz,
2988 5827 3126 5900 (vid.
3148 5821 3247 5884 Du
3272 5821 3464 5900 Gange
3494 5825 3554 5882 h.
3586 5821 3663 5897 v.)
3692 5839 3818 5882 esse
