4136 6302
485 269 602 328 719

1539 263 2067 327 CONSTANTINI
2110 262 2815 325 PORPHYROGENITI

3762 276 3865 334 720

483 407 625 464 bant
671 423 850 478 penes
903 422 965 464 se
1013 403 1352 476 imaginem,
1383 400 1786 469 Diaferentius,
1845 398 1944 472 qui
2001 403 2095 455 tun

2212 459 2214 465 μ
2246 394 2444 469 μαίων,
2475 397 2566 451 καὶ
2607 393 2893 469 δεξάμενος
2923 397 3085 452 αὐτὸν
3118 399 3146 452 6
3168 393 3400 469 εὐσεϐὴς
3431 397 3681 475 βασιλεὺς
3714 405 3858 476 ἡμῶν

479 498 787 569 praefectus
833 497 996 552 urbis
1040 495 1273 550 CPtanm
1324 494 1469 556 erat,
1500 489 1912 560 pronuntiabat
1950 503 2127 560 pane-

479 589 739 660 gyricum
792 587 848 642 in
903 584 1105 641 laudes
1163 581 1467 652 utriusque
1515 579 1903 650 imperatoris,
1957 579 2042 634 uti
2075 587 2128 635 et

480 675 838 744 Dioscorius,
887 674 1262 744 exprefectus
1320 669 1504 726 urbis.
1567 668 1886 724 Mandabat
1969 667 2126 724 dein-

477 782 613 836 ceps
698 767 1029 836 imperator,
1086 762 1377 816 laureatas
1461 775 1562 829 per
1629 762 1816 814 totum
1903 757 2120 812 differri

2234 485 2639 556 Ἰουστινιανός,
2679 485 2953 542 ἐκέλευσεν
3014 487 3176 542 αὐτὸν
3233 488 3306 550 ὡς
3337 482 3578 565 ἔπαρχον
3632 511 3854 566 πραιτωι

2239 575 2366 650 ρίων
2463 576 2553 632 καὶ
2652 578 2897 650 προϊέναι
2971 577 3063 632 καὶ
3138 578 3466 656 ἀναχωρεῖν,
3538 579 3624 636 καὶ
3704 586 3859 641 πάντα

2237 665 2410 728 οὕτως
2459 664 2548 720 ἐπὶ
2608 664 2774 721 αὐτοῦ
2825 665 3141 740 ἐπράττετο,
3188 667 3265 731 ὡς
3322 665 3409 722 ἐπὶ
3456 673 3566 724 τῶν
3630 669 3862 748 ἐπάρχων

2233 755 2529 825 ’Λνατολῆς
2539 801 2552 814 .

471 856 806 924 imperium,
861 853 1282 920 amborumque
1339 851 1754 918 imperatorum
1805 847 2146 917 conjunctas
2197 846 2486 918 imagines
2546 845 2723 902 simul
2782 847 3051 919 proponi.
3086 847 3348 905 Habebat
3402 855 3599 907 autem
3649 851 3860 911 dialalia

468 946 554 1000 vel
585 945 925 1000 mandatum
960 959 1056 997 ore
1087 957 1251 996 sacro
1284 939 1576 1011 prolatum
1609 938 1711 994 sic.
1746 942 1824 992 Ex
1872 937 2016 993 actis
2049 954 2063 993 :
2097 958 2126 987 «
2158 937 2476 1009 Imperator
2503 939 2695 994 Caesar
2728 938 2862 994 felix
2891 938 3000 995 Leo
3075 938 3275 996 Victor
3305 957 3541 1013 semper
3585 943 3861 1014 Augustus

469 1034 610 1089 dixit
671 1050 684 1087 :
735 1030 1184 1087 Clementissimi
1254 1029 1537 1100 principis
1594 1026 1891 1082 Anthemii
1951 1025 2140 1098 imago
2223 1026 2322 1081 diu
2380 1044 2414 1082 a
2479 1027 2649 1082 nobis
2703 1031 3060 1096 exspectata,
3109 1044 3263 1085 nunc
3320 1029 3563 1086 tandem
3610 1031 3860 1105 exhibita,

464 1136 743 1192 magnum
793 1120 960 1175 nobis
1001 1117 1280 1190 gaudium
1329 1115 1480 1171 tulit.
1516 1118 1878 1186 Quapropter
1926 1113 2123 1169 divina
2177 1114 2558 1170 annulatione
2586 1115 2712 1185 [seu
2745 1131 2908 1171 sacro
2953 1115 3170 1187 edicto]
3227 1117 3608 1189 praecipimus
3655 1123 3711 1174 et
3743 1136 3862 1176 san-

465 1211 678 1277 cimus,
711 1213 776 1264 ut
812 1209 915 1264 illa
945 1209 1140 1279 imago
1188 1207 1425 1262 eosdem
1475 1205 1724 1260 honores
1776 1203 2096 1275 participat,
2129 1219 2276 1274 quos
2339 1211 2558 1272 nostra,
2583 1221 2697 1275 quo
2729 1204 2933 1277 populi
2973 1221 3180 1262 omnes
3208 1207 3527 1278 gaudeant,
3571 1223 3864 1280 omnesque

463 1301 641 1355 urbes
678 1300 822 1354 laetas
875 1297 1225 1367 intelligant,
1261 1296 1568 1350 ambarum
1607 1293 1884 1364 partium,
1915 1293 2156 1349 orientis
2205 1300 2260 1349 et
2307 1294 2645 1363 occidentis,
2681 1299 3000 1366 potestates
3033 1297 3450 1353 communione
3506 1311 3700 1353 rerum
3739 1299 3862 1369 jun-

456 1395 605 1458 otas,
638 1407 743 1446 nos
789 1396 985 1444 autem
1034 1389 1162 1458 ejus
1219 1385 1558 1455 [Anthemii]
1611 1384 2030 1440 Mansuetudini
2061 1384 2414 1440 coadunalos
2451 1401 2600 1442 esse.
2637 1407 2666 1435 »
2700 1385 2889 1441 Etiam
2934 1386 3130 1456 Liber,
3163 1387 3445 1459 patricius
3476 1393 3537 1444 et
3578 1390 3862 1460 praefectus

459 1480 800 1547 Gallarium,
832 1479 1170 1534 mittebatur
1199 1475 1513 1548 aliquando
1548 1477 1690 1530 hanc
1740 1475 1799 1528 in
1843 1474 2048 1530 urbem
2079 1491 2112 1529 a
2169 1475 2432 1541 Theuda,
2498 1491 2630 1547 rege
2685 1475 3031 1548 Gothorum,
3096 1482 3156 1533 et
3210 1495 3244 1534 a
3295 1483 3508 1534 senatu
3566 1478 3859 1551 Romano;

457 1587 634 1643 quem
686 1571 818 1641 pius
851 1570 1162 1641 imperator
1198 1566 1567 1622 Justinianus
1598 1581 1792 1620 coram
1822 1565 2134 1621 admissum
2157 1566 2401 1634 jubebat
2428 1571 2547 1622 tam
2581 1566 2640 1622 in
2671 1583 2933 1637 accessu,
2967 1584 3156 1639 quam
3187 1568 3248 1624 in
3276 1569 3465 1637 abitu,
3518 1569 3708 1626 locum
3736 1587 3859 1641 pre-

457 1659 592 1715 fecti
651 1659 1052 1729 praetoriorum
1113 1656 1394 1722 obtinere,
1427 1659 1484 1710 et
1512 1655 1572 1708 in
1620 1653 1893 1710 omnibus
1922 1655 2159 1711 omnino
2197 1655 2373 1710 rebus
2429 1657 2660 1711 tractari
2708 1660 2882 1728 atque
2912 1657 3098 1728 excipi
3144 1657 3332 1714 modis
3363 1658 3602 1728 iisdem,
3662 1659 3858 1730 quibus

460 1748 714 1818 praefecti
745 1746 1001 1802 Orientis
1043 1744 1228 1800 solent
1258 1745 1464 1814 excipi.

893 1838 1038 1894 23]
1077 1835 1308 1893 CAPUT
1343 1834 1684 1892 LXXXVIII.

454 1927 818 1997 Obseruando,
893 1926 1108 2000 quando
1192 1928 1492 2000 imperator
1572 1925 1784 2000 eosdem
1858 1927 2109 2000 excipere

519 2002 637 2056 vult
667 1997 983 2071 legatos,'eo
1029 1999 1148 2070 fine
1176 2005 1236 2052 ut
1284 1997 1610 2071 occidentali
1638 1998 1964 2068 imperatori
2009 1999 2106 2071 dir-

530 2069 803 2198 gnz'latem
873 2069 1219 2142 imperialem
1285 2069 1589 2138 conﬁrmet,
1647 2077 1700 2125 et
1762 2071 1962 2138 legatos
2016 2070 2104 2123 di-

521 2161 601 2199 m:
631 2152 730 2199 lat.

517 2232 707 2288 Pridie
747 2239 1059 2302 antequam
1110 2230 1289 2303 legati
1335 2247 1402 2287 ex
1452 2231 1616 2285 Italia
1645 2229 1943 2286 venientes
1976 2230 2103 2301 [pro

444 2323 705 2377 secunda
753 2321 896 2391 vice]
931 2322 999 2376 ad
1039 2320 1353 2376 Dominum
1404 2319 1813 2388 admittuntur,
1846 2320 2104 2374 circum-

441 2411 733 2467 cursitant
781 2410 1172 2478 mandatores,
1227 2409 1629 2480 significantes
1661 2425 1791 2462 cras
1823 2408 1944 2464 fore
1982 2408 2101 2465 illis

439 2499 786 2570 recipiendis
809 2497 1118 2555 silentium.
1156 2498 1463 2568 Postquam
1495 2497 1674 2567 igitur
1708 2498 1766 2550 in
1814 2497 2096 2552 consisto-

441 2589 528 2643 rio
587 2589 918 2643 consederit
947 2589 1280 2656 imperator,
1312 2593 1369 2641 et
1420 2587 1692 2658 ingressi,
1737 2586 1836 2657 qui
1887 2586 2094 2654 solent,

439 2677 676 2732 fuerunt
708 2693 927 2744 omnes,
963 2677 1023 2730 {il
1073 2677 1238 2747 ipsis,
1273 2676 1502 2746 legatis,
1539 2675 1730 2730 velum
1776 2677 2092 2747 proprium,

441 2768 500 2824 id
534 2775 626 2824 est
673 2768 918 2824 seorsim
969 2767 1078 2823 soli
1119 2777 1248 2839 post
1281 2773 1567 2824 nostrates
1614 2784 1880 2839 proceres
1911 2769 2093 2825 intro-

439 2865 721 2914 vocantur
777 2863 834 2914 et
876 2859 1350 2927 introducuntur,
1381 2864 1436 2914 et
1467 2860 1678 2914 iterant
1707 2858 2091 2930 supplicatio-

433 2964 567 3004 nem
628 2965 793 3004 suam
827 2948 1018 3019 prima
1051 2949 1337 3019 proditam
1369 2949 1737 3019 exceptione;
1769 2964 1940 3018 quam
1977 2947 2090 3002 im-

436 3047 670 3108 perator
728 3038 1030 3092 conﬁrmat
1081 3038 1414 3108 indulgens,
1447 3046 1544 3091 aut
1589 3037 1824 3108 scriptis
1855 3036 2086 3102 litteris,

431 3143 556 3196 quae
603 3125 873 3197 protinus
905 3125 1254 3180 exhibentur
1294 3131 1350 3180 et
1393 3125 1684 3180 adduntur
1714 3124 2085 3192 abeuntibus,

433 3195 532 3269 aut
562 3195 779 3284 absque
810 3214 1021 3285 scripto
1052 3215 1175 3270 sola
1220 3230 1321 3269 sua
1355 3213 1764 3286 promissione,
1790 3230 1851 3268 se
1879 3212 2096 3268 litteras
2120 3195 2162 3262 C

429 3306 501 3360 de
533 3323 593 3360 re
645 3305 885 3376 quaesita
916 3307 984 3360 ad
1036 3306 1229 3377 ipsum
1275 3305 1581 3376 legationis
1609 3310 1900 3360 auctorem
1935 3307 2086 3360 mis-

429 3411 637 3450 surum
670 3411 816 3450 esse.
853 3395 936 3449 Ab
970 3412 1036 3451 eo
1071 3400 1330 3467 tempore
1361 3395 1735 3462 conveniunt,
1771 3399 1836 3449 ut
1865 3394 2081 3449 dictum

433 3489 540 3552 cst,
575 3485 632 3538 in
684 3483 917 3540 silentia
965 3485 1122 3539 velut
1154 3485 1522 3553 imperatoris
1553 3484 1737 3539 nostri
1769 3499 2035 3556 proceres
2067 3498 2080 3549 ;

429 3580 482 3628 et
514 3573 781 3644 quisquis
813 3589 1013 3630 eorum
1064 3574 1371 3644 praefectus
1402 3573 1596 3640 luerit,
1623 3573 1720 3629 ille
1747 3591 1778 3628 a
1809 3573 2083 3629 domesti-

431 3663 512 3719 cis
569 3673 625 3719 et
672 3666 1099 3735 protectoribus
1151 3666 1444 3733 adorator,
1497 3673 1550 3720 et
1608 3664 1920 3736 persicium
1974 3680 2078 3718 seu

429 3753 798 3825 masurpium
857 3755 1103 3809 occurrit
1163 3771 1260 3810 seu
1322 3755 1549 3810 obviam
1598 3756 1782 3810 fertur
1837 3754 1969 3825 ipsi,
2025 3761 2078 3808 et

420 3843 571 3897 ﬁunt
593 3843 816 3913 reliqua
847 3844 1043 3899 omnia
1080 3845 1251 3899 modo
1285 3848 1584 3900 consueto.
1612 3844 1852 3907 Quando
1880 3848 2074 3899 autem

433 3931 745 4000 imperator
765 3931 884 3988 illis
916 3932 1041 3989 vult
1069 3933 1428 3989 audientiam
1456 3932 1887 3989 valedictoriam
1915 3933 2074 3998 dare,

2143 1847 2190 1910 Β
2816 1837 3072 1893 ΚΕΦΑΛ.
3133 1837 3264 1893 IIH’.

2219 1924 2368 2001 Ὅσοι
2413 1919 2495 1978 δεῖ
2523 1994 2536 2001 Α
2573 1921 3131 2001 παραφυλάττεσθαιη
3177 1923 3296 2001 ὅτεῇ
3345 1922 3546 2001 μέλλει
3623 1922 3856 2001 δέχεσθαι

2289 1995 2440 2072 τοὺς-
2477 1991 2696 2072 αὐτοὺξ·
2731 1991 3006 2072 πρὲᾳόεις,
3198 1991 3423 2071 βεϐαἱοι
3490 1998 3533 2034 ίί
3774 2000 3859 2067 τὴν

2293 2065 2570 2142 βασιλείαν
2612 2065 2700 2121 καὶ
2733 2065 2989 2122 ἀπολύειν
3021 2065 3239 2129 αὐτοὺέ.

2289 2229 2400 2302 Πρὸ
2463 2233 2589 2303 μιᾶς
2657 2227 2869 2286 δίδοται
2927 2229 3169 2305 μανδάτα
3236 2231 3535 2306 σιλὲντιον,
3595 2233 3682 2288 καὶ
3740 2231 3855 2299 τοὺς

2213 2319 2319 2373 ἀπὸ
2379 2317 2615 2382 Ἰταλίας
2677 2314 2929 2397 πρέσϐεις
2990 2317 3227 2397 δέχεται.
3278 2323 3384 2376 Καὶ
3448 2323 3583 2395 μετὰ
3629 2324 3688 2378 τὸ
3741 2324 3851 2377 καθ-

2212 2406 2324 2462 luat
2355 2407 2515 2462 αὐτὸν
2547 2407 2598 2463 ἒν
2630 2413 2708 2481 τῷ
2756 2411 3131 2484 κονσιστωρίῳ
3179 2410 3267 2464 καὶ
3319 2409 3587 2476 εἰσελθεῖν
3620 2412 3748 2467 κατὰ
3795 2412 3850 2467 τὸ

2212 2492 2330 2561 ἔθος
2363 2497 2571 2560 πάντας
2625 2497 2831 2575 γίνεται
2881 2497 3066 2562 αὺτοῖς
3101 2497 3244 2554 ἳδιον
3292 2495 3500 2573 δῆλον,
3553 2503 3642 2557 καὶ
3697 2502 3848 2577 εἰσέρ·

2212 2605 2426 2660 χονται,
2487 2587 2577 2640 καὶ
2630 2588 2868 2642 αῗτοῦσιν
2933 2588 3097 2642 πάλιν
3174 2589 3299 2663 περὶ
3361 2595 3476 2644 τῶν
3529 2590 3721 2661 αὐτῶν,
3766 2591 3846 2645 καὶ

2209 2670 2426 2750 βεϐαιοῖ
2482 2678 2510 2730 6
2571 2675 2832 2750 βασιλεὺς
2906 2677 2940 2746 ἢ
3009 2676 3293 2754 ἐγγράφως
3345 2679 3379 2748 ἢ
3436 2681 3710 2756 ἀγράφως,
3763 2682 3850 2736 ὑπ-

2211 2767 2569 2842 ισχνούμενος
2615 2764 2915 2829 ἐπιστολὰς
2973 2765 3206 2839 πέμπειν
3267 2768 3392 2843 περὶ
3452 2771 3652 2826 τούτου
3724 2771 3843 2842 πρὸς

2204 2855 2385 2913 αὐτόν.
2446 2857 2545 2911 Καὶ
2588 2855 2802 2926 λοιπὸν,
2859 2857 2934 2919 ὡς
2983 2855 3219 2930 εἴρηται,
3270 2856 3324 2914 ἐν
3376 2865 3503 2923 τοῖς
3572 2860 3837 2923 σιλεντίοις

2202 2945 2564 3023 προέρχονται
2619 2947 2692 3006 ὡς
2765 2944 3028 3020 ἄρχοντες
3084 2951 3186 3001 τοῦ
3256 2947 3549 3022 βασιλέως,
3609 2951 3692 3005 καὶ
3755 2949 3832 3005 ἐὰν

2204 3032 2337 3086 ὦσιν
2378 3033 2615 3108 ἔπαρχοι
2672 3035 2707 3102 ἢ
2765 3031 3030 3110 ἔπαρχος,
3093 3042 3522 3112 προσκυνοῦνται
3570 3040 3711 3114 παρᾶ
3736 3045 3832 3094 τῶν

2199 3118 2531 3194 ὃομεστίκων
2589 3124 2680 3177 καὶ
2735 3125 3149 3201 προτηκτόρων,
3207 3127 3298 3182 καὶ
3327 3129 3389 3182 τὸ
3436 3131 3708 3204 Περσίκην
3750 3130 3833 3185 αὖ·

2203 3215 2320 3274 τοῖς
2380 3209 2603 3282 ἀπαντᾷ,
2663 3212 2752 3266 καὶ
2828 3212 2996 3268 πάντα
3044 3217 3180 3271 κατὰ
3251 3216 3313 3272 τὸ
3379 3217 3576 3281 εἰωθὸς
3621 3218 3825 3294 γίνεται.

2199 3302 2364 3356 Ἐπὰν
2414 3297 2470 3354 δὲ
2527 3300 2658 3375 θέλῃ
2710 3299 2980 3356 ἀπολῦσαι
3022 3303 3238 3376 αὐτοὺς,
3283 3302 3364 3360 δεῖ
3411 3308 3508 3362 τὸν
3550 3310 3826 3384 μᾶγιστρον

2195 3396 2422 3457 ποιῆσαι
2475 3393 2674 3464 γνῶσιν
2725 3393 2838 3463 (54)
2886 3394 3022 3446 κατά
3081 3395 3306 3468 γνώμην
3379 3399 3481 3450 τοῦ
3547 3396 3820 3472 βασιλέως,

2192 3477 2244 3532 τί
2279 3475 2500 3542 ἕκαστος
2533 3477 2730 3554 ὀφείλῃ
2778 3475 2990 3551 λαϐεῖν,
3044 3483 3134 3537 καὶ
3182 3483 3398 3539 πάντων
3454 3490 3564 3541 τῶν
3623 3487 3816 3561 ἀνθρώ-

2191 3589 2306 3622 πων
2368 3568 2545 3623 αὐτῶν
2623 3567 2677 3623 τί
2731 3565 2955 3632 ἕκαστος
3019 3567 3308 3645 λαμϐάνει,
3367 3575 3459 3628 καὶ
3521 3572 3699 3630 δοῦναι
3742 3580 3816 3648 τῷ

2190 3657 2395 3731 κόμητι
2440 3663 2546 3713 τῶν
2596 3656 2979 3734 λαργιτιὸνων.
3023 3661 3121 3715 Καὶ
3171 3661 3300 3717 ἐπὰν
3364 3670 3608 3728 κακεῖνος
3658 3667 3823 3736 εὐτρε-

2187 3749 2377 3821 πισθῇ,
2430 3745 2620 3802 δίδωσι
2673 3746 2936 3804 σιλέντιον
2989 3751 3015 3804 6
3081 3749 3356 3823 βασιλεύς.
3403 3755 3509 3810 Καὶ
3583 3758 3650 3830 τῇ
3709 3755 3820 3825 ἑξῆς

2187 3838 2361 3892 πάντα
2391 3837 2597 3911 γίνεται
2629 3837 2704 3901 ὡς
2745 3837 2797 3892 ἐν
2850 3836 3124 3912 σιλεντίῳ,
3175 3842 3266 3896 καὶ
3316 3837 3569 3918 ἔρχονται
3610 3846 3659 3898 οἱ
3703 3843 3825 3919 πρὲ-

2189 3922 2335 3989 σϐεις
2413 3926 2592 3983 οὐκετι
2661 3927 2851 3991 πάντες
2917 3928 3079 4001 ὁμοῦ,
3132 3927 3258 3985 ἀλλ’
3306 3931 3381 3994 εἷς
3446 3934 3574 3997 τοὺς
3632 3934 3819 3994 τόπους

1788 4057 2022 4112 VARI/13
2062 4054 2475 4112 LECTIONES.

487 4169 529 4204 “
567 4163 788 4239 βεϐαιιοῦ
820 4171 972 4240 conj.
1007 4173 1073 4223 Β.

1457 4283 1655 4340 JOAN.
1689 4284 1832 4340 JAC.
1874 4282 2139 4340 REISKII
2177 4282 2780 4341 COMMENTARIUS.

411 4418 600 4483 Italia,
635 4419 909 4474 successit
940 4421 996 4474 et
1025 4419 1151 4488 ejus
1185 4424 1422 4476 matrem
1454 4419 1938 4476 Amalasuntbam
1967 4436 2060 4476 su-

408 4490 598 4563 stulit.
633 4491 958 4563 Quiiautem
1011 4491 1172 4547 Petro
1203 4493 1366 4548 Liber
1389 4497 1495 4558 est,
1537 4492 1634 4548 ille
1665 4493 1940 4563 Procopio
1972 4496 2061 4546 est

2171 4417 2386 4473 Christi
2415 4417 2521 4473 531i
2550 4422 2650 4473 aut
2668 4419 2794 4487 535,
2818 4418 3109 4476 incidisse.

2244 4489 2518 4567 (53)_Y_id.
2566 4491 2705 4560 quid
2730 4491 2838 4567 hoc
2869 4492 2941 4547 de
2969 4491 3094 4549 loco
3125 4494 3472 4565 conjectura:
3503 4497 3597 4553 ad.
3630 4513 3683 4567 p.
3711 4492 3808 4549 228

403 4561 678 4648 Ijioerz'us,
738 4562 806 4616 de
834 4561 973 4648 ‘bac
1032 4563 1314 4648 legatione
1344 4565 1428 4619 sic
1481 4565 1738 4648 narranti
1775 4564 1812 4618 l.
1848 4561 1915 4630 ‘4,
1952 4563 2059 4648 Go:
2087 4584 2134 4648 D
2177 4562 2442 4648 (“9339)
2475 4566 2898 4648 pr‘op’os‘ulerim.

401 4633 609 4706 thicor.
684 4649 756 4706 p._
828 4633 948 4688 171.
1035 4634 1390 4706 Theodatus,
1477 4637 1579 4705 ait,
1670 4637 1820 4699 ideo,
1902 4636 2056 4706 quod

395 4703 880 4758 Amalasuntham
931 4706 988 4758 in
1043 4703 1582 4778 lacumVolsinum
1631 4703 1939 4778 deportari:
1961 4723 2056 4761 cu-

399 4782 643 4840 raverat,
695 4782 1022 4849 me_tuens__:
1086 4775 1178 4849 Μῂ
1213 4774 1455 4849 ﬁas-ile?
1516 4780 1674 4849 ἡμῶν
1707 4774 1826 4831 “ἀπ’
1886 4775 2052 4844 αὐτῆς

399 4845 851 4919 προσκεκρουκῲς
907 4844 1052 4919 ἐῖἠ,
1141 4843 1334 4919 ἄνδρας
1421 4848 1479 4919 ἐκ
1539 4843 1664 4917 ’τῆς
1761 4843 2049 4919 Ῥωμαίων

395 4912 648 5003 βουλῆς’
697 4912 948 4989 Λιϐἑριόν
1016 4912 1091 4968 -τε
1175 4912 1265 4970 καὶ
1341 4912 1885 4980 Ὀπί).ιον.στείλαέ
1958 4919 2045 4989 ξὺν

395 4989 620 5065 ἕτεροις.
683 4989 791 5041 τισὶ
835 4989 1234 5065 *παραιτεῖσθαι
1284 4991 1470 5065 ’πάσῃ
1557 4989 1780 5065 ξυνάμει
1888 4991 2046 5065 βασι-

394 5055 542 5134 λείαν
603 5055 947 5134 ἐπήγγειλεν’
973 5055 1646 5134 ἶσχοριζομένοοίμηδέν
1694 5055 1832 5132 πρὸς
1872 5055 2043 5117 αὐτοῦ

393 5127 557 5218 qia/‘61P,
624 5135 690 5203 τῇ
760 5127 1178 5219 ῑΑμαλρισοῦνθῃ
1237 5127 1521 5219 ξυμϐῆναι
1546 5127 1551 5128 ⁷
1606 5127 1798 5206 καίπερ
1881 5134 2038 5188 αὐτὸν

388 5199 676 5276 ἀντίδιεοτα
708 5199 853 5255 δεινὰ
907 5199 1237 5276 εἰργασμένῃ
1279 5199 1340 5256 τὸ
1383 5203 1664 5276 πρότερον.
1711 5199 1880 5259 Paulo
1915 5215 2042 5275 post

388 5278 542 5328 addit
575 5275 907 5345 Procopius,
933 5274 1155 5345 legatos
1188 5274 1293 5329 hos
1318 5274 1488 5330 CPlin
1523 5274 1828 5331 tendentes
1858 5274 2041 5332 invia

386 5347 538 5417 apud
586 5345 892 5410 Aulonam,
925 5346 1078 5415 Epiri
1111 5348 1414 5417 Oppidum,
1451 5349 1757 5403 oﬁ'endisse
1803 5347 2035 5404 Petrum

385 5412 723 5486 Magistrum
759 5412 1228 5471 aJustinianoin
1263 5412 1484 5474 Italiam
1522 5419 1877 5486 missum,ut
1901 5436 2034 5476 cum

384 5484 919 5558 Theodatqparitcr
943 5495 1115 5558 atque
1139 5491 1555 5546 Amalasuntha
1587 5484 2035 5548 consultationes

382 5556 646 5622 agitaret.
679 5555 840 5611 Unde

377 5621 596 5677 Justin.
638 5624 731 5679 VII
764 5621 1064 5694 exeuntem
1096 5635 1197 5685 aut
1244 5621 1388 5689 VIII
1412 5633 1811 5705 incipientem,
1854 5634 1910 5690 id
1941 5640 2032 5692 est

2246 4633 2360 4712 {54)
2392 4633 2555 4712 Quod
2602 4633 2793 4712 Gallis
2831 4634 2995 4712 hodie
3020 4640 3134 4712 est
3160 4639 3356 4712 notice,
3390 4639 3445 4694 id
3489 4643 3577 4697 est
3605 4635 3800 4697 Graecis

2166 4706 2385 4776 γνῶσις.
2420 4705 2725 4779 indicatus.
2761 4705 2869 4779 S_ed
2913 4711 3035 4762 erat
3065 4724 3298 4779 quoque
3329 4705 3548 4767 Latinis
3579 4712 3797 4767 illorum

2169 4781 2492 4853 temporum
2528 4777 2585 4830 in
2636 4793 2745 4853 usu
2791 4776 2904 4853 hoc
2939 4776 3133 4853 sensit.
3168 4776 3381 4837 Notitia
3419 4783 3641 4853 imperii
3669 4779 3798 4853 satis

2161 4853 2344 4921 nota;
2383 4849 2523 4921 item
2559 4850 2760 4921 notitia
2794 4848 3152 4921 scriniorum,
3186 4855 3390 4909 notitia
3412 4848 3552 4910 taxa;
3581 4872 3613 4910 a
3635 4849 3801 4921 magi-

2163 4920 2446 4973 stratibus
2480 4919 2685 4972 debitae
2709 4937 2811 4994 pro
2832 4920 3140 4994 codicillis,
3166 4928 3223 4978 et
3251 4924 3366 4980 alia
3385 4927 3523 4981 talia
3550 4919 3798 4994 frequen-

2161 4997 2252 5044 ter
2282 4998 2603 5067 occurrunt
2625 4993 2683 5067 in
2715 4993 2913 5067 codice
2942 4992 3340 5067 Theodosiano
3375 5015 3390 5067 ;
3421 4999 3532 5052 vid.
3566 4992 3792 5067 Gnther.

2161 5078 2290 5132 pag.
2353 5062 2478 5115 363.
2511 5063 2676 5132 Apud
2731 5062 3058 5132 Fabricium
3111 5062 3385 5122 Bibliotb.
3433 5069 3636 5124 Graecae
3677 5063 3791 5118 Vol.

2154 5133 2260 5208 ΧΗ
2316 5131 2608 5208 habetur}
2662 5135 2863 5208 Γνῶσις
2910 5131 3113 5208 τίτλων
3148 5141 3266 5198 ταῖς
3312 5137 3559 5191 ἑκάστοτε
3587 5135 3790 5208 νεαραῖς

2153 5202 3003 5279 ἸουστινιανοῦλΔέπιγραφέντων,
3054 5207 3225 5263 index
3282 5212 3572 5265 titulorum
3620 5202 3784 5263 Insti-

2149 5275 2594 5352 n_ian_z'_noi)ellis
2649 5275 3027 5348 pra/imorum.
3071 5285 3307 5350 Gregor.
3362 5280 3553 5352 Magn.
3611 5278 3779 5348 Epist.

2149 5346 2245 5412 Ill,
2282 5348 2346 5401 16
2378 5365 2390 5402 :
2425 5346 2688 5406 Omnium
2731 5366 2915 5402 rerum
2944 5366 3055 5404 non
3082 5346 3257 5406 solu'm
3299 5352 3364 5407 de
3409 5346 3778 5419 susceptae“,

2147 5428 2359 5491 quiens
2389 5420 2636 5488 tradunt,
2681 5422 2966 5491 percipere
3004 5423 3272 5488 volumus,
3321 5426 3417 5478 sed
3463 5427 3624 5479 etiam
3664 5436 3698 5473 a
3731 5425 3777 5471 te

2144 5489 2372 5562 notitias
2405 5507 2594 5546 eorum
2632 5489 2908 5546 subtiliter
2941 5495 3196 5550 retineri.
3228 5495 3358 5551 Vid.
3406 5495 3480 5550 du
3513 5496 3693 5562 Cange
3719 5502 3771 5541 ν.

889 5565 1046 5628 patet
1096 5559 1651 5633 hancvlegationem
1699 5563 1762 5617 in
1810 5579 2032 5620 annum
2140 5560 2367 5616 Notitia.
