4138 6298
348 358 505 421 ’125
1241 361 1342 424 DE
1383 362 1834 424 CERIMONIIS
1877 361 2027 426 AUI

2160 367 2638 429 ΒΥΖΑΝΤΙΝΛΕ
2683 371 2827 434 LIB.
2877 375 2924 435 I.
3685 383 3802 444 626

353 493 537 566 αὖτῷ
582 494 720 568 μετᾶ
780 499 890 550 τῶν
943 499 1287 571 στρατιωτῶν
1329 495 1380 549 ἐν
1437 501 1555 558 τοῖς
1615 495 1892 570 μεθορίοις
1956 517 2023 551 κα

2158 499 2326 556 situr.
2361 503 2658 560 Interdum
2711 523 2781 561 ne
2829 507 2942 578 ipsi
2981 509 3217 581 quidem
3267 515 3542 587 magister
3579 517 3800 576 litteras

355 579 636 653 δέξασθαι
682 585 777 639 τὸν
819 579 1153 660 πρεσϐευτὴν
1203 584 1292 639 καὶ
1345 584 1474 646 τοὺς
1504 584 1822 658 ἀνθρώπους
1853 584 2027 643 αὐτοῐό⁴

2150 587 2338 660 legato
2371 593 2571 660 mittit,
2604 595 2702 650 sed
2735 598 2911 654 nudis
2945 579 3236 658 mandatis
3266 610 3324 659 et
3354 579 3799 677 signiﬁcationi-

356 672 492 730 Καὶ
523 672 577 728 εἷ’
610 673 706 747 μὲν
741 673 884 729 ἐστιν
927 695 980 729 τι
1029 672 1250 752 ὀφεῖλον
1300 671 1611 744 λαληθῆναι
1644 672 1695 728 ἒν
1731 679 1845 736 τοῖς
1879 686 2027 747 μεθο·

2147 680 2256 736 bus
2286 681 2544 740 oralibus
2575 685 2873 754 invitatur,
2908 694 2972 744 ut
2997 707 3126 746 cum
3162 671 3716 763 ﬁduciafhilaritate
3747 702 3803 754 et

358 761 552 836 ρίοις,
586 763 860 831 λαλεῖται,
883 768 980 818 τοῦ
1010 762 1279 838 ἄρχοντος
1307 767 1404 818 τοῦ
1436 758 1704 834 Νησίϐιος
1736 764 1898 838 μέχρι
1930 769 2027 818 τῶι

2150 784 2252 840 per
2300 771 2483 826 otium
2532 773 2590 827 in
2634 774 2842 832 Urbem
2876 779 3081 833 veniat.
3119 780 3334 838 Missus
3376 758 3573 855 itaque
3606 793 3801 841 noster

357 851 663 926 μεθορίων
692 853 828 926 μετὰ
856 852 1110 922 πλήθους
1152 857 1374 926 Περσῶν
1423 853 1820 928 συνερχομένου
1851 851 2027 908 αὐτοῦ.

2149 872 2283 912 cum
2316 858 2502 930 legato
2543 862 2770 920 Persico
2802 865 3062 923 Nisibina
3090 886 3360 940 egressus
3395 851 3498 928 iter
3527 879 3584 929 et
3615 875 3802 930 dedu-

351 941 439 998 Εἰ
496 939 562 996 δὲ
619 943 693 1016 μὴ
757 939 1010 997 λαλεῖταί
1063 940 1116 996 τί
1163 962 1315 1009 ποτε,
1364 943 1453 996 καὶ
1511 941 1684 1003 οὕτως
1715 939 1798 996 δεῖ
1826 943 2027 1000 πάντως

2149 946 2400 1002 ctionem
2433 949 2560 1018 ejus
2593 954 2864 1008 instituit.
2896 955 3106 1027 Legato
3130 939 3220 1013 illi
3253 977 3552 1017 occurrere
3584 965 3642 1018 in
3667 981 3797 1019 con-

353 1029 665 1086 συνελθεῖν
717 1029 880 1087 αὐτὸν
936 1030 1074 1103 μετά
1122 1029 1394 1101 πλήθους,
1443 1032 1534 1086 καὶ
1587 1035 1694 1086 τῶν
1753 1031 2027 1103 Ῥωμαίων.

2149 1033 2306 1089 ﬁniis
2335 1035 2544 1091 debent
2575 1041 2820 1108 praefecti
2858 1043 3021 1100 Daraa
3052 1063 3183 1102 cum
3210 1049 3495 1106 militibus
3516 1052 3637 1106 suis
3655 1070 3796 1122 prae-

347 1117 548 1174 αὖστὸν
604 1114 1140 1194 παραλαμϐανόντων
1198 1120 1283 1173 καὶ
1359 1121 1491 1182 τοὺς
1554 1120 1808 1181 συνόντας
1869 1120 2027 1192 αὐτῷ,

2148 1123 2422 1193 sidiariis,
2455 1126 2768 1199 ipsumque
2815 1131 3286 1209 famulitiumque
3329 1141 3456 1209 ejus
3509 1114 3793 1211 excipere.

347 1204 469 1262 δεῖ
525 1208 658 1270 τοὺς
724 1206 954 1270 λοιποὺς
1011 1208 1304 1281 ἀπομεῖναι
1361 1212 1469 1264 τῶν
1525 1213 1740 1283 Ηερσῶν
1807 1207 1859 1263 έν
1923 1213 2027 1268 τοῖς

2147 1215 2235 1280 Ει,
2270 1215 2318 1268 si
2350 1215 2484 1285 quid
2515 1232 2661 1286 opus
2690 1223 2778 1273 est
2803 1220 2860 1273 in
2895 1223 3161 1279 conﬁniis
3191 1204 3416 1282 inonevri
3448 1204 3794 1300 atque-con-

347 1302 672 1372 Περσικοῖς
739 1297 952 1368 τόποις,
1000 1299 1087 1352 καὶ
1140 1297 1300 1352 αὐτὸν
1353 1297 1516 1371 μόνον
1571 1297 1704 1370 μετὰ
1761 1302 1870 1352 τῶν
1916 1319 2027 1352 συν-

2147 1301 2261 1357 dici
2310 1305 2381 1358 ab
2415 1318 2525 1358 una
2557 1304 2805 1361 alterave
2837 1313 3018 1378 parte,
3044 1311 3098 1364 id
3133 1315 3492 1385 transigitur,
3528 1297 3793 1386 praal'ecto

347 1386 560 1442 όντων
623 1385 884 1443 έΐσελθεῐν
952 1386 1028 1449 εἰς
1092 1387 1155 1441 τὸ
1235 1388 1408 1461 Δάρας
1466 1387 1555 1441 καὶ
1624 1394 2027 1460 θεραπευθῆναι.

2146 1390 2420 1446 Nisibinaa
2452 1408 2586 1448 cum
2611 1411 2854 1450 numero
2885 1396 3188 1454 Persarum
3223 1402 3294 1456 ad
3326 1385 3575 1459 conﬁnia
3607 1421 3794 1476 usque

348 1476 660 1547 ΙῘροσήκει
695 1473 752 1530 δὲ
782 1476 909 1536 τοὺς
960 1472 1223 1552 ἄρχοντας
1269 1479 1367 1530 τοῦ
1415 1475 1584 1549 Δάρας
1625 1474 1842 1542 πολλὴν
1874 1477 2027 1549 ἀγρυ-

2144 1479 2404 1551 legatum
2464 1483 2798 1538 comitante.
2833 1485 2892 1539 Si
2941 1503 3074 1542 vero
3116 1489 3258 1543 nihil
3292 1491 3406 1545 tale
3441 1472 3794 1548 monendum

346 1563 543 1620 πνίαν
609 1566 699 1619 καὶ
750 1565 1012 1638 πρόνοιαν
1067 1566 1362 1632 ποιεῖσθαι,
1416 1563 1554 1618 ὥστε
1622 1565 1697 1636 μή
1769 1565 2027 1639 προφάσει

2143 1575 2432 1641 suppetat,
2456 1577 2684 1642 oportet
2713 1573 3091 1632 nihilominus
3125 1585 3317 1634 tamen
3341 1583 3676 1651 praefectum
3697 1583 3793 1637 Ni-

347 1658 478 1710 τοῦ
546 1649 881 1729 πρεσϐευτοῦ
945 1657 1054 1728 (63)
1113 1653 1326 1724 πλῆθος
1386 1660 1603 1728 Περσῶν
1649 1653 2027 1724 συνεισελθεῖν,

2143 1659 2346 1715 sibine
2383 1676 2514 1714 cum
2548 1660 2782 1716 cohorte
2813 1680 3051 1719 suorum
3075 1683 3208 1721 eum
3240 1649 3527 1737 comitari,
3579 1671 3793 1725 Roma-

350 1745 522 1800 κατὰ
571 1745 736 1818 μέρος
790 1742 1249 1814 ἐπακολουθῆσαι,
1306 1742 1397 1798 καὶ
1455 1741 1606 1815 δόλῳ
1635 1749 1901 1818 κρατῆσαι
1931 1744 2027 1812 τὴν

2144 1749 2352 1819 nisque
2383 1748 2634 1820 legatum
2667 1755 2723 1805 et
2753 1752 2878 1821 ejus
2911 1753 3150 1808 comites
3182 1757 3614 1826 excipientibus,
3643 1763 3793 1816 retro

357 1834 571 1894 πόλιν.
614 1832 786 1891 Ἀλλὰ
813 1832 1012 1888 τούτου
1041 1836 1138 1887 τοῦ
1192 1833 1389 1907 μέρους
1421 1831 1639 1902 πολλὴν
1668 1834 1925 1906 πρόνοιαν
1980 1834 2032 1886 οἱ
2067 1869 2114 1932 Β

363 1924 647 2002 ἃρχοντες
707 1922 923 2003 ὢφελον
981 1928 1275 1993 ποιεῖσθαι,
1352 1924 1439 1978 καὶ
1513 1923 1572 1978 ἐκ
1628 1927 1725 1977 τοῦ
1791 1925 2038 2001 ἆσυμφα-

362 2019 508 2078 νοῦς
537 2017 653 2085 (64)
684 2012 1058 2088 ἐγρηγορέναι,
1088 2015 1178 2068 καὶ
1223 2013 1508 2090 φυλάττειν
1538 2013 1601 2068 τὸ
1634 2020 1827 2087 σχῆμα
1854 2018 2036 2071 τοῦτο.

367 2105 452 2163 Οἱ
481 2102 728 2160 δουκικοὶ
760 2100 817 2157 δὲ
847 2103 982 2157 κατᾶ
1029 2103 1091 2156 τὸ
1134 2101 1326 2166 εἰωθὸς
1353 2103 1416 2156 τὸ
1447 2100 1742 2174 δαπάνημα
1781 2104 1877 2169 τῆς
1909 2100 2037 2157 ὁδοῦ

377 2195 551 2269 μέχρι
626 2197 735 2247 τῶν
809 2189 1030 2246 ένταῦθα
1101 2193 1325 2265 ἡμερῶν
1382 2192 1459 2266 ργ’
1515 2193 1626 2263 (65)
1683 2187 2033 2246 ἐπιδιδόασιν.

374 2286 654 2341 Τοσαῦται
721 2283 826 2357 γὰρ
864 2279 916 2351 ἐξ
956 2279 1135 2355 ἀρχῆς
1176 2281 1485 2354 ὡρίσθησαν
1538 2280 1714 2354 ἀρκεῖν
1757 2285 1834 2352 τῷ
1871 2300 2038 2355 πρεσ-

381 2367 548 2446 ϐευτῇ
598 2372 826 2440 ἀνιόντι,
866 2368 956 2424 καὶ
1005 2372 1262 2424 τοσαῦται
1312 2368 1548 2428 ἀπιόντι.
1599 2370 1780 2424 Ἐστιν
1844 2367 1898 2423 δὲ
1947 2367 2037 2425 ὅτε

389 2458 631 2535 βραδύνῃ
666 2459 716 2515 ἐν
747 2465 816 2533 τῇ
845 2455 979 2530 ὁδῷ,
1011 2458 1102 2512 καὶ
1132 2455 1342 2512 κελεύει
1373 2459 1401 2512 ὁ
1436 2458 1714 2531 βασιλεὺς,
1746 2457 1837 2512 καὶ
1867 2479 2036 2532 προσ-

389 2553 536 2620 θήκη
585 2549 728 2620 αὖτῷ
772 2548 998 2623 γίνεται.
1045 2548 1109 2604 Ἦ
1161 2543 1218 2601 δὲ
1262 2551 1460 2620 γνῶσις
1497 2551 1604 2601 τῶν
1637 2544 2033 2619 ἔπιδεδομένων

387 2637 542 2708 αὖ)τῷ
597 2636 814 2706 σώζεται
873 2635 924 2690 ἐν
988 2639 1067 2706 τῷ
1124 2634 1346 2709 σκρινίιρ
1403 2639 1511 2690 τῶν
1575 2629 2033 2710 βαρϐάρων

392 2725 496 2784 Καὶ
530 2722 716 2802 βέρεδα
743 2727 856 2798 (67)
897 2721 955 2778 δὲ
984 2723 1121 2778 κατὰ
1147 2723 1213 2779 τὰ
1255 2722 1433 2778 πάκτα
1462 2725 1600 2796 (68),
1632 2722 1718 2777 ἐπὶ
1751 2726 2038 2779 Κωνσταν-

391 2815 543 2869 τίνου
642 2814 885 2890 ἐπάρχου
942 2813 1292 2887 πραιτωρίων
1348 2811 1641 2889 γενομένου
1717 2811 2031 2883 ἂπενεμήθη

383 2902 533 2974 αὖτῷ
581 2900 754 2973 πέντε,
810 2903 900 2956 καὶ
958 2906 1070 2972 ζῶα
1129 2900 1194 2956 λ’.
1248 2902 1309 2958 Ὀ
1363 2897 1420 2954 δὲ
1472 2898 1747 2974 βασιλεὺς,
1783 2899 1868 2954 ἐὰν
1898 2896 2030 2973 θέλῃ

374 2991 696 3067 θεραπεῦσαι
730 2989 912 3059 αὐτὸν,
945 2989 1090 3045 πολὺ
1137 2989 1304 3045 πλέον
1354 2989 1504 3061 αὐτῷ
1535 2989 1684 3060 αὐτῷ
1713 2987 2030 3057 ἐπιδοθῆναι

376 3080 612 3138 κελεύει.
648 3080 714 3135 Εἴ
743 3079 801 3135 δὲ
849 3079 995 3135 θέλει
1039 3080 1128 3134 καὶ
1173 3085 1404 3152 σιμῆσαι
1452 3077 1636 3145 αὐτὸν,
1677 3081 1788 3152 χρὴ
1821 3077 2032 3150 πέμψαι

374 3171 467 3226 καὶ
500 3168 746 3239 δέξασθαι
777 3167 936 3224 αὐτὸν
988 3165 1077 3222 διὰ
1121 3181 1271 3229 τινος
1319 3172 1426 3221 τῶν
1469 3166 1909 3238 εὐϋπολήμπτων
1944 3164 2031 3222 ἐπὶ

374 3229 646 3315 Γαλατίαν
706 3259 796 3314 καὶ
856 3254 1240 3312 Καππαδοκίαν
1292 3256 1380 3310 καὶ
1435 3257 1644 3331 θρέψαι·
1699 3229 1924 3328 ’δμοίως
1973 3229 2106 3309 δὶα

370 3347 586 3422 πέμψαι
634 3347 728 3403 καὶ
775 3345 852 3410 εἷς
903 3347 1131 3402 Νίκαιαν
1183 3346 1274 3400 καὶ
1334 3344 1526 3418 θρέψαι
1563 3344 1654 3398 καὶ
1687 3347 2027 3416 θεραπεῦσαι.

372 3442 465 3492 Δεῖ
525 3433 582 3491 δὲ
637 3434 732 3490 καὶ
784 3435 878 3490 τὸν
937 3434 1258 3508 μάγιστρον,
1317 3430 1622 3507 ἐρχομένου
1683 3431 1851 3485 αὐτοῦ
1907 3432 2031 3505 περὶ

373 3525 737 3600 ’Δντιόχειαν,
784 3524 997 3598 πέμψαι
1067 3521 1449 3597 μαγιστριανὸν
1504 3517 1794 3597 ὀφείλοντα
1859 3520 2031 3574 ἀπαν-

367 3617 535 3684 τῆσαι
583 3615 674 3670 καὶ
729 3611 1064 3678 ἀσπάσασθαι
1119 3610 1304 3679 αὑτὸν,
1351 3609 1441 3665 καὶ
1487 3613 1696 3675 μαθεῖν,
1746 3611 1862 3669 πῶς
1914 3605 2030 3662 δια-

2143 1837 2202 1892 in
2236 1839 2376 1892 locis
2408 1837 2681 1893 dictionis
2734 1840 2979 1896 Persicae
3031 1859 3161 1897 cum
3195 1843 3367 1915 globo
3399 1863 3501 1900 suo
3534 1863 3788 1916 manere,

2148 1929 2460 1996 solumque
2476 1926 2726 1998 legatum
2747 1945 2878 1984 cum
2895 1932 3174 1987 comitatu
3195 1950 3300 1987 suo
3319 1933 3376 1987 in
3396 1935 3593 1990 urbem
3609 1935 3789 1991 Daras

2148 2015 2374 2086 ingredi
2423 2019 2480 2069 et
2523 2033 2556 2070 a
2597 2017 2809 2072 nostris
2846 2018 2925 2072 ibi
2958 2019 3203 2090 dignum
3257 2022 3477 2076 cultum
3510 2023 3785 2094 accipere.

2146 2103 2305 2158 Darae
2338 2104 2587 2175 prefecti
2621 2105 2773 2160 inter
2803 2106 2923 2161 haec
2955 2108 3111 2178 vigili
3144 2125 3282 2165 cura
3313 2110 3789 2181 circumspiciunt

2146 2197 2520 2265 caveantque,
2555 2210 2625 2250 ne
2655 2194 2765 2249 sub
2797 2201 3075 2266 praetextu
3106 2197 3275 2269 legali
3308 2199 3620 2255 multitudo
3651 2205 3788 2255 Per-

2147 2299 2341 2338 sarum
2374 2283 2551 2337 simul
2582 2283 2645 2338 in
2674 2285 2876 2338 urbem
2910 2284 3106 2352 intret,
3131 2291 3231 2340 aut
3253 2303 3350 2357 per
3374 2296 3560 2357 partes
3592 2287 3789 2344 subse-

2146 2376 2377 2442 quatur,
2411 2376 2467 2426 et
2513 2372 2594 2427 sic
2633 2372 2772 2427 urbe
2807 2373 3123 2442 potiantur.
3167 2375 3332 2429 Hunc
3376 2377 3566 2445 itaque
3596 2377 3788 2431 locum

2145 2459 2454 2530 diligenter
2483 2459 2843 2530 solliciteque
2877 2462 3247 2517 meminerint
3278 2463 3549 2532 praefecti,
3598 2465 3790 2520 obser-

2144 2554 2394 2620 ventque
2438 2550 2636 2604 Persas
2697 2554 2914 2606 attento
2964 2550 3150 2617 oculo,
3194 2551 3656 2620 dissimulanter,
3728 2557 3791 2607 ut

2145 2637 2200 2692 id
2237 2639 2392 2709 ugeri
2419 2638 2490 2693 ab
2524 2638 2662 2709 ipsis
2693 2655 2810 2694 non
2857 2639 3390 2709 deprehendantur.
3431 2640 3626 2696 Ducici
3659 2642 3790 2711 [hoc

2145 2731 2230 2782 est
2259 2726 2523 2782 homines
2557 2727 2624 2780 ad
2659 2727 2918 2782 officium
2943 2729 3157 2782 ducum
3194 2727 3421 2782 illorum
3444 2729 3786 2794 thematum,

2145 2831 2248 2887 per
2268 2831 2394 2885 quae
2425 2817 2700 2885 trajectus
2733 2816 2814 2884 fit,
2838 2816 3214 2887 pertinentes]
3245 2817 3540 2887 impensas
3562 2816 3790 2871 itineris

2143 2904 2214 2958 ad
2247 2903 2398 2959 hanc
2430 2920 2616 2974 usque
2647 2903 2855 2959 Urbem
2892 2909 3201 2976 augustam
3235 2905 3290 2960 in
3325 2910 3558 2960 centum
3591 2914 3642 2960 et
3671 2910 3790 2961 tres

2141 2993 2266 3048 dies
2297 2997 2589 3063 praestant.
2624 2994 2734 3047 Tot
2773 2992 2928 3048 enim
2961 2994 3030 3047 ab
3064 2993 3227 3049 initio
3258 2995 3455 3048 statim
3488 2999 3546 3048 et
3575 2995 3702 3064 jam
3757 3011 3790 3047 a

2141 3078 2313 3152 longo
2361 3086 2614 3150 tempore
2649 3081 2846 3135 statuti
2887 3081 3122 3136 fuerunt
3153 3087 3209 3136 et
3248 3082 3518 3152 imputati
3551 3083 3675 3136 dies
3703 3081 3784 3136 le-

2140 3173 2296 3241 gato,
2320 3173 2440 3224 tam
2464 3168 2622 3223 illinc
2645 3168 2779 3235 huc,
2804 3185 2979 3241 quam
3006 3169 3292 3224 hincilluc
3317 3169 3592 3225 tendenti.
3618 3172 3792 3225 Inter-

2139 3259 2280 3314 dum
2311 3263 2504 3313 tamen
2529 3274 2717 3314 moras
2749 3259 2806 3313 in
2828 3259 2917 3314 via
2940 3259 3121 3314 trahit
3150 3267 3204 3314 et
3237 3258 3368 3330 plus
3388 3259 3666 3326 temporis
3686 3260 3793 3313 im-

2142 3346 2341 3418 pendit
2365 3364 2376 3376 ·
2403 3347 2662 3417 adeoque
2692 3345 2920 3401 indultu
2954 3347 3322 3417 imperatoris
3351 3348 3604 3412 additur,
3636 3349 3788 3418 quod

2141 3435 2390 3489 excurrit
2431 3435 2845 3503 impensarum.
2895 3436 3051 3490 238
3103 3435 3321 3490 Notitia
3359 3452 3490 3490 vero
3521 3436 3607 3490 vel
3638 3436 3790 3490 ind.-

2141 3520 2308 3577 culus
2338 3521 2394 3575 in
2417 3537 2551 3575 eum
2576 3521 2972 3592 impensorum
2993 3522 3303 3591 deponitur
3323 3523 3706 3578 asservandus
3728 3523 3788 3577 in

2142 3610 2356 3666 scrinio
2388 3611 2792 3666 barbarorum.
2816 3611 3228 3666 Attribuuntur
3256 3609 3446 3682 legato
3469 3611 3787 3667 secundum

1407 3739 1606 3795 JOAN.
1649 3738 1796 3794 JAC.
1837 3736 2100 3793 REISKII
2137 3735 2721 3794 COMMENTARIUS.

443 3869 558 3940 (63)
613 3867 854 3940 Egregie
927 3867 1084 3922 hunc
1145 3865 1338 3922 locum
1398 3863 1657 3918 illustrat
1710 3861 2024 3934 Procopius

373 3941 606 3997 Hcesch.
640 3957 698 4010 p.
729 3940 820 3994 85.

447 4013 560 4082 (64)
590 4012 684 4067 Sic
715 4009 848 4066 novi
877 4007 1063 4082 Grmci
1091 4005 1549 4082 prodwvénrou.
1583 4005 1772 4082 ljicet.
1809 4021 1864 4074 p.

368 4076 489 4141 vid.
516 4083 855 4154 Theophan.
883 4098 938 4154 p.
970 4076 1564 4154 329,'Cedre_n.p.673_,
1587 4076 1815 4154 S_cylit_z.

371 4153 652 4242 Συμφανές
681 4146 808 4224 ’ριιο
851 4146 1116 4205 σῦνοπτον
1151 4156 1252 4206 aut
1280 4146 1512 4231 ἐμφανὲς
1546 4149 1719 4202 habet
1745 4147 2022 4229 Polybius

371 4242 431 4273 η-
465 4229 568 4273 1η8
597 4226 690 4273 ad-
716 4225 892 4273 Gron-
915 4227 1230 4273 Nunquam
1262 4236 1377 4273 non
1409 4235 1466 4273 in
1499 4219 2024 4273 compositionibus

370 4242 431 4298 p.
456 4225 568 4282 7158
597 4226 690 4280 ed.
716 4225 892 4280 Gron.
915 4227 1230 4293 Nunquam
1262 4236 1377 4274 non
1409 4225 1466 4274 in
1499 4225 2024 4289 compositionibus

375 4298 668 4353 alternant
715 4293 775 4369 ,ἐν
825 4300 892 4369 et
937 4293 1052 4369 σὺν.
1085 4292 1271 4347 Verba
1299 4289 1388 4343 καὶ
1417 4287 1703 4369 φυλάττειν
1736 4288 1797 4369 to
1831 4293 2027 4369 σχῆμα

367 4371 536 4422 τοῦτο
571 4368 766 4424 nescio
796 4366 898 4437 qui
943 4367 1158 4420 factum
1193 4369 1255 4418 ut
1285 4361 1522 4432 prorsus
1554 4361 1930 4431 praeterierim
1966 4361 2024 4414 in
2057 4396 2102 4460 Β

368 4439 587 4460 '_.:_:-
616 4459 624 4460 ,
682 4439 869 4460 J-l.---.
923 4437 1063 4460 ιη..-
1109 4435 1348 4460 ι...Ι.;ι....-.
1380 4433 1543 4460 Ιιηηι.
1589 4432 1843 4460 L-A.‘I..An
1897 4435 2028 4460 ηηηη

368 4439 627 4508 Latinis;
675 4432 869 4493 debent
917 4437 1063 4492 hunc
1105 4435 1351 4508 habitum
1380 4433 1543 4502 (cette
1584 4432 1860 4497 habitude,
1895 4435 2028 4486 cette

373 4512 721 4584 manauere)
755 4523 964 4584 semper
991 4513 1045 4562 et
1067 4507 1271 4576 ubique
1299 4519 1533 4559 servare.
1601 4573 1635 4584 Η
1707 4571 1720 4584 .
1745 4572 1782 4584 υ

447 4583 560 4652 (65)
591 4572 766 4636 Miror
794 4572 880 4652 tot
896 4580 1054 4652 dies,
1089 4572 1202 4652 tres
1243 4591 1385 4652 pene
1420 4590 1551 4630 cum
1582 4572 1822 4652 dimidio
1850 4587 2026 4652 men-

378 4643 472 4725 ses
493 4643 666 4725 legati
697 4650 1031 4725 Pers_ici_pe_r
1050 4643 1551 4725 Asiam’minorem‘
1584 4644 1775 4725 itineri
1795 4659 1828 4696 a
1849 4643 2025 4725 Dares

375 4723 511 4780 inde
542 4716 730 4794 usque
767 4723 844 4796 ad
889 4716 1325 4796 Hellespontum
1353 4716 1666 4796 imputari,
1697 4730 1836 4796 cum.
1861 4721 2026 4796 anna

376 4785 668 4866 Comnena
715 4793 933 4848 scribat
960 4785 1218 4866 Alesiad.
1251 4805 1308 4859 p.
1344 4789 1472 4866 169,
1495 4789 1587 4866 ab
1617 4785 1922 4866 Antiochia
1949 4785 2023 4866 ad

375 4867 622 4922 Niceam
652 4865 807 4920 intra
835 4868 961 4919 octo
992 4863 1116 4917 dies
1149 4856 1452 4930 perveniri.
1495 4857 1670 4930 Finge
1710 4857 1764 4930 id
1799 4856 2023 4910 veredis

379 4936 677 5008 dispositis
700 4935 863 4990 nulla
882 4935 1105 4989 dierum
1123 4928 1637 5009 pectiu_mque_fieri
1654 4928 1862 5009 quiete,
1885 4942 2022 5007 eon-

373 4999 600 5064 tinuato
613 5023 808 5063 cursu.
833 5011 1102 5060 Attamen
1123 4999 1447 5057 Busbekius
1467 4999 1592 5053 CPli
1615 5001 1684 5051 ad
1709 4999 2020 5064 Amasiam,

373 5097 496 5150 quas
528 5093 671 5134 sane
710 5078 865 5133 haud
900 5073 1370 5150 multum__abest_
1396 5067 2023 5150 Aii_astasi_t)poli,.intra

375 5139 637 5206 mensem
667 5165 731 5204 se
786 5149 1015 5204 venisse
1043 5143 1239 5211 tradit,
1281 5143 1526 5214 epistola
1554 5141 1594 5195 l.
1643 5139 1817 5194 Debet
1847 5139 2025 5210 igitur

376 5223 585 5276 vitium
618 5220 834 5275 nostris
857 5217 1112 5274 numeris
1133 5217 1342 5270 inesse.

445 5293 556 5363 (66)
625 5291 733 5347 Ubi
785 5291 998 5346 chartas
1049 5286 1451 5363 ad_ba_rbaros
1494 5284 1820 5363 spectantes
1866 5281 2018 5363 jace-

376 5353 517 5420 bant
539 5353 600 5419 et
630 5363 1098 5417 asservabantur.
1142 5355 1420 5412 Latissimi
1452 5355 1706 5408 ambitus
1753 5367 1859 5405 vox
1891 5353 2022 5405 bar-

373 5436 520 5491 bari.
562 5433 774 5489 Graecis
831 5432 1076 5487 vetustis
1126 5427 1493 5504 signiﬁcabat
1517 5437 1748 5504 omnes
1774 5429 1831 5477 et
1868 5422 2020 5487 illos,

373 5508 469 5576 qui
497 5509 692 5560 Graace
731 5520 846 5576 non
894 5495 1285 5576 loquerent'pr,
1337 5503 1396 5552 et
1433 5496 1527 5563 qui
1573 5495 1752 5576 Greci
1785 5510 2018 5576 nones-

377 5571 507 5634 sent
543 5575 874 5648 sanguinis,
918 5571 1150 5648 etiamsi
1181 5571 1373 5648 Grieco
1404 5580 1675 5648 sermone
1704 5571 2019 5648 uterentur,

376 5652 444 5704 ut
463 5638 831 5703 Macedones.
855 5638 1070 5701 Latinis
1092 5640 1341 5696 vetustis
1367 5638 1684 5694 audiebant
1698 5638 1780 5690 sic
1798 5652 2019 5700 omnes,

384 5719 483 5791 qni
517 5718 718 5774 Latine
747 5733 866 5773 non
891 5714 1184 5772 cellarent.
1215 5710 1515 5780 Byzantini
1544 5708 1814 5778 deinceps
1843 5705 2022 5764 (Ξτωεὶ

2133 3861 2218 3916 sic
2274 3861 2335 3915 in
2385 3861 2574 3931 specie
2631 3861 3000 3932 appellabant
3050 3860 3216 3915 initio
3246 3866 3468 3928 Persas,
3521 3863 3785 3930 tempore

2173 3942 2256 3986 ost
2291 3933 2607 3987 Saracenos
2643 3951 2658 4000 ;
2699 3933 2883 3986 Latini
2931 3933 3214 4002 praecipue
3245 3933 3615 3986 Germanoso.
3652 3932 3782 3987 Vid.

2175 4002 2342 4071 cript.
2380 4008 2508 4073 post
2550 4003 2887 4072 Theophan.
2934 4001 3018 4074 7p.
3050 4003 3174 4056 835.
3204 4073 3207 4074 ν
3232 4003 3549 4074 ’[Germani
3607 4001 3783 4057 iidem

2133 4090 2201 4128 ac
2227 4074 2495 4139 barbari;
2529 4074 2790 4130 Goldast.
2824 4076 2894 4128 ad
2930 4073 3237 4144 Eginhard.
3268 4091 3323 4143 p.
3356 4073 3538 4143 l62.]'

2206 4144 2318 4215 (67)
2368 4149 2515 4200 Sunt
2563 4146 2690 4214 equi
2733 4143 2998 4198 curribus
3039 4144 3225 4213 juncti
3257 4153 3311 4198 et
3342 4143 3660 4215 prasertim
3694 4143 3780 4197 illi

2134 4217 2194 4269 in
2216 4214 2396 4271 ’usum
2431 4233 2634 4271 cursus
2669 4215 2907 4285 publici,
2941 4231 3035 4284 per
3066 4220 3257 4269 certas
3280 4214 3561 4268 stationes
3592 4214 3785 4283 dispo-

2134 4286 2248 4350 siti,
2300 4302 2528 4356 sempcr
2581 4286 2791 4357 promti
2835 4292 2892 4342 et
2945 4287 3151 4356 parati.
3189 4285 3312 4357 Non
3361 4290 3447 4339 est
3477 4301 3583 4339 vox
3630 4301 3783 4357 ave-

2134 4357 2330 4428 hendo,
2383 4358 2536 4428 quod
2583 4356 2797 4425 putant
2843 4356 3229 4424 grammatici,
3271 4356 3780 4428 sediGermanica.

2144 4427 2370 4483 Veteres
2404 4427 2686 4483 Germani
2717 4430 2878 4496 per-ed
2923 4444 3023 4496 pro
3073 4442 3220 4498 equo
3262 4427 3782 4498 dicebant.rBelgas

2137 4498 2326 4553 adhuc
2381 4499 2556 4554 Paerd
2613 4499 2837 4559 dicunt,
2880 4513 2986 4552 nos
3031 4497 3198 4565 Pferd
3238 4497 3407 4567 paulo
3456 4497 3675 4552 durius.
3706 4497 3779 4550 Ἀ

2137 4568 2439 4624 Germanis
2469 4570 2526 4622 id
2567 4570 2915 4622 vocabulum
2947 4568 3016 4621 ad
3047 4573 3339 4622 Romanos
3370 4569 3697 4634 Thracicos,
3729 4575 3782 4622 et

2135 4640 2406 4711 deinceps
2438 4641 2508 4694 ad
2527 4640 2762 4711 Arabes
2793 4639 3023 4706 transit,
3055 4640 3154 4709 qui
3186 4638 3356 4693 Barid
3387 4654 3621 4711 cursum
3671 4655 3782 4708 pu-

2135 4709 2356 4765 blicum
2377 4710 2684 4778 appellant.
2708 4711 2782 4781 in
2814 4711 2984 4779 cujus
3010 4711 3166 4764 vocis
3197 4709 3543 4781 etymologia
3581 4724 3783 4778 gram-

2137 4781 2332 4836 matici
2375 4781 2603 4835 Arabici
2636 4780 2798 4835 valde
2839 4797 2901 4836 se
2950 4780 3270 4848 macerant,
3315 4797 3502 4850 neque
3544 4787 3777 4834 mirum.

2133 4851 2256 4907 Erit
2303 4853 2372 4906 de
2402 4852 2510 4906 hoc
2556 4853 2623 4906 ad
2659 4851 3002 4907 Abulfedam
3048 4852 3276 4906 dicendi
3321 4851 3503 4912 locus,
3535 4851 3606 4902 ad
3639 4866 3777 4906 ann.

2130 4926 2201 4979 6O
2257 4925 2405 4996 [Chr.
2432 4924 2582 4996 7680)
2611 4939 2744 4996 quo
2788 4925 2868 4996 ait
2923 4924 3233 4996 Moaviam‘
3260 4921 3491 4996 obiisse,
3525 4919 3622 4996 qui
3657 4920 3779 4996 pri-

2135 4987 2272 5050 mus
2295 4995 2445 5064 apud
2495 4987 2710 5049 Arabes
2759 4995 2810 5046 al
2844 4995 3036 5053 Barid,
3085 4991 3146 5045 τὸ
3182 4987 3395 5064 βέρεδον
3522 4987 3613 5064 cev
3652 4989 3773 5064 ρξἑα

2132 5060 2380 5140 δρόμονξ-
2405 5065 2744 5140 instituerit,
2785 5081 2950 5140 quem
2988 5060 3453 5140 Muhammedani
3486 5060 3777 5140 principes

2133 5131 2449 5211 permulta
2479 5136 2708 5211 saecula,
2733 5131 3261 5211 'et'adhucsieculo
3305 5148 3407 5186 xui
3447 5131 3772 5199 servabant,

2132 5204 2231 5266 sed
2272 5214 2336 5263 ut
2367 5208 2550 5276 regale
2582 5205 3040 5278 privatonemini
3074 5204 3319 5258 licitum.

2202 5282 2316 5350 (68)
2345 5272 2516 5334 Pacta
2563 5272 2700 5334 sunt
2739 5277 2880 5350 alias
2908 5277 3145 5350 tributa,
3181 5291 3309 5350 quae
3349 5288 3465 5350 una
3499 5286 3656 5350 gens
3680 5272 3773 5350 al-

2131 5343 2236 5408 teri
2267 5343 2334 5406 ex
2379 5357 2542 5419 pacto
2580 5355 2636 5404 et
2664 5347 2929 5419 condicto
2973 5346 3163 5419 debet.
3192 5347 3301 5419 Hic
3331 5343 3633 5419 suntipsa
3677 5346 3774 5419 toc-

2132 5425 2289 5489 dera,
2323 5413 2674 5487 contractus,
2703 5416 3266 5489 stipulationeSrlta
3311 5413 3550 5489 annales
3599 5413 3775 5489 Berti-

2134 5485 2295 5549 niani
2345 5495 2407 5546 A.
2457 5493 2563 5544 812
2613 5485 2875 5556 {Legati
2921 5485 3200 5540 Michaelis
3249 5487 3321 5539 ad
3377 5485 3633 5556 Carolum
3702 5485 3770 5542 M.

2129 5565 2288 5619 missi
2331 5561 2668 5633 Aquisgrani
2694 5554 2973 5633 scriptum
3016 5556 3377 5633 pacti_ab.eo
3416 5554 3773 5633 suseipientes

2134 5650 2280 5691 more
2308 5625 2426 5701 sub,
2470 5625 2527 5687 id
2575 5635 2652 5687 est
2685 5625 2883 5699 lingua
2912 5632 3123 5696 Graeca,
3172 5626 3359 5682 laudes
3411 5627 3463 5682 ei
3492 5625 3766 5683 dixerunt.
