4138 6298
420 415 534 477 731

1487 411 2016 474 CONSTANTINI
2061 409 2759 473 PORPHYROGENITI

3714 407 3826 468 732

420 550 614 606 siones
655 553 712 606 et
741 551 929 623 ipsius
956 555 1014 606 et
1043 550 1394 607 famulorum
1422 550 1550 619 ejus
1590 549 1743 618 usui,
1776 553 1832 604 et
1869 550 2058 620 cptio-

2180 544 2312 600 κατά
2357 545 2639 600 πιττάκιον
2690 545 2802 618 (78)
2850 547 2948 599 τοῦ
2998 541 3300 618 μαγίστρου
3350 540 3605 610 ἀπολύει,
3645 543 3768 611 ἤτοι
3801 545 3827 598 6

421 655 555 694 nem
588 640 969 696 barbarorum
1006 639 1253 706 mittere,
1284 638 1510 710 ipsique
1531 654 1815 710 expensas
1833 651 2069 693 enume-

421 744 548 782 rare
579 729 767 800 legato
800 746 901 800 per
929 728 1091 783 illum
1117 728 1270 782 diem
1304 727 1516 794 diesve,
1541 743 1687 801 quos
1709 726 2068 782 Chalcedone

421 817 826 889 transigendos
841 816 1128 882 habuerit,
1155 815 1461 878 faciendas,
1477 821 1533 870 et
1553 816 1726 870 simul
1753 833 1853 886 per
1874 815 2065 886 ipsum

423 909 592 962 xenia
621 924 720 962 seu
764 907 1116 962 munuscula
1147 923 1248 977 pro
1291 906 1453 961 felice
1491 907 1741 961 adventu
1785 906 2066 978 peregrini

421 995 595 1051 amici
627 997 856 1052 mittere
897 1015 912 1065 ;
954 997 1054 1050 sed
1089 1000 1143 1050 et
1183 996 1432 1060 mittere,
1475 995 1575 1066 qui
1612 1012 1734 1063 suo,
1779 995 2061 1066 magistri.

420 1085 654 1141 nomine
679 1085 956 1156 legatum,
989 1085 1424 1155 quamprimum
1469 1083 1781 1156 appulerit,
1822 1084 2072 1139 salutent

420 1176 478 1228 et
507 1173 879 1244 interrogent,
904 1173 1195 1244 quomodo
1217 1173 1533 1240 advenerit,
1557 1178 1613 1227 et
1645 1189 1781 1227 num
1804 1173 2074 1242 aegrimo-

422 1262 581 1317 niam
629 1263 982 1330 injuriamve
1032 1267 1088 1318 et
1134 1261 1571 1317 incommodum
1623 1279 1827 1333 passus
1877 1262 2070 1318 fuerit.

423 1351 632 1418 Verbo,
665 1352 831 1407 decet
863 1352 1202 1422 magistrum
1237 1367 1339 1421 pro
1366 1350 1514 1405 virili
1551 1367 1658 1406 sua
1688 1351 1875 1422 legato
1907 1357 2075 1424 grata

423 1440 618 1496 omnia
643 1447 700 1494 et
729 1440 916 1495 amica
937 1440 1128 1495 officia
1160 1444 1451 1510 praestare.
1490 1443 1618 1511 ipsa
1649 1442 1707 1496 in
1736 1442 1878 1497 urbe
1909 1458 2076 1512 opor-

423 1533 504 1585 tet
544 1533 822 1584 metatum
865 1545 965 1584 seu
1024 1529 1388 1584 mansionem
1437 1530 1563 1598 ejus
1608 1530 1844 1602 dignam
1887 1530 2074 1601 ipsius

424 1633 674 1688 persona
702 1622 758 1674 et
789 1618 1174 1688 multitudini,
1193 1635 1370 1689 quam
1394 1635 1586 1674 secum
1611 1619 1808 1689 trahit,
1839 1635 2074 1677 accom-

430 1709 726 1763 modatam
786 1709 1112 1778 praeparari,
1165 1709 1222 1763 in
1263 1724 1381 1779 qua
1411 1712 1619 1779 praesto
1651 1710 1768 1764 sint
1804 1708 2073 1781 grabbati

425 1812 525 1852 seu
560 1795 713 1861 lecti,
745 1800 801 1851 et
830 1801 1107 1852 stromata
1139 1813 1241 1852 seu
1282 1797 1572 1868 stragulas,
1615 1803 1673 1852 et
1711 1797 1926 1853 clibani
1970 1813 2073 1853 seu

425 1883 601 1953 furni,
637 1893 689 1940 et
718 1885 892 1941 arulas
945 1901 1045 1941 seu
1089 1886 1281 1954 foculi,
1323 1890 1380 1942 et
1427 1902 1639 1942 mensas
1669 1891 1726 1942 et
1772 1903 1958 1958 operas
1999 1887 2073 1942 ad

2173 632 2566 708 σακκελλάριος
2597 637 2694 688 τοῦ
2729 632 3019 708 βασιλέως*
3073 635 3183 705 (νῦν
3234 632 3338 706 γὰρ
3387 630 3462 692 εἷς
3508 630 3668 685 αὐτὸν
3697 653 3825 703 μετ-

2172 719 2378 796 ηνέχθη
2433 725 2466 792 ἡ
2529 723 2688 797 χρεία
2811 723 2878 776 τὰ
2935 719 2993 775 δὲ
3040 716 3341 795 κραϐϐάτια
3380 720 3468 774 καὶ
3501 719 3702 798 σκύιρια
3731 723 3821 774 καὶ

2171 811 2429 886 τραπέζια
2483 812 2572 866 καὶ
2629 806 2886 866 κλιϐάνια
2937 811 3029 865 καὶ
3088 811 3292 885 χύτρας
3344 811 3372 863 6
3422 804 3670 887 ἔπαρχος
3732 817 3830 878 τῆς

2175 899 2389 962 πόλεως
2446 899 2698 970 ἀπολύει,
2757 899 2922 954 πάλιν
2979 901 3114 954 κατὰ
3177 900 3462 954 πιττάκιον
3510 903 3609 952 τοῦ
3662 898 3828 973 μαγί-

2176 1011 2357 1065 στρου.
2392 991 2502 1052 Τὰς
2531 987 2589 1044 δὲ
2619 987 2894 1064 ἀροῦλλας
2928 990 2980 1044 οἱ
3009 993 3116 1044 τῶν
3155 983 3433 1068 φαϐρίκων
3471 989 3517 1023 ¹⁴
3550 989 3831 1062 παρέχου-

2176 1100 2256 1133 σιν
2298 1081 2431 1153 (79).
2483 1079 2880 1151 Ἀπονέμονται
2941 1075 2999 1133 δὲ
3046 1078 3195 1149 αὐτῷ
3227 1077 3375 1152 παρά
3418 1081 3516 1131 τοῦ
3574 1076 3824 1151 ἐπάρχου

2175 1167 2266 1222 καὶ
2298 1166 2487 1241 ὅπερες
2511 1165 2570 1222 ἐκ
2597 1167 2705 1222 τῶν
2741 1164 3057 1237 καπηλείων
3088 1168 3220 1238 (80).
3254 1165 3356 1222 Καὶ
3404 1162 3487 1219 δεῖ
3534 1165 3597 1219 τὸ
3659 1164 3830 1239 βαλα-

2177 1260 2317 1310 νεῖον
2377 1260 2472 1310 τοῦ
2530 1254 2687 1310 οἴκου
2745 1254 2951 1310 ἐκείνου
3001 1257 3136 1328 (81),
3196 1252 3250 1308 ἐν
3307 1254 3353 1325 ᾧ
3406 1251 3599 1326 μέλλει
3634 1254 3821 1325 οἰκεῖν,

2180 1347 2590 1418 ἑτοιμασθῆναι,
2621 1343 2657 1414 ἤ
2688 1347 2751 1400 τὸ
2781 1343 3016 1414 πλησίον
3050 1344 3234 1411 αὐτοῦ,
3267 1344 3379 1410 ἳνα,
3414 1342 3502 1398 ὅτε
3550 1344 3831 1418 βούλεται,

2179 1435 2268 1488 καὶ
2312 1435 2474 1497 αὐτὸς
2519 1435 2608 1489 καὶ
2677 1434 2729 1488 οἱ
2799 1435 2914 1506 μετ’
2961 1432 3123 1488 αὐτοῦ
3175 1430 3455 1500 λούονται,
3505 1433 3597 1487 καὶ
3653 1432 3838 1496 αὐτοῖς

2185 1523 2374 1595 μόνοις
2403 1522 2665 1599 σχολάζει
2694 1524 2756 1576 τὸ
2808 1521 3113 1597 βαλανεῖον.
3161 1520 3261 1577 Καὶ
3307 1519 3433 1576 ἐπὰν
3461 1519 3829 1595 καταπλεύσῃ,

2181 1609 2264 1666 δεῖ
2289 1615 2380 1666 τὸν
2415 1613 2712 1688 μάγιστρον
2743 1612 2952 1684 πέμψαι
3002 1608 3324 1684 βασιλικοὺς
3361 1610 3586 1673 ἳππους⁶
3621 1608 3834 1681 (δίδωσι

2180 1702 2236 1758 δὲ
2283 1703 2480 1766 αὐτοὺς
2529 1705 2556 1759 6
2605 1704 2899 1776 σπαθάριος
2948 1707 3044 1758 τοῦ
3096 1702 3413 1778 βασιλέως)
3460 1701 3551 1757 καὶ
3583 1697 3834 1777 δέχονται

2179 1792 2340 1848 αὐτὸν
2399 1792 2458 1848 ὲκ
2514 1793 2620 1848 τῶν
2679 1789 2987 1866 δρομόνων,
3044 1793 3134 1846 καὶ
3192 1791 3557 1871 ἀποφέρουσιν
3616 1791 3696 1854 είς
3744 1793 3834 1847 τὸν

2179 1881 2326 1936 οἶκον
2387 1882 2574 1938 αὐτοῦ.
2635 1880 2737 1937 Καὶ
2797 1879 2951 1942 εὐθὺς
3028 1879 3232 1952 πέμπει
3295 1881 3324 1935 6
3388 1881 3685 1955 μᾶγιστρος
3740 1882 3830 1935 καὶ

424 1989 634 2044 aquam
668 1976 1058 2045 aggerendam
1091 1979 1148 2030 et
1164 1975 1277 2031 alia
1310 1975 1876 2045 praestandasordida
1904 1976 2072 2030 mini-

2180 1972 2468 2043 ἀσπάζεται
2515 1972 2700 2037 αὐτὸν,
2746 1971 2836 2026 καὶ
2883 1968 3051 2025 πάλιν
3091 1969 3266 2045 ἐρωτᾷ
3313 1970 3500 2042 αὐτὸν,
3549 1976 3670 2034 πῶς
3720 1967 3830 2027 διε-

421 2061 612 2120 steria.
647 2063 948 2130 Stragulas
978 2063 1208 2134 quidem
1243 2063 1383 2120 olim
1415 2065 1750 2120 extradebat
1766 2068 1822 2120 et
1847 2070 2073 2134 praesta-

423 2151 521 2206 bat
550 2167 746 2207 comes
778 2153 1131 2222 privatorum
1163 2153 1234 2208 ad
1269 2152 1532 2217 magistri
1576 2155 1919 2209 mandatum
1953 2154 2073 2226 pit—

427 2238 551 2294 acio
601 2240 691 2294 vel
741 2239 1023 2295 schedula
1078 2241 1190 2296 sibi
1243 2242 1565 2296 exhibenda
1627 2242 2014 2314 perscriptum
2055 2260 2068 2298 :

426 2343 584 2383 nunc
615 2329 892 2382 translata
923 2333 1012 2384 est
1043 2329 1160 2384 haec
1191 2346 1330 2386 cura
1361 2330 1422 2385 in
1452 2330 1854 2387 saccellarium
1887 2332 2072 2403 impe-

421 2417 649 2472 ratoris.
685 2417 886 2474 Lectos
917 2423 1110 2474 autem
1140 2425 1196 2475 et
1225 2420 1474 2492 scyphos
1507 2425 1562 2475 et
1593 2437 1825 2476 mensas
1855 2427 1912 2477 et
1939 2423 2073 2478 fur-

422 2521 528 2562 nos
554 2514 606 2562 et
645 2506 792 2562 ollas
825 2508 1127 2576 praefectus
1159 2508 1321 2563 urbis
1353 2513 1603 2580 prestat,
1627 2515 1684 2564 et
1708 2510 1826 2580 ipse
1849 2527 2074 2582 quoque

416 2595 489 2649 ad
533 2595 839 2663 pittacium
884 2596 1165 2666 magistri.
1203 2601 1379 2652 Focos
1410 2605 1596 2652 autem
1631 2603 1908 2667 prestant
1940 2617 2076 2669 pras-

417 2682 554 2737 fecti
594 2683 944 2737 fabricarum
988 2684 1308 2755 [armorum
1369 2685 1730 2756 publicarum
1771 2704 1975 2758 nempe
2020 2693 2078 2744 et

419 2786 725 2842 operarum
791 2771 1133 2845 fabrilium].
1194 2775 1348 2830 234
1402 2775 1712 2830 Praefectus
1763 2777 1923 2834 urbls
1963 2779 2074 2850 ipsi

421 2875 672 2932 quoque,
696 2859 886 2931 legato
918 2866 1077 2930 puta,
1114 2879 1322 2934 operas
1347 2880 1378 2920 ο
1399 2863 1652 2920 tabernis
1679 2865 1766 2920 vel
1797 2868 2078 2939 cauponis

421 2947 655 3003 sufficit.
687 2948 872 3003 Etiam
897 2948 1166 3006 balneum
1191 2951 1350 3007 illius
1384 2953 1614 3020 domus,
1639 2970 1814 3024 quam
1842 2953 2079 3010 inhabi-

421 3037 566 3092 tabit
591 3037 831 3108 legatus,
857 3046 956 3092 aut
978 3039 1184 3095 saltem
1208 3042 1429 3105 vicinas,
1455 3046 1719 3112 paratum
1741 3059 1868 3098 esse
1885 3044 2074 3109 debet.

423 3143 538 3198 quo
565 3133 623 3180 et
654 3128 796 3196 ipse,
830 3131 1294 3201 quandocunque
1332 3130 1588 3199 libuerit,
1621 3137 1679 3188 et
1707 3133 1831 3203 ejus
1872 3133 2074 3188 famuli

2181 2063 2351 2132 σώθη.
2411 2061 2621 2132 Ηὲμπει
2681 2057 2737 2114 δὲ
2791 2061 2941 2132 αὐτῷ
3007 2060 3099 2115 καὶ
3150 2060 3289 2130 ξὲνια
3345 2057 3433 2115 διὰ
3486 2065 3583 2116 τοῦ
3643 2061 3837 2116 ὀπτίο-

2179 2173 2290 2221 νος,
2365 2151 2397 2206 ἃ
2474 2149 2750 2225 βούλεται·
2817 2151 2893 2212 ὡς
2938 2148 3028 2206 ἒπὶ
3101 2148 3246 2204 πολὺ
3321 2146 3380 2205 δὲ
3444 2150 3536 2205 καὶ
3613 2151 3642 2204 6
3709 2148 3838 2224 πρέ-

2182 2237 2327 2304 σϐεις
2398 2241 2624 2314 πέμπει,
2697 2241 2788 2295 καὶ
2864 2240 3254 2309 ἀντασπάζεται
3336 2240 3427 2294 τὸν
3509 2239 3833 2317 μάγιστρον.

2183 2332 2280 2386 Καὶ
2392 2330 2504 2408 χρὴ
2580 2330 2670 2385 τὸν
2748 2330 3044 2404 μάγιστρον
3147 2326 3394 2398 δέξασθαι
3483 2329 3668 2398 ἠπίως
3741 2330 3835 2384 τὸν

2183 2419 2484 2496 ἐρχόμενον
2549 2419 2640 2474 καὶ
2708 2416 2895 2474 δοῦναι
2969 2416 3352 2490 ἀνταπόκρισιν
3419 2414 3688 2490 ἁρμοδίαν
3759 2421 3839 2490 τῷ

2185 2509 2476 2581 ἀσπασμῷ.
2525 2507 2702 2578 Δηλοῖ
2750 2504 2808 2562 δὲ
2855 2507 3001 2577 αὗτῷ
3049 2503 3139 2560 διὰ
3181 2510 3278 2560 τοῦ
3319 2505 3523 2560 οἰκείου
3553 2507 3843 2581 ἀνθρώπου

2185 2599 2213 2652 6
2264 2596 2584 2672 μάγιστρος,
2630 2597 2713 2650 ὅτι
2768 2620 2793 2648 ς(
2826 2595 3154 2665 Ἀνάκτησαι
3201 2595 3417 2662 σαυτὸν,
3466 2595 3559 2649 καὶ
3603 2593 3694 2650 ὅτε
3724 2617 3846 2648 συν-

2187 2690 2314 2762 ορᾷς
2382 2688 2515 2758 (82),
2572 2683 2886 2759 ἀσπάζομαί
2955 2704 3031 2741 σε.
3085 2707 3113 2736 ››
3187 2683 3442 2745 Κάκεῖνος
3501 2688 3570 2758 τῇ
3625 2684 3748 2754 ἑξῆς
3809 2685 3845 2752 ἤ

2189 2777 2322 2849 μετᾶ
2356 2774 2481 2848 μίαν
2514 2772 2842 2850 προμηνύει,
2894 2772 2985 2828 καὶ
3033 2771 3254 2848 ἔρχεται
3291 2771 3381 2828 καὶ
3430 2772 3727 2842 ἀσπάζεται
3758 2774 3848 2828 τὸν

2190 2867 2510 2941 μάγιστρον,
2541 2864 2630 2918 καὶ
2663 2861 2878 2938 δέχεται
2920 2861 3084 2918 αὖτὸν
3130 2863 3236 2918 ἀπὸ
3283 2862 3552 2935 στόματος
3585 2864 3718 2934 (83),
3750 2863 3843 2918 καὶ

2187 2953 2362 3028 ἐρωτᾷ
2415 2952 2576 3007 αὐτὸν
2621 2952 2648 3005 ὁ
2707 2953 3004 3026 μάγιστρος
3052 2951 3159 3027 πρὸ
3206 2950 3420 3005 πάντων
3467 2951 3591 3025 περί
3639 2957 3744 3020 τῆς
3778 2951 3842 3006 ὑ-

2185 3043 2333 3117 γείας
2396 3046 2493 3095 τοῦ
2565 3039 2832 3115 βασιλέως
2902 3043 3012 3112 (84)
3070 3040 3259 3110 αὐτοῦ,
3321 3037 3504 3095 ἔπειτα
3559 3040 3652 3094 καὶ
3718 3041 3845 3114 περὶ

2185 3135 2292 3186 τῶν
2323 3129 2524 3185 τέκνων
2571 3133 2668 3184 τοῦ
2733 3128 3000 3204 βασιλέως
3056 3131 3223 3185 αὐτοῦ
3274 3129 3364 3185 καὶ
3415 3130 3540 3204 περὶ
3596 3134 3706 3185 τῶν
3739 3129 3842 3205 ἂρ-

420 3214 604 3270 lavari
638 3223 877 3286 queant,
908 3223 966 3272 et
992 3219 1262 3274 balneum
1288 3220 1537 3276 habeant
1558 3221 1670 3277 sibi
1693 3221 1830 3278 solis
1853 3223 2072 3293 privum

2190 3220 2402 3297 χόντων
2457 3231 2545 3275 καί
2602 3221 2726 3291 περί
2784 3227 2882 3290 τῆς
2944 3219 3112 3276 αὐτοῦ
3169 3219 3258 3274 καὶ
3319 3223 3415 3275 τοῦ
3465 3219 3623 3274 οἳκου
3675 3217 3840 3276 αἱ)τοῦ

425 3308 486 3359 et
515 3320 744 3360 vacans.
781 3307 1038 3378 Appulso
1079 3309 1150 3364 ad
1194 3308 1333 3366 litus
1375 3310 1536 3366 urbis
1580 3311 1810 3367 obviam
1852 3313 2072 3367 mittere

2193 3295 2391 3385 ὑγείας,
2425 3311 2513 3364 καὶ
2542 3314 2659 3372 πῶς
2691 3308 2847 3379 ἦλθε,
2905 3311 2980 3383 μή
3029 3309 3081 3365 τί
3128 3329 3259 3364 ποτε
3297 3307 3348 3366 ἐν
3398 3312 3468 3383 τῇ
3521 3307 3633 3382 ὁδῷ
3665 3308 3843 3366 ἐσιάν-

1767 3408 2010 3465 VARUE
2049 3408 2359 3466 LECTION
2367 3409 2469 3466 ES.

498 3498 544 3534 ί⁴
574 3499 786 3558 ΣΧΟΛ.
815 3505 1044 3576 τεχνῶν.

1446 3605 1648 3662 JOAN.
1689 3606 1836 3663 JAC.
1889 3606 2153 3664 REISKII
2187 3605 2776 3664 COMMENTARIUS.

497 3695 610 3780 (7‘8)
650 3697 1017 3780 ':[I_’iu_ac_ium
1094 3703 1182 3780 est
1225 3700 1544 3780 _sche<_l‘ula_.
1608 3707 1877 3780 Anastas,
1939 3719 2070 3780 pag.

429 3765 601 3846 104.]7'
650 3765 782 3824 Vid.
808 3771 1068 3846 _8alm‘as.
1112 3771 1185 3827 ad
1222 3772 1342 3828 Scr.
1395 3777 1463 3828 H.
1509 3778 1656 3846 Aug.
1697 3778 1740 3828 t.
1768 3773 1827 3846 1,7
1940 3765 2072 3842 91?,

424 3839 702 3919 Greatest:
747 3839 827 3919 (ad
878 3843 1076 3919 dein.
1130 3846 1357 3919 p.162.
1414 3839 1713 3919 Ιηῐθςρῖοῐε
1764 3839 2073 3919 ad'PetroL

428 3911 613 3971 nium.
659 3913 762 3986 Est
798 3931 830 3966 δ
868 3911 1038 3979 πὲτω,
1078 3911 1282 3984 πέτάω,
1340 3911 1612 3986 expando,
1653 3913 1838 3985 πὲταξ,
1880 3915 2074 3970 πεττά-

425 4000 564 4058 κιον,
597 3982 902 4058 πιττάκιον.
947 3987 1109 4041 Unde
1141 3982 1374 4058 quoque
1407 3982 1572 4042 novis
1621 3982 1832 4041 Griecis
1863 3985 1992 4041 πίτα
2018 3994 2077 4044 et

425 4052 592 4130 πίττα
621 4065 711 4115 est
741 4057 894 4111 idem
918 4067 1101 4130 atque
1134 4052 1400 4127 πλακοῦς,
1436 4059 1712 4128 placenta,
1763 4063 2076 4130 utrumque

429 4142 462 4181 a
492 4126 683 4196 plano,
721 4128 970 4198 repando
1002 4126 1058 4182 et
1089 4127 1221 4198 lato.

503 4192 616 4271 (79)
649 4192 1016 4272 Ραὺιῖίεοηδεδ,
1059 4197 1110 4251 oi
1151 4192 1528 4272 φᾳϐρικήσιοι,
1570 4198 1667 4267 qui
1701 4199 1773 4254 ad
1817 4200 2077 4272 publicas

432 4267 682 4340 fabricas
734 4270 1042 4340 pertinent,
1091 4267 1271 4324 et'in'
1303 4269 1376 4324 iis
1415 4269 1705 4335 laborant,
1745 4267 1845 4326 aut
1901 4271 2076 4328 etiam

432 4337 681 4408 fabricas
720 4337 984 4408 publicas
1033 4340 1272 4395 faciunt.
1313 4340 1461 4396 Sunt
1500 4339 1654 4396 enim
1696 4341 1927 4398 fabricis
1976 4349 2080 4400 aut

428 4407 697 4484 officinas,
720 4407 779 4465 in
811 4411 1026 4484 quibus
1045 4427 1210 4468 arma
1238 4417 1295 4468 et
1325 4411 1439 4468 alia
1469 4411 1603 4467 talia
1635 4413 1866 4484 publica
1905 4431 2081 4479 opera

431 4483 780 4556 condebant,
832 4482 1187 4553 parabantur
1227 4502 1240 4550 ;
1303 4493 1400 4539 aut
1440 4485 1569 4555 ipsa
1607 4482 1780 4556 opera
1827 4485 2076 4556 publica,

429 4553 696 4629 aedilicia.
726 4570 909 4629 arma.
941 4558 1050 4610 etc.
1083 4559 1203 4612 Hoc
1229 4571 1403 4612 sensu
1432 4553 1716 4629 accipitur
1736 4553 1894 4629 apud
1928 4553 2082 4612 Lam-

429 4623 578 4700 prid.
633 4625 795 4700 Alex.
839 4625 1027 4700 Sever.
1077 4631 1115 4682 t.
1165 4629 1208 4700 _I,
1253 4631 1373 4683 Scr.
1423 4623 1578 4684 Ilist:
1631 4623 1883 4700 AugIgp.
1925 4630 2078 4686 921:

427 4695 722 4770 uectigalia
744 4697 1070 4752 civitatibus
1106 4697 1178 4770 ad
1193 4695 1463 4770 proprias
1492 4695 1753 4770 fabrica;
1779 4699 2079 4770 deputavit,

433 4767 489 4821 id
521 4773 610 4823 est
642 4770 878 4842 remisit,
915 4773 976 4823 ut
1004 4783 1072 4823 ex
1101 4769 1173 4825 iis
1206 4767 1439 4842 possent
1469 4767 1643 4842 opera
1675 4767 1905 4842 publica
1937 4771 2086 4838 ﬁeri,

433 4840 870 4914 restaurariuet
926 4841 1263 4914 sustentari.
1323 4840 1782 4898 Confquther.
1843 4859 1897 4912 p.
1957 4843 2084 4914 614,

435 4911 695 5038 ῗρῖτοιι.
737 4912 920 4967 Gloss.
962 4911 1224 4977 Cedreni,
1265 4917 1351 4967 Du
1391 4914 1582 4986 Gange
1626 4914 1813 4971 Gloss.
1845 4911 1987 4968 ’Lat.
2029 4911 2082 4970 νζ

477 5001 512 5038 a
554 4998 708 5038 ricae.

477 4998 708 5040 αονισῶν.

504 5055 615 5125 (80)
675 5055 818 5109 Puto
868 5049 1146 5126 καπηλεῖα
1197 5068 1324 5126 esse
1368 5053 1623 5126 hospitia
1683 5054 1938 5124 publica,
1992 5059 2082 5111 ta-

433 5123 645 5181 bernas
677 5126 809 5180 vino
840 5130 898 5179 et
927 5123 1061 5196 aliis
1090 5124 1416 5196 liquoribus
1438 5123 1777 5182 vendendis.
1803 5126 2084 5191 Qualibus

433 5197 491 5252 in
524 5198 748 5252 uadibus
781 5212 915 5251 cum
948 5195 1126 5252 multa
1154 5195 1274 5251 sint
1298 5199 1540 5265 agenda,
1575 5197 1776 5253 multis
1808 5214 1957 5265 opus
1987 5198 2079 5265 sit,

436 5273 501 5323 ut
527 5269 584 5322 in
619 5268 966 5340 hominuum
1001 5268 1345 5339 frequentia.
1381 5267 1666 5340 ministris
1701 5274 1759 5324 ct
1785 5268 2081 5340 vigilibus,

435 5340 608 5395 credo
663 5339 1034 5396 consuevisse
1092 5357 1124 5395 a
1178 5339 1525 5396 terhanuriis
1589 5356 1620 5396 e
1679 5339 1954 5410 ‘praatorio
2010 5341 2082 5396 ad

438 5411 681 5467 diurnos
715 5429 858 5468 usus
889 5414 1103 5482 petitos
1135 5411 1318 5467 fuisse
1352 5429 1451 5481 pro
1483 5413 1745 5468 mercede
1775 5411 1831 5465 in
1876 5411 2082 5466 fiscum

437 5483 743 5538 inferenda
761 5485 1017 5554 captivos
1039 5484 1358 5539 Saracenos
1380 5489 1435 5539 et
1453 5483 1616 5546 alios,
1641 5483 1731 5554 ad,
1748 5483 2084 5552 purgandae

442 5555 593 5609 edes
617 5553 846 5624 aliaque
861 5555 1092 5610 sordida
1110 5556 1430 5626 ministeria
1451 5553 1796 5626 peragenda,
1813 5557 2088 5626 quemad-

442 5626 684 5680 modum
727 5626 916 5697 adhuc
957 5626 1129 5681 hodie
1169 5625 1296 5682 CPli
1333 5625 1542 5697 captivi
1579 5625 1888 5682 Christiani
1925 5641 1956 5681 e
1996 5641 2084 5681 se-

440 5699 600 5765 ptem
631 5697 713 5751 sic
744 5696 916 5770 dictis
949 5697 1202 5752 turribus
1244 5696 1462 5770 petenti
1493 5697 1700 5770 cuique
1737 5698 1808 5752 ad
1842 5697 2086 5753 diurnas

440 5780 646 5836 operas
686 5767 1124 5836 permittuntur,
1179 5767 1285 5840 pro
1327 5767 1867 5838 mercede‘statuta,
1910 5785 2086 5842 quam

2182 3701 2393 3773 captivi
2436 3701 2547 3773 ipsi
2581 3702 2828 3772 pendere
2857 3717 2964 3758 suo
2993 3701 3221 3773 custodi
3263 3705 3321 3756 et
3358 3701 3562 3758 aerario
3602 3701 3838 3773 publico

2183 3772 2415 3840 debent,
2447 3772 2556 3827 sub
2580 3789 2878 3844 vesperam
2911 3772 3156 3828 vinculis
3185 3773 3550 3830 restituendi.
3588 3773 3747 3829 ldem
3780 3772 3841 3828 in

2185 3845 2557 3917 nostratibus,
2577 3861 2810 3917 quoque
2844 3845 3168 3915 majoribus
3211 3844 3457 3917 urbibus
3485 3845 3619 3917 ﬁeri
3669 3844 3841 3911 solet,

2185 3915 2286 3971 ubi
2318 3915 2562 3970 malefici
2591 3915 2986 3982 asservantur,
3029 3917 3262 3971 aternis
3303 3915 3552 3972 vinculis
3590 3923 3645 3970 et
3687 3921 3845 3971 stru-

2185 3991 2367 4112 3“!le
2397 3986 2769 4110 c‘astellorum
2800 3987 3167 4058 aliorumque
3196 3987 3565 4059 publicorum
3598 4002 3843 4059 operum

2226 4075 2288 4112 es
2319 4074 2416 4112 ina
2445 4074 2482 4112 t.

2226 4058 2482 4113 estinati.

2259 4127 2369 4200 (81)
2407 4128 2614 4201 Adhuc
2657 4129 2824 4201 hodie
2863 4129 2994 4184 CPli
3035 4133 3174 4184 sunt
3214 4132 3416 4200 prater
3454 4129 3693 4184 balneas
3733 4146 3846 4201 pu—

2187 4199 2371 4256 blicas
2393 4200 2642 4256 etiamin
2666 4200 2891 4254 adibus
2916 4199 3228 4270 lautiorum
3246 4201 3556 4270 hominum
3582 4199 3842 4270 privata,

2186 4273 2319 4334 quia
2366 4277 2423 4326 et
2471 4272 2532 4326 in
2586 4271 2833 4342 publicis
2884 4274 3104 4342 σαπρῶς
3156 4269 3397 4337 λούεται,
3451 4277 3515 4327 ut
3564 4269 3709 4327 scite
3767 4271 3849 4327 ait

2186 4342 2482 4412 Epictetus
2512 4343 2666 4413 apud
2700 4345 3035 4409 Arrianum,
3061 4348 3119 4398 et
3145 4344 3318 4398 aliam
3352 4359 3578 4413 quoque
3607 4344 3681 4398 ob
3713 4358 3848 4399 cau-

2187 4429 2334 4486 sam,
2367 4413 2440 4469 ob
2469 4429 2646 4485 quam
2670 4414 2875 4470 nolunt
2895 4415 3087 4470 mariti
3114 4431 3316 4471 uxores
3340 4430 3480 4470 suas
3505 4416 3577 4469 ad
3607 4413 3846 4486 publica

2186 4484 2414 4539 lavacra
2445 4484 2791 4541 cummeare.
2863 4486 3078 4541 Tutum
3144 4486 3304 4543 enim
3371 4502 3485 4540 non
3553 4484 3662 4554 est,
3733 4484 3847 4551 Qui

2115 4561 2158 4626 ο
2190 4556 2338 4626 scire
2368 4557 2548 4624 cupit,
2580 4556 2752 4611 adeat
2783 4557 3054 4613 Busbekii
3085 4556 3386 4626 epistolam
3421 4557 3670 4612 tertiam.

2261 4625 2388 4698 (82)
2465 4625 2706 4690 Quando
2762 4627 2938 4696 voles,
2994 4625 3229 4698 quando
3291 4628 3673 4698 commodum
3737 4627 3845 4682 tibi

2192 4697 2385 4770 fuerit,
2417 4698 2963 4770 quandocensebis.
2996 4697 3231 4769 Proprie
3261 4699 3508 4770 quidem,
3533 4703 3624 4755 est
3661 4697 3845 4770 idem,

2192 4767 2349 4840 quod
2386 4767 2548 4838 alter,
2593 4769 2805 4834 videre,
2846 4767 3123 4826 censere;
3146 4771 3254 4827 Sed
3279 4767 3293 4770 “
3319 4769 3413 4824 hic
3454 4769 3636 4825 nihilo
3685 4769 3843 4840 plus,

2191 4839 2366 4912 quam
2397 4839 2646 4912 simplex
2675 4840 2802 4914 ὁρᾷν
2840 4845 3021 4914 notat.
3052 4843 3222 4914 Amat
3251 4841 3312 4914 _in
3365 4856 3645 4914 novorum
3685 4839 3846 4914 Gym-

2191 4911 2390 4995 eorum
2423 4911 2828 4995 sermone'oov
2859 4911 2922 4995 i‘n
2965 4912 3303 4995 compositis
3316 4911 3678 4995 .reduudare.
3721 4911 3847 4968 Imo

2191 4985 2413 5055 συνορᾷν
2444 4983 2566 5053 jam
2601 4984 2750 5056 Lyco
2775 4983 3157 5055 philosophus
3188 4983 3336 5038 dixit
3350 4984 3504 5108 apud
3531 4983 3846 5108 Diogenem

2191 5055 2382 5110 Laert.
2419 5072 2472 5125 p.
2503 5055 2631 5122 306,
2662 5055 2716 5110 8.
2753 5057 2989 5111 Veteres
3031 5060 3228 5110 tamen
3267 5074 3385 5107 συνι
3425 5073 3499 5108 ειν
3553 5071 3649 5110 ma
3674 5054 3850 5110 ebant

2191 5097 2382 5196 ἑῖιῖἕὶιῖ
2409 5097 3236 5198 ἕᾴνέξᾷὗ.”ὸοήἴ”ἶιῖεό“ῥῖέἕ.
3268 5097 3356 5198 ἰῖί
3372 5097 3506 5196 Ξὲἑὶ,
3553 5097 3704 5194 ’ἕοῖῖ
3710 5097 3850 5182 "1531

2189 5197 2318 5253 vel].
2349 5198 2562 5252 Justiu.
2598 5214 2654 5269 p.
2693 5197 2776 5252 12.

2263 5269 2370 5338 (83)
2397 5269 2559 5341 idem
2587 5264 2766 5341 fquqd
2804 5271 3024 5341 veteres
3059 5265 3171 5341 iii-ub
3205 5264 3487 5341 γλώσσης,
3535 5267 3714 5341 verbis
3755 5283 3850 5341 ore

2185 5335 2431 5422 ρνριαίξξ
2474 5357 2488 5405 ;
2537 5335 2790 5422 δέχεσθαι
2831 5337 2938 5422 ᾇπὸ
2978 5335 3269 5422 στόματος,
3312 5335 3560 5422 aliquem
3605 5338 3849 5422 alioqui}?

2189 5408 2275 5464 vel
2307 5408 2937 5502 cqtloquio'praasentcm
2969 5408 3236 5502 excipere,
3257 5408 3261 5409 ί
3286 5408 3604 5502 opponitur
3631 5412 3711 5479 τῷ
3733 5408 3846 5502 ἀπο

2191 5486 2407 5566 γραφῆς
2460 5483 2547 5538 vel
2595 5483 2903 5554 μηνύσεως,
2947 5499 3072 5537 cum
3110 5484 3292 5553 aliqua
3341 5499 3439 5565 per
3489 5483 3705 5564 littera:
3743 5485 3848 5537 aut

2190 5557 2603 5636 migrantium
2645 5571 2828 5636 agerc.
2873 5554 3007 5636 ξᾼπὸ
3064 5549 3261 5621 λέξεως
3298 5554 3445 5609 dixit
3491 5552 3848 5623 Nicephorus

2190 5624 2619 5708 B’?,Y§9E-..‘?i5£°
2655 5624 2711 5708 pl-
2751 5626 2926 5708 19:3-

2265 5697 2374 5767 (84)
2410 5697 2536 5752 Vid.
2570 5695 2735 5754 Cont.
2767 5695 3027 5769 Theoph.
3061 5713 3115 5768 p.
3149 5697 3239 5751 60.
