4136 6302
239 428 397 493 733
1219 432 1323 491 DE
1367 430 1820 493 CEBIMONIIS
1863 433 2100 494 AULIE
2144 436 2618 501 BYZANTINIE
2659 441 2814 501 LIB.
2860 441 2910 500 Ι.
3667 443 3788 503 Ἶ34

241 566 358 635 θη,
426 565 532 637 μή
606 566 686 620 τί
725 585 856 622 ποτε
910 560 1272 640 παρελείφθη,
1315 564 1405 618 καὶ
1468 563 1618 637 λέγει
1665 561 1748 617 ὅτι
1807 586 1835 615 ι(
1887 565 2028 620 Ἐκε-

2145 570 2315 627 debet
2345 575 2619 646 magister
2657 573 2988 645 imperiales
3017 588 3224 644 equos,
3258 587 3406 644 quos
3450 573 3784 644 spatharius

249 653 522 725 λεύσθη
543 676 681 727 μεν
727 655 873 730 παρὰ
907 657 1005 708 οοῦ
1063 647 1314 714 εὐσεϐοῦς
1346 653 1506 726 ἡμῶν
1543 650 1808 707 δεσπότου
1865 654 2028 708 πάντα

2141 658 2506 728 imperatoris
2539 666 2791 733 praestat.
2825 661 2892 716 Hi
2923 677 3057 716 eum
3091 660 3445 728 comitesque
3489 678 3519 716 e
3563 663 3787 734 dromo-

253 744 356 805 εἷς
423 746 790 818 θεραπείαν
841 763 936 797 σου
981 748 1230 810 ποιῆσαν
1282 740 1368 796 ἐὰν
1411 741 1507 795 οὗν
1579 741 1631 795 τί
1671 761 1803 795 ποτε
1865 762 2028 815 παρε-

2141 749 2316 805 nibus
2347 753 2726 809 escendentes
2758 752 3076 823 excipiunt,
3097 757 3152 807 et
3174 753 3410 806 domum
3437 769 3602 808 suam
3627 752 3784 808 defe-

252 833 554 904 λείφθη,
624 838 808 889 τοῦτο
865 832 1138 904 ἡμέτερόν
1199 829 1340 886 ἐστιν
1406 835 1670 903 πταῖσμα.
1741 831 1845 885 Καὶ
1925 851 2028 884 πα-

2141 842 2298 893 runt.
2323 838 2446 902 Quo
2479 842 2628 898 facto
2657 842 2933 911 magister
2955 842 3214 912 protinus
3231 857 3360 896 eum
3397 858 3497 913 per
3527 842 3783 914 legatum

265 920 722 999 ρακαλοῦμεν
776 923 916 994 ὑμᾶς
967 921 1082 994 (85)
1126 921 1267 991 μήτε
1334 919 1644 989 λυπηθῆναι
1711 921 1824 992 (86)
1891 916 2028 990 μηδὲ

2140 926 2376 993 salutat,
2409 934 2466 984 et
2493 931 2684 985 denuo
2717 935 3117 1001 percontatur,
3149 948 3266 1002 qua
3297 931 3522 987 ratione
3543 935 3600 987 et
3629 931 3782 986 satin

268 1018 678 1081 σιωπῆσαι,
702 1009 849 1066 ἀλλὰ
880 1008 1050 1064 εἰπεῖν
1081 1011 1242 1080 ἡμῖν,
1269 1005 1363 1062 τίνα
1393 1005 1684 1082 διόρθωσις
1721 1009 1964 1082 γένηται.
2002 1031 2028 1058 ››

2139 1031 2207 1070 ex
2235 1021 2366 1070 voto
2399 1019 2721 1072 conductus
2768 1035 2867 1088 per
2905 1019 3055 1074 viam
3089 1024 3146 1074 et
3176 1021 3290 1074 huc
3324 1019 3551 1074 delatus
3584 1021 3779 1075 fuerit.

272 1104 780 1176 ὶιροσκυνοῦσιν
833 1097 892 1154 δὲ
937 1099 1028 1153 τὸν
1089 1098 1385 1172 μάγιστρον
1427 1099 1518 1152 καὶ
1578 1099 1628 1151 οἱ
1683 1099 1797 1170 μετ’
1858 1096 2028 1150 αὐτοῦ

2139 1102 2484 1157 Munuscula
2507 1104 2680 1158 simul
2706 1105 3202 1161 heneventationis
3225 1105 3333 1177 ipsi
3366 1123 3464 1176 per
3485 1107 3778 1179 Optionem

269 1192 460 1253 ὅντες
531 1190 793 1260 πάντες,
835 1188 1114 1262 ῥίπτοντες
1143 1185 1364 1246 ἑαυτοὺς
1406 1184 1494 1241 ἐπὶ
1513 1190 1610 1240 τοῦ
1631 1183 1862 1263 ἐδάφους
1889 1187 2024 1260 (87).

2140 1190 2336 1260 mittit,
2389 1191 2582 1262 qualia
2628 1193 2928 1264 placuerit.
2982 1198 3058 1248 Ut
3109 1194 3422 1263 plurimum
3482 1212 3615 1250 vero
3653 1195 3779 1267 ipse

278 1278 404 1337 Καὶ
469 1278 592 1334 ὅτε
645 1276 782 1353 δόξῃ
832 1281 913 1349 τῷ
964 1275 1183 1350 βασιλεῖ
1224 1273 1468 1344 δέξασθαι
1509 1275 1694 1342 αὐτὸν,
1736 1273 1941 1348 πέμπει
1999 1278 2026 1329 ὁ

2139 1297 2371 1352 quoque
2402 1281 2628 1352 legatus
2653 1299 2756 1354 per
2778 1298 3017 1338 suorum
3048 1285 3360 1353 quemdam
3392 1285 3581 1339 reddit
3600 1284 3780 1357 magi-

285 1371 674 1444 μᾶγιστρος
739 1367 829 1421 καὶ
886 1362 1056 1434 δηλοῖ
1113 1363 1261 1436 αὐτῷ
1306 1365 1388 1418 ὅτι
1443 1388 1471 1416 ‹‹
1521 1363 1845 1436 ιἘκέλευσέν
1897 1385 1954 1418 σε
1999 1365 2026 1418 6

2139 1373 2254 1424 stro
2273 1369 2642 1426 salutationis
2658 1370 2845 1437 vices;
2868 1385 3038 1441 quem
3063 1370 3352 1441 hospitem
3372 1371 3776 1428 advenientem

286 1456 637 1526 ’δεσπότης
697 1453 980 1510 εἰσελθεῖν.
1038 1476 1064 1503 »
1119 1454 1237 1527 Χρή
1273 1451 1458 1507 δὲκαὶ
1507 1453 1600 1508 τὸν
1661 1450 1924 1522 δεσπότην
1976 1451 2028 1508 ἐν

2139 1459 2401 1529 magistri
2425 1463 2514 1514 est
2534 1459 2839 1514 commode
2858 1458 3225 1529 benigneque
3242 1459 3780 1530 excipere,respon—

293 1543 719 1617 Χαλκηδόνι,
766 1545 856 1599 καὶ
906 1543 1140 1618 ἐνταῦφα
1190 1542 1495 1618 ἐρχομένου
1558 1542 1750 1615 αὐτοῦ,
1815 1542 2026 1616 πέμψαι

2139 1562 2387 1617 sumque
2420 1547 2760 1602 salutationi
2790 1563 3112 1618 congruum
3147 1547 3407 1601 reddere.
3432 1548 3567 1611 Quae
3589 1554 3779 1602 autem

294 1633 724 1710 δηκουρίωνα
791 1635 876 1688 καὶ
937 1632 1275 1696 ἀσπάσασθαι
1348 1631 1505 1687 αὐτὸν
1577 1632 1666 1686 καὶ
1752 1631 2025 1706 ἐρωτῆσαι

2139 1637 2413 1708 magister
2458 1634 2648 1707 legato
2700 1652 2800 1706 per
2844 1636 3181 1691 ministrum
3215 1651 3390 1690 suum
3436 1634 3777 1690 familiarem

295 1727 450 1800 περὶ
503 1732 639 1794 τῆς
675 1721 856 1797 ὑγείας
894 1725 991 1776 τοῦ
1044 1720 1315 1794 βασιλέως
1362 1723 1552 1792 αὐτοῦ,
1584 1721 1825 1784 καὶπῶς
1867 1721 2024 1782 αὐτὸς

2139 1725 2385 1794 nuntiat,
2410 1724 2530 1779 haec
2560 1727 2734 1779 ferme
2763 1730 2925 1793 sunt.
2959 1725 3134 1780 Jubet
3174 1725 3364 1795 ipsum
3397 1724 3778 1792 animumque

302 1813 634 1885 διεσώθη.
675 1812 840 1869 Ἐπὰν
884 1809 942 1865 δὲ
991 1807 1223 1885 δέχηται
1277 1810 1455 1878 αὐτὸν,
1495 1809 1698 1883 πέμπει
1752 1811 1856 1866 ἀπὸ
1927 1811 2025 1884 ὀψὲ

2139 1818 2190 1868 et
2211 1829 2424 1885 corpus
2455 1814 2571 1868 otio
2605 1818 2662 1868 et
2692 1814 2882 1884 quiete
2914 1815 2986 1868 ab
3019 1814 3242 1867 itineris
3274 1813 3462 1867 taediis
3484 1818 3541 1867 et
3563 1813 3777 1885 fatigiis

309 1905 343 1960 6
411 1904 752 1978 μάγιστρος
811 1894 1204 1955 σουϐαδίουϐαν
1235 1901 1282 1936 ¹⁵
1334 1901 1470 1974 (88),
1524 1901 1614 1954 καὶ
1662 1897 1830 1970 δηλοῖ
1875 1901 2023 1972 αὐτῷ

2139 1917 2391 1958 recreare
2416 1918 2430 1969 ;
2454 1919 2516 1957 se
2540 1903 2729 1974 ipsum
2749 1919 2944 1957 coram
2967 1902 3360 1958 salutaturum
3377 1917 3525 1966 esse,
3544 1902 3773 1971 quando

306 1991 410 2047 ὅτι
486 2016 521 2044 ‹‹
614 1988 926 2048 Ἐκέλευσέν
1001 2009 1056 2043 σε
1133 1990 1160 2043 6
1239 1986 1495 2062 βασιλεὺς
1569 1986 1876 2062 προελθεῖν,
1929 1989 2018 2043 καὶ

2139 1992 2460 2063 permiserit
2488 1997 2543 2047 et
2573 1993 2948 2047 commodum
2983 1991 3094 2063 ipsi
3129 1993 3319 2047 fuerit.
3353 1991 3517 2046 Tunc
3547 1989 3774 2062 legatus

311 2081 621 2156 πρόελθε.
669 2103 698 2131 ››
751 2079 856 2134 Καὶ
900 2078 929 2132 6
987 2076 1241 2152 βασιλεὺς
1298 2077 1508 2149 ὁμοίως
1569 2076 1770 2149 πέμπει
1835 2075 2018 2133 ὃικου-

2139 2086 2228 2136 aut
2260 2081 2523 2152 proximo
2555 2086 2655 2136 aut
2685 2081 2852 2136 tertio
2875 2081 3026 2136 diem
3051 2080 3346 2152 signiﬁcat
3378 2080 3658 2150 magistro
3674 2095 3776 2150 per

320 2169 555 2247 ρίωνα,
609 2167 699 2223 καὶ
747 2165 1039 2235 ἀσπάζεται
1099 2166 1285 2235 αὐτὸν,
1341 2165 1430 2219 καὶ
1490 2163 1657 2236 δηλοῖ
1720 2165 1869 2238 αὐτῷ
1935 2167 2018 2220 δτι

2139 2172 2498 2241 praemissum
2525 2171 2823 2238 nuntium,
2847 2187 2907 2226 se
2931 2172 2998 2225 ad
3034 2172 3228 2240 ipsum
3253 2175 3584 2238 venturum,
3609 2173 3667 2223 et
3689 2169 3773 2224 sic

326 2283 362 2311 »
401 2261 506 2322 Τῆ
543 2257 669 2328 ἑξῆς
704 2253 980 2330 δεχόμεθά
1031 2274 1107 2324 σε,
1153 2255 1239 2308 καὶ
1287 2253 1544 2328 πρόελθε.
1587 2277 1614 2307 »
1659 2252 1873 2309 Δίδοται
1925 2253 2017 2309 οὖν

2139 2260 2350 2316 accedit
2380 2260 2451 2315 ad
2487 2259 2834 2330 magistrum
2859 2274 3108 2329 eumque
3133 2258 3568 2324 salutat.Quem
3593 2258 3774 2328 magi-

338 2345 618 2422 μανδάτα
664 2347 769 2401 ἀπὸ
840 2344 940 2417 ὀψὲ
1004 2342 1298 2412 σιλέντιον,
1366 2343 1456 2397 καὶ
1516 2344 1607 2398 τὸν
1684 2339 2015 2417 πρεσϐευτὴν

2139 2353 2247 2405 ster
2273 2349 2530 2405 vicissim
2555 2348 3038 2419 praesentemjam
3081 2363 3337 2417 praesens
3375 2345 3626 2416 benigno
3657 2344 3773 2401 col-

339 2441 469 2490 τῶν
533 2439 750 2502 Περσῶν
799 2431 1035 2508 δέχεται.
1084 2432 1188 2489 Καὶ
1238 2432 1350 2510 χρὴ
1405 2433 1496 2486 τὸν
1565 2429 2016 2504 ἆδμισσιονάλιον

2139 2437 2327 2508 loquio
2359 2436 2592 2508 excipit.
2624 2436 2800 2506 Cujus
2822 2436 2878 2489 id
2915 2435 3170 2506 primum
3202 2439 3259 2490 et
3289 2436 3645 2505 praecipuum
3677 2450 3772 2488 ar-

346 2523 554 2579 ἒλθεῖν
606 2524 696 2578 καὶ
741 2521 1002 2597 ἐρωτῆσαι
1034 2521 1128 2575 τὸν
1173 2523 1471 2595 μάγιστρον
1519 2520 1642 2594 περὶ
1691 2525 1798 2575 τῶν
1846 2518 2022 2576 λαϐα-

2139 2533 2474 2598 gumentum
2498 2529 2678 2592 est,ut
2704 2524 2983 2594 magister
2999 2525 3150 2593 apud
3177 2525 3434 2594 legatum
3467 2528 3771 2594 perconte-

362 2611 607 2686 ρησίων,
656 2612 743 2665 καὶ
793 2607 993 2666 δίδοται
1057 2608 1321 2684 μανδάτα,
1363 2608 1452 2664 Ἱνα
1491 2609 1589 2683 ,καὶ
1646 2609 1796 2665 αὐτοὶ
1850 2611 2017 2665 ἀπαν-

2139 2626 2245 2687 tur,
2279 2618 2570 2691 quomodo
2601 2619 2725 2688 ejus
2753 2618 3026 2689 princeps
3057 2616 3261 2682 valeat,
3289 2617 3416 2671 dein
3443 2617 3580 2688 quid
3604 2620 3784 2688 agant

359 2703 640 2771 τήσωσιν,
701 2699 786 2754 καὶ
854 2697 935 2755 δεῖ
1003 2706 1193 2768 στῆναι
1251 2697 1452 2761 αὐτοῦς
1510 2699 1586 2762 εἲς
1625 2699 1752 2761 τοὺς
1818 2699 2019 2762 τόπους

2139 2708 2298 2764 liberi
2320 2706 2690 2778 principales,
2714 2712 2840 2760 tum
2865 2705 3003 2777 quid
3029 2709 3085 2760 ct
3108 2704 3314 2777 quales
3336 2705 3465 2775 ejus
3483 2720 3783 2774 proceres;

372 2791 570 2864 μῦτῶν
602 2791 733 2862 μετὰ
782 2795 880 2845 τοῦ
947 2791 1218 2863 ἅρματος.
1289 2790 1669 2864 Προέρχονται
1710 2787 1768 2844 δὲ
1822 2790 2020 2851 πάντες

2139 2813 2309 2868 porro
2340 2797 2399 2850 in
2454 2795 2667 2866 quibus
2712 2811 2906 2850 rerum
2958 2796 3081 2863 ipse
3125 2794 3356 2864 legatus
3403 2803 3679 2861 versetur,
3731 2797 3790 2848 et

369 2881 424 2935 οἱ
469 2877 728 2955 ἄρχοντες
766 2879 873 2934 ἀπὸ
906 2876 1272 2952 ὁλοσηρίκων,
1312 2878 1400 2932 καὶ
1444 2877 1751 2952 εἰσέρχεται
1793 2879 1821 2933 6
1861 2878 2021 2953 πρέσο

2139 2882 2431 2954 quomodo
2464 2881 2651 2936 valeat
2682 2880 2904 2935 familia
2933 2881 3095 2950 ejus;
3132 2880 3420 2949 quomodo
3455 2881 3565 2934 iter
3589 2879 3786 2934 confe-

361 2979 483 3033 θεις
545 2965 631 3022 διὰ
659 2971 762 3033 τῆς
822 2967 1021 3043 ῥιγίας,
1061 2967 1153 3021 καὶ
1196 2964 1411 3040 δέχεται
1445 2967 1604 3022 αὐτὸν
1650 2967 1676 3021 ὁ
1729 2965 2022 3042 μάγιστρος

2139 2971 2311 3037 cerit;
2357 2986 2498 3024 num
2555 2969 2990 3024 incommodum
3043 2969 3401 3022 damnumve
3457 2968 3784 3039 acceperit;

358 3077 418 3112 ιν
460 3061 535 3130 τῇ
568 3057 754 3135 σχολῇ
809 3055 995 3124 αὐτοῦ,
1029 3055 1118 3110 καὶ
1159 3054 1334 3129 ἐρωτᾷ
1398 3055 1582 3123 αὐτὸν,
1646 3055 1690 3110 εἰ
1725 3056 1861 3129 ξένια
1906 3054 2025 3134 ἔχει

358 3151 464 3201 τοῦ
528 3145 827 3220 βασιλέως,
887 3145 975 3199 καὶ
1045 3148 1155 3219 χρή
1228 3144 1386 3200 αὐτὸν
1449 3142 1581 3199 ἰδεῖν
1647 3144 1841 3217 πάντα,
1898 3146 2026 3215 πρὶν

365 3231 716 3302 εῗσέλθωσιν,
784 3232 876 3286 καὶ
945 3227 1129 3286 λαϐεῖν
1197 3232 1296 3299 τήν
1381 3237 1580 3306 γνῶσιν
1657 3230 1850 3287 αὐτῶν.
1929 3230 2024 3288 Καὶ

2136 3076 2272 3114 num
2306 3058 2446 3130 quid
2468 3059 2792 3114 ofﬁciorum
2828 3057 2939 3129 ipsi
2971 3057 3299 3112 debitorum
3343 3074 3375 3110 a
3405 3057 3782 3124 nostratibus,

2135 3151 2362 3205 itineris
2409 3149 2743 3216 comitibus,
2781 3150 3258 3219 praetermissum.
3295 3167 3323 3197 «
3376 3146 3492 3201 Nos
3544 3147 3784 3218 quidem

2144 3239 2246 3310 (ita
2277 3239 2447 3294 debet
2469 3239 2739 3308 magister
2764 3253 2861 3292 eos
2885 3253 3109 3291 errores
3140 3235 3440 3306 excusare)
3464 3235 3525 3289 in
3549 3236 3788 3290 manda-

362 3321 685 3398 εἰσέρχεται
730 3323 867 3396 πρὸς
923 3321 1013 3375 τὸν
1053 3315 1279 3375 ϐασιλέα
1321 3321 1349 3374 6
1393 3321 1714 3393 μάγιστρος,
1759 3320 1850 3375 καὶ
1895 3321 2026 3374 ἀνα-

2139 3309 2208 3384 tis
2238 3345 2270 3382 a
2290 3328 2382 3399 pio
2418 3333 2613 3382 nostro
2636 3325 2882 3382 Domino
2907 3324 3454 3390 habuimus,omnia
3479 3325 3536 3378 in
3561 3324 3786 3380 cultum

361 3411 526 3488 φέρει
568 3411 716 3483 αὐτῷ
747 3412 815 3465 τὰ
879 3411 1002 3483 περῖ
1041 3413 1151 3464 τῶν
1190 3405 1690 3479 ξενίων,ἐπιδίδωσι
1757 3406 1815 3462 δὲ
1881 3409 2027 3481 αὖτῷ

362 3502 456 3556 καὶ
542 3503 642 3570 τήν
697 3504 922 3574 γνῶσιν.
981 3500 1040 3557 Ὸ
1106 3495 1163 3553 δὲ
1227 3492 1470 3573 πρὲσεης
1539 3493 1783 3570 ἀναμένει
1849 3495 1900 3551 ἔν
1957 3501 2028 3570 τῇ

367 3592 570 3668 σχολῇ
634 3594 733 3647 τοῦ
794 3591 1117 3666 μαγίστρου.
1171 3591 1274 3644 Καὶ
1322 3588 1454 3662 μεθὸ
1513 3585 1783 3667 δεχθῶσιν
1838 3589 1890 3641 οἱ
1930 3585 2028 3658 ἄρ-

363 3701 572 3760 χοντες
612 3680 702 3734 καὶ
754 3677 1064 3734 εἰσέλθωσιν
1107 3678 1185 3740 εἷς
1232 3678 1294 3732 τὸ
1349 3677 1758 3750 κονσιστώριον.
1802 3673 1884 3730 δεῖ
1938 3677 2029 3730 τὸν

365 3767 829 3844 ὰδμισσιονάλιον
901 3767 990 3821 καὶ
1047 3764 1174 3828 τοὺς
1231 3764 1674 3845 χαρτουλαρίους
1735 3768 1841 3818 τῶν
1891 3766 2025 3839 βαρ-

365 3855 564 3936 ϐάρων
621 3859 711 3913 καὶ
767 3858 894 3920 τοὺς
953 3857 1288 3932 ἐρμηνευτὰς
1354 3855 1643 3929 ἀναγαγεῖν
1707 3853 1801 3908 τὸν
1866 3852 2028 3928 πρέσ-

365 3944 506 4020 ὅην,
560 3946 649 4002 καὶ
715 3945 928 4010 καθίσαι
1006 3945 1164 3999 αὐτὸν
1241 3943 1291 3998 ἐν
1364 3947 1443 4015 τῷ
1518 3943 2030 4016 ἀντικονσιστωρίῳ,

365 4036 566 4094 δοῦναι
597 4035 653 4092 δὲ
694 4036 822 4098 τοὺς
863 4034 1302 4112 χαρτουλαρίους
1350 4034 1440 4088 καὶ
1489 4033 1817 4108 ἑρμηνευτάς
1873 4053 2032 4087 κιτα-

364 4132 547 4200 τώριν
590 4129 685 4181 τοῦ
755 4125 1059 4200 μαπίστρου
1125 4130 1241 4186 τοῖς
1305 4120 1799 4197 ἄδμισσιοναλίοις,
1833 4121 1921 4176 καὶ
1964 4124 2033 4177 τὰ

367 4214 525 4274 ἄλλα
555 4216 798 4292 γίνονται
829 4215 906 4276 ὡς
927 4214 980 4270 ἐν
1018 4213 1293 4286 σιλεντίῳ,
1335 4215 1452 4286 Χρὴ
1485 4211 1544 4268 δὲ
1581 4213 1671 4266 τὸν
1735 4215 2028 4288 μαγιστρον

365 4305 662 4378 ἑτοιμάσαι
729 4301 1079 4366 κανδιδάτους
1132 4304 1175 4340 1⁸
1221 4302 1501 4377 ἀρμάτους
1553 4303 1666 4376 (89)
1724 4301 1813 4355 καὶ
1863 4302 2031 4356 ποόε-

2140 3416 2631 3485 commodumque
2683 3419 2846 3468 tuum
2888 3415 3093 3470 facere.
3125 3414 3183 3468 Si
3205 3413 3347 3484 quid
3379 3413 3559 3485 igitur
3587 3428 3788 3469 eorum

2141 3504 2598 3576 praetermissum
2651 3503 2782 3569 fuit,
2831 3504 3097 3558 socordia
3135 3503 3421 3572 culpaque
3471 3518 3539 3557 ea
3595 3511 3791 3557 nostra

2139 3597 2266 3652 est:
2302 3606 2686 3663 rogamusque
2715 3596 2772 3646 te
2813 3591 3174 3661 comitesque
3204 3598 3358 3657 tuos,
3391 3589 3589 3644 nolitis
3632 3589 3782 3644 illud

2139 3696 2291 3753 aegre
2325 3679 2471 3734 ferre
2510 3685 2612 3734 aut
2635 3679 2864 3734 silentio
2897 3677 3122 3745 celare;
3157 3679 3254 3734 sed
3287 3678 3556 3748 eloquere
3580 3676 3784 3745 libere,

2140 3774 2205 3824 ut
2234 3769 2622 3840 imposterum
2670 3767 2966 3838 providere
3014 3771 3071 3821 et
3119 3767 3431 3822 emendare
3472 3766 3789 3821 commissa

2141 3874 2449 3930 queamus.
2475 3879 2502 3908 »
2537 3862 2784 3928 Legatus
2801 3858 2872 3911 ad
2899 3857 3018 3911 haec
3043 3855 3320 3925 magistro
3342 3856 3567 3927 gratias
3593 3855 3715 3926 agit
3735 3862 3790 3910 et

2139 3949 2568 4005 venerationem
2615 3951 3057 4003 commonstrat.
3092 3946 3230 4016 Ejus
3279 3945 3520 4001 comites
3568 3945 3790 4016 pariter

2141 4037 2487 4110 magistrum
2523 4035 2852 4092 humillimo
2874 4035 3034 4090 cultu
3054 4036 3299 4089 adorant
3320 4035 3377 4089 in
3412 4039 3629 4088 terram
3661 4049 3789 4104 pro-

2140 4127 2343 4184 voluti.
2363 4127 2554 4191 Quum
2579 4127 2714 4182 dein
2744 4124 3080 4197 imperatori
3100 4124 3292 4179 visum
3326 4123 3499 4178 fuerit
3529 4123 3785 4194 legatum

2141 4232 2336 4272 coram
2387 4234 2449 4272 se
2488 4217 2816 4283 admittere,
2867 4214 3158 4287 significat
3187 4229 3254 4268 ca
3284 4213 3354 4268 de
3404 4228 3464 4268 re
3513 4212 3788 4284 magister

2142 4305 2333 4378 legato
2367 4323 2467 4376 per
2496 4305 2837 4361 familiarem
2871 4305 3186 4376 quemdam
3226 4303 3315 4360 his
3349 4302 3572 4358 verbis:
3599 4302 3787 4359 «Vult

1742 4401 1985 4457 VARl/E
2024 4401 2414 4460 LECTIONES

441 4500 490 4536 “
522 4501 729 4557 ΣΧΟΛ.
757 4493 1090 4568 ὑποόόηθον.
1169 4498 1215 4534 ίθ
1245 4497 1451 4555 ΣΧΟΛ.
1483 4494 1740 4557 ἂπλίτας.

1437 4607 1634 4663 JOAN.
1676 4605 1817 4662 JAC.
1862 4605 2121 4662 REISKII
2162 4606 2738 4663 COMMENTARIUS.

451 4696 562 4768 (85)
618 4697 1006 4768 Perfrequens
1058 4701 1148 4753 est
1206 4699 1356 4768 apud
1415 4697 1644 4768 Graecos
1691 4700 1749 4750 et
1789 4695 2030 4768 Latinos
2061 4700 2106 4762 D
2209 4697 2324 4768 (87)
2374 4697 2436 4752 In
2494 4700 2701 4751 terram
2749 4697 3045 4765 provoluti,
3094 4700 3214 4754 toto
3264 4711 3542 4768 corpore;
3587 4695 3784 4751 minus

373 4766 565 4838 ἡμεῖς,
598 4774 656 4824 et
680 4785 780 4825 nos
812 4766 913 4839 pro
940 4784 1032 4839 ego
1064 4768 1221 4840 poni.
1247 4766 1463 4823 Verum
1487 4766 1664 4839 ὑμεῖς,
1697 4767 1902 4840 υοεῄιι
1934 4767 2027 4840 εει-τ

376 4842 672 4895 locutione
703 4842 775 4895 ad
807 4839 1330 4909 alterum’eumque
1363 4839 1898 4909 unum,praesertim
1932 4839 2024 4893 cui

369 4913 808 4968 venerationem
842 4911 1041 4968 testari
1073 4911 1338 4966 studium
1369 4915 1513 4977 erat,
1547 4909 1892 4964 insolentius
1917 4917 2023 4965 est.

377 4987 507 5038 Non
541 4984 757 5039 desunt
787 4991 980 5038 tamen
1011 4981 1297 5052 exempla,
1327 4980 1387 5034 in
1419 4982 1634 5051 quibus
1672 4981 1844 5052 etiam
1879 4997 2026 5051 pras-

378 5071 518 5126 sens
549 5054 842 5126 locusest,
891 5072 1017 5126 quae
1071 5050 1239 5126 mori
1269 5050 1476 5106 horum
1518 5050 2024 5126 saaculorum’jam

377 5125 643 5194 antiquis
676 5125 793 5181 illis
825 5123 1136 5196 praélusum
1161 5123 1342 5180 fuisse
1373 5123 1712 5196 ostendunt.

451 5191 564 5269 (86)
593 5198 784 5269 Irasci,
825 5191 1167 5264 succensere,
1220 5195 1442 5266 oﬂendi.
1484 5194 1629 5250 Nam
1673 5191 1820 5269 λύπη
1855 5195 2022 5250 novis

378 5267 594 5324 Graecis
623 5268 1002 5338 oﬂenst’onem,
1050 5270 1418 5334 simultatem,
1456 5267 1894 5338 malevolentiam
1921 5282 2024 5338 n07

380 5343 465 5393 tat
490 5356 505 5410 ί
536 5336 742 5410 νὶόξρ.
763 5340 888 5410 245,
919 5340 1311 5410 Theophanes
1335 5355 1403 5410 p.‘
1422 5337 1512 5401 84,
1534 5340 1626 5403 85,
1657 5338 1727 5391 86
1751 5353 1763 5390 :
1787 5336 1868 5390 Τὰ
1898 5336 2023 5410 περὶ

382 5402 725 5485 ῌοολχερ-ίοῖς
789 5402 1008 5485 λυπηρᾶ
1056 5402 1192 5464 δέατὰ
1244 5402 1576 5485 Φλαϐιανοῦ,
1615 5402 1692 5485 ea
1720 5423 1847 5485 quae
1876 5402 2025 5464 circa

378 5480 737 5537 Pulcheriam
783 5480 1122 5547 acciderant,
1157 5485 1407 5538 animum
1453 5482 1712 5537 Eudociw
1765 5481 2022 5536 adversus

375 5551 707 5608 Flavianum
761 5554 1188 5619 exacerbantia;
1239 5553 1377 5607 item
1439 5570 1494 5622 p.
1558 5554 1681 5618 126,
1731 5552 1857 5622 195,
1894 5552 2024 5618 208,

377 5622 529 5696 402ςΔ
553 5626 791 5696 Cedren.
827 5641 894 5696 p.
915 5625 1058 5692 337;
1091 5621 1552 5696 vid.Chilmead.
1587 5626 1658 5696 ad
1693 5621 1884 5696 Malal.
1908 5626 1949 5677 t.
1977 5623 2022 5692 Ι,

377 5709 436 5765 p.
467 5694 558 5750 50.
620 5693 930 5766 Usurpavit
969 5695 1554 5766 jamﬂDemosthenes
1610 5693 1899 5749 λυπεῖσθαι
1956 5709 2023 5750 eo

379 5779 552 5820 sensu
583 5781 638 5836 p.
672 5765 798 5832 373,
826 5767 882 5823 9.
915 5766 1054 5822 edit.
1086 5765 1308 5822 Morell.

2141 4774 2296 4825 recte
2327 4770 2384 4823 in
2419 4768 2633 4823 Latinis
2662 4769 2925 4836 reddidi;
2958 4769 3074 4824 vid.
3109 4770 3178 4824 ad
3213 4785 3266 4839 p.
3299 4769 3426 4824 236.

2209 4841 2319 4910 (88)
2352 4839 2687 4908 Subadiuvat
2716 4846 2800 4895 est
2829 4841 3081 4895 vicarius
3111 4840 3396 4909 adjutoris
3425 4839 3514 4894 vel
3540 4839 3783 4908 adjuve,

2139 4917 2203 4966 ut
2235 4911 2327 4966 hic
2355 4917 2446 4967 est
2475 4912 2738 4982 magistri
2772 4933 2785 4976 ;
2820 4913 2934 4967 vid.
2969 4911 3207 4967 Gnther.
3233 4928 3285 4980 p.
3321 4911 3446 4964 391.

2207 4983 2320 5054 (89)
2354 4975 2620 5051 Reddidi,
2655 4991 2718 5038 ut
2749 4975 2806 5038 in
2841 4982 3200 5054 membranis
3232 4975 3784 5054 inveni,mis_cellam

2135 5049 2343 5126 Graecae
2400 5049 2733 5126 scriptionis
2782 5063 2834 5110 et
2888 5053 3318 5126 terminationis
3368 5067 3503 5106 cum
3555 5049 3780 5105 Latina.

2136 5125 2176 5197 P
2208 5143 2310 5197 pro
2344 5125 2390 5180 Β.
2439 5133 2492 5181 et
2521 5123 2868 5182 terminatio
2900 5126 2986 5182 US
3021 5142 3122 5197 pro
3155 5123 3240 5197 OS
3283 5125 3476 5197 Graeca
3514 5129 3674 5197 sunt,
3699 5134 3783 5175 re-

2133 5193 2292 5268 liq'ua
2324 5197 2566 5265 Latina;
2604 5199 2687 5253 vel
2722 5201 2911 5267 potius
2945 5193 3279 5253 terminatio
3305 5211 3369 5250 us
3394 5193 3618 5268 _(_}raeci_s
3645 5206 3780 5268 cum

2133 5263 2305 5340 vulgo
2333 5269 2532 5324 Latino
2554 5263 2889 5325 communis
2910 5278 3008 5323 est.
3024 5268 3209 5322 Etiam
3231 5265 3550 5340 grandibus
3573 5263 3781 5340 litteris

2137 5334 2421 5410 his'ipsis,
2455 5358 2599 5410 quas
2641 5342 2819 5407 vides,
2873 5341 3074 5407 lector,
3108 5334 3444 5410 exar'averat
3469 5334 3782 5410 librarius,

2135 5406 2294 5484 quod
2325 5406 2547 5484 passim
2578 5413 2708 5466 fecit
2738 5413 2794 5464 in
2829 5406 3567 5484 vocibus_Latinis.Sol_ebat
3587 5415 3783 5484 autem

2135 5477 2342 5554 vulgus
2391 5484 2670 5547 Latinum,
2705 5497 2805 5536 seu
2841 5485 2992 5551 quod
3030 5482 3109 5534 sic
3141 5489 3310 5554 vetus
3342 5477 3599 5548 vulgaris
3634 5477 3782 5554 Lati:

2136 5549 2263 5610 nus
2281 5571 2470 5610 sermo
2500 5570 2535 5607 a
2579 5549 2892 5621 majoribus
2943 5556 3212 5620 acceptus
3254 5552 3446 5611 ferret,
3488 5563 3590 5600 seu
3625 5549 3783 5620 quod

2134 5625 2466 5682 Graecorum
2516 5624 2877 5679 consuetudo
2926 5623 2983 5676 id
3032 5623 3366 5684 invexisset,
3414 5624 3780 5676 accusativos

2130 5697 2403 5767 plurales
2439 5711 2588 5767 quos
2630 5694 2997 5767 grammatici
3027 5693 3086 5749 in
3135 5709 3192 5749 οδ
3250 5691 3592 5767 terminant,
3626 5691 3683 5746 in
3716 5707 3780 5767 us

2131 5761 2316 5822 iinire.
2362 5761 2578 5822 Ut'hic
2625 5761 2873 5823 armatus
2923 5782 3024 5836 pro
3075 5768 3315 5822 armatos
3352 5761 3667 5830 habemus,
3700 5764 3785 5819 sic
