4138 6298
352 272 465 332 741

1204 275 1305 335 DE
1348 273 1797 339 CERIMONIIS
1841 277 2076 340 AULE
2116 277 2605 342 BYZANTINIE'
2633 278 2778 339 LIB.
2827 277 2874 339 Ι.

3632 285 3751 348 742

348 405 439 460 καὶ
488 403 701 481 γίνεται
760 404 937 459 αὐτῶν
986 400 1326 478 διατίμησις,
1373 404 1466 460 καὶ
1505 402 1588 461 δεῖ
1631 406 1761 470 τοὺς
1810 410 2034 483 βεστοη

2111 411 2463 468 chartulario
2494 410 2552 468 in
2585 410 2850 468 cubiculo
2896 427 3092 468 coram
3141 412 3510 485 imperatore.
3555 418 3754 488 prius-

347 495 650 572 σακράνους
736 497 836 564 τήν
932 491 1249 568 διατίμησιν
1336 499 1442 550 τῶν
1533 493 1724 573 δώρων
1799 499 1998 562 εὐθέως

342 585 568 662 ἀγαγεῖν
626 590 708 658 τῷ
760 584 1064 660 μαγίστρῳ,
1095 582 1235 640 ὥστε
1285 582 1477 640 εἰδέναι
1530 587 1717 656 αὐτὸν,
1747 587 1800 643 τί
1858 587 1998 644 ἐστιν

342 673 407 728 τὸ
437 674 823 748 προσενεχθὲν,
855 674 946 729 καὶ
1003 671 1056 728 ἐν
1099 678 1272 748 καιρῷ
1323 672 1635 750 ἀντιδώρων
1685 676 1996 750 ὑπομνῆσαι

339 762 434 817 τὸν
500 760 750 836 βασιλέα,
798 761 849 817 τί
909 763 1022 838 χρὴ
1072 762 1231 817 αὐτὸν
1288 761 1620 838 ἀντιπέμψαι
1687 761 1775 820 διὰ
1844 763 1994 821 ἰδίων

337 846 709 926 πρεσῦευτῶν.
742 856 858 905 Τῶν
905 848 1100 925 δώρων
1159 849 1250 905 οὗν
1305 852 1796 927 προσενεχθέντων,
1849 853 1996 929 λέγει

340 943 371 996 6
405 939 662 1015 βασιλεὺς
713 945 792 1012 τῷ
841 936 1052 1015 πρὲσϐῃ
1079 960 1093 974 ⁸
1123 964 1152 993 ‹‹
1190 940 1512 1011 ’Δνάκτησαι
1569 943 1762 997 σαυτὸν
1810 942 1998 1018 ὀλίγας

333 1029 574 1104 ἡμέρας,
623 1028 712 1084 καὶ
779 1027 832 1084 εἶ’
869 1051 920 1085 τι
979 1023 1188 1105 ἔχομεν
1250 1028 1515 1100 λαλῆσαι,
1568 1028 1867 1106 λαλοῦμεν,
1906 1036 1996 1088 καί

335 1119 478 1192 μετᾶ
515 1117 691 1174 καλοῦ
737 1116 1054 1192 ἀπολύομεν
1099 1140 1157 1174 σε
1185 1119 1320 1194 πρὸς
1352 1121 1442 1174 τὸν
1475 1117 1710 1197 ἀδελφὸν
1747 1123 1930 1194 ἡμῶν.
1968 1145 1996 1172 ››

333 1208 444 1264 Καὶ
500 1207 814 1282 εὐχαριστεῖ
845 1208 872 1262 6
904 1201 1146 1280 πρὲσϐης
1201 1207 1292 1262 καὶ
1349 1214 1664 1284 προσκυνεῖ,
1693 1209 1784 1263 καὶ
1829 1208 1993 1264 πάλιν

336 1296 642 1370 προσκυνεῖ
689 1295 764 1358 εἰς
821 1296 947 1358 τοὺς
1003 1295 1200 1357 αὐτοὺς
1249 1297 1474 1367 τόπους,
1532 1298 1624 1352 καὶ
1693 1298 1996 1373 ἀναχωρεῖ,

338 1385 439 1441 Καὶ
493 1384 624 1439 ἐπὰν
674 1382 927 1459 χαλασθῇ
987 1385 1050 1439 τὸ
1114 1383 1556 1460 βῆλον,’ίσταται
1588 1388 1616 1440 ὁ
1680 1383 1995 1462 δικουρίων,

326 1473 427 1527 καὶ
487 1473 719 1529 κιττεῦει
768 1473 796 1528 6
832 1473 1135 1550 μάγιστρος
1168 1499 1195 1525 ‹‹
1241 1481 1514 1551 Στρανφερ
1569 1477 1637 1547 ²²,
1667 1478 1769 1550 (5),
1812 1501 1839 1528 ››
1905 1476 1996 1531 καὶ

330 1558 606 1636 λαμϐάνει
661 1565 789 1626 τοὺς
836 1563 1113 1638 ἀρμάτους
1171 1561 1526 1627 κανὸιδάτους
1597 1567 1625 1620 6
1683 1564 1996 1641 δικουρίων,

323 1653 422 1708 καὶ
485 1647 745 1707 ἐκϐάλλει
829 1652 906 1714 εἷς
994 1653 1058 1708 τὸ
1148 1654 1340 1729 μικρὸν
1423 1656 1846 1731 κονσιστώριον.
1893 1655 1996 1712 Καὶ

326 1739 459 1794 τότε
536 1739 806 1795 ἀνίσταται
867 1741 894 1794 6
956 1739 1237 1815 βασιλεὺς,
1299 1743 1388 1796 καὶ
1465 1743 1530 1798 τὰ
1582 1743 1751 1798 λοιπὰ
1820 1744 1995 1800 πάντα

333 1828 546 1906 γίνεται
606 1830 743 1883 κατὰ
795 1829 858 1884 τὸ
925 1827 1065 1892 ἔθος.
1099 1831 1215 1906 Χρὴ
1251 1827 1308 1885 δὲ
1337 1831 1428 1886 τὸν
1473 1825 1809 1906 πρεσϐευτὴν
1844 1835 1992 1888 κάτω

2111 517 2282 573 quam
2313 501 2361 557 is
2381 500 2442 557 in
2464 500 2877 557 consistorium
2901 501 3270 574 egrediatur;
3297 502 3542 560 alterum
3564 511 3753 562 autem

2103 590 2394 662 exemplar
2426 591 2578 646 230
2612 581 2850 646 exarant
2907 595 3140 646 tantum
3193 595 3257 648 ut
3303 591 3611 664 pittacium
3655 605 3756 653 aut

2106 680 2468 751 schedulam,
2488 697 2662 752 quam
2681 681 2958 752 magistro
2977 682 3521 738 traduntmemoriae
3539 687 3751 756 gratia.

2104 769 2212 823 Sed
2245 777 2301 826 et
2342 770 2703 825 tertiocerius
2750 770 3083 840 exemplum
3133 771 3428 826 citationis
3468 774 3669 840 sumit,
3693 779 3751 830 et

2106 862 2268 912 stans
2289 862 2441 913 retro
2467 859 2818 930 magistrum
2851 862 3296 915 commoneiacit
3316 860 3508 932 ipsum
3531 863 3598 917 de
3623 879 3752 934 pro-

2105 947 2429 1002 nuntianda
2458 947 2750 1012 citatione,
2785 950 3016 1018 quando
3038 954 3268 1020 tempus
3289 951 3489 1006 instat.
3514 951 3646 1006 Post
3668 955 3755 1007 ci-

2105 1035 2381 1090 tationem
2415 1036 2606 1105 itaque
2637 1037 2900 1107 magistri
2929 1037 3106 1092 intrat
3138 1040 3372 1094 decurio
3415 1040 3472 1094 in
3507 1057 3750 1111 parvum

2105 1123 2922 1196 consistorium,sumptosque
2935 1143 3131 1181 secum
3149 1132 3398 1183 armatos
3411 1130 3752 1186 candidatos

2104 1212 2265 1268 illinc
2295 1212 2553 1268 educens
2585 1213 2901 1267 introducit
2933 1214 3015 1284 [in
3057 1217 3360 1286 magnum]
3406 1221 3462 1272 et
3509 1218 3752 1274 collocat

2105 1301 2420 1371 dextraque
2458 1300 2812 1370 sinistraque
2837 1316 3031 1355 coram
3058 1304 3392 1372 proceribus
3426 1306 3684 1375 proxime
3717 1322 3752 1361 a

2103 1389 2538 1446 consularibus.
2574 1389 2698 1453 Quo
2733 1391 2881 1444 facto
2905 1389 3021 1444 exit
3052 1406 3277 1458 rursus,
3305 1392 3628 1464 vidensque
3659 1412 3750 1464 par

2104 1485 2294 1534 ratum
2353 1495 2479 1534 esse
2539 1478 2818 1549 legatum,
2879 1477 3134 1534 clamat:
3195 1501 3223 1528 «
3259 1480 3418 1546 Leva,
3459 1501 3487 1530 ››
3545 1481 3604 1536 id
3663 1487 3754 1538 est

2107 1589 2135 1618 «
2167 1566 2304 1622 tolle
2335 1588 2362 1615 »
2395 1566 2644 1637 [scilicet
2673 1564 2768 1637 te}.
2805 1567 2944 1622 Velo
2983 1567 3054 1621 ad
3091 1567 3211 1622 haec
3259 1583 3498 1624 sursum
3545 1568 3750 1638 levato,

2104 1658 2419 1728 prosternit
2449 1672 2510 1710 se
2538 1656 2762 1726 legatus
2793 1660 2954 1710 extra
2985 1656 3419 1724 consistorium,
3454 1657 3514 1712 in
3538 1662 3750 1714 terram

2105 1746 2208 1811 ibi,
2245 1745 2339 1799 ubi
2364 1745 2654 1799 rotundus
2686 1744 3132 1815 porphyreticus
3158 1745 3302 1816 lapis
3335 1747 3390 1800 in
3416 1747 3751 1817 pavimento

2105 1834 2456 1904 conspicuus
2473 1838 2661 1902 jacet;
2686 1834 3108 1903 Dominumque
3132 1834 3357 1901 adorat,
3378 1851 3563 1905 eoque
3578 1835 3750 1903 facto,

329 1918 621 1992 ἀναμεῖναι
676 1917 752 1980 εἷς
801 1920 897 1989 τήν
959 1917 1173 1994 σχολὴν
1222 1925 1319 1974 τοῦ
1373 1920 1694 1996 μαγίστρου,
1754 1922 1844 1976 καὶ
1901 1923 1991 1976 τὸν

331 2009 634 2084 μάγιστρον
697 2008 979 2074 κατελθεῖν
1047 2009 1138 2064 καὶ
1216 2012 1568 2081 συντάξασθαι
1663 2011 1810 2085 αὐτῷ
1895 2013 1986 2067 καὶ

331 2096 636 2155 ἀπολῦσαι.

326 2190 523 2245 medio
553 2189 942 2246 consistorio:
977 2207 1094 2262 qua
1125 2195 1378 2262 peracta,
1412 2192 1650 2262 propius
1708 2193 1987 2248 accedens
2017 2190 2324 2248 osculatur
2355 2190 2526 2260 pedes
2559 2188 2832 2258 Augusti,
2865 2192 2922 2242 et
2951 2189 3143 2243 adstat
3193 2204 3408 2256 coram,
3459 2190 3752 2262 traditque

333 2279 562 2335 litteras
591 2280 680 2334 sui
715 2279 1072 2351 principalis,
1104 2285 1160 2336 et
1187 2280 1437 2336 salutem
1472 2282 1810 2353 imperatori
1840 2284 1968 2352 ejus
2008 2280 2243 2336 nomine
2285 2278 2538 2334 nuntiat.
2587 2277 2752 2333 Tunc
2797 2277 3116 2348 interrogat
3179 2277 3523 2349 imperator:
3561 2300 3588 2329 ‹‹
3614 2283 3750 2334 Fra-

331 2371 423 2422 ter
442 2372 638 2423 noster
659 2369 953 2438 quomodo
983 2367 1138 2426 valet
1167 2385 1268 2440 per
1296 2371 1542 2441 gratiam
1579 2371 1673 2425 Dei
1700 2369 1727 2424 ?
1758 2370 2049 2426 Laetamur
2071 2385 2268 2440 sospes
2294 2369 2342 2423 si
2375 2367 2546 2422 fuerit
2578 2384 2591 2433 ;
2632 2389 2654 2418 ι
2693 2370 2748 2421 et
2778 2364 2890 2420 alia
2919 2366 3112 2433 verba,
3145 2382 3272 2437 qua:
3299 2366 3496 2422 animo
3525 2384 3628 2423 suo
3661 2383 3752 2424 se-

325 2472 461 2512 cum
487 2457 662 2512 volvit
691 2463 746 2512 et
774 2458 976 2530 agitat.
1011 2458 1162 2513 Tum
1194 2459 1334 2513 dicit
1372 2461 1600 2531 legatus
1630 2475 1643 2514 :
1679 2481 1708 2510 «
1735 2460 1932 2516 Frater
1963 2465 2101 2516 tuus
2133 2459 2287 2514 misit
2319 2457 2421 2513 tibi
2453 2458 2628 2523 dona,
2666 2472 2792 2526 qua:
2844 2471 2982 2527 rogo
3017 2455 3151 2510 velis
3201 2464 3520 2528 acceptare.
3560 2479 3587 2506 »
3627 2465 3751 2513 An-
3808 2491 3820 2500 -

329 2553 547 2603 nuente
593 2549 952 2620 imperatore,
992 2551 1104 2605 exit
1153 2551 1379 2622 legatus
1439 2550 1521 2621 [in
1564 2551 2152 2622 anticonsistorium],
2193 2555 2247 2606 et
2304 2548 2470 2604 affert
2520 2548 2644 2619 ipse
2694 2564 2811 2602 una
2854 2563 2986 2602 cum
3034 2547 3422 2602 familiaribus
3473 2549 3594 2603 suis
3652 2549 3754 2605 illa

337 2634 490 2689 dona
519 2635 675 2691 intus
704 2636 774 2691 ad
801 2644 1178 2708 conspectum
1211 2638 1460 2695 Domini.
1494 2639 1564 2695 Et
1592 2640 1716 2710 ipse
1764 2641 1998 2713 quidem
2041 2647 2140 2695 aut
2188 2638 2400 2711 pallam
2455 2642 2555 2692 aut
2605 2637 2913 2708 pretiosam
2961 2635 3132 2690 aliam
3194 2636 3396 2691 mundi
3447 2637 3749 2694 muliebris

347 2723 757 2794 supellectilem
813 2737 912 2783 aut
978 2727 1132 2782 aliud
1180 2729 1590 2802 quodcunque,
1644 2730 1958 2786 dummodo
2009 2731 2211 2802 magni
2261 2733 2317 2784 et
2365 2725 2707 2784 excellentis
2750 2726 2966 2782 valoris
3014 2727 3130 2792 sit;
3164 2733 3485 2781 ceterorum
3542 2728 3754 2783 barba-

2101 1923 2370 1994 resurgit.
2422 1921 2729 1992 Ingressus
2775 1920 2985 1975 deinde
3025 1936 3127 1990 per
3171 1921 3338 1988 fores,
3388 1923 3653 1992 protinus
3691 1938 3752 1978 se

2100 2026 2299 2067 rursus
2315 2009 2648 2081 prosternit,
2665 2008 2984 2079 aderatque
3005 2008 3314 2064 Dominum
3341 2009 3500 2064 humi
3519 2012 3750 2080 jacens,

344 2827 537 2867 rorum
571 2812 779 2885 singuli
805 2815 1067 2888 singulas
1105 2819 1328 2888 species
1377 2817 1660 2888 bajulant.
1714 2821 1932 2874 Debent
1971 2825 2164 2876 autem
2218 2819 2384 2890 prius
2434 2819 2494 2871 in
2541 2815 3010 2871 anticonsistorio
3060 2830 3161 2885 per
3203 2815 3544 2884 interpretes
3591 2815 3750 2872 ordi-

333 2901 453 2956 nati
481 2902 655 2959 iuisse
685 2911 856 2976 atque
889 2907 1216 2978 praeparati,
1249 2923 1475 2980 suaque
1505 2909 1754 2980 quisque
1785 2911 2013 2965 sarcina
2042 2908 2338 2974 instructi,
2372 2911 2428 2961 et
2459 2906 2676 2974 absque
2716 2920 2878 2960 mora
2909 2920 3040 2959 cum
3074 2904 3198 2959 suis
3227 2903 3499 2960 oneribus
3530 2905 3587 2959 in
3622 2921 3748 2960 ma-

325 3007 499 3062 gnum
556 2995 967 3053 consistorium
1013 2997 1249 3054 intrare.
1307 3002 1534 3054 Stantes
1584 2999 1658 3054 ad
1709 3000 2008 3069 parietem,
2059 2997 2156 3069 qui
2208 3007 2290 3053 est
2337 3012 2368 3051 e
2419 2996 2651 3066 regione
2703 2993 2832 3049 solii
2898 2999 3056 3048 extra
3100 2993 3320 3056 velum,
3373 2998 3748 3065 prosternunt

325 3097 476 3152 sese,
509 3083 686 3138 simul
731 3101 798 3141 ac
829 3085 972 3141 illud
1005 3087 1360 3153 sublevatur,
1398 3089 1580 3155 humi,
1613 3093 1738 3143 tum
1773 3093 2057 3160 surgunt;
2090 3085 2414 3158 etingressi
2450 3101 2551 3156 per
2580 3088 2830 3154 portam,
2867 3086 3246 3153 prosternunt
3287 3098 3415 3138 sese
3445 3084 3656 3138 iterum
3689 3087 3746 3138 et

324 3172 560 3226 tandem
593 3174 830 3229 tertium
855 3191 1107 3247 quoque.
1128 3175 1599 3232 Silentiariitunc
1623 3179 1923 3250 excipiunt
1947 3178 2017 3234 ab
2041 3177 2159 3233 illis
2175 3181 2348 3244 dona,
2377 3190 2700 3245 curamque
2718 3178 2774 3228 et
2808 3172 3068 3228 ofﬁcium
3098 3170 3240 3225 illud
3290 3172 3528 3240 habent,
3557 3177 3622 3226 ut
3645 3171 3746 3227 illa

317 3262 648 3316 secundum
679 3265 1071 3335 cognitionem
1103 3281 1202 3322 seu
1233 3266 1560 3322 indiculum
1594 3285 1628 3323 a
1659 3268 1935 3340 magistro
1969 3268 2081 3324 sibi
2113 3266 2392 3322 traditum
2443 3266 2500 3320 in
2543 3268 2929 3320 vestosacram
2979 3276 3079 3317 seu
3129 3277 3359 3318 sacrum
3408 3263 3742 3317 vestiarium

315 3350 721 3421 deportentur,
765 3359 823 3409 et
870 3354 930 3409 in
981 3371 1188 3411 manus
1247 3362 1790 3412 vestosacranorum
1842 3358 2167 3413 tradantur.
2229 3355 2336 3411 Ubi
2395 3355 2782 3421 estimantur,
2817 3353 3148 3422 debeatque
3205 3351 3596 3407 vestosacrani
3654 3350 3740 3407 vel

309 3439 578 3498 ofﬁcium
610 3442 754 3500 sacri
786 3444 1040 3501 vestiarii
1099 3446 1366 3518 protinus
1396 3463 1525 3502 eam
1573 3447 1860 3503 donorum
1909 3449 2350 3504 aestimationem
2399 3446 2458 3500 in
2511 3444 2728 3516 scripto
2778 3443 3050 3514 magistro
3100 3441 3390 3510 exhibere,
3433 3459 3548 3510 quo
3593 3441 3741 3497 sciat

306 3529 437 3599 ille,
478 3531 617 3603 quid
653 3550 962 3590 munerum
994 3540 1052 3591 et
1095 3537 1300 3608 quanti
1331 3537 1500 3608 pretii
1545 3536 1773 3609 legatus
1821 3538 2099 3608 attulerit,
2133 3537 2429 3607 possitque
2472 3533 2807 3604 imperatori
2860 3535 2990 3603 ejus
3038 3531 3122 3586 rei
3176 3533 3522 3587 memoriam
3572 3547 3743 3588 reno-

307 3635 450 3677 vare
489 3638 603 3692 quo
634 3628 888 3696 tempore
917 3624 1034 3680 alia
1062 3626 1215 3682 dona
1237 3627 1294 3682 in
1344 3627 1592 3683 istorum
1634 3627 2169 3698 compensationem
2215 3624 2601 3695 comparanda
2658 3628 2715 3678 et
2752 3638 2884 3676 cum
2930 3620 3294 3676 nostratibus
3344 3619 3553 3690 legatis
3602 3619 3742 3675 illuc

311 3710 672 3768 remittenda
701 3717 860 3770 sunt.
893 3713 1071 3770 Donis
1101 3715 1161 3770 in
1193 3715 1350 3771 hunc
1384 3716 1621 3772 modum
1679 3715 1974 3783 exhibitis,
2024 3716 2285 3771 hortatur
2342 3714 2655 3782 imperator
2705 3709 2960 3780 legatum
3020 3708 3167 3764 237
3206 3707 3302 3762 his
3346 3707 3576 3762 verbis:
3611 3727 3637 3759 α
3670 3708 3734 3762 In

311 3801 634 3871 praesentia
663 3802 899 3873 quidem
937 3803 1054 3872 abi,
1088 3809 1219 3876 post
1269 3804 1601 3875 interiectos
1637 3821 1852 3876 paucos
1896 3804 2020 3859 dies
2051 3819 2253 3858 rursus
2287 3800 2361 3856 ad
2393 3798 2749 3870 colloquium
2810 3797 2878 3851 de
2928 3797 3100 3851 rebus
3143 3795 3487 3850 necessariis
3527 3811 3734 3851 vocan-

307 3891 450 3955 dus,
484 3890 864 3962 honestisque
895 3893 1172 3950 omnibus
1200 3894 1388 3951 modis
1420 3896 1490 3950 ad
1527 3896 1765 3950 fratrem
1799 3899 2062 3950 nostrum
2093 3891 2500 3948 remittendus.
2534 3891 2760 3944 Interea
2792 3887 2985 3958 quiete
3026 3891 3080 3942 te
3129 3903 3345 3954 recrea,
3379 3891 3732 3957 tempusque

306 3977 583 4035 hilariter
612 3985 888 4052 transige.
933 4003 960 4031 »
993 3982 1076 4037 Ad
1120 3981 1241 4038 hac
1272 3983 1489 4055 gratias
1524 3985 1646 4056 agit
1685 3984 1931 4056 legatus,
1964 3988 2022 4038 et
2053 3983 2255 4037 adorat
2285 3979 2463 4035 semel
2511 3983 2683 4048 atque
2715 3978 2923 4031 iterum
2957 3976 3166 4030 iisdem
3201 3976 3258 4029 in
3295 3975 3456 4043 locis,
3488 3976 3548 4029 in
3597 3975 3730 4046 qui-

307 4068 430 4125 bus
460 4069 518 4124 id
561 4073 730 4126 antea
760 4071 974 4127 fecerat
1019 4073 1324 4140 accedens,
1356 4078 1414 4128 et
1441 4073 1527 4130 sic
1583 4074 1722 4129 abit.
1759 4074 1969 4129 Laxato
2002 4077 2124 4128 tum
2186 4069 2554 4140 demissaque
2586 4066 2728 4135 velo,
2772 4066 3032 4138 procedit
3079 4065 3310 4120 decurio
3358 4066 3417 4120 in
3479 4065 3732 4119 medium

309 4155 755 4226 consistorium,
787 4156 1038 4229 citatque
1067 4175 1170 4215 seu
1203 4160 1417 4215 clamat
1455 4164 1826 4232 magister:«
1876 4161 2154 4216 Transfer.
2209 4181 2239 4209 ››
2281 4160 2404 4224 Quo
2445 4155 2645 4212 audito
2692 4154 2924 4210 decurio
2969 4158 3221 4209 armatos
3257 4153 3604 4208 candidatos
3648 4167 3736 4208 se-

307 4260 451 4300 cum
482 4243 542 4298 in
577 4262 819 4316 parvum
851 4248 1268 4304 consistorium
1300 4251 1595 4307 transfert.
1634 4252 1836 4323 Surgit
1866 4255 1993 4306 tum
2025 4250 2360 4320 imperator,
2386 4252 2709 4316 ceteraque
2751 4244 2900 4299 ﬁunt
2949 4259 3052 4315 pro
3083 4247 3362 4298 consueto
3408 4258 3588 4299 more.
3623 4241 3736 4297 Le-

306 4338 490 4405 gatus
518 4335 740 4392 interea
769 4336 938 4394 debet
968 4337 1117 4393 infra
1149 4338 1231 4410 [id
1261 4343 1350 4394 est
1379 4339 1536 4410 apud
1569 4340 1872 4396 introitum
1923 4339 2146 4412 palatii]
2178 4340 2236 4394 in
2287 4336 2487 4394 schola
2526 4335 2790 4407 magistri
2837 4334 3183 4406 magistrum
3235 4336 3589 4405 exspectare,
3623 4333 3734 4389 do-

307 4439 422 4481 nec
448 4423 543 4480 hic
573 4425 626 4494 [e
657 4426 892 4498 palatio]
926 4427 1236 4484 descendat
1262 4429 1494 4501 ipsique
1525 4430 1648 4488 vale
1679 4429 1856 4500 dicat,
1888 4434 1945 4486 et
1969 4430 2051 4485 sic
2073 4431 2316 4486 domum
2349 4443 2481 4483 eum
2513 4426 2790 4482 dimittat.

955 4544 1215 4600 ΚΕΦΑΛ.
1259 4542 1328 4620 Lg.
2001 4547 2034 4613 C

2714 4540 2947 4596 CAPUT
2989 4542 3096 4598 XC.

309 4628 453 4685 Ὅσα
493 4624 575 4682 δεῖ
605 4627 658 4683 ἐν
685 4635 805 4693 ταῖς
835 4628 1036 4693 ἄλλαις
1076 4633 1325 4713 ἡμέραιςΔ
1357 4631 1448 4688 ἐπὶ
1492 4638 1589 4690 τοῦ
1636 4627 1968 4709 πρεσϐευτοῦ

2105 4637 2154 4689 )e
2187 4634 2282 4701 iis,
2304 4649 2437 4713 (μέρε-
2452 4639 2662 4713 oportet
2678 4646 2785 4713 per
2821 4637 3022 4713 cetera:
3068 4630 3206 4713 dies,
3253 4645 3390 4701 quos
3423 4631 3631 4713 legatus
3669 4629 3729 4685 ἰη

881 4701 1387 4780 παραφυλάττεσθαι
1399 4749 1411 4762 .
1682 4701 1691 4709 ’

2311 4701 2326 4704 “
2346 4703 2482 4760 Urbe
2510 4701 2795 4771 transigit,
2825 4704 2974 4757 circa
3003 4717 3127 4757 cum
3153 4703 3458 4758 observari.

2151 4795 2464 4866 Postquam
2497 4792 2581 4848 sic
2613 4797 2817 4847 nactus
2857 4794 2945 4848 est
2993 4790 3307 4861 imperator
3357 4790 3720 4862 perlegitque

2081 4884 2259 4941 Persa;
2290 4883 2535 4949 litteras,
2575 4882 2827 4952 imperat
2865 4879 3101 4952 quando
3149 4879 3264 4950 ipsi
3315 4879 3568 4945 libuerit,
3603 4892 3733 4931 ma-

382 4788 662 4864 Ἐντυχὼν
695 4795 812 4854 τοῖς
849 4791 1164 4866 γράμμασιν
1217 4794 1244 4846 6
1303 4792 1577 4868 βασιλεὺς,
1628 4793 1718 4851 ὅτε
1769 4793 1970 4870 βούλε-

308 4897 425 4943 ται,
475 4875 752 4953 επιτρὲπει
815 4884 896 4952 τῷ
949 4881 1229 4956 μαγίστρῳ
1287 4880 1533 4953 δηλῶσαι
1577 4884 1656 4957 τῷ
1706 4878 1968 4959 πρεσϐευο

1671 5039 1911 5097 νΑΗΙΑΞ
1953 5039 2370 5097 LECTIONES.

380 5165 430 5204 *ξ
462 5168 667 5226 ΣΧΟΛ.
704 5173 988 5247 μετάφερι.

1377 5341 1578 5400 JOAN.
1610 5338 1754 5399 JAC.
1789 5338 2048 5399 REISKII
2077 5339 2674 5400 COMMENTARIUS.

2077 5490 2261 5560 grinis
2291 5488 2614 5560 vocabulis.
2641 5487 3045 5560 Transponere
3069 5479 3295 5560 litteras
3326 5475 3727 5560 detestabilem

2077 5547 2134 5616 in
2171 5566 2406 5616 modum
2443 5559 2649 5614 solent.
2682 5547 2850 5611 Recte
2877 5558 3067 5607 tamen
3099 5550 3247 5606 infra
3273 5569 3326 5622 p.
3362 5550 3484 5618 404,
3520 5547 3730 5619 legitur

2077 5630 2363 5704 Transfer.

384 5482 465 5562 (_5)_
498 5483 584 5537 Ita
619 5481 990 5562 membranas,
1025 5487 1174 5562 quod
1203 5501 1270 5542 eo
1320 5504 1551 5562 moneo,
1585 5505 1656 5562 ne
1693 5493 1964 5562 typogra-

318 5551 504 5676 Ehicis
555 5552 748 5620 operis
784 5551 985 5610 vitium
1037 5551 1372 5628 imputetur.
1420 5551 1560 5615 Mira
1609 5551 1966 5617 inest-novis

367 5627 536 5676 reseis
562 5628 621 5676 et
653 5623 901 5676 ridicula
933 5627 1196 5676 suauitas
1227 5631 1342 5676 nrin
1375 5631 1431 5676 in
1466 5631 1777 5676 nifnrnndig
1808 5648 1966 5676 nnrn-

367 5627 536 5681 raecis
562 5628 621 5680 et
653 5624 902 5683 ridicula
933 5624 1196 5686 scaevitas
1227 5631 1342 5686 oris
1375 5631 1433 5687 in
1466 5631 1777 5690 etferendis
1808 5648 1966 5704 pcre-

2097 2113 2152 2157 et
2183 2098 2460 2170 resurgit.
2496 2099 2672 2152 Iterat
2704 2097 2852 2152 hanc
2877 2097 3300 2152 venerationem
3334 2099 3503 2153 tertia
3537 2101 3656 2154 vice
3689 2099 3748 2155 in
3841 2116 3844 2118 ‘
