4154 6306
431 453 550 515 ’755

1507 435 2032 501 CONSTANTINI
2081 431 2773 496 PORPHYROGENITI

435 587 533 644 ille
564 602 698 642 cum
731 600 838 640 suo
869 581 1022 639 clero
1053 581 1111 636 in
1146 579 1411 648 Magnam
1444 574 1784 630 ecclesiam:
1838 571 1937 624 sed
1972 567 2074 623 ad-

2189 559 2489 640 προέλαϐεν
2538 562 2613 626 εἷς
2642 564 2740 630 τήν
2792 559 3057 637 Μεγάλην
3114 557 3424 631 ἐκκλησίαν·
3479 554 3847 634 πρεσϐύτεροι

437 685 574 734 sunt
631 671 945 746 presbyteri
1004 672 1061 725 in
1109 668 1414 740 papilione.
1447 667 1570 733 (Eat
1618 669 1812 717 autem
1874 657 2086 730 papilio

437 768 617 822 dictio
652 765 912 820 Romana
941 760 1028 814 vel
1053 759 1274 822 Latina,
1302 756 1643 826 significans
1665 751 1808 806 illud
1845 746 2086 804 animal-

438 857 635 910 culum
669 853 754 906 vel
796 854 1106 913 insectum,
1141 847 1295 916 quod
1342 844 1489 899 eirea
1534 842 1805 897 cramben
1867 845 1922 892 et
1976 836 2089 890 alia

438 944 587 1000 olera
619 940 917 996 obvolitat.
947 937 1110 992 Ratio
1155 931 1562 1006 appellationis
1621 929 1743 985 haec
1809 932 1915 983 est.
1946 924 2089 980 Vela

437 1030 750 1102 papilionis
779 1028 866 1084 vel
897 1025 1155 1091 tentorii,
1204 1023 1380 1078 variis
1439 1019 1733 1077 coloribus
1787 1015 2084 1080 distincta,

439 1125 700 1179 referunt
731 1119 1117 1176 similitudine
1156 1117 1278 1171 alas
1322 1114 1481 1168 illius
1539 1107 1900 1175 animalculi,
1934 1104 2088 1176 quod

440 1211 683 1268 Romani
715 1208 1066 1282 papilionem
1099 1201 1409 1275 appellant.
1447 1199 1521 1253 Ex
1545 1214 1609 1253 eo
1641 1197 1880 1261 factum,
1914 1199 1974 1282 ut
2003 1192 2088 1245 in-

440 1301 579 1356 secti
611 1314 824 1354 nomen
855 1293 1105 1350 tentorio
1153 1305 1384 1361 quoque
1417 1286 1765 1355 adbzeserit.)
1819 1284 1881 1338 In
1932 1281 2084 1335 hunc

439 1388 639 1459 itaque
671 1384 1022 1458 papilionem
1044 1381 1226 1435 intrat
1254 1379 1585 1448 imperator,
1621 1379 1678 1430 et
1709 1376 1840 1444 post
1861 1369 2087 1441 deposi-

441 1481 562 1532 tam
595 1476 652 1529 in
689 1471 1001 1529 mutatorio
1033 1484 1327 1532 coronam,
1362 1465 1440 1521 ibi
1475 1481 1670 1536 preces
1686 1463 1754 1517 ad
1791 1461 1973 1516 Deum
2008 1459 2086 1512 fa-

444 1566 521 1620 cit
549 1582 563 1631 ;
596 1564 696 1620 sed
726 1562 885 1616 illinc
917 1574 1186 1631 egressus
1209 1557 1459 1626 imponit
1488 1554 1601 1608 sibi
1625 1553 1898 1622 deinceps
1930 1563 2086 1604 coro-

444 1669 579 1708 nam
613 1668 833 1716 rursus,
864 1660 916 1706 et
949 1647 1233 1704 inscendit
1263 1646 1320 1699 in
1371 1659 1585 1714 equum
1646 1639 1844 1696 album
1879 1655 1892 1694 :
1928 1640 2086 1692 data-

444 1757 553 1810 que
611 1737 1047 1811 magistratibus
1103 1735 1270 1789 venia
1330 1731 1545 1804 pariter
1600 1730 1658 1784 in
1707 1744 1886 1799 equos
1945 1743 2084 1781 suos

447 1825 847 1888 inscendendi.
915 1823 1176 1896 procedit
1262 1822 1319 1874 in
1398 1817 1688 1889 {obsequio
1773 1817 1843 1870 ad
1901 1815 2083 1869 eadem

2193 651 2250 709 δὲ
2297 653 2637 728 εὑρίσκονται
2673 651 2725 706 ἐν
2775 657 2853 722 τῷ
2900 650 3196 708 παπιλιῶι.
3231 651 3314 724 [Ἠ
3349 647 3404 704 δὲ
3425 653 3523 704 τοῦ
3555 648 3847 703 παπιλιῶ-

2189 765 2273 797 νοι
2324 742 2665 818 προσηγορίαι
2703 744 2984 814 Ῥωμαῖκή
3035 741 3148 794 ἔστι
3196 741 3389 811 Papili.
3451 740 3521 796 ’Ὁ
3585 740 3688 813 γὰρ
3741 737 3845 794 λέ-

2191 854 2362 910 γεται,
2398 835 2426 887 ὅ
2465 832 2722 887 καλοῦσιν
2765 833 2817 886 οἱ
2861 829 3135 900 Ἕλληνες
3187 829 3455 904 ψυχάριον
3506 831 3622 901 (36)
3652 829 3713 883 τὸ
3745 849 3848 882 πε-

2189 923 2420 994 τάμενον
2471 921 2593 996 περὶ
2638 921 2733 983 τὰς
2772 915 3016 993 κράμϐας
3083 919 3172 973 καὶ
3233 919 3299 973 τὰ
3365 917 3536 994 γοιπᾶ
3599 916 3844 996 λάχαναο

2191 1009 2376 1080 ἐπειὸἡ
2420 1011 2513 1065 οὖν
2564 1011 2630 1065 τὰ
2659 1009 3122 1084 παραπετάσματα
3159 1012 3255 1062 τοῦ
3286 1005 3632 1068 παπιλιῶνος
3655 1006 3834 1062 ἔοικεν

2190 1108 2308 1164 τοῖς
2350 1106 2569 1175 πτεροῖς
2612 1104 2708 1154 τοῦ
2758 1099 2995 1176 ζωῦφίου
3032 1098 3248 1166 τούτου,
3291 1095 3380 1151 δῖα
3419 1100 3582 1150 τοῦτο
3627 1097 3677 1150 οἱ
3707 1100 3845 1152 Ῥω-

2194 1195 2346 1264 μαῖοι
2379 1194 2694 1245 παπιλιῶνα
2724 1187 2882 1244 αὐτὸν
2929 1187 3208 1242 καλοῦσιν.
3237 1189 3253 1259 )
3301 1186 3402 1243 Καὶ
3453 1186 3782 1258 άποθὲμενος
3815 1186 3844 1240 ὁ

2196 1278 2448 1354 βασιλεὺς
2480 1279 2533 1334 ἐν
2581 1283 2663 1350 τῷ
2712 1275 3073 1350 μουτατωρίῳ
3120 1276 3210 1330 τὸν
3259 1274 3538 1350 στέφανον,
3602 1273 3851 1348 εἷ’σέρχε-

2191 1388 2274 1422 ται
2333 1369 2422 1422 καὶ
2467 1366 2706 1442 εὔχεται,
2755 1366 2845 1420 καὶ
2903 1365 3066 1421 πάλιν
3115 1365 3470 1439 ἐξερχόμενος
3523 1369 3707 1437 φορεῖ,
3752 1364 3844 1417 καὶ

2189 1456 2419 1525 κάθηται
2449 1453 2628 1527 λευκῷ
2646 1454 2806 1526 ’ίππῳ
2838 1456 2970 1525 (37),
3019 1453 3109 1506 καὶ
3157 1450 3430 1525 ἐπιτρέπει
3469 1455 3585 1512 τοῖς
3632 1453 3849 1524 ἄρχου-

2190 1565 2270 1599 σιν
2303 1543 2536 1613 καθίσαι,
2568 1543 2656 1597 καὶ
2690 1541 3080 1616 ὀψικευόμενος
3131 1533 3349 1616 ἔρχεται
3393 1538 3470 1600 εἷς
3510 1539 3602 1592 τὸν
3651 1540 3841 1613 ’Ἄγιον

2188 1623 2444 1703 Ἰωάννην
2487 1637 2577 1688 τὸν
2629 1633 2935 1700 Βαπτιστήν
2982 1632 3119 1702 (38),
3151 1631 3238 1683 καὶ
3279 1627 3331 1683 ἐν
3363 1632 3441 1700 τῷ
3476 1627 3844 1702 μουτατωρίῳ

2187 1729 2268 1796 τῷ
2330 1723 2722 1796 εὐτρεπισθέντι
2764 1720 2970 1793 ἐπαίρει
3019 1719 3109 1772 τὸν
3163 1719 3445 1795 στέφανον,
3489 1719 3579 1771 καὶ
3613 1715 3841 1771 δίδωσιν

2191 1813 2352 1868 αὐτὸν
2404 1816 2482 1883 τῷ
2539 1809 2900 1882 πραιποσίτῳ·
2955 1810 2983 1864 ὁ
3036 1806 3090 1863 δὲ
3155 1808 3516 1882 πραιπὸσιτος
3585 1808 3844 1863 ὑποκάτω

444 1919 499 1972 S.
529 1917 773 1972 Joannis
793 1915 1082 1984 Baptistae.
1115 1911 1295 1981 Cujus
1323 1909 1381 1963 in
1406 1907 1738 1972 mutatorio,
1762 1904 1916 1976 quod
1950 1909 2080 1958 ante

2201 1903 2456 1977 βαστάζει
2495 1901 2677 1968 αὑτὸν,
2724 1899 2813 1953 καὶ
2856 1899 2945 1953 ὅτε
3003 1897 3218 1971 εἰσέλθῃ
3280 1896 3355 1958 εἲς
3412 1899 3511 1966 τήν
3576 1898 3846 1972 τράπεζαν

444 2007 571 2076 ejus
603 2009 915 2060 adventum
951 2006 1333 2073 praaparatum
1367 1997 1494 2062 fuit,
1531 1996 1762 2067 deponit
1814 2009 2087 2047 coronam

447 2099 505 2150 et
554 2093 863 2164 praeposito
921 2091 1116 2154 tradit,
1175 2087 1274 2159 qui
1318 2103 1440 2142 eam
1493 2084 1765 2140 manibus
1822 2082 2090 2138 demissis

447 2191 669 2257 gestat;
697 2182 1106 2252 accedenlique
1146 2181 1215 2234 ad
1241 2191 1503 2233 mensam
1523 2175 1610 2231 vel
1643 2174 1819 2229 altare
1850 2171 2086 2227 domino

447 2286 652 2326 rursus
685 2269 946 2341 porrigit.
981 2267 1064 2322 lbi
1097 2265 1371 2322 dominus
1429 2279 1554 2318 eam
1614 2263 1670 2316 in
1705 2277 1869 2316 sacra
1891 2275 2091 2314 mensa

449 2358 722 2430 deponit;
756 2373 938 2428 eoque
976 2357 1149 2419 facto,
1183 2353 1331 2408 tollit
1369 2368 1571 2408 rursus
1617 2356 1674 2407 et
1721 2348 1911 2406 reddit
1945 2363 2088 2419 prte-

450 2447 658 2519 posito,
685 2451 742 2501 et
788 2445 1017 2500 cimelia
1066 2460 1163 2497 seu
1214 2445 1593 2496 monumenta
1641 2441 1882 2493 donaria
1922 2436 2092 2492 offert

449 2537 726 2606 ecclesiae,
757 2535 950 2605 qualia
987 2533 1130 2600 vult,
1183 2533 1394 2587 comite
1441 2531 1796 2602 privatarum
1856 2543 1922 2583 ea
1975 2526 2089 2598 ipsi

449 2625 841 2680 ministrante.
875 2624 1015 2677 Dein
1048 2637 1312 2676 reversus
1352 2621 1408 2673 in
1471 2617 1849 2672 mutatorium
1904 2615 2091 2670 induit

451 2729 744 2781 coronam,
777 2717 834 2767 et
855 2711 1142 2767 inscendit
1171 2709 1229 2763 in
1258 2724 1510 2780 equum;
1563 2723 1677 2778 quo
1706 2706 1951 2772 vehitur,
1985 2705 2090 2760 do-

450 2818 554 2858 nec
585 2803 654 2856 ad
688 2799 1032 2856 Helenianas
1062 2797 1298 2854 venerit.
1339 2798 1423 2854 Ibi
1449 2801 1640 2852 autem
1682 2795 2003 2862 descendit,
2037 2799 2094 2850 et

450 2891 706 2947 occurrit
733 2889 842 2962 ipsi
874 2896 1066 2944 custos
1098 2885 1297 2957 palatii
1320 2886 1498 2958 [quod
1531 2886 1602 2940 ab
1634 2885 1851 2941 Helena
1880 2899 2092 2939 nomen

452 2981 672 3052 habet],
729 2981 1175 3052 ingressumque
1233 2993 1332 3048 per
1391 2982 1613 3048 portam
1672 2975 1892 3048 palatii,
1940 2991 2094 3047 genu

2199 1988 2512 2046 ἐπιδίδωσιν
2563 1989 2710 2060 αὐτῷ
2758 1989 2850 2042 τὸν
2889 1985 3168 2064 στέφανον,
3208 1986 3296 2040 καὶ
3338 1985 3641 2055 ἐπιτίθησιν
3682 1987 3848 2042 αὐτὸν

2198 2079 2285 2135 ἐπὶ
2333 2083 2433 2150 τήν
2477 2079 2630 2154 ἁγίαν
2681 2079 2970 2152 τράπεζαν,
3021 2077 3110 2131 καὶ
3151 2076 3357 2152 ἐπαίρει
3407 2075 3574 2131 πάλιν
3625 2076 3716 2130 καὶ
3766 2074 3850 2131 δί-

2198 2168 2360 2225 δωσιν
2420 2168 2576 2222 αὐτὸν
2631 2172 2708 2238 τῷ
2745 2165 3113 2241 πραιποσίτῳ,
3163 2166 3253 2219 καὶ
3305 2163 3596 2244 προσφέρει
3649 2168 3850 2239 κειμή-

2195 2259 2308 2329 λια,
2359 2261 2449 2313 οἶα
2500 2256 2778 2333 βούλεται,
2833 2258 3233 2329 ὑπουργοῦντος
3291 2258 3388 2309 τοῦ
3437 2254 3684 2328 κόμητος
3735 2260 3845 2309 τῶν

2193 2343 2495 2424 πριϐἀτων.
2559 2346 2654 2402 Καὶ
2721 2344 3110 2418 εἷσερχὸμενος
3187 2341 3267 2404 εἲς
3337 2343 3399 2397 τὸ
3469 2343 3844 2415 μουτατώριον

2196 2442 2353 2514 φορεῖ
2426 2437 2513 2490 τὸν
2583 2434 2862 2511 στέφανον,
2896 2433 2984 2487 καὶ
3049 2432 3281 2502 κάθηται
3345 2435 3424 2503 τῷ
3485 2430 3644 2502 ἵππῳ
3710 2431 3845 2507 ἄχρι

2198 2525 2543 2595 ’Βλενιανῶν,
2601 2523 2689 2578 καὶ
2743 2524 3066 2597 κατέρχεται
3125 2521 3256 2588 ἐκεῖ,
3300 2520 3390 2575 καὶ
3440 2519 3647 2591 ἀπαντᾷ
3695 2521 3846 2594 αὖτῷ

2197 2617 2224 2670 ὁ
2275 2613 2444 2692 φύλαξ
2492 2617 2589 2668 τοῦ
2637 2611 2928 2679 παλατίου,
2978 2609 3065 2666 καί
3113 2615 3426 2686 προσκυνεῖ,
3476 2608 3560 2665 ἐὰν
3624 2611 3700 2684 μὴ
3755 2610 3842 2681 εἴη

2199 2704 2444 2779 Κυριακή
2503 2704 2635 2776 (39),
2688 2702 2820 2774 μετὰ
2863 2702 2924 2756 τὸ
2993 2699 3249 2756 εἰσελθεῖν
3313 2699 3471 2754 αὐτὸν
3523 2700 3622 2768 τὴν
3677 2699 3839 2774 θύραν

2195 2794 2292 2849 τοῦ
2319 2792 2609 2848 παλατίου.
2644 2792 2740 2845 Καὶ
2791 2790 2879 2844 ἐὰν
2936 2787 3020 2860 εἷή
3057 2789 3449 2862 ἀξιωματικὸς,
3482 2784 3697 2864 δέχεται
3746 2788 3844 2843 αὖ·

2196 2884 2286 2938 τὸν
2317 2882 2422 2937 ἀπὸ
2475 2879 2763 2953 πόματος·
2806 2877 2918 2934 ἒκεῖ
2964 2875 3021 2932 δὲ
3060 2879 3208 2951 αὐτῷ
3241 2878 3446 2947 ἀπαντᾷ
3483 2876 3572 2931 καὶ
3612 2877 3641 2932 ὁ
3671 2898 3841 2932 σταυ-

2205 2973 2293 3047 ρὸς
2326 2971 2386 3026 ἐκ
2441 2967 2626 3038 δεξιῶν
2686 2967 2848 3023 αὐτοῦ
2882 2968 3169 3042 ἱστάμενος
3219 2967 3300 3023 ἐπ’
3323 2965 3552 3045 ἐδάφους
3581 2969 3669 3023 καὶ
3711 2987 3843 3042 κρα-

1483 3103 1684 3158 JOAN.
1722 3102 1846 3157 JAC
1889 3101 2146 3156 REISKII
2184 3097 2766 3156 COMMENTARIUS.

511 3233 621 3303 (36)
649 3233 959 3288 Credebam
993 3231 1329 3302 aliquando,
1362 3233 1464 3284 aut
1496 3244 1682 3303 unum
1709 3233 1810 3283 aut
1839 3230 2082 3303 alterum
2114 3229 2156 3296 C

442 3299 770 3360 membrum
805 3299 1123 3368 abundare,
1172 3308 1228 3356 et
1259 3317 1388 3354 nam
1425 3300 1565 3371 quod
1621 3299 1832 3354 dicitur
1892 3299 2076 3354 nihilo

441 3378 576 3448 plus
605 3376 811 3448 dicere,
837 3391 1012 3445 quam
1039 3373 1182 3448 quod
1202 3373 1351 3448 enim
1375 3371 1552 3427 Graci
1577 3373 1880 3448 appellant.
1913 3371 2080 3448 Nunc

442 3442 632 3502 famen
664 3442 956 3501 crederem
992 3447 1183 3514 potius
1214 3445 1270 3496 in
1319 3442 1625 3513 postremis
1675 3442 2080 3514 reprehensio-

441 3534 572 3574 nem
596 3528 649 3572 et
678 3513 1091 3572 correctionem
1118 3515 1373 3584 priorum
1399 3530 1542 3568 esse.
1567 3513 1717 3581 Quod
1747 3516 1893 3567 enim
1921 3514 2079 3584 vulgo

436 3591 657 3654 dicitur,
692 3588 800 3643 imo
829 3603 954 3642 vero
1005 3587 1146 3657 quod
1204 3585 1448 3641 Hellenes
1474 3602 1569 3640 seu
1601 3584 1913 3641 idololatrw
1953 3585 2080 3657 [pro

439 3678 542 3716 sua
574 3656 1393 3730 superstitione]psychorium
1417 3657 1706 3730 appellant
1735 3672 1835 3730 seu
1861 3656 2077 3710 animu-

438 3732 570 3785 lam.
607 3727 731 3785 Non
766 3731 972 3800 probat
993 3727 1129 3799 ergo
1163 3744 1327 3800 usum
1361 3729 1534 3797 hujus
1556 3727 1839 3800 vocabuli,
1873 3734 2080 3798 putans

437 3801 493 3856 id
524 3818 706 3872 nugas
737 3799 971 3868 gentilis
1004 3799 1385 3872 philosophiae
1423 3815 1646 3872 sapere.
1678 3799 2081 3872 Pythagorica

436 3875 592 3928 enim
609 3868 682 3926 'et
711 3872 979 3928 Heracliti
1005 3868 1215 3926 scholas
1238 3868 1418 3943 ψυχάς
1440 3868 1810 3940 appellabant
1831 3868 2082 3925 animal-

437 3945 590 4008 cula,
622 3945 837 4014 quibus
869 3950 964 3998 aer
993 3948 1196 4008 scatet,
1229 3948 1284 3995 et
1330 3943 1679 4012 papilionem
1718 3958 1948 4012 quoque
1981 3958 2078 4010 pro

445 4015 705 4084 symbolo
732 4015 937 4068 animae
963 4013 1296 4084 pingebant.
1523 4080 1532 4084 _
1754 4081 1787 4084 η
1814 4081 1850 4084 __
1942 4043 1948 4046 -

507 4086 618 4152 (37)
676 4087 834 4138 Cont'.
879 4079 1027 4137 infra
1070 4079 1140 4152 'p.
1192 4082 1333 4152 288.7
1394 4080 1567 4150 Equis
1623 4081 1887 4135 candidis
1947 4079 2076 4134 vehi

438 4151 564 4209 erat
593 4151 1378 4225 triumphantiumngidsDio
1408 4153 1637 4225 Cassius
1660 4152 1842 4225 p._350
1871 4157 1928 4204 et
1953 4152 2078 4225 669.

435 4225 545 4297 Leo
578 4220 950 4297 Grammatic.
986 4225 1044 4297 in
1073 4220 1390 4297 Theopbilo
1420 4238 1471 4290 p.
1497 4221 1661 4297 1153.:
1697 4221 1940 4297 LExe'iesir
1976 4223 2075 4297 ἀφ-

441 4293 686 4365 ικόμενος
718 4293 794 4353 εἲς
823 4293 928 4365 τήν
953 4289 1115 4365 πόλιν
1137 4290 1204 4345 τὰ
1233 4287 1446 4365 λάφυρα
1469 4287 1906 4365 ’ἐθριάμϐευσενῌ
1927 4287 2081 4344 ἱππι-

436 4361 794 4436 κὸνποι-ήσας
842 4363 935 4436 καὶ
997 4361 1060 4414 τὸ
1117 4361 1332 4435 πρῶτον
1391 4361 1565 4435 βα’ἒον’
1603 4362 1814 4431 παίξας,
1875 4363 2074 4436 ἅρματι

435 4431 618 4508 λευκῷ
647 4432 1088 4508 ἐπρχησᾴμενος,
1120 4431 1173 4490 et
1198 4439 1280 4490 Du
1321 4431 1513 4504 Gange
1553 4452 1603 4491 ν.
1637 4431 2072 4506 Εᾳιιίιιιὺι’,’(]ιιὶ

437 4506 668 4559 abunde
699 4506 915 4558 de‘illis
945 4507 1080 4575 egit.

506 4576 619 4646 (38)
678 4575 946 4649 Solebant
990 4577 1115 4630 novi
1184 4576 1583 4646 imperatores,
1639 4582 1949 4649 antequam
2009 4577 2068 4632 in

436 4651 641 4702 urbem
673 4648 973 4714 intrarent,
1014 4649 1072 4701 in
1124 4653 1401 4719 templum
1451 4655 1507 4704 S.
1538 4648 2068 4718 Joannis’Baptistte

435 4735 535 4773 seu
570 4719 867 4772 Prodromi
901 4720 1198 4784 divertere,
1225 4721 1342 4774 sive
1373 4725 1432 4774 ut
1463 4720 1538 4774 ibi
1565 4721 1865 4775 donarium
1899 4720 2068 4788 depo-

435 4796 640 4862 nerent
671 4791 730 4862 in
759 4790 945 4850 altari,
981 4805 1106 4858 qua:
1143 4793 1282 4845 ratio
1333 4792 1422 4845 hic
1479 4789 1758 4862 allegatur
1786 4793 1842 4846 in
1877 4799 2068 4846 nostro

434 4861 654 4924 codice,
686 4861 806 4934 sive
832 4866 894 4934 ut
923 4862 1295 4934 imperatores
1322 4862 1397 4916 ibi
1417 4861 1909 4934 renuntiarentur,
1941 4879 2067 4934 qua

436 4949 611 4988 causa
642 4949 711 4987 ex
737 4930 1360 5002 Cedrenointelligitur,
1395 4934 1512 4986 sive
1543 4933 1774 4988 tandem
1796 4940 1858 4988 ut
1885 4951 1918 4986 a
1948 4930 2068 4989 toto

437 5009 644 5060 senatu
675 5004 863 5058 aulico
894 5003 951 5057 in
983 5018 1222 5072 corpore
1253 5003 1329 5055 ibi
1380 5004 1768 5059 salutarentur
1815 5010 1871 5058 et
1911 5006 2068 5060 velut

435 5075 774 5146 bomagium
797 5075 1156 5146 acciperent._
1194 5073 1466 5146 Solebant
1505 5077 1659 5146 enim
1694 5092 1955 5142 proceres
1987 5076 2068 5131 ibi

436 5144 868 5217 imperatorem,
889 5144 1119 5216 quoties
1145 5144 1201 5197 in
1229 5145 1429 5199 urbem
1462 5144 1835 5217 veniret,sive
1867 5163 2068 5202 recens

435 5214 715 5277 creatum.
759 5219 879 5272 sive
908 5214 1050 5286 _jam
1100 5221 1416 5279 vetustum,
1468 5214 1548 5268 ibi
1607 5216 1882 5285 excipere.
1939 5217 2066 5273 Vid.

435 5289 664 5344 Contin.
697 5288 1033 5353 TheOphan.
1068 5302 1123 5356 p.
1162 5288 1226 5341 12
1249 5292 1304 5342 et
1356 5287 1594 5358 Cedren.
1648 5303 1700 5358 p.
1734 5287 1857 5358 485.
1911 5288 2066 5358 Idem

435 5376 492 5429 p.
526 5361 649 5415 403.
701 5361 772 5415 de
830 5359 1020 5432 Phoca
1068 5355 1310 5432 tyranno
1378 5359 1458 5413 ait
1481 5375 1505 5432 :7
1555 5355 1965 5432 Ἀνάγορεύεται
2015 5356 2064 5432 ἐν

433 5427 512 5494 τῷ
570 5433 684 5503 ναῷ
735 5432 830 5483 τοῦ
882 5427 1230 5503 Προδρόμου,
1280 5431 1638 5503 renuntiatur
1684 5427 1980 5503 imperator
2009 5431 2068 5484 in

434 5497 1170 5590 ξειηρίοίΡςξεσανδὸνίεὲβαί
1210 5497 1347 5590 μετά
1371 5497 1494 5586 δὺοι
1521 5499 1730 5590 ἡμέρας
1762 5497 1878 5590 ⁷ἐττξ
1912 5500 2068 5590 βασι-

434 5568 593 5638 λικῆς
625 5569 833 5640 ἀμάξης
895 5568 1250 5645 καθεζόμενος
1310 5573 1384 5632 εἱς
1438 5569 1506 5625 τὰ
1539 5568 1786 5644 βασίλεια
1828 5568 2066 5647 εἰσέρχε-

432 5659 542 5693 ται.

511 5711 616 5785 (39)
645 5712 864 5768 Similis
895 5713 1028 5768 buic
1049 5717 1102 5768 et
1131 5713 1375 5782 insignis
1398 5717 1485 5785 est
1508 5712 1668 5769 locus
1690 5729 1866 5785 supra
1898 5715 2064 5785 p.95.

439 5795 555 5850 quo
583 5784 856 5837 docemur
885 5785 955 5838 ob
971 5784 1786 5843 reverentiamdieiDominico
1812 5784 2067 5842 habitam

2195 3242 2308 3281 non
2338 3226 2642 3280 adoratum
2663 3239 2793 3296 esse
2825 3224 3236 3296 imperatorem
3269 3239 3336 3279 eo
3357 3224 3450 3280 die
3480 3239 3494 3280 :
3527 3221 3600 3279 El’
3629 3225 3721 3296 μὲν
3746 3244 3845 3278 ουκ

2193 3297 2260 3368 ᾖν
2319 3297 2558 3368 Κυριακή
2610 3366 2618 3368 Α
2660 3293 2929 3368 ἔπιπτον’
2969 3295 3138 3364 κάτω,
3213 3293 3646 3368 προσκυνοῦντες
3719 3297 3844 3356 τοὺς

2187 3363 2626 3429 δεσπότας...νεῗ
2671 3363 2834 3440 ἦν
2894 3363 3164 3440 Κυριακή,
3252 3363 3354 3440 ὸύβ
3413 3365 3635 3440 ἔπιπτον
3695 3369 3843 3440 κάτω

2183 3443 2628 3512 προσκυνοῦντες,
2659 3437 2806 3492 ἀλλά
2848 3437 3012 3512 μέχρι
3068 3442 3174 3493 τῶν
3225 3437 3469 3512 γονάτων
3511 3438 3730 3492 ἐποίουν
3781 3439 3843 3493 τὸ

2187 3506 2342 3572 σέϐας
2363 3517 2464 3579 τῆς
2496 3506 2969 3580 προσκυνήσεωςξ”
2992 3511 3156 3566 Conf.
3308 3512 3394 3577 40,
3449 3512 3583 3565 item
3629 3529 3685 3582 p.
3720 3513 3842 3575 101,

2187 3586 2283 3639 ubi
2303 3585 2514 3638 dicitur
2535 3586 2926 3654 orphanorum
2951 3592 3180 3638 curator
3204 3585 3297 3636 die
3335 3583 3481 3637 festo
3512 3582 3842 3655 symbolum

2188 3657 2322 3710 ﬁdei
2354 3656 2643 3710 Nicaanum
2681 3658 2735 3708 in
2773 3655 3120 3724 membrana
3157 3657 3462 3724 scriptum
3506 3654 3842 3724 imperatori

2187 3728 2430 3782 offerens
2459 3729 2778 3797 προσκυνεῖν
2834 3724 2925 3778 τὸν
2981 3722 3233 3797 βασιλέαΔ
3267 3721 3340 3795 μή
3390 3721 3609 3784 τελέως
3634 3723 3842 3778 πίπτων

2184 3818 2354 3864 κατω,
2397 3789 2514 3850 ἀνθί
2569 3796 2640 3849 ὢν
2693 3797 2945 3870 βαστάζει
2975 3789 3041 3850 τὰ
3091 3789 3367 3870 σύμϐολα,
3421 3803 3681 3861 adorare,
3730 3813 3841 3870 non

2181 3879 2604 3940 prorsustamen
2626 3868 2796 3940 usque
2817 3871 2874 3922 in
2903 3869 3130 3923 humum
3151 3869 3355 3932 delabi,
3377 3874 3673 3938 propterea
3701 3868 3842 3940 quod

2183 3938 2484 4011 symbolum
2513 3938 2735 3994 sacrum
2791 3942 2950 4008 ferat.
2995 3942 3068 3994 At
3113 3955 3178 3994 eo
3220 3940 3432 3994 tradito
3475 3942 3602 4010 jam
3660 3938 3842 3993 πιπτεί

2183 4010 2351 4065 κάτω.
2386 4011 2783 4067 Memorabilia
2815 4011 2932 4082 haec
2965 4016 3102 4066 sunt
3141 4011 3334 4077 verba,
3359 4012 3634 4081 quoniam
3660 4012 3841 4082 gemi-

2185 4099 2320 4136 num
2355 4099 2540 4154 genus
2571 4081 2923 4136 adorationis
2955 4089 3301 4148 memorant,
3349 4083 3506 4136 humi
3542 4081 3838 4154 procidere,

2183 4163 2233 4208 et
2261 4169 2428 4223 usque
2455 4154 2524 4208 ad
2552 4169 2729 4222 genua
2759 4158 2972 4207 tantum
3002 4158 3165 4222 caput
3213 4153 3504 4208 inclinare.
3553 4153 3710 4208 Prior
3749 4154 3843 4208 ille

2185 4230 2394 4279 modus
2423 4224 2538 4279 duo
2568 4225 2825 4278 diversos
2857 4225 3282 4291 complectitur.
3317 4227 3434 4280 Aut
3461 4227 3614 4280 enim
3657 4226 3712 4278 in
3746 4241 3842 4295 ge-

2185 4311 2301 4349 nua
2352 4311 2456 4348 sua
2524 4296 2900 4362 procidebant
2958 4296 3268 4351 adorantes
3299 4300 3356 4348 et
3399 4298 3569 4364 pedes
3619 4296 3840 4350 adorati

2183 4365 2635 4432 osculabantur;
2659 4374 2760 4420 aut
2794 4367 2956 4437 proni
2985 4368 3260 4436 jacebant
3289 4372 3409 4422 toto
3439 4384 3679 4438 corpore
3712 4384 3839 4438 por-

2183 4438 2343 4502 recti,
2367 4439 2639 4509 expansis
2666 4440 2938 4492 [inanibus
2965 4439 3329 4509 pedibusque
3350 4438 3508 4493 velut
3545 4439 3837 4508 pulverem

2181 4512 2342 4562 terra;
2376 4508 2931 4580 lingentes.7Gradus
2955 4511 3058 4564 bos
3089 4508 3292 4564 ordine
3336 4512 3700 4580 persequitur
3721 4511 3838 4564 ()do

2179 4581 2251 4633 de
2284 4580 2502 4649 biogilo
2533 4579 2715 4649 (apud
2751 4586 2828 4633 Uu
2861 4581 3051 4643 Cange
3081 4597 3133 4635 v.
3192 4579 3581 4650 Polythronia)
3613 4597 3631 4634 :
3676 4582 3836 4651 Poly-

2177 4651 2415 4705 chronim
2446 4657 2711 4721 vocantur
2739 4653 3076 4720 reverentia,
3107 4668 3240 4720 quas
3261 4669 3371 4706 non
3412 4652 3588 4706 solum
3623 4654 3836 4721 regibus

2176 4721 2267 4776 sed
2294 4724 2460 4777 etiam
2484 4720 2818 4793 quibuslibet
2839 4722 2956 4776 suis
2985 4724 3286 4793 majoribus
3351 4725 3624 4793 exhibent.
3668 4720 3831 4793 caput

2176 4801 2227 4848 et
2254 4808 2451 4862 corpus
2483 4781 2804 4848 submissius
2851 4781 3199 4857 inclinantes,
3227 4795 3309 4849 vel
3345 4795 3476 4864 ﬁxis
3517 4796 3575 4849 in
3609 4781 3833 4850 'terram

2179 4865 2438 4936 genubus,
2486 4865 2567 4918 vel
2622 4866 2792 4918 etiam
2846 4881 2959 4920 sese
2997 4869 3101 4920 toto
3141 4881 3362 4934 corpore
3399 4870 3828 4936 prosternentes.

2179 4935 2405 4990 Primus
2434 4939 2655 5006 hmod‘us
2703 4939 2867 5006 caput
2904 4945 2955 4989 et
2982 4952 3173 5006 corpus
3201 4935 3525 4992 submissius
3551 4938 3832 5006 inclinare

2177 5015 2261 5060 est
2291 5004 2482 5079 arcteiv
2522 5003 2616 5079 ac
2659 5000 2816 5079 σέϐας
2867 5011 2966 5073 τῆς
3011 5000 3428 5079 προσκυνήσεως
3492 5005 3656 5079 μέχρι
3715 5011 3821 5062 τῶν

2177 5077 2437 5148 γονάτῶν,
2466 5077 2714 5146 ofﬁcium
2743 5077 3080 5134 adorationis
3109 5095 3287 5149 usque
3305 5080 3375 5132 ad
3402 5077 3820 5147 genuai'facere,

2182 5149 2237 5218 id
2271 5154 2360 5202 est
2389 5159 2560 5217 caput
2593 5164 2760 5202 suum
2795 5165 2976 5218 usque
3014 5151 3085 5203 ad
3125 5166 3313 5218 genua
3351 5167 3455 5204 sua
3495 5152 3818 5205 demittere.

2175 5217 2302 5272 Vid.
2339 5219 2489 5272 intra
2523 5235 2574 5287 p.
2608 5220 2731 5274 346.
2767 5217 3024 5289 Effigiem
3068 5217 3149 5272 sic
3177 5222 3476 5274 adorantis
3508 5221 3701 5275 videre
3736 5226 3824 5276 est

2176 5289 2234 5342 in
2279 5290 2599 5360 Menologio
2645 5290 2927 5345 Basiliano
2960 5297 3000 5348 t.
3054 5291 3123 5354 ll,
3181 5308 3234 5360 p.
3281 5292 3370 5345 57.
3422 5291 3489 5345 Et
3531 5291 3726 5358 Russi,
3773 5291 3819 5346 si

2179 5360 2324 5431 bene
2357 5356 2612 5426 memini,
2647 5361 2972 5431 superiores
3005 5377 3142 5416 suos
3176 5356 3280 5416 boc
3305 5363 3476 5416 modo
3505 5356 3766 5426 adorant,
3791 5380 3818 5414 a

2177 5430 2387 5485 Graecis
2436 5431 2607 5486 docti.
2657 5430 2840 5502 Latini
2891 5433 3186 5502 sequiores
3226 5449 3359 5486 eum
3407 5433 3818 5487 inclinationem

2175 5505 2302 5555 ante
2328 5512 2378 5556 et
2408 5511 2546 5573 retro
2577 5501 2890 5572 appellant.
2914 5501 3068 5558 Miris
3111 5503 3514 5573 appellationis
3539 5506 3820 5558 rationem

2176 5573 2435 5641 suggerit
2467 5571 2766 5628 Uilalricus
2799 5573 2836 5627 l.
2870 5590 2954 5640 ιιι,
2994 5571 3264 5635 Consuet.
3305 5574 3588 5638 Cluniac.,
3622 5591 3671 5631 c.
3704 5575 3757 5628 2.
3801 5592 3815 5640 ;

2177 5644 2439 5714 Qualibet
2471 5645 2710 5699 novitius
2738 5653 2817 5700 est
2838 5647 3211 5714 instruendus,
3241 5650 3301 5700 ut
3329 5645 3670 5713 regulariter
3683 5645 3821 5700 sciat

2173 5723 2336 5786 caput
2365 5715 2658 5784 inclinare,
2692 5717 2914 5786 scilicet
2960 5732 3070 5770 non
3119 5717 3274 5772 dorso
3319 5724 3544 5771 arcuato
3595 5755 3608 5768 .
3660 5757 3673 5770 .
3730 5715 3817 5771 sed

2177 5785 2278 5854 ita,
2313 5791 2372 5840 ut
2400 5785 2620 5840 dorsum
2647 5785 2720 5842 sit
2757 5787 3098 5854 summisius,
3144 5803 3317 5858 quam
3360 5786 3538 5842 lumbi
3575 5795 3626 5842 et
3654 5793 3818 5858 caput

3713 428 3842 489 756
3939 401 3943 404 ’
