4154 6306
378 406 502 470 765

1253 409 1356 470 DE
1399 409 1851 475 CERIMONIIS
1896 415 2134 478 AULIE
2175 418 2651 484 BYZAN'I‘IN/E
2695 424 2847 486 LIB.
2895 428 2945 487 Ι.

3677 437 3794 498 766

372 541 470 597 ἐὰν
501 539 560 596 δὲ
591 539 763 608 θὲλει,
800 542 886 595 καὶ
943 539 1230 615 συνάγεται
1281 544 1412 615 (48),
1443 544 1534 598 καὶ
1584 544 1880 620 ἀναχωρεῖ,
1914 547 2030 604 ἐπιο
2062 604 2068 616 ,

2145 551 2340 619 luerit,
2362 555 2546 625 offert,
2572 562 2673 612 aut
2701 566 2754 614 et
2787 559 3084 630 signatum
3117 577 3350 634 quoque
3381 539 3796 626 aurum-donat

373 631 620 693 τιθέντος
678 630 829 702 αὐτῷ
890 630 983 685 τὸν
1047 629 1303 706 στέφανον
1368 637 1466 686 τοῦ
1534 632 1832 690 ἐπισκόπου
1897 640 2033 710 (49),

373 720 521 774 κατᾶ
550 720 612 774 τὸ
643 713 764 783 ἔθος
813 722 922 773 τῶν
977 718 1291 793 προκέσσων
1339 726 1438 788 τῆς
1487 719 1785 792 ἐκκλησίας
1827 724 2034 797 ῥογεύει

371 815 503 870 τοῖς
559 807 874 883 κληρικοῖς,
932 808 1024 862 καὶ
1084 805 1304 883 ἔρχεται
1357 806 1445 863 ἐπὶ
1503 810 1566 864 τὸ
1625 811 1911 882 παλάτιον,
1943 815 2033 868 καὶ

373 897 692 953 ἀπαντῶσιν
723 897 872 968 αὐτῴ
902 897 1097 954 πάντες
1140 897 1192 950 οἱ
1224 897 1583 972 συγκλητικοὶ
1626 898 1731 955 ἔσω
1776 905 1876 966 τῆς
1935 904 2032 976 ῥη-

374 987 536 1063 γίας⁶
573 987 852 1042 ἀπαντῶσι
902 983 960 1041 δὶ
1007 985 1155 1058 αὐτῷ
1195 987 1285 1040 καὶ
1316 987 1368 1041 οἱ
1399 989 1638 1062 κόμητες
1669 995 1778 1045 τῶν
1810 991 2031 1066 σχολῶν

379 1078 436 1131 οἱ
483 1077 808 1153 φυλάξαντες
854 1077 946 1145 τήν
1003 1073 1166 1130 πόλιν
1228 1077 1317 1130 καὶ
1358 1078 1421 1132 τὸ
1467 1078 1734 1134 παλάτιον
1767 1077 1872 1150 (δεῖ
1929 1083 2034 1156 γάρ

379 1187 536 1230 τινας
567 1166 744 1221 αὐτῶν
775 1165 1063 1237 ἂπομεῖναι
1090 1167 1204 1239 (50)
1235 1165 1326 1219 καὶ
1372 1165 1605 1243 φυλάξαι
1652 1170 1714 1224 τὸ
1766 1169 2031 1225 παλάτιον

384 1255 556 1332 μέχρι
616 1257 678 1311 οὗ
735 1255 1049 1330 ὑποστρέψῃ
1109 1255 1136 1309 ὁ
1177 1254 1468 1330 γενόμενος
1531 1257 1831 1332 βασιλεὺς),
1863 1280 2034 1334 προσ-

377 1349 634 1400 κυνοῦσιν
674 1343 861 1414 αὐτὸν,
894 1343 982 1398 ἐὰν
1047 1345 1122 1416 μὴ
1183 1341 1269 1412 ιῖἠ
1324 1347 1594 1418 Κυριακή,
1625 1348 1714 1401 καὶ
1780 1346 2030 1426 φιλοῦσιν

374 1436 509 1499 τοὺς
564 1432 758 1503 πόδας,
785 1433 874 1488 καὶ
933 1431 1150 1507 δέχεται
1209 1431 1407 1496 αἰετοὺς
1452 1433 1557 1488 ἀπὸ
1588 1434 1893 1509 σώματος’
1941 1438 2034 1492 καὶ

380 1524 525 1597 μετᾶ
578 1526 746 1578 ταῦτα
785 1520 1180 1597 προσφέρουσιν
1227 1521 1378 1592 αὖτῷ
1421 1522 1478 1575 οἱ
1533 1523 1889 1597 συγκλητικοί
1919 1525 2032 1597 ἅμα

371 1618 458 1684 τῷ
490 1611 718 1686 ἐπάρχῳ
755 1617 856 1680 τῆς
900 1610 1116 1672 πόλεως
1159 1610 1440 1665 πιττάκιον
1468 1613 1795 1690 τρισχιλίων
1829 1612 2028 1686 λιτρῶν

372 1702 643 1778 ἀργύρου,
683 1702 774 1756 καὶ
818 1700 946 1774 μεθὸ
1003 1699 1240 1772 δέξηται,
1289 1699 1691 1775 ἀντιχαρίζεται
1739 1703 1922 1766 αὐτοῖς
1967 1705 2029 1760 τὸ

373 1794 685 1862 πιττάκιον,
725 1793 813 1847 καὶ
866 1791 1040 1854 οὕτως
1088 1790 1394 1865 εἰσέρχεται
1453 1789 1875 1868 δηριγευόμενος
1925 1796 2028 1850 ὑπὸ

372 1885 618 1949 πάντων,
662 1882 749 1938 καὶ
811 1879 1191 1935 συντάσσονται
1240 1880 1289 1934 οἱ
1352 1878 1585 1958 ἔπαρχοι
1637 1883 1726 1937 καὶ
1772 1885 1799 1937 ὁ
1859 1879 2021 1960 ἔπαρ-

377 1992 484 2048 χος
523 1975 568 2010 ³⁸
594 1975 708 2045 (51)
735 1973 791 2026 ἓν
821 1969 901 2043 τῷ
947 1969 1316 2044 κονσιστωρίῳ
1368 1972 1507 2026 κατὰ
1553 1971 1616 2025 τὸ
1669 1970 1806 2035 ἔθος.
1841 1975 1910 2030 Οἱ
1968 1973 2025 2030 δὲ

377 2061 742 2140 συγκλητικοὶ
799 2058 890 2114 καὶ
949 2060 1142 2120 πάντες
1203 2061 1256 2113 οἱ
1314 2058 1573 2135 ἄρχοντες
1617 2059 1886 2129 ἵστανται,
1935 2066 2026 2118 καὶ

377 2152 684 2228 εἰσέρχεται
715 2149 791 2210 εἷς
847 2149 910 2203 τὸ
971 2141 1361 2203 κουόούκλειον
1396 2150 1531 2222 μετὰ
1567 2155 1675 2205 τῶν
1707 2151 2029 2225 πατρικίων,

376 2243 469 2299 καὶ
526 2240 637 2296 ἐκεῖ
693 2239 1070 2294 συντάττονται
1115 2237 1166 2291 οἱ
1225 2237 1504 2310 πατρίκιοι
1550 2239 1642 2294 καὶ
1696 2239 2028 2318 ἐξέρχονται,

376 2331 469 2386 καὶ
501 2327 739 2385 δίδονται
783 2327 990 2400 μίσσαι.
1028 2330 1129 2389 Δεῖ
1171 2323 1228 2381 δὲ
1273 2324 1492 2396 εἰδέναι,
1533 2327 1619 2383 ὅτι
1664 2328 1824 2403 ὅρκον
1855 2331 1907 2384 οἱ
1938 2329 2032 2402 ἄρ·-

375 2440 573 2497 χοντες
612 2422 709 2474 τοῖ’)
737 2416 1005 2473 παλατίου
1044 2416 1398 2491 παρέχουσιν,
1417 2417 1491 2478 ὡς
1519 2416 1618 2472 οὐκ
1646 2414 2029 2474 ἐπιϐουλεύου-

378 2531 463 2565 σιν
514 2508 663 2579 αὐτῷ
710 2508 746 2576 ἢ
794 2509 863 2579 τῇ
911 2505 1184 2576 πολιτείᾳ,
1241 2504 1330 2560 καὶ
1374 2507 1436 2561 τὸ
1483 2508 1606 2581 περὶ
1636 2507 1837 2564 τούτου
1869 2509 2028 2584 ὁρκο-

382 2596 683 2654 σκοπτικὸν
713 2597 826 2667 (52)
856 2595 1174 2670 φυλάττεται
1205 2595 1350 2669 παρὰ
1388 2601 1468 2668 τῷ
1519 2595 1737 2670 βασιλεῖ
1760 2615 1773 2628 ·
1827 2597 1916 2652 ἐὰν
1971 2597 2028 2654 δὲ

2142 640 3018 717 [ecclesiae].Deprehenduntur
3060 653 3217 707 enim
3259 653 3638 725 imperatores
3686 674 3794 714 no-

2143 733 2248 784 stri
2272 732 2328 786 in
2354 732 2462 788 hoc
2476 751 2615 790 auro
2637 737 2880 794 donario
2901 756 3014 795 non
3034 742 3302 798 eumdem
3323 760 3525 800 omnes
3550 747 3790 805 modum

2144 823 2424 878 tenuisse.
2458 826 2597 881 Dein
2635 829 2753 882 exit
2781 832 2924 902 imp.
2959 831 3012 902 [θ
3045 833 3316 904 bemate],
3366 836 3793 910 paululumque

2145 914 2256 965 stat
2289 917 2422 968 ante
2451 917 2781 986 cancellos;
2832 925 2959 977 tum
2993 921 3167 979 intrat
3215 925 3273 980 in
3314 927 3700 997 paraticlium,
3733 934 3792 985 et

2144 1001 2308 1054 audit
2329 999 2634 1059 lectionem
2659 1006 2968 1076 Evangelii.
2986 1010 3043 1064 Si
3075 1012 3298 1082 cupiat,
3323 1015 3499 1071 etiam
3527 1033 3790 1073 commu-

2145 1089 2376 1144 nionem
2409 1107 2633 1147 sacram
2667 1096 2877 1164 accipit
2908 1102 2965 1152 et
3004 1099 3143 1164 abit,
3175 1102 3449 1174 episcopo
3481 1104 3594 1176 ipsi
3624 1121 3792 1161 coro—

2143 1191 2280 1231 nam
2303 1177 2661 1249 imponente,
2691 1184 3011 1240 secundum
3039 1192 3521 1248 consuetudinem
3563 1209 3792 1265 proces-

2141 1265 2374 1320 sionum
2409 1266 2665 1322 ecclesiae
2699 1284 2896 1340 regam
2931 1288 3031 1326 seu
3064 1274 3275 1343 stipem
3325 1278 3424 1331 dat
3453 1278 3698 1351 clericis,
3731 1286 3788 1337 et

2141 1354 2320 1410 intrat
2345 1355 2401 1410 in
2428 1355 2734 1426 palatium,
2760 1357 2853 1412 ubi
2879 1375 3084 1414 omnes
3117 1366 3414 1418 senatores
3435 1366 3484 1420 ei
3519 1367 3675 1422 intra
3694 1386 3791 1424 re-

2140 1443 2298 1515 giam
2333 1448 2558 1514 portam
2591 1451 2922 1503 occurrunt.
2949 1448 3058 1503 Sed
3089 1453 3146 1504 et
3176 1451 3420 1506 comites
3451 1453 3788 1512 scholarum

2139 1537 2476 1598 occurrunt,
2501 1533 2602 1605 qui
2629 1535 2830 1591 urbem
2856 1544 2910 1591 et
2932 1537 3213 1608 palatium
3239 1539 3518 1597 hactenus
3539 1545 3793 1600 custodi-

2136 1625 2358 1675 verant.
2408 1620 2629 1676 Debent
2669 1622 2827 1677 enim
2876 1623 3082 1694 aliqui,
3129 1627 3354 1681 caeteris
3406 1626 3466 1682 in
3517 1645 3792 1700 campum

2137 1709 2511 1774 exeuntibus,
2544 1709 2705 1765 intus
2741 1728 3041 1768 remanere
3072 1719 3129 1769 et
3161 1715 3441 1786 palatium
3475 1719 3792 1784 custodire,

2139 1798 2321 1854 donec
2362 1815 2563 1855 recens
2611 1800 2832 1858 electus
2863 1803 3173 1873 imperator
3203 1807 3458 1862 redierit.
3506 1809 3570 1862 lli
3600 1810 3657 1864 in
3690 1825 3792 1881 ge-

2069 1934 2115 2000 B
2147 1889 2343 1943 nubus
2357 1904 2487 1944 eum
2511 1890 2773 1957 adorant,
2800 1893 2971 1947 modo
2995 1910 3110 1948 non
3137 1895 3214 1949 sit
3240 1895 3445 1951 eadies
3469 1898 3788 1963 Dominica,

2148 1979 2434 2000 __,-_____
2469 1978 2655 2000 .__,__-
3302 1984 3368 1995 ..
3443 1986 3453 1996 .
3549 1988 3558 1996 .

2148 1979 2438 2050 pedesque
2469 1978 2656 2050 ipsius
2687 1981 3064 2050 osculantur;
3092 2001 3234 2052 quos
3266 1984 3520 2040 vicissim
3547 1988 3796 2058 impera-

2138 2071 2230 2122 tor
2261 2067 2511 2138 benigno
2542 2068 2797 2139 alloquio
2827 2069 3057 2142 excipit.
3093 2072 3367 2142 Deinceps
3397 2075 3646 2130 oll‘erunt
3677 2076 3792 2146 ipsi

2141 2161 2438 2212 senatores
2473 2173 2573 2226 per
2598 2160 2931 2228 praefectum
2967 2161 3124 2215 urbis
3158 2161 3457 2232 pittacium
3497 2163 3584 2218 vel
3621 2165 3788 2221 sche-

2141 2245 2364 2313 dulam,
2391 2244 2451 2301 in
2484 2263 2598 2317 qua
2627 2246 2740 2318 ipsi
2773 2253 2861 2302 ter
2893 2247 3052 2303 mille
3080 2251 3303 2321 argenti
3332 2250 3476 2306 litrm
3508 2252 3660 2308 dono
3691 2270 3788 2309 as-

2139 2334 2464 2405 signantur.
2497 2335 2814 2406 Imperator
2843 2336 3055 2406 accipit
3097 2337 3356 2407 quidem,
3390 2341 3487 2394 sed
3523 2342 3786 2411 protinus

2140 2423 2334 2478 reddit
2359 2424 2735 2480 offerentibus
2776 2442 2962 2496 neque
2988 2427 3217 2482 retinet.
3254 2428 3346 2483 Sic
3377 2428 3570 2501 itaque
3600 2431 3789 2504 ingre-

2139 2513 2293 2568 ditur
2326 2511 2580 2584 stipatus
2611 2515 2681 2569 ab
2722 2513 2997 2570 omnibus
3045 2515 3353 2572 ordinibus
3401 2517 3460 2572 in
3511 2518 3788 2576 interiora

2140 2600 2357 2673 palatii.
2394 2602 2651 2657 Praefecti
2684 2611 2819 2658 tunc
2863 2611 2918 2658 et
2945 2603 3223 2675 magister
3255 2605 3314 2659 in
3338 2607 3682 2664 consistorio
3713 2609 3786 2664 li-

1745 2688 1986 2744 VARIJE
2027 2690 2438 2747 LECTIONES.

462 2761 511 2796 ³³
539 2759 828 2833 μάγιστρος
859 2774 959 2830 pro
989 2752 1230 2832 ἔπαρχος
1260 2758 1412 2829 conj.
1448 2758 1515 2814 R.

1435 2854 1635 2910 JOAN.
1659 2855 1800 2912 JAC.
1843 2856 2104 2914 REISKII
2132 2857 2723 2914 COMMENTARIUS.

454 2947 569 3018 (48)
618 2944 742 3014 Vel,
797 2947 863 3018 ut
904 2941 1136 3018 Nicetes
1184 2958 1239 3012 p.
1278 2943 1380 3018 24,
1441 2943 1520 2998 ait
1567 2941 1618 3018 ἐν
1655 2943 1862 3018 μεθέξει
1914 2949 2022 2999 τῶν

377 3012 886 3091 θείιυν’μυστῄρίων
915 3012 1137 3088 γίνεται,
1171 3012 1373 3091 accipit
1409 3031 1578 3086 synaa
1593 3012 1674 3091 in,
1708 3017 1763 3070 id
1798 3012 2024 3091 estsa-

373 3108 507 3147 cras
538 3087 765 3160 epulas,
811 3087 1040 3161 sacram
1075 3087 1541 3161 communionem
1582 3087 1667 3161 vel
1717 3088 2027 3161 participa-

2134 2946 2537 3020 tumultuarie,
2562 2949 2782 3020 absque
2804 2947 3007 3004 ordine
3031 2947 3274 3003 miscere
3313 2953 3569 3020 tempora
3609 2957 3662 3005 et
3693 2967 3785 3006 res

2135 3017 2341 3072 solent.
2383 3017 2700 3089 Propterea
2731 3019 2963 3091 distinxi
2987 3037 3040 3090 p.
3068 3020 3193 3086 239,
3223 3025 3349 3090 post
3385 3017 3578 3078 vocem
3613 3020 3781 3091 τάξιν,

2137 3093 2193 3163 et
2252 3105 2489 3163 novum_
2537 3090 2968 3160 paragraphum
3041 3092 3228 3160 incepi
3289 3109 3322 3146 a
3396 3094 3585 3148 verbis
3647 3090 3784 3163 μετὰ

371 3157 594 3218 tionem
626 3159 1012 3233 eucharistiae,
1052 3157 1168 3210 vid.
1202 3157 1286 3211 Du
1336 3158 1528 3233 Gange
1569 3159 1761 3233 Gloss.
1790 3157 1944 3233 Latf
1966 3178 2018 3216 ν.
2051 3169 2097 3233 c
2128 3159 2290 3215 οὗν...
2317 3157 2591 3230 quoniam
2629 3157 2757 3231 quae
2788 3157 3070 3230 deinceps
3110 3157 3436 3232 sequuntur
3465 3166 3537 3218 ad
3581 3157 3782 3219 Leonis

372 3233 660 3306 Synaxis,
689 3232 756 3288 Ut
796 3237 990 3306 autem
1033 3244 1235 3306 recens
1287 3231 1530 3306 promoti
1581 3231 1651 3306 ad
1709 3232 2023 3302 dignitates

372 3299 837 3361 hénedictionem
874 3302 931 3356 in
972 3299 1212 3355 ecclesia
1247 3305 1303 3354 et
1333 3299 1804 3357 communionem
1838 3320 1867 3358 e
1899 3319 2021 3358 ma-

374 3379 554 3433 nibus
614 3374 957 3448 patriarcha:
1023 3373 1219 3442 accipe
1285 3371 1609 3448 debebanl,_
1654 3373 1733 3427 ita
1789 3390 2022 3448 quoque

373 3450 509 3505 novi
543 3443 928 3518 imperatores
953 3449 1009 3499 et
1039 3458 1203 3518 reges
1238 3443 1345 3496 sub
1386 3444 1613 3518 imperii
1643 3443 1900 3512 auspicia
1926 3443 2026 3500 eu-

371 3515 713 3576 charistiam
750 3517 1064 3589 percipere.
1098 3515 1141 3585 ‘[
1167 3516 1224 3589 In
1253 3516 1602 3589 coronatione
1622 3531 1810 3585 regum
1841 3521 2020 3589 Fran-

369 3609 564 3649 corum
596 3585 810 3646 tollitur
855 3585 1056 3642 cci-ana
1085 3585 1265 3654 major
1292 3601 1324 3639 a
1361 3590 1539 3655 capite
1576 3586 1930 3654 imperatoris
1975 3596 2025 3642 et

369 3666 564 3719 minor
620 3658 1125 3732 imponitur.‘Ejus
1171 3658 1450 3732 inrlusium
1496 3671 1782 3732 crematur:
1821 3661 1885 3732 ob
1930 3675 2022 3714 sa-

370 3751 528 3790 cram
565 3729 899 3789 unctionem.
945 3729 1320 3784 Communicat
1337 3730 1435 3783 sub
1467 3735 1718 3801 utraque.
1745 3731 1836 3784 Sic
1866 3731 2024 3796 iussit

371 3805 678 3862 Ludovicus
714 3804 778 3860 IX
817 3818 966 3857 arma
1017 3801 1156 3854 1179
1193 3815 1209 3866 ;
1259 3817 1308 3854 ν.
1357 3804 1656 3856 Ceremon.
1693 3802 1764 3855 de
1809 3801 2024 3857 France

374 3884 418 3932 t.
456 3877 500 3946 Ι,
533 3895 589 3948 ρ.
623 3876 731 4004 ιιέ
763 3872 986 3941 Σύναξις
1026 3877 1221 3926 autem
1269 3888 1381 3926 non
1413 3880 1521 3936 est,
1570 3881 1627 3926 ut
1670 3871 1870 3927 volunt
1909 3873 2026 3928 ine-

374 3950 632 4004 ntieutes
734 3946 948 4004 raeculi.
1009 3942 1113 3996 ἀπὸ
1167 3947 1266 4004 τῆς
1324 3945 1421 3996 τοῦ
1488 3940 1623 3997 λαοῦ⁹
1687 3949 2021 4004 συναγωγῆς,

373 3940 632 4022 ριὶοιιίθε
680 3940 948 4022 Graeculi,
1009 3942 1266 4022 ἀπὸπῆς
1324 3945 1436 4022 τοῦΔ
1488 3940 1623 3997 λαοῦ
1687 3949 2021 4022 συναγῳγῆς,

374 4013 530 4093 sede
554 4020 777 4093 synaxi,
815 4013 1282 4093 congregatione,
1305 4013 2020 4093 coitionetconvivatione,

371 4091 558 4162 epulis
588 4087 1021 4151 communibus,
1045 4087 1115 4141 ad
1147 4092 1528 4162 quascoennt
1553 4087 1817 4155 ejusdem
1850 4103 2020 4162 com-

375 4155 668 4218 munionis
739 4163 1035 4224 homines;
1107 4158 1220 4229 vid.
1286 4157 1362 4229 du
1429 4159 1619 4228 Cange
1679 4174 1732 4212 v.
1810 4155 2022 4229 σῦναξις

378 4230 957 4308 μεγάλῃ-οὺίληιεῐί
979 4229 1092 4308 alia
1130 4228 1250 4308 haec
1298 4228 1440 4308 citat
1479 4245 1507 4283 e
1538 4232 1759 4308 Jolenne
1803 4228 2020 4308 Qarpa-

374 4297 499 4362 thiu
542 4322 555 4363 :
585 4297 705 4365 ’Ὦς
762 4301 892 4376 ὀψία
912 4370 922 4376 _
941 4299 1151 4376 ἐγένετο
1170 4370 1182 4376 _
1211 4297 1434 4376 εποίησε
1480 4297 1722 4376 μεγάμλῃν
1748 4370 1760 4376 _
1785 4298 2020 4376 c'ivatEtv,

373 4377 466 4430 καὶ
506 4376 646 4430 εἶπεν
705 4367 1066 4444 Καταλύομεν
1098 4367 1571 4444 (άεὶεῙαηαηιιὶςγ
1604 4367 1687 4424 8t"
1714 4370 1880 4444 761.1752:
1928 4367 2020 4426 ⁷δτι

372 4448 482 4502 ἀπὸ
519 4448 692 4502 κόπου
731 4443 866 4500 ἐστέ.
922 4442 1046 4498 Vid.
1095 4442 1442 4511 lnterpretes
1485 4443 1777 4514 Diogeliie
1811 4443 2021 4499 Laertii

371 4521 492 4577 Vit.
534 4520 888 4590 Pythagorea,
922 4516 1018 4572 ubi
1063 4507 1346 4590 Gyraldus
1394 4507 1904 4590 vocemVBa’tpéapot
1947 4518 2017 4570 de

371 4585 808 4646 Christianis‘et
828 4605 1030 4644 eorum
1063 4585 1380 4657 synaxibus
1410 4585 1846 4657 interpretatur,
1880 4603 2008 4657 pag.

370 4664 500 4718 518.
537 4663 668 4720 Utar
699 4663 808 4716 hac
839 4655 1158 4725 occasione,
1189 4663 1262 4728 rut
1289 4655 1594 4727 exponam,
1630 4659 1768 4728 quid
1803 4655 1887 4713 sit
1916 4655 2010 4711 λε-

373 4728 563 4800 ϐιτών,
633 4732 1106 4805 quandoquidem
1146 4723 1151 4725 ⁷
1178 4727 1206 4780 ὁ
1282 4723 1595 4805 συνάκτικδς
1617 4723 1897 4805 -’λε6ιτών
1923 4731 2010 4805 Δίῃ

376 4793 905 4861 ωθοιοῐη’νοηὶι.’
949 4802 1044 4857 Sic
1119 4805 1315 4853 autem
1386 4801 1758 4869 appellabant
1825 4793 2023 4873 τριϐώ-

372 4896 512 4944 νιον,
562 4876 938 4947 pannueiam,
982 4885 1159 4943 quam
1208 4875 1540 4952 propterea.
1568 4880 1702 4926 tunc
1740 4872 2021 4952 temporis

375 4942 632 5017 tantum,
659 4963 836 5020 quum
870 4942 1097 5020 sacram
1132 4942 1784 5020 synaxincelebrarent,
1809 4959 1915 5020 seu
1947 4944 2017 4998 ad

371 5012 849 5075 communionem
875 5017 1047 5081 irent,
1081 5014 1400 5085 induebant
1429 5012 1717 5085 monachi,
1737 5015 2019 5085 quoniam

369 5092 431 5158 i_n
463 5106 530 5145 eo
561 5105 790 5145 sacrum
823 5089 1083 5144 ordinem
1115 5082 1525 5158 suscepissent.
1550 5084 1648 5139 Est
1688 5082 1897 5158 nempe
1928 5082 2019 5139 λε-

370 5155 543 5215 ϐιτὼν
575 5177 680 5216 vox
709 5159 974 5224 Arabica,
1004 5159 1250 5228 ﬁllrum,
1277 5151 1522 5228 πιλῳτόν
1553 5160 1784 5212 notans.

444 5232 550 5303 (49)
583 5232 742 5287 Conl'.
786 5248 910 5302 quin
951 5226 1030 5303 ait
1070 5227 1284 5303 p.239,
1318 5226 1418 5303 ubi
1462 5234 1682 5303 contra
1708 5228 2016 5303 Seldenum

369 5299 966 5367 demenstravifante
1001 5299 1301 5356 Ju’stinum
1348 5299 1624 5354 Minorem
1659 5299 1783 5368 jam
1814 5300 2016 5354 datum

372 5377 558 5431 fuisse
580 5375 944 5446 patriarchis,
966 5373 1428 5446 utimperatores
1452 5387 1628 5446 novos
1651 5376 2012 5427 coronarent.

373 5443 620 5503 Multum
653 5451 848 5502 tamen
883 5443 1196 5504 falleretur.
1230 5443 1325 5512 qui
1361 5443 1466 5497 hoc
1513 5458 1582 5497 ex
1613 5443 1736 5513 loco
1776 5458 2016 5513 arguere

369 5518 558 5583 vellet,
612 5518 766 5574 idem
826 5514 1184 5588 patriarchas
1226 5515 1348 5588 jam
1391 5514 1562 5569 Leoni
1622 5512 2012 5588 Magno’per-

371 5591 578 5660 egisse.
599 5586 870 5656 Quamvis
899 5588 1051 5642 enim
1073 5587 1313 5656 coeperit
1336 5586 1441 5639 hoc
1480 5592 1656 5656 caput
1674 5586 2014 5660 _corcnatio-

370 5657 506 5716 ηοω
542 5661 744 5716 Leonis
794 5673 1099 5729 exponere,
1133 5673 1246 5729 non
1284 5663 1478 5729 tamen
1528 5657 1727 5712 omnia
1756 5657 1826 5711 ad
1875 5673 2011 5729 eum

370 5732 683 5803 pertinent.
705 5727 1130 5803 Constantinus
1171 5727 1747 5803 Porphyrogennetus
1778 5732 1880 5803 aut
1909 5727 2012 5803 ho-

371 5798 587 5870 mines,
619 5802 834 5873 quibus
889 5798 1241 5870 compilandi
1276 5799 1569 5868 negotium
1616 5799 2008 5864 commiserat,

2128 3234 2560 3288 coronationem
2598 3249 2708 3287 non
2744 3239 3026 3300 spectant,
3051 3234 3229 3287 sedin
3261 3236 3591 3290 universum
3634 3241 3782 3290 ritus

2131 3313 2580 3374 persequuntur,
2605 3308 2955 3374 quibuscum
2990 3306 3373 3372 imperatores
3396 3323 3596 3361 eorum
3629 3311 3778 3362 tem-

2131 3391 2344 3448 porum
2385 3375 2719 3448 inaugurari
2768 3377 3050 3441 solebant,
3114 3376 3302 3431 Leone
3350 3379 3560 3433 saeculo
3629 3393 3775 3448 pene

2131 3446 2504 3500 recentiores.
2559 3446 2722 3510 Quod
2789 3463 2858 3500 ex
2905 3448 3456 3502 commemoratione
3517 3446 3773 3503 ecclesiae

2133 3517 2349 3585 Magnae
2385 3533 2483 3571 seu
2521 3516 2742 3570 Sanctae
2785 3517 3008 3588 Sophia:
3059 3526 3308 3581 constat,
3353 3535 3481 3588 quae
3525 3537 3558 3573 a
3598 3520 3783 3574 Justi-

2131 3587 2398 3641 nianoM.
2429 3587 2809 3656 perfectal'uit
2829 3591 2884 3642 Α.
2923 3587 2984 3642 C.
3010 3588 3138 3650 537,
3176 3587 3533 3656 sexagesimo
3574 3598 3778 3660 quarto

2131 3663 2261 3729 post
2299 3674 2598 3714 excessum
2628 3662 2825 3712 Leonis
2862 3662 2931 3712 M.
2975 3661 3074 3729 qui,
3112 3668 3177 3712 A.
3221 3661 3278 3714 Ο.
3317 3661 3422 3712 473
3461 3661 3620 3714 obiit.
3654 3661 3777 3716 Non

2131 3728 2367 3803 quidem
2400 3729 2568 3803 claris
2611 3729 2901 3803 verb_is___S.
2948 3728 3172 3803 Sophia:
3223 3729 3287 3784 fit
3336 3732 3572 3784 mentio.
3606 3733 3780 3803 Atqui

2131 3801 2364 3855 cuinam
2389 3799 2484 3854 alii
2509 3800 2782 3870 competit
2806 3800 2900 3854 ille
2927 3799 3097 3864 situs,
3122 3805 3491 3866 Augustaeum
3519 3811 3577 3856 et
3601 3799 3779 3857 Horo-

2131 3871 2352 3942 logium
2390 3871 2448 3925 in
2479 3871 2712 3936 vicinia,
2749 3875 2804 3924 et
2838 3871 3236 3942 praetereunda
3274 3888 3304 3925 e
3343 3871 3554 3940 palatio
3587 3873 3642 3926 in
3684 3889 3776 3929 ec-

2131 3941 2368 3998 clesiam
2400 3954 2791 3998 commeatum
2808 3941 2851 3996 ‘2’
2879 3943 3048 3997 Extra
3086 3958 3258 3997 omne
3287 3943 3531 3998 dubium
3583 3951 3690 4007 est,
3719 3949 3776 3999 S.

2130 4013 2430 4083 Saphiam,
2483 4030 2596 4068 non
2635 4012 2805 4067 aliam
2839 4015 3165 4081 ecclesiam,
3217 4015 3325 4068 ista
3373 4015 3634 4069 locorum
3684 4016 3781 4070 de-

2133 4085 2556 4141 monstratione
2601 4085 2917 4156 designari.
2966 4085 3265 4156 Impositio
3311 4091 3501 4141 autem
3552 4102 3776 4142 coronae

2131 4157 2691 4227 caputimperatoris
2713 4155 2751 4209 a7
2767 4155 3094 4228 patriarcha
3117 4157 3285 4223 facta,
3319 4174 3494 4228 quam
3530 4175 3779 4226 praesens

2130 4229 2294 4284 locus
2327 4229 2584 4300 attingit,
2620 4245 2731 4283 non
2764 4227 2853 4283 est
2900 4227 2997 4282 illa
3028 4227 3489 4301 solemnis,’quae
3539 4229 3599 4283 in
3651 4230 3776 4301 ipso

2131 4301 2599 4372 inaugurationis
2626 4306 2699 4372 ret
2733 4300 3190 4370 nuncupationis
3227 4307 3355 4356 actu
3389 4300 3493 4355 lit:
3528 4300 3686 4355 nam’
3714 4301 3775 4358 in

2130 4371 2589 4443 praecedentibus
2612 4371 2737 4440 jam
2772 4372 2986 4426 dicitur
3009 4373 3323 4440 imperator
3351 4387 3477 4426 eam
3510 4378 3769 4442 gestasse

2127 4451 2179 4497 et
2229 4443 2568 4512 deposuisse
2618 4445 2726 4496 sub
2767 4443 3070 4497 introitum
3114 4443 3391 4498 ecclesiae.
3423 4443 3533 4499 Sed
3574 4445 3768 4502 nescio

2126 4513 2314 4584 qualis
2364 4513 3052 4584 secundarianimpositio
3109 4529 3330 4569 coronae
3378 4531 3553 4583 super
3599 4515 3765 4571 altari

2122 4582 2378 4642 ecclesiae
2431 4582 2778 4639 cathedralis
2834 4585 3336 4640 benedictionibus
3396 4582 3764 4654 consecrata,

2120 4673 2254 4714 cum
2288 4663 2459 4712 antea
2487 4656 2543 4710 in
2592 4655 2937 4710 antimensio
2968 4664 3192 4711 tantum
3237 4657 3296 4711 in
3328 4657 3452 4714 loco
3486 4675 3600 4714 non
3630 4675 3770 4714 san-

2124 4726 2530 4793 cto,tribunali
2553 4727 2837 4782 Hebdomi
2871 4743 3098 4799 nempe,
3131 4735 3463 4784 consecrata
3499 4731 3706 4786 fuisset
3737 4746 3772 4786 a

2172 4801 2483 4854 atriarcha.

2131 4817 2532 4942 Ρᾞὸῗΐὲἱοῗξο
2583 4884 2836 4942 manere,
2883 4869 3056 4942 domi
3105 4886 3357 4937 manere,
3420 4871 3774 4927 abeuntihus

2130 4938 2385 5012 reliquis.
2427 4940 2570 4996 Hinc
2618 4938 2927 5012 ἀπομονεύς
2979 4942 3128 4997 infra
3171 4943 3230 4996 in
3281 4941 3509 4996 Tactico
3559 4942 3777 4997 dicitur

2127 5013 2378 5068 vicarius
2430 5012 2680 5084 imperii,
2731 5013 2826 5084 qui
2877 5013 3220 5082 imperatore
3267 5012 3326 5067 in
3375 5021 3775 5084 castrarexce-

2127 5086 2295 5212 gente
2325 5083 2482 5211 dgmi
2516 5087 2730 5153 manet,
2755 5083 2884 5139 urbi
2904 5085 3068 5156 regia:
3087 5091 3144 5140 et
3174 5084 3345 5139 rebus
3381 5083 3629 5155 publicis
3659 5099 3774 5156 gu-

2167 5173 2346 5212 ernan
2395 5171 2464 5210 ts.

2167 5171 2464 5212 ernanats.

2197 5229 2310 5299 (51)
2340 5227 2465 5283 Non
2515 5227 2718 5282 dubito
2761 5225 2852 5280 καὶ
2893 5226 2936 5299 ὁ,
2967 5225 3257 5299 μάγιστρος
3305 5225 3509 5280 debere
3549 5225 3773 5296 reponi,

2125 5298 2487 5371 quedetiam
2519 5299 2578 5371 in
2607 5299 2824 5371 Latinis
2855 5298 3109 5371 exhibui.

2194 5371 2306 5441 (52)
2363 5370 2715 5441 Scholiastes
2772 5369 3068 5441 ﬂasilicqt‘.
3119 5367 3189 5421 ad
3249 5367 3297 5441 l_._
3338 5382 3592 5441 xxukp.
3649 5367 3772 5441 185,

2123 5437 2299 5514 habet
2345 5439 2719 5514 ὁρκισκόπιον.
2771 5437 3188 5514 νβψϐεωερ
3237 5437 3446 5514 Gloss._
3477 5437 3657 5492 Graec.
3711 5440 3771 5514 h.

2125 5530 2175 5567 ν.
2232 5506 2403 5569 Notat
2459 5513 2638 5583 igitur
2689 5506 3017 5583 terminatio
3073 5506 3296 5583 σκοπιον
3343 5512 3456 5583 aut
3513 5509 3773 5583 σκοπικρν

2120 5577 2882 5656 θωθγηριαηι,”ὁρκοσκόπιον
2952 5581 3299 5656 exemplum_
3322 5580 3656 5656 juramenti,
3713 5581 3776 5637 in

2121 5671 2234 5727 quo
2263 5649 2524 5727 exigente
2561 5649 2925 5713 necessitate,
2957 5653 3058 5727 aut
3098 5652 3242 5705 alias
3289 5649 3520 5727 lubente
3551 5650 3778 5727 animo,

2119 5721 2631 5794 i'nspici'dictum
2702 5725 3156 5794 sacramentum,
3215 5721 3466 5786 consuli,
3525 5721 3782 5788 expendi

2120 5803 2332 5867 potest.
