4138 6298
299 332 408 393 ΤΠ

1153 327 1256 386 DE
1299 322 1754 386 CERIMONIIS
1795 319 2030 382 AULE
2072 317 2543 382 ΒΥΖΑΝΤῙΝᾸΞ
2575 321 2723 383 LIB.
2769 323 2820 382 Ι.

3491 291 3495 296 ’
3565 330 3683 391 778

294 467 488 536 ταξίαν.
525 466 634 532 Τῆς
689 462 790 536 γὰρ
848 455 1108 533 ὑμετέρας
1167 454 1393 526 εὐζωΐας
1443 456 1533 510 καὶ
1578 457 1788 511 πάντων
1821 458 1930 509 τῶν

2050 453 2154 509 tias
2174 454 2396 525 agimus
2418 457 2550 526 Deo,
2568 458 2722 528 quod
2745 456 2962 527 omnia,
2979 473 3104 530 quae
3125 459 3289 516 vobis
3303 463 3359 516 et
3380 462 3688 520 conferunt

295 551 671 632 συμφερόντων
733 550 860 622 ὑμῖν
932 551 1147 622 πρῶτον
1207 546 1301 620 μὲν
1365 546 1392 600 ὁ
1450 543 1724 615 Δεσπότης
1780 545 1926 610 Θεὸς,

293 640 472 700 ἔπειτα
521 639 577 696 δὲ
618 639 706 695 καὶ
759 641 924 712 ἡμεῖς
972 638 1173 700 ἱκανῶς
1227 636 1662 709 προενοήσαμεν,
1711 634 1799 688 καὶ
1843 633 1930 688 εὖ-

291 733 418 796 θέως
475 727 870 806 βουλευόμενοι
919 727 1052 799 μετὰ
1098 729 1206 780 τῶν
1246 721 1474 793 ἐνδόξων
1526 723 1811 802 ἀρχόντων
1839 722 1929 776 καὶ

289 825 382 890 τῆς
444 821 590 894 ἱερᾶς
650 816 983 891 συγκλήτου,
1045 814 1446 888 συντρεχούσης
1504 813 1591 867 καὶ
1666 819 1767 881 τῆς
1827 811 1932 865 τῶν

288 911 662 986 γενναιοτάτων
695 905 978 979 ἐξερκίτων
1031 903 1382 963 συναινέσεως
1430 903 1565 975 (77),
1613 896 1930 974 προϐαλού-

293 1000 421 1072 μεθα
476 993 642 1071 ἄνδρα
722 993 798 1055 εἷς
861 999 961 1062 τήν
1024 989 1297 1067 βασιλείαν
1349 991 1439 1044 καὶ
1499 987 1782 1064 ὁρθόδοξον
1837 989 1928 1043 καὶ

288 1088 441 1163 ἁγνόν
473 1088 607 1158 (78).
643 1083 888 1140 Ἀπέστω
921 1079 978 1136 δὲ
1009 1080 1206 1155 φθόνος
1247 1087 1347 1150 τῆς
1393 1077 1697 1148 καλλίστης
1725 1077 1930 1148 ταύτης

286 1171 620 1249 συμϐουλίας
644 1173 737 1228 καὶ
767 1169 1072 1230 πολιτείας.
1104 1191 1134 1220 ››
1166 1167 1376 1238 Ταύτης
1409 1165 1502 1223 οὗν
1541 1170 1640 1232 τῆς
1672 1187 1930 1244 προσφωο

284 1266 482 1335 νήσεως
524 1263 655 1335 παρ’
699 1261 869 1330 αὐτῆς
911 1257 1232 1336 γενομένης,
1279 1256 1550 1326 κατῆλθεν
1582 1258 1616 1326 ἡ
1645 1255 1931 1331 Αὖγούστα

285 1355 368 1410 καὶ
391 1354 442 1409 οἱ
464 1349 730 1429 ἄρχοντες
752 1348 1099 1424 ὂψικεύοντες
1121 1346 1311 1418 αὐτήν.
1331 1345 1438 1402 Καὶ
1461 1348 1495 1416 ἡ
1523 1346 1617 1418 μὲν
1641 1345 1932 1422 Αὖγοῦστα

287 1442 526 1512 εἰσῆλθεν
559 1441 636 1503 εἰς
663 1440 754 1495 τὸν
783 1439 1157 1515 αὗγουσταῖον·
1191 1436 1242 1491 οὶ
1274 1432 1332 1490 δὲ
1361 1436 1646 1509 ἄρχοντες,
1672 1432 1928 1488 τεθέντων

293 1532 557 1605 σκαμνίων
604 1530 712 1604 πρὸ
758 1532 855 1583 τοῦ
909 1525 1200 1602 δελφακος,
1251 1524 1520 1596 ἐκάθισαν,
1551 1522 1641 1578 καὶ
1698 1522 1928 1598 ἢρξαντο

295 1622 640 1697 βουλεύεσθαι
670 1619 792 1696 περὶ
832 1621 934 1674 τοῦ
981 1614 1294 1694 ὀφείλοντος
1323 1614 1589 1689 γενέσθαι,
1619 1614 1711 1668 καὶ
1741 1610 1928 1682 πολλή

291 1711 620 1789 φιλονεικεία
657 1706 850 1782 μεταξὺ
900 1707 1078 1761 αὐτῶν
1128 1705 1376 1774 ἐκινήθη.
1427 1705 1488 1762 Ὁ
1534 1700 1590 1757 δὲ
1637 1702 1930 1777 πραιπόσι-

289 1816 374 1864 τος
405 1795 704 1873 Οὐρϐίκιος
734 1794 1082 1875 εὐφυέστερον
1116 1791 1390 1864 ἐδήλωσεν
1423 1793 1631 1862 αὐτοῖς,
1664 1791 1746 1846 ὅτι
1780 1814 1808 1843 ‹‹
1835 1790 1934 1844 Κά-

291 1887 398 1952 λῶς
426 1893 635 1944 ποιεῖτε
682 1891 750 1961 τῇ
800 1883 1084 1960 Αὐγούστῃ
1138 1879 1469 1961 παρέχοντες
1500 1881 1599 1949 τὴν
1633 1879 1934 1934 αὐθεντείαν

289 1981 417 2052 (79),
443 1976 536 2032 ’ἱνα
568 1975 703 2044 αὐτή
755 1971 1092 2043 ἐπιλέξηται,
1126 1970 1183 2025 ὅν
1231 1969 1289 2024 ἂν
1343 1969 1668 2046 βουληθείη.
1706 1993 1734 2021 ››
1763 1974 1938 2039 ’ᾘτη-

294 2088 372 2122 σεν
402 2065 489 2122 οὖν
523 2068 558 2136 ἡ
593 2061 905 2139 σύγκλητος
950 2062 1040 2116 τὸν
1092 2059 1385 2116 ἐπίσκοπον
1416 2057 1678 2114 εἷσελθεῖν
1711 2056 1801 2114 καὶ
1830 2078 1936 2112 πα-

295 2154 576 2230 ρακαλέσαι
607 2153 802 2223 αὐτὴν,
826 2148 920 2206 τίνα
949 2149 1110 2219 αὕτη,
1160 2148 1216 2203 ὅν
1272 2146 1552 2223 βούλεται,
1595 2145 1933 2220 ἐπιλέξηταιο

294 2244 421 2313 αὕτη
462 2241 551 2298 οὖν
580 2240 870 2310 ἐπελέξατο
921 2237 1270 2294 ’Λναστάσιον
1306 2237 1398 2292 τὸν
1433 2235 1816 2311 σιλεντιάριον,
1847 2234 1937 2290 καὶ

298 2332 539 2404 μαθόντες
587 2332 637 2386 οἱ
689 2331 948 2405 ἄρχοντες
996 2327 1182 2388 πέντες
1231 2327 1568 2402 ἠράσθησαν,
1623 2325 1713 2380 καὶ
1761 2345 1938 2400 παρα-

301 2430 488 2497 γρῆμα
536 2420 888 2500 ἐπέμφθησαν
937 2418 1014 2482 εἰς
1059 2419 1148 2472 τὸν
1197 2417 1346 2472 οἶκον
1395 2416 1746 2473 Ἀναστασίου
1796 2414 1941 2490 παρά

301 2517 393 2566 τοῦ
455 2510 743 2586 μαγίστρου
799 2509 1038 2582 κόμητες
1085 2505 1477 2581 προτηκτόρων
1537 2505 1628 2560 καὶ
1687 2502 1940 2578 δομεστί-

306 2621 438 2667 κων,
483 2601 574 2654 καῖ
619 2600 819 2674 ἤγαγον
871 2596 1028 2652 αὐτὸν
1079 2595 1156 2658 εἷς
1203 2596 1265 2650 τὸ
1312 2593 1602 2660 παλάτιον,
1650 2591 1739 2648 καὶ
1785 2590 1836 2647 ἒν
1863 2595 1942 2664 τῷ

312 2687 674 2761 κονσιστωρίῳ
726 2685 1068 2764 ἐφυλάττετο,
1127 2685 1215 2739 καὶ
1271 2682 1442 2745 οὕτως
1503 2681 1710 2758 ἐγένετο
1760 2683 1794 2751 ἠ
1841 2703 1942 2752 κη-

321 2773 432 2830 δεία
461 2778 696 2839 Ζήνωνος
723 2780 812 2830 τοῦ
844 2783 944 2846 τῆς
999 2774 1144 2839 θείας
1189 2771 1422 2844 λήξεως.
1459 2772 1546 2826 Ἐν
1579 2770 1714 2845 αὐτῇ
1748 2768 1838 2826 οὗν
1872 2775 1940 2844 τῇ

319 2864 487 2940 ἡμέρᾳ
513 2867 562 2921 οἱ
594 2866 1002 2940 βεστοσακράνοι
1030 2865 1078 2900 ³2
1112 2862 1200 2919 καὶ
1232 2864 1282 2916 οἱ
1325 2859 1604 2939 ζωγράφοι
1632 2858 1721 2916 καὶ
1753 2861 1806 2914 οὶ
1840 2880 1943 2934 μου

314 2955 540 3029 νητάριοι
590 2957 699 3028 (80)
749 2956 817 3010 τὰ
863 2955 1068 3025 συνήθη
1109 2950 1358 3027 ἔπραξαν,
1412 2949 1552 3014 καθᾶ
1593 2947 1826 3023 εἶ’ρηται,
1853 2947 1944 3005 καὶ

308 3041 398 3115 ὀψὲ
427 3039 580 3112 ἐδόθη
612 3042 679 3097 τὰ
725 3039 970 3115 μανδάτα
1017 3038 1286 3095 σιλέντιον
1316 3037 1406 3093 καὶ
1438 3035 1700 3110 κομέντον
1728 3037 1775 3073 ³³
1805 3038 1942 3110 (81),

303 3131 385 3185 καὶ
414 3135 479 3205 τῇ
519 3131 643 3204 ἑξῆς
670 3131 955 3206 προῆλθον
997 3129 1186 3190 πάντες
1234 3127 1340 3182 ἀπὸ
1371 3125 1580 3182 λευκῶν
1615 3122 1945 3205 χλανιδίων,

2040 543 2379 615 etarrident,
2405 545 2578 601 etiam
2598 546 2788 614 nobis,
2811 547 2899 603 vel
2922 551 3059 605 ante
3081 552 3297 606 vestras
3313 551 3658 622 supplicatio
3673 583 3694 594 -

2040 647 2163 698 nes,
2197 633 2255 687 in
2289 637 2541 690 mentem
2589 634 2846 706 veniant,
2896 640 2954 692 et
3000 637 3245 696 firmiter
3279 639 3688 697 decernuntur

2040 721 2411 792 perficienda.
2445 723 2590 780 Nam
2621 728 2678 780 et
2727 729 3042 798 antequam
3073 727 3188 784 huc
3209 727 3686 798 ascenderemus,

2042 810 2188 866 bene
2219 813 2404 882 gnari,
2436 821 2638 870 vestrae
2670 817 2961 887 maiestati
3010 835 3156 890 opus
3195 836 3324 877 esse
3369 821 3493 877 viro
3543 839 3685 894 pru-

2041 898 2232 966 dente,
2259 900 2354 971 qui
2365 945 2379 969 ,
2395 906 2458 956 ut
2469 903 2632 959 vobis
2646 904 2791 961 bene
2805 905 2905 976 sit,
2918 909 3262 978 provideret,
3279 911 3686 982 praevertimus

2039 990 2099 1043 et
2129 990 2542 1058 prmcurrimus
2573 997 2798 1050 vestras
2829 1012 3026 1066 preces
3046 1003 3103 1054 et
3123 999 3502 1067 decrevimus,
3528 1002 3684 1073 quod

2041 1091 2198 1131 nunc
2236 1077 2484 1134 facimus
2516 1079 2573 1135 in
2607 1083 2839 1139 nomine
2886 1085 2986 1140 Dei
3009 1087 3257 1159 ejusque
3287 1089 3541 1161 benigno
3571 1090 3682 1146 sub

2040 1164 2255 1234 favore,
2287 1165 2751 1226 illustrissimum
2802 1171 3104 1230 Julianum
3163 1176 3235 1232 ad
3283 1179 3684 1250 praefecturam

2041 1253 2211 1311 Urbis
2270 1271 2626 1326 promovere.
2663 1277 2688 1309 υ
2747 1258 3162 1319 Acclamabant
3219 1281 3460 1324 omnes:
3492 1290 3522 1319 ‹‹
3580 1267 3687 1325 Hic

2039 1341 2358 1415 [Julianus]
2387 1348 2477 1402 est
2496 1346 2767 1419 egregius
2792 1350 3195 1422 magistratus.
3221 1355 3387 1410 Multi
3409 1358 3524 1412 sint
3545 1357 3682 1414 anni

2039 1436 2339 1505 Augustis,
2373 1433 2543 1490 multi
2575 1435 2694 1492 sint
2725 1437 2863 1492 anni
2897 1440 3371 1511 magistratuum.
3408 1463 3433 1495 ν
3467 1444 3640 1516 Resp.
3671 1462 3684 1500 :

2043 1541 2073 1571 «
2104 1520 2318 1577 Vestrae
2371 1523 2694 1592 maiestatis
2735 1525 2914 1596 igitur
2959 1545 3116 1585 nunc
3166 1535 3278 1600 est,
3312 1533 3686 1603 modestiam,

2040 1609 2524 1680 tranquillitatem
2554 1621 2610 1668 et
2639 1613 2860 1672 bonum
2886 1619 3174 1690 ordinem,
3196 1624 3261 1676 ut
3289 1638 3520 1693 semper
3548 1623 3691 1680 alias

2044 1700 2342 1768 servastis,
2376 1700 2456 1756 ita
2486 1719 2643 1758 nunc
2665 1703 2842 1760 etiam
2872 1721 3123 1765 servare.
3175 1709 3478 1767 Commodi
3532 1714 3689 1769 enim

2045 1789 2248 1857 vestri,
2280 1795 2335 1844 et
2366 1793 2429 1844 ut
2450 1791 2620 1846 bonis
2642 1793 2918 1851 omnibus
2947 1796 3291 1866 afﬂueretis,
3317 1801 3545 1870 primus
3568 1803 3691 1872 qui-

2046 1877 2178 1934 dem
2201 1879 2376 1944 Deus,
2399 1878 2606 1936 deinde
2623 1896 2754 1937 vero
2767 1882 2939 1939 etiam
2964 1901 3068 1941 nos
3090 1903 3290 1942 curam
3304 1888 3691 1947 sufﬁcientem

2047 1967 2360 2024 habuimus
2383 1985 2404 2030 ,·
2436 1969 2754 2042 statimque
2785 1973 3165 2031 deliberaturi
3197 1993 3328 2033 cum
3362 1979 3692 2036 illustribus

2049 2058 2391 2129 proceribus
2440 2066 2494 2114 et
2541 2076 2707 2116 sacro
2758 2067 2988 2132 senatu,
3029 2071 3411 2123 concurrente
3457 2085 3692 2140 quoque

2048 2149 2504 2207 fortissimorum
2537 2153 2899 2211 exercituum
2917 2156 3496 2231 suﬂ'ragio,eligemus
3514 2162 3591 2215 im
3600 2178 3692 2232 pe-

2049 2242 2300 2295 ratorem
2329 2239 2714 2297 orthodoxum
2747 2247 2805 2300 et
2828 2245 3034 2302 avitiis
3057 2262 3294 2317 purum.
3316 2249 3483 2306 Absit
3499 2255 3692 2306 autem

2050 2326 2290 2399 invidia,
2311 2344 2500 2401 neque
2521 2329 2870 2389 interturbet
2900 2339 3263 2405 pervertatve
3287 2337 3692 2409 pulcherrima)

2049 2415 2229 2486 hujus
2260 2417 2699 2475 deliberationis
2731 2423 2790 2475 et
2834 2420 3067 2494 imperii
3116 2426 3299 2482 nostri
3341 2426 3628 2485 instituta.
3663 2448 3692 2478 »

2050 2505 2190 2560 Post
2213 2505 2358 2561 hanc
2374 2507 2650 2578 Augustae
2673 2507 3087 2568 allocutionem
3112 2511 3362 2583 finitam,
3386 2515 3696 2575 descende-

2053 2593 2153 2649 bat
2183 2593 2332 2665 ipsa,
2364 2602 2417 2650 et
2451 2611 2718 2668 proceres
2740 2612 2868 2654 eam
2896 2601 3327 2673 sequebantur;
3359 2603 3605 2678 ipsaque
3633 2607 3696 2663 in

2053 2686 2417 2754 augustaeum
2436 2683 2720 2755 ingressa,
2741 2687 3128 2746 considebant
3142 2707 3409 2764 proceres
3432 2694 3492 2750 in
3516 2709 3698 2753 scam-

2054 2771 2145 2828 nis
2177 2777 2310 2828 ante
2341 2773 2680 2844 delpbacem
2718 2777 2939 2847 positis,
2971 2785 3028 2836 et
3058 2783 3436 2840 ordiebantur
3471 2785 3697 2843 delibe-

2052 2861 2340 2918 rationem
2359 2863 2430 2919 ds
2459 2864 2770 2922 candidato
2793 2866 3046 2940 imperii.
3068 2870 3282 2928 Verum
3305 2873 3406 2929 diu
3428 2875 3697 2932 rixaban-

2051 2953 2150 3005 tur
2178 2949 2331 3006 inter
2361 2967 2446 3020 se,
2469 2967 2657 3024 neque
2681 2953 2743 3009 in
2773 2971 3126 3015 consensum
3165 2963 3359 3020 venire
3381 2967 3477 3020 aut
3498 2965 3699 3021 decer-

2055 3054 2192 3096 nere
2223 3040 2546 3112 quidquam
2581 3048 2862 3114 poterant.
2898 3046 3163 3106 Urbicius
3193 3066 3322 3122 ergo
3351 3055 3700 3126 praepositus

2057 3133 2456 3200 opportunum
2474 3129 2584 3186 hoc
2597 3133 3003 3205 suppeditabat
3026 3139 3332 3195 consilium
3362 3156 3376 3196 :
3402 3161 3426 3193 ι
3450 3141 3602 3197 Bene
3617 3142 3702 3198 fa-

303 3220 386 3274 καὶ
432 3217 726 3295 ἐδέχθησαν
785 3219 836 3275 ἐν
887 3224 965 3292 τῷ
1021 3217 1416 3291 κονσιστωρίῳ,
1464 3215 1554 3271 καὶ
1611 3214 1724 3271 ἐκεῖ
1777 3235 1951 3290 προσ-

2061 3217 2250 3288 cistis,
2283 3240 2312 3268 »
2339 3217 2550 3290 aiebat,
2583 3241 2612 3272 «
2637 3222 2909 3293 Augustas
2941 3226 3341 3297 permittentes
3385 3231 3704 3287 auctorita-

304 3311 686 3385 ηγορεύθησαν,
729 3308 791 3364 οὗ
830 3309 936 3383 μὴν
969 3306 1022 3363 ἐν
1069 3313 1148 3381 τῷ
1197 3305 1423 3382 ἅρματι.
1457 3303 1740 3379 Προῆλθεν
1774 3302 1830 3359 δὲ
1859 3305 1949 3360 καὶ

301 3400 328 3454 ὁ
372 3399 802 3476 ἆρχιεπίσκοπος
851 3399 988 3454 κατὰ
1032 3399 1094 3454 τὸ
1137 3397 1358 3468 σύνηθες
1415 3393 1672 3449 εἰσελθὼν
1727 3392 1816 3448 διὰ
1853 3401 1950 3464 τῆς

309 3488 644 3567 βαλνιαρίας,
695 3491 786 3546 καὶ
843 3491 977 3564 μετά
1017 3490 1079 3544 τὸ
1125 3485 1388 3564 δεχθῆναι
1437 3486 1642 3548 πάντας
1707 3485 1844 3540 κατᾶ
1893 3485 1955 3539 τὸ

305 3578 438 3649 ἔθος,
494 3581 740 3650 ἀνῆλθεν
801 3579 1142 3640 Ἀναστέσιος
1201 3575 1252 3630 ἐν
1311 3580 1390 3648 τῷ
1445 3573 1690 3650 πορτίκῳ
1736 3577 1817 3646 τῷ
1845 3573 1953 3650 πρὸ

300 3674 391 3726 τοῦ
441 3667 688 3747 μεγάλου
734 3667 1034 3744 τρικλίνου,
1084 3668 1172 3722 καὶ
1232 3662 1360 3736 ἔστη
1411 3663 1463 3719 ἐν
1519 3667 1599 3735 τῷ
1658 3661 1804 3736 μέσῳ
1859 3666 1956 3717 τοῦ

304 3759 588 3834 πορτίκου,
664 3758 757 3814 καὶ
824 3755 1076 3827 εἰσῆλθον
1145 3754 1337 3815 πάντες
1407 3753 1458 3808 οἱ
1534 3751 1800 3826 ἄρχοντες
1867 3751 1958 3806 καὶ

301 3849 348 3902 οἱ
413 3846 782 3925 συγκλητικοὶ
839 3847 977 3922 πρὸς
1050 3844 1236 3912 αὐτὸν,
1293 3841 1384 3898 καὶ
1444 3840 1728 3915 ἀπῄτησαν
1798 3838 1958 3894 αὑτὸν

301 3937 455 4012 ’ὁρκον
524 3939 646 4011 (82)
715 3934 898 3991 δοῦναι
976 3940 1163 4004 πᾶσιν,
1248 3933 1323 3994 ὡς
1404 3927 1603 4001 οὐδενὶ,
1686 3929 1824 4004 πρὸς
1900 3928 1960 3984 ὅν

2058 3311 2175 3364 tem
2207 3307 2468 3379 optandi,
2503 3309 2652 3367 245
2689 3327 2862 3382 quem
2894 3313 3020 3384 ipsa
3067 3315 3336 3373 voluerit.
3371 3339 3400 3369 »
3446 3319 3706 3391 Rogabat

2063 3395 2244 3468 igitur
2273 3400 2514 3453 senatus
2543 3399 2883 3473 episcopum
2916 3403 3042 3474 [seu
3063 3406 3501 3480 patriarcbam],
3535 3414 3596 3464 ut
3624 3409 3708 3466 in-

2064 3501 2305 3556 gressus
2335 3485 2407 3540 ad
2439 3490 2791 3560 Augustam,
2834 3491 3143 3548 arbitrium
3192 3494 3490 3552 electionis
3531 3501 3707 3568 atque

2066 3573 2558 3630 denominationis
2614 3575 2729 3646 ipsi
2785 3578 3034 3634 offerret.
3093 3583 3467 3655 Augusta,jeo
3533 3585 3706 3655 facto,

2066 3660 2317 3733 eligebat
2336 3662 2708 3719 Anastasium
2723 3664 3129 3724 silentiarium.
3144 3669 3305 3732 Quod
3320 3670 3710 3742 intelligentes

2068 3766 2333 3822 proceres
2363 3766 2569 3806 omnes
2600 3753 3034 3824 approbabant;
3086 3756 3468 3829 protinusque
3511 3760 3710 3816 mitte-

2069 3840 2287 3895 bantur
2315 3838 2374 3894 in
2407 3841 2557 3896 aedes
2589 3842 2878 3898 Anastasii
2923 3860 2957 3900 a
2988 3845 3265 3916 magistro
3297 3849 3539 3903 comites
3573 3864 3709 3918 pro-

2070 3932 2357 3985 tectorum
2390 3931 2447 3984 et
2469 3928 2960 3989 domesticorum:
3015 3932 3075 3988 hi
3125 3950 3258 3990 cum
3310 3937 3384 3992 ad
3431 3935 3711 4008 palatium

1676 4026 1920 4083 VARIIE
1961 4024 2367 4083 LECTIONES.

372 4129 416 4165 ³³
452 4128 669 4186 ΣΧΟΛ.
711 4121 1152 4202 ἱεροαμφιάσται.
1229 4121 1276 4158 ³³
1315 4119 1525 4178 ΣΧΟΛ.
1568 4117 1750 4186 σιωπὴ
1811 4116 1902 4171 καὶ
1961 4111 2293 4177 συνέλευσις.

1361 4222 1564 4281 JOAN.
1604 4223 1745 4278 JAC.
1779 4219 2038 4276 REISKII
2075 4217 2662 4278 COMMENTARlUS.

365 4341 478 4413 (77)
538 4339 872 4413 Consensus.
925 4336 1202 4413 Συναινεῖν
1249 4332 1428 4390 habet
1498 4344 1728 4402 quoque
1798 4329 1954 4401 Diog.
1989 4329 2035 4394 D
2068 4327 2242 4384 visse.
2279 4330 2349 4413 At
2378 4327 2824 4413 de'monetariis
2845 4338 2899 4413 et
2917 4336 3163 4413 'moneta
3204 4335 3432 4413 funebri
3464 4338 3717 4413 multum

304 4406 489 4470 Laert.
524 4430 590 4483 p.
628 4411 714 4479 10,
747 4425 934 4480 segm.
969 4408 1060 4478 32,
1090 4406 1198 4483 ult,

2071 4399 2336 4478 scrupuli
2378 4399 2568 4478 adhuc
2600 4406 2884 4478 superest.
2913 4404 3114 4478 Posset
3142 4409 3379 4478 quidem
3413 4409 3526 4465 huc
3564 4412 3720 4470 trahi

371 4485 482 4557 (78)
513 4469 557 4539 λ
592 4469 750 4557 vitiis
779 4469 1269 4557 purulntcastu'm,
1303 4473 1572 4557 sobrium.
1610 4473 1670 4556 Id
1705 4472 1966 4557 profecto
2075 4471 2258 4557 locus,
2294 4485 2468 4557 quem
2493 4469 2578 4524 Du
2602 4469 2797 4557 Gange
2825 4491 2879 4528 v.
2904 4469 3269 4557 Ναῃιαιαξίαξ
3290 4481 3467 4557 citat:
3497 4483 3592 4557 βα
3623 4486 3715 4539 in-

306 4543 1027 4627 notat'vocabulu_m._Sed
1075 4543 1560 4627 pracipuesolet
1607 4543 1964 4627 significare,

310 4631 366 4682 et
394 4627 485 4682 hic
517 4639 759 4697 quoque
789 4622 904 4679 loci
934 4615 1114 4691 notat,
1147 4615 1510 4697 ub‘avaritia,
1544 4615 1846 4697 sordibus,
1879 4631 1969 4669 ra-

2075 4556 2237 4617 supe_r_
2265 4542 2386 4617 alia
2407 4542 2753 4617 consuetudo
2771 4546 2833 4600 in
2850 4547 3115 4616 praedicta
3135 4549 3394 4617 Ecclesia,
3417 4552 3509 4608 vel
3535 4555 3593 4610 in
3621 4571 3717 4611 su—

2073 4611 2500 4697 pradicta/occ,
2535 4616 2594 4697 ut
2643 4613 2704 4669 in
2749 4611 2864 4671 suo'
2890 4611 3575 4697 cinaeterio__ignob'ileset
3616 4642 3717 4697 po-

314 4698 467 4768 pinis
506 4682 889 4769 publicarum
948 4682 1123 4769 opum
1173 4690 1302 4747 ﬁdei
1350 4706 1471 4747 suis
1498 4682 1966 4769 commissarum
2074 4682 2267 4769 tentes,
2298 4682 2494 4769 divites
2533 4688 2595 4769 et.
2632 4701 2914 4769 pauperes,
2963 4691 3081 4769 siue
3121 4682 3716 4769 ulla'eontraglz‘clibne

315 4760 603 4834 alienum,
638 4766 736 4838 qui
761 4760 1322 4821 manus—alienarum
1345 4777 1523 4833 opum
1547 4775 1725 4832 puras
1757 4760 1967 4814 servat.

384 4841 497 4898 (79)
531 4835 886 4897 Αὐθεντείαν.
917 4834 1344 4898 Auctoritatem,
1375 4832 1435 4888 id
1465 4835 1554 4888 est
1610 4831 1836 4898 plenam
1870 4844 1967 4898 p0-

1610 4847 1836 4902 pienam
1870 4847 1968 4902 po-

319 4901 593 4968 testatem
618 4925 686 4967 ex
712 4909 953 4966 arbitrio
978 4907 1190 4979 agendi
1213 4923 1228 4974 ;
1261 4905 1376 4963 vid.
1409 4901 1734 4959 Chilmead.
1757 4901 1828 4957 ad
1851 4901 1972 4956 Ma-

384 4841 497 4913 (79)
531 4832 1350 4913 Aetli-vniamAuctoritatem,
1375 4832 1554 4913 idest

322 4982 419 5039 lal.
455 4999 604 5109 pag):
633 4981 762 5036 384.

389 5054 506 5109 (80)
591 5057 762 5109 ιοιοη

389 5054 506 5125 (se)
539 5054 608 5109 Pi

317 5116 623 5201 exsequiis
648 5122 1062 5201 imperatoriis,
1087 5137 1228 5201 non_
1245 5116 1509 5201 dixerim.
1533 5117 1594 5172 Si
1615 5116 1834 5201 .liceret
1865 5127 1971 5201 an-

315 5183 494 5268 tiqua.
515 5183 787 5269 tempore
813 5211 846 5269 ο
877 5183 1088 5269 nostris
1108 5189 1484 5269 aestimare,s_i
1509 5191 1702 5269 castra
1732 5183 1975 5268 doloris,

318 5263 739 5343 ut'_appellant,
773 5266 910 5343 olim
936 5263 1395 5343 erectagfuissent
1420 5264 1478 5316 et
1497 5263 1679 5341 armis
1701 5272 1813 5343 seu
1828 5263 1974 5343 insi-

320 5326 540 5413 gnibus
572 5326 743 5409 pictis
762 5340 1078 5413 decorata,
1101 5339 1159 5413 e_t
1189 5336 1239 5389 si
1261 5333 1387 5413 cusi
1411 5330 1755 5413 memoriam
1783 5326 1981 5413 d'efun-

323 5398 399 5464 Eti
432 5415 492 5466 et
539 5398 949 5482 eisequiarum
995 5398 1361 5482 celebrantes
1407 5408 1583 5475 atque
1626 5401 1687 5457 in
1735 5398 1978 5482 vulgum

325 5482 523 5550 sparsi
555 5473 812 5538 fuissent
839 5478 1092 5550 nummi,
1125 5477 1469 5550 facileusus
1490 5473 1705 5550 eorum
1733 5473 1981 5550 pareret.

2076 4753 2367 4826 sepeliant,
2397 4753 2761 4825 numularios,
2795 4753 2909 4814 hoc
2942 4765 3020 4816 est
3067 4769 3423 4832 monetarios,
3458 4765 3718 4826 habeant.

2079 4827 2188 4878 Sed
2215 4825 2414 4878 fateor.
2618 4828 2690 4878 de
2718 4845 2892 4878 sensu
2927 4831 3034 4878 lnni
3071 4851 3184 4878 nnn
3219 4841 3485 4878 nnnntnrn

2079 4827 2188 4881 Sed
2215 4827 2414 4890 fateor,
2449 4827 2596 4882 mihi
2618 4828 2690 4883 de
2718 4845 2894 4886 sensu
2926 4831 3036 4888 loci
3071 4851 3186 4890 non
3219 4827 3505 4892 constare.

2153 4895 2264 4978 (8i)
2294 4895 2382 4978 ita
2414 4904 2869 4978 praecavendum
2899 4905 3235 4978 scribebant
3281 4906 3435 4978 olim
3472 4911 3552 4978 et,
3575 4924 3718 4978 pro-

2081 4967 2454 5045 nuntiabant.
2489 4969 2575 5025 lta
2604 4972 2890 5045 Convenae,
2920 4975 3083 5031 urbis
3105 4977 3166 5033 in
3197 4976 3401 5045 Gallia,
3427 4967 3594 5032 hodie
3617 4995 3723 5034 au-

613 5057 841 5110 ctorum
861 5048 1396 5108 etmonetariorum
1416 5045 1516 5118 qui
1546 5061 1690 5118 usus
1722 5039 1972 5098 tueritin
2082 5039 2168 5118 dit
2218 5038 2794 5118 Comeng_e_._K0_iz_évra§
2843 5038 2946 5118 pro
2991 5057 3254 5104 conventu
3317 5038 3488 5102 habet
3536 5048 3724 5118 Tb_eo-

2083 5110 2307 5239 phanes
2339 5127 2393 5182 p.
2438 5112 2559 5182 145,
2582 5110 2681 5171 ubi
2701 5116 2818 5172 vid.
2844 5110 3042 5202 anm,
3065 5123 3122 5200 et
3150 5135 3207 5190 p.
3239 5119 3366 5183 364,
3389 5115 3722 5189 κομμένδον.

2115 5181 2296 5237 hrum
2329 5189 2434 5239 est.
2465 5186 2618 5239 Quod
2650 5187 2719 5239 de
2747 5187 3122 5239 Patzmakitis
3172 5193 3374 5239 narrat
3428 5191 3722 5239 Cedrenus

2115 5181 2296 5254 iirum
2329 5181 2434 5254 est,
2465 5186 2618 5254 quod
2650 5187 2719 5242 de
2747 5187 3122 5244 Patzinakitis
3150 5181 3374 5245 'narrat
3428 5181 3723 5247 Ccdrenus

2086 5253 2316 5379 £2779:
2355 5253 2656 5329 Συμϐουλὴ
2700 5256 2822 5326 ἥτις
2880 5259 3006 5332 παρ’
3067 5257 3251 5322 αὐτοῖς
3306 5260 3569 5331 κομέντον
3629 5281 3728 5315 κα-

2127 5343 2291 5380 ειται.

2161 5396 2274 5467 (82)
2303 5397 2459 5476 Nihil
2492 5399 2592 5476 hic
2616 5402 2906 5476 memorat
2927 5399 3133 5476 Noster
3153 5403 3571 5476 dejuramento
3605 5403 3726 5476 illo,

2091 5481 2207 5547 quo
2238 5485 2300 5523 se
2315 5470 2670 5547 _Anasta§i_us
2701 5471 2793 5541 (ex
2824 5471 2945 5547 lida
2975 5471 3202 5547 Evagrii
3235 5470 3345 5547 ἸΙΙ.
3380 5475 3472 5547 32)
3501 5470 3731 5547 Euphe;

328 5539 518 5608 P'enes
552 5569 644 5632 me
663 5553 923 5632 quidem,
945 5539 1192 5632 dubium
1215 5547 1440 5632 nullum
1464 5551 1652 5627 est,.et
1691 5539 1750 5600 in
1773 5539 1984 5632 tabulis
2093 5539 2772 5632 mia-.episﬁcopoggtano
2783 5540 3070 5632 obligavit
3082 5539 3548 5632 i'ACuiuifiriadue
3583 5539 3732 5632 Ilua-

329 5623 526 5693 pictas
555 5613 767 5697 ligneis
789 5628 845 5680 et
875 5613 1074 5680 cereas
1105 5621 1387 5697 laureatas
1425 5616 1706 5697 imagines
1756 5613 1984 5684 princi-
2089 5613 2330 5694 “asiam
2359 5613 2648 5697 imperiali
2667 5628 2916 5683 purpura
2936 5616 3134 5669 vestire
3157 5616 3339 5685 vellet,
3363 5617 3729 5686 Euphemius,

330 5687 479 5767 pum
511 5687 778 5754 vetérum
809 5696 1071 5768 ipsorum
1101 5691 1406 5748 funeribus
1437 5687 1694 5761 praferri
1736 5700 1984 5742 consue-

668 5823 934 5885 Parson.
980 5823 1096 5882 Gn.
1141 5818 1322 5888 CXII,

2093 5684 2262 5751 regia:
2307 5683 2464 5739 urbis
2518 5686 2818 5756 episcOpus,
2868 5701 3191 5743 consensum
3244 5683 3412 5744 suum
3442 5683 3739 5747 accommol-
