4154 6306
302 355 418 414 785

1171 355 1272 414 DE
1316 345 1768 420 CERlMONlIS
1810 360 2046 423 AULJE
2086 363 2564 426 BYZANTIN/E
2605 367 2750 429 LIB.
2800 368 2848 429 Ι.

3608 381 3725 444 786

301 487 394 544 καὶ
443 485 598 542 ἄλλα
648 489 895 543 τοιαῦτα.
946 483 1314 560 Αὐτοκράτωρ
1374 487 1583 562 Καῖσαρ
1640 486 1972 566 Αὔγουστοςο

2092 495 2355 568 protinus
2383 499 2753 571 erigebantur
2774 502 3036 573 jacentia
3065 503 3257 578 signa,
3288 512 3346 565 et
3377 511 3568 570 fausta
3594 518 3730 571 vota

304 599 334 634 ι
366 575 600 646 Ἐπειδὴ
652 580 831 632 τοίνυν
887 573 1004 648 ἐμὲ,
1056 575 1102 630 εί
1153 575 1243 630 καὶ
1291 574 1491 631 ἄκοντα
1528 576 1618 632 καὶ
1650 575 1970 635 ἀναϐαλλό-

305 687 494 742 μενον,
545 669 582 736 ἡ
636 665 1009 743 γαληνωτάτη
1073 664 1359 738 Δύγούστα
1424 663 1680 743 Ἀριάδνη
1732 673 1800 742 τῇ
1853 667 1971 725 δια-

301 757 484 833 κρίσει
553 758 666 828 (91)
734 758 844 810 τῶν
916 754 1365 831 ὑπερφυεστάτων
1437 756 1826 830 πρωτευόντων
1879 758 1968 814 καὶ

299 853 410 915 τῆς
442 842 798 916 ἐνδοξοτάτης
831 845 1148 918 συγκλήτου
1192 846 1228 914 ἡ
1279 842 1482 922 ἐκλογὴ
1528 847 1619 900 καὶ
1665 849 1772 902 τῶν
1807 843 1969 903 δυνα-

303 940 419 990 τῶν
489 931 894 1009 στρατοπέδων,
962 937 1061 988 τοῦ
1125 954 1185 988 τε
1249 935 1658 1008 καθοσιωμένου
1727 933 1863 991 λαοῦ
1929 938 1964 1005 ἡ

303 1024 610 1086 συναίνεσις
658 1024 794 1099 πρὸς
846 1023 907 1078 τὸ
967 1019 1314 1096 ἀναδέξασθαι
1369 1029 1470 1094 τῆς
1525 1023 1805 1100 βασιλείας
1857 1028 1965 1081 τῶν

299 1112 603 1186 ⁸Ρωμαίων
657 1114 755 1182 τήν
813 1109 1096 1188 φροντίδα,
1154 1113 1592 1190 προηγουμένως
1642 1120 1742 1184 τῆς
1798 1112 1966 1170 ἐπιει-

298 1203 457 1265 κείας
504 1208 605 1272 τῆς
667 1201 810 1266 θείας
853 1198 1105 1277 Τριάδος,
1159 1201 1552 1277 προεχώρησεν
1596 1205 1731 1277 (92).
1763 1226 1792 1256 ››
1836 1203 1965 1260 Ὑπὸ

297 1291 522 1347 πάντων
575 1289 802 1366 ἐκράγη·
879 1313 910 1342 ‹‹
962 1289 1143 1364 Κύριε,
1219 1289 1462 1361 ἐλέησον·
1540 1292 1629 1346 Υἱὲ
1685 1295 1842 1362 Θεοῦ,
1902 1292 1964 1346 σὺ

298 1380 470 1436 αὐτὸν
546 1379 796 1451 ἐλέησον.
875 1381 1184 1437 Ἀναστάσιε
1247 1379 1546 1456 Αὕγουστε,
1619 1379 1961 1456 τούμϐηκας’

304 1464 509 1539 εὐσεϐῆ
545 1467 775 1544 βασιλέα
822 1469 851 1524 ὁ
900 1470 1030 1532 Θεὸς
1081 1467 1325 1544 φυλάξει·
1362 1471 1390 1525 ὁ
1433 1469 1562 1534 Θεός
1595 1492 1651 1526 σε
1681 1468 1900 1541 ἔδωκεν,
1933 1472 1961 1526 ὁ

306 1559 443 1617 Θεός
475 1579 534 1612 σε
577 1557 820 1635 φυλάξει,
872 1582 902 1611 ››
950 1557 1040 1613 καὶ
1087 1556 1233 1614 ἄλλα
1289 1563 1536 1616 τοιαῦτα.
1591 1561 1958 1636 Αὐτοκράτωρ

305 1649 522 1722 Καῖσαρ
572 1645 902 1724 Αὔγουστος·
955 1671 983 1700 ι(
1033 1647 1266 1705 Ὀπόσον
1327 1670 1423 1722 μοι
1472 1651 1641 1724 βάρος
1685 1649 1817 1726 ὑπὲρ
1860 1655 1963 1719 τῆς

305 1745 504 1806 κοινῆς
562 1736 778 1792 πάντων
838 1737 1116 1813 σωτηρίας
1183 1737 1432 1810 ἐπετέθη,
1509 1740 1612 1795 οὐκ
1664 1739 1868 1817 ἀγνοῶ.
1931 1762 1959 1791 ››

304 1827 463 1902 Παρᾶ
488 1826 702 1930 πάντων
736 1820 964 1930 ἐϐοήθη·
1001 1849 1030 1878 ι(
1058 1828 1208 1897 "Agis
1251 1834 1352 1897 τῆς
1390 1826 1689 1903 βασιλείας,
1723 1829 1833 1900 ἄξιε
1859 1835 1961 1899 τῆς
1998 1865 2038 1930 Β

305 1914 562 1992 Τριάδος,
594 1912 705 1985 ἄξιε
727 1921 828 1985 τῆς
850 1912 1086 1978 πόλεως.
1109 1917 1248 1979 Τοὺς
1281 1913 1588 1992 δηλάτορας
1617 1913 1718 1988 ἔξω
1753 1918 1906 1993 βάλε,
1931 1944 1960 1974 ››

305 2005 398 2059 καὶ
447 2003 595 2060 ἄλλα
639 2009 886 2063 τοιαῦτα.
936 2003 1302 2081 Αὐτοκράτωρ
1363 2009 1578 2081 Καῖσαρ
1624 2005 1960 2085 Αὔγουστοςο

307 2118 337 2146 ‹‹
373 2093 551 2150 Ἀλλᾶ
596 2094 688 2148 τὸν
735 2094 864 2148 Θεὸν
918 2092 1008 2148 τὸν
1055 2095 1471 2170 παντοκράτορα
1500 2092 1758 2167 δυσωπῶ,
1787 2097 1960 2167 ὅπως,

304 2183 425 2238 οἷὸν
459 2203 525 2256 με
556 2181 608 2236 ἐν
637 2183 808 2257 ταύτῃ
856 2185 924 2257 τῇ
954 2186 1114 2257 κοινῇ
1163 2181 1366 2260 ἐκλογῇ
1399 2184 1640 2261 γενέσθαι
1668 2185 1958 2262 ἠλπίσατε,

301 2273 553 2328 τοιοῦτον
593 2276 660 2346 τῇ
708 2276 814 2327 τῶν
859 2273 1194 2349 πραγμάτων
1245 2273 1466 2348 ἐργασίᾳ
1503 2279 1895 2348 κατανοήσητε.
1926 2300 1953 2332 s

304 2364 462 2438 Παρᾶ
508 2363 721 2418 πάντων
777 2361 1001 2438 ἐκράγη·
1061 2387 1082 2414 ι
1137 2361 1228 2425 Εἷς
1277 2361 1334 2418 ὅν
1383 2365 1675 2434 πιστεύεις,
1715 2366 1876 2431 αὐτός
1905 2390 1962 2424 οε

303 2452 498 2507 σώσει.
580 2451 668 2513 Ὠς
760 2445 976 2521 ἕζησας,
1045 2450 1188 2508 οὕτω
1287 2451 1625 2527 βασίλευσον.
1703 2452 1958 2520 Εύσεϐὧς

303 2537 533 2609 ἕζησας,
593 2533 829 2601 εὐσεϐῶς
891 2537 1233 2615 βασίλευσον.
1302 2539 1587 2616 Ἀριάδνη,
1653 2545 1715 2598 σὺ
1783 2551 1955 2617 νικᾷς.

310 2626 517 2684 Πολλὰ
543 2626 610 2681 τὰ
650 2624 743 2698 ἔτη
774 2634 873 2697 τῆς
920 2628 1257 2705 Δύγούστης.
1308 2631 1386 2689 Τὸ
1434 2631 1698 2706 ἐξέρκιτον
1728 2635 1790 2688 σὺ
1821 2633 1960 2711 ἔγει-

317 2737 443 2792 ρον,
501 2716 594 2778 τὰς
653 2717 928 2792 στρατείας
983 2716 1044 2773 σὺ
1098 2714 1330 2795 ἕγειρον,
1389 2721 1518 2783 τοὺς
1575 2719 1806 2785 δούλους
1861 2745 1956 2779 σου

314 2805 566 2876 ἒλέησον.
622 2807 707 2868 Ὠς
764 2807 1090 2882 Μαρκιανὸς,
1151 2808 1323 2872 οὕτως
1384 2809 1726 2885 βασίλευσον,
1783 2836 1812 2866 ››
1865 2815 1953 2869 καὶ

309 2893 460 2950 ἄλλα
487 2899 704 2952 τοιαῦτα
744 2895 948 2953 πολλά.
995 2898 1356 2974 Αὐτοκράτωρ
1389 2904 1590 2974 Καῖσαρ
1622 2899 1955 2976 Αὔγουστος·

304 3007 334 3039 ε
370 2986 528 3060 Ὑπὲρ
582 2989 680 3051 τῆς
739 2987 932 3062 ἑορτῆς
991 2993 1092 3057 τῆς
1149 2989 1417 3066 εὐτυχοῦς
1461 2990 1625 3064 ἡμῶν
1678 2989 1954 3066 βασιλείας

297 3075 405 3130 ἀνὰ
452 3076 490 3130 ε’
530 3076 889 3149 νομισμάτων
939 3077 1030 3130 καὶ
1081 3075 1273 3153 λίτραν
1322 3077 1562 3154 ἀργύρου
1613 3078 1741 3152 ὑμῖν
1791 3100 1956 3136 κατα-

299 3159 580 3219 ϐούκολον
610 3160 793 3223 δώσω.
827 3187 857 3216 ››
907 3164 1058 3239 Παρᾶ
1105 3163 1318 3221 πάντων
1365 3163 1592 3238 ἐϐοήθη.
1625 3190 1653 3219 ‹‹
1686 3171 1953 3242 Χριστια-

297 3252 391 3306 νὸν
443 3251 668 3327 βασιλέα
715 3255 743 3309 ὁ
794 3254 925 3318 Θεὸς
972 3251 1308 3333 διαφυλάξει.
1360 3255 1530 3311 Αὗται
1561 3274 1737 3312 κοιναι
1768 3257 1951 3333 εὐχαί,

297 3341 461 3398 αὗται
519 3343 575 3397 αἱ
632 3343 793 3418 εὐχαὶ
849 3351 949 3414 τῆς
1007 3343 1350 3418 οἰκουμένηςο
1405 3344 1496 3398 τὸν
1571 3340 1762 3415 εὐσεϐῆ
1821 3349 1954 3421 (93).

297 3431 490 3508 Κύριε,
546 3430 805 3506 φύλαξονο
864 3433 987 3508 ἅγιε
1062 3433 1248 3509 Κύριε,
1323 3428 1533 3510 ἔγειρον
1590 3435 1684 3488 τὸν
1752 3436 1958 3509 κόσμον

304 3543 426 3577 σου.
485 3526 624 3592 Νικᾷ
680 3523 716 3590 ἡ
775 3521 920 3598 τύχη
977 3527 1086 3578 τῶν
1131 3521 1441 3595 Ῥωμαίων.
1493 3523 1808 3578 Ἀναστᾶσιε
1854 3521 1956 3581 Αὔ-

301 3631 525 3686 γουστε,
582 3609 645 3664 σὺ
702 3613 876 3681 νικᾷςο
933 3609 1192 3687 Ἀριάδνη
1253 3610 1559 3689 Αὐγούστα,
1591 3611 1653 3666 σὺ
1691 3613 1860 3682 νίκᾷς.
1893 3614 1953 3670 Ὁ

295 3701 433 3762 Θεὸς
465 3701 606 3772 ὑμᾶς
638 3696 893 3771 δέδωκεν,
925 3700 953 3755 ὁ
984 3702 1114 3764 Θὲὸς
1156 3701 1296 3774 ὑμᾶς
1329 3699 1572 3776 φυλάξει.
1607 3725 1636 3754 ››
1669 3700 1952 3777 Αὐτοκρά-

293 3809 415 3864 τωρ
449 3787 781 3865 Δύγουστος·
815 3813 846 3840 ι(
885 3789 946 3845 Ὁ
994 3789 1124 3850 Θεὸς
1177 3790 1293 3862 μεθ’
1327 3789 1498 3862 ὑμῶν.
1533 3812 1561 3840 ››
1592 3788 1690 3844 Καὶ
1726 3789 1861 3863 μετᾶ
1889 3791 1951 3846 τὸ

294 3879 769 3952 προσφωνηθῆναι
822 3877 1006 3940 αὐτοῖς
1055 3879 1323 3948 κατῆλθεν
1378 3876 1818 3954 δηριγευόμενος,
1861 3877 1950 3935 καί

294 3964 544 4034 ἀπῆλθεν
606 3965 681 4028 εἰς
734 3967 832 4036 τήν
891 3964 1201 4038 ἔκκλησίαν,
1259 3967 1346 4022 καὶ
1406 3965 1652 4036 εἰσῆλθεν
1710 3964 1798 4022 διὰ
1852 3972 1949 4022 τοῦ

2081 588 2200 642 tam
2233 587 2445 645 milites
2469 606 2644 660 quam
2677 591 2982 664 populares
3023 595 3439 655 acclamabant.
3472 601 3724 659 Descen-

2081 675 2252 732 debat
2281 682 2398 734 tum
2427 695 2456 734 e
2487 688 2666 749 scuto,
2698 687 2757 738 et
2795 683 3231 756 ingrediebatur
3276 706 3478 747 rursus
3523 693 3581 748 in
3621 693 3726 750 tri-

2080 764 2348 834 clinium,
2379 768 2479 825 ubi
2507 769 2750 828 basilica
2771 789 2869 829 seu
2893 775 3145 848 insignia
3167 777 3397 850 imperii
3423 781 3723 852 induebat,

2081 854 2153 908 ab
2190 854 2460 927 episcopo
2493 874 2693 928 preces
2723 862 2956 919 tiebant.
2992 867 3157 938 Kyrie
3188 868 3407 924 eleison
3439 872 3722 928 recitaba-

2079 942 2193 1008 tur,
2225 941 2380 997 idem
2401 945 2727 1013 patriarcha
2752 951 2862 1020 ipsi
2891 952 3255 1025 chlamydem
3279 957 3640 1030 imperialem
3666 967 3723 1016 et

2077 1043 2354 1086 ceronam
2373 1041 2726 1104 gemmatam
2749 1037 3240 1112 circumponebat.
3268 1048 3334 1101 In
3364 1047 3474 1104 hoc
3504 1053 3714 1105 ornatu

2078 1119 2373 1189 repetebat
2401 1123 2748 1181 Anastasius
2777 1143 2984 1186 rursus
3015 1132 3318 1202 cathisma,
3342 1141 3398 1192 et
3427 1138 3723 1194 salutabat

2078 1207 2383 1279 populum.
2417 1209 2834 1270 Exclamabant
2861 1220 2986 1272 tum
3017 1235 3260 1280 omnes:
3294 1245 3323 1273 ‹‹
3353 1227 3648 1296 Anguste!
3687 1249 3716 1279 »

2077 1298 2232 1354 246
2260 1297 2386 1368 ipse
2413 1314 2547 1355 vero
2569 1300 2972 1373 alloquebatur
2993 1306 3208 1364 milites
3235 1314 3292 1365 et
3318 1315 3596 1383 populum
3620 1331 3718 1372 ore

2075 1383 2415 1442 libellensis.
2447 1387 2667 1461 Nempe
2697 1389 2950 1461 libellus,
2982 1393 3042 1449 in
3073 1409 3184 1467 quo
3225 1399 3550 1470 prescripta
3595 1409 3717 1458 erat

2076 1474 2316 1547 alloquii
2347 1476 2624 1546 formula,
2656 1479 2769 1551 ipsi
2811 1481 2884 1536 ab
2924 1482 3119 1554 aliquo
3150 1485 3510 1556 tradebatur,
3542 1506 3718 1560 quem

2075 1562 2201 1634 ipse
2228 1563 2486 1621 vicissim
2508 1565 2827 1624 libellensis
2848 1571 3126 1639 tradebat,
3159 1571 3255 1628 hic
3285 1574 3538 1647 denique
3558 1592 3590 1632 e
3610 1577 3715 1633 tri-

2074 1650 2274 1708 bunali
2289 1652 2586 1721 recitabat,
2599 1657 2938 1725 promittens
2955 1659 3148 1715 danda
3162 1659 3310 1732 ipsis
3323 1679 3394 1718 au
3402 1665 3555 1734 gusti
3563 1665 3716 1722 atica

2073 1757 2170 1798 seu
2191 1744 2653 1800 muneraanovis
2666 1745 2946 1817 Augustis
2970 1748 3182 1819 pepulo
3209 1753 3267 1806 et
3290 1750 3572 1808 militibus
3588 1753 3714 1809 dari

2071 1830 2272 1900 solita;
2303 1835 2361 1889 et
2388 1831 2624 1902 quidem
2647 1833 2867 1891 viritim
2894 1852 3168 1894 nummos
3189 1855 3394 1896 aureos
3415 1841 3624 1910 quinos
3656 1847 3714 1899 et

2071 1920 2235 1977 litras
2246 1920 2575 1992 singulares
2589 1923 2834 1995 argenti.
2858 1924 3041 1981 Habet
3053 1933 3246 1983 autem
3269 1929 3584 2001 alloquium
3599 1932 3706 1988 sic.

2073 2011 2394 2080 Imperator
2418 2013 2599 2066 Caesar
2630 2016 2914 2085 angustus
2939 2030 2952 2069 :
2973 2015 3230 2073 «Notum
3267 2021 3354 2074 est
3389 2018 3708 2077 humanam

2071 2101 2418 2169 potestatem
2449 2116 2482 2154 a
2523 2103 2674 2156 nutu
2724 2117 3008 2174 supremae
3057 2104 3256 2176 gloria
3295 2106 3644 2178 dependere.
3677 2129 3706 2158 ››

2071 2186 2485 2244 Exclamabant
2512 2203 2745 2246 omnes:
2778 2211 2808 2241 ‹‹
2837 2191 3085 2247 Abunde
3119 2192 3401 2250 bonorum
3434 2195 3560 2251 orbi
3590 2200 3710 2252 ter-

2070 2292 2268 2332 rarum
2303 2298 2330 2326 »
2363 2277 2545 2348 [nunc
2570 2278 2876 2350 contingit,
2908 2283 2964 2335 te
2994 2280 3064 2335 ad
3115 2280 3423 2352 imperium
3466 2285 3703 2355 evecto].

2075 2387 2097 2415 ι
2132 2365 2203 2421 Ut
2235 2365 2516 2421 hactenus
2546 2366 2766 2436 vixisti,
2800 2367 2882 2422 ita
2914 2383 3080 2438 porro
3105 2368 3348 2440 impera.
3372 2373 3558 2427 Puros
3588 2388 3709 2428 ma-

2069 2455 2348 2525 gistratus
2379 2455 2504 2510 orbi
2537 2459 2820 2511 terrarum
2855 2456 3255 2530 [ﬂagitamus],
3288 2477 3314 2510 ι
3340 2467 3394 2515 et
3415 2459 3528 2516 alia
3551 2461 3704 2517 talia.

2070 2545 2391 2615 Imperator
2436 2543 2626 2599 Casar
2673 2551 2995 2616 angustus:
3047 2566 3077 2596 «
3124 2548 3268 2602 Cum
3334 2548 3533 2620 itaque
3585 2565 3700 2619 me,

2069 2633 2338 2705 quamvis
2369 2632 2614 2689 invitum
2646 2637 2702 2688 et
2731 2634 3129 2703 cessitantem,
3163 2637 3538 2695 serenissima
3581 2643 3709 2695 An-

2067 2726 2240 2795 gusta
2268 2723 2523 2778 Ariadne
2555 2723 2780 2795 judicio
2830 2740 2959 2792 suo,
2989 2723 3522 2783 illustrissimorum
3573 2745 3706 2800 pro-

2067 2826 2266 2869 cerum
2295 2815 2352 2868 et
2380 2810 2792 2883 gloriosissimi
2823 2817 3060 2869 senatus
3092 2814 3316 2883 electio,
3349 2816 3706 2885 potentium—

2065 2917 2172 2973 que
2208 2900 2568 2957 exercituum
2595 2904 2660 2956 ut
2683 2903 2739 2956 et
2761 2902 3115 2958 sacrosancti
3137 2903 3337 2974 populi
3359 2919 3700 2971 consensus,

2065 3007 2131 3048 eo
2151 2990 2427 3062 adegerit,
2460 2993 2543 3056 ut,
2584 3006 2836 3059 sequens
2867 2991 3103 3046 ductum
3136 2991 3454 3049 clementiae
3498 2993 3703 3049 divinas

2064 3079 2388 3148 Trinitatis,
2419 3093 2621 3134 curam
2649 3077 2876 3150 imperii
2900 3079 3294 3136 Romanorum
3318 3081 3378 3135 in
3400 3097 3494 3136 me
3516 3082 3705 3137 susci-

2065 3185 2337 3242 perem.»
2395 3169 2482 3224 Ad
2538 3168 2659 3223 haec
2715 3167 3116 3225 exclamabant
3170 3184 3413 3226 omnes:
3457 3191 3488 3220 ‹‹
3540 3171 3706 3242 Kyrie

2066 3258 2304 3316 eleisun.
2337 3255 2441 3311 Fili
2465 3256 2589 3324 Dei,
2613 3256 2888 3313 miserere
2913 3258 3064 3329 ejus.
3099 3258 3405 3313 Anastasis
3425 3259 3702 3330 Auguste,

2063 3353 2128 3404 tu
2159 3347 2380 3404 vincas.
2413 3345 2578 3402 Pium
2599 3345 3007 3417 imperatorem
3030 3347 3183 3402 Deus
3213 3351 3526 3404 conservet.
3555 3348 3704 3405 Deus

2063 3439 2121 3493 te
2151 3435 2332 3493 dedit.
2365 3435 2518 3490 Deus
2545 3437 2600 3489 te
2629 3439 2945 3501 conservet,
2979 3455 3007 3484 »
3039 3439 3096 3490 et
3119 3434 3234 3491 alia
3263 3435 3420 3492 talia.
3453 3435 3706 3508 Impera-

2063 3527 2153 3581 tor
2201 3524 2395 3579 stsar
2432 3525 2756 3593 augustus:
2799 3543 2828 3571 ‹‹
2874 3521 3156 3593 Intelligo,
3216 3527 3502 3595 quantum
3552 3541 3701 3580 onus

2064 3612 2211 3669 mihi
2242 3627 2374 3668 cum
2406 3627 2543 3666 cura
2571 3609 2904 3665 communis
2933 3609 3197 3665 omnium
3229 3610 3435 3666 salutis
3457 3611 3701 3682 imposi-

2061 3703 2189 3755 tum
2220 3696 2410 3754 fuerit.
2435 3717 2464 3747 »
2481 3695 2900 3752 Acclamabant
2921 3711 3121 3752 omnes
3147 3711 3206 3751 :«
3226 3696 3409 3768 Digne
3431 3697 3697 3768 imperio,

2062 3788 2238 3858 digne
2265 3784 2563 3841 Trinitatis
2593 3785 2784 3839 favore
2814 3789 2985 3853 atque
3035 3783 3279 3852 calculo,
3310 3784 3486 3855 digne
3535 3784 3697 3841 urbe.

2060 3882 2206 3932 Arce
2227 3874 2529 3941 delatores,
2564 3894 2593 3923 »
2625 3875 2681 3928 et
2710 3871 2928 3928 similia
2957 3871 3144 3943 plura.
3179 3875 3490 3944 Imperator
3513 3874 3700 3928 Casar

2059 3969 2392 4038 angustus:
2449 3984 2478 4013 «
2528 3962 2736 4019 Verum
2774 3961 3074 4034 supplicor
3123 3961 3506 4033 omnipotenti
3556 3961 3695 4028 Deo,

295 4055 596 4130 νάρθηκος,
642 4056 732 4110 τὸν
779 4054 1035 4132 στέφανον
1081 4055 1344 4134 πρότερον
1394 4055 1722 4130 ἀποθέμενος
1772 4056 1823 4112 ἐν
1867 4060 1948 4128 τῷ

2067 4055 2192 4113 velit
2220 4053 2538 4122 efﬁcere,ut
2564 4049 2793 4122 qualem
2821 4065 2912 4108 me
2941 4052 3062 4109 fore
3092 4050 3393 4124 sperastis,
3416 4049 3697 4123 eligentes

1332 4210 1533 4270 JOAN.
1572 4212 1719 4269 JAC.
1765 4211 2027 4268 REISKII
2067 4206 2659 4268 COMMENTARIUS.

299 4363 451 4435 ησεν¹
507 4358 822 4435 Ωςᾼέζηᾼσας,
884 4358 1177 4435 οὕτω-καὶ
1246 4358 1589 4435 βασίλευσον,
1649 4357 1946 4435 δέσποτα-η.

2059 4357 2448 4434 ιξίκροπςῦλεωςξΔ
2470 4374 2574 4430 pro
2590 4373 2719 4434 _quo
2749 4356 2898 4434 alius
2927 4355 3171 4434 dixisset
3191 4350 3460 4434 ἔκκαλεῖν,
3493 4347 3694 4407 ἐκϐάλ-

299 4426 465 4510 οὗτος
509 4426 998 4510 τοὸς’δελάτωρας
1049 4430 1110 4486 ἐκ
1177 4426 1284 4487 τῶν
1343 4426 1818 4495 πόλεων’τελέως
1877 4432 1951 4502 ἐξ·

2067 4426 2206 4499 λεὶν,
2234 4426 2498 4504 ἐκκορεῖνζ
2521 4426 2677 4484 velut
2695 4429 3048 4510 excilnifa‘re,
3072 4431 3136 4481 ut
3155 4426 3422 4510 c'ilmicem
3443 4440 3693 4510 egerere,

302 4506 499 4561 ἑκοώεν
510 4548 522 4561 .

377 4507 903 4649 ῗὲῗῖὃοδίηίοῌίεο
936 4575 1027 4628 σύν
1060 4573 1333 4649 νριλᾶίμα,
1372 4593 1488 4632 una
1535 4593 1662 4649 cum
1688 4575 1950 4649 judicio,

306 4641 394 4705 De
447 4641 649 4722 phrasi
710 4641 884 4722 κρίσξι
931 4651 1054 4722 τῆς,
1089 4641 1436 4718 ἐνδοξοτάτης
1490 4641 1799 4722 συγκλήτου
1863 4644 1953 4700 καὶ

307 4714 602 4793 συναίνέσει
632 4714 756 4793 τῶν
773 4714 1168 4793 ἀνδρειοτάτων
1215 4714 1594 4793 στριιιιιίὶωτιῖιῐρν⁸
1615 4714 1733 4774 vid.
1767 4719 1954 4793 Spanf

304 4792 467 4858 hem,
502 4793 572 4848 ad
628 4788 1040 4850 Julianﬁorat.
1093 4807 1149 4860 p.
1209 4788 1300 4847 32.‘
1357 4789 1626 4846 Concinit
1679 4788 1952 4860 presenti

302 4863 552 4921 orationi
611 4862 712 4919 illa
768 4862 1046 4934 Gordiani
1081 4861 1235 4934 apud
1285 4861 1593 4934 Capitolia.
1644 4864 1686 4916 t.
1728 4861 1778 4915 II
1828 4861 1949 4934 Scr.

298 4933 454 4991 Hist.
486 4936 636 5006 Aug.
671 4951 728 5006 p.
755 4935 822 4989 12
850 4933 1089 5006 Invitum
1122 4932 1220 4988 ‘me
1261 4934 1339 5006 P.
1373 4932 1432 4986 Ο.
1465 4935 1716 5006 juvenes,
1758 4932 1954 5002 quibus

301 5005 502 5076 Alrica
531 5003 735 5062 tu'enda
762 5005 1060 5060 commissa
1090 5007 1186 5072 est,
1215 5003 1286 5058 ad
1318 5003 1615 5076 imperium
1661 5007 1950 5076 vocarunt.

301 5073 408 5134 sed
437 5079 647 5133 intuitu
674 5085 912 5132 vestrum
933 5079 1315 5131 necessitatem
1349 5073 1588 5130 libenter
1602 5074 1863 5130 sustineo.
1899 5101 1953 5114 --

300 5149 447 5205 Nam
465 5165 560 5220 ego
594 5164 770 5220 usque
797 5148 868 5204 ad
896 5155 1124 5205 senatus
1166 5145 1433 5215 iudicium
1480 5144 1722 5201 incertus
1762 5147 1816 5200 et
1852 5159 1952 5200 υα-

304 5222 430 5277 rius
457 5221 757 5289 ﬂuctuubo.

384 5278 497 5363 (92)
527 5289 815 5348 Notabilis
864 5307 1012 5346 usus
1049 5289 1219 5363 verbi
1267 5303 1370 5360 pro
1421 5278 1800 5363 προεϐίϐασεν.
1854 5286 1955 5342 Est

308 5360 510 5420 tamen
543 5364 689 5419 bene
734 5365 1002 5419 Graecum
1047 5361 1422 5432 hocisensu:
1473 5360 1786 5432 προχωρεῖν
1836 5373 1954 5416 non

307 5434 500 5490 solum
534 5437 740 5501 semet,
773 5434 874 5489 sed
921 5433 1095 5489 etiam
1143 5431 1325 5488 alium
1383 5431 1721 5502 promovere
1768 5433 1950 5487 notat;

305 5505 438 5560 Pari
473 5505 647 5577 modo
676 5502 945 5577 ἐκχωρεῖν
979 5521 1095 5577 non
1124 5508 1357 5560 tantum
1386 5501 1581 5577 semet
1606 5501 1818 5572 ipsum,
1852 5501 1952 5577 sed

307 5578 488 5664 etiam
520 5571 941 5664 aliume'loco,
976 5575 1042 5664 in
1087 5577 1356 5664 qxuojest,
1406 5571 1724 5664 egitra'here,
1775 5573 1952 5664 ποιεῖν

315 5645 611 5738 ἐκχωρεῖν.
661 5647 755 5702 Sic
803 5650 1048 5714 usurpat
1095 5644 1376 5701 Diodorus
1422 5644 1656 5699 Siculus
1685 5645 1847 5727 ιλιι.
1894 5659 1952 5725 p.

307 5719 420 5773 25:
497 5713 788 5792 Επεχείρει
842 5713 1034 5788 λόγοις
1078 5714 1169 5769 τὸν
1222 5711 1476 5784 τύραννον
1542 5711 1804 5788 ἐκχωρειν
1857 5731 1956 5779 της

2003 4496 2026 4554 .—
2065 4496 2332 4560 excutere
2357 4496 2376 4569 ;’
2403 4517 2456 4555 ν.
2493 4516 2618 4567 quae
2641 4499 2708 4554 ad
2729 4515 2786 4569 p.
2817 4497 2922 4569 253
2939 4497 3151 4552 dicam.
3176 4496 3697 4569 Ita_Aristophanes

2062 4575 2284 4642 Avibus
2312 4563 2396 4628 vs.
2427 4563 2570 4642 2147;
2614 4563 2796 4642 γένυος
2837 4567 3035 4642 ξουθῆς
3087 4565 3335 4642 καθαρὰν-
3367 4563 3552 4642 ’χωρει
3601 4563 3699 4619 Διά

2062 4641 2426 4722 φυλλοκόμου
2451 4636 2717 4722 σμίλακος
2759 4638 2910 4722 ᾐχώ.
2946 4639 3046 4722 _Sic
3095 4636 3252 4694 enim
3299 4636 3567 4722 ibi—leg”
3599 4646 3698 4692 aut

2059 4707 2198 4772 s'ane
2227 4707 2346 4788 ἤχὴ
2381 4714 2431 4770 si
2469 4707 2676 4788 καθαρᾷ
2729 4707 3095 4768 ob"metrum
3136 4724 3363 4765 servare
3409 4707 3692 4764 velimus:

2055 4783 2318 4859 promoui:
2339 4783 2548 4859 parum
2577 4783 2727 4859 eclto,
2761 4789 3052 4859 autpuros
3090 4796 3262 4859 sonos_
3288 4793 3387 4850 per
3433 4794 3694 4859 canorum

2059 4850 2249 4930 'guttur
2277 4850 2442 4928 usque
2471 4855 2543 4930 qd
2571 4855 2721 4912 sedes
2758 4850 2903 4930 locis
2949 4859 3103 4930 trans
3145 4850 3458 4930 umbrosam
3501 4852 3693 4904 taxum

2061 4922 2236 5004 χώρει
2266 4922 2368 5004 fac-
2388 4928 2622 5004 pedere,
2645 4925 2951 5004 procedere,
2973 4925 3118 4982 cedo.
3148 4922 3414 5004 Notanda
3461 4935 3692 5001 quoque

2061 4996 2273 5072 positio
2300 4999 2480 5068 hujus
2509 4996 3046 5072 verb'i,_tam_longe
3077 4996 3325 5072 sejuncti
3363 4996 3688 5072 a'nomina-

2059 5063 2178 5128 tivo
2208 5087 2312 5128 suo
2369 5063 2626 5126 Ariadne.
2677 5063 2792 5126 'Tot
2850 5063 3166 5138 interjectis
3197 5063 3544 5138 ambagibus
3601 5063 3692 5115 vix

2060 5144 2294 5226 tandem
2327 5143 2646 5226 reperimus
2677 5140 2876 5226 influe
2901 5133 3151 5226 dimidim
3183 5135 3398 5226 periodi
3425 5133 3688 5226 verbu‘m,

2061 5216 2213 5286 quod
2245 5203 2442 5270 omnia
2471 5213 2584 5269 ista
2614 5212 2779 5286 regit.
2811 5214 2937 5264 Non
2967 5209 3051 5263 sic
3076 5203 3301 5286 ‘Grisci.
3324 5203 3686 5286 _Qircumdu-

2060 5274 2226 5354 ctior,
2257 5289 2346 5342 est
2377 5288 2498 5340 haec
2517 5274 2721 5355 oratio,
2744 5295 2918 5355 quam
2949 5295 3050 5355 pro
3070 5277 3302 5355 (impia.
3324 5276 3463 5355 Toto
3487 5274 3686 5355 habitu

2061 5342 2264 5414 Latina
2293 5363 2399 5414 est.
2431 5342 2718 5425 Apodosis'
2742 5342 3035 5421 particulas
3067 5342 3254 5414 ἐπειδή
3288 5353 3375 5402 est
3395 5348 3455 5425 in
3494 5344 3685 5425 verbis

2062 5428 2259 5482 ὁπόσον
2322 5446 2417 5499 μοι
2481 5419 3024 5500 pificina—quorum
3102 5433 3333 5489 quoque
3397 5419 3686 5471 structura

2061 5515 2223 5557 mera
2251 5498 2512 5568 Humana
2532 5498 2641 5568 egit.
2747 5565 2755 5568 _
2836 5561 2845 5568 ,
3117 5558 3152 5568 ,.

2131 5570 2245 5642 (93)
2276 5570 2397 5642 Vo;
2433 5559 2624 5632 εὐσεϐῆ
2665 5561 2856 5642 potest
2901 5559 3284 5642 accusativus,
3312 5559 3518 5642 potest,
3543 5569 3688 5642 quo-

2061 5624 2176 5712 qu‘e
2204 5624 2496 5712 vocativus
2526 5624 2685 5712 esse:
2707 5624 3436 5712 Posterius.sinoptes,‘erit
3462 5624 3552 5677 τόν
3587 5640 3690 5695 pro

2060 5700 2252 5765 τοῦτον
2287 5706 2690 5780 accipiendum
2717 5724 2732 5774 ;
2763 5704 2927 5762 hunc,
2959 5700 3052 5770 pie
3074 5700 3330 5770 Domine,
3358 5712 3540 5755 serva.
