4154 6306
329 429 467 492 789
1190 433 1293 494 DE
1336 433 1790 498 CERIMONIIS
1833 437 2070 500 AULIE
2113 438 2587 504 BYZANTIN/E
2628 445 2783 503 LIB.
2828 445 2880 506 Ι.

3635 453 3755 512 ⁸790

327 567 485 629 τινές
516 563 575 621 δὲ
621 567 712 622 καὶ
762 562 1016 639 διάφορα.
1069 565 1334 644 Συνήχθη
1387 563 1443 620 δὲ
1497 568 1588 622 καὶ
1643 570 1670 622 ὁ
1721 566 1898 643 δῆμος
1950 569 1988 625 ἐκ

2112 589 2398 647 proceres,
2433 577 2644 646 partim
2677 593 2875 651 myma
2904 580 3029 648 [seu
3086 583 3277 638 vestes
3324 595 3456 638 cum
3506 583 3747 642 intextis

324 660 407 730 τῇ
473 652 844 730 ἱπποδρομίᾳ,
890 655 980 709 καὶ
1027 653 1303 728 εύσήμουν
1350 656 1450 724 τὴν
1501 654 1811 731 σύγκλητον
1882 662 1988 735 κράη

2114 665 2368 720 murium
2401 666 2589 735 parvis
2621 667 2843 737 ﬁguris,
2877 673 2975 724 aut
3006 669 3257 726 colorem
3305 671 3556 728 murium
3592 673 3750 730 cine-

328 750 549 814 ζοντες·
611 769 639 798 ‹‹
684 743 879 800 Πολλὰ
929 743 994 799 τᾶ
1043 738 1140 814 ἔτη
1185 746 1284 812 τῆς
1336 743 1668 821 συγκλήτου.
1717 747 1988 822 Σύγκλητι

2113 753 2311 808 ritium
2372 755 2712 828 imitantes],
2774 758 2982 827 partim
3041 759 3321 830 diapbora
3369 762 3492 832 [seu
3526 761 3752 819 lumina

322 834 661 907 Ῥωμαίων,
695 834 758 888 σὺ
789 837 960 903 νικᾷς.
1009 831 1112 888 Τόν
1166 831 1226 887 ἐκ
1273 837 1406 888 Θεοῦ
1463 832 1688 909 βασιλέα
1732 839 1810 908 τῷ
1862 835 1988 913 ἐξερ-

2113 841 2370 896 colorum
2427 845 2584 900 vario
2643 845 2946 918 fulgentes]
2999 848 3210 904 induti.
3287 831 3754 922 Congregabatur

321 921 504 995 κίτῳ.
565 922 674 979 Τὸν
725 922 786 978 ἐκ
841 926 976 977 Θεοῦ
1039 919 1270 996 βασιλέα
1321 925 1390 996 τῇ
1450 923 1770 998 οἰκουμένῃ,
1833 948 1861 976 ››
1912 929 1988 981 κα

2112 944 2343 1000 quoque
2375 932 2625 1002 populus
2659 934 2719 988 in
2752 937 2924 1004 circo,
2958 944 3010 990 et
3061 919 3431 994 celebrabant
3483 919 3750 997 senatum

321 1007 533 1066 πολλᾶ
563 1013 808 1068 τοιαῦτα.
842 1009 948 1065 Καὶ
1007 1010 1265 1064 τεθέντων
1307 1011 1585 1083 σκαμνίων
1636 1011 1687 1066 ἐν
1741 1016 1819 1084 τῷ
1866 1034 1988 1088 πορ-

2109 1015 2403 1085 laudibus,
2437 1019 2758 1076 clamantes
2806 1041 2818 1076 :
2858 1045 2882 1075 α
2935 1024 3104 1080 Multi
3147 1026 3261 1081 sint
3303 1027 3439 1081 anni
3490 1033 3747 1086 senatus.

330 1099 488 1172 τίκῳ
557 1103 636 1170 τῷ
703 1100 809 1174 πρὸ
873 1103 970 1154 τοῦ
1042 1097 1290 1174 μεγάλου
1353 1099 1655 1172 τρικλίνου,
1752 1100 2000 1156 ἐκάθισαν

333 1188 549 1248 πάντες
581 1188 632 1242 οἱ
684 1189 950 1264 ἄρχοντες
1009 1185 1101 1242 καὶ
1160 1187 1188 1240 ὁ
1245 1187 1693 1262 ἀρχιεπίσκοπος,
1756 1190 1842 1243 καὶ
1901 1192 2006 1265 ἤρ-

333 1278 510 1347 ξαντο
540 1277 677 1350 πρὸς
708 1275 993 1347 ἀλλήλους
1024 1275 1350 1355 φιλονεικεῖν
1387 1276 1510 1353 περῖ
1562 1283 1664 1345 τῆς
1713 1274 2001 1352 προϐολῆς

331 1370 448 1422 τοῦ
510 1363 802 1440 βασιλέως·
856 1362 1028 1427 ἄλλος
1077 1365 1180 1440 γὰρ
1226 1364 1384 1437 ἄλλῳ
1432 1363 1773 1435 ἐσπούδαζεν·
1825 1368 1899 1428 ὡς
1945 1365 2002 1423 δὲ

337 1453 556 1530 χρόνος
609 1449 930 1528 διετρίϐετο,
985 1454 1133 1530 λέγει
1181 1452 1366 1517 αὐτοῖς
1413 1452 1579 1530 Κέλερ
1613 1455 1640 1510 ὁ
1675 1456 1996 1530 μάγιστρος,

326 1545 429 1600 ’ὁτι
469 1569 493 1600 ι
527 1546 616 1602 Ἐν
647 1546 759 1617 ὅσῳ
799 1543 996 1614 ἔξεστιν
1043 1546 1201 1616 ἡμῖν,
1258 1541 1668 1618 βουλευσόμεθα
1715 1546 1804 1601 καὶ
1855 1547 2000 1621 πρά-

326 1637 530 1708 ξομεν.
566 1634 694 1692 Ἐὰν
739 1634 843 1710 γὰρ
897 1636 1112 1711 ταχέως
1161 1633 1517 1707 ὁνομάσωμεν
1565 1634 1660 1688 τὸν
1704 1635 1998 1710 ὀφείλοντα

327 1723 614 1801 γενέσθαι,
673 1723 869 1786 πάντες
944 1724 1081 1796 ἡμῖν
1149 1721 1600 1793 ἀκολουθήσωσιν
1647 1724 1736 1779 καὶ
1790 1727 1998 1800 ἡσυχά-

329 1822 553 1884 ζουσιν.
609 1811 762 1869 Ἐπεὶ
823 1812 939 1885 μετ’
997 1811 1189 1886 ὀλίγον
1237 1811 1298 1866 οὐ
1345 1812 1606 1888 γινόμεθα
1662 1815 1843 1888 κύριοι
1896 1821 1996 1884 τῆς

331 1901 580 1978 βουλῆς,
613 1899 741 1956 αλλ’
779 1903 944 1973 ἡμεῖς
977 1899 1184 1973 ἑτέροις
1214 1897 1414 1977 ἔχομεν
1465 1901 1799 1958 ἀκολουθεῖν.
1835 1927 1862 1955 ››
1904 1904 1995 1966 Ὠς

329 1990 393 2047 δὲ
425 1990 516 2044 καὶ
551 1989 687 2063 μετᾶ
732 1994 903 2046 ταῦτα
943 1991 980 2058 ἡ
1033 1989 1338 2067 φιλονεικία
1386 1989 1660 2064 ἐπέμενεν,
1711 1993 1764 2046 οἱ
1809 1991 1994 2065 ἐεκου-

333 2076 556 2152 ὅίτορες
613 2079 724 2132 ἄνω
777 2078 830 2133 ἐν
889 2083 970 2150 τῷ
1020 2079 1233 2151 ἱππικῷ
1289 2079 1709 2156 ἀναγορεύουσιν
1765 2079 1991 2156 βασιλέα

333 2169 597 2237 Ἰωάννην
636 2168 756 2223 τινὰ
785 2162 1094 2242 τριϐοῢνον,
1147 2167 1517 2240 οἰκειούμενον
1564 2174 1644 2242 τῷ
1691 2176 1791 2238 τῆς
1847 2169 1992 2234 θείας

338 2258 553 2327 λήξεως
611 2255 910 2329 Ἰουστίνῳ,
971 2257 1030 2319 ὃς
1094 2258 1227 2330 μετά
1280 2262 1448 2312 ταῦτα
1491 2255 1787 2320 ἐπίσκοπος
1833 2259 1988 2334 Ἦρα-

336 2345 529 2409 κλείας
583 2345 816 2421 ἐγένετο,
862 2345 951 2400 καὶ
1003 2347 1272 2422 ἀνήγαγον
1327 2346 1485 2401 αὐτὸν
1535 2346 1611 2410 εἷς
1652 2350 1714 2402 τὸ
1762 2346 1987 2403 σκουτά-

344 2457 484 2511 ριον-
519 2434 930 2510 ’Δπηρέσθησαν
982 2435 1030 2471 ³⁵
1081 2432 1139 2490 δὲ
1187 2436 1238 2490 οἱ
1287 2434 1524 2508 Βένετοι,
1571 2437 1661 2491 καὶ
1711 2435 1984 2506 ἐλίθασαν,

342 2525 436 2579 καί
501 2545 643 2585 τινες
701 2523 792 2578 καὶ
850 2523 1199 2595 ἓτοξεύθησαν
1261 2524 1362 2578 ὑπὸ
1415 2529 1523 2580 τῶν
1571 2520 1983 2601 ἐξκουϐιτόρων.

351 2610 535 2668 Πάλιν
578 2608 638 2665 3‘s
663 2608 958 2685 σχολάριοι
988 2612 1319 2686 ὁρμήσαντες
1369 2612 1632 2689 κατέσχον
1675 2612 1981 2688 πατρίκιον,

348 2701 486 2754 ὄντα
515 2697 911 2773 στρατηλάτην,
952 2701 1037 2755 καὶ
1084 2701 1356 2777 ἀνήγαγον
1407 2701 1481 2762 εἷς
1530 2702 1621 2757 τὸν
1672 2701 1831 2776 μέσον
1877 2701 1982 2757 ἀκ-

349 2787 632 2860 κούϐιτον,
655 2791 740 2846 καὶ
773 2788 1017 2863 ἔστησαν,
1065 2791 1378 2870 ὀφείλοντες
1422 2791 1580 2847 αὐτὸν
1625 2791 1811 2866 στέψαι

353 2878 750 2953 Ἀπηρέσθησαν
817 2877 874 2934 δὲ
941 2880 991 2934 o't
1056 2876 1453 2957 ἐξκουόίτορες,
1520 2881 1610 2936 καὶ
1667 2880 1982 2944 ἐπελθόντες

345 2971 677 3025 κατέσπασαν
744 2967 926 3039 αὺτὸν,
982 2972 1070 3025 καὶ
1131 2970 1370 3044 ἔμελλον
1434 2972 1527 3044 μὲν
1581 2972 1670 3026 καὶ
1723 2971 1980 3044 ἀναιρεῖν,

338 3058 575 3133 εὑρεθεὶς
631 3061 704 3132 (1)
773 3055 831 3114 δέ
897 3059 925 3113 ὁ
994 3054 1369 3122 εὐσεϐέστατος
1437 3058 1702 3130 δεσπότης
1753 3060 1981 3117 Ἰούστι-

335 3149 539 3210 νιανὸς,
604 3151 900 3218 τηνικαῦτα
955 3146 1273 3213 κανδιδάτος
1323 3148 1420 3218 ὥν,
1470 3148 1729 3226 ἐρρύσατο
1796 3149 1978 3220 αὐτὸν,

332 3239 424 3291 καὶ
457 3235 849 3314 παρεσκεύασεν
879 3237 1042 3293 αὐτὸν
1070 3241 1382 3316 πεμφθῆναι
1433 3238 1512 3300 εἷς
1559 3241 1621 3294 τὸ
1671 3235 1977 3309 ὲξκούϐιτον

2107 1109 2355 1162 Senatus
2385 1111 2803 1179 Romanorum,
2837 1117 2898 1168 tu
2933 1115 3151 1171 vincas.
3187 1119 3224 1172 A
3259 1121 3370 1174 Deo
3403 1120 3600 1174 datum
3633 1120 3751 1176 im-

2107 1199 2430 1265 peratorem
2491 1200 2768 1254 exercitui
2829 1202 3232 1276 [ﬂagitamus].
3287 1209 3333 1260 A
3383 1207 3496 1263 Deo
3547 1210 3747 1264 datum

2105 1283 2513 1354 imperatorem
2548 1288 2673 1343 orbi
2705 1293 3014 1359 terrarum,
3049 1314 3077 1342 »
3109 1298 3166 1348 et
3207 1295 3370 1364 plura
3403 1298 3560 1354 talia.
3594 1299 3745 1355 248

2095 1367 2314 1430 LPositis
2344 1374 2578 1431 interim
2614 1378 2871 1434 scamnis
2901 1378 2963 1434 in
2995 1381 3215 1450 porticu
3249 1399 3457 1454 magno
3490 1386 3742 1441 triclinio

2106 1467 2412 1536 pratense,
2464 1465 2842 1522 considebant
2902 1484 3171 1539 proceres
3218 1486 3418 1528 omnes
3465 1477 3522 1528 et
3559 1475 3748 1530 archi-

2104 1552 2432 1624 episcOpus,
2457 1558 2514 1609 et
2543 1555 2900 1627 incipiebant
2931 1556 3082 1613 inter
3112 1572 3236 1614 sese
3267 1559 3338 1615 de
3368 1561 3614 1616 creando
3656 1563 3748 1617 tu-‘

2103 1644 2355 1712 turoque
2412 1643 2762 1713 imperatore
2811 1645 3022 1701 acriter
3071 1647 3438 1718 contendere,
3490 1647 3600 1705 alio
3647 1649 3744 1704 alii

2102 1729 2396 1786 studente.
2431 1731 2714 1802 Tempore
2741 1737 2932 1789 autem
2957 1734 3245 1791 inutiliter
3263 1735 3514 1805 labente,
3534 1737 3744 1792 adhor-

2101 1817 2334 1874 tabatur
2363 1817 2526 1874 Celer
2557 1819 2832 1890 magister
2861 1838 3000 1878 suos
3041 1823 3124 1878 ita
3161 1839 3173 1877 :
3220 1845 3248 1874 «
3297 1825 3481 1896 Agite,
3533 1825 3745 1892 aiebat,

2101 1907 2292 1974 amici,
2312 1909 2692 1965 decernamus
2715 1912 2948 1966 tandem
2969 1911 3281 1984 aliquando
3305 1917 3359 1969 et
3377 1913 3745 1985 perficiamus

2102 1995 2352 2066 decreta,
2377 1997 2559 2052 donec
2580 1997 2730 2054 licet.
2760 1999 2817 2054 Si
2851 1999 3073 2071 absque
3109 2017 3272 2056 mora
3306 2018 3409 2057 nos
3448 2017 3477 2058 e
3507 2005 3742 2059 senten-

2086 2084 2181 2140 tia
2211 2089 2411 2142 nostra
2441 2087 2972 2158 nuncupaverimus
3005 2089 3269 2144 futurum
3311 2090 3739 2160 imperatorem,

2099 2178 2421 2246 sequentur
2451 2190 2656 2230 omnes
2688 2186 2881 2246 partes
2914 2183 3161 2246 nostras,
3205 2183 3260 2233 et
3297 2178 3646 2250 tranquillos
3677 2195 3740 2233 se

2098 2262 2497 2319 continebunt.
2533 2265 2692 2330 Quod
2726 2264 2774 2320 si
2807 2280 2938 2321 vero
2972 2265 3264 2321 tantillum
3317 2266 3508 2322 adhuc
3555 2281 3739 2323 cesse.

2095 2366 2249 2421 mus,
2284 2369 2399 2408 non
2429 2351 2538 2408 erit
2569 2352 2821 2423 amplius
2852 2369 3030 2425 penes
3053 2370 3156 2410 nos
3179 2354 3536 2410 deliberandi
3559 2359 3613 2410 et
3635 2355 3733 2410 de-

2097 2440 2368 2497 cernendi
2415 2441 2751 2507 arbitrium,
2791 2443 2890 2498 sed
2940 2444 3122 2499 coacti
3157 2443 3378 2499 erimus
3409 2443 3540 2499 aliis
3569 2444 3736 2500 obse-

2095 2531 2370 2587 cundare.
2404 2552 2433 2580 »
2491 2531 2683 2595 Quum
2739 2545 2874 2585 vero
2932 2531 3315 2588 nihilominus
3363 2531 3631 2602 jurgium
3679 2537 3740 2587 et

2095 2619 2384 2676 contentio
2414 2619 2788 2690 pertinerent,
2812 2618 3232 2690 nuncupabant
3260 2619 3626 2676 excubitores
3643 2637 3736 2675 su-

2092 2723 2198 2779 pra
2226 2707 2286 2763 in
2316 2707 2468 2763 circo
2501 2707 2909 2780 imperatorem
2944 2707 3198 2779 aliquem
3229 2707 3515 2763 Joannem
3546 2707 3735 2763 tribu-

2091 2812 2256 2863 num,
2289 2795 2482 2865 illum,
2514 2795 2616 2868 qui
2649 2799 2776 2851 tum
2809 2797 3083 2866 temporis
3114 2795 3422 2852 familiaris
3451 2796 3591 2852 Divo
3630 2798 3734 2852 Ju-

2091 2885 2248 2941 stino
2297 2889 2440 2952 erat,
2487 2889 2545 2941 et
2587 2885 2861 2956 deinceps
2912 2886 2982 2940 ad
3015 2885 3410 2957 episcopatum
3441 2886 3730 2942 Heraclea;

2090 2975 2372 3048 pervenit.
2400 2975 2563 3030 Hunc
2589 2973 2932 3030 attollebant
2953 2975 3014 3029 in
3037 2974 3509 3030 scutum.Verum
3528 2974 3728 3032 Veneti

2090 3079 2214 3120 eam
2247 3063 2584 3119 electionem
2609 3079 2723 3118 non
2745 3063 3156 3135 approbantes,
3181 3063 3542 3134 dissipabunt
3568 3081 3730 3136 spar-

2089 3153 2168 3208 sis
2197 3153 2350 3208 saxis
2380 3151 2540 3207 illam
2573 3151 2878 3207 factionem
2903 3170 2917 3219 ;
2946 3151 3206 3222 ipsorum
3240 3156 3432 3208 autem
3463 3151 3723 3208 vicissim

2089 3240 2310 3311 aliquot
2356 3238 2624 3311 peribant
2672 3239 2895 3310 sagittis
2942 3239 3342 3294 excubitorum
3383 3239 3614 3296 conﬁxi.
3643 3243 3724 3294 Ex

331 3329 429 3384 καὶ
481 3326 854 3406 φυλαχθῆναι.
911 3327 1241 3404 Ἠνάγκαζον
1292 3327 1349 3384 δὶ
1384 3330 1579 3390 πάντες
1627 3329 1682 3383 οἱ
1733 3325 1978 3400 ἐξκουϐί-

2096 3329 2261 3385 altera
2293 3331 2452 3400 parte
2484 3331 2718 3383 ruentes
2748 3325 3040 3393 scholarii,
3092 3327 3398 3398 raptabant
3443 3326 3723 3398 aliquem,

331 3435 490 3488 τορες
551 3414 710 3470 αὐτὸν
757 3415 1143 3470 Ἰουστινιανὸν
1203 3418 1284 3489 (2)
1331 3417 1420 3470 τὸν
1489 3411 1684 3484 εὐσεϐῆ
1739 3417 1976 3493 γενέσθαι

334 3501 589 3580 βασιλέα.
631 3505 690 3558 Ὀ
751 3501 810 3560 δὶ
860 3507 1239 3578 παρῃτήσατοσ
1302 3506 1419 3560 καθ’
1483 3501 1708 3560 ἕκαστον
1775 3503 1832 3560 δὲ
1871 3509 1978 3560 τῶν

333 3594 762 3667 ὀνομαζομένων
804 3590 1026 3665 ἔκρουον
1079 3595 1154 3657 εἰς
1210 3595 1306 3656 τὰς
1353 3594 1516 3669 θύρας
1563 3595 1658 3657 τὰς
1703 3592 1986 3672 ἐλεφαντί-

331 3703 487 3752 νους,
537 3687 826 3754 ζητοῦντες
872 3684 1020 3758 παρὰ
1059 3687 1166 3739 τῶν
1209 3679 1678 3758 κουϐικουλαρίων
1725 3683 1788 3738 τὸ
1839 3688 1984 3759 σχῆ-

341 3793 418 3845 μα
449 3774 526 3844 (3)
556 3777 652 3827 τοῦ
707 3770 995 3847 βασιλέως·
1051 3774 1102 3827 o't
1161 3769 1237 3843 δὲ,
1296 3771 1583 3834 ἀκούοντες
1629 3772 1694 3826 τὰ
1749 3766 1987 3844 ὀνόματα

331 3865 446 3916 τῶν
496 3856 992 3936 προϐαλλομένων,
1044 3863 1146 3917 οὐκ
1189 3858 1466 3917 ἐπέδοσαν.
1523 3858 1845 3918 Τελευταῖον
1897 3858 1987 3914 οὖν

333 3953 389 4005 οἱ
435 3949 796 4028 συγκλητικοὶ
872 3949 1068 4012 πάντες
1145 3951 1419 4023 αἱροῦνται
1495 3950 1588 4004 τὸν
1664 3951 1762 4013 τῆς
1840 3948 1985 4012 θείας

331 4038 548 4110 λήξεως
580 4041 895 4110 Ἰουστῖνον,
935 4040 1026 4094 καὶ
1055 4039 1256 4113 τρόπον
1303 4038 1425 4093 τινὰ
1475 4039 1780 4113 ἠνάγκασαν
1829 4037 1987 4092 αὐτὸν

337 4126 514 4183 ἔλθεῖν
549 4127 634 4183 ἐπὶ
667 4128 730 4183 τὸ
781 4133 995 4202 σχῆμα.
1033 4126 1336 4204 Σχολάρισι
1382 4124 1440 4182 δέ
1482 4147 1620 4187 τινες
1673 4126 1990 4201 ἀπαρεσθέν-

335 4238 428 4279 τες
453 4215 695 4282 ἐπῆλθον
729 4216 897 4289 αὐτῷ,
940 4214 1080 4272 ὥστε
1129 4217 1221 4270 καὶ
1264 4214 1355 4270 ἕνα
1403 4214 1590 4271 δοῦναι
1635 4215 1784 4286 αύτῷ
1831 4215 1990 4290 γρόν-

339 4309 432 4362 θον
465 4308 545 4379 (4)
574 4305 663 4360 καὶ
694 4305 882 4380 σχίσαι
921 4306 984 4362 τὸ
1015 4304 1209 4383 χεῖλος
1263 4305 1452 4363 αὐτοῦ.
1501 4303 1652 4373 Πλὴν
1698 4303 1986 4378 ἐκράτησεν

340 4397 374 4464 ἡ
425 4395 622 4468 γνώμη
678 4397 914 4464 πάντων,
982 4400 1072 4448 καί
1149 4392 1528 4468 συγκλητικῶν
1584 4394 1674 4448 καὶ
1732 4413 1991 4467 στρατιω-

339 4488 451 4539 τῶν
484 4483 575 4537 καὶ
609 4481 893 4557 δημοτῶν,
925 4482 1016 4538 καὶ
1061 4483 1330 4558 ἀνηνέχθη
1383 4482 1458 4544 εἷς
1499 4483 1562 4537 τὸ
1611 4483 1856 4552 ἱππικὸν,
1899 4483 1986 4536 καὶ

341 4571 633 4646 συνῄνεσαν
688 4570 770 4627 ἐπ’
833 4570 978 4644 αύτῷ
1035 4571 1126 4626 καὶ
1178 4570 1390 4628 Βένετοι
1441 4571 1530 4626 καὶ
1579 4571 1856 4646 Πράσινοι,
1899 4570 1991 4625 καὶ

2091 3433 2262 3488 quem
2294 3417 2406 3486 ipsi
2434 3416 2728 3483 tenebant,
2763 3415 3098 3488 patricium,
3131 3416 3436 3472 stratelatm
3486 3431 3725 3472 munere

2088 3507 2442 3576 fungentem,
2467 3504 2841 3575 mediumque
2862 3520 3038 3576 super
3057 3505 3389 3560 accubitum
3420 3504 3544 3576 [seu
3567 3522 3728 3560 men-

2091 3609 2217 3651 sam
2249 3591 2449 3664 magni
2480 3592 2739 3663 triclinii]
2773 3591 3120 3647 collocatum
3152 3591 3214 3646 in
3244 3608 3310 3646 eo
3342 3596 3504 3647 erant
3533 3597 3599 3647 ut
3627 3609 3730 3649 co-

2094 3685 2386 3738 ronarent.
2420 3681 2498 3735 At
2523 3680 2884 3736 excubitores
2927 3680 3056 3734 irati
3088 3679 3352 3735 celeriter
3382 3680 3731 3736 advolabant

2091 3770 2502 3839 hominemque
2519 3769 2615 3840 [de
2639 3767 2934 3841 accubitu]
2955 3769 3279 3823 detractum
3295 3769 3418 3838 jam
3441 3768 3730 3823 trucidare

2093 3860 2510 3934 parabant.Sed
2536 3861 2678 3916 forte
2693 3863 2817 3914 tum
2843 3873 3098 3930 praesens
3123 3857 3425 3929 piissimus
3448 3857 3730 3914 Dominus

2094 3947 2877 4020 nosterJustinianus,[Petri
2901 3947 3158 4018 Magistri
3189 3946 3365 4003 verba
3399 3946 3561 4018 sunt]
3592 3949 3732 4001 tunc

2093 4037 2748 4108 candidatus,liberabat
2771 4052 2904 4091 eum
2929 4053 2962 4092 a
2979 4048 3119 4091 nece
3139 4034 3560 4106 efﬁciebatque,
3576 4037 3637 4088 ut
3658 4034 3732 4088 ad

2093 4126 2426 4186 excubitum
2458 4126 2583 4200 [seu
2619 4125 2931 4182 stationem
2961 4128 3018 4182 et
3047 4123 3279 4180 diaetam
3304 4122 3732 4193 excubitorum]

2093 4218 2154 4273 in
2185 4216 2509 4272 custodiam
2542 4215 2890 4273 mitteretur.
2921 4213 3009 4270 Ad
3037 4213 3160 4270 haec
3199 4212 3513 4268 ati'erebant
3559 4226 3731 4267 excu-

2095 4306 2312 4363 bitores
2343 4306 2415 4361 ad
2456 4319 2638 4360 unum
2667 4319 2872 4360 omnes
2903 4301 3236 4358 Justiniano
3265 4301 3378 4373 ipsi
3407 4301 3733 4371 vim,quam

2097 4396 2383 4466 poterant,
2413 4408 2667 4458 omnem,
2701 4395 2768 4446 ut
2811 4393 3103 4462 pateretur
3149 4389 3462 4460 imperator
3507 4403 3736 4445 nuncu-

2097 4484 2243 4554 pari.
2280 4480 2476 4536 Atille
2506 4495 2641 4535 vero
2671 4479 3110 4550 deprecabatur.
3147 4478 3348 4550 Itaque
3378 4477 3509 4533 aliis
3561 4481 3738 4548 atque

2101 4570 2232 4627 aliis
2262 4569 2321 4624 in
2353 4584 2594 4624 censum
2619 4567 2985 4623 venientibus
3007 4566 3235 4638 imperii
3261 4565 3740 4638 candidatis,pul-

342 4663 394 4716 οἳ
426 4655 878 4735 κουςικουλάριοι
928 4659 1127 4722 εὐθέως
1179 4659 1240 4713 τὸ
1301 4665 1496 4737 σχῆμα
1552 4657 1820 4733 ἔπεμψαν.
1871 4657 1988 4715 Εἰσ-

2097 4659 2306 4716 sabant
2334 4661 2550 4728 partes,
2579 4655 2806 4728 quoties
2849 4654 3106 4728 aliquem
3145 4655 3554 4728 imperatorem
3586 4669 3738 4709 nun—

341 4747 512 4820 ῆλθεν
543 4750 634 4804 οὖν
667 4749 742 4811 εἷς
772 4749 835 4804 τὸ
866 4747 1124 4821 κάθισμα,
1169 4748 1420 4812 συνόντος
1465 4747 1613 4820 αύτῷ
1659 4751 1756 4803 τοῦ
1803 4746 1990 4820 ἀρχιε-

416 4984 462 5020 ³⁶
491 4979 870 5057 ἀπηρέστησαν
905 4988 1002 5039 aut
1031 4979 1484 5054 ἀπηρεστήθησαν
1515 4979 1668 5050 conj.
1701 4981 1766 5035 Β.

2100 4749 2405 4817 cuparent,
2438 4752 2661 4817 portam
2694 4743 3030 4813 eburneam,
3066 4743 3392 4816 ﬂagitantes
3435 4741 3658 4800 scilicet
3706 4757 3742 4798 a

1710 4870 1952 4928 VARLE
1981 4869 2391 4929 LECTIONES.

1389 5104 1592 5160 JOAN.
1639 5104 1784 5160 JAC.
1827 5103 2091 5160 REISKII
2130 5101 2724 5160 COMMENTARIUS.

425 5207 544 5279 (99)
573 5207 681 5279 Ριζο
734 5206 1019 5279 στέψοντες
1060 5204 1150 5260 vel
1199 5199 1498 5279 μέλλοντες
1527 5199 1862 5279 στέψέιν.-Εο
1892 5217 2000 5258 usu
2109 5199 2264 5279 enim
2291 5217 2445 5279 ppqs
2474 5207 2581 5258 est.

349 5274 593 5353 verbum
630 5274 868 5353 ὀφείλειν
897 5279 1173 5353 frequens
1201 5274 1304 5333 est
1340 5276 1517 5353 a_p_ud_
1531 5289 1716 5353 povos
1746 5274 1996 5353 Gnaeos.

1231 5363 1288 5418 p.
1338 5347 1463 5401 335.
1496 5343 1728 5414 Malala,
1761 5349 1802 5401 t.
1839 5346 1908 5413 II,
1942 5360 2000 5417 p.

353 5350 480 5406 Vid.
510 5348 844 5420 Theophan.
898 5348 1078 5420 p.744
1127 5351 1184 5404 et

349 5420 465 5476 208
494 5418 710 5475 media.
743 5418 953 5476 Noster
979 5419 1131 5474 infra
1168 5435 1224 5490 p.
1260 5418 1385 5490 296.

430 5490 508 5562 (ί)
548 5491 801 5546 Ρι·κςεπε
832 5485 1340 5563 εωίδεεηεςλπᾶρών.
1373 5488 1588 5563 Eodem
1617 5502 1786 5563 sensu
1830 5501 2006 5563 supra
2112 5485 2170 5542 b.
2200 5503 2255 5563 ν,

1423 5562 1622 5630 prmio
1669 5558 1887 5614 adsunt.
1943 5559 2008 5612 Et

323 5559 615 5633 ‘habetur
682 5579 737 5633 p.
800 5563 924 5628 194,
1010 5559 1350 5633 εὑρίσκονται

360 5632 541 5708 patth
571 5628 700 5708 post
723 5649 776 5688 v.
807 5633 934 5708 249_.
969 5628 1339 5708 oﬁxjduvﬁﬁn
1369 5628 1670 5708 εὐήρεθῑνῑναιτ

361 5702 382 5734 ῖ
575 5702 977 5756 Ἰουστινιανόν.
1034 5703 1231 5758 Videri

1264 5699 1441 5772 queat
1473 5701 1758 5772 Ἰουστῖνον
1775 5769 1787 5772 Α
1812 5699 2007 5772 legen-

2179 5273 2259 5350 (ξ)
2291 5262 2684 5350 lta_in_specie
2715 5269 3120 5350 appellabatur
3141 5267 3371 5350 habitus
3391 5266 3478 5321 vel
3502 5262 3747 5350 vestitus

2110 5335 2324 5426 regius,
2374 5335 2628 5426 insignia
2673 5335 2858 5426 regni.
2909 5341 2987 5426 E‘o
3035 5355 3205 5394 sensu
3235 5339 3369 5426 “iam
3414 5335 3746 5426 apudn'l‘be-

2109 5406 2374 5486 mi'stiu'm
2426 5406 2613 5486 p.13,
2665 5406 2768 5466 ed:
2801 5411 2979 5465 Hard.
3025 5406 3314 5475 occurrit;
3355 5425 3404 5463 v.
3444 5406 3524 5463 Du
3557 5406 3750 5478 Gange

2213 5558 2268 5628 4)
2297 5557 2419 5628 Vox
2449 5570 2614 5628 novae
2653 5551 2904 5628 Graeciaa,
2958 5552 3166 5628 notans
3211 5550 3389 5628 pugni:
3429 5549 3490 5628 in
3536 5548 3748 5628 vgltum

2115 5618 2501 5694 inﬂiclionem.
2552 5621 2772 5679 Dicitur
2818 5618 2990 5694 etiam
3026 5618 3258 5694 γρόθος;
3291 5618 3413 5676 vid.
3449 5618 3753 5694 du‘Cange

2117 5688 2308 5754 Gloss.
2366 5702 2462 5752 Gr.
2523 5696 2579 5750 h.
2634 5709 2688 5746 v.
2741 5702 2799 5748 et
2869 5688 3230 5762 Theophan.,
3282 5709 3410 5763 pag.
3464 5688 3591 5754 208,-
3650 5689 3756 5744 ubi

363 5767 511 5829 dum
540 5787 685 5829 esse.
727 5775 847 5844 Ego
892 5776 1085 5827 tamen
1125 5790 1158 5828 a
1184 5767 1430 5843 vulgata
1459 5787 1572 5827 non
1601 5769 1850 5826 discedo.
1884 5768 2006 5823 Non
2115 5767 2474 5839 γροθίζεσθαι.
