  <div class='ocr_page' id='page_1' title='image "/cluster/home/n/w/nwhite01/storage/ocr_20150623/112/mdp.39015034364078/403.png"; bbox 0 0 4154 6306; ppageno 0'>
   <div class='ocr_carea' id='block_1_1' title="bbox 489 388 603 451">
    <p class='ocr_par' dir='ltr' id='par_1_1' title="bbox 489 388 603 451">
     <span class='ocr_line' id='line_1_1' title="bbox 489 388 603 451; baseline 0.035 -4"><span class='ocrx_word' id='word_1_1' title='bbox 489 388 603 451; x_wconf 89' lang='grc'><strong>791</strong></span> 
     </span>
    </p>
   </div>
   <div class='ocr_carea' id='block_1_2' title="bbox 1555 377 2825 442">
    <p class='ocr_par' dir='ltr' id='par_1_2' title="bbox 1555 377 2825 442">
     <span class='ocr_line' id='line_1_2' title="bbox 1555 377 2825 442; baseline -0.003 0"><span class='ocrx_word' id='word_1_2' title='bbox 1555 378 2083 442; x_wconf 83' lang='lat' dir='ltr'><strong>CONSTANTINI</strong></span> <span class='ocrx_word' id='word_1_3' title='bbox 2129 379 2225 440; x_wconf 93' lang='lat' dir='ltr'><strong>PO</strong></span> <span class='ocrx_word' id='word_1_4' title='bbox 2235 377 2716 440; x_wconf 78' lang='lat' dir='ltr'><strong>RPHYROGEN</strong></span> <span class='ocrx_word' id='word_1_5' title='bbox 2725 377 2825 439; x_wconf 88' lang='lat' dir='ltr'><strong>[TI</strong></span> 
     </span>
    </p>
   </div>
   <div class='ocr_carea' id='block_1_3' title="bbox 3779 384 3886 444">
    <p class='ocr_par' dir='ltr' id='par_1_3' title="bbox 3779 384 3886 444">
     <span class='ocr_line' id='line_1_3' title="bbox 3779 384 3886 444; baseline 0.019 -2"><span class='ocrx_word' id='word_1_6' title='bbox 3779 384 3886 444; x_wconf 86' lang='grc'><strong>792</strong></span> 
     </span>
    </p>
   </div>
   <div class='ocr_carea' id='block_1_4' title="bbox 491 509 2140 590">
    <p class='ocr_par' dir='ltr' id='par_1_4' title="bbox 491 514 2132 590">
     <span class='ocr_line' id='line_1_4' title="bbox 491 514 2132 590; baseline -0.009 -6"><span class='ocrx_word' id='word_1_7' title='bbox 491 525 866 584; x_wconf 80' lang='lat' dir='ltr'><strong>cubiculariis</strong></span> <span class='ocrx_word' id='word_1_8' title='bbox 897 525 1132 582; x_wconf 81' lang='lat' dir='ltr'><strong>schema</strong></span> <span class='ocrx_word' id='word_1_9' title='bbox 1181 538 1280 580; x_wconf 92' lang='lat' dir='ltr'><strong>seu</strong></span> <span class='ocrx_word' id='word_1_10' title='bbox 1331 523 1603 578; x_wconf 91' lang='lat' dir='ltr'><strong>ornatum</strong></span> <span class='ocrx_word' id='word_1_11' title='bbox 1653 515 2031 590; x_wconf 89' lang='lat' dir='ltr'><strong>imperialem.</strong></span> <span class='ocrx_word' id='word_1_12' title='bbox 2064 514 2132 570; x_wconf 83' lang='lat' dir='ltr'><strong>Hi</strong></span> 
     </span>
    </p>
   </div>
   <div class='ocr_carea' id='block_1_5' title="bbox 2250 509 3884 590">
    <p class='ocr_par' dir='ltr' id='par_1_5' title="bbox 2250 509 3884 590">
     <span class='ocr_line' id='line_1_5' title="bbox 2250 509 3884 590; baseline 0.006 -24"><span class='ocrx_word' id='word_1_13' title='bbox 2250 513 2522 567; x_wconf 87' lang='grc' dir='ltr'>πισκόπου</span> <span class='ocrx_word' id='word_1_14' title='bbox 2571 513 2819 570; x_wconf 82' lang='grc' dir='ltr'>Ἰωάννου</span> <span class='ocrx_word' id='word_1_15' title='bbox 2871 512 2964 568; x_wconf 85' lang='grc' dir='ltr'><strong>καὶ</strong></span> <span class='ocrx_word' id='word_1_16' title='bbox 3011 512 3118 568; x_wconf 81' lang='grc' dir='ltr'><strong>τῶν</strong></span> <span class='ocrx_word' id='word_1_17' title='bbox 3175 509 3382 569; x_wconf 77' lang='grc' dir='ltr'>λοιπῶν</span> <span class='ocrx_word' id='word_1_18' title='bbox 3436 513 3737 590; x_wconf 79' lang='grc' dir='ltr'><strong>ἀρχόντων</strong></span> <span class='ocrx_word' id='word_1_19' title='bbox 3786 524 3884 575; x_wconf 82' lang='grc' dir='ltr'>τῶν</span> 
     </span>
    </p>
   </div>
   <div class='ocr_carea' id='block_1_6' title="bbox 489 605 2131 688">
    <p class='ocr_par' dir='ltr' id='par_1_6' title="bbox 489 605 2131 688">
     <span class='ocr_line' id='line_1_6' title="bbox 489 605 2131 688; baseline -0.007 -18"><span class='ocrx_word' id='word_1_20' title='bbox 489 632 622 672; x_wconf 90' lang='lat' dir='ltr'><strong>vero</strong></span> <span class='ocrx_word' id='word_1_21' title='bbox 654 616 964 688; x_wconf 79' lang='lat' dir='ltr'><strong>negabant,</strong></span> <span class='ocrx_word' id='word_1_22' title='bbox 997 614 1152 670; x_wconf 90' lang='lat' dir='ltr'><strong>edita</strong></span> <span class='ocrx_word' id='word_1_23' title='bbox 1182 626 1382 667; x_wconf 89' lang='lat' dir='ltr'><strong>eorum</strong></span> <span class='ocrx_word' id='word_1_24' title='bbox 1413 608 1711 665; x_wconf 79' lang='lat' dir='ltr'><strong>audientes</strong></span> <span class='ocrx_word' id='word_1_25' title='bbox 1750 605 1996 674; x_wconf 85' lang='lat' dir='ltr'><strong>nomina,</strong></span> <span class='ocrx_word' id='word_1_26' title='bbox 2031 619 2131 674; x_wconf 91' lang='lat' dir='ltr'><strong>pro</strong></span> 
     </span>
    </p>
   </div>
   <div class='ocr_carea' id='block_1_7' title="bbox 492 694 2129 777">
    <p class='ocr_par' dir='ltr' id='par_1_7' title="bbox 492 694 2129 777">
     <span class='ocr_line' id='line_1_7' title="bbox 492 694 2129 777; baseline -0.008 -16"><span class='ocrx_word' id='word_1_27' title='bbox 492 704 704 773; x_wconf 81' lang='lat' dir='ltr'><strong>quibus</strong></span> <span class='ocrx_word' id='word_1_28' title='bbox 721 708 916 777; x_wconf 90' lang='lat' dir='ltr'><strong>partes</strong></span> <span class='ocrx_word' id='word_1_29' title='bbox 939 701 1259 758; x_wconf 86' lang='lat' dir='ltr'><strong>identidem</strong></span> <span class='ocrx_word' id='word_1_30' title='bbox 1286 713 1500 755; x_wconf 89' lang='lat' dir='ltr'><strong>sacram</strong></span> <span class='ocrx_word' id='word_1_31' title='bbox 1518 703 1734 753; x_wconf 81' lang='lat' dir='ltr'><strong>vestem</strong></span> <span class='ocrx_word' id='word_1_32' title='bbox 1757 694 2129 768; x_wconf 84' lang='lat' dir='ltr'><strong>flagitabant;</strong></span> 
     </span>
    </p>
   </div>
   <div class='ocr_carea' id='block_1_8' title="bbox 492 785 2133 863">
    <p class='ocr_par' dir='ltr' id='par_1_8' title="bbox 492 785 2133 863">
     <span class='ocr_line' id='line_1_8' title="bbox 492 785 2133 863; baseline -0.006 -14"><span class='ocrx_word' id='word_1_33' title='bbox 492 794 673 849; x_wconf 90' lang='lat' dir='ltr'><strong>donec</strong></span> <span class='ocrx_word' id='word_1_34' title='bbox 729 795 960 849; x_wconf 83' lang='lat' dir='ltr'><strong>tandem</strong></span> <span class='ocrx_word' id='word_1_35' title='bbox 1021 790 1337 863; x_wconf 80' lang='lat' dir='ltr'><strong>aliquando</strong></span> <span class='ocrx_word' id='word_1_36' title='bbox 1398 791 1634 844; x_wconf 82' lang='lat' dir='ltr'><strong>senatus</strong></span> <span class='ocrx_word' id='word_1_37' title='bbox 1691 786 1886 843; x_wconf 90' lang='lat' dir='ltr'><strong>omnis</strong></span> <span class='ocrx_word' id='word_1_38' title='bbox 1943 785 2133 841; x_wconf 81' lang='lat' dir='ltr'><strong>divum</strong></span> 
     </span>
    </p>
   </div>
   <div class='ocr_carea' id='block_1_9' title="bbox 491 876 2134 952">
    <p class='ocr_par' dir='ltr' id='par_1_9' title="bbox 491 876 2134 952">
     <span class='ocr_line' id='line_1_9' title="bbox 491 876 2134 952; baseline -0.004 -15"><span class='ocrx_word' id='word_1_39' title='bbox 491 884 781 937; x_wconf 89' lang='lat' dir='ltr'><strong>Justinum</strong></span> <span class='ocrx_word' id='word_1_40' title='bbox 815 881 1076 952; x_wconf 90' lang='lat' dir='ltr'><strong>eligeret,</strong></span> <span class='ocrx_word' id='word_1_41' title='bbox 1104 894 1351 951; x_wconf 89' lang='lat' dir='ltr'><strong>eumque</strong></span> <span class='ocrx_word' id='word_1_42' title='bbox 1383 877 1814 948; x_wconf 90' lang='lat' dir='ltr'><strong>quodammodo</strong></span> <span class='ocrx_word' id='word_1_43' title='bbox 1836 876 1908 932; x_wconf 90' lang='lat' dir='ltr'><strong>ad</strong></span> <span class='ocrx_word' id='word_1_44' title='bbox 1939 891 2134 946; x_wconf 84' lang='lat' dir='ltr'><strong>accep-</strong></span> 
     </span>
    </p>
   </div>
   <div class='ocr_carea' id='block_1_10' title="bbox 492 964 2136 1041">
    <p class='ocr_par' dir='ltr' id='par_1_10' title="bbox 492 964 2136 1041">
     <span class='ocr_line' id='line_1_10' title="bbox 492 964 2136 1041; baseline -0.004 -14"><span class='ocrx_word' id='word_1_45' title='bbox 492 971 734 1027; x_wconf 90' lang='lat' dir='ltr'><strong>tandum</strong></span> <span class='ocrx_word' id='word_1_46' title='bbox 767 971 1004 1026; x_wconf 85' lang='lat' dir='ltr'><strong>schema</strong></span> <span class='ocrx_word' id='word_1_47' title='bbox 1049 970 1326 1041; x_wconf 81' lang='lat' dir='ltr'><strong>adigeret.</strong></span> <span class='ocrx_word' id='word_1_48' title='bbox 1360 968 1636 1033; x_wconf 87' lang='lat' dir='ltr'><strong>Quamvis</strong></span> <span class='ocrx_word' id='word_1_49' title='bbox 1677 971 1870 1022; x_wconf 90' lang='lat' dir='ltr'><strong>autem</strong></span> <span class='ocrx_word' id='word_1_50' title='bbox 1915 969 1971 1021; x_wconf 90' lang='lat' dir='ltr'><strong>et</strong></span> <span class='ocrx_word' id='word_1_51' title='bbox 1999 964 2136 1020; x_wconf 87' lang='lat' dir='ltr'><strong>huic</strong></span> 
     </span>
    </p>
   </div>
   <div class='ocr_carea' id='block_1_11' title="bbox 493 1054 2135 1132">
    <p class='ocr_par' dir='ltr' id='par_1_11' title="bbox 493 1054 2135 1132">
     <span class='ocr_line' id='line_1_11' title="bbox 493 1054 2135 1132; baseline -0.004 -16"><span class='ocrx_word' id='word_1_52' title='bbox 493 1061 792 1132; x_wconf 87' lang='lat' dir='ltr'><strong>negotium</strong></span> <span class='ocrx_word' id='word_1_53' title='bbox 825 1060 1172 1116; x_wconf 81' lang='lat' dir='ltr'><strong>facesserent</strong></span> <span class='ocrx_word' id='word_1_54' title='bbox 1220 1065 1394 1130; x_wconf 90' lang='lat' dir='ltr'><strong>atque</strong></span> <span class='ocrx_word' id='word_1_55' title='bbox 1431 1057 1830 1128; x_wconf 86' lang='lat' dir='ltr'><strong>obstreperent</strong></span> <span class='ocrx_word' id='word_1_56' title='bbox 1860 1054 2135 1111; x_wconf 91' lang='lat' dir='ltr'><strong>scholarii</strong></span> 
     </span>
    </p>
   </div>
   <div class='ocr_carea' id='block_1_12' title="bbox 495 1144 2139 1220">
    <p class='ocr_par' dir='ltr' id='par_1_12' title="bbox 495 1144 2139 1220">
     <span class='ocr_line' id='line_1_12' title="bbox 495 1144 2139 1220; baseline -0.004 -16"><span class='ocrx_word' id='word_1_57' title='bbox 495 1150 731 1219; x_wconf 92' lang='lat' dir='ltr'><strong>quidam</strong></span> <span class='ocrx_word' id='word_1_58' title='bbox 757 1152 920 1206; x_wconf 89' lang='lat' dir='ltr'><strong>tanta</strong></span> <span class='ocrx_word' id='word_1_59' title='bbox 935 1165 1069 1204; x_wconf 90' lang='lat' dir='ltr'><strong>cum</strong></span> <span class='ocrx_word' id='word_1_60' title='bbox 1101 1146 1538 1220; x_wconf 88' lang='lat' dir='ltr'><strong>importunitate</strong></span> <span class='ocrx_word' id='word_1_61' title='bbox 1569 1150 1626 1201; x_wconf 91' lang='lat' dir='ltr'><strong>et</strong></span> <span class='ocrx_word' id='word_1_62' title='bbox 1656 1144 2036 1214; x_wconf 89' lang='lat' dir='ltr'><strong>impudentia,</strong></span> <span class='ocrx_word' id='word_1_63' title='bbox 2070 1147 2139 1198; x_wconf 91' lang='lat' dir='ltr'><strong>ut</strong></span> 
     </span>
    </p>
   </div>
   <div class='ocr_carea' id='block_1_13' title="bbox 497 1233 2136 1308">
    <p class='ocr_par' dir='ltr' id='par_1_13' title="bbox 497 1233 2136 1308">
     <span class='ocr_line' id='line_1_13' title="bbox 497 1233 2136 1308; baseline -0.005 -13"><span class='ocrx_word' id='word_1_64' title='bbox 497 1239 671 1295; x_wconf 89' lang='lat' dir='ltr'><strong>etiam</strong></span> <span class='ocrx_word' id='word_1_65' title='bbox 705 1256 859 1296; x_wconf 90' lang='lat' dir='ltr'><strong>unus</strong></span> <span class='ocrx_word' id='word_1_66' title='bbox 909 1254 1107 1294; x_wconf 89' lang='lat' dir='ltr'><strong>eorum</strong></span> <span class='ocrx_word' id='word_1_67' title='bbox 1140 1237 1351 1308; x_wconf 84' lang='lat' dir='ltr'><strong>aliquis</strong></span> <span class='ocrx_word' id='word_1_68' title='bbox 1389 1235 1576 1292; x_wconf 87' lang='lat' dir='ltr'><strong>acutis</strong></span> <span class='ocrx_word' id='word_1_69' title='bbox 1608 1233 1923 1306; x_wconf 89' lang='lat' dir='ltr'><strong>compliciti</strong></span> <span class='ocrx_word' id='word_1_70' title='bbox 1955 1233 2136 1306; x_wconf 90' lang='lat' dir='ltr'><strong>pugni</strong></span> 
     </span>
    </p>
   </div>
   <div class='ocr_carea' id='block_1_14' title="bbox 499 1322 2133 1400">
    <p class='ocr_par' dir='ltr' id='par_1_14' title="bbox 499 1322 2133 1400">
     <span class='ocr_line' id='line_1_14' title="bbox 499 1322 2133 1400; baseline -0.005 -16"><span class='ocrx_word' id='word_1_71' title='bbox 499 1327 756 1400; x_wconf 79' lang='lat' dir='ltr'><strong>condylis</strong></span> <span class='ocrx_word' id='word_1_72' title='bbox 785 1328 845 1383; x_wconf 93' lang='lat' dir='ltr'><strong>in</strong></span> <span class='ocrx_word' id='word_1_73' title='bbox 878 1344 941 1384; x_wconf 92' lang='lat' dir='ltr'><strong>os</strong></span> <span class='ocrx_word' id='word_1_74' title='bbox 973 1329 1099 1398; x_wconf 91' lang='lat' dir='ltr'><strong>ejus</strong></span> <span class='ocrx_word' id='word_1_75' title='bbox 1147 1325 1393 1398; x_wconf 87' lang='lat' dir='ltr'><strong>ingestis</strong></span> <span class='ocrx_word' id='word_1_76' title='bbox 1439 1323 1658 1381; x_wconf 90' lang='lat' dir='ltr'><strong>labium</strong></span> <span class='ocrx_word' id='word_1_77' title='bbox 1701 1323 1815 1395; x_wconf 89' lang='lat' dir='ltr'><strong>ipsi</strong></span> <span class='ocrx_word' id='word_1_78' title='bbox 1846 1322 2090 1379; x_wconf 85' lang='lat' dir='ltr'><strong>ﬁnderet</strong></span> <span class='ocrx_word' id='word_1_79' title='bbox 2120 1339 2133 1376; x_wconf 89' lang='lat'><strong>:</strong></span> 
     </span>
    </p>
   </div>
   <div class='ocr_carea' id='block_1_15' title="bbox 499 1415 2137 1483">
    <p class='ocr_par' dir='ltr' id='par_1_15' title="bbox 499 1415 2137 1483">
     <span class='ocr_line' id='line_1_15' title="bbox 499 1415 2137 1483; baseline -0.005 -10"><span class='ocrx_word' id='word_1_80' title='bbox 499 1417 796 1473; x_wconf 84' lang='lat' dir='ltr'><strong>obtinebat</strong></span> <span class='ocrx_word' id='word_1_81' title='bbox 841 1421 1036 1472; x_wconf 87' lang='lat' dir='ltr'><strong>tamen</strong></span> <span class='ocrx_word' id='word_1_82' title='bbox 1086 1415 1348 1472; x_wconf 89' lang='lat' dir='ltr'><strong>omnium</strong></span> <span class='ocrx_word' id='word_1_83' title='bbox 1399 1417 1518 1469; x_wconf 90' lang='lat' dir='ltr'><strong>tam</strong></span> <span class='ocrx_word' id='word_1_84' title='bbox 1571 1417 1925 1482; x_wconf 87' lang='lat' dir='ltr'><strong>senatorum,</strong></span> <span class='ocrx_word' id='word_1_85' title='bbox 1959 1427 2137 1483; x_wconf 89' lang='lat' dir='ltr'><strong>quam</strong></span> 
     </span>
    </p>
   </div>
   <div class='ocr_carea' id='block_1_16' title="bbox 501 1503 2140 1577">
    <p class='ocr_par' dir='ltr' id='par_1_16' title="bbox 501 1503 2140 1577">
     <span class='ocr_line' id='line_1_16' title="bbox 501 1503 2140 1577; baseline -0.004 -16"><span class='ocrx_word' id='word_1_86' title='bbox 501 1507 755 1562; x_wconf 89' lang='lat' dir='ltr'><strong>militum</strong></span> <span class='ocrx_word' id='word_1_87' title='bbox 775 1513 827 1562; x_wconf 91' lang='lat' dir='ltr'><strong>et</strong></span> <span class='ocrx_word' id='word_1_88' title='bbox 852 1505 1216 1577; x_wconf 86' lang='lat' dir='ltr'><strong>popularium</strong></span> <span class='ocrx_word' id='word_1_89' title='bbox 1251 1504 1569 1559; x_wconf 84' lang='lat' dir='ltr'><strong>factionum</strong></span> <span class='ocrx_word' id='word_1_90' title='bbox 1592 1503 1910 1569; x_wconf 84' lang='lat' dir='ltr'><strong>sententia;</strong></span> <span class='ocrx_word' id='word_1_91' title='bbox 1945 1517 2140 1556; x_wconf 83' lang='lat' dir='ltr'><strong>ascen-</strong></span> 
     </span>
    </p>
   </div>
   <div class='ocr_carea' id='block_1_17' title="bbox 501 1589 2139 1664">
    <p class='ocr_par' dir='ltr' id='par_1_17' title="bbox 501 1589 2139 1664">
     <span class='ocr_line' id='line_1_17' title="bbox 501 1589 2139 1664; baseline -0.004 -14"><span class='ocrx_word' id='word_1_92' title='bbox 501 1594 675 1651; x_wconf 86' lang='lat' dir='ltr'><strong>debat</strong></span> <span class='ocrx_word' id='word_1_93' title='bbox 703 1594 972 1651; x_wconf 85' lang='lat' dir='ltr'><strong>Justinus</strong></span> <span class='ocrx_word' id='word_1_94' title='bbox 1020 1594 1340 1651; x_wconf 91' lang='lat' dir='ltr'><strong>conductus</strong></span> <span class='ocrx_word' id='word_1_95' title='bbox 1387 1593 1446 1646; x_wconf 93' lang='lat' dir='ltr'><strong>in</strong></span> <span class='ocrx_word' id='word_1_96' title='bbox 1497 1591 1820 1664; x_wconf 89' lang='lat' dir='ltr'><strong>hippicum,</strong></span> <span class='ocrx_word' id='word_1_97' title='bbox 1855 1590 1951 1646; x_wconf 92' lang='lat' dir='ltr'><strong>ubi</strong></span> <span class='ocrx_word' id='word_1_98' title='bbox 1993 1589 2044 1645; x_wconf 92' lang='lat' dir='ltr'><strong>ei</strong></span> <span class='ocrx_word' id='word_1_99' title='bbox 2077 1604 2139 1645; x_wconf 93' lang='lat' dir='ltr'><strong>se</strong></span> 
     </span>
    </p>
   </div>
   <div class='ocr_carea' id='block_1_18' title="bbox 503 1678 2140 1755">
    <p class='ocr_par' dir='ltr' id='par_1_18' title="bbox 503 1678 2140 1755">
     <span class='ocr_line' id='line_1_18' title="bbox 503 1678 2140 1755; baseline -0.003 -15"><span class='ocrx_word' id='word_1_100' title='bbox 503 1683 867 1754; x_wconf 85' lang='lat' dir='ltr'><strong>acquiescere</strong></span> <span class='ocrx_word' id='word_1_101' title='bbox 896 1683 1131 1755; x_wconf 90' lang='lat' dir='ltr'><strong>publica</strong></span> <span class='ocrx_word' id='word_1_102' title='bbox 1160 1697 1297 1738; x_wconf 93' lang='lat' dir='ltr'><strong>voce</strong></span> <span class='ocrx_word' id='word_1_103' title='bbox 1344 1681 1710 1736; x_wconf 86' lang='lat' dir='ltr'><strong>testabantur</strong></span> <span class='ocrx_word' id='word_1_104' title='bbox 1744 1678 1948 1735; x_wconf 87' lang='lat' dir='ltr'><strong>Veneti</strong></span> <span class='ocrx_word' id='word_1_105' title='bbox 1977 1695 2140 1750; x_wconf 63' lang='lat' dir='ltr'><strong>atque</strong></span> 
     </span>
    </p>
   </div>
   <div class='ocr_carea' id='block_1_19' title="bbox 499 1768 2139 1842">
    <p class='ocr_par' dir='ltr' id='par_1_19' title="bbox 499 1768 2139 1842">
     <span class='ocr_line' id='line_1_19' title="bbox 499 1768 2139 1842; baseline -0.002 -16"><span class='ocrx_word' id='word_1_106' title='bbox 499 1775 672 1842; x_wconf 88' lang='lat' dir='ltr'><strong>atque</strong></span> <span class='ocrx_word' id='word_1_107' title='bbox 714 1771 936 1828; x_wconf 88' lang='lat' dir='ltr'><strong>Prasini</strong></span> <span class='ocrx_word' id='word_1_108' title='bbox 971 1788 983 1824; x_wconf 91' lang='lat'><strong><em>:</em></strong></span> <span class='ocrx_word' id='word_1_109' title='bbox 1013 1775 1072 1826; x_wconf 91' lang='lat' dir='ltr'><strong>et</strong></span> <span class='ocrx_word' id='word_1_110' title='bbox 1119 1768 1461 1826; x_wconf 87' lang='lat' dir='ltr'><strong>cubicularii</strong></span> <span class='ocrx_word' id='word_1_111' title='bbox 1511 1768 1822 1824; x_wconf 87' lang='lat' dir='ltr'><strong>mittebant</strong></span> <span class='ocrx_word' id='word_1_112' title='bbox 1871 1768 2139 1838; x_wconf 88' lang='lat' dir='ltr'><strong>protinus</strong></span> 
     </span>
    </p>
   </div>
   <div class='ocr_carea' id='block_1_20' title="bbox 500 1857 2140 1930">
    <p class='ocr_par' dir='ltr' id='par_1_20' title="bbox 500 1857 2140 1930">
     <span class='ocr_line' id='line_1_20' title="bbox 500 1857 2140 1930; baseline -0.002 -15"><span class='ocrx_word' id='word_1_113' title='bbox 500 1860 734 1917; x_wconf 88' lang='lat' dir='ltr'><strong>schema</strong></span> <span class='ocrx_word' id='word_1_114' title='bbox 763 1876 863 1915; x_wconf 90' lang='lat' dir='ltr'><strong>seu</strong></span> <span class='ocrx_word' id='word_1_115' title='bbox 915 1867 1185 1914; x_wconf 88' lang='lat' dir='ltr'><strong>ornatum</strong></span> <span class='ocrx_word' id='word_1_116' title='bbox 1232 1857 1614 1930; x_wconf 90' lang='lat' dir='ltr'><strong>imperialem.</strong></span> <span class='ocrx_word' id='word_1_117' title='bbox 1652 1857 1917 1912; x_wconf 90' lang='lat' dir='ltr'><strong>Intrabat</strong></span> <span class='ocrx_word' id='word_1_118' title='bbox 1949 1857 2140 1928; x_wconf 90' lang='lat' dir='ltr'><strong>itaque</strong></span> 
     </span>
    </p>
   </div>
   <div class='ocr_carea' id='block_1_21' title="bbox 497 1945 2138 2019">
    <p class='ocr_par' dir='ltr' id='par_1_21' title="bbox 497 1945 2138 2019">
     <span class='ocr_line' id='line_1_21' title="bbox 497 1945 2138 2019; baseline -0.003 -13"><span class='ocrx_word' id='word_1_119' title='bbox 497 1947 837 2006; x_wconf 88' lang='lat' dir='ltr'><strong>Justinusin</strong></span> <span class='ocrx_word' id='word_1_120' title='bbox 861 1947 1362 2019; x_wconf 87' lang='lat' dir='ltr'><strong>cathisma,secum</strong></span> <span class='ocrx_word' id='word_1_121' title='bbox 1387 1946 1608 2004; x_wconf 88' lang='lat' dir='ltr'><strong>habens</strong></span> <span class='ocrx_word' id='word_1_122' title='bbox 1632 1945 2138 2018; x_wconf 88' lang='lat' dir='ltr'><strong>archiepiscopum</strong></span> 
     </span>
    </p>
   </div>
   <div class='ocr_carea' id='block_1_22' title="bbox 495 2034 2142 2110">
    <p class='ocr_par' dir='ltr' id='par_1_22' title="bbox 495 2034 2142 2110">
     <span class='ocr_line' id='line_1_22' title="bbox 495 2034 2142 2110; baseline -0.001 -17"><span class='ocrx_word' id='word_1_123' title='bbox 495 2037 774 2101; x_wconf 85' lang='lat' dir='ltr'><strong>Joannem</strong></span> <span class='ocrx_word' id='word_1_124' title='bbox 831 2038 982 2094; x_wconf 74' lang='lat'><strong>249</strong></span> <span class='ocrx_word' id='word_1_125' title='bbox 1033 2037 1401 2110; x_wconf 89' lang='lat' dir='ltr'><strong>reliquosque</strong></span> <span class='ocrx_word' id='word_1_126' title='bbox 1453 2051 1741 2108; x_wconf 82' lang='lat' dir='ltr'><strong>proceres,</strong></span> <span class='ocrx_word' id='word_1_127' title='bbox 1793 2034 2007 2108; x_wconf 88' lang='lat' dir='ltr'><strong>quibus</strong></span> <span class='ocrx_word' id='word_1_128' title='bbox 2055 2036 2142 2091; x_wconf 90' lang='lat' dir='ltr'><strong>in-</strong></span> 
     </span>
    </p>
   </div>
   <div class='ocr_carea' id='block_1_23' title="bbox 499 2125 2139 2202">
    <p class='ocr_par' dir='ltr' id='par_1_23' title="bbox 499 2125 2139 2202">
     <span class='ocr_line' id='line_1_23' title="bbox 499 2125 2139 2202; baseline -0.001 -18"><span class='ocrx_word' id='word_1_129' title='bbox 499 2129 662 2202; x_wconf 85' lang='lat' dir='ltr'><strong>gredi</strong></span> <span class='ocrx_word' id='word_1_130' title='bbox 693 2128 978 2185; x_wconf 89' lang='lat' dir='ltr'><strong>cathisma</strong></span> <span class='ocrx_word' id='word_1_131' title='bbox 1009 2128 1097 2184; x_wconf 88' lang='lat' dir='ltr'><strong>fas</strong></span> <span class='ocrx_word' id='word_1_132' title='bbox 1144 2134 1198 2183; x_wconf 90' lang='lat' dir='ltr'><strong>et</strong></span> <span class='ocrx_word' id='word_1_133' title='bbox 1242 2143 1368 2183; x_wconf 91' lang='lat' dir='ltr'><strong>mos</strong></span> <span class='ocrx_word' id='word_1_134' title='bbox 1395 2133 1509 2195; x_wconf 90' lang='lat' dir='ltr'><strong>est;</strong></span> <span class='ocrx_word' id='word_1_135' title='bbox 1545 2125 1752 2198; x_wconf 88' lang='lat' dir='ltr'><strong>reliqui</strong></span> <span class='ocrx_word' id='word_1_136' title='bbox 1779 2129 1973 2181; x_wconf 85' lang='lat' dir='ltr'><strong>autem</strong></span> <span class='ocrx_word' id='word_1_137' title='bbox 2007 2142 2139 2196; x_wconf 88' lang='lat' dir='ltr'><strong>pro-</strong></span> 
     </span>
    </p>
   </div>
   <div class='ocr_carea' id='block_1_24' title="bbox 500 2215 2141 2287">
    <p class='ocr_par' dir='ltr' id='par_1_24' title="bbox 500 2215 2141 2287">
     <span class='ocr_line' id='line_1_24' title="bbox 500 2215 2141 2287; baseline -0.004 -12"><span class='ocrx_word' id='word_1_138' title='bbox 500 2234 660 2276; x_wconf 88' lang='lat' dir='ltr'><strong>ceres</strong></span> <span class='ocrx_word' id='word_1_139' title='bbox 709 2218 860 2274; x_wconf 85' lang='lat' dir='ltr'><strong>infra</strong></span> <span class='ocrx_word' id='word_1_140' title='bbox 908 2217 1283 2282; x_wconf 88' lang='lat' dir='ltr'><strong>restitabant;</strong></span> <span class='ocrx_word' id='word_1_141' title='bbox 1334 2216 1465 2272; x_wconf 91' lang='lat' dir='ltr'><strong>dein</strong></span> <span class='ocrx_word' id='word_1_142' title='bbox 1510 2215 1824 2287; x_wconf 81' lang='lat' dir='ltr'><strong>recipiebat</strong></span> <span class='ocrx_word' id='word_1_143' title='bbox 1871 2221 2032 2270; x_wconf 88' lang='lat' dir='ltr'><strong>stans</strong></span> <span class='ocrx_word' id='word_1_144' title='bbox 2080 2215 2141 2269; x_wconf 90' lang='lat' dir='ltr'><strong>in</strong></span> 
     </span>
    </p>
   </div>
   <div class='ocr_carea' id='block_1_25' title="bbox 501 2302 2140 2378">
    <p class='ocr_par' dir='ltr' id='par_1_25' title="bbox 501 2302 2140 2378">
     <span class='ocr_line' id='line_1_25' title="bbox 501 2302 2140 2378; baseline -0.002 -14"><span class='ocrx_word' id='word_1_145' title='bbox 501 2311 665 2364; x_wconf 89' lang='lat' dir='ltr'><strong>scuto</strong></span> <span class='ocrx_word' id='word_1_146' title='bbox 696 2314 960 2378; x_wconf 89' lang='lat' dir='ltr'><strong>torquem</strong></span> <span class='ocrx_word' id='word_1_147' title='bbox 1007 2322 1040 2360; x_wconf 89' lang='lat' dir='ltr'><strong>a</strong></span> <span class='ocrx_word' id='word_1_148' title='bbox 1076 2303 1300 2373; x_wconf 88' lang='lat' dir='ltr'><strong>Godila,</strong></span> <span class='ocrx_word' id='word_1_149' title='bbox 1341 2303 1777 2376; x_wconf 90' lang='lat' dir='ltr'><strong>campiductore</strong></span> <span class='ocrx_word' id='word_1_150' title='bbox 1825 2302 2140 2360; x_wconf 89' lang='lat' dir='ltr'><strong>lanceario-</strong></span> 
     </span>
    </p>
   </div>
   <div class='ocr_carea' id='block_1_26' title="bbox 501 2393 2142 2466">
    <p class='ocr_par' dir='ltr' id='par_1_26' title="bbox 501 2393 2142 2466">
     <span class='ocr_line' id='line_1_26' title="bbox 501 2393 2142 2466; baseline -0.002 -14"><span class='ocrx_word' id='word_1_151' title='bbox 501 2397 656 2452; x_wconf 88' lang='lat' dir='ltr'><strong>rium</strong></span> <span class='ocrx_word' id='word_1_152' title='bbox 685 2395 794 2452; x_wconf 90' lang='lat' dir='ltr'><strong>sibi</strong></span> <span class='ocrx_word' id='word_1_153' title='bbox 817 2395 1173 2466; x_wconf 87' lang='lat' dir='ltr'><strong>impositum.</strong></span> <span class='ocrx_word' id='word_1_154' title='bbox 1196 2395 1315 2458; x_wconf 83' lang='lat' dir='ltr'><strong>Quo</strong></span> <span class='ocrx_word' id='word_1_155' title='bbox 1347 2393 1496 2448; x_wconf 89' lang='lat' dir='ltr'><strong>facto</strong></span> <span class='ocrx_word' id='word_1_156' title='bbox 1529 2393 1798 2465; x_wconf 89' lang='lat' dir='ltr'><strong>protinus</strong></span> <span class='ocrx_word' id='word_1_157' title='bbox 1835 2393 2142 2464; x_wconf 82' lang='lat' dir='ltr'><strong>erigeban-</strong></span> 
     </span>
    </p>
   </div>
   <div class='ocr_carea' id='block_1_27' title="bbox 501 2481 2142 2558">
    <p class='ocr_par' dir='ltr' id='par_1_27' title="bbox 501 2481 2142 2558">
     <span class='ocr_line' id='line_1_27' title="bbox 501 2481 2142 2558; baseline -0.003 -16"><span class='ocrx_word' id='word_1_158' title='bbox 501 2490 596 2542; x_wconf 87' lang='lat' dir='ltr'><strong>tur</strong></span> <span class='ocrx_word' id='word_1_159' title='bbox 620 2486 808 2558; x_wconf 88' lang='lat' dir='ltr'><strong>signa,</strong></span> <span class='ocrx_word' id='word_1_160' title='bbox 833 2501 958 2556; x_wconf 71' lang='lat' dir='ltr'><strong>qua&quot;:</strong></span> <span class='ocrx_word' id='word_1_161' title='bbox 990 2484 1269 2538; x_wconf 86' lang='lat' dir='ltr'><strong>hactenus</strong></span> <span class='ocrx_word' id='word_1_162' title='bbox 1310 2481 1476 2537; x_wconf 91' lang='lat' dir='ltr'><strong>humi</strong></span> <span class='ocrx_word' id='word_1_163' title='bbox 1507 2482 1837 2552; x_wconf 87' lang='lat' dir='ltr'><strong>jacuerant,</strong></span> <span class='ocrx_word' id='word_1_164' title='bbox 1859 2482 2142 2554; x_wconf 89' lang='lat' dir='ltr'><strong>quemad-</strong></span> 
     </span>
    </p>
   </div>
   <div class='ocr_carea' id='block_1_28' title="bbox 504 2570 2142 2642">
    <p class='ocr_par' dir='ltr' id='par_1_28' title="bbox 504 2570 2142 2642">
     <span class='ocr_line' id='line_1_28' title="bbox 504 2570 2142 2642; baseline -0.002 -11"><span class='ocrx_word' id='word_1_165' title='bbox 504 2575 744 2631; x_wconf 88' lang='lat' dir='ltr'><strong>modum</strong></span> <span class='ocrx_word' id='word_1_166' title='bbox 769 2575 827 2628; x_wconf 91' lang='lat' dir='ltr'><strong>in</strong></span> <span class='ocrx_word' id='word_1_167' title='bbox 849 2572 1064 2628; x_wconf 90' lang='lat' dir='ltr'><strong>talibus</strong></span> <span class='ocrx_word' id='word_1_168' title='bbox 1089 2570 1644 2642; x_wconf 90' lang='lat' dir='ltr'><strong>inaugurationibus</strong></span> <span class='ocrx_word' id='word_1_169' title='bbox 1674 2571 1797 2626; x_wconf 86' lang='lat' dir='ltr'><strong>fieri</strong></span> <span class='ocrx_word' id='word_1_170' title='bbox 1818 2570 1983 2626; x_wconf 87' lang='lat' dir='ltr'><strong>solet.</strong></span> <span class='ocrx_word' id='word_1_171' title='bbox 2017 2571 2142 2627; x_wconf 90' lang='lat' dir='ltr'><strong>Non</strong></span> 
     </span>
    </p>
   </div>
   <div class='ocr_carea' id='block_1_29' title="bbox 505 2657 2145 2731">
    <p class='ocr_par' dir='ltr' id='par_1_29' title="bbox 505 2657 2145 2731">
     <span class='ocr_line' id='line_1_29' title="bbox 505 2657 2145 2731; baseline -0.003 -11"><span class='ocrx_word' id='word_1_172' title='bbox 505 2667 696 2720; x_wconf 89' lang='lat' dir='ltr'><strong>autem</strong></span> <span class='ocrx_word' id='word_1_173' title='bbox 730 2660 980 2716; x_wconf 87' lang='lat' dir='ltr'><strong>intrabat</strong></span> <span class='ocrx_word' id='word_1_174' title='bbox 1010 2659 1188 2731; x_wconf 89' lang='lat' dir='ltr'><strong>(quod</strong></span> <span class='ocrx_word' id='word_1_175' title='bbox 1234 2657 1332 2713; x_wconf 92' lang='lat' dir='ltr'><strong>alii</strong></span> <span class='ocrx_word' id='word_1_176' title='bbox 1383 2658 1566 2714; x_wconf 88' lang='lat' dir='ltr'><strong>facere</strong></span> <span class='ocrx_word' id='word_1_177' title='bbox 1607 2661 2054 2730; x_wconf 87' lang='lat' dir='ltr'><strong>consueverunt)</strong></span> <span class='ocrx_word' id='word_1_178' title='bbox 2084 2660 2145 2715; x_wconf 89' lang='lat' dir='ltr'><strong>in</strong></span> 
     </span>
    </p>
   </div>
   <div class='ocr_carea' id='block_1_30' title="bbox 510 2745 2146 2818">
    <p class='ocr_par' dir='ltr' id='par_1_30' title="bbox 510 2745 2146 2818">
     <span class='ocr_line' id='line_1_30' title="bbox 510 2745 2146 2818; baseline -0.002 -12"><span class='ocrx_word' id='word_1_179' title='bbox 510 2748 829 2806; x_wconf 88' lang='lat' dir='ltr'><strong>triclinium</strong></span> <span class='ocrx_word' id='word_1_180' title='bbox 865 2745 1139 2802; x_wconf 88' lang='lat' dir='ltr'><strong>mutandi</strong></span> <span class='ocrx_word' id='word_1_181' title='bbox 1169 2745 1412 2802; x_wconf 88' lang='lat' dir='ltr'><strong>vestitus</strong></span> <span class='ocrx_word' id='word_1_182' title='bbox 1442 2746 1664 2818; x_wconf 89' lang='lat' dir='ltr'><strong>gratia;</strong></span> <span class='ocrx_word' id='word_1_183' title='bbox 1699 2747 1794 2802; x_wconf 88' lang='lat' dir='ltr'><strong>sed</strong></span> <span class='ocrx_word' id='word_1_184' title='bbox 1815 2746 2026 2802; x_wconf 89' lang='lat' dir='ltr'><strong>milites</strong></span> <span class='ocrx_word' id='word_1_185' title='bbox 2058 2751 2146 2803; x_wconf 88' lang='lat' dir='ltr'><strong>te-</strong></span> 
     </span>
    </p>
   </div>
   <div class='ocr_carea' id='block_1_31' title="bbox 505 2834 2147 2908">
    <p class='ocr_par' dir='ltr' id='par_1_31' title="bbox 505 2834 2147 2908">
     <span class='ocr_line' id='line_1_31' title="bbox 505 2834 2147 2908; baseline -0.002 -13"><span class='ocrx_word' id='word_1_186' title='bbox 505 2837 799 2895; x_wconf 88' lang='lat' dir='ltr'><strong>studinem</strong></span> <span class='ocrx_word' id='word_1_187' title='bbox 823 2836 1183 2908; x_wconf 89' lang='lat' dir='ltr'><strong>circaipsum</strong></span> <span class='ocrx_word' id='word_1_188' title='bbox 1207 2835 1383 2890; x_wconf 87' lang='lat' dir='ltr'><strong>scutis</strong></span> <span class='ocrx_word' id='word_1_189' title='bbox 1401 2835 1522 2891; x_wconf 90' lang='lat' dir='ltr'><strong>suis</strong></span> <span class='ocrx_word' id='word_1_190' title='bbox 1545 2835 1819 2892; x_wconf 85' lang='lat' dir='ltr'><strong>facientes</strong></span> <span class='ocrx_word' id='word_1_191' title='bbox 1841 2834 2147 2908; x_wconf 87' lang='lat' dir='ltr'><strong>cingebant</strong></span> 
     </span>
    </p>
   </div>
   <div class='ocr_carea' id='block_1_32' title="bbox 503 2924 2142 2997">
    <p class='ocr_par' dir='ltr' id='par_1_32' title="bbox 503 2924 2142 2997">
     <span class='ocr_line' id='line_1_32' title="bbox 503 2924 2142 2997; baseline -0.002 -13"><span class='ocrx_word' id='word_1_192' title='bbox 503 2944 657 2997; x_wconf 91' lang='lat' dir='ltr'><strong>eum,</strong></span> <span class='ocrx_word' id='word_1_193' title='bbox 672 2930 729 2982; x_wconf 92' lang='lat' dir='ltr'><strong>et</strong></span> <span class='ocrx_word' id='word_1_194' title='bbox 749 2926 861 2982; x_wconf 91' lang='lat' dir='ltr'><strong>sub</strong></span> <span class='ocrx_word' id='word_1_195' title='bbox 876 2927 982 2981; x_wconf 91' lang='lat' dir='ltr'><strong>hoc</strong></span> <span class='ocrx_word' id='word_1_196' title='bbox 1003 2925 1260 2996; x_wconf 88' lang='lat' dir='ltr'><strong>tegmine</strong></span> <span class='ocrx_word' id='word_1_197' title='bbox 1281 2924 1560 2980; x_wconf 89' lang='lat' dir='ltr'><strong>induebat</strong></span> <span class='ocrx_word' id='word_1_198' title='bbox 1573 2925 1846 2980; x_wconf 90' lang='lat' dir='ltr'><strong>Justinus</strong></span> <span class='ocrx_word' id='word_1_199' title='bbox 1876 2925 2142 2993; x_wconf 88' lang='lat' dir='ltr'><strong>schema;</strong></span> 
     </span>
    </p>
   </div>
   <div class='ocr_carea' id='block_1_33' title="bbox 509 3012 2144 3086">
    <p class='ocr_par' dir='ltr' id='par_1_33' title="bbox 509 3012 2144 3086">
     <span class='ocr_line' id='line_1_33' title="bbox 509 3012 2144 3086; baseline -0.001 -14"><span class='ocrx_word' id='word_1_200' title='bbox 509 3017 642 3072; x_wconf 90' lang='lat' dir='ltr'><strong>dein</strong></span> <span class='ocrx_word' id='word_1_201' title='bbox 675 3015 1010 3086; x_wconf 88' lang='lat' dir='ltr'><strong>imponebat</strong></span> <span class='ocrx_word' id='word_1_202' title='bbox 1037 3013 1153 3086; x_wconf 90' lang='lat' dir='ltr'><strong>ipsi</strong></span> <span class='ocrx_word' id='word_1_203' title='bbox 1184 3013 1491 3084; x_wconf 91' lang='lat' dir='ltr'><strong>episcopus</strong></span> <span class='ocrx_word' id='word_1_204' title='bbox 1522 3012 1632 3082; x_wconf 89' lang='lat' dir='ltr'><strong>[vel</strong></span> <span class='ocrx_word' id='word_1_205' title='bbox 1667 3013 2018 3085; x_wconf 86' lang='lat' dir='ltr'><strong>patriarcha]</strong></span> <span class='ocrx_word' id='word_1_206' title='bbox 2050 3031 2144 3070; x_wconf 85' lang='lat' dir='ltr'><strong>co-</strong></span> 
     </span>
    </p>
   </div>
   <div class='ocr_carea' id='block_1_34' title="bbox 506 3103 2143 3177">
    <p class='ocr_par' dir='ltr' id='par_1_34' title="bbox 506 3103 2143 3177">
     <span class='ocr_line' id='line_1_34' title="bbox 506 3103 2143 3177; baseline -0.004 -14"><span class='ocrx_word' id='word_1_207' title='bbox 506 3123 740 3164; x_wconf 89' lang='lat' dir='ltr'><strong>ronam:</strong></span> <span class='ocrx_word' id='word_1_208' title='bbox 773 3105 886 3177; x_wconf 88' lang='lat' dir='ltr'><strong>ipsi</strong></span> <span class='ocrx_word' id='word_1_209' title='bbox 920 3122 1098 3161; x_wconf 89' lang='lat' dir='ltr'><strong>manu</strong></span> <span class='ocrx_word' id='word_1_210' title='bbox 1149 3104 1470 3174; x_wconf 89' lang='lat' dir='ltr'><strong>accipiebat</strong></span> <span class='ocrx_word' id='word_1_211' title='bbox 1514 3103 1776 3159; x_wconf 88' lang='lat' dir='ltr'><strong>lanceam</strong></span> <span class='ocrx_word' id='word_1_212' title='bbox 1806 3107 1863 3159; x_wconf 91' lang='lat' dir='ltr'><strong>et</strong></span> <span class='ocrx_word' id='word_1_213' title='bbox 1891 3108 2143 3172; x_wconf 87' lang='lat' dir='ltr'><strong>scutum,</strong></span> 
     </span>
    </p>
   </div>
   <div class='ocr_carea' id='block_1_35' title="bbox 506 3191 2146 3265">
    <p class='ocr_par' dir='ltr' id='par_1_35' title="bbox 506 3191 2146 3265">
     <span class='ocr_line' id='line_1_35' title="bbox 506 3191 2146 3265; baseline -0.001 -15"><span class='ocrx_word' id='word_1_214' title='bbox 506 3202 559 3251; x_wconf 92' lang='lat' dir='ltr'><strong>et</strong></span> <span class='ocrx_word' id='word_1_215' title='bbox 605 3194 960 3249; x_wconf 89' lang='lat' dir='ltr'><strong>ascendebat</strong></span> <span class='ocrx_word' id='word_1_216' title='bbox 1007 3193 1090 3265; x_wconf 92' lang='lat' dir='ltr'><strong>[in</strong></span> <span class='ocrx_word' id='word_1_217' title='bbox 1137 3191 1424 3247; x_wconf 88' lang='lat' dir='ltr'><strong>eathisma</strong></span> <span class='ocrx_word' id='word_1_218' title='bbox 1474 3191 1581 3247; x_wconf 90' lang='lat' dir='ltr'><strong>hoc</strong></span> <span class='ocrx_word' id='word_1_219' title='bbox 1627 3191 1876 3264; x_wconf 88' lang='lat' dir='ltr'><strong>habitu],</strong></span> <span class='ocrx_word' id='word_1_220' title='bbox 1919 3195 1975 3247; x_wconf 90' lang='lat' dir='ltr'><strong>et</strong></span> <span class='ocrx_word' id='word_1_221' title='bbox 2024 3196 2146 3248; x_wconf 89' lang='lat' dir='ltr'><strong>tum</strong></span> 
     </span>
    </p>
   </div>
   <div class='ocr_carea' id='block_1_36' title="bbox 2241 600 3882 676">
    <p class='ocr_par' dir='ltr' id='par_1_36' title="bbox 2241 600 3882 676">
     <span class='ocr_line' id='line_1_36' title="bbox 2241 600 3882 676; baseline 0.004 -21"><span class='ocrx_word' id='word_1_222' title='bbox 2241 600 2517 664; x_wconf 80' lang='grc' dir='ltr'><strong>εἰωθότων</strong></span> <span class='ocrx_word' id='word_1_223' title='bbox 2549 602 2885 676; x_wconf 79' lang='grc' dir='ltr'>εἰσέρχεσθαι</span> <span class='ocrx_word' id='word_1_224' title='bbox 2927 601 3004 664; x_wconf 83' lang='grc' dir='ltr'><strong>είς</strong></span> <span class='ocrx_word' id='word_1_225' title='bbox 3054 601 3116 655; x_wconf 88' lang='grc' dir='ltr'>τὸ</span> <span class='ocrx_word' id='word_1_226' title='bbox 3165 603 3422 675; x_wconf 78' lang='grc' dir='ltr'>κάθισμα,</span> <span class='ocrx_word' id='word_1_227' title='bbox 3479 604 3577 658; x_wconf 80' lang='grc' dir='ltr'><strong>καὶ</strong></span> <span class='ocrx_word' id='word_1_228' title='bbox 3630 606 3683 659; x_wconf 72' lang='grc' dir='ltr'><strong>οἱ</strong></span> <span class='ocrx_word' id='word_1_229' title='bbox 3732 604 3882 665; x_wconf 77' lang='grc' dir='ltr'>ἃλλοι</span> 
     </span>
    </p>
   </div>
   <div class='ocr_carea' id='block_1_37' title="bbox 2239 687 3883 774">
    <p class='ocr_par' dir='ltr' id='par_1_37' title="bbox 2239 687 3883 774">
     <span class='ocr_line' id='line_1_37' title="bbox 2239 687 3883 774; baseline 0.004 -30"><span class='ocrx_word' id='word_1_230' title='bbox 2239 687 2502 765; x_wconf 80' lang='grc' dir='ltr'>ἃρχοντες</span> <span class='ocrx_word' id='word_1_231' title='bbox 2554 690 2701 746; x_wconf 88' lang='grc' dir='ltr'>κάτω</span> <span class='ocrx_word' id='word_1_232' title='bbox 2743 690 2985 759; x_wconf 67' lang='grc' dir='ltr'>ἵσταντο,</span> <span class='ocrx_word' id='word_1_233' title='bbox 3021 691 3112 745; x_wconf 81' lang='grc' dir='ltr'><strong>καὶ</strong></span> <span class='ocrx_word' id='word_1_234' title='bbox 3167 693 3222 744; x_wconf 71' lang='grc' dir='ltr'>ἒν</span> <span class='ocrx_word' id='word_1_235' title='bbox 3271 696 3350 763; x_wconf 79' lang='grc' dir='ltr'>τῷ</span> <span class='ocrx_word' id='word_1_236' title='bbox 3398 693 3716 767; x_wconf 78' lang='grc' dir='ltr'>σκουταρέῳ</span> <span class='ocrx_word' id='word_1_237' title='bbox 3771 695 3883 774; x_wconf 62' lang='grc' dir='ltr'>ἔρροι</span> 
     </span>
    </p>
   </div>
   <div class='ocr_carea' id='block_1_38' title="bbox 2241 779 3881 860">
    <p class='ocr_par' dir='ltr' id='par_1_38' title="bbox 2241 779 3881 860">
     <span class='ocr_line' id='line_1_38' title="bbox 2241 779 3881 860; baseline 0.004 -26"><span class='ocrx_word' id='word_1_238' title='bbox 2241 795 2389 855; x_wconf 85' lang='grc' dir='ltr'>ρεσεν</span> <span class='ocrx_word' id='word_1_239' title='bbox 2418 781 2511 835; x_wconf 72' lang='grc' dir='ltr'>τῦν</span> <span class='ocrx_word' id='word_1_240' title='bbox 2545 783 2797 854; x_wconf 85' lang='grc' dir='ltr'>μανιάκιν</span> <span class='ocrx_word' id='word_1_241' title='bbox 2827 779 3131 844; x_wconf 74' lang='grc' dir='ltr'>ἐπιτεθέντα</span> <span class='ocrx_word' id='word_1_242' title='bbox 3162 779 3309 854; x_wconf 83' lang='grc' dir='ltr'>αὐτῷ</span> <span class='ocrx_word' id='word_1_243' title='bbox 3355 783 3507 858; x_wconf 75' lang='grc' dir='ltr'>παρά</span> <span class='ocrx_word' id='word_1_244' title='bbox 3558 780 3777 840; x_wconf 74' lang='grc' dir='ltr'>Γωόίλα</span> <span class='ocrx_word' id='word_1_245' title='bbox 3813 791 3881 860; x_wconf 85' lang='grc'><strong>(5)</strong></span> 
     </span>
    </p>
   </div>
   <div class='ocr_carea' id='block_1_39' title="bbox 2239 865 3876 946">
    <p class='ocr_par' dir='ltr' id='par_1_39' title="bbox 2239 865 3876 946">
     <span class='ocr_line' id='line_1_39' title="bbox 2239 865 3876 946; baseline 0.002 -24"><span class='ocrx_word' id='word_1_246' title='bbox 2239 871 2338 922; x_wconf 88' lang='grc' dir='ltr'><strong>τοῦ</strong></span> <span class='ocrx_word' id='word_1_247' title='bbox 2368 865 2846 944; x_wconf 81' lang='grc' dir='ltr'>καμπιδούκτορος</span> <span class='ocrx_word' id='word_1_248' title='bbox 2872 873 2978 924; x_wconf 81' lang='grc' dir='ltr'>τῶν</span> <span class='ocrx_word' id='word_1_249' title='bbox 3013 867 3347 943; x_wconf 77' lang='grc' dir='ltr'>λαγκιαρίων</span> <span class='ocrx_word' id='word_1_250' title='bbox 3388 870 3460 940; x_wconf 69' lang='grc'><strong>³6,</strong></span> <span class='ocrx_word' id='word_1_251' title='bbox 3514 871 3609 924; x_wconf 85' lang='grc' dir='ltr'><strong>καὶ</strong></span> <span class='ocrx_word' id='word_1_252' title='bbox 3662 870 3876 946; x_wconf 83' lang='grc' dir='ltr'>ώρθώθη</span> 
     </span>
    </p>
   </div>
   <div class='ocr_carea' id='block_1_40' title="bbox 2241 955 3873 1036">
    <p class='ocr_par' dir='ltr' id='par_1_40' title="bbox 2241 955 3873 1036">
     <span class='ocr_line' id='line_1_40' title="bbox 2241 955 3873 1036; baseline 0.003 -24"><span class='ocrx_word' id='word_1_253' title='bbox 2241 965 2588 1034; x_wconf 83' lang='grc' dir='ltr'>παραχρῆμα</span> <span class='ocrx_word' id='word_1_254' title='bbox 2650 958 2716 1013; x_wconf 78' lang='grc' dir='ltr'><strong>τά</strong></span> <span class='ocrx_word' id='word_1_255' title='bbox 2767 959 2917 1036; x_wconf 82' lang='grc' dir='ltr'>σίγνα</span> <span class='ocrx_word' id='word_1_256' title='bbox 2980 959 3202 1032; x_wconf 88' lang='grc' dir='ltr'>κείμενα</span> <span class='ocrx_word' id='word_1_257' title='bbox 3266 958 3348 1013; x_wconf 86' lang='grc' dir='ltr'><strong>ἐπ’</strong></span> <span class='ocrx_word' id='word_1_258' title='bbox 3410 955 3657 1033; x_wconf 77' lang='grc' dir='ltr'><strong>ἐδάφους</strong></span> <span class='ocrx_word' id='word_1_259' title='bbox 3727 961 3873 1034; x_wconf 83' lang='grc' dir='ltr'>κάτω,</span> 
     </span>
    </p>
   </div>
   <div class='ocr_carea' id='block_1_41' title="bbox 2244 1047 3873 1123">
    <p class='ocr_par' dir='ltr' id='par_1_41' title="bbox 2244 1047 3873 1123">
     <span class='ocr_line' id='line_1_41' title="bbox 2244 1047 3873 1123; baseline 0.002 -21"><span class='ocrx_word' id='word_1_260' title='bbox 2244 1047 2331 1102; x_wconf 85' lang='grc' dir='ltr'><strong>ἐπὶ</strong></span> <span class='ocrx_word' id='word_1_261' title='bbox 2397 1051 2505 1102; x_wconf 84' lang='grc' dir='ltr'>τῶν</span> <span class='ocrx_word' id='word_1_262' title='bbox 2569 1048 2835 1104; x_wconf 78' lang='grc' dir='ltr'><strong>τοιούτων</strong></span> <span class='ocrx_word' id='word_1_263' title='bbox 2906 1048 3303 1123; x_wconf 71' lang='grc' dir='ltr'>ἀναγορεύσεων</span> <span class='ocrx_word' id='word_1_264' title='bbox 3385 1047 3717 1120; x_wconf 73' lang='grc' dir='ltr'>εἰθισμένον.</span> <span class='ocrx_word' id='word_1_265' title='bbox 3776 1051 3873 1108; x_wconf 81' lang='grc' dir='ltr'><strong>Οὐκ</strong></span> 
     </span>
    </p>
   </div>
   <div class='ocr_carea' id='block_1_42' title="bbox 2245 1133 3871 1212">
    <p class='ocr_par' dir='ltr' id='par_1_42' title="bbox 2245 1133 3871 1212">
     <span class='ocr_line' id='line_1_42' title="bbox 2245 1133 3871 1212; baseline 0.002 -22"><span class='ocrx_word' id='word_1_266' title='bbox 2245 1134 2497 1205; x_wconf 74' lang='grc' dir='ltr'>εἰσῆλθεν</span> <span class='ocrx_word' id='word_1_267' title='bbox 2539 1133 2596 1190; x_wconf 81' lang='grc' dir='ltr'><strong>δέ</strong></span> <span class='ocrx_word' id='word_1_268' title='bbox 2653 1135 2729 1198; x_wconf 71' lang='grc' dir='ltr'>εἷς</span> <span class='ocrx_word' id='word_1_269' title='bbox 2785 1137 2877 1190; x_wconf 87' lang='grc' dir='ltr'>τὸν</span> <span class='ocrx_word' id='word_1_270' title='bbox 2927 1135 3226 1212; x_wconf 77' lang='grc' dir='ltr'>τρίκλινον,</span> <span class='ocrx_word' id='word_1_271' title='bbox 3294 1134 3384 1191; x_wconf 88' lang='grc' dir='ltr'><strong>καὶ</strong></span> <span class='ocrx_word' id='word_1_272' title='bbox 3431 1133 3702 1208; x_wconf 74' lang='grc' dir='ltr'>ἤλλαξεν,</span> <span class='ocrx_word' id='word_1_273' title='bbox 3751 1137 3871 1194; x_wconf 77' lang='grc' dir='ltr'>ἀλλά</span> 
     </span>
    </p>
   </div>
   <div class='ocr_carea' id='block_1_43' title="bbox 2246 1223 3874 1300">
    <p class='ocr_par' dir='ltr' id='par_1_43' title="bbox 2246 1223 3874 1300">
     <span class='ocr_line' id='line_1_43' title="bbox 2246 1223 3874 1300; baseline 0.001 -20"><span class='ocrx_word' id='word_1_274' title='bbox 2246 1223 2510 1294; x_wconf 89' lang='grc' dir='ltr'>ἐποίησαν</span> <span class='ocrx_word' id='word_1_275' title='bbox 2543 1223 2800 1300; x_wconf 83' lang='grc' dir='ltr'>χελώνην</span> <span class='ocrx_word' id='word_1_276' title='bbox 2837 1227 2889 1280; x_wconf 73' lang='grc' dir='ltr'>οἱ</span> <span class='ocrx_word' id='word_1_277' title='bbox 2921 1229 3269 1300; x_wconf 83' lang='grc' dir='ltr'>στρατιῶται,</span> <span class='ocrx_word' id='word_1_278' title='bbox 3299 1226 3388 1279; x_wconf 84' lang='grc' dir='ltr'><strong>καὶ</strong></span> <span class='ocrx_word' id='word_1_279' title='bbox 3421 1225 3538 1280; x_wconf 80' lang='grc' dir='ltr'>ἐκεῖ</span> <span class='ocrx_word' id='word_1_280' title='bbox 3591 1224 3874 1295; x_wconf 72' lang='grc' dir='ltr'>ἐνεδύσατο,</span> 
     </span>
    </p>
   </div>
   <div class='ocr_carea' id='block_1_44' title="bbox 2243 1313 3877 1390">
    <p class='ocr_par' dir='ltr' id='par_1_44' title="bbox 2243 1313 3877 1390">
     <span class='ocr_line' id='line_1_44' title="bbox 2243 1313 3877 1390; baseline 0.001 -21"><span class='ocrx_word' id='word_1_281' title='bbox 2243 1315 2335 1369; x_wconf 86' lang='grc' dir='ltr'><strong>καὶ</strong></span> <span class='ocrx_word' id='word_1_282' title='bbox 2385 1315 2476 1368; x_wconf 88' lang='grc' dir='ltr'>τὸν</span> <span class='ocrx_word' id='word_1_283' title='bbox 2543 1315 2801 1390; x_wconf 76' lang='grc' dir='ltr'>στέφανον</span> <span class='ocrx_word' id='word_1_284' title='bbox 2852 1317 2930 1390; x_wconf 86' lang='grc'><strong>(6)</strong></span> <span class='ocrx_word' id='word_1_285' title='bbox 2983 1313 3237 1384; x_wconf 85' lang='grc' dir='ltr'>ἐπέθηκεν</span> <span class='ocrx_word' id='word_1_286' title='bbox 3292 1315 3441 1386; x_wconf 88' lang='grc' dir='ltr'>αὐτῷ</span> <span class='ocrx_word' id='word_1_287' title='bbox 3501 1315 3530 1368; x_wconf 87' lang='grc' dir='ltr'>ὁ</span> <span class='ocrx_word' id='word_1_288' title='bbox 3585 1314 3877 1384; x_wconf 73' lang='grc' dir='ltr'><strong>ἐπίσκοπος,</strong></span> 
     </span>
    </p>
   </div>
   <div class='ocr_carea' id='block_1_45' title="bbox 2243 1402 3876 1481">
    <p class='ocr_par' dir='ltr' id='par_1_45' title="bbox 2243 1402 3876 1481">
     <span class='ocr_line' id='line_1_45' title="bbox 2243 1402 3876 1481; baseline 0.002 -22"><span class='ocrx_word' id='word_1_289' title='bbox 2243 1405 2332 1459; x_wconf 81' lang='grc' dir='ltr'><strong>καὶ</strong></span> <span class='ocrx_word' id='word_1_290' title='bbox 2378 1403 2639 1478; x_wconf 85' lang='grc' dir='ltr'>ἐκράτησε</span> <span class='ocrx_word' id='word_1_291' title='bbox 2696 1402 2940 1480; x_wconf 84' lang='grc' dir='ltr'>λαγκίδιν</span> <span class='ocrx_word' id='word_1_292' title='bbox 3001 1404 3090 1460; x_wconf 83' lang='grc' dir='ltr'><strong>καὶ</strong></span> <span class='ocrx_word' id='word_1_293' title='bbox 3141 1403 3451 1481; x_wconf 73' lang='grc' dir='ltr'>σκουτᾶριν,</span> <span class='ocrx_word' id='word_1_294' title='bbox 3505 1405 3600 1460; x_wconf 81' lang='grc' dir='ltr'>καὶ</span> <span class='ocrx_word' id='word_1_295' title='bbox 3649 1406 3876 1479; x_wconf 65' lang='grc' dir='ltr'>ἁαῆλθεν,</span> 
     </span>
    </p>
   </div>
   <div class='ocr_carea' id='block_1_46' title="bbox 2243 1488 3876 1570">
    <p class='ocr_par' dir='ltr' id='par_1_46' title="bbox 2243 1488 3876 1570">
     <span class='ocr_line' id='line_1_46' title="bbox 2243 1488 3876 1570; baseline -0.001 -20"><span class='ocrx_word' id='word_1_296' title='bbox 2243 1495 2334 1550; x_wconf 83' lang='grc' dir='ltr'><strong>καὶ</strong></span> <span class='ocrx_word' id='word_1_297' title='bbox 2366 1488 2586 1569; x_wconf 76' lang='grc' dir='ltr'><strong>ἔκραξαν</strong></span> <span class='ocrx_word' id='word_1_298' title='bbox 2616 1495 2830 1556; x_wconf 85' lang='grc' dir='ltr'>πάντες·</span> <span class='ocrx_word' id='word_1_299' title='bbox 2869 1520 2896 1546; x_wconf 85' lang='grc' dir='ltr'><strong>ιι</strong></span> <span class='ocrx_word' id='word_1_300' title='bbox 2931 1497 3189 1552; x_wconf 83' lang='grc' dir='ltr'>Ἰουστῖνε</span> <span class='ocrx_word' id='word_1_301' title='bbox 3220 1497 3526 1570; x_wconf 77' lang='grc' dir='ltr'>Αὕγουστε,</span> <span class='ocrx_word' id='word_1_302' title='bbox 3562 1495 3627 1550; x_wconf 76' lang='grc' dir='ltr'>σὺ</span> <span class='ocrx_word' id='word_1_303' title='bbox 3666 1502 3826 1567; x_wconf 85' lang='grc' dir='ltr'>νικᾷς.</span> <span class='ocrx_word' id='word_1_304' title='bbox 3860 1523 3876 1549; x_wconf 81' lang='grc' dir='ltr'><strong>ι</strong></span> 
     </span>
    </p>
   </div>
   <div class='ocr_carea' id='block_1_47' title="bbox 2245 1581 3878 1659">
    <p class='ocr_par' dir='ltr' id='par_1_47' title="bbox 2245 1581 3878 1659">
     <span class='ocr_line' id='line_1_47' title="bbox 2245 1581 3878 1659; baseline 0.001 -20"><span class='ocrx_word' id='word_1_305' title='bbox 2245 1584 2348 1639; x_wconf 76' lang='grc' dir='ltr'><strong>Καὶ</strong></span> <span class='ocrx_word' id='word_1_306' title='bbox 2390 1583 2810 1659; x_wconf 70' lang='grc' dir='ltr'>προσεφώνησεν</span> <span class='ocrx_word' id='word_1_307' title='bbox 2857 1588 2937 1656; x_wconf 81' lang='grc' dir='ltr'><strong>τῷ</strong></span> <span class='ocrx_word' id='word_1_308' title='bbox 2986 1581 3172 1658; x_wconf 72' lang='grc' dir='ltr'>δήμῳ,</span> <span class='ocrx_word' id='word_1_309' title='bbox 3223 1582 3570 1648; x_wconf 82' lang='grc' dir='ltr'>ἐπιδοθέντος</span> <span class='ocrx_word' id='word_1_310' title='bbox 3620 1583 3760 1656; x_wconf 75' lang='grc' dir='ltr'>αὐτῷ</span> <span class='ocrx_word' id='word_1_311' title='bbox 3795 1591 3878 1641; x_wconf 82' lang='grc' dir='ltr'><strong>τοῦ</strong></span> 
     </span>
    </p>
   </div>
   <div class='ocr_carea' id='block_1_48' title="bbox 2246 1666 3879 1752">
    <p class='ocr_par' dir='ltr' id='par_1_48' title="bbox 2246 1666 3879 1752">
     <span class='ocr_line' id='line_1_48' title="bbox 2246 1666 3879 1752; baseline 0.001 -25"><span class='ocrx_word' id='word_1_312' title='bbox 2246 1666 2787 1747; x_wconf 74' lang='grc' dir='ltr'>λιϐελλαρίου,ἔνθα</span> <span class='ocrx_word' id='word_1_313' title='bbox 2826 1672 2916 1727; x_wconf 84' lang='grc' dir='ltr'><strong>καὶ</strong></span> <span class='ocrx_word' id='word_1_314' title='bbox 2970 1675 3241 1752; x_wconf 85' lang='grc' dir='ltr'>ὑπέσχετο</span> <span class='ocrx_word' id='word_1_315' title='bbox 3292 1675 3485 1736; x_wconf 83' lang='grc' dir='ltr'>αὐτοῖς</span> <span class='ocrx_word' id='word_1_316' title='bbox 3537 1677 3879 1730; x_wconf 86' lang='grc' dir='ltr'>κατασκουτά-</span> 
     </span>
    </p>
   </div>
   <div class='ocr_carea' id='block_1_49' title="bbox 2245 1761 3880 1841">
    <p class='ocr_par' dir='ltr' id='par_1_49' title="bbox 2245 1761 3880 1841">
     <span class='ocr_line' id='line_1_49' title="bbox 2245 1761 3880 1841; baseline 0.003 -25"><span class='ocrx_word' id='word_1_317' title='bbox 2245 1783 2328 1836; x_wconf 90' lang='grc' dir='ltr'><strong>ριν</strong></span> <span class='ocrx_word' id='word_1_318' title='bbox 2392 1761 2550 1818; x_wconf 86' lang='grc' dir='ltr'>πέντε</span> <span class='ocrx_word' id='word_1_319' title='bbox 2613 1761 2929 1836; x_wconf 78' lang='grc' dir='ltr'>νομίσματα</span> <span class='ocrx_word' id='word_1_320' title='bbox 2993 1765 3082 1818; x_wconf 83' lang='grc' dir='ltr'><strong>καὶ</strong></span> <span class='ocrx_word' id='word_1_321' title='bbox 3149 1764 3338 1838; x_wconf 80' lang='grc' dir='ltr'>λίτραν</span> <span class='ocrx_word' id='word_1_322' title='bbox 3396 1765 3670 1841; x_wconf 70' lang='grc' dir='ltr'>ἀργύρου.</span> <span class='ocrx_word' id='word_1_323' title='bbox 3725 1770 3792 1820; x_wconf 79' lang='lat' dir='ltr'><strong>To</strong></span> <span class='ocrx_word' id='word_1_324' title='bbox 3835 1764 3880 1822; x_wconf 77' lang='grc' dir='ltr'><strong>δὲ</strong></span> 
     </span>
    </p>
   </div>
   <div class='ocr_carea' id='block_1_50' title="bbox 2245 1845 3878 1928">
    <p class='ocr_par' dir='ltr' id='par_1_50' title="bbox 2245 1845 3878 1928">
     <span class='ocr_line' id='line_1_50' title="bbox 2245 1845 3878 1928; baseline 0.002 -22"><span class='ocrx_word' id='word_1_325' title='bbox 2245 1845 2601 1920; x_wconf 79' lang='grc' dir='ltr'>λιϐελλάριον</span> <span class='ocrx_word' id='word_1_326' title='bbox 2659 1853 2965 1926; x_wconf 80' lang='grc' dir='ltr'>ἀνεγνώσθη</span> <span class='ocrx_word' id='word_1_327' title='bbox 3021 1855 3165 1928; x_wconf 71' lang='grc' dir='ltr'>παρὰ</span> <span class='ocrx_word' id='word_1_328' title='bbox 3247 1849 3662 1924; x_wconf 75' lang='grc' dir='ltr'>λιϐεΛλησίων,</span> <span class='ocrx_word' id='word_1_329' title='bbox 3717 1854 3878 1924; x_wconf 76' lang='grc' dir='ltr'>ἐπειδὴ</span> 
     </span>
    </p>
   </div>
   <div class='ocr_carea' id='block_1_51' title="bbox 2249 1936 3880 2018">
    <p class='ocr_par' dir='ltr' id='par_1_51' title="bbox 2249 1936 3880 2018">
     <span class='ocr_line' id='line_1_51' title="bbox 2249 1936 3880 2018; baseline 0.003 -24"><span class='ocrx_word' id='word_1_330' title='bbox 2249 1936 2376 1995; x_wconf 74' lang='grc' dir='ltr'>οὔτε</span> <span class='ocrx_word' id='word_1_331' title='bbox 2429 1941 2701 2014; x_wconf 86' lang='grc' dir='ltr'>κυαίστωρ</span> <span class='ocrx_word' id='word_1_332' title='bbox 2759 1944 2838 2015; x_wconf 90' lang='grc'><strong>(7)</strong></span> <span class='ocrx_word' id='word_1_333' title='bbox 2893 1941 3109 2016; x_wconf 84' lang='grc' dir='ltr'>εὑρέθη,</span> <span class='ocrx_word' id='word_1_334' title='bbox 3161 1943 3250 1998; x_wconf 82' lang='grc' dir='ltr'>καὶ</span> <span class='ocrx_word' id='word_1_335' title='bbox 3299 1944 3326 1997; x_wconf 85' lang='grc' dir='ltr'>ὁ</span> <span class='ocrx_word' id='word_1_336' title='bbox 3379 1943 3690 2018; x_wconf 75' lang='grc' dir='ltr'>μάγιστρος</span> <span class='ocrx_word' id='word_1_337' title='bbox 3738 1943 3880 2015; x_wconf 85' lang='grc' dir='ltr'>Κέλερ</span> 
     </span>
    </p>
   </div>
   <div class='ocr_carea' id='block_1_52' title="bbox 2251 2025 3884 2107">
    <p class='ocr_par' dir='ltr' id='par_1_52' title="bbox 2251 2025 3884 2107">
     <span class='ocr_line' id='line_1_52' title="bbox 2251 2025 3884 2107; baseline 0.003 -25"><span class='ocrx_word' id='word_1_338' title='bbox 2251 2025 2340 2083; x_wconf 78' lang='grc' dir='ltr'>διὰ</span> <span class='ocrx_word' id='word_1_339' title='bbox 2387 2030 2486 2098; x_wconf 75' lang='grc' dir='ltr'>τήν</span> <span class='ocrx_word' id='word_1_340' title='bbox 2535 2030 2834 2105; x_wconf 82' lang='grc' dir='ltr'>γενομένην</span> <span class='ocrx_word' id='word_1_341' title='bbox 2900 2034 3148 2107; x_wconf 78' lang='grc' dir='ltr'>ταραχὴν</span> <span class='ocrx_word' id='word_1_342' title='bbox 3201 2029 3290 2086; x_wconf 71' lang='grc' dir='ltr'><strong>διὰ</strong></span> <span class='ocrx_word' id='word_1_343' title='bbox 3337 2032 3473 2094; x_wconf 76' lang='grc' dir='ltr'>τοὺς</span> <span class='ocrx_word' id='word_1_344' title='bbox 3524 2031 3697 2094; x_wconf 81' lang='grc' dir='ltr'>πόδας</span> <span class='ocrx_word' id='word_1_345' title='bbox 3745 2033 3884 2087; x_wconf 84' lang='grc' dir='ltr'>αὐτοῦ</span> 
     </span>
    </p>
   </div>
   <div class='ocr_carea' id='block_1_53' title="bbox 2252 2117 3881 2196">
    <p class='ocr_par' dir='ltr' id='par_1_53' title="bbox 2252 2117 3881 2196">
     <span class='ocr_line' id='line_1_53' title="bbox 2252 2117 3881 2196; baseline 0.001 -22"><span class='ocrx_word' id='word_1_346' title='bbox 2252 2118 2353 2174; x_wconf 87' lang='grc' dir='ltr'><strong>οὐκ</strong></span> <span class='ocrx_word' id='word_1_347' title='bbox 2418 2117 2660 2189; x_wconf 69' lang='grc' dir='ltr'>ἠδυνήθη</span> <span class='ocrx_word' id='word_1_348' title='bbox 2722 2120 3027 2196; x_wconf 80' lang='grc' dir='ltr'>εὑρεθῆναι,</span> <span class='ocrx_word' id='word_1_349' title='bbox 3083 2120 3392 2196; x_wconf 69' lang='grc' dir='ltr'>ἀλλὰπρὸς</span> <span class='ocrx_word' id='word_1_350' title='bbox 3446 2123 3552 2190; x_wconf 72' lang='grc' dir='ltr'>τὴν</span> <span class='ocrx_word' id='word_1_351' title='bbox 3605 2120 3741 2196; x_wconf 82' lang='grc' dir='ltr'>ὣραν</span> <span class='ocrx_word' id='word_1_352' title='bbox 3793 2123 3881 2176; x_wconf 84' lang='grc' dir='ltr'><strong>ἀπ-</strong></span> 
     </span>
    </p>
   </div>
   <div class='ocr_carea' id='block_1_54' title="bbox 2251 2206 3881 2287">
    <p class='ocr_par' dir='ltr' id='par_1_54' title="bbox 2251 2206 3881 2287">
     <span class='ocr_line' id='line_1_54' title="bbox 2251 2206 3881 2287; baseline 0.001 -23"><span class='ocrx_word' id='word_1_353' title='bbox 2251 2207 2496 2286; x_wconf 65' lang='grc' dir='ltr'>ελείφθη,</span> <span class='ocrx_word' id='word_1_354' title='bbox 2526 2211 2688 2283; x_wconf 85' lang='grc' dir='ltr'>Ἔχει</span> <span class='ocrx_word' id='word_1_355' title='bbox 2721 2206 2776 2264; x_wconf 78' lang='grc' dir='ltr'><strong>δέ</strong></span> <span class='ocrx_word' id='word_1_356' title='bbox 2806 2213 2840 2279; x_wconf 81' lang='grc' dir='ltr'>ἡ</span> <span class='ocrx_word' id='word_1_357' title='bbox 2872 2210 3254 2286; x_wconf 81' lang='grc' dir='ltr'>προσφώνησις</span> <span class='ocrx_word' id='word_1_358' title='bbox 3286 2210 3491 2274; x_wconf 66' lang='grc' dir='ltr'>οὕτως.</span> <span class='ocrx_word' id='word_1_359' title='bbox 3545 2211 3881 2287; x_wconf 78' lang='grc' dir='ltr'>Αὐτοκράτωρ</span> 
     </span>
    </p>
   </div>
   <div class='ocr_carea' id='block_1_55' title="bbox 2252 2297 3881 2375">
    <p class='ocr_par' dir='ltr' id='par_1_55' title="bbox 2252 2297 3881 2375">
     <span class='ocr_line' id='line_1_55' title="bbox 2252 2297 3881 2375; baseline 0.001 -23"><span class='ocrx_word' id='word_1_360' title='bbox 2252 2305 2456 2372; x_wconf 79' lang='grc' dir='ltr'>Καῖσαρ</span> <span class='ocrx_word' id='word_1_361' title='bbox 2504 2301 2798 2362; x_wconf 86' lang='grc' dir='ltr'>Ἰουστῖνος</span> <span class='ocrx_word' id='word_1_362' title='bbox 2849 2302 3078 2371; x_wconf 78' lang='grc' dir='ltr'>νικητής</span> <span class='ocrx_word' id='word_1_363' title='bbox 3125 2300 3206 2356; x_wconf 82' lang='grc' dir='ltr'>ἀεὶ</span> <span class='ocrx_word' id='word_1_364' title='bbox 3266 2297 3556 2365; x_wconf 65' lang='grc' dir='ltr'>σεϐαστὸςδ</span> <span class='ocrx_word' id='word_1_365' title='bbox 3610 2327 3638 2354; x_wconf 85' lang='grc' dir='ltr'>ι(</span> <span class='ocrx_word' id='word_1_366' title='bbox 3680 2305 3757 2375; x_wconf 83' lang='grc' dir='ltr'><strong>Τῇ</strong></span> <span class='ocrx_word' id='word_1_367' title='bbox 3802 2304 3881 2355; x_wconf 89' lang='grc' dir='ltr'><strong>τοῦ</strong></span> 
     </span>
    </p>
   </div>
   <div class='ocr_carea' id='block_1_56' title="bbox 2253 2384 3882 2464">
    <p class='ocr_par' dir='ltr' id='par_1_56' title="bbox 2253 2384 3882 2464">
     <span class='ocr_line' id='line_1_56' title="bbox 2253 2384 3882 2464; baseline 0 -22"><span class='ocrx_word' id='word_1_368' title='bbox 2253 2384 2668 2460; x_wconf 77' lang='grc' dir='ltr'>παντοδυνάμου</span> <span class='ocrx_word' id='word_1_369' title='bbox 2737 2391 2870 2443; x_wconf 86' lang='grc' dir='ltr'>Θεοῦ</span> <span class='ocrx_word' id='word_1_370' title='bbox 2935 2387 3128 2461; x_wconf 81' lang='grc' dir='ltr'>κρίσει,</span> <span class='ocrx_word' id='word_1_371' title='bbox 3189 2392 3255 2462; x_wconf 79' lang='grc' dir='ltr'><strong>τῇ</strong></span> <span class='ocrx_word' id='word_1_372' title='bbox 3312 2410 3372 2444; x_wconf 89' lang='grc' dir='ltr'><strong>τε</strong></span> <span class='ocrx_word' id='word_1_373' title='bbox 3464 2388 3698 2464; x_wconf 77' lang='grc' dir='ltr'>ὑμετέρᾳ</span> <span class='ocrx_word' id='word_1_374' title='bbox 3749 2393 3882 2463; x_wconf 76' lang='grc' dir='ltr'>κοινῇ</span> 
     </span>
    </p>
   </div>
   <div class='ocr_carea' id='block_1_57' title="bbox 2257 2473 3882 2554">
    <p class='ocr_par' dir='ltr' id='par_1_57' title="bbox 2257 2473 3882 2554">
     <span class='ocr_line' id='line_1_57' title="bbox 2257 2473 3882 2554; baseline 0.001 -25"><span class='ocrx_word' id='word_1_375' title='bbox 2257 2473 2466 2549; x_wconf 81' lang='grc' dir='ltr'>ἐκλογῇ</span> <span class='ocrx_word' id='word_1_376' title='bbox 2498 2476 2636 2551; x_wconf 87' lang='grc' dir='ltr'>πρὸς</span> <span class='ocrx_word' id='word_1_377' title='bbox 2661 2477 2762 2546; x_wconf 66' lang='grc' dir='ltr'>τὴν</span> <span class='ocrx_word' id='word_1_378' title='bbox 2797 2475 3080 2550; x_wconf 84' lang='grc' dir='ltr'>βασιλείαν</span> <span class='ocrx_word' id='word_1_379' title='bbox 3113 2479 3499 2554; x_wconf 69' lang='grc' dir='ltr'>χωρήσαντες,</span> <span class='ocrx_word' id='word_1_380' title='bbox 3529 2479 3627 2546; x_wconf 71' lang='grc' dir='ltr'>τὴν</span> <span class='ocrx_word' id='word_1_381' title='bbox 3660 2477 3882 2551; x_wconf 85' lang='grc' dir='ltr'>οὐράνιον</span> 
     </span>
    </p>
   </div>
   <div class='ocr_carea' id='block_1_58' title="bbox 2255 2563 3879 2643">
    <p class='ocr_par' dir='ltr' id='par_1_58' title="bbox 2255 2563 3879 2643">
     <span class='ocr_line' id='line_1_58' title="bbox 2255 2563 3879 2643; baseline 0.001 -24"><span class='ocrx_word' id='word_1_382' title='bbox 2255 2564 2519 2640; x_wconf 85' lang='grc' dir='ltr'>πρόνοιαν</span> <span class='ocrx_word' id='word_1_383' title='bbox 2589 2564 3016 2640; x_wconf 73' lang='grc' dir='ltr'>ἐπικαλούμεθαο</span> <span class='ocrx_word' id='word_1_384' title='bbox 3080 2590 3109 2620; x_wconf 89' lang='grc'><strong>››</strong></span> <span class='ocrx_word' id='word_1_385' title='bbox 3171 2567 3324 2643; x_wconf 79' lang='grc' dir='ltr'><strong>[Ιαρᾶ</strong></span> <span class='ocrx_word' id='word_1_386' title='bbox 3399 2567 3624 2624; x_wconf 82' lang='grc' dir='ltr'>πάντων</span> <span class='ocrx_word' id='word_1_387' title='bbox 3678 2563 3879 2638; x_wconf 74' lang='grc' dir='ltr'>ἐϐοήθη·</span> 
     </span>
    </p>
   </div>
   <div class='ocr_carea' id='block_1_59' title="bbox 2256 2653 3876 2733">
    <p class='ocr_par' dir='ltr' id='par_1_59' title="bbox 2256 2653 3876 2733">
     <span class='ocr_line' id='line_1_59' title="bbox 2256 2653 3876 2733; baseline 0.002 -28"><span class='ocrx_word' id='word_1_388' title='bbox 2256 2678 2285 2706; x_wconf 91' lang='grc'><strong>‹‹</strong></span> <span class='ocrx_word' id='word_1_389' title='bbox 2317 2655 2566 2733; x_wconf 76' lang='grc' dir='ltr'>Ἀφθονα</span> <span class='ocrx_word' id='word_1_390' title='bbox 2595 2660 2663 2730; x_wconf 80' lang='grc' dir='ltr'><strong>τῇ</strong></span> <span class='ocrx_word' id='word_1_391' title='bbox 2697 2655 2990 2732; x_wconf 73' lang='grc' dir='ltr'>οἰκουμένῃ</span> <span class='ocrx_word' id='word_1_392' title='bbox 3019 2657 3093 2719; x_wconf 88' lang='grc' dir='ltr'>ὡς</span> <span class='ocrx_word' id='word_1_393' title='bbox 3127 2653 3341 2730; x_wconf 76' lang='grc' dir='ltr'>ἕζησας,</span> <span class='ocrx_word' id='word_1_394' title='bbox 3374 2657 3529 2712; x_wconf 72' lang='grc' dir='ltr'>οὕτω</span> <span class='ocrx_word' id='word_1_395' title='bbox 3564 2654 3876 2733; x_wconf 82' lang='grc' dir='ltr'>βασίλευσον’</span> 
     </span>
    </p>
   </div>
   <div class='ocr_carea' id='block_1_60' title="bbox 2254 2741 3880 2822">
    <p class='ocr_par' dir='ltr' id='par_1_60' title="bbox 2254 2741 3880 2822">
     <span class='ocr_line' id='line_1_60' title="bbox 2254 2741 3880 2822; baseline 0 -24"><span class='ocrx_word' id='word_1_396' title='bbox 2254 2743 2456 2822; x_wconf 71' lang='grc' dir='ltr'>ἄφθονα</span> <span class='ocrx_word' id='word_1_397' title='bbox 2509 2747 2579 2817; x_wconf 78' lang='grc' dir='ltr'><strong>τῇ</strong></span> <span class='ocrx_word' id='word_1_398' title='bbox 2645 2741 2916 2817; x_wconf 77' lang='grc' dir='ltr'>πολιτείᾳ·</span> <span class='ocrx_word' id='word_1_399' title='bbox 2972 2745 3206 2802; x_wconf 87' lang='grc' dir='ltr'>Βασιλεῦ</span> <span class='ocrx_word' id='word_1_400' title='bbox 3272 2747 3520 2820; x_wconf 83' lang='grc' dir='ltr'>οὐράνιε,</span> <span class='ocrx_word' id='word_1_401' title='bbox 3591 2752 3755 2801; x_wconf 80' lang='grc' dir='ltr'>σῶσον</span> <span class='ocrx_word' id='word_1_402' title='bbox 3804 2745 3880 2799; x_wconf 81' lang='grc' dir='ltr'><strong>τὸν</strong></span> 
     </span>
    </p>
   </div>
   <div class='ocr_carea' id='block_1_61' title="bbox 2255 2832 3876 2911">
    <p class='ocr_par' dir='ltr' id='par_1_61' title="bbox 2255 2832 3876 2911">
     <span class='ocr_line' id='line_1_61' title="bbox 2255 2832 3876 2911; baseline -0.001 -21"><span class='ocrx_word' id='word_1_403' title='bbox 2255 2832 2512 2908; x_wconf 84' lang='grc' dir='ltr'>ἐπίγειον.</span> <span class='ocrx_word' id='word_1_404' title='bbox 2576 2836 2832 2891; x_wconf 84' lang='grc' dir='ltr'>Ἰουστῖνε</span> <span class='ocrx_word' id='word_1_405' title='bbox 2877 2833 3178 2911; x_wconf 77' lang='grc' dir='ltr'>Αὐγουστε,</span> <span class='ocrx_word' id='word_1_406' title='bbox 3248 2837 3309 2891; x_wconf 78' lang='grc' dir='ltr'>σὺ</span> <span class='ocrx_word' id='word_1_407' title='bbox 3375 2843 3560 2909; x_wconf 79' lang='grc' dir='ltr'>νικᾷς·</span> <span class='ocrx_word' id='word_1_408' title='bbox 3625 2841 3717 2892; x_wconf 85' lang='grc' dir='ltr'><strong>τοῦ</strong></span> <span class='ocrx_word' id='word_1_409' title='bbox 3776 2835 3876 2890; x_wconf 78' lang='grc' dir='ltr'>νέου</span> 
     </span>
    </p>
   </div>
   <div class='ocr_carea' id='block_1_62' title="bbox 2258 2919 3879 3000">
    <p class='ocr_par' dir='ltr' id='par_1_62' title="bbox 2258 2919 3879 3000">
     <span class='ocr_line' id='line_1_62' title="bbox 2258 2919 3879 3000; baseline -0.001 -20"><span class='ocrx_word' id='word_1_410' title='bbox 2258 2924 2664 2980; x_wconf 83' lang='grc' dir='ltr'>Κωνσταντίνου</span> <span class='ocrx_word' id='word_1_411' title='bbox 2695 2927 2767 2997; x_wconf 85' lang='grc'><strong>(8)</strong></span> <span class='ocrx_word' id='word_1_412' title='bbox 2799 2925 2986 2980; x_wconf 79' lang='grc' dir='ltr'>πολλὰ</span> <span class='ocrx_word' id='word_1_413' title='bbox 3014 2926 3080 2981; x_wconf 85' lang='grc' dir='ltr'><strong>τὰ</strong></span> <span class='ocrx_word' id='word_1_414' title='bbox 3108 2919 3223 2998; x_wconf 79' lang='grc' dir='ltr'>ἔτη.</span> <span class='ocrx_word' id='word_1_415' title='bbox 3254 2927 3446 3000; x_wconf 84' lang='grc' dir='ltr'>Ἡμεῖς</span> <span class='ocrx_word' id='word_1_416' title='bbox 3489 2925 3781 2982; x_wconf 84' lang='grc' dir='ltr'>δοῦλοιτοῦ</span> <span class='ocrx_word' id='word_1_417' title='bbox 3803 2927 3879 2998; x_wconf 83' lang='grc' dir='ltr'><strong>βα-</strong></span> 
     </span>
    </p>
   </div>
   <div class='ocr_carea' id='block_1_63' title="bbox 2257 3011 3879 3092">
    <p class='ocr_par' dir='ltr' id='par_1_63' title="bbox 2257 3011 3879 3092">
     <span class='ocr_line' id='line_1_63' title="bbox 2257 3011 3879 3092; baseline 0 -26"><span class='ocrx_word' id='word_1_418' title='bbox 2257 3011 2475 3074; x_wconf 88' lang='grc' dir='ltr'>σιλέως.</span> <span class='ocrx_word' id='word_1_419' title='bbox 2508 3035 2535 3063; x_wconf 86' lang='grc'><strong>››</strong></span> <span class='ocrx_word' id='word_1_420' title='bbox 2569 3013 2933 3086; x_wconf 77' lang='grc' dir='ltr'>Αὐτοκράτωρ</span> <span class='ocrx_word' id='word_1_421' title='bbox 2967 3019 3176 3090; x_wconf 81' lang='grc' dir='ltr'>Καῖσαρ</span> <span class='ocrx_word' id='word_1_422' title='bbox 3207 3015 3550 3092; x_wconf 66' lang='grc' dir='ltr'>Αὔγουστος·</span> <span class='ocrx_word' id='word_1_423' title='bbox 3587 3041 3614 3068; x_wconf 91' lang='grc'><strong>‹‹</strong></span> <span class='ocrx_word' id='word_1_424' title='bbox 3645 3011 3879 3077; x_wconf 70' lang='grc' dir='ltr'>Ὠςᾶνδιά</span> 
     </span>
    </p>
   </div>
   <div class='ocr_carea' id='block_1_64' title="bbox 2255 3100 3880 3180">
    <p class='ocr_par' dir='ltr' id='par_1_64' title="bbox 2255 3100 3880 3180">
     <span class='ocr_line' id='line_1_64' title="bbox 2255 3100 3880 3180; baseline -0.001 -24"><span class='ocrx_word' id='word_1_425' title='bbox 2255 3102 2352 3169; x_wconf 74' lang='grc' dir='ltr'>τὴν</span> <span class='ocrx_word' id='word_1_426' title='bbox 2387 3100 2585 3156; x_wconf 86' lang='grc' dir='ltr'>οἰκείαν</span> <span class='ocrx_word' id='word_1_427' title='bbox 2619 3102 3028 3180; x_wconf 76' lang='grc' dir='ltr'>φιλανθρωπίαν</span> <span class='ocrx_word' id='word_1_428' title='bbox 3075 3102 3348 3179; x_wconf 81' lang='grc' dir='ltr'>ἐνισχύσει</span> <span class='ocrx_word' id='word_1_429' title='bbox 3377 3107 3556 3177; x_wconf 72' lang='grc' dir='ltr'>ἡμᾶς,</span> <span class='ocrx_word' id='word_1_430' title='bbox 3603 3107 3795 3160; x_wconf 83' lang='grc' dir='ltr'>ἅπαντα</span> <span class='ocrx_word' id='word_1_431' title='bbox 3825 3101 3880 3156; x_wconf 71' lang='grc' dir='ltr'><strong>τά</strong></span> 
     </span>
    </p>
   </div>
   <div class='ocr_carea' id='block_1_65' title="bbox 2260 3190 3876 3272">
    <p class='ocr_par' dir='ltr' id='par_1_65' title="bbox 2260 3190 3876 3272">
     <span class='ocr_line' id='line_1_65' title="bbox 2260 3190 3876 3272; baseline 0.001 -28"><span class='ocrx_word' id='word_1_432' title='bbox 2260 3190 2386 3262; x_wconf 81' lang='grc' dir='ltr'>ὑμῖν</span> <span class='ocrx_word' id='word_1_433' title='bbox 2416 3211 2476 3245; x_wconf 90' lang='grc' dir='ltr'><strong>τε</strong></span> <span class='ocrx_word' id='word_1_434' title='bbox 2505 3191 2594 3245; x_wconf 78' lang='grc' dir='ltr'><strong>καὶ</strong></span> <span class='ocrx_word' id='word_1_435' title='bbox 2626 3196 2704 3262; x_wconf 79' lang='grc' dir='ltr'>τῷ</span> <span class='ocrx_word' id='word_1_436' title='bbox 2727 3191 2982 3266; x_wconf 84' lang='grc' dir='ltr'>δημοσίῳ</span> <span class='ocrx_word' id='word_1_437' title='bbox 3001 3191 3260 3272; x_wconf 81' lang='grc' dir='ltr'>ἐπωφελῆ</span> <span class='ocrx_word' id='word_1_438' title='bbox 3285 3193 3408 3250; x_wconf 77' lang='grc' dir='ltr'>ὄντα</span> <span class='ocrx_word' id='word_1_439' title='bbox 3426 3195 3669 3250; x_wconf 80' lang='grc' dir='ltr'>τελέσαι.</span> <span class='ocrx_word' id='word_1_440' title='bbox 3697 3217 3722 3246; x_wconf 78' lang='lat'><strong>»</strong></span> <span class='ocrx_word' id='word_1_441' title='bbox 3743 3191 3876 3264; x_wconf 84' lang='grc' dir='ltr'><strong>Παρά</strong></span> 
     </span>
    </p>
   </div>
   <div class='ocr_carea' id='block_1_66' title="bbox 507 3274 2140 3355">
    <p class='ocr_par' dir='ltr' id='par_1_66' title="bbox 507 3280 2139 3351">
     <span class='ocr_line' id='line_1_66' title="bbox 507 3280 2139 3351; baseline -0.005 -11"><span class='ocrx_word' id='word_1_442' title='bbox 507 3283 840 3340; x_wconf 90' lang='lat' dir='ltr'><strong>clamabant</strong></span> <span class='ocrx_word' id='word_1_443' title='bbox 867 3296 1072 3338; x_wconf 90' lang='lat' dir='ltr'><strong>omnes</strong></span> <span class='ocrx_word' id='word_1_444' title='bbox 1107 3298 1120 3335; x_wconf 91' lang='lat'><strong>:</strong></span> <span class='ocrx_word' id='word_1_445' title='bbox 1155 3302 1184 3330; x_wconf 87' lang='lat'><strong>«</strong></span> <span class='ocrx_word' id='word_1_446' title='bbox 1210 3280 1444 3336; x_wconf 87' lang='lat' dir='ltr'><strong>Justine</strong></span> <span class='ocrx_word' id='word_1_447' title='bbox 1471 3281 1748 3351; x_wconf 85' lang='lat' dir='ltr'><strong>Auguste,</strong></span> <span class='ocrx_word' id='word_1_448' title='bbox 1781 3284 1841 3336; x_wconf 92' lang='lat' dir='ltr'><strong>tu</strong></span> <span class='ocrx_word' id='word_1_449' title='bbox 1874 3281 2086 3338; x_wconf 87' lang='lat' dir='ltr'><strong>vincas.</strong></span> <span class='ocrx_word' id='word_1_450' title='bbox 2111 3303 2139 3332; x_wconf 87' lang='lat'>»</span> 
     </span>
    </p>
   </div>
   <div class='ocr_carea' id='block_1_67' title="bbox 2250 3274 3876 3355">
    <p class='ocr_par' dir='ltr' id='par_1_67' title="bbox 2257 3278 3876 3355">
     <span class='ocr_line' id='line_1_67' title="bbox 2257 3278 3876 3355; baseline -0.001 -22"><span class='ocrx_word' id='word_1_451' title='bbox 2257 3281 2468 3333; x_wconf 80' lang='grc' dir='ltr'>πάντων</span> <span class='ocrx_word' id='word_1_452' title='bbox 2503 3278 2724 3355; x_wconf 78' lang='grc' dir='ltr'>ἐκράγη’</span> <span class='ocrx_word' id='word_1_453' title='bbox 2759 3307 2785 3331; x_wconf 79' lang='grc' dir='ltr'><strong>ιι</strong></span> <span class='ocrx_word' id='word_1_454' title='bbox 2820 3281 2907 3335; x_wconf 79' lang='grc' dir='ltr'>Υἱέ</span> <span class='ocrx_word' id='word_1_455' title='bbox 2938 3286 3094 3351; x_wconf 86' lang='grc' dir='ltr'>Θεοῦ,</span> <span class='ocrx_word' id='word_1_456' title='bbox 3124 3281 3184 3336; x_wconf 80' lang='grc' dir='ltr'>σὺ</span> <span class='ocrx_word' id='word_1_457' title='bbox 3216 3282 3377 3337; x_wconf 86' lang='grc' dir='ltr'>αὐτὸν</span> <span class='ocrx_word' id='word_1_458' title='bbox 3410 3282 3662 3353; x_wconf 84' lang='grc' dir='ltr'>ἐλέησον·</span> <span class='ocrx_word' id='word_1_459' title='bbox 3695 3281 3753 3336; x_wconf 79' lang='grc' dir='ltr'>σὺ</span> <span class='ocrx_word' id='word_1_460' title='bbox 3797 3278 3876 3332; x_wconf 85' lang='grc' dir='ltr'>αὐ-</span> 
     </span>
    </p>
   </div>
   <div class='ocr_carea' id='block_1_68' title="bbox 506 3367 2149 3441">
    <p class='ocr_par' dir='ltr' id='par_1_68' title="bbox 506 3367 2149 3441">
     <span class='ocr_line' id='line_1_68' title="bbox 506 3367 2149 3441; baseline 0 -15"><span class='ocrx_word' id='word_1_461' title='bbox 506 3370 866 3427; x_wconf 89' lang='lat' dir='ltr'><strong>Tradebatur</strong></span> <span class='ocrx_word' id='word_1_462' title='bbox 895 3369 1007 3439; x_wconf 92' lang='lat' dir='ltr'><strong>ipsi</strong></span> <span class='ocrx_word' id='word_1_463' title='bbox 1039 3384 1206 3438; x_wconf 90' lang='lat' dir='ltr'><strong>porro</strong></span> <span class='ocrx_word' id='word_1_464' title='bbox 1258 3367 1519 3438; x_wconf 85' lang='lat' dir='ltr'><strong>libellus,</strong></span> <span class='ocrx_word' id='word_1_465' title='bbox 1565 3369 1626 3424; x_wconf 90' lang='lat' dir='ltr'><strong>in</strong></span> <span class='ocrx_word' id='word_1_466' title='bbox 1681 3383 1796 3440; x_wconf 90' lang='lat' dir='ltr'><strong>quo</strong></span> <span class='ocrx_word' id='word_1_467' title='bbox 1825 3370 2149 3441; x_wconf 87' lang='lat' dir='ltr'><strong>perscripta</strong></span> 
     </span>
    </p>
   </div>
   <div class='ocr_carea' id='block_1_69' title="bbox 509 3455 2148 3531">
    <p class='ocr_par' dir='ltr' id='par_1_69' title="bbox 509 3455 2148 3531">
     <span class='ocr_line' id='line_1_69' title="bbox 509 3455 2148 3531; baseline 0.001 -17"><span class='ocrx_word' id='word_1_468' title='bbox 509 3463 634 3514; x_wconf 89' lang='lat' dir='ltr'><strong>erat</strong></span> <span class='ocrx_word' id='word_1_469' title='bbox 661 3459 784 3528; x_wconf 87' lang='lat' dir='ltr'><strong>ejus</strong></span> <span class='ocrx_word' id='word_1_470' title='bbox 814 3458 884 3514; x_wconf 88' lang='lat' dir='ltr'><strong>ad</strong></span> <span class='ocrx_word' id='word_1_471' title='bbox 930 3457 1146 3512; x_wconf 89' lang='lat' dir='ltr'><strong>milites</strong></span> <span class='ocrx_word' id='word_1_472' title='bbox 1195 3463 1250 3513; x_wconf 88' lang='lat' dir='ltr'><strong>et</strong></span> <span class='ocrx_word' id='word_1_473' title='bbox 1289 3455 1565 3527; x_wconf 91' lang='lat' dir='ltr'><strong>populum</strong></span> <span class='ocrx_word' id='word_1_474' title='bbox 1616 3456 1912 3527; x_wconf 87' lang='lat' dir='ltr'><strong>allocutio,</strong></span> <span class='ocrx_word' id='word_1_475' title='bbox 1943 3463 2000 3514; x_wconf 90' lang='lat' dir='ltr'><strong>et</strong></span> <span class='ocrx_word' id='word_1_476' title='bbox 2032 3477 2148 3531; x_wconf 89' lang='lat' dir='ltr'><strong>qua</strong></span> 
     </span>
    </p>
   </div>
   <div class='ocr_carea' id='block_1_70' title="bbox 506 3546 2145 3621">
    <p class='ocr_par' dir='ltr' id='par_1_70' title="bbox 506 3546 2145 3621">
     <span class='ocr_line' id='line_1_70' title="bbox 506 3546 2145 3621; baseline 0.001 -17"><span class='ocrx_word' id='word_1_477' title='bbox 506 3549 740 3606; x_wconf 90' lang='lat' dir='ltr'><strong>illorum</strong></span> <span class='ocrx_word' id='word_1_478' title='bbox 773 3547 1022 3620; x_wconf 88' lang='lat' dir='ltr'><strong>singulis</strong></span> <span class='ocrx_word' id='word_1_479' title='bbox 1052 3546 1232 3603; x_wconf 91' lang='lat' dir='ltr'><strong>scutis</strong></span> <span class='ocrx_word' id='word_1_480' title='bbox 1251 3546 1330 3619; x_wconf 90' lang='lat' dir='ltr'><strong>[id</strong></span> <span class='ocrx_word' id='word_1_481' title='bbox 1353 3549 1441 3602; x_wconf 91' lang='lat' dir='ltr'><strong>est</strong></span> <span class='ocrx_word' id='word_1_482' title='bbox 1474 3547 1612 3603; x_wconf 87' lang='lat' dir='ltr'><strong>viris</strong></span> <span class='ocrx_word' id='word_1_483' title='bbox 1644 3549 1912 3620; x_wconf 88' lang='lat' dir='ltr'><strong>scutatis]</strong></span> <span class='ocrx_word' id='word_1_484' title='bbox 1937 3550 2145 3621; x_wconf 89' lang='lat' dir='ltr'><strong>quinos</strong></span> 
     </span>
    </p>
   </div>
   <div class='ocr_carea' id='block_1_71' title="bbox 506 3634 2145 3707">
    <p class='ocr_par' dir='ltr' id='par_1_71' title="bbox 506 3634 2145 3707">
     <span class='ocr_line' id='line_1_71' title="bbox 506 3634 2145 3707; baseline 0.001 -14"><span class='ocrx_word' id='word_1_485' title='bbox 506 3653 713 3693; x_wconf 89' lang='lat' dir='ltr'><strong>aureos</strong></span> <span class='ocrx_word' id='word_1_486' title='bbox 742 3652 1014 3692; x_wconf 89' lang='lat' dir='ltr'><strong>nummos</strong></span> <span class='ocrx_word' id='word_1_487' title='bbox 1037 3639 1094 3691; x_wconf 88' lang='lat' dir='ltr'><strong>et</strong></span> <span class='ocrx_word' id='word_1_488' title='bbox 1122 3634 1385 3706; x_wconf 89' lang='lat' dir='ltr'><strong>singulas</strong></span> <span class='ocrx_word' id='word_1_489' title='bbox 1414 3634 1576 3690; x_wconf 89' lang='lat' dir='ltr'><strong>litras</strong></span> <span class='ocrx_word' id='word_1_490' title='bbox 1606 3637 1828 3707; x_wconf 88' lang='lat' dir='ltr'><strong>argenti</strong></span> <span class='ocrx_word' id='word_1_491' title='bbox 1851 3637 2145 3707; x_wconf 88' lang='lat' dir='ltr'><strong>promitte-</strong></span> 
     </span>
    </p>
   </div>
   <div class='ocr_carea' id='block_1_72' title="bbox 503 3723 2143 3794">
    <p class='ocr_par' dir='ltr' id='par_1_72' title="bbox 503 3723 2143 3794">
     <span class='ocr_line' id='line_1_72' title="bbox 503 3723 2143 3794; baseline 0 -12"><span class='ocrx_word' id='word_1_492' title='bbox 503 3726 618 3784; x_wconf 90' lang='lat' dir='ltr'><strong>bat.</strong></span> <span class='ocrx_word' id='word_1_493' title='bbox 655 3726 810 3781; x_wconf 86' lang='lat' dir='ltr'><strong>Hanc</strong></span> <span class='ocrx_word' id='word_1_494' title='bbox 864 3723 1271 3780; x_wconf 89' lang='lat' dir='ltr'><strong>allocutionem</strong></span> <span class='ocrx_word' id='word_1_495' title='bbox 1304 3739 1336 3780; x_wconf 93' lang='lat' dir='ltr'><strong>e</strong></span> <span class='ocrx_word' id='word_1_496' title='bbox 1363 3723 1580 3794; x_wconf 90' lang='lat' dir='ltr'><strong>scripto</strong></span> <span class='ocrx_word' id='word_1_497' title='bbox 1621 3724 1945 3782; x_wconf 88' lang='lat' dir='ltr'><strong>recitabant</strong></span> <span class='ocrx_word' id='word_1_498' title='bbox 1975 3726 2143 3782; x_wconf 91' lang='lat' dir='ltr'><strong>libel-</strong></span> 
     </span>
    </p>
   </div>
   <div class='ocr_carea' id='block_1_73' title="bbox 502 3813 2144 3888">
    <p class='ocr_par' dir='ltr' id='par_1_73' title="bbox 502 3813 2144 3888">
     <span class='ocr_line' id='line_1_73' title="bbox 502 3813 2144 3888; baseline 0.001 -18"><span class='ocrx_word' id='word_1_499' title='bbox 502 3815 720 3880; x_wconf 87' lang='lat' dir='ltr'><strong>lenses,</strong></span> <span class='ocrx_word' id='word_1_500' title='bbox 752 3813 1230 3884; x_wconf 88' lang='lat' dir='ltr'><strong>quandoquidem</strong></span> <span class='ocrx_word' id='word_1_501' title='bbox 1251 3828 1437 3883; x_wconf 89' lang='lat' dir='ltr'><strong>neque</strong></span> <span class='ocrx_word' id='word_1_502' title='bbox 1468 3820 1713 3885; x_wconf 68' lang='lat' dir='ltr'><strong>quaestor</strong></span> <span class='ocrx_word' id='word_1_503' title='bbox 1732 3816 2144 3888; x_wconf 86' lang='lat' dir='ltr'><strong>aderat,neque</strong></span> 
     </span>
    </p>
   </div>
   <div class='ocr_carea' id='block_1_74' title="bbox 503 3901 2142 3975">
    <p class='ocr_par' dir='ltr' id='par_1_74' title="bbox 503 3901 2142 3975">
     <span class='ocr_line' id='line_1_74' title="bbox 503 3901 2142 3975; baseline -0.001 -14"><span class='ocrx_word' id='word_1_504' title='bbox 503 3903 666 3961; x_wconf 88' lang='lat' dir='ltr'><strong>Celer</strong></span> <span class='ocrx_word' id='word_1_505' title='bbox 693 3905 965 3974; x_wconf 87' lang='lat' dir='ltr'><strong>magister</strong></span> <span class='ocrx_word' id='word_1_506' title='bbox 993 3901 1066 3958; x_wconf 92' lang='lat' dir='ltr'><strong>ob</strong></span> <span class='ocrx_word' id='word_1_507' title='bbox 1113 3901 1478 3957; x_wconf 88' lang='lat' dir='ltr'><strong>articularem</strong></span> <span class='ocrx_word' id='word_1_508' title='bbox 1509 3903 1801 3971; x_wconf 91' lang='lat' dir='ltr'><strong>morbum,</strong></span> <span class='ocrx_word' id='word_1_509' title='bbox 1837 3903 1937 3975; x_wconf 89' lang='lat' dir='ltr'><strong>qui</strong></span> <span class='ocrx_word' id='word_1_510' title='bbox 1982 3906 2142 3975; x_wconf 89' lang='lat' dir='ltr'><strong>pedi-</strong></span> 
     </span>
    </p>
   </div>
   <div class='ocr_carea' id='block_1_75' title="bbox 503 3991 2142 4062">
    <p class='ocr_par' dir='ltr' id='par_1_75' title="bbox 503 3991 2142 4062">
     <span class='ocr_line' id='line_1_75' title="bbox 503 3991 2142 4062; baseline 0 -14"><span class='ocrx_word' id='word_1_511' title='bbox 503 3993 612 4048; x_wconf 90' lang='lat' dir='ltr'><strong>bus</strong></span> <span class='ocrx_word' id='word_1_512' title='bbox 643 3992 770 4062; x_wconf 90' lang='lat' dir='ltr'><strong>ejus</strong></span> <span class='ocrx_word' id='word_1_513' title='bbox 799 3991 1019 4046; x_wconf 87' lang='lat' dir='ltr'><strong>interea</strong></span> <span class='ocrx_word' id='word_1_514' title='bbox 1063 3994 1494 4061; x_wconf 85' lang='lat' dir='ltr'><strong>supervenerat,</strong></span> <span class='ocrx_word' id='word_1_515' title='bbox 1527 3991 1728 4045; x_wconf 88' lang='lat' dir='ltr'><strong>adesse</strong></span> <span class='ocrx_word' id='word_1_516' title='bbox 1759 3996 2007 4061; x_wconf 88' lang='lat' dir='ltr'><strong>poterat,</strong></span> <span class='ocrx_word' id='word_1_517' title='bbox 2040 3994 2142 4048; x_wconf 92' lang='lat' dir='ltr'><strong>sed</strong></span> 
     </span>
    </p>
   </div>
   <div class='ocr_carea' id='block_1_76' title="bbox 505 4076 2139 4150">
    <p class='ocr_par' dir='ltr' id='par_1_76' title="bbox 505 4076 2139 4150">
     <span class='ocr_line' id='line_1_76' title="bbox 505 4076 2139 4150; baseline 0.002 -16"><span class='ocrx_word' id='word_1_518' title='bbox 505 4096 607 4146; x_wconf 87' lang='lat' dir='ltr'><strong>pro</strong></span> <span class='ocrx_word' id='word_1_519' title='bbox 639 4079 735 4134; x_wconf 90' lang='lat' dir='ltr'><strong>illo</strong></span> <span class='ocrx_word' id='word_1_520' title='bbox 777 4080 1010 4150; x_wconf 89' lang='lat' dir='ltr'><strong>quidem</strong></span> <span class='ocrx_word' id='word_1_521' title='bbox 1060 4078 1343 4148; x_wconf 90' lang='lat' dir='ltr'><strong>temporis</strong></span> <span class='ocrx_word' id='word_1_522' title='bbox 1387 4076 1631 4132; x_wconf 87' lang='lat' dir='ltr'><strong>articulo</strong></span> <span class='ocrx_word' id='word_1_523' title='bbox 1686 4079 2139 4138; x_wconf 89' lang='lat' dir='ltr'><strong>desiderabatur.</strong></span> 
     </span>
    </p>
   </div>
   <div class='ocr_carea' id='block_1_77' title="bbox 503 4165 2142 4235">
    <p class='ocr_par' dir='ltr' id='par_1_77' title="bbox 503 4165 2142 4235">
     <span class='ocr_line' id='line_1_77' title="bbox 503 4165 2142 4235; baseline 0.001 -12"><span class='ocrx_word' id='word_1_524' title='bbox 503 4168 687 4223; x_wconf 82' lang='lat' dir='ltr'><strong>Habet</strong></span> <span class='ocrx_word' id='word_1_525' title='bbox 707 4171 900 4223; x_wconf 89' lang='lat' dir='ltr'><strong>autem</strong></span> <span class='ocrx_word' id='word_1_526' title='bbox 921 4166 1192 4222; x_wconf 82' lang='lat' dir='ltr'><strong>allocutio</strong></span> <span class='ocrx_word' id='word_1_527' title='bbox 1213 4165 1641 4235; x_wconf 85' lang='lat' dir='ltr'><strong>sic.Imperator</strong></span> <span class='ocrx_word' id='word_1_528' title='bbox 1664 4167 1850 4222; x_wconf 64' lang='lat' dir='ltr'><strong>Caesar</strong></span> <span class='ocrx_word' id='word_1_529' title='bbox 1869 4168 2142 4225; x_wconf 86' lang='lat' dir='ltr'><strong>Justinus</strong></span> 
     </span>
    </p>
   </div>
   <div class='ocr_carea' id='block_1_78' title="bbox 2255 3367 3872 3444">
    <p class='ocr_par' dir='ltr' id='par_1_78' title="bbox 2255 3367 3872 3444">
     <span class='ocr_line' id='line_1_78' title="bbox 2255 3367 3872 3444; baseline 0 -23"><span class='ocrx_word' id='word_1_530' title='bbox 2255 3367 2344 3421; x_wconf 87' lang='grc' dir='ltr'>τὸν</span> <span class='ocrx_word' id='word_1_531' title='bbox 2379 3367 2634 3437; x_wconf 80' lang='grc' dir='ltr'>ἐπελέξω·</span> <span class='ocrx_word' id='word_1_532' title='bbox 2689 3370 2750 3423; x_wconf 79' lang='grc' dir='ltr'>σὺ</span> <span class='ocrx_word' id='word_1_533' title='bbox 2800 3370 2958 3424; x_wconf 84' lang='grc' dir='ltr'>αὐτὸν</span> <span class='ocrx_word' id='word_1_534' title='bbox 3002 3368 3250 3441; x_wconf 84' lang='grc' dir='ltr'>ἐλέησον.</span> <span class='ocrx_word' id='word_1_535' title='bbox 3299 3375 3561 3428; x_wconf 84' lang='grc' dir='ltr'>Ἰουστῖνε</span> <span class='ocrx_word' id='word_1_536' title='bbox 3607 3369 3872 3444; x_wconf 74' lang='grc' dir='ltr'>Αὔγουστε,</span> 
     </span>
    </p>
   </div>
   <div class='ocr_carea' id='block_1_79' title="bbox 2257 3453 3876 3536">
    <p class='ocr_par' dir='ltr' id='par_1_79' title="bbox 2257 3453 3876 3536">
     <span class='ocr_line' id='line_1_79' title="bbox 2257 3453 3876 3536; baseline 0.003 -27"><span class='ocrx_word' id='word_1_537' title='bbox 2257 3453 2318 3509; x_wconf 79' lang='grc' dir='ltr'>σὺ</span> <span class='ocrx_word' id='word_1_538' title='bbox 2349 3461 2524 3525; x_wconf 76' lang='grc' dir='ltr'>νικᾷς,</span> <span class='ocrx_word' id='word_1_539' title='bbox 2558 3481 2586 3508; x_wconf 88' lang='grc'><strong>››</strong></span> <span class='ocrx_word' id='word_1_540' title='bbox 2626 3456 2714 3511; x_wconf 80' lang='grc' dir='ltr'>καὶ</span> <span class='ocrx_word' id='word_1_541' title='bbox 2747 3457 2933 3514; x_wconf 88' lang='grc' dir='ltr'>πολλὰ</span> <span class='ocrx_word' id='word_1_542' title='bbox 2966 3460 3208 3516; x_wconf 82' lang='grc' dir='ltr'>τοιαῦτα.</span> <span class='ocrx_word' id='word_1_543' title='bbox 3255 3461 3313 3516; x_wconf 86' lang='grc' dir='ltr'>Ὁ</span> <span class='ocrx_word' id='word_1_544' title='bbox 3365 3460 3714 3536; x_wconf 75' lang='grc' dir='ltr'>αὐτοκράτωρ</span> <span class='ocrx_word' id='word_1_545' title='bbox 3761 3459 3876 3514; x_wconf 80' lang='grc' dir='ltr'><strong>Καῖ-</strong></span> 
     </span>
    </p>
   </div>
   <div class='ocr_carea' id='block_1_80' title="bbox 2256 3542 3870 3628">
    <p class='ocr_par' dir='ltr' id='par_1_80' title="bbox 2256 3542 3870 3628">
     <span class='ocr_line' id='line_1_80' title="bbox 2256 3542 3870 3628; baseline -0.002 -29"><span class='ocrx_word' id='word_1_546' title='bbox 2256 3564 2353 3619; x_wconf 87' lang='grc' dir='ltr'><strong>σαρ</strong></span> <span class='ocrx_word' id='word_1_547' title='bbox 2414 3542 2742 3620; x_wconf 74' lang='grc' dir='ltr'>Αὔγουστος·</span> <span class='ocrx_word' id='word_1_548' title='bbox 2794 3571 2822 3598; x_wconf 91' lang='grc'><strong>‹‹</strong></span> <span class='ocrx_word' id='word_1_549' title='bbox 2867 3548 3134 3622; x_wconf 80' lang='grc' dir='ltr'>Ἡμετέρα</span> <span class='ocrx_word' id='word_1_550' title='bbox 3181 3549 3270 3602; x_wconf 86' lang='grc' dir='ltr'><strong>καὶ</strong></span> <span class='ocrx_word' id='word_1_551' title='bbox 3318 3548 3418 3624; x_wconf 82' lang='grc' dir='ltr'>γὰρ</span> <span class='ocrx_word' id='word_1_552' title='bbox 3490 3549 3704 3628; x_wconf 82' lang='grc' dir='ltr'>φροντίς</span> <span class='ocrx_word' id='word_1_553' title='bbox 3748 3544 3870 3600; x_wconf 88' lang='grc' dir='ltr'>ἐστιν</span> 
     </span>
    </p>
   </div>
   <div class='ocr_carea' id='block_1_81' title="bbox 2251 3632 3870 3712">
    <p class='ocr_par' dir='ltr' id='par_1_81' title="bbox 2251 3632 3870 3712">
     <span class='ocr_line' id='line_1_81' title="bbox 2251 3632 3870 3712; baseline 0.001 -24"><span class='ocrx_word' id='word_1_554' title='bbox 2251 3636 2306 3689; x_wconf 81' lang='lat' dir='ltr'><strong>’sv</strong></span> <span class='ocrx_word' id='word_1_555' title='bbox 2336 3634 2480 3710; x_wconf 79' lang='grc' dir='ltr'>πάσῃ</span> <span class='ocrx_word' id='word_1_556' title='bbox 2541 3633 2796 3690; x_wconf 85' lang='grc' dir='ltr'>εὐοδώσει</span> <span class='ocrx_word' id='word_1_557' title='bbox 2852 3638 2992 3710; x_wconf 82' lang='grc' dir='ltr'>ὑμᾶς</span> <span class='ocrx_word' id='word_1_558' title='bbox 3038 3637 3152 3708; x_wconf 76' lang='grc' dir='ltr'>θείᾳ</span> <span class='ocrx_word' id='word_1_559' title='bbox 3199 3639 3434 3712; x_wconf 84' lang='grc' dir='ltr'>προνοίᾳ</span> <span class='ocrx_word' id='word_1_560' title='bbox 3485 3642 3750 3708; x_wconf 83' lang='grc' dir='ltr'>γαθιστᾷν,</span> <span class='ocrx_word' id='word_1_561' title='bbox 3793 3632 3870 3688; x_wconf 78' lang='grc' dir='ltr'><strong>καί</strong></span> 
     </span>
    </p>
   </div>
   <div class='ocr_carea' id='block_1_82' title="bbox 2259 3723 3866 3802">
    <p class='ocr_par' dir='ltr' id='par_1_82' title="bbox 2259 3723 3866 3802">
     <span class='ocr_line' id='line_1_82' title="bbox 2259 3723 3866 3802; baseline 0 -25"><span class='ocrx_word' id='word_1_562' title='bbox 2259 3725 2392 3797; x_wconf 76' lang='grc' dir='ltr'>μετά</span> <span class='ocrx_word' id='word_1_563' title='bbox 2421 3723 2597 3794; x_wconf 87' lang='grc' dir='ltr'>πάσης</span> <span class='ocrx_word' id='word_1_564' title='bbox 2627 3723 2960 3802; x_wconf 70' lang='grc' dir='ltr'>εὐφροσύνης</span> <span class='ocrx_word' id='word_1_565' title='bbox 2991 3727 3081 3780; x_wconf 82' lang='grc' dir='ltr'>καὶ</span> <span class='ocrx_word' id='word_1_566' title='bbox 3129 3726 3516 3802; x_wconf 82' lang='grc' dir='ltr'>περιθάλψεως</span> <span class='ocrx_word' id='word_1_567' title='bbox 3563 3729 3649 3782; x_wconf 80' lang='grc' dir='ltr'>καὶ</span> <span class='ocrx_word' id='word_1_568' title='bbox 3695 3725 3866 3797; x_wconf 81' lang='grc' dir='ltr'>ἀμερι-</span> 
     </span>
    </p>
   </div>
   <div class='ocr_carea' id='block_1_83' title="bbox 2256 3807 3867 3891">
    <p class='ocr_par' dir='ltr' id='par_1_83' title="bbox 2256 3807 3867 3891">
     <span class='ocr_line' id='line_1_83' title="bbox 2256 3807 3867 3891; baseline -0.001 -25"><span class='ocrx_word' id='word_1_569' title='bbox 2256 3813 2410 3884; x_wconf 86' lang='grc' dir='ltr'>μνίας</span> <span class='ocrx_word' id='word_1_570' title='bbox 2444 3807 2533 3866; x_wconf 77' lang='grc' dir='ltr'>ἕνα</span> <span class='ocrx_word' id='word_1_571' title='bbox 2577 3811 2800 3868; x_wconf 64' lang='grc' dir='ltr'>ἕκαστον</span> <span class='ocrx_word' id='word_1_572' title='bbox 2853 3815 3004 3887; x_wconf 81' lang='grc' dir='ltr'>ὑμῶν</span> <span class='ocrx_word' id='word_1_573' title='bbox 3050 3811 3453 3891; x_wconf 71' lang='grc' dir='ltr'>διαφυλάττειν.</span> <span class='ocrx_word' id='word_1_574' title='bbox 3490 3841 3518 3869; x_wconf 85' lang='grc'>››</span> <span class='ocrx_word' id='word_1_575' title='bbox 3565 3815 3708 3890; x_wconf 80' lang='grc' dir='ltr'>Παρὰ</span> <span class='ocrx_word' id='word_1_576' title='bbox 3750 3810 3867 3866; x_wconf 84' lang='grc' dir='ltr'>πάν·</span> 
     </span>
    </p>
   </div>
   <div class='ocr_carea' id='block_1_84' title="bbox 2250 3895 3868 3978">
    <p class='ocr_par' dir='ltr' id='par_1_84' title="bbox 2250 3895 3868 3978">
     <span class='ocr_line' id='line_1_84' title="bbox 2250 3895 3868 3978; baseline 0.005 -24"><span class='ocrx_word' id='word_1_577' title='bbox 2250 3921 2358 3955; x_wconf 88' lang='grc' dir='ltr'><strong>των</strong></span> <span class='ocrx_word' id='word_1_578' title='bbox 2391 3895 2618 3970; x_wconf 75' lang='grc' dir='ltr'>ἐϐοήθη.</span> <span class='ocrx_word' id='word_1_579' title='bbox 2655 3925 2682 3952; x_wconf 84' lang='grc'><strong>‹‹</strong></span> <span class='ocrx_word' id='word_1_580' title='bbox 2713 3901 2866 3972; x_wconf 76' lang='grc' dir='ltr'>’Ἃξιε</span> <span class='ocrx_word' id='word_1_581' title='bbox 2895 3909 2994 3972; x_wconf 77' lang='grc' dir='ltr'><strong>τῆς</strong></span> <span class='ocrx_word' id='word_1_582' title='bbox 3028 3903 3328 3978; x_wconf 88' lang='grc' dir='ltr'>βασιλείας,</span> <span class='ocrx_word' id='word_1_583' title='bbox 3362 3905 3480 3975; x_wconf 78' lang='grc' dir='ltr'>ἄξιε</span> <span class='ocrx_word' id='word_1_584' title='bbox 3511 3912 3609 3974; x_wconf 83' lang='grc' dir='ltr'><strong>τῆς</strong></span> <span class='ocrx_word' id='word_1_585' title='bbox 3645 3897 3868 3976; x_wconf 70' lang='grc' dir='ltr'>Τριάδος,</span> 
     </span>
    </p>
   </div>
   <div class='ocr_carea' id='block_1_85' title="bbox 2252 3984 3866 4068">
    <p class='ocr_par' dir='ltr' id='par_1_85' title="bbox 2252 3984 3866 4068">
     <span class='ocr_line' id='line_1_85' title="bbox 2252 3984 3866 4068; baseline 0.002 -26"><span class='ocrx_word' id='word_1_586' title='bbox 2252 3986 2363 4061; x_wconf 78' lang='grc' dir='ltr'>ἄξιε</span> <span class='ocrx_word' id='word_1_587' title='bbox 2393 3996 2491 4058; x_wconf 78' lang='grc' dir='ltr'>τῆς</span> <span class='ocrx_word' id='word_1_588' title='bbox 2522 3989 2758 4051; x_wconf 82' lang='grc' dir='ltr'>πόλεως’</span> <span class='ocrx_word' id='word_1_589' title='bbox 2793 3989 2978 4046; x_wconf 66' lang='grc' dir='ltr'>πολλὰ</span> <span class='ocrx_word' id='word_1_590' title='bbox 3004 3993 3070 4046; x_wconf 75' lang='grc' dir='ltr'><strong>τά</strong></span> <span class='ocrx_word' id='word_1_591' title='bbox 3101 3989 3192 4061; x_wconf 84' lang='grc' dir='ltr'>ἔτη</span> <span class='ocrx_word' id='word_1_592' title='bbox 3232 3997 3328 4048; x_wconf 87' lang='grc' dir='ltr'><strong>τοῦ</strong></span> <span class='ocrx_word' id='word_1_593' title='bbox 3355 3991 3642 4068; x_wconf 86' lang='grc' dir='ltr'>βασιλέως.</span> <span class='ocrx_word' id='word_1_594' title='bbox 3664 3984 3866 4064; x_wconf 75' lang='grc' dir='ltr'><strong>Ἃγνοῦς</strong></span> 
     </span>
    </p>
   </div>
   <div class='ocr_carea' id='block_1_86' title="bbox 2252 4077 3866 4158">
    <p class='ocr_par' dir='ltr' id='par_1_86' title="bbox 2252 4077 3866 4158">
     <span class='ocr_line' id='line_1_86' title="bbox 2252 4077 3866 4158; baseline -0.003 -22"><span class='ocrx_word' id='word_1_595' title='bbox 2252 4083 2527 4156; x_wconf 84' lang='grc' dir='ltr'>ἄρχοντας</span> <span class='ocrx_word' id='word_1_596' title='bbox 2581 4087 2650 4157; x_wconf 81' lang='grc' dir='ltr'><strong>τῇ</strong></span> <span class='ocrx_word' id='word_1_597' title='bbox 2710 4081 3028 4158; x_wconf 78' lang='grc' dir='ltr'>οἰκουμένῃ,</span> <span class='ocrx_word' id='word_1_598' title='bbox 3078 4106 3107 4137; x_wconf 87' lang='grc'><strong>››</strong></span> <span class='ocrx_word' id='word_1_599' title='bbox 3167 4083 3256 4138; x_wconf 86' lang='grc' dir='ltr'><strong>καὶ</strong></span> <span class='ocrx_word' id='word_1_600' title='bbox 3310 4083 3498 4140; x_wconf 82' lang='grc' dir='ltr'>πολλὰ</span> <span class='ocrx_word' id='word_1_601' title='bbox 3547 4085 3773 4139; x_wconf 82' lang='grc' dir='ltr'>τοιαῦτα.</span> <span class='ocrx_word' id='word_1_602' title='bbox 3815 4077 3866 4131; x_wconf 87' lang='grc' dir='ltr'>Ὀ</span> 
     </span>
    </p>
   </div>
   <div class='ocr_carea' id='block_1_87' title="bbox 2253 4163 3864 4248">
    <p class='ocr_par' dir='ltr' id='par_1_87' title="bbox 2253 4163 3864 4248">
     <span class='ocr_line' id='line_1_87' title="bbox 2253 4163 3864 4248; baseline 0.004 -24"><span class='ocrx_word' id='word_1_603' title='bbox 2253 4169 2622 4247; x_wconf 83' lang='grc' dir='ltr'>αὐτοκράτωρ·</span> <span class='ocrx_word' id='word_1_604' title='bbox 2661 4196 2689 4224; x_wconf 85' lang='grc'><strong>‹‹</strong></span> <span class='ocrx_word' id='word_1_605' title='bbox 2739 4171 2895 4247; x_wconf 67' lang='grc' dir='ltr'>Ὑπὲρ</span> <span class='ocrx_word' id='word_1_606' title='bbox 2941 4178 3038 4242; x_wconf 81' lang='grc' dir='ltr'>τῆς</span> <span class='ocrx_word' id='word_1_607' title='bbox 3096 4171 3291 4248; x_wconf 75' lang='grc' dir='ltr'>ἑορτῆς</span> <span class='ocrx_word' id='word_1_608' title='bbox 3342 4178 3441 4242; x_wconf 82' lang='grc' dir='ltr'><strong>τῆς</strong></span> <span class='ocrx_word' id='word_1_609' title='bbox 3492 4171 3748 4245; x_wconf 80' lang='grc' dir='ltr'>ἡμετέρας</span> <span class='ocrx_word' id='word_1_610' title='bbox 3785 4163 3864 4218; x_wconf 68' lang='grc' dir='ltr'><strong>εὗο</strong></span> 
     </span>
    </p>
   </div>
   <div class='ocr_carea' id='block_1_88' title="bbox 1844 4281 2543 4344">
    <p class='ocr_par' dir='ltr' id='par_1_88' title="bbox 1844 4281 2543 4344">
     <span class='ocr_line' id='line_1_88' title="bbox 1844 4281 2543 4344; baseline 0.011 -8"><span class='ocrx_word' id='word_1_611' title='bbox 1844 4281 2088 4338; x_wconf 67' lang='lat' dir='ltr'><strong>VARIE</strong></span> <span class='ocrx_word' id='word_1_612' title='bbox 2129 4285 2430 4344; x_wconf 89' lang='lat' dir='ltr'><strong>LECTION</strong></span> <span class='ocrx_word' id='word_1_613' title='bbox 2438 4288 2543 4344; x_wconf 87' lang='lat' dir='ltr'><strong>ES.</strong></span> 
     </span>
    </p>
   </div>
   <div class='ocr_carea' id='block_1_89' title="bbox 573 4372 1395 4452">
    <p class='ocr_par' dir='ltr' id='par_1_89' title="bbox 573 4372 1395 4452">
     <span class='ocr_line' id='line_1_89' title="bbox 573 4372 1395 4452; baseline 0.002 -21"><span class='ocrx_word' id='word_1_614' title='bbox 573 4378 620 4413; x_wconf 77' lang='grc'><strong>⁸⁸</strong></span> <span class='ocrx_word' id='word_1_615' title='bbox 660 4380 862 4434; x_wconf 80' lang='grc' dir='ltr'><strong>ΣΧΟΛ.</strong></span> <span class='ocrx_word' id='word_1_616' title='bbox 901 4377 1008 4431; x_wconf 80' lang='grc' dir='ltr'><strong>τῶν</strong></span> <span class='ocrx_word' id='word_1_617' title='bbox 1050 4372 1395 4452; x_wconf 85' lang='grc' dir='ltr'>λογχαρίων.</span> 
     </span>
    </p>
   </div>
   <div class='ocr_carea' id='block_1_90' title="bbox 1563 4473 2879 4540">
    <p class='ocr_par' dir='ltr' id='par_1_90' title="bbox 1563 4473 2879 4540">
     <span class='ocr_line' id='line_1_90' title="bbox 1563 4473 2879 4540; baseline 0.008 -11"><span class='ocrx_word' id='word_1_618' title='bbox 1563 4473 1762 4530; x_wconf 80' lang='lat' dir='ltr'><strong>JOAN.</strong></span> <span class='ocrx_word' id='word_1_619' title='bbox 1803 4477 1948 4532; x_wconf 80' lang='lat' dir='ltr'><strong>JAC.</strong></span> <span class='ocrx_word' id='word_1_620' title='bbox 1999 4479 2265 4537; x_wconf 81' lang='lat' dir='ltr'><strong>REISKII</strong></span> <span class='ocrx_word' id='word_1_621' title='bbox 2295 4481 2879 4540; x_wconf 79' lang='lat' dir='ltr'><strong>COMMENTARIUS.</strong></span> 
     </span>
    </p>
   </div>
   <div class='ocr_carea' id='block_1_91' title="bbox 577 4580 2134 4664">
    <p class='ocr_par' dir='ltr' id='par_1_91' title="bbox 577 4580 2134 4664">
     <span class='ocr_line' id='line_1_91' title="bbox 577 4580 2134 4664; baseline 0.004 -28"><span class='ocrx_word' id='word_1_622' title='bbox 577 4581 869 4664; x_wconf 45' lang='lat' dir='ltr'><strong>(St-Hujus</strong></span> <span class='ocrx_word' id='word_1_623' title='bbox 900 4581 1008 4664; x_wconf 60' lang='lat' dir='ltr'><strong>viri</strong></span> <span class='ocrx_word' id='word_1_624' title='bbox 1040 4580 1755 4664; x_wconf 41' lang='lat' dir='ltr'><strong>videtnur&#39;l‘heophanesm.</strong></span> <span class='ocrx_word' id='word_1_625' title='bbox 1791 4584 1978 4664; x_wconf 39' lang='lat' dir='ltr'><strong>l_5.0‘et</strong></span> <span class='ocrx_word' id='word_1_626' title='bbox 2009 4587 2134 4664; x_wconf 78' lang='grc'>145,</span> 
     </span>
    </p>
   </div>
   <div class='ocr_carea' id='block_1_92' title="bbox 503 4653 2134 4714">
    <p class='ocr_par' dir='ltr' id='par_1_92' title="bbox 503 4653 2134 4714">
     <span class='ocr_line' id='line_1_92' title="bbox 503 4653 2134 4714; baseline 0.004 -6"><span class='ocrx_word' id='word_1_627' title='bbox 503 4653 863 4708; x_wconf 88' lang='lat' dir='ltr'><strong>mentionem</strong></span> <span class='ocrx_word' id='word_1_628' title='bbox 913 4653 1119 4708; x_wconf 88' lang='lat' dir='ltr'><strong>facere.</strong></span> <span class='ocrx_word' id='word_1_629' title='bbox 1175 4655 1253 4708; x_wconf 92' lang='lat' dir='ltr'><strong>De</strong></span> <span class='ocrx_word' id='word_1_630' title='bbox 1299 4653 1607 4710; x_wconf 81' lang='lat' dir='ltr'><strong>lanceariis</strong></span> <span class='ocrx_word' id='word_1_631' title='bbox 1659 4653 1768 4709; x_wconf 86' lang='lat' dir='ltr'><strong>vid.</strong></span> <span class='ocrx_word' id='word_1_632' title='bbox 1821 4655 2010 4713; x_wconf 88' lang='lat' dir='ltr'><strong>Vales.</strong></span> <span class='ocrx_word' id='word_1_633' title='bbox 2062 4653 2134 4714; x_wconf 85' lang='lat' dir='ltr'><strong>ad</strong></span> 
     </span>
    </p>
   </div>
   <div class='ocr_carea' id='block_1_93' title="bbox 501 4723 1155 4794">
    <p class='ocr_par' dir='ltr' id='par_1_93' title="bbox 501 4723 1155 4794">
     <span class='ocr_line' id='line_1_93' title="bbox 501 4723 1155 4794; baseline 0.002 -16"><span class='ocrx_word' id='word_1_634' title='bbox 501 4727 692 4778; x_wconf 84' lang='lat' dir='ltr'><strong>Amm.</strong></span> <span class='ocrx_word' id='word_1_635' title='bbox 728 4723 902 4778; x_wconf 89' lang='lat' dir='ltr'><strong>Marc.</strong></span> <span class='ocrx_word' id='word_1_636' title='bbox 939 4741 995 4794; x_wconf 75' lang='grc' dir='ltr'>ρ.</span> <span class='ocrx_word' id='word_1_637' title='bbox 1028 4725 1155 4779; x_wconf 91' lang='grc'><strong>311.</strong></span> 
     </span>
    </p>
   </div>
   <div class='ocr_carea' id='block_1_94' title="bbox 573 4793 2141 4865">
    <p class='ocr_par' dir='ltr' id='par_1_94' title="bbox 573 4793 2141 4865">
     <span class='ocr_line' id='line_1_94' title="bbox 573 4793 2141 4865; baseline 0.005 -17"><span class='ocrx_word' id='word_1_638' title='bbox 573 4796 653 4865; x_wconf 88' lang='lat'><strong>(6)</strong></span> <span class='ocrx_word' id='word_1_639' title='bbox 684 4794 840 4849; x_wconf 85' lang='lat' dir='ltr'><strong>Nihil</strong></span> <span class='ocrx_word' id='word_1_640' title='bbox 871 4793 964 4851; x_wconf 80' lang='lat' dir='ltr'><strong>hic</strong></span> <span class='ocrx_word' id='word_1_641' title='bbox 995 4795 1064 4849; x_wconf 92' lang='lat' dir='ltr'><strong>de</strong></span> <span class='ocrx_word' id='word_1_642' title='bbox 1105 4793 1399 4862; x_wconf 86' lang='lat' dir='ltr'><strong>unctione,</strong></span> <span class='ocrx_word' id='word_1_643' title='bbox 1432 4811 1605 4865; x_wconf 88' lang='lat' dir='ltr'><strong>quam</strong></span> <span class='ocrx_word' id='word_1_644' title='bbox 1638 4797 1869 4853; x_wconf 87' lang='lat' dir='ltr'><strong>Justino</strong></span> <span class='ocrx_word' id='word_1_645' title='bbox 1911 4798 2141 4856; x_wconf 85' lang='lat' dir='ltr'><strong>dedisse</strong></span> 
     </span>
    </p>
   </div>
   <div class='ocr_carea' id='block_1_95' title="bbox 503 4865 2137 4937">
    <p class='ocr_par' dir='ltr' id='par_1_95' title="bbox 503 4865 2137 4937">
     <span class='ocr_line' id='line_1_95' title="bbox 503 4865 2137 4937; baseline 0.004 -17"><span class='ocrx_word' id='word_1_646' title='bbox 503 4865 784 4937; x_wconf 85' lang='lat' dir='ltr'><strong>gloriatur</strong></span> <span class='ocrx_word' id='word_1_647' title='bbox 815 4865 911 4920; x_wconf 91' lang='lat' dir='ltr'><strong>ille</strong></span> <span class='ocrx_word' id='word_1_648' title='bbox 957 4866 1214 4937; x_wconf 81' lang='lat' dir='ltr'><strong>Joannes</strong></span> <span class='ocrx_word' id='word_1_649' title='bbox 1271 4865 1329 4920; x_wconf 93' lang='lat' dir='ltr'><strong>in</strong></span> <span class='ocrx_word' id='word_1_650' title='bbox 1377 4867 1619 4936; x_wconf 86' lang='lat' dir='ltr'><strong>epistola</strong></span> <span class='ocrx_word' id='word_1_651' title='bbox 1669 4868 1743 4923; x_wconf 90' lang='lat' dir='ltr'><strong>ad</strong></span> <span class='ocrx_word' id='word_1_652' title='bbox 1773 4869 2137 4926; x_wconf 86' lang='lat' dir='ltr'><strong>Hormisdam</strong></span> 
     </span>
    </p>
   </div>
   <div class='ocr_carea' id='block_1_96' title="bbox 501 4934 2138 5008">
    <p class='ocr_par' dir='ltr' id='par_1_96' title="bbox 501 4934 2138 5008">
     <span class='ocr_line' id='line_1_96' title="bbox 501 4934 2138 5008; baseline -0.001 -15"><span class='ocrx_word' id='word_1_653' title='bbox 501 4934 715 5008; x_wconf 75' lang='lat' dir='ltr'><strong>papam</strong></span> <span class='ocrx_word' id='word_1_654' title='bbox 744 4937 896 5008; x_wconf 85' lang='lat' dir='ltr'><strong>apud</strong></span> <span class='ocrx_word' id='word_1_655' title='bbox 948 4934 1264 5008; x_wconf 68' lang='lat' dir='ltr'><strong>Baropium</strong></span> <span class='ocrx_word' id='word_1_656' title='bbox 1310 4938 1376 4990; x_wconf 89' lang='lat' dir='ltr'><strong>A.</strong></span> <span class='ocrx_word' id='word_1_657' title='bbox 1414 4934 1485 5008; x_wconf 47' lang='grc' dir='ltr'>Ὀ,</span> <span class='ocrx_word' id='word_1_658' title='bbox 1532 4938 1657 5003; x_wconf 88' lang='grc'>518,</span> <span class='ocrx_word' id='word_1_659' title='bbox 1701 4947 1764 4994; x_wconf 91' lang='lat' dir='ltr'><strong>n°</strong></span> <span class='ocrx_word' id='word_1_660' title='bbox 1801 4940 1890 4995; x_wconf 87' lang='lat'><strong>60.</strong></span> <span class='ocrx_word' id='word_1_661' title='bbox 1923 4940 2138 4997; x_wconf 87' lang='lat' dir='ltr'><strong>Verum</strong></span> 
     </span>
    </p>
   </div>
   <div class='ocr_carea' id='block_1_97' title="bbox 504 5005 1718 5076">
    <p class='ocr_par' dir='ltr' id='par_1_97' title="bbox 504 5005 1718 5076">
     <span class='ocr_line' id='line_1_97' title="bbox 504 5005 1718 5076; baseline 0 -12"><span class='ocrx_word' id='word_1_662' title='bbox 504 5005 604 5064; x_wconf 77' lang='lat' dir='ltr'><strong>illa</strong></span> <span class='ocrx_word' id='word_1_663' title='bbox 633 5005 876 5076; x_wconf 87' lang='lat' dir='ltr'><strong>epistola</strong></span> <span class='ocrx_word' id='word_1_664' title='bbox 906 5005 1136 5062; x_wconf 87' lang='lat' dir='ltr'><strong>Baronii</strong></span> <span class='ocrx_word' id='word_1_665' title='bbox 1166 5009 1276 5074; x_wconf 88' lang='lat' dir='ltr'><strong>est,</strong></span> <span class='ocrx_word' id='word_1_666' title='bbox 1309 5022 1422 5060; x_wconf 92' lang='lat' dir='ltr'><strong>non</strong></span> <span class='ocrx_word' id='word_1_667' title='bbox 1455 5007 1718 5064; x_wconf 88' lang='lat' dir='ltr'><strong>Joannis.</strong></span> 
     </span>
    </p>
   </div>
   <div class='ocr_carea' id='block_1_98' title="bbox 573 5076 2135 5148">
    <p class='ocr_par' dir='ltr' id='par_1_98' title="bbox 573 5076 2135 5148">
     <span class='ocr_line' id='line_1_98' title="bbox 573 5076 2135 5148; baseline 0.006 -18"><span class='ocrx_word' id='word_1_668' title='bbox 573 5079 652 5148; x_wconf 87' lang='lat'><strong>(7)</strong></span> <span class='ocrx_word' id='word_1_669' title='bbox 685 5079 996 5142; x_wconf 72' lang='lat' dir='ltr'><strong>Quaestoris</strong></span> <span class='ocrx_word' id='word_1_670' title='bbox 1046 5076 1202 5133; x_wconf 90' lang='lat' dir='ltr'><strong>enim</strong></span> <span class='ocrx_word' id='word_1_671' title='bbox 1235 5076 1464 5148; x_wconf 88' lang='lat' dir='ltr'><strong>proprie</strong></span> <span class='ocrx_word' id='word_1_672' title='bbox 1495 5085 1635 5145; x_wconf 87' lang='lat' dir='ltr'><strong>erat,</strong></span> <span class='ocrx_word' id='word_1_673' title='bbox 1669 5080 1954 5137; x_wconf 90' lang='lat' dir='ltr'><strong>orationes</strong></span> <span class='ocrx_word' id='word_1_674' title='bbox 1982 5082 2135 5138; x_wconf 87' lang='lat' dir='ltr'><strong>litte-</strong></span> 
     </span>
    </p>
   </div>
   <div class='ocr_carea' id='block_1_99' title="bbox 501 5147 2134 5224">
    <p class='ocr_par' dir='ltr' id='par_1_99' title="bbox 501 5147 2134 5224">
     <span class='ocr_line' id='line_1_99' title="bbox 501 5147 2134 5224; baseline 0.004 -21"><span class='ocrx_word' id='word_1_675' title='bbox 501 5165 714 5224; x_wconf 81' lang='lat' dir='ltr'><strong>rasque</strong></span> <span class='ocrx_word' id='word_1_676' title='bbox 741 5155 811 5224; x_wconf 5' lang='lat' dir='ltr'><strong>et,</strong></span> <span class='ocrx_word' id='word_1_677' title='bbox 847 5149 1123 5224; x_wconf 79' lang='lat' dir='ltr'><strong>mandata</strong></span> <span class='ocrx_word' id='word_1_678' title='bbox 1175 5147 1418 5224; x_wconf 86' lang='lat' dir='ltr'><strong>Augusti</strong></span> <span class='ocrx_word' id='word_1_679' title='bbox 1460 5156 1905 5224; x_wconf 78' lang='lat' dir='ltr'><strong>coram__s_enatu</strong></span> <span class='ocrx_word' id='word_1_680' title='bbox 1950 5158 2004 5208; x_wconf 88' lang='lat' dir='ltr'><strong>et</strong></span> <span class='ocrx_word' id='word_1_681' title='bbox 2036 5170 2134 5224; x_wconf 92' lang='lat' dir='ltr'><strong>po-</strong></span> 
     </span>
    </p>
   </div>
   <div class='ocr_carea' id='block_1_100' title="bbox 501 5217 2131 5301">
    <p class='ocr_par' dir='ltr' id='par_1_100' title="bbox 501 5217 2131 5301">
     <span class='ocr_line' id='line_1_100' title="bbox 501 5217 2131 5301; baseline 0.004 -28"><span class='ocrx_word' id='word_1_682' title='bbox 501 5217 644 5301; x_wconf 62' lang='lat' dir='ltr'><strong>pulo</strong></span> <span class='ocrx_word' id='word_1_683' title='bbox 680 5222 942 5285; x_wconf 90' lang='lat' dir='ltr'><strong>recitare,</strong></span> <span class='ocrx_word' id='word_1_684' title='bbox 993 5219 1198 5274; x_wconf 88' lang='lat' dir='ltr'><strong>saltem</strong></span> <span class='ocrx_word' id='word_1_685' title='bbox 1229 5217 1608 5301; x_wconf 53' lang='lat' dir='ltr'><strong>temporibus</strong></span> <span class='ocrx_word' id='word_1_686' title='bbox 1656 5217 2131 5301; x_wconf 56' lang='lat' dir='ltr'><strong>illis_9_uarti&#39;_ad</strong></span> 
     </span>
    </p>
   </div>
   <div class='ocr_carea' id='block_1_101' title="bbox 499 5288 2132 5432">
    <p class='ocr_par' dir='ltr' id='par_1_101' title="bbox 499 5288 2132 5432">
     <span class='ocr_line' id='line_1_101' title="bbox 503 5288 2132 5372; baseline 0.002 -28"><span class='ocrx_word' id='word_1_687' title='bbox 503 5291 816 5360; x_wconf 87' lang='lat' dir='ltr'><strong>septimum</strong></span> <span class='ocrx_word' id='word_1_688' title='bbox 841 5307 1028 5372; x_wconf 87' lang='lat' dir='ltr'><strong>usque</strong></span> <span class='ocrx_word' id='word_1_689' title='bbox 1065 5288 1371 5371; x_wconf 55' lang='lat' dir='ltr'><strong>saeculum.</strong></span> <span class='ocrx_word' id='word_1_690' title='bbox 1397 5289 1655 5358; x_wconf 89' lang='lat' dir='ltr'><strong>Pothius,</strong></span> <span class='ocrx_word' id='word_1_691' title='bbox 1691 5299 1754 5344; x_wconf 89' lang='lat' dir='ltr'><strong>n°</strong></span> <span class='ocrx_word' id='word_1_692' title='bbox 1781 5291 1939 5360; x_wconf 88' lang='lat' dir='ltr'><strong>LXV,</strong></span> <span class='ocrx_word' id='word_1_693' title='bbox 1963 5296 2132 5363; x_wconf 89' lang='lat' dir='ltr'><strong>p.39,</strong></span> 
     </span>
     <span class='ocr_line' id='line_1_102' title="bbox 499 5357 2128 5432; baseline 0.002 -19"><span class='ocrx_word' id='word_1_694' title='bbox 499 5377 550 5432; x_wconf 70' lang='grc' dir='ltr'><strong>ο.</strong></span> <span class='ocrx_word' id='word_1_695' title='bbox 587 5362 625 5432; x_wconf 76' lang='lat' dir='ltr'><strong>f.</strong></span> <span class='ocrx_word' id='word_1_696' title='bbox 657 5377 669 5414; x_wconf 89' lang='lat'>:</span> <span class='ocrx_word' id='word_1_697' title='bbox 701 5360 835 5416; x_wconf 81' lang='grc' dir='ltr'>Ὂσα</span> <span class='ocrx_word' id='word_1_698' title='bbox 866 5361 1178 5432; x_wconf 71' lang='lat' dir='ltr'><strong>(Tiberius)</strong></span> <span class='ocrx_word' id='word_1_699' title='bbox 1231 5357 1304 5420; x_wconf 84' lang='grc' dir='ltr'>εἷς</span> <span class='ocrx_word' id='word_1_700' title='bbox 1344 5357 1619 5432; x_wconf 83' lang='grc' dir='ltr'>νουθεσίαν</span> <span class='ocrx_word' id='word_1_701' title='bbox 1651 5361 1763 5432; x_wconf 78' lang='grc' dir='ltr'>εἶπε</span> <span class='ocrx_word' id='word_1_702' title='bbox 1805 5363 2128 5432; x_wconf 88' lang='grc' dir='ltr'>Μαυρικίου,</span> 
     </span>
    </p>
   </div>
   <div class='ocr_carea' id='block_1_102' title="bbox 501 5430 2132 5505">
    <p class='ocr_par' dir='ltr' id='par_1_102' title="bbox 501 5430 2132 5505">
     <span class='ocr_line' id='line_1_103' title="bbox 501 5430 2132 5505; baseline 0.005 -24"><span class='ocrx_word' id='word_1_703' title='bbox 501 5430 875 5505; x_wconf 41' lang='grc' dir='ltr'>ξΙωάννῃητῷ</span> <span class='ocrx_word' id='word_1_704' title='bbox 922 5430 1256 5505; x_wconf 37' lang='grc' dir='ltr'>,κοιαίστωρι</span> <span class='ocrx_word' id='word_1_705' title='bbox 1323 5431 1619 5505; x_wconf 69' lang='grc' dir='ltr'>χρώμενος</span> <span class='ocrx_word' id='word_1_706' title='bbox 1702 5430 1972 5505; x_wconf 62' lang='grc' dir='ltr'><strong>ὑπουργῷΔ</strong></span> <span class='ocrx_word' id='word_1_707' title='bbox 2025 5430 2132 5489; x_wconf 79' lang='grc' dir='ltr'>τῶν</span> 
     </span>
    </p>
   </div>
   <div class='ocr_carea' id='block_1_103' title="bbox 500 5496 2130 5574">
    <p class='ocr_par' dir='ltr' id='par_1_103' title="bbox 500 5496 2130 5574">
     <span class='ocr_line' id='line_1_104' title="bbox 500 5496 2130 5574; baseline 0.003 -21"><span class='ocrx_word' id='word_1_708' title='bbox 500 5496 712 5574; x_wconf 67' lang='grc' dir='ltr'>λογων,</span> <span class='ocrx_word' id='word_1_709' title='bbox 742 5499 799 5559; x_wconf 84' lang='grc' dir='ltr'><strong>ὅς</strong></span> <span class='ocrx_word' id='word_1_710' title='bbox 831 5496 963 5574; x_wconf 71' lang='grc' dir='ltr'>πρός</span> <span class='ocrx_word' id='word_1_711' title='bbox 1011 5519 1070 5554; x_wconf 89' lang='grc' dir='ltr'><strong>τε</strong></span> <span class='ocrx_word' id='word_1_712' title='bbox 1108 5496 1290 5574; x_wconf 63' lang='grc' dir='ltr'><strong>αὐτὸνΔ</strong></span> <span class='ocrx_word' id='word_1_713' title='bbox 1323 5496 1620 5574; x_wconf 61' lang='grc' dir='ltr'>Μἀυρίκιον</span> <span class='ocrx_word' id='word_1_714' title='bbox 1681 5502 1772 5555; x_wconf 84' lang='grc' dir='ltr'>καὶ</span> <span class='ocrx_word' id='word_1_715' title='bbox 1829 5496 2130 5574; x_wconf 52' lang='grc' dir='ltr'><strong>τὸξ’δῆμοιι</strong></span> 
     </span>
    </p>
   </div>
   <div class='ocr_carea' id='block_1_104' title="bbox 497 5568 2128 5691">
    <p class='ocr_par' dir='ltr' id='par_1_104' title="bbox 497 5568 2128 5691">
     <span class='ocr_line' id='line_1_105' title="bbox 497 5568 2128 5691; baseline 0.005 -69"><span class='ocrx_word' id='word_1_716' title='bbox 721 5574 800 5640; x_wconf 78' lang='grc' dir='ltr'>τῷ</span> <span class='ocrx_word' id='word_1_717' title='bbox 848 5568 995 5645; x_wconf 80' lang='grc' dir='ltr'>λόγῳ</span> <span class='ocrx_word' id='word_1_718' title='bbox 1043 5571 1230 5644; x_wconf 76' lang='grc' dir='ltr'>πρᾶξιν</span> <span class='ocrx_word' id='word_1_719' title='bbox 1273 5568 1477 5646; x_wconf 80' lang='grc' dir='ltr'>ἐτάχθη</span> <span class='ocrx_word' id='word_1_720' title='bbox 1528 5571 1776 5647; x_wconf 87' lang='grc' dir='ltr'>πληροῦν</span> <span class='ocrx_word' id='word_1_721' title='bbox 1820 5570 1916 5627; x_wconf 80' lang='grc' dir='ltr'><strong>τοῦ</strong></span> <span class='ocrx_word' id='word_1_722' title='bbox 1977 5568 2128 5647; x_wconf 75' lang='grc' dir='ltr'>βάσι-</span> 
     </span>
    </p>
   </div>
   <div class='ocr_carea' id='block_1_105' title="bbox 566 5658 659 5697">
    <p class='ocr_par' dir='ltr' id='par_1_105' title="bbox 566 5658 659 5697">
     <span class='ocr_line' id='line_1_106' title="bbox 566 5658 659 5697; baseline -0.043 0"><span class='ocrx_word' id='word_1_723' title='bbox 566 5658 659 5697; x_wconf 78' lang='grc' dir='ltr'><strong>ως.</strong></span> 
     </span>
    </p>
   </div>
   <div class='ocr_carea' id='block_1_106' title="bbox 566 5709 2126 5788">
    <p class='ocr_par' dir='ltr' id='par_1_106' title="bbox 566 5709 2126 5788">
     <span class='ocr_line' id='line_1_107' title="bbox 566 5709 2126 5788; baseline 0.01 -27"><span class='ocrx_word' id='word_1_724' title='bbox 566 5709 646 5777; x_wconf 82' lang='lat'><strong>(8)</strong></span> <span class='ocrx_word' id='word_1_725' title='bbox 677 5709 937 5768; x_wconf 89' lang='lat' dir='ltr'><strong>Titulum</strong></span> <span class='ocrx_word' id='word_1_726' title='bbox 960 5711 1117 5770; x_wconf 89' lang='lat' dir='ltr'><strong>hunc</strong></span> <span class='ocrx_word' id='word_1_727' title='bbox 1145 5714 1472 5787; x_wconf 70' lang='lat' dir='ltr'><strong>complures</strong></span> <span class='ocrx_word' id='word_1_728' title='bbox 1515 5716 1895 5788; x_wconf 88' lang='lat' dir='ltr'><strong>imperatores</strong></span> <span class='ocrx_word' id='word_1_729' title='bbox 1917 5715 2126 5776; x_wconf 89' lang='lat' dir='ltr'><strong>CPtani</strong></span> 
     </span>
    </p>
   </div>
   <div class='ocr_carea' id='block_1_107' title="bbox 2166 4588 3856 4659">
    <p class='ocr_par' dir='ltr' id='par_1_107' title="bbox 2166 4588 3856 4659">
     <span class='ocr_line' id='line_1_108' title="bbox 2166 4588 3856 4659; baseline 0.004 -16"><span class='ocrx_word' id='word_1_730' title='bbox 2166 4590 2220 4658; x_wconf 90' lang='lat' dir='ltr'>D</span> <span class='ocrx_word' id='word_1_731' title='bbox 2253 4588 2621 4657; x_wconf 76' lang='lat' dir='ltr'><strong>atfectarunt,</strong></span> <span class='ocrx_word' id='word_1_732' title='bbox 2673 4592 2820 4659; x_wconf 91' lang='lat' dir='ltr'><strong>quod</strong></span> <span class='ocrx_word' id='word_1_733' title='bbox 2878 4594 3108 4658; x_wconf 91' lang='lat' dir='ltr'><strong>norant,</strong></span> <span class='ocrx_word' id='word_1_734' title='bbox 3140 4591 3505 4648; x_wconf 86' lang='lat' dir='ltr'><strong>Constantini</strong></span> <span class='ocrx_word' id='word_1_735' title='bbox 3545 4589 3617 4647; x_wconf 79' lang='grc' dir='ltr'><strong>Μ.</strong></span> <span class='ocrx_word' id='word_1_736' title='bbox 3651 4595 3856 4649; x_wconf 62' lang='lat' dir='ltr'><strong>nomen,</strong></span> 
     </span>
    </p>
   </div>
   <div class='ocr_carea' id='block_1_108' title="bbox 2251 4661 3856 4736">
    <p class='ocr_par' dir='ltr' id='par_1_108' title="bbox 2251 4661 3856 4736">
     <span class='ocr_line' id='line_1_109' title="bbox 2251 4661 3856 4736; baseline 0.006 -20"><span class='ocrx_word' id='word_1_737' title='bbox 2251 4664 2370 4736; x_wconf 79' lang='lat' dir='ltr'><strong>tam</strong></span> <span class='ocrx_word' id='word_1_738' title='bbox 2405 4661 2551 4716; x_wconf 91' lang='lat' dir='ltr'><strong>bene</strong></span> <span class='ocrx_word' id='word_1_739' title='bbox 2580 4661 2811 4736; x_wconf 74' lang='lat' dir='ltr'><strong>deCPli</strong></span> <span class='ocrx_word' id='word_1_740' title='bbox 2841 4664 3323 4736; x_wconf 80' lang='lat' dir='ltr'><strong>meritum,_apud</strong></span> <span class='ocrx_word' id='word_1_741' title='bbox 3354 4661 3634 4736; x_wconf 87' lang='lat' dir='ltr'><strong>populum</strong></span> <span class='ocrx_word' id='word_1_742' title='bbox 3671 4666 3856 4736; x_wconf 65' lang='lat' dir='ltr'><strong>magno</strong></span> 
     </span>
    </p>
   </div>
   <div class='ocr_carea' id='block_1_109' title="bbox 2250 4730 3856 4803">
    <p class='ocr_par' dir='ltr' id='par_1_109' title="bbox 2250 4730 3856 4803">
     <span class='ocr_line' id='line_1_110' title="bbox 2250 4730 3856 4803; baseline 0.001 -17"><span class='ocrx_word' id='word_1_743' title='bbox 2250 4731 2310 4787; x_wconf 90' lang='lat' dir='ltr'><strong>in</strong></span> <span class='ocrx_word' id='word_1_744' title='bbox 2343 4731 2562 4803; x_wconf 91' lang='lat' dir='ltr'><strong>honore</strong></span> <span class='ocrx_word' id='word_1_745' title='bbox 2591 4731 2788 4787; x_wconf 90' lang='lat' dir='ltr'><strong>haberi</strong></span> <span class='ocrx_word' id='word_1_746' title='bbox 2819 4739 2876 4789; x_wconf 91' lang='lat' dir='ltr'><strong>et</strong></span> <span class='ocrx_word' id='word_1_747' title='bbox 2906 4730 3165 4789; x_wconf 83' lang='lat' dir='ltr'><strong>adamari</strong></span> <span class='ocrx_word' id='word_1_748' title='bbox 3188 4730 3283 4803; x_wconf 63' lang='lat' dir='ltr'><strong>{ut</strong></span> <span class='ocrx_word' id='word_1_749' title='bbox 3313 4730 3451 4790; x_wconf 79' lang='lat' dir='ltr'><strong>olim</strong></span> <span class='ocrx_word' id='word_1_750' title='bbox 3483 4730 3856 4803; x_wconf 66' lang='grc' dir='ltr'><strong>Αηιοηξηοζιιτη</strong></span> 
     </span>
    </p>
   </div>
   <div class='ocr_carea' id='block_1_110' title="bbox 2250 4792 3853 4875">
    <p class='ocr_par' dir='ltr' id='par_1_110' title="bbox 2250 4792 3853 4875">
     <span class='ocr_line' id='line_1_111' title="bbox 2250 4792 3853 4875; baseline -0.007 -18"><span class='ocrx_word' id='word_1_751' title='bbox 2250 4802 2563 4874; x_wconf 86' lang='lat' dir='ltr'><strong>expetitum</strong></span> <span class='ocrx_word' id='word_1_752' title='bbox 2597 4805 2876 4860; x_wconf 86' lang='lat' dir='ltr'><strong>Romanis</strong></span> <span class='ocrx_word' id='word_1_753' title='bbox 2917 4820 3125 4860; x_wconf 84' lang='lat' dir='ltr'><strong>nomen</strong></span> <span class='ocrx_word' id='word_1_754' title='bbox 3177 4792 3542 4861; x_wconf 77' lang='lat' dir='ltr'><strong>affectabunt.</strong></span> <span class='ocrx_word' id='word_1_755' title='bbox 3586 4799 3701 4858; x_wconf 89' lang='lat' dir='ltr'><strong>Vid.</strong></span> <span class='ocrx_word' id='word_1_756' title='bbox 3745 4792 3853 4875; x_wconf 76' lang='lat' dir='ltr'><strong>Sel-</strong></span> 
     </span>
    </p>
   </div>
   <div class='ocr_carea' id='block_1_111' title="bbox 2249 4875 3850 4946">
    <p class='ocr_par' dir='ltr' id='par_1_111' title="bbox 2249 4875 3850 4946">
     <span class='ocr_line' id='line_1_112' title="bbox 2249 4875 3850 4946; baseline -0.004 -18"><span class='ocrx_word' id='word_1_757' title='bbox 2249 4875 2380 4946; x_wconf 88' lang='lat' dir='ltr'><strong>den.</strong></span> <span class='ocrx_word' id='word_1_758' title='bbox 2439 4875 2513 4946; x_wconf 84' lang='lat' dir='ltr'><strong>de</strong></span> <span class='ocrx_word' id='word_1_759' title='bbox 2580 4875 2765 4946; x_wconf 13' lang='lat' dir='ltr'><strong>,Titul.</strong></span> <span class='ocrx_word' id='word_1_760' title='bbox 2843 4877 3012 4944; x_wconf 89' lang='lat' dir='ltr'><strong>llon.,</strong></span> <span class='ocrx_word' id='word_1_761' title='bbox 3071 4877 3248 4945; x_wconf 83' lang='lat' dir='ltr'><strong>p.63,</strong></span> <span class='ocrx_word' id='word_1_762' title='bbox 3297 4875 3610 4946; x_wconf 86' lang='lat' dir='ltr'><strong>[Adrianus</strong></span> <span class='ocrx_word' id='word_1_763' title='bbox 3640 4877 3850 4946; x_wconf 37' lang='lat' dir='ltr'><strong>paphaln</strong></span> 
     </span>
    </p>
   </div>
   <div class='ocr_carea' id='block_1_112' title="bbox 2247 4937 3850 5018">
    <p class='ocr_par' dir='ltr' id='par_1_112' title="bbox 2247 4937 3850 5018">
     <span class='ocr_line' id='line_1_113' title="bbox 2247 4937 3850 5018; baseline -0.004 -18"><span class='ocrx_word' id='word_1_764' title='bbox 2247 4945 2494 5018; x_wconf 84' lang='lat' dir='ltr'><strong>epistola</strong></span> <span class='ocrx_word' id='word_1_765' title='bbox 2523 4945 2592 5000; x_wconf 89' lang='lat' dir='ltr'><strong>ad</strong></span> <span class='ocrx_word' id='word_1_766' title='bbox 2616 4947 2886 5018; x_wconf 86' lang='lat' dir='ltr'><strong>Carolum</strong></span> <span class='ocrx_word' id='word_1_767' title='bbox 2910 4937 3008 5018; x_wconf 23' lang='lat' dir='ltr'><strong>7M.</strong></span> <span class='ocrx_word' id='word_1_768' title='bbox 3057 4937 3326 5002; x_wconf 74' lang='lat' dir='ltr'><strong>meminit</strong></span> <span class='ocrx_word' id='word_1_769' title='bbox 3371 4937 3850 5018; x_wconf 27' lang='lat' dir='ltr'><strong>donation&#39;is’ICOtII-</strong></span> 
     </span>
    </p>
   </div>
   <div class='ocr_carea' id='block_1_113' title="bbox 2248 5007 3846 5087">
    <p class='ocr_par' dir='ltr' id='par_1_113' title="bbox 2248 5007 3846 5087">
     <span class='ocr_line' id='line_1_114' title="bbox 2248 5007 3846 5087; baseline -0.001 -18"><span class='ocrx_word' id='word_1_770' title='bbox 2248 5007 2512 5087; x_wconf 73' lang='lat' dir='ltr'><strong>stantini,</strong></span> <span class='ocrx_word' id='word_1_771' title='bbox 2549 5031 2796 5087; x_wconf 89' lang='lat' dir='ltr'><strong>eamque</strong></span> <span class='ocrx_word' id='word_1_772' title='bbox 2826 5017 2883 5070; x_wconf 93' lang='lat' dir='ltr'><strong>in</strong></span> <span class='ocrx_word' id='word_1_773' title='bbox 2906 5017 3280 5073; x_wconf 86' lang='lat' dir='ltr'><strong>Lateranensi</strong></span> <span class='ocrx_word' id='word_1_774' title='bbox 3301 5017 3512 5073; x_wconf 89' lang='lat' dir='ltr'><strong>scrinio</strong></span> <span class='ocrx_word' id='word_1_775' title='bbox 3543 5007 3846 5087; x_wconf 59' lang='lat' dir='ltr'><strong>haberigit,</strong></span> 
     </span>
    </p>
   </div>
   <div class='ocr_carea' id='block_1_114' title="bbox 2245 5075 3845 5143">
    <p class='ocr_par' dir='ltr' id='par_1_114' title="bbox 2245 5075 3845 5143">
     <span class='ocr_line' id='line_1_115' title="bbox 2245 5075 3845 5143; baseline -0.009 -1"><span class='ocrx_word' id='word_1_776' title='bbox 2245 5075 2520 5142; x_wconf 82' lang='lat' dir='ltr'><strong>Carolum</strong></span> <span class='ocrx_word' id='word_1_777' title='bbox 2554 5075 2974 5142; x_wconf 59' lang='lat' dir='ltr'><strong>Constantinum</strong></span> <span class='ocrx_word' id='word_1_778' title='bbox 3005 5103 3202 5143; x_wconf 83' lang='lat' dir='ltr'><strong>novum</strong></span> <span class='ocrx_word' id='word_1_779' title='bbox 3242 5093 3427 5143; x_wconf 89' lang='lat' dir='ltr'><strong>vocat.</strong></span> <span class='ocrx_word' id='word_1_780' title='bbox 3461 5087 3615 5142; x_wconf 66' lang='lat' dir='ltr'><strong>Notae</strong></span> <span class='ocrx_word' id='word_1_781' title='bbox 3642 5080 3708 5138; x_wconf 90' lang='lat' dir='ltr'><strong>ad</strong></span> <span class='ocrx_word' id='word_1_782' title='bbox 3750 5075 3845 5132; x_wconf 92' lang='lat' dir='ltr'><strong>Do-</strong></span> 
     </span>
    </p>
   </div>
   <div class='ocr_carea' id='block_1_115' title="bbox 2245 5147 3845 5282">
    <p class='ocr_par' dir='ltr' id='par_1_115' title="bbox 2245 5147 3845 5282">
     <span class='ocr_line' id='line_1_116' title="bbox 2245 5147 3845 5282; baseline -0.009 -70"><span class='ocrx_word' id='word_1_783' title='bbox 2245 5161 2365 5212; x_wconf 88' lang='lat' dir='ltr'><strong>nat.</strong></span> <span class='ocrx_word' id='word_1_784' title='bbox 2407 5157 2703 5239; x_wconf 72' lang='lat' dir='ltr'><strong>Constant.</strong></span> <span class='ocrx_word' id='word_1_785' title='bbox 2731 5174 2873 5282; x_wconf 70' lang='lat' dir='ltr'><strong>pag.</strong></span> <span class='ocrx_word' id='word_1_786' title='bbox 2913 5157 3052 5230; x_wconf 86' lang='grc'><strong>50.]·</strong></span> <span class='ocrx_word' id='word_1_787' title='bbox 3095 5159 3241 5224; x_wconf 80' lang='lat' dir='ltr'><strong>Ergo</strong></span> <span class='ocrx_word' id='word_1_788' title='bbox 3273 5164 3524 5240; x_wconf 76' lang='lat' dir='ltr'><strong>apparet,</strong></span> <span class='ocrx_word' id='word_1_789' title='bbox 3571 5147 3845 5234; x_wconf 67' lang='lat' dir='ltr'><strong>Patavium</strong></span> 
     </span>
     <span class='ocr_line' id='line_1_117' title="bbox 2245 5228 3841 5282; baseline -0.003 0"><span class='ocrx_word' id='word_1_790' title='bbox 2245 5233 2397 5282; x_wconf 88' lang='lat' dir='ltr'><strong>recte</strong></span> <span class='ocrx_word' id='word_1_791' title='bbox 2459 5228 2764 5282; x_wconf 70' lang='lat' dir='ltr'><strong>Themisti:</strong></span> <span class='ocrx_word' id='word_1_792' title='bbox 2836 5245 3004 5282; x_wconf 89' lang='lat' dir='ltr'><strong>ocum</strong></span> <span class='ocrx_word' id='word_1_793' title='bbox 3059 5245 3113 5282; x_wconf 82' lang='grc' dir='ltr'><strong>ι).</strong></span> <span class='ocrx_word' id='word_1_794' title='bbox 3171 5230 3261 5282; x_wconf 88' lang='grc'><strong>70.</strong></span> <span class='ocrx_word' id='word_1_795' title='bbox 3318 5246 3400 5282; x_wconf 78' lang='lat' dir='ltr'><strong>sic</strong></span> <span class='ocrx_word' id='word_1_796' title='bbox 3456 5230 3841 5282; x_wconf 74' lang='lat' dir='ltr'><strong>constituisse;</strong></span> 
     </span>
    </p>
   </div>
   <div class='ocr_carea' id='block_1_116' title="bbox 2244 5228 3841 5297">
    <p class='ocr_par' dir='ltr' id='par_1_116' title="bbox 2244 5228 3841 5297">
     <span class='ocr_line' id='line_1_118' title="bbox 2244 5228 3841 5297; baseline -0.003 -14"><span class='ocrx_word' id='word_1_797' title='bbox 2244 5233 2397 5283; x_wconf 88' lang='lat' dir='ltr'><strong>recte</strong></span> <span class='ocrx_word' id='word_1_798' title='bbox 2459 5228 2764 5297; x_wconf 85' lang='lat' dir='ltr'><strong>Themistii</strong></span> <span class='ocrx_word' id='word_1_799' title='bbox 2814 5228 3024 5284; x_wconf 56' lang='lat' dir='ltr'><strong>locum&#39;</strong></span> <span class='ocrx_word' id='word_1_800' title='bbox 3057 5245 3113 5297; x_wconf 88' lang='lat' dir='ltr'><strong>p.</strong></span> <span class='ocrx_word' id='word_1_801' title='bbox 3171 5230 3261 5292; x_wconf 90' lang='lat'><strong>70,</strong></span> <span class='ocrx_word' id='word_1_802' title='bbox 3311 5228 3400 5284; x_wconf 81' lang='lat' dir='ltr'><strong>sic</strong></span> <span class='ocrx_word' id='word_1_803' title='bbox 3456 5228 3841 5297; x_wconf 70' lang='lat' dir='ltr'><strong>constituisse;</strong></span> 
     </span>
    </p>
   </div>
   <div class='ocr_carea' id='block_1_117' title="bbox 2242 5291 3844 5377">
    <p class='ocr_par' dir='ltr' id='par_1_117' title="bbox 2242 5291 3844 5377">
     <span class='ocr_line' id='line_1_119' title="bbox 2242 5291 3844 5377; baseline -0.004 -26"><span class='ocrx_word' id='word_1_804' title='bbox 2242 5297 2402 5377; x_wconf 55' lang='lat' dir='ltr'><strong>aratas</strong></span> <span class='ocrx_word' id='word_1_805' title='bbox 2435 5295 2532 5351; x_wconf 80' lang='grc' dir='ltr'><strong>οὐκ</strong></span> <span class='ocrx_word' id='word_1_806' title='bbox 2556 5297 2781 5377; x_wconf 65' lang='grc' dir='ltr'>ᾂφήσεις</span> <span class='ocrx_word' id='word_1_807' title='bbox 2804 5299 3001 5377; x_wconf 67' lang='grc' dir='ltr'>ιρωνάς,</span> <span class='ocrx_word' id='word_1_808' title='bbox 3037 5291 3844 5377; x_wconf 27' lang='grc' dir='ltr'><strong>ᾰιίοςυξίιπμαῲοῐᾎιροηὲαῐξο</strong></span> 
     </span>
    </p>
   </div>
   <div class='ocr_carea' id='block_1_118' title="bbox 2243 5359 3842 5446">
    <p class='ocr_par' dir='ltr' id='par_1_118' title="bbox 2243 5359 3842 5446">
     <span class='ocr_line' id='line_1_120' title="bbox 2243 5359 3842 5446; baseline -0.003 -23"><span class='ocrx_word' id='word_1_809' title='bbox 2243 5370 2425 5446; x_wconf 42' lang='lat' dir='ltr'><strong>tini...‘</strong></span> <span class='ocrx_word' id='word_1_810' title='bbox 2463 5359 2734 5446; x_wconf 38' lang='grc' dir='ltr'>μετὰίῷν</span> <span class='ocrx_word' id='word_1_811' title='bbox 2771 5359 2928 5446; x_wconf 58' lang='grc' dir='ltr'>υἱέα,</span> <span class='ocrx_word' id='word_1_812' title='bbox 2989 5359 3127 5446; x_wconf 73' lang='grc' dir='ltr'>μετὰ</span> <span class='ocrx_word' id='word_1_813' title='bbox 3167 5359 3287 5446; x_wconf 64' lang='grc' dir='ltr'><strong>⁶’τὸν</strong></span> <span class='ocrx_word' id='word_1_814' title='bbox 3354 5363 3666 5446; x_wconf 62' lang='grc' dir='ltr'>ἀδελφιδοῦν</span> <span class='ocrx_word' id='word_1_815' title='bbox 3708 5359 3842 5446; x_wconf 68' lang='grc' dir='ltr'><strong>Κξυν·</strong></span> 
     </span>
    </p>
   </div>
   <div class='ocr_carea' id='block_1_119' title="bbox 2243 5438 3829 5505">
    <p class='ocr_par' dir='ltr' id='par_1_119' title="bbox 2243 5438 3829 5505">
     <span class='ocr_line' id='line_1_121' title="bbox 2243 5438 3829 5505; baseline -0.003 -13"><span class='ocrx_word' id='word_1_816' title='bbox 2243 5438 2545 5505; x_wconf 79' lang='grc' dir='ltr'>σταντίνου,</span> <span class='ocrx_word' id='word_1_817' title='bbox 2575 5438 2732 5494; x_wconf 83' lang='grc' dir='ltr'>αὐτὸν</span> <span class='ocrx_word' id='word_1_818' title='bbox 2783 5438 3102 5496; x_wconf 66' lang='grc' dir='ltr'>ἐκεῖνον’τὸν</span> <span class='ocrx_word' id='word_1_819' title='bbox 3151 5440 3286 5493; x_wconf 85' lang='grc' dir='ltr'>πάνυ</span> <span class='ocrx_word' id='word_1_820' title='bbox 3317 5438 3706 5505; x_wconf 74' lang='grc' dir='ltr'>Κωνστάντῖνον</span> <span class='ocrx_word' id='word_1_821' title='bbox 3736 5438 3829 5505; x_wconf 58' lang='grc' dir='ltr'><strong>ἀπή</strong></span> 
     </span>
    </p>
   </div>
   <div class='ocr_carea' id='block_1_120' title="bbox 2243 5494 3837 5585">
    <p class='ocr_par' dir='ltr' id='par_1_120' title="bbox 2243 5494 3837 5585">
     <span class='ocr_line' id='line_1_122' title="bbox 2243 5494 3837 5585; baseline 0 -22"><span class='ocrx_word' id='word_1_822' title='bbox 2243 5509 2492 5585; x_wconf 70' lang='grc' dir='ltr'>είληφας,</span> <span class='ocrx_word' id='word_1_823' title='bbox 2505 5494 2624 5582; x_wconf 62' lang='grc' dir='ltr'>ᾔρει</span> <span class='ocrx_word' id='word_1_824' title='bbox 2647 5494 2995 5568; x_wconf 61' lang='lat' dir='ltr'><strong>Constantini</strong></span> <span class='ocrx_word' id='word_1_825' title='bbox 3011 5513 3197 5585; x_wconf 63' lang='lat' dir='ltr'><strong>ﬁlium</strong></span> <span class='ocrx_word' id='word_1_826' title='bbox 3212 5494 3837 5585; x_wconf 68' lang='lat' dir='ltr'><strong>_(Constant_i_num).</strong></span> 
     </span>
    </p>
   </div>
   <div class='ocr_carea' id='block_1_121' title="bbox 2237 5579 3832 5655">
    <p class='ocr_par' dir='ltr' id='par_1_121' title="bbox 2237 5579 3832 5655">
     <span class='ocr_line' id='line_1_123' title="bbox 2237 5579 3832 5655; baseline 0.013 -18"><span class='ocrx_word' id='word_1_827' title='bbox 2237 5579 2487 5652; x_wconf 76' lang='lat' dir='ltr'><strong>ejusdem</strong></span> <span class='ocrx_word' id='word_1_828' title='bbox 2506 5579 2584 5639; x_wconf 69' lang='grc' dir='ltr'>ἐπ</span> <span class='ocrx_word' id='word_1_829' title='bbox 2609 5585 2792 5653; x_wconf 79' lang='lat' dir='ltr'><strong>fratre</strong></span> <span class='ocrx_word' id='word_1_830' title='bbox 2816 5579 3058 5655; x_wconf 75' lang='lat' dir='ltr'><strong>nepotem</strong></span> <span class='ocrx_word' id='word_1_831' title='bbox 3086 5579 3450 5655; x_wconf 73' lang='lat' dir='ltr'><strong>(Julianuml-</strong></span> <span class='ocrx_word' id='word_1_832' title='bbox 3485 5580 3643 5638; x_wconf 60' lang='lat' dir='ltr'><strong>illum</strong></span> <span class='ocrx_word' id='word_1_833' title='bbox 3676 5579 3832 5655; x_wconf 41' lang='grc' dir='ltr'><strong>Ψξῗηῖ</strong></span> 
     </span>
    </p>
   </div>
   <div class='ocr_carea' id='block_1_122' title="bbox 2239 5645 3830 5726">
    <p class='ocr_par' dir='ltr' id='par_1_122' title="bbox 2239 5645 3830 5726">
     <span class='ocr_line' id='line_1_124' title="bbox 2239 5645 3830 5726; baseline 0 -18"><span class='ocrx_word' id='word_1_834' title='bbox 2239 5645 2504 5726; x_wconf 61' lang='lat' dir='ltr'><strong>magnum</strong></span> <span class='ocrx_word' id='word_1_835' title='bbox 2563 5645 2978 5726; x_wconf 59' lang='lat' dir='ltr'><strong>Constantinam</strong></span> <span class='ocrx_word' id='word_1_836' title='bbox 3025 5645 3103 5726; x_wconf 73' lang='lat' dir='ltr'><strong>[in</strong></span> <span class='ocrx_word' id='word_1_837' title='bbox 3152 5645 3464 5725; x_wconf 81' lang='lat' dir='ltr'><strong>Joviniani]</strong></span> <span class='ocrx_word' id='word_1_838' title='bbox 3521 5645 3830 5717; x_wconf 68' lang='lat' dir='ltr'><strong>recupera“</strong></span> 
     </span>
    </p>
   </div>
   <div class='ocr_carea' id='block_1_123' title="bbox 2237 5723 3155 5797">
    <p class='ocr_par' dir='ltr' id='par_1_123' title="bbox 2237 5723 3155 5797">
     <span class='ocr_line' id='line_1_125' title="bbox 2237 5723 3155 5797; baseline 0.001 -19"><span class='ocrx_word' id='word_1_839' title='bbox 2237 5741 2290 5780; x_wconf 91' lang='lat' dir='ltr'><strong>v.</strong></span> <span class='ocrx_word' id='word_1_840' title='bbox 2325 5723 2412 5782; x_wconf 90' lang='lat' dir='ltr'><strong>Du</strong></span> <span class='ocrx_word' id='word_1_841' title='bbox 2444 5727 2631 5797; x_wconf 89' lang='lat' dir='ltr'><strong>Cange</strong></span> <span class='ocrx_word' id='word_1_842' title='bbox 2661 5724 2747 5781; x_wconf 85' lang='lat' dir='ltr'><strong>Gl.</strong></span> <span class='ocrx_word' id='word_1_843' title='bbox 2781 5726 2875 5780; x_wconf 86' lang='lat' dir='ltr'><strong>Gr.</strong></span> <span class='ocrx_word' id='word_1_844' title='bbox 2908 5742 2961 5781; x_wconf 91' lang='lat' dir='ltr'><strong>v.</strong></span> <span class='ocrx_word' id='word_1_845' title='bbox 3005 5723 3155 5785; x_wconf 72' lang='grc' dir='ltr'>Νέος.</span> 
     </span>
    </p>
   </div>
  </div>
