4138 6298
316 400 451 460 793

1178 395 1278 456 DE
1319 394 1772 457 CERIMONIIS
1812 393 2058 457 AULxE
2095 395 2574 458 BYZANTINIE
2617 397 2765 460 LIB.
2812 400 2862 460 Ι.

3623 401 3742 464 794

320 529 542 606 τυχοὺς
606 528 886 607 βασιλείας
950 529 1050 584 ἀνὰ
1115 532 1152 584 ε’
1215 527 1572 602 νομισμάτων
1635 527 1724 583 καὶ
1792 525 1980 604 λίτραν

2094 529 2277 588 victor
2341 545 2570 605 semper
2607 535 2945 605 Augustus:
3004 532 3435 606 Omnipotentis
3493 535 3593 590 Dei
3637 511 3744 594 de-

321 620 580 698 ἆργύρου
637 622 764 693 ὑμῖν
812 618 1143 693 καταχάσμα
1193 615 1537 691 δωρήσομαι.
1573 640 1602 669 ››
1651 618 1802 692 Παρὰ
1852 619 1986 672 πάν-

320 732 442 766 των
493 709 724 786 ἒκράγηο
777 733 805 762 ‹‹
839 708 1159 782 Χριστιανὸν
1213 705 1438 783 βασιλέα
1487 707 1514 762 6
1563 707 1692 768 Θεὸς
1739 708 1981 782 φυλάξει·

321 800 491 854 αὗται
523 798 698 854 κοιναὶ
731 796 887 872 εὐχαὶ
922 804 1021 866 τῆς
1054 795 1403 868 οἰκουμένης,
1437 819 1464 849 θ)
1496 795 1585 850 καὶ
1635 793 1820 850 πολλὰ
1866 815 1986 850 τοι·

322 894 491 944 αὕτα.
525 889 588 945 Ὁ
643 886 1014 962 αὐτοκράτωρ·
1072 906 1096 936 ι
1141 886 1202 942 Ὁ
1250 885 1383 945 Θεὸς
1433 886 1549 958 μεθ’
1598 885 1768 958 ὑμῶν.
1805 905 1830 936 ι
1881 884 1984 941 Καὶ

321 977 395 1032 τΞι
450 975 624 1032 λοιπὰ
665 974 986 1040 ἀκολούθως
1035 974 1254 1050 γὲγονεν
1291 975 1427 1030 κατὰ
1474 975 1535 1030 τὸ
1585 980 1780 1050 σχῆμα
1826 973 1986 1030 Ἀνα-

2095 625 2250 676 creto
2272 620 2617 694 delectuque
2648 624 2705 676 et
2724 623 3226 680 vestracommuni
3257 621 3537 679 electione
3568 631 3742 696 atque

2093 709 2368 782 suffragio
2401 715 2774 783 capessentes
2804 712 3143 784 imperium,
3183 712 3522 769 invocamus
3568 713 3738 769 coele-

2092 804 2236 856 stem
2261 801 2708 872 providentiam.
2725 823 2753 852 »
2768 801 3183 859 Acclamabant
3205 819 3434 860 omnes:
3452 805 3740 860 «Abunde

2092 888 2379 944 bonorum
2430 891 2554 945 orbi
2595 894 2906 946 terrarum.
2959 895 3033 946 Ut
3089 892 3301 958 vixisti,
3362 892 3443 948 ita
3493 893 3737 964 impera.

2090 977 2335 1032 Abunde
2364 979 2651 1035 bonorum
2683 981 2834 1036 civili
2867 981 3274 1037 moderamini.
3311 982 3431 1038 Rex
3462 981 3734 1052 ccelestis,

322 1067 568 1122 στασίου
598 1070 694 1121 τοῦ
723 1072 824 1135 τῆς
857 1065 1004 1130 θείας
1033 1063 1264 1135 λήξεως.

2090 1082 2257 1121 serva
2313 1070 2669 1124 terrestrem.
2709 1068 2938 1125 Justine
2978 1073 3253 1142 Auguste,
3289 1078 3346 1126 tu
3380 1072 3600 1126 vincas.
3633 1072 3735 1127 Ju-
3778 1074 3781 1075 ⁷

318 1158 517 1215 nioris
546 1156 914 1216 Constantini
949 1155 1120 1214 multi
1152 1158 1270 1212 sint
1301 1155 1462 1215 anni.
1498 1155 1616 1214 Nos
1671 1172 1881 1213 sumus
1909 1156 2058 1212 servi
2089 1155 2474 1227 imperatoris.
2534 1179 2563 1208 »
2625 1158 2947 1230 Imperator
2999 1163 3184 1216 Caesar
3223 1164 3520 1234 Augustus
3554 1180 3566 1218 :
3604 1183 3632 1212 «
3667 1161 3736 1218 Ut

317 1250 524 1323 gratia
552 1267 662 1306 sua
687 1248 856 1306 nobis
885 1247 1039 1305 vires
1070 1247 1372 1321 indulgeat
1402 1249 1474 1304 ad
1505 1264 1570 1304 ea
1599 1247 1822 1318 omnia,
1871 1264 1999 1320 quea
2030 1247 2202 1305 nobis
2251 1251 2309 1304 et
2338 1250 2634 1305 communi
2684 1249 2768 1304 rei
2816 1251 3165 1316 conducant,
3222 1253 3664 1324 perﬁciendum.
3708 1276 3737 1304 »

317 1341 753 1399 Exclamabant
782 1355 987 1396 omnes
1021 1356 1035 1396 :
1062 1362 1091 1391 ‹‹
1123 1338 1233 1396 Fili
1262 1339 1383 1401 Dei.
1417 1338 1688 1396 miserere
1719 1342 1866 1411 ejus.
1901 1340 1987 1395 Tu
2011 1355 2142 1396 eum
2175 1338 2425 1412 elegisti,
2448 1355 2584 1412 ergo
2635 1339 2911 1396 miserere
2967 1342 3115 1411 ejus.
3176 1343 3408 1399 Justine
3461 1346 3736 1414 Auguste,

317 1437 383 1489 tu
416 1432 646 1500 vincas,
671 1453 700 1483 »
723 1435 780 1488 et
801 1431 972 1504 plura
1000 1430 1162 1488 talia.
1197 1433 1518 1498 Imperator
1546 1434 1735 1488 Caesar
1761 1434 2100 1504 Augustus:
2139 1452 2164 1484 ι
2222 1430 2450 1488 Etenim
2493 1448 2644 1488 curae
2671 1430 2842 1488 nobis
2902 1433 3180 1504 cordique
3237 1435 3365 1501 erit,
3421 1435 3741 1492 auxiliante

318 1522 528 1579 divina
557 1519 940 1593 providentia,
974 1525 1038 1576 ut
1057 1537 1158 1576 vos
1189 1520 1249 1576 in
1281 1520 1438 1577 omni
1471 1520 1854 1594 prosperitate
1884 1519 2258 1589 collocemus,
2292 1524 2349 1576 et
2402 1525 2467 1577 ut
2507 1535 2983 1592 unumquemque
3033 1525 3290 1577 vestrum
3345 1523 3505 1578 omni
3562 1524 3738 1580 bene-

316 1610 587 1671 volentia
617 1615 675 1666 et
701 1609 952 1667 sollicito
982 1613 1300 1683 teneroque
1346 1611 1563 1666 amoris
1594 1610 1803 1666 affectu
1835 1610 2093 1666 foventes
2123 1609 2185 1666 in
2217 1609 2643 1681 tranquillitate
2687 1625 3086 1683 curarumque
3143 1610 3259 1668 otio
3318 1627 3544 1680 semper
3598 1627 3742 1668 con-

317 1716 660 1757 servemus.
700 1722 720 1750 n
773 1697 1192 1756 Acclamabant
1246 1714 1489 1756 omnes:
1524 1721 1552 1750 κ
1607 1698 1794 1771 Digne
1823 1713 2022 1770 regno,
2063 1698 2238 1771 digne
2265 1697 2569 1768 Trinitate,
2603 1699 2780 1772 digne
2809 1699 2978 1757 Urbe.
3028 1700 3192 1757 Multi
3224 1701 3344 1756 sint
3372 1701 3741 1773 imperatoris

318 1797 496 1857 anui.
529 1798 714 1854 Puros
744 1796 1138 1854 moderatores
1164 1796 1291 1853 orbi
1330 1803 1613 1853 terrarum
1645 1795 2028 1868 [ﬂagitamus,
2051 1799 2153 1852 aut
2181 1797 2431 1868 praesta],
2465 1817 2494 1846 »
2527 1803 2578 1853 et
2601 1795 2734 1852 talia
2768 1796 2953 1867 plura.
2988 1799 3347 1868 Imperator:
3375 1819 3403 1849 «
3456 1801 3566 1852 Pro
3597 1797 3740 1854 festo

319 1888 525 1948 natale
566 1887 752 1944 felicis
803 1887 989 1944 nostri
1045 1887 1274 1959 imperii
1306 1886 1400 1944 die
1430 1885 1778 1944 donabimus
1807 1887 1973 1942 vobis
2004 1887 2064 1944 in
2095 1887 2337 1943 buccam
2395 1887 2521 1959 [seu
2553 1887 2613 1943 in
2645 1887 2906 1959 singulas
2937 1889 3170 1960 buccas]
3206 1889 3420 1960 quinos
3466 1904 3739 1946 nummos

315 1993 376 2045 et
426 1985 690 2058 singulas
745 1985 908 2041 litras
965 1985 1206 2058 argenti.
1267 1984 1733 2042 »Acclamabant
1807 1999 2059 2041 omnes:
2093 1982 2546 2041 «Christianum
2586 1981 2997 2054 imperatorem
3044 1987 3194 2042 Deus
3227 1991 3543 2041 conservet.
3607 1987 3735 2041 Haec

323 2079 473 2133 sunt
501 2074 840 2132 communia
859 2077 992 2130 vota
1021 2073 1181 2130 orbis
1210 2077 1573 2143 terrarum,»
1625 2077 1683 2131 et
1735 2072 1921 2129 multa
1968 2073 2026 2129 id
2057 2089 2242 2146 genus
2297 2073 2433 2131 alia.
2484 2073 2639 2130 250
2687 2075 3035 2146 Imperator:
3071 2097 3100 2124 ‹‹
3151 2079 3300 2131 Deus
3346 2073 3668 2131 vobiscum.
3703 2094 3734 2122 ››

323 2169 546 2226 Caetera
575 2166 850 2238 deinceps
879 2165 1094 2221 ﬁebant
1111 2165 1315 2222 eodem
1346 2164 1487 2235 ritu,
1518 2163 1620 2237 qui
1658 2180 1840 2238 supra
1867 2164 1927 2220 in
1955 2165 2245 2222 Anastasii
2269 2165 2715 2238 inauguratione
2744 2165 3040 2236 expositus
3072 2164 3198 2223 fuit.

936 2258 1204 2312 ΚΕΦΑΛ.
1246 2254 1355 2331 ιιΔε.

645 2342 1018 2417 Ἀναγόρευσις
1050 2341 1276 2405 Λέοντος
1306 2345 1404 2398 τοῦ
1439 2339 1656 2416 μικροῦ.

405 2437 721 2508 Ἀναγκαῖον
765 2432 1095 2506 ἐνομίσαμεν
1146 2431 1339 2499 εἰπεῖν,
1386 2431 1539 2493 ’ὁπως
1587 2431 1677 2486 καὶ
1722 2428 1978 2506 βασιλεὺς

336 2524 440 2580 ὑπὸ
494 2520 760 2597 βασιλέως
809 2520 1035 2598 γίνεται.
1098 2523 1222 2578 Ἐπὶ
1278 2525 1376 2576 τοῦ
1440 2527 1542 2590 τῆς
1599 2521 1742 2582 θείας
1798 2519 1977 2575 τοίνυν

337 2610 548 2682 λήξεως
581 2611 804 2674 Λέοντος
846 2611 997 2667 Αέων
1053 2612 1081 2666 6
1135 2610 1328 2685 μικρὸς
1381 2612 1590 2684 Καῖσαρ
1642 2606 1718 2665 ὤν
1767 2608 1978 2685 ἐγένετο

352 2699 620 2776 βασιλεύς.
655 2696 853 2772 Συνέϐη
884 2703 989 2777 γὰρ
1027 2707 1254 2771 νοσῆσαι
1301 2701 1504 2756 Λέοντα
1550 2700 1643 2756 τὸν
1687 2706 1788 2770 τῆς
1833 2700 1977 2762 θείας

350 2788 575 2860 λήξεως,
606 2790 696 2845 τὸν
735 2791 895 2845 αὖτοῦ
945 2794 1108 2862 θεῖον,
1155 2791 1253 2859 τήν
1301 2787 1622 2854 ἐπιθάνατον
1658 2789 1839 2859 νόσον,
1888 2789 1978 2843 καὶ

350 2875 658 2951 παρεκλήθη
708 2875 845 2933 ὥστε
887 2885 1114 2948 ποιῆσαι
1162 2879 1254 2934 τὸν
1306 2877 1542 2952 Καίσαρα
1593 2876 1840 2952 βασιλέα.
1892 2878 1978 2950 Τῇ

340 2966 428 3022 οὖν
484 2966 588 3041 πρὸ
648 2964 935 3023 δεκαπέντε
992 2964 1288 3025 Καλανδῶν
1373 2961 1718 3040 Δεκεμϐρίων
1783 2961 1864 3040 ’(9)
1923 2965 1974 3020 ἐν

336 3055 532 3128 ὑπατίᾳ
559 3056 790 3119 Λέοντος
829 3062 926 3113 τοῦ
979 3061 1199 3134 μικροῦ,
1251 3058 1548 3132 μαγίστρου
1606 3056 1764 3117 ὄντος
1811 3054 1977 3113 Εὐσε-

327 3141 475 3213 ϐίου,
510 3145 781 3216 συνῆλθον
811 3144 865 3201 ἐν
913 3151 992 3219 τῷ
1043 3146 1252 3219 ἱππικῷ
1302 3147 1328 3200 6
1379 3143 1557 3220 δῆμος
1604 3146 1694 3200 καὶ
1743 3145 1795 3199 οἱ
1843 3164 1979 3219 πρε-

329 3229 543 3290 σϐευταὶ
603 3235 834 3309 (πολλοὶ
884 3235 986 3310 γὰρ
1035 3229 1230 3314 ἔτυχον
1285 3231 1434 3298 ὄντες
1484 3233 1730 3303 ἐνταῦθα,
1781 3235 1872 3289 καὶ
1918 3233 1978 3289 ἐκ

326 3321 601 3400 διαφόρων
667 3322 879 3400 ἐθνῶν),
940 3323 1028 3379 καὶ
1087 3326 1138 3378 oi
1197 3329 1522 3400 στρατιῶται
1575 3325 1770 3386 πάντες
1839 3324 1975 3398 μετὰ

321 3417 431 3468 τῶν
466 3413 663 3489 σίγνων
695 3413 748 3470 ἐν
781 3418 862 3487 τῷ
917 3415 1171 3487 στάματι,
1221 3414 1312 3469 καὶ
1361 3411 1608 3488 ἔκραζον,
1660 3414 1688 3468 6
1742 3415 1837 3486 μὶν
1871 3410 1973 3482 δῆ-

325 3526 431 3578 μος
463 3504 808 3577 Ἑλληνιστί,
853 3505 1250 3580 προτρέποντες
1298 3505 1390 3560 τὸν
1437 3502 1664 3577 βασιλέα
1711 3502 1972 3573 ἀνελθεῖν,

319 3595 379 3650 οἱ
412 3593 468 3650 δὲ
499 3599 824 3668 στρατιῶται
855 3593 1176 3668 Ῥωμαϊστίο
1219 3593 1310 3649 καὶ
1359 3591 1589 3664 ἀνῆλθεν
1625 3593 1653 3648 6
1687 3589 1967 3667 βασιλεὺς,
2001 3618 2044 3685 C

318 3681 750 3761 δηριγευόμενος
781 3684 884 3739 ὑπὸ
914 3690 1013 3754 τῆς
1041 3682 1378 3759 συγκλήτου.
1421 3683 1481 3740 Ὀ
1513 3678 1570 3737 δὲ
1610 3684 1818 3755 Καῖσαρ
1863 3679 1968 3734 ἔσω

315 3775 393 3844 ἦν
432 3776 487 3829 ἓν
514 3778 594 3846 τῷ
622 3771 903 3848 τρικλίνῳ,
931 3769 1058 3828 ἔνθα
1096 3771 1226 3835 τοὺς
1279 3770 1678 3848 συγκλητικοὺς
1727 3768 1966 3846 δὲχεται,

314 3863 416 3919 καὶ
448 3864 476 3917 6
508 3863 944 3939 ἀρχιεπίσκοπος
973 3866 1072 3928 τῆς
1100 3860 1316 3923 πόλεως
1367 3862 1619 3923 Ἀκάκιος
1661 3861 1751 3914 σὺν
1802 3859 1969 3931 αὐτῷ,

313 3951 416 4008 καὶ
447 3948 574 4023 ἔστη
609 3953 637 4007 6
669 3950 924 4026 βασιλεὺς
975 3951 1182 4026 ἐμπρὸς
1231 3956 1332 4019 τῆς
1381 3948 1606 4020 σὲλλης,
1654 3949 1744 4004 καὶ
1794 3949 1970 4010 οὕτως

312 4041 527 4116 ἤρξατο
558 4045 896 4121 προσφωνεῖν
946 4045 1062 4101 τοῖς
1109 4040 1467 4114 στρατιώταις
1517 4039 1608 4094 καὶ
1653 4042 1734 4111 τῷ
1782 4035 1968 4111 δήμῳ,

311 4131 414 4186 καὶ
472 4127 694 4204 ἔκραζον
748 4129 962 4192 πάντες’
1028 4151 1057 4182 ‹‹
1135 4127 1592 4202 Παρακαλοῦμεν,
1649 4127 1739 4182 ἳνα
1811 4138 1972 4191 καθε-

311 4222 478 4293 σθῇς,
511 4220 663 4274 »καὶ
701 4217 982 4289 ἠσπάσατο
1029 4217 1122 4273 τὸν
1167 4215 1366 4290 δῆμον,
1415 4217 1506 4272 καὶ
1547 4215 1786 4272 ἐκάθισεν
1833 4217 1967 4289 (40),

310 4309 411 4364 καὶ
476 4306 688 4384 ἔκραξεν
741 4309 768 4362 6
820 4305 996 4380 δῆμος
1043 4307 1128 4376 τὸ,
1180 4329 1210 4360 ‹‹
1242 4307 1545 4383 Δῦγουστεο
1582 4329 1611 4357 ››
1664 4305 1755 4360 καὶ
1805 4303 1969 4360 πάλιν

308 4396 527 4456 πολλαὶ
564 4397 734 4478 φωναὶ
782 4395 1022 4473 ἐγίνοντο
1068 4393 1528 4471 παρακαλούντων
1579 4395 1730 4466 αὐτῷ
1779 4396 1967 4470 στέψαι

2007 2258 2056 2324 Β

2664 2257 2898 2312 CAPUT
2953 2255 3151 2313 XCIV.

2480 2346 2848 2414 Inauguratio
2872 2345 3061 2401 Leonis
3073 2345 3340 2418 junioris.

2157 2437 2282 2492 Jam
2311 2435 2636 2502 videamus,
2667 2435 2957 2507 quomodo
2974 2434 3291 2506 imperator
3303 2433 3733 2506 abimperatore

2087 2529 2334 2581 creetur.
2369 2525 2518 2580 Nam
2551 2527 2609 2580 et
2638 2524 2746 2581 hoc
2786 2523 3178 2580 necessarium
3211 2524 3370 2580 dictu
3430 2528 3730 2594 putamus.

2089 2615 2200 2671 Leo
2219 2629 2473 2685 magnus
2490 2628 2626 2684 ergo
2639 2611 2756 2683 (hic
2771 2611 3034 2682 exemplo
3049 2611 3146 2683 sit)
3161 2611 3362 2668 morbo
3376 2613 3732 2668 decumbens

2086 2719 2173 2771 eo,
2208 2703 2309 2774 qui
2345 2701 2588 2758 ultimus
2620 2701 2734 2773 ipsi
2765 2701 3026 2773 contigit,
3059 2705 3328 2774 nepotem
3351 2717 3383 2757 e
3409 2702 3531 2757 tilia
3559 2715 3732 2758 suum

2089 2793 2338 2848 Leonem
2364 2791 2681 2862 juniorem,
2717 2794 2841 2846 tum
2885 2793 3190 2858 Caesarem,
3249 2791 3478 2847 hortatu
3534 2807 3734 2861 proce-

2087 2898 2219 2937 rum
2235 2882 2292 2935 in
2309 2881 2718 2953 imperatorem
2747 2879 3116 2952 provebebat.
3131 2880 3293 2944 Quod
3309 2878 3392 2935 sic
3405 2884 3730 2950 peractum,

2085 2971 2189 3027 Die
2238 2987 2308 3026 xv
2340 2970 2458 3028 Kal.
2501 2968 2867 3040 Decembres,
2897 2972 3022 3025 Cos.
3059 2969 3240 3025 Leone
3291 2969 3546 3040 juniore,
3606 2986 3729 3026 ma-

2083 3061 2266 3134 gistro
2295 3060 2565 3128 Eusebio,
2596 3058 3029 3114 conveniebant
3085 3058 3147 3114 in
3195 3057 3347 3114 circo
3393 3057 3644 3130 populus
3675 3062 3732 3114 et

2085 3149 2281 3222 legati,
2306 3149 2404 3222 qui
2425 3153 2548 3204 tum
2583 3148 2736 3204 haud
2782 3147 2948 3220 pauci
2980 3147 3272 3204 variorum
3295 3149 3558 3220 gentium
3587 3148 3728 3204 ade-

2084 3243 2216 3296 rant
2251 3241 2346 3308 ;et
2375 3237 2593 3294 milites
2625 3253 2829 3294 omnes
2859 3237 3234 3310 omniumque
3291 3237 3562 3292 ordinum
3593 3252 3727 3292 cum

2085 3329 2273 3400 signis
2304 3327 2362 3382 in
2395 3330 2665 3396 stamate,
2687 3333 2745 3383 et
2803 3324 3156 3398 clamabant,
3190 3325 3443 3398 populus
3488 3325 3727 3397 quidem

2083 3418 2292 3485 Graece,
2326 3421 2598 3488 rogantes
2647 3417 3082 3488 imperatorem,
3141 3415 3281 3472 velit
3328 3416 3399 3472 ad
3433 3433 3494 3472 se
3530 3417 3588 3472 in
3613 3416 3725 3472 ciro

2085 3523 2216 3561 cum
2251 3507 2588 3575 ascendere,
2619 3504 2837 3561 milites
2886 3509 3078 3561 autem
3110 3505 3334 3561 Latine.
3368 3506 3730 3562 Ascendebat

2083 3594 2264 3665 igitur
2289 3594 2605 3664 imperator
2634 3593 2921 3649 deductus
2951 3611 2984 3648 a
3039 3597 3270 3649 senatu.
3315 3595 3503 3648 Caesar
3527 3598 3722 3650 autem

2080 3681 2244 3739 intus
2273 3682 2544 3738 manebat
2574 3681 2632 3736 in
2653 3680 2754 3737 illo
2771 3681 3046 3749 triclinio,
3066 3681 3122 3736 in
3147 3698 3262 3752 quo
3296 3681 3612 3750 imperator
3639 3699 3726 3738 se-

2083 3779 2314 3827 natores
2343 3770 2604 3841 excipere
2637 3769 2802 3837 solet,
2829 3785 3056 3840 unaque
3086 3767 3196 3840 ipsi
3231 3769 3427 3824 aderat
3456 3769 3723 3839 Aeacius,

2079 3859 2553 3932 archiepiscopus
2568 3858 2761 3914 Urbis.
2785 3858 3128 3929 Imperator,
3153 3863 3216 3912 ut
3235 3856 3292 3912 in
3313 3855 3610 3928 hippicum
3633 3875 3725 3915 ve-

2081 3953 2266 4016 nerat,
2299 3947 2656 4004 consistebat
2687 3963 2884 4004 coram
2944 3946 3086 4003 sella
3133 3962 3238 4002 seu
3288 3946 3521 4015 throno,
3548 3950 3608 4001 et
3637 3948 3722 4003 sic

2080 4042 2245 4096 stans
2275 4036 2590 4109 incipiebat
2620 4037 2691 4092 ad
2746 4036 2960 4092 milites
2990 4043 3044 4092 et
3093 4035 3374 4107 populum
3408 4051 3671 4106 perorare
3702 4052 3719 4106 ;

2080 4127 2181 4184 sed
2212 4125 2618 4184 exclamabant
2647 4140 2849 4181 omnes
2881 4140 2894 4178 :
2936 4146 2958 4174 α
2986 4125 3260 4196 Auguste,
3285 4138 3564 4196 rogamus
3580 4123 3722 4179 velis

2080 4216 2458 4274 considere.»
2491 4213 2716 4271 Gratias
2776 4217 3077 4287 propterea
3128 4211 3340 4285 populo
3381 4211 3592 4284 agebat
3620 4211 3718 4268 be-

2079 4305 2262 4378 nigna
2290 4303 2663 4372 salutatione,
2692 4307 2746 4359 et
2780 4302 3102 4370 desidebat,
3133 4306 3191 4357 et
3221 4300 3469 4374 populus
3508 4300 3722 4358 clama-

2079 4395 2181 4451 bat
2214 4411 2229 4450 :
2263 4415 2292 4445 ‹‹
2325 4391 3434 4464 Auguste,nvocibusquet’requentibus
3454 4390 3566 4463 ipsi
3594 4394 3721 4448 ten-

1367 4503 1566 4561 JOAN.
1606 4503 1742 4560 JAG.
1789 4502 2053 4560 REISKII
2093 4498 2678 4558 COMMENTARIUS.

391 4617 472 4689 (9)
501 4616 811 4686 Sumptum
853 4613 964 4672 hoc
1012 4629 1046 4669 a
1076 4612 1322 4684 Latinis,
1347 4613 1470 4687 qui,
1503 4615 1735 4686 quando
1765 4613 1969 4670 volunt
2075 4615 2230 4666 tores

391 4705 477 4738 em
507 4704 578 4738 xv
606 4685 918 4738 Kalendar.
978 4684 1384 4738 Decembrium
1437 4685 1789 4738 signiﬁcare.
1832 4689 1966 4738 ante
2073 4681 2308 4738 Tacitus

312 4684 477 4746 diem
507 4704 578 4743 xv
605 4684 918 4743 Kalendar.
978 4684 1384 4742 Decembrium
1437 4684 1789 4756 signiﬁcare,
1832 4689 1966 4741 ante

2354 4606 2909 4680 opulqm__ado_rare,
2980 4605 3307 4680 ἀσπάζεσθαι
3359 4610 3718 4680 προσκυνεῖν.

2383 4677 2477 4736 ist.
2509 4677 2568 4734 1:
2601 4677 2706 4734 Nec
2731 4677 2942 4734 deerat.
2977 4679 3110 4750 Otho
3137 4677 3469 4749 protendens
3497 4695 3718 4750 manus,

311 4761 473 4817 diem
502 4775 576 4815 xv
614 4758 740 4814 Kal.
783 4765 918 4814 Dec.
971 4756 1192 4828 dicunt,
1243 4749 1523 4828 quamvis
1558 4756 1726 4813 illum
1773 4749 1966 4827 ipsum
2073 4753 2308 4828 adorare
2337 4750 2821 4828 valguml‘jacsre
2851 4749 3444 4828 oscula._Ct}pitoli_nus
3474 4751 3545 4828 d_e
3579 4749 3719 4828 _Peré

309 4833 498 4897 diem,
521 4845 638 4886 non
668 4829 846 4884 alium
876 4823 1199 4884 intendant.
1258 4823 1347 4884 Ita
1377 4831 1527 4884 recte
1583 4823 1964 4884 Casaubonus
2072 4823 2281 4897 tinace,
2296 4830 2354 4897 _t.
2389 4823 2432 4888 Ι,

309 4909 355 4960 t.
393 4903 439 4970 Ι,
471 4903 596 4958 Scr.
631 4900 698 4958 Η.
731 4903 799 4956 Α.
829 4917 886 4971 p.
909 4899 1197 4972 89(l,ante
1213 4897 1364 4956 diem
1392 4902 1520 4972 (pro
1542 4899 1829 4972 ad)pridie
1859 4900 1961 4972 Νο-

309 4991 418 5030 nas
452 4972 680 5029 Martia:
713 4970 999 5028 emendat.
1033 4971 1196 5035 Quod
1229 4970 1461 5039 moneo,
1494 4987 1567 5026 ne
1614 4970 1748 5042 quis
1780 4970 1966 5097 suspi-

311 5051 480 5097 cetur
507 5061 540 5097 e
571 5043 773 5097 Latina
815 5042 1312 5097 interpretatione.
1354 5057 1530 5097 uuam
1572 5041 1854 5097 hodierno
1906 5059 1964 5097 o-

311 5051 480 5104 cetur
507 5061 540 5100 e
571 5043 773 5100 Latina
815 5042 1312 5114 interpretatione,
1354 5057 1530 5114 quam
1572 5041 1854 5114 hodierno
1882 5041 1964 5099 lo-

310 5116 532 5188 quendi
570 5115 716 5172 mori
751 5111 1205 5188 accommodavi,
1235 5127 1327 5170 me
1359 5111 1606 5170 voluisse
1637 5111 1857 5186 aliquid
1901 5114 1962 5170 in

309 5185 531 5245 Graecis
563 5190 858 5242 mutatum
900 5185 1005 5241 ire.

385 5257 714 5386 ξίΟλΑοιζε
773 5256 982 5328 populo
1011 5255 1238 5338 gratiis,
1280 5255 1436 5339 quod
1489 5254 1601 5339 sibi
1644 5271 1760 5313 non
1817 5256 1965 5315 bene

409 5335 531 5386 enti
560 5345 790 5385 veniam
841 5329 1079 5385 sedendi
1138 5327 1362 5386 iecerit.
1392 5327 1753 5384 considebat.
1789 5328 1963 5385 Debe-

313 5327 531 5388 vaienti
560 5327 790 5385 veniam
841 5327 1079 5385 sedendi
1138 5327 1362 5396 iecerit,
1392 5327 1753 5384 considebat.
1789 5328 1963 5385 Debe-

313 5401 456 5458 bant
510 5415 721 5470 nempe
771 5400 1150 5470 imperatores
1219 5399 1539 5470 peroraturi
1588 5406 1762 5470 stare,
1821 5404 1888 5455 ut
1933 5415 1964 5456 e

314 5471 579 5528 nummis
610 5469 872 5528 veterum
899 5469 1507 5543 impp._cognoscitur.
1553 5469 1715 5527 Conf.
1748 5487 1804 5542 p.
1833 5471 1959 5543 243,

313 5551 368 5599 et
397 5543 551 5615 infra
579 5559 645 5606 ιι,
703 5558 829 5615 cap.
863 5543 950 5615 1_0,
990 5541 1108 5615 ubi
1156 5541 1234 5615 Ade
1283 5542 1543 5615 oratione
1589 5541 1963 5615 quadragesi-

315 5613 478 5686 mali.
501 5610 805 5686 Catamiti,
837 5613 1125 5686 adoratiq
1151 5613 1283 5683 ista,
1323 5613 1352 5666 6
1407 5610 1716 5686 ἀσπασμός,
1772 5610 1964 5672 etinsi-

315 5685 504 5742 stabat
519 5684 579 5740 in
607 5685 924 5757 iactatione
944 5683 1131 5742 osculi
1152 5699 1507 5757 per-manum
1537 5683 1622 5742 ori
1655 5686 1964 5754 admotam,

315 5771 448 5812 cum
482 5756 744 5826 corporis
774 5754 1173 5814 inclinatione}
1218 5756 1382 5828 Sapo
1411 5756 1683 5830 leguntur
1705 5757 1961 5829 impera-

2468 4839 2524 4893 p.
2555 4822 2683 4889 566,
2713 4823 2824 4893 fuit
2851 4823 2908 4878 in
2939 4823 3102 4877 curia
3131 4821 3720 4893 hanoriﬁcentissimus

2073 4895 2152 4967 [id
2175 4891 2274 4951 est
2295 4891 2563 4967 Patribus
2585 4892 2933 4967 conscriptis
2967 4893 3022 4947 in
3065 4893 3227 4948 curia
3257 4893 3496 4967 honoris
3529 4891 3718 4967 pl_ur_if

1987 4938 2036 5005 Β
2067 4938 2266 5022 ἕιὶῖιιῖῗ
2287 4938 2650 5037 etiam:
2660 4938 2782 5020 "Et;
2795 4938 3717 5037 ’ἵιὶ’”δὲῗιαὶἷιὲίιίῖαἱιὲἷιὶὲῖη¹’’[Ξῖιόι

2075 5037 2267 5096 fausta
2289 5035 2734 5109 acclamantem]
2765 5037 3039 5094 adoraret.
3071 5035 3427 5092 Claudianus
3459 5049 3472 5088 :

3193 5192 3250 5232 re
3298 5191 3508 5231 ιασινει

2146 5253 2460 5310 Connixum
2486 5251 2762 5325 gradibus
2781 5253 3080 5325 veneratur
3117 5193 3366 5321 purpgtm
3393 5247 3610 5320 vulgus,

2143 5326 2327 5382 Plebi:
2355 5323 2602 5383 adoratae
2641 5323 2825 5380 reboat
2853 5324 3066 5393 fragor.

2073 5471 2187 5527 Sed
2218 5470 2304 5526 sic
2336 5469 2603 5527 solebant
2633 5471 2865 5523 tantum
2923 5467 3300 5535 imperatores
3332 5465 3567 5536 vetusti,
3599 5467 3720 5537 qui-

2075 5544 2340 5598 nondum
2372 5543 2453 5596 sic
2493 5539 2818 5609 tumebant,
2852 5543 2916 5593 ut
2937 5541 3266 5609 sequentes,
3298 5552 3548 5606 quorum
3585 5554 3717 5594 cum

2075 5615 2443 5670 decrescente
2464 5681 2471 5682 γ
2499 5614 2782 5682 potestate
2805 5608 3100 5682 superbia
3117 5611 3442 5682 crescebat.
3475 5610 3716 5682 Succes-

2073 5685 2153 5742 sit
2171 5686 2231 5740 in
2252 5677 2612 5757 adorationis
2641 5681 2836 5757 locum
2857 5677 2920 5735 τδ
2959 5677 3258 5754 ῥωσθέλιον
3291 5684 3350 5738 et
3369 5679 3404 5750 ἡ
3429 5680 3716 5757 σφράγισις

2073 5757 2145 5815 de
2166 5755 2379 5828 quibus
2408 5769 2515 5812 suo
2548 5753 2673 5812 loco
2703 5753 2837 5810 dixi.
