4154 6306
466 391 578 454 795

1541 383 2079 445 ΟΟΝΞΤΑΝΤΙΝΙ
2107 383 2814 448 PORPHYROGENITI

3801 389 3922 448 796

446 528 642 585 'debat
699 525 1069 598 persuadere,
1157 517 1254 579 ut‘
1301 522 1714 593 imperatorem
1790 524 2108 576 coronaret.

2225 519 2317 576 τὸν
2349 521 2598 596 βασιλέα,
2631 523 2720 578 καὶ
2752 521 3035 580 διαλαλιαὶ
3065 521 3272 579 πολλαὶ
3298 522 3433 598 περὶ
3479 522 3726 591 τούτου,
3786 524 3921 579 ὑπο-

470 618 670 676 Multis
702 615 962 672 vicissim
994 610 1514 675 intercedentibus,
1537 609 1718 664 sacris
1749 609 2118 666 sermonibus

469 706 843 780 promittebat
858 703 1094 759 tandem
1115 702 1450 770 imperator,
1476 698 1532 752 id
1555 715 1618 754 se
1645 698 1955 754 facturum.
1988 697 2116 755 Cla-

466 797 707 852 mabunt
727 793 929 866 igitur,
948 789 1085 845 velit
1117 787 1312 844 missis
1325 787 1604 858 magistro
1618 787 1863 858 aliisque
1894 787 2117 859 aliquot

469 884 725 956 patriciis
781 883 1065 936 Caesarem
1127 893 1440 934 arcessere.
1475 879 1597 943 Quo
1657 877 1962 948 imperato,
1997 893 2114 933 ma.

464 975 645 1046 gister
675 976 731 1028 et
761 970 969 1026 delecti
999 969 1228 1040 patricii
1259 968 1518 1034 abibant,
1551 967 2114 1024 etadducebantCis-

461 1079 672 1130 sarem,
708 1076 961 1133 eumque
995 1060 1067 1115 ad
1114 1059 1416 1115 sinistram
1467 1057 1837 1128 imperatoris
1861 1057 2113 1113 colloca-

460 1153 625 1208 bant.
659 1152 767 1206 Sed
801 1150 1111 1222 episcopus
1160 1163 1333 1219 quem
1369 1163 1486 1202 una
1515 1163 1644 1202 cum
1669 1149 1892 1202 Caesare
1923 1147 2115 1203 addu-

463 1242 692 1305 cebant,
747 1238 1106 1295 consistebat
1181 1237 1252 1290 ad
1303 1235 1672 1306 imperatoris
1726 1236 2004 1303 dextram,
2055 1240 2113 1292 et

463 1329 710 1385 faciebat
741 1330 1010 1400 preceset
1039 1324 1137 1396 pia
1165 1328 1297 1380 vota
1329 1324 1584 1395 :quibus
1617 1323 1825 1392 ﬁnitis,
1857 1340 2106 1380 omnes:

461 1441 488 1468 «
512 1419 718 1486 Amen,
741 1437 769 1466 »
806 1414 1205 1471 succinebant.
1239 1414 1358 1480 Quo
1389 1414 1539 1470 tacto
1556 1414 1904 1485 praepositus
1935 1415 2112 1486 impe-

461 1506 639 1562 ratori
673 1519 947 1560 coronam
965 1501 1315 1574 porrigebat,
1348 1518 1523 1573 quam
1553 1502 1646 1557 hic-
1674 1506 1837 1558 stans
1867 1503 2109 1560 Caesaris

460 1596 522 1650 in
547 1601 724 1666 caput
752 1593 1111 1663 imponebat,
1162 1589 1496 1646 acclamans
1544 1593 1628 1646 ter
1661 1607 1726 1646 :«
1761 1591 2044 1647 Feliciter.
2077 1612 2108 1642 κ

461 1684 675 1740 Abibat
697 1686 821 1738 tum
853 1681 1256 1752 episcopus,et
1284 1680 1625 1736 considebat
1653 1680 1971 1752 imperator
1997 1681 2108 1737 Leo

463 1789 714 1844 magnus
748 1791 762 1840 ;
797 1771 988 1826 minor
1009 1773 1206 1825 autem
1238 1773 1348 1824 Leo
1371 1768 1664 1825 salutabat
1719 1776 1883 1841 gestu
1921 1787 2108 1842 popu-

461 1861 586 1916 lum
620 1862 731 1929 ;ad
763 1860 920 1931 quod
953 1874 1157 1914 omnes
1200 1859 1605 1914 exclamabant
1637 1875 1650 1914 :
1711 1881 1738 1908 «
1762 1861 2038 1930 Auguste.
2078 1880 2105 1908 »

461 1951 627 2006 Tunc
665 1948 976 2007 veniebant
997 1947 1300 2018 prafectus
1333 1946 1499 2002 Urbis
1531 1951 1588 2002 et
1626 1952 1866 2004 senatus
1897 1964 1930 2002 a
1959 1947 2101 2003 sini-

460 2042 586 2095 stra
599 2042 784 2110 parte,
807 2041 865 2093 et
885 2037 1203 2093 offerebant
1227 2035 1338 2108 ipsi
1364 2036 1680 2092 modiolum
1713 2053 1813 2094 seu
1828 2053 2103 2093 coronam

459 2144 722 2192 auream,
764 2131 827 2183 ut
849 2143 974 2182 mos
1000 2131 1108 2194 est,
1143 2130 1200 2182 et
1221 2125 1627 2197 alloquebatur
1646 2126 1965 2198 imperator
1994 2126 2106 2182 mi-

462 2217 616 2285 lites,
649 2217 795 2273 251
840 2215 1312 2287 licentiansipsis
1342 2215 1904 2272 etabeundiveniam
1935 2217 2103 2284 dans,

463 2305 633 2363 simul
666 2305 1015 2377 promittens
1043 2304 1257 2360 viritim
1286 2321 1386 2375 pro
1417 2309 1868 2361 moreconsueto
1892 2305 2105 2376 quinos

462 2411 736 2452 nummos
759 2398 815 2450 et
833 2393 998 2450 litras
1018 2394 1242 2466 argenti
1265 2393 1525 2464 singulas
1555 2394 1791 2450 nomine
1811 2394 2106 2466 angustia-

460 2499 686 2542 corum.

1079 2568 1305 2626 CAPUT
1335 2567 1496 2625 XCV.

525 2660 896 2731 Inauguratio
945 2660 1204 2731 piissimi
1265 2659 1679 2717 domininostri
1711 2661 2030 2717 Iustiniani.

527 2828 655 2884 Pari
681 2827 858 2884 modo
886 2827 1055 2883 divus
1093 2826 1385 2898 Justinus,
1417 2829 1472 2883 et
1509 2826 1634 2899 ipse
1686 2843 1916 2900 quoque
1947 2827 2105 2900 gravi

458 2918 662 2975 morbo
695 2916 1324 2988 decumbens,hortatu
1342 2920 1678 2973 senatorum
1700 2917 2102 2990 imperatorem

459 3007 706 3066 faciebat
736 3008 798 3063 in
820 3021 1035 3079 magno
1065 3006 1323 3062 triclinio
1347 3006 1683 3078 piissimum
1711 3012 1976 3062 nostrum
2008 3006 2103 3062 do-

458 3098 689 3153 minum
722 3096 1122 3153 Justinianum
1155 3116 1170 3165 ;
1204 3096 1357 3167 quod
1388 3096 1677 3166 quomodo
1716 3099 2010 3166 peractum
2026 3094 2104 3150 sit

462 3184 706 3240 breviter
763 3186 1011 3240 dicetur.
1073 3185 1288 3248 Quarto
1343 3181 1561 3255 Aprilis
1609 3183 1723 3251 die,
1784 3183 2102 3239 indictione

2229 611 2500 686 σχομένου
2540 612 2707 669 αὐτοῦ
2735 617 2896 668 τοῦτο
2927 618 3125 669 ποιεῖν.
3161 613 3290 670 Εἶτα
3330 608 3586 687 ἔκραζον
3641 611 3789 666 ὥστε
3827 614 3919 669 τὸν

2229 701 2522 778 μάγιστρον
2571 703 2780 776 πέμψαι
2827 703 2916 758 καὶ
2964 704 3282 776 πατρικίους
3347 701 3452 756 καὶ
3531 701 3776 776 ἀγαγεῖν
3826 705 3912 758 τὸν

2223 790 2481 862 Καίσαρα.
2513 791 2612 846 Καὶ
2657 791 2944 866 ἐπέτρεψεν
2989 796 3070 864 τῷ
3122 790 3402 866 μαγίστρῳ
3461 789 3566 843 καί
3619 810 3771 844 τισιν
3817 811 3913 845 πα·

2221 879 2450 952 τρικίοις
2492 879 2744 936 ἀπελθεῖν
2802 881 2890 936 καὶ
2951 883 3172 958 ἀγαγεῖν
3232 880 3418 936 αὐτόν,
3497 878 3610 932 Καὶ
3665 877 3910 948 ἐξελθόν-

2221 988 2307 1030 τες
2365 969 2570 1046 ἤγαγον
2619 971 2711 1025 τὸν
2772 972 3035 1044 Καίσαρα,
3079 970 3168 1024 καὶ
3226 967 3475 1038 ἔστησαν
3537 966 3628 1030 εἷς
3675 968 3748 1021 τὰ
3795 968 3912 1042 ἀρι-

2222 1057 2503 1132 στεράτοῦ
2557 1059 2845 1134 βασιλέως,
2903 1060 2995 1114 καὶ
3049 1060 3141 1113 τὸν
3201 1057 3515 1112 ἐπίσκοπον
3570 1056 3675 1110 σὺν
3739 1057 3904 1128 αὐτῷ,

2290 1149 2305 1167 \
2343 1144 2367 1165 ’θ
2531 1147 2545 1168 9
2645 1149 2659 1166 \
2703 1146 2726 1165 λ
2814 1149 2827 1164 1
3168 1152 3194 1161 υ
3436 1146 3448 1164 Ι
3695 1143 3709 1163 τ

2222 1167 2307 1200 και
2341 1167 2468 1217 εστη
2503 1169 2579 1212 εις
2605 1170 2667 1203 το
2699 1150 2867 1218 οεξιον
2903 1147 3067 1222 μέρος
3100 1169 3198 1202 του
3249 1146 3548 1222 βασιλεως
3605 1145 3635 1198 ὁ
3690 1146 3902 1201 επίσκο-

2221 1256 2344 1303 πος,
2375 1237 2464 1290 καὶ
2496 1235 2664 1312 εὐχὴν
2698 1235 2972 1307 ἐποίησεν,
3013 1237 3102 1291 καὶ
3145 1237 3448 1314 ὑπήχησαν
3488 1236 3541 1270 ⁸⁷
3572 1234 3779 1297 πάντες
3820 1237 3922 1304 τὸ,.

2221 1347 2250 1375 ‹‹
2283 1325 2482 1397 Ἀμήν.
2519 1349 2540 1376 ι
2588 1327 2694 1383 Καὶ
2744 1327 2771 1380 ὁ
2803 1327 3162 1400 πραιπὸσιτος
3207 1321 3492 1378 ἐπέδωκεν
3546 1326 3638 1394 τῷ
3691 1320 3902 1396 βασιλεῖ

2218 1415 2495 1487 στέφανον,
2529 1414 2616 1469 καὶ
2657 1413 2978 1470 ἐπιτέθεικεν
3029 1414 3105 1476 εἷς
3152 1415 3251 1483 τὴν
3302 1411 3573 1488 κεφαλῆν
3630 1415 3736 1466 τοῦ
3766 1411 3898 1468 Καί-

2219 1523 2405 1578 σαρος,
2438 1529 2467 1556 ››
2501 1503 2784 1581 Εὐτυχῶς,
2815 1506 3085 1579 εὐτυχῶς,
3119 1491 3364 1580 εὐτυχῶς
3399 1504 3555 1576 (11),
3596 1525 3627 1553 ››
3661 1501 3757 1556 καὶ
3808 1502 3899 1557 ἀν-

2218 1594 2501 1668 εχώρησεν
2534 1595 2562 1648 ὁ
2595 1595 2908 1664 ἐπίσκοπος,
2939 1595 3028 1648 καὶ
3064 1592 3304 1648 ἐκαθισεν
3334 1594 3363 1647 ὁ
3401 1590 3694 1666 βασιλεὺς
3727 1591 3892 1650 Λέων.

2219 1682 2319 1739 Καὶ
2352 1683 2379 1736 ὁ
2434 1684 2627 1757 μικρὸς
2684 1684 2833 1737 Λὲων
2885 1680 3160 1752 ἤσπάσατο
3211 1683 3323 1755 (12)
3370 1681 3476 1735 τὸν
3539 1677 3759 1753 δῆμον,
3809 1681 3893 1735 καὶ

2216 1767 2436 1846 ἔκραξαν
2468 1773 2678 1834 πάντες·
2713 1796 2740 1824 ‹‹
2774 1769 3067 1848 Αὕγουστε.
3101 1795 3128 1822 ››
3162 1773 3263 1828 Καὶ
3292 1771 3424 1827 τότε
3457 1767 3646 1839 ἦλθεν
3679 1770 3708 1824 ὁ
3740 1766 3891 1844 ἔπαρ-

2217 1879 2318 1934 χος
2357 1869 2457 1930 τῆς
2507 1859 2724 1923 πόλεως
2774 1859 2823 1933 ἐξ
2873 1861 3170 1936 ἀριστερῶν
3202 1862 3292 1914 καὶ
3322 1862 3357 1929 ἡ
3395 1857 3759 1934 σύγκλητος,
3806 1859 3889 1913 καὶ

2212 1952 2568 2025 προσήγαγον
2602 1950 2746 2021 αὐτῷ
2782 1948 3063 2023 μοδίολον,
3108 1951 3233 2019 ἤτοι
3284 1948 3591 2028 στέφανον,
3652 1952 3884 2025 χρυσοῦν

2213 2041 2350 2094 κατὰ
2386 2041 2448 2094 τὸ
2479 2038 2621 2112 ἔθος,
2654 2041 2744 2095 καὶ
2782 2038 3105 2110 διελάλησεν
3140 2040 3168 2094 ὁ
3201 2038 3473 2115 βασιλεὺς
3533 2035 3887 2112 ἀποδεχόμε-

2211 2149 2299 2190 νος
2357 2131 2475 2201 (13)
2530 2131 2656 2190 τοὺς
2714 2130 3068 2204 στρατιώτας,
3126 2128 3217 2183 καὶ
3297 2128 3591 2203 ὑπέσχετο
3680 2126 3881 2198 ἑκάστῳ

2215 2215 2424 2273 διδόναι
2457 2219 2596 2273 κατά
2625 2219 2687 2274 τὸ
2715 2214 2832 2280 ἔθος
2864 2219 3000 2294 πρὸς
3049 2221 3158 2291 (14)
3205 2216 3364 2272 πέντε
3416 2217 3753 2291 νομίσματα
3797 2215 3882 2269 καὶ

2215 2306 2406 2382 λίτραν
2441 2307 2681 2384 ἀργύρου
2713 2308 2846 2381 ὑπὲρ
2876 2307 3307 2383 αὐγουστιακῶν.
3561 2317 3563 2319 ’

2821 2571 3081 2626 ΚΕΦΑΛ.
3123 2568 3240 2646 qua

2321 2657 2711 2734 Ἀναγόρευσις
2743 2662 2841 2734 τοῦ
2872 2651 3263 2734 εὐσεϐεστάτου
3288 2659 3456 2731 ἡμῶν
3495 2654 3769 2713 δεσπότου

2761 2731 3143 2785 Ἰουστινιανοῦ
3175 2730 3310 2801 (15).

2289 2819 2350 2877 Ὁ
2384 2821 2481 2888 τῆς
2524 2819 2671 2882 θείας
2726 2818 2936 2889 λήξεως
2999 2821 3288 2880 Ἰουστῖνος
3339 2819 3438 2874 τὸν
3495 2813 3882 2874 εὐσεϐέστατον

2216 2911 2378 2983 ἡμῶν
2435 2907 2700 2980 δεσπότην
2756 2908 3132 2966 Ἰουστινιανὸν
3184 2907 3441 2979 ἐποίησεν
3495 2908 3551 2964 ἐν
3595 2912 3679 2980 τῷ
3727 2905 3878 2981 μεγά-

2217 2999 2300 3074 λῳ
2328 2999 2611 3076 τρικλίνφ.
2661 3001 2760 3055 Καὶ
2811 3001 2972 3065 αὐτὸς
3015 3002 3117 3077 γὰρ
3170 2999 3222 3056 ἐν
3271 3001 3418 3073 νόσῳ
3476 2998 3702 3078 μεγάλῃ
3747 3018 3876 3053 κατ-

2213 3090 2415 3162 έκειτο,
2457 3091 2548 3145 καὶ
2596 3089 2961 3165 παρεκαλεῖτο
3010 3087 3116 3144 ἀπὸ
3165 3096 3265 3159 τῆς
3314 3089 3645 3165 συγκλήτου
3697 3089 3771 3150 εἰς
3815 3086 3868 3140 τὸ

2209 3184 2436 3250 ποιῆσαι
2470 3176 2628 3234 αὐτὸν
2667 3178 2912 3254 βασιλέα.
2957 3181 3040 3253 Τῇ
3095 3179 3185 3233 οὖν
3230 3179 3466 3255 τετάρτῃ
3530 3182 3632 3235 τοῦ
3685 3178 3875 3250 Ἀπρι-

457 3273 688 3345 quinta,
722 3273 1002 3344 magistro
1032 3273 1297 3342 Tatiano,
1345 3271 1667 3344 imperabat
1694 3271 1966 3328 dominus
2023 3272 2099 3328 si-

2220 3265 2337 3322 λίου
2368 3269 2481 3340 (16)
2525 3268 2695 3340 μηνὸς
2745 3265 2848 3324 ἱνδ.
2899 3275 2957 3339 ε’,
3011 3266 3315 3344 μαγίστρου
3362 3267 3531 3332 ὂντος
3583 3269 3867 3332 Τατιανοῦ,

457 3361 705 3418 lentium
726 3367 783 3416 et
812 3366 1167 3434 comentum,
1192 3378 1294 3418 seu
1326 3365 1698 3432 conventum,
1722 3366 1777 3416 et
1800 3365 1864 3416 ut
1895 3361 2106 3417 scholaa

458 3450 728 3523 palatinis
753 3451 1108 3523 ordinesque
1140 3451 1422 3506 militares
1451 3466 1655 3506 omnes
1678 3450 1735 3505 in
1766 3449 2106 3520 delphacem

458 3539 702 3596 coirent.
736 3540 948 3594 Aderat
1003 3540 1314 3611 episcopus
1373 3544 1432 3594 et
1477 3555 1678 3611 preces
1724 3539 1996 3609 faciebat,
2052 3544 2110 3598 et

453 3626 775 3686 coronabat
805 3628 988 3698 ipsum
1012 3626 1345 3700 [Justinus],
1368 3631 1426 3682 et
1450 3627 1667 3683 ﬁebant
1688 3626 1883 3682 omnia
1903 3628 2105 3684 eodem

463 3718 657 3782 modo,
689 3731 802 3785 quo
829 3714 1004 3787 paulo
1037 3719 1172 3770 ante
1201 3715 1473 3784 diximus,
1507 3732 1574 3770 ea
1605 3715 1729 3772 sola
1775 3731 1910 3771 cum
1943 3715 2106 3771 diti'e-

459 3805 666 3874 rentia,
698 3806 847 3875 quod
879 3805 959 3861 ibi
979 3821 1067 3862 res
1089 3805 1147 3860 in
1163 3803 1585 3876 circosursum,
1615 3804 1708 3862 hic
1738 3805 1797 3861 in
1829 3804 2107 3877 delphace

455 3904 686 3968 peracta
725 3895 854 3952 fuit.

2215 3355 2493 3413 ἐκέλευσεν
2527 3357 2792 3414 σιλέντιον
2825 3357 2914 3413 καὶ
2946 3358 3227 3432 κομὲντον,
3261 3359 3348 3414 καὶ
3381 3359 3485 3421 τὰς
3520 3356 3737 3433 σχολὰς
3787 3353 3870 3407 καὶ

2216 3445 2282 3499 τὰ
2326 3445 2700 3520 στρατεύματα
2739 3449 2914 3502 πάντα
2954 3447 3344 3522 παραγενέσθαι
3392 3446 3447 3503 ἐν
3498 3452 3582 3519 τῷ
3627 3443 3865 3522 δέλφακι.

2216 3534 2319 3589 Καὶ
2373 3536 2692 3612 παρεγένετο
2750 3537 2779 3591 ὁ
2845 3534 3162 3608 ἐπίσκοπος,
3223 3537 3310 3592 καὶ
3361 3536 3543 3612 εὐχήν
3599 3534 3862 3603 ἐποίησεν,

2213 3623 2306 3679 καὶ
2338 3617 2562 3698 ἔστεψνε
2593 3625 2780 3693 αὐτὸν,
2811 3625 2901 3679 καὶ
2930 3625 3104 3680 πάντα
3143 3623 3277 3679 κατᾶ
3313 3624 3375 3679 τὸ
3425 3626 3625 3699 ’ὀμοιον
3676 3627 3859 3696 σχῆμα

2215 3711 2446 3787 ἐγένετο,
2481 3712 2541 3768 οὐ
2577 3712 2764 3787 μέντοι
2818 3712 2869 3768 ἐν
2917 3717 2998 3786 τῷ
3046 3715 3256 3786 ἱππικῷ
3306 3712 3442 3785 ἂνω,
3496 3711 3644 3768 ἀλλὰ
3691 3708 3740 3765 ἐν
3786 3709 3860 3777 τῷ

2217 3799 2465 3880 δέλφακι.

1811 4022 1904 4072 VA
1914 4019 2054 4076 ΒΙίΕ
2093 4017 2400 4078 LECTION
2410 4019 2512 4077 ES.

529 4151 574 4187 ³⁷
607 4151 903 4226 ὑπήχησαν
934 4152 1063 4222 conj
1099 4151 1190 4220 3.,
1225 4149 1535 4220 ὑπήκουσαν
1569 4152 1692 4206 cod.

1524 4266 1718 4323 JOAN.
1745 4267 1890 4324 JAC.
1920 4268 2177 4326 REISKII
2209 4269 2797 4328 COMMENTARIUS.

537 4385 825 4457 (ttiAnte
872 4382 1120 4457 εὐτυχῶς
1150 4384 1413 4440 lacunam
1473 4401 1621 4450 esse,
1681 4386 1848 4455 cujus
1905 4381 2104 4442 tamen

462 4456 522 4510 in
548 4455 752 4510 codice
786 4455 1038 4510 nullum'
1067 4457 1375 4528 vestigium
1429 4463 1519 4514 est
1549 4473 1641 4514 res
1673 4457 1798 4528 ipsa
1826 4458 2106 4530 loquitur.

463 4526 628 4582 Conf.
671 4542 728 4582 ο.
776 4526 896 4581 129.

507 4542 628 4582 om.
671 4542 728 4592 p.
776 4542 896 4581 1'49.

535 4597 649 4668 (12)
676 4601 822 4666 Ergo
865 4598 987 4666 jam
1036 4598 1106 4652 ad
1165 4614 1295 4655 eam
1350 4604 1581 4656 atatem
1627 4600 1954 4656 adoleverat
2005 4602 2117 4658 Leo

470 4669 686 4744 minor,
720 4672 786 4744 ut
816 4669 1076 4744 monitus
1097 4677 1264 4744 gestu
1297 4670 1551 4728 salutare
1584 4673 2116 4744 populum'posset,

470 4743 535 4794 ut
565 4743 815 4815 saperet,
854 4747 921 4815 _ut
952 4743 1129 4796 staret
1159 4742 1281 4815 suis
1328 4742 1599 4812 pedibusf
1634 4743 1781 4800 Nam
1820 4742 2120 4815 praecessit

469 4806 653 4884 paulo:
682 4814 814 4865 ante
852 4806 1104 4884 ἔστησαν.
1161 4806 1476 4884 Procopius
1543 4819 1739 4871 tamen
1793 4806 1950 4884 eum,
2013 4831 2118 4873 avo

471 4881 807 4956 decedente,
842 4882 1154 4956 puerulum
1185 4881 1519 4956 paucorum
1545 4885 1772 4941 dierum
1806 4881 1985 4943 fuisse
2016 4888 2114 4956 ait,

471 4950 546 5012 εἰς
589 4953 812 5026 ἡμερῶν
842 4947 936 5007 ’ἔτι
969 4947 1205 5027 ὀλίγων’
1226 4951 1444 5018 ἡλικίαν
1487 4952 1713 5022 ἥκοντα.
1745 4959 1951 5014 Malala
1981 4947 2114 5014 eum

471 5040 574 5095 per
606 5041 786 5078 unum
805 5041 1026 5080 annum
1053 5029 1276 5097 gestum
1295 5027 1522 5097 imperii
1544 5030 1779 5083 nomine
1800 5030 2117 5085 decessisse

472 5097 573 5162 ait,
603 5112 754 5150 anno
769 5097 956 5151 aetatis
972 5096 1243 5167 septimo.
1273 5096 1596 5167 Chronich
1619 5099 1924 5154 Alexandr.
1954 5101 2114 5156 XVII

467 5183 647 5292 :ntlilos
686 5168 818 5292 vitta:
849 5169 963 5239 ipsi
995 5165 1239 5236 tribuit;
1271 5167 1390 5223 vid.
1441 5165 1736 5224 Cbilmead
1795 5172 1866 5225 ad
1919 5171 2113 5228 Malal.

500 5277 512 5290 .
610 5282 624 5292 .
661 5255 713 5292 ι).
819 5281 830 5292 .

541 5255 1018 5382 (1ἐ)βέἰῗῗέὰἰοεπε
1051 5309 1309 5377 reddidi;
1346 5326 1457 5365 non
1526 5309 1677 5364 male
1717 5311 1974 5382 quidem,
2009 5313 2113 5368 ali-

475 5386 696 5505 quantg
723 5380 932 5436 melius
957 5390 1145 5436 tamen
1185 5382 1390 5437 fuisset
1411 5380 1999 5448 licentiangfabeundi
2030 5401 2119 5441 ve-

475 5466 625 5505 niam
695 5467 820 5505 aus.

465 5466 625 5506 niam
655 5466 820 5506 (18118.

549 5522 664 5591 (14)
697 5523 770 5597 De
801 5538 940 5597 usu_
960 5523 1385 5597 praepositionis
1439 5524 1595 5597 πρὸς,
1621 5525 1721 5595 qui
1751 5523 1842 5579 hic
1874 5525 2114 5597 obtinet,

479 5590 668 5644 dieam
700 5593 768 5645 ad
799 5610 854 5662 p.
880 5590 1006 5649 281.

550 5662 665 5740 (15)
693 5661 774 5740 De
804 5661 1231 5740 renuntiationis
1276 5665 1596 5740 Justiniani
1622 5667 1840 5740 Mavid.
1875 5667 2112 5740 Procop.

483 5730 755 5782 Anecdot.
804 5748 862 5801 p.
923 5734 1010 5802 45,
1054 5742 1104 5788 οι
1137 5736 1215 5791 ibi
1250 5742 1367 5793 not.
1417 5737 1746 5804 Alemanni,
1796 5740 1892 5811 qui
1917 5730 2112 5798 tamen

2214 4391 2402 4460 totum
2436 4393 2592 4444 hunc
2624 4389 2818 4444 locum
2850 4388 3107 4460 ProcOpii
3149 4389 3361 4460 partim
3401 4388 3629 4444 exiliter
3658 4385 3848 4460 adum-

2139 4445 2183 4509 D
2215 4459 2404 4531 bravit
2435 4466 2661 4524 tantum
2688 4462 2746 4514 in
2778 4445 3256 4531 Latinisipartim
3298 4463 3561 4530 quaedam
3587 4449 3844 4531 Procopio

2223 4530 2294 4586 de
2325 4546 2432 4603 suo
2453 4532 2698 4600 afﬁnxit,
2733 4547 2861 4603 quae
2890 4548 3025 4587 cum
3049 4529 3333 4587 Vbistoria’
3355 4533 3640 4603 pugnant.
3677 4529 3842 4600 Locus

2223 4617 2357 4671 ergo
2389 4601 2473 4656 sic
2496 4604 2637 4657 verti
2671 4601 2981 4659 debuerat:
3005 4604 3288 4675 τυραννῶν
3317 4601 3653 4675 τεαύτίκα...γ
3673 4603 3843 4675 statim

2222 4682 2525 4746 tyrannum
2553 4675 2875 4746 seigerebat,
2899 4690 2969 4730 ex
2999 4674 3101 4745 quo
3128 4691 3395 4746 summam
3425 4674 3735 4746 potestatem
3762 4674 3843 4746 in-

2221 4740 2474 4813 v'adebat,
2519 4740 3131 4802 violentiam'actibnis
3187 4746 3311 4815 (τῆς
3341 4740 3837 4815 ἐπίϐατώσεωςηρ·

2221 4803 2476 4870 vasionis
2509 4815 2955 4887 inimperialem
2995 4803 3362 4887 dignitatem)
3408 4803 3840 4887 simulatovulttt

2223 4893 2274 4942 et
2301 4891 2574 4958 prmlextu
2602 4878 2827 4944 conﬁcto
2846 4878 3360 4959 υειαηδ.”ριιίάᾳιιὶιῖ
3379 4891 3528 4942 enim
3563 4881 3774 4955 probum
3791 4878 3839 4959 εξ

2222 4957 2507 5014 honestum
2570 4962 2691 5014 erat
2733 4959 3104 5014 Romanorum
3151 4957 3254 5029 (id‘
3291 4961 3376 5012 est
3441 4957 3835 5029 procerem}!ul

2221 5035 2360 5085 sunt
2386 5031 2639 5086 honestus
2695 5029 2867 5096 ordo),
2901 5030 3084 5101 ipsum
3107 5019 3521 5096 rénuntiabaizt,
3560 5024 3627 5101 ad
3653 5019 3834 5101 iga/ira-

2219 5106 2374 5172 gium
2410 5103 2522 5172 ipsi
2577 5093 2938 5156 dandum—(oi
2963 5101 3442 5156 circumstantium
3469 5093 3830 5172 periculorme

2220 5161 2282 5227 iii
2308 5161 2578 5243 facerent,
2628 5177 2780 5227 metu
2835 5174 3124 5242 compulsi,
3154 5161 3526 5243 praeterqua'm
3555 5162 3693 5243 quod
3711 5161 3832 5243 Deus

2220 5242 2388 5300 etiam
2417 5244 2562 5299 hunc
2591 5245 2712 5298 orbi
2740 5243 2872 5298 dare
2890 5242 3174 5298 dominum
3221 5243 3546 5298 decreverat.
3575 5242 3832 5298 Suscepe-

2222 5325 2356 5396 runt
2387 5331 2523 5386 ergo
2549 5315 3010 5396 dominationem
3066 5315 3530 5396 iustinianusha‘c
3558 5301 3829 5396 Ἔὴεοςςξξ

2222 5387 2391 5441 tertio
2422 5379 2554 5442 ante
2595 5388 2805 5441 festum
2840 5384 3136 5440 Paschatis
3157 5385 3270 5452 die,
3305 5383 3396 5438 ὅτε
3436 5379 3499 5452 δή
3533 5379 3650 5452 οὔτε
3678 5379 3830 5452 cisiis-

2223 5466 2413 5518 σασθαι
2445 5476 2632 5513 τινα...
2674 5459 2767 5512 Sic
2799 5457 2930 5523 leg.,
2987 5473 3102 5511 uno
3162 5444 3284 5508 οὔτε
3332 5471 3461 5510 cum
3489 5444 3670 5523 tribus
3697 5444 3828 5523 8559f

2223 5506 2388 5583 riscis
2427 5506 2634 5584 deleto.
2663 5527 2816 5585 Nihil
2847 5506 3000 5582 enim
3051 5526 3130 5580 ibi
3163 5528 3346 5592 deest,
3379 5525 3478 5582 sed
3507 5520 3694 5576 vitiose
3723 5506 3828 5561 οὔτε

2219 5615 2402 5654 unum
2437 5600 2734 5671 abundat,
3088 5669 3098 5671 _
3249 5668 3260 5671 _
3361 5666 3377 5671 _
3484 5666 3492 5671 _

2291 5672 2406 5742 (16)
2446 5672 2590 5740 Ergo
2640 5669 2967 5742 falluntur,
3001 5669 3102 5742 qui
3144 5659 3682 5742 _Kalend.__iA_prfli§‘
3707 5658 3822 5742 gggl

2223 5715 3239 5799 viiig’ei'cévsieé'eaiuht.’iniiiciiov
3268 5737 3472 5794 incidit
3499 5715 3551 5790 iii
3565 5731 3624 5787 A.
3647 5715 3822 5782 0.527.

4084 3181 4088 3410 η
