4154 6306
270 305 387 368 805

1132 305 1235 365 na
1277 300 2008 383 cunmonnsgaumu
2051 302 2526 364 BYZANTINE
2570 302 2722 363 LIB.
2770 305 2820 363 1.

3552 307 3675 370 806

269 440 396 500 τοὺς
463 442 559 492 τοῦ
589 437 824 512 κλήρου.
881 437 942 494 '0
991 433 1048 490 δὲ
1095 437 1447 514 πατριάρχης
1514 434 1964 508 ἆδηλοποίησινλ

2064 455 2199 508 quo,
2233 438 2444 509 abibat,
2470 436 2838 508 militumque
2859 453 2958 492 seu
2984 436 3318 493 milliarium
3353 440 3677 511 trajiciens,

271 528 362 582 τὸν
415 529 734 602 μάγιστρον,
785 523 962 580 ἐλθεῖν
1013 525 1064 578 ἐν
1113 527 1181 598 τῇ
1233 523 1499 594 ἐκκλησίᾳ
1546 525 1635 579 καὶ
1687 525 1930 599 εἷρηνεῦ-

281 637 372 671 σαι
401 619 518 690 (31)
546 617 637 670 τὸν
672 614 825 670 λαὸν.
858 615 918 670 Ὁ
951 611 1008 667 δὲ
1039 609 1436 683 ἐδηλοποίησεν
1466 617 1637 685 ςτοῦτο
1679 614 1770 668 τὸν
1820 634 1930 669 πα-

275 707 722 780 ρακοιμώμενονο
761 703 788 756 6
831 699 889 755 δὲ
938 701 1042 756 οὐκ
1088 700 1371 776 ἐπέτρεψεν
1422 705 1607 756 τοῦτο.
1660 700 1825 763 Γνοὺς
1876 699 1933 756 δὲ

274 795 444 850 τοῦτο
483 795 510 848 6
543 792 699 863 λαὸς,
734 791 912 865 ζήλῳ,
947 792 1022 853 ὡς
1052 788 1312 862 εἴπωμεν,
1360 791 1488 864 θείῳ
1535 790 1847 868 φερόμενοι,
1881 791 1932 844 οἳ

281 884 381 956 μὲν
413 883 549 957 πρὸς
577 883 670 937 τὸν
713 883 860 936 οἶκον
888 884 984 935 τοῦ
1015 882 1378 958 πανευφήμου
1430 880 1728 956 μαγίστρου
1781 877 1933 933 ἂπῖε-

279 991 376 1024 σαν
432 967 664 1044 φυλάξαι
722 971 914 1021 τοῦτον
967 958 1444 1019 ἀνεπιϐούλευτον·
1495 965 1550 1017 οἱ
1603 961 1660 1019 δὲ
1710 961 1934 1024 πλείους

276 1059 331 1113 ἒν
401 1061 470 1130 τῇ
536 1054 800 1126 ἐκκλησίᾳ
867 1054 1334 1127 ἐναπομείναντες,
1401 1053 1570 1109 πάντα
1626 1055 1694 1109 τὰ
1767 1052 1821 1108 ἐν
1865 1057 1932 1128 τῇ

275 1144 552 1217 ἐκκλησίᾳ
581 1145 639 1200 ἐκ
668 1145 846 1217 ξύλων
896 1143 1059 1212 σκεύη
1108 1141 1254 1198 ὅπλα
1303 1144 1667 1221 χρησάμενοι,
1709 1143 1935 1214 ἐξῆλθον

275 1244 385 1308 τῆς
418 1233 733 1304 ἐκκλησίας,
775 1233 866 1288 καὶ
916 1237 1035 1295 τοῖς
1084 1231 1425 1308 ἀνταίρουσιν
1466 1228 1933 1308 προσϐάλλοντες,

275 1323 786 1401 παρατεταγμένοις
851 1322 999 1378 οὖσιν
1074 1320 1129 1376 ἐν
1197 1320 1394 1385 ὅπλοις
1463 1320 1765 1381 Μακεδόσιν
1843 1324 1935 1378 καὶ

279 1411 680 1488 αἰχμαλώτοις
737 1415 848 1466 τῶν
894 1411 1138 1486 Ἀγάρων
1197 1413 1309 1485 (32)
1369 1411 1460 1466 καὶ
1514 1418 1632 1474 τοῖς
1691 1413 1933 1486 ῥηθεῖσιν

276 1502 627 1577 προσώποις,
659 1502 918 1574 Μαριανῷ
946 1498 1038 1552 καὶ
1069 1496 1316 1568 λοιποῖς,
1348 1499 1637 1575 τρέψαντες
1691 1498 1934 1576 φυγάδας

277 1592 573 1664 ἐποίησαν,
603 1589 693 1646 καὶ
723 1591 824 1659 τήν
857 1590 1015 1658 νίκην
1041 1589 1302 1664 ἀράμενοι
1328 1588 1577 1653 πολλοὺς
1604 1593 1701 1646 τοῦ
1748 1594 1936 1646 κοινοῦ

278 1681 426 1740 λαοῦ
472 1681 565 1736 καὶ
615 1682 850 1754 στρατοῦ
894 1679 1233 1735 ἀπέκτειναν.
1287 1678 1658 1753 Κατέστρεψαν
1709 1676 1765 1734 δὲ
1810 1680 1937 1742 τοὺς

282 1771 474 1834 οἴκους
508 1775 616 1826 τῶν
671 1766 1158 1845 παραταττομένων
1206 1773 1286 1841 τῷ
1334 1766 1515 1823 ἃνακτι
1569 1767 1764 1847 μέχρις
1814 1767 1938 1824 ἐδά-

286 1881 448 1937 φους,
479 1861 544 1915 τὰ
576 1858 748 1914 αὐτῶν
799 1859 973 1913 πάντα
1023 1855 1408 1933 διαρπάσαντες
1455 1856 1546 1912 καὶ
1591 1857 1686 1921 τὰς
1739 1858 1944 1932 πόρτας

285 1949 618 2019 ἀνοίξαντες,
650 1947 730 2020 τῷ
778 1948 1033 2025 φουσάτῳ
1080 1948 1196 2019 (33)
1258 1947 1555 2019 ἒνωϐἑντες,
1603 1950 1682 2018 τῷ
1729 1945 1945 2022 βασιλεῖ

289 2043 672 2114 γατεμήνυσαν
704 2042 930 2094 σπεῦσαι
963 2037 1018 2093 ἐν
1047 2041 1116 2110 τῇ
1147 2035 1329 2094 πόλει.
1363 2040 1446 2111 Τῇ
1497 2036 1632 2111 αὐτῇ
1666 2035 1723 2092 δὲ
1769 2039 1940 2108 νυκτὶ,

293 2129 492 2204 δεκάτῃ
531 2133 628 2184 τοῦ
675 2125 994 2202 Αὐγούστου
1045 2122 1236 2199 μηνὸς,
1284 2120 1547 2202 φοϐηθεὶς
1601 2127 1628 2180 ὁ
1676 2146 1942 2202 παρακοι-

299 2220 552 2293 μώμενος
584 2219 785 2296 Ἰωσὴφ
814 2217 906 2271 τὸν
937 2215 1089 2284 λαὸν,
1134 2215 1208 2277 ὡς
1255 2219 1393 2290 πρὸς
1441 2215 1821 2291 ἀπερχόμενον
1870 2216 1945 2278 εἰς

292 2309 386 2364 τὸν
421 2307 568 2363 ὸίκον
601 2307 786 2376 αὐτοῦ,
821 2306 1002 2383 φυγὼν
1034 2305 1133 2374 τὴν
1186 2303 1330 2380 βίαν,
1372 2302 1448 2366 εἲς
1495 2307 1595 2375 τήν
1649 2303 1940 2375 ἐκκλησίαν

297 2395 571 2468 εἰσῆλθεν.
618 2396 718 2453 Καὶ
772 2395 799 2450 6
848 2393 978 2456 λαὸς
1043 2393 1110 2447 τὰ
1158 2391 1323 2447 αὐτοῦ
1369 2391 1543 2448 πάντα
1594 2392 1944 2469 ἁρπάσαντες,

297 2488 388 2542 τὸν
423 2487 572 2541 οἶκον
606 2484 770 2540 αὐτοῦ
807 2481 1196 2561 κατηδάφισαν,
1229 2482 1478 2544 πολλούς
1507 2503 1565 2537 τε
1595 2480 1799 2544 ἄλλους
1834 2490 1944 2541 τῶν

301 2583 401 2646 τῆς
457 2572 769 2649 συγκλήτου
815 2573 1090 2635 ἀναιτίους
1155 2571 1733 2647 αἶχμαλωτεόσαντες,
1779 2573 1946 2649 ἁρπάο

308 2686 493 2727 σαντες
520 2665 587 2718 τὰ
619 2663 792 2718 αὐτῶν
829 2664 994 2718 πάντα
1021 2663 1106 2718 καὶ
1151 2662 1280 2726 τοὺς
1324 2661 1508 2726 οἷ’κους
1553 2662 1728 2720 αὐτῶν
1778 2684 1946 2720 κατα-

2044 526 2143 582 ubi
2176 527 2360 582 forum
2392 531 2517 583 erat
2548 527 2880 598 pistorium,
2913 525 3064 583 253
3088 527 3470 584 interdicebat
3499 529 3679 600 pisto-

2042 615 2202 671 ribus
2233 615 2389 672 omni
2424 616 2693 685 paniﬁcio
2725 623 2779 672 et
2795 617 3153 688 expositione
3168 617 3454 674 vendendi
3484 619 3676 690 panis.

2045 705 2182 761 Dein
2216 721 2508 777 regressus
2549 705 2610 761 in
2654 705 2958 778 palatium,
2990 707 3425 778 assumptisque
3473 723 3674 764 secum

2043 793 2180 848 ﬁliis
2229 793 2475 849 Romani
2521 795 2749 866 imper.,
2799 795 3184 851 descendebat
3234 813 3333 867 per
3381 797 3683 868 superiora

2042 881 2329 937 diabatica
2359 898 2461 937 seu
2485 885 2745 953 porticus
2766 884 2824 938 in
2847 885 3149 941 ecclesiam
3175 885 3329 942 circa
3352 886 3680 956 meridiem,

2042 975 2322 1041 tempore,
2353 987 2463 1042 quo
2496 973 3098 1047 prandetur,adeoque
3128 992 3299 1032 nemo
3328 977 3487 1033 intus
3518 981 3680 1046 erat;

2042 1058 2588 1130 hortationibusque
2610 1069 2662 1115 et
2693 1061 2994 1132 promissis
3015 1064 3324 1135 pellectum
3351 1066 3686 1122 extrahebat

2043 1164 2112 1204 ex
2148 1146 2384 1204 ecclesia
2416 1148 2788 1220 magistrum,
2835 1155 3007 1222 atque
3055 1152 3114 1206 in
3155 1170 3320 1208 suam
3369 1155 3683 1227 [magistri]

2042 1239 2281 1294 domum
2314 1236 2666 1292 remittebat.
2704 1237 2954 1307 Populus
2979 1241 3174 1310 itaque
3216 1258 3456 1313 vespere
3487 1246 3560 1299 ad
3591 1260 3690 1300 ec-

2045 1326 2279 1382 clesiam
2307 1325 2538 1382 rediens
2571 1331 2627 1382 et
2670 1326 3020 1397 magistrum
3071 1343 3186 1383 non
3237 1329 3560 1399 inveniens,
3591 1349 3690 1388 ex-

2045 1415 2287 1490 sternati
2318 1424 2416 1471 aut
2448 1415 2642 1487 potius
2675 1416 2878 1485 perciti
2925 1416 3140 1484 furore,
3173 1419 3468 1489 probrosis
3499 1421 3689 1478 verbis

2043 1505 2405 1561 lacessebant
2435 1506 2826 1577 patriarcham
2860 1509 2917 1562 et
2937 1505 3202 1561 ordinem
3236 1523 3468 1563 omnem
3499 1525 3690 1565 sacer--

2047 1594 2320 1661 dotalem,
2372 1594 2568 1664 utqui
2608 1593 2927 1666 supplicem
2972 1611 3149 1651 suum
3198 1597 3581 1669 prodiderint,
3634 1603 3692 1654 et

2039 1685 2164 1755 jam
2182 1684 2567 1740 instituebant
2597 1683 2937 1739 clericorum
2962 1685 3192 1755 aliquos
3215 1686 3368 1740 saxis
3389 1687 3688 1757 impetere.

2049 1773 2385 1828 Patriarcba
2406 1773 2586 1844 igitur
2616 1772 2986 1844 signiﬁcabat
3010 1774 3308 1845 magistro,
3333 1776 3688 1832 veniendum

2053 1861 2166 1932 ipsi
2195 1879 2316 1918 esse
2355 1862 2414 1917 in
2447 1862 2750 1918 ecclesiam
2799 1860 3202 1933 populumque
3233 1879 3338 1918 sua
3383 1866 3691 1934 praesentia

2052 1952 2426 2024 placandum.
2461 1951 2734 2023 Magister
2761 1953 2889 2022 ejus
2940 1952 3020 2006 rei
3056 1953 3318 2008 notitiam
3371 1954 3690 2010 accubitori

2053 2041 2228 2097 dabat
2273 2039 2504 2098 veniam
2538 2057 2768 2111 rogans.
2807 2039 2907 2095 llle
2953 2055 3084 2095 vero
3133 2057 3248 2096 non
3297 2041 3525 2098 sinebat
3555 2059 3688 2099 eum

2053 2131 2231 2186 abire.
2264 2131 2386 2196 Quo
2418 2130 2670 2200 cognito,
2705 2128 2956 2200 papulus
2985 2128 3200 2200 divino,
3229 2133 3294 2185 ut
3323 2132 3495 2187 modo
3523 2132 3688 2189 dice-

2053 2220 2285 2290 bamus,
2336 2219 2457 2276 zelo
2509 2219 2759 2287 ablatus,
2795 2235 2929 2290 pars
2975 2220 3045 2274 ad
3097 2221 3249 2275 aedes
3298 2219 3694 2278 laudatissimi

2054 2310 2314 2380 magistri
2347 2309 2602 2374 abibant,
2639 2326 2672 2364 a
2711 2309 2881 2364 noxia
2909 2313 2966 2364 et
3011 2308 3246 2365 insidiis
3275 2327 3407 2366 eum
3439 2311 3644 2367 tuituri
3677 2329 3694 2381 ;

2054 2397 2289 2469 plurimi
2315 2401 2531 2465 autem,
2578 2398 2882 2469 correptis,
2910 2402 3194 2468 quotquot
3223 2398 3280 2453 in
3330 2401 3575 2456 ecclesia
3605 2417 3694 2457 re-

2055 2487 2376 2560 periebant,
2423 2486 2795 2558 lignamentis
2827 2489 2885 2540 et
2912 2485 2971 2540 in
3005 2503 3299 2542 armorum
3354 2505 3524 2545 usum
3557 2505 3693 2546 con-

2053 2576 2259 2644 versis,
2289 2575 2640 2631 invadebant
2680 2575 2981 2630 adversam
3015 2579 3258 2645 partem,
3291 2593 3419 2646 quae
3470 2583 3696 2635 armata

2055 2665 2115 2720 in
2148 2664 2270 2720 acie
2300 2665 2580 2733 adstabat,
2615 2663 2957 2722 Macedones
2998 2664 3378 2737 captivosque
3405 2668 3696 2739 Agarenos

1332 2779 1533 2838 JOAN.
1575 2780 1718 2836 JAC.
1763 2778 2028 2836 RElSKlI
2069 2777 2660 2836 COMMENTARIUS.

375 2877 488 2949 (31)
529 2877 608 2932 Ad
656 2876 1007 2948 placandum,
1068 2877 1396 2949 capiendum
1449 2879 1730 2949 populum.
1783 2877 1945 2949 Valet

308 2945 398 3004 hic
433 2945 584 3022 idem
617 2945 808 3022 atque
836 2945 1274 3022 εἰρηνοποιῆσαι,
1322 2945 1714 3021 καταπραῧναι,
1768 2945 1947 3022 μειλί-

300 3021 767 3088 ξασθαι.Ρειοῑίῑιεῑ
795 3020 991 3093 itaque
1012 3021 1087 3093 ad
1119 3023 1415 3093 sordidam
1453 3030 1504 3077 et
1550 3020 1944 3077 novam'Graa-

303 3091 915 3165 eitatem_,quo‘;nulta
963 3092 1140 3165 hujus
1185 3092 1445 3165 libri._Eo
1492 3109 1666 3165 sensu
1713 3108 1945 3165 quoque

303 3164 480 3240 habet
528 3161 857 3240 Xiphilinus
906 3180 962 3240 p_.
1015 3163 1199 3240 1297:
1249 3161 1503 3240 Ἐκάλεσε
1554 3163 1648 3240 μεν
1700 3161 1942 3240 φιλικοῖς

302 3229 642 3309 γράμμασιν,
684 3229 858 3302 ὡςδή
907 3229 1236 3309 εἰρηνεύσιυν
1288 3233 1504 3302 αὐτούς,
1549 3229 1619 3291 ξιίί
1665 3229 1723 3291 .ςέ
1770 3238 1946 3292 amice

299 3305 403 3378 per
423 3305 646 3361 litteras
692 3309 924 3378 vocavit,
954 3305 1106 3362 velut
1148 3307 1290 3362 inter
1319 3324 1406 3363 eos
1445 3323 1642 3378 pacem
1669 3310 1942 3375 facturus.

305 3375 486 3433 Bonis
517 3383 566 3433 et
618 3379 815 3448 probis
849 3377 1062 3432 Graecis
1107 3379 1249 3433 alias
1281 3387 1365 3433 est
1415 3375 1707 3449 εἰρηνεύειν
1757 3395 1947 3450 pacem

305 3464 497 3519 agere,
531 3464 831 3518 nunquam
863 3450 1178 3504 conciliare.
1203 3450 1386 3520 llujus
1408 3449 1636 3520 generis
1668 3449 1950 3520 exemplis

307 3521 574 3577 abundat
605 3536 807 3592 novus,
832 3520 1061 3576 Graecus
1111 3537 1320 3576 sermo.
1353 3521 1621 3592 Ἐνεργεῖν
1671 3527 1760 3592 est
1790 3521 1951 3592 alias

304 3594 556 3661 operari,
581 3607 756 3662 agere.
785 3591 889 3646 Sed
925 3592 1174 3664 Symeon
1207 3591 1745 3648 Thessalonicensis
1779 3591 1952 3664 (apud

305 3665 399 3719 Du
438 3664 628 3734 Gange
660 3663 885 3736 iGloss.‘
916 3662 1011 3719 Gr.
1063 3680 1118 3735 p.
1173 3663 1338 3733 1244)
1388 3665 1694 3736 usurpavit
1738 3681 1840 3736 pro
1872 3664 1955 3736 fin

305 3733 670 3799 actione,’vel
700 3733 987 3801 [unctione
1023 3733 1381 3800 constituere,
1413 3734 1472 3788 in
1503 3733 1955 3802 inotum,'actio-

306 3822 449 3862 nem
500 3805 750 3877 mittere,
783 3810 840 3861 et
887 3805 992 3877 ita_
1017 3821 1262 3877 quoque
1280 3807 1593 3877 Procopius
1625 3805 1955 3877 _Hoeschelii

359 3919 373 3930 .
401 3877 493 3951 _83
525 3893 538 3931 :
574 3876 700 3951 Τάς
733 3873 1131 3951 τελσερενδόνας
1152 3873 1269 3951 aut
1324 3876 1390 3930 τὰ
1438 3873 1564 3951 τόξα
1621 3874 1704 3930 ἐπ’
1761 3873 1955 3935 αὐτοὺς

359 3919 373 3930 .
423 3895 493 3931 δῦ
525 3895 538 3931 Ζ
574 3895 685 3936 Iac
733 3895 792 3928 τε
840 3895 1131 3951 σφενοονας
1179 3895 1269 3930 και
1324 3896 1390 3930 τα
1438 3895 1564 3948 toga
1621 3896 1687 3930 επ
1761 3895 1955 3935 αυτους

302 3895 606 4024 ἓνςιςργουν.
672 3944 1010 4024 Ιξασιλεύειν,
1063 3949 1217 4024 quod
1269 3949 1644 4024 proprieiest
1694 3963 1958 4024 regnare,

308 4019 645 4091 Nicephoro
695 4020 850 4091 Patr.
900 4019 1124 4076 CPtano
1173 4019 1334 4074 Bre’v.
1385 4037 1437 4090 p.
1494 4021 1615 4089 179,
1667 4025 1724 4075 et
1767 4019 1957 4074 Conti-

307 4090 550 4150 nuatori
605 4090 978 4162 Theophanis
1035 4109 1090 4162 p.
1153 4092 1276 4160 129,
1336 4091 1577 4162 aliisque
1635 4098 1717 4146 est
1775 4107 1960 4159 regem

305 4166 520 4235 facere,
561 4161 911 4219 constituere.
947 4165 1012 4220 In
1038 4161 1384 4235 iposleriore
1434 4161 1558 4235 leco
1607 4162 1716 4235 qui
1755 4162 1963 4235 citatur

306 4231 520 4291 versus
566 4237 786 4306 πρᾶτον
840 4235 935 4306 μὲν
983 4231 1153 4298 εἶδος,
1207 4239 1297 4290 est
1345 4250 1412 4289 ex
1459 4231 1753 4306 Euripidis
1788 4232 1962 4306 ,JEolo

315 4305 784 4377 transsumptus.
843 4305 972 4361 Vid.
1033 4306 1240 4377 Stobaai
1289 4321 1414 4377 cap.
1446 4306 1554 4377 _65.
1605 4305 1961 4377 Nicephorus

312 4379 478 4452 idem
524 4393 581 4452 ρ,
630 4373 1183 4452 151,ᾼσυμποσιάζειν
1217 4373 1615 4452 ’τους-*φίλους-
1638 4373 1761 4448 ρῐό⁷
1789 4375 1964 4452 ὲστιᾷν

313 4448 720 4506 ῙῖιιώθῑίΑηοιι
750 4448 1042 4506 Comnena
1074 4451 1131 4504 in
1167 4448 1436 4519 Alexiade
1469 4465 1522 4517 p.
1550 4449 1635 4515 l7,
1658 4448 1961 4519 κυμαίνειν,

318 4523 385 4576 in
435 4524 629 4576 artum
681 4520 929 4591 darervel
961 4521 1201 4590 adigere,
1246 4517 1518 4591 εὐτακτεῖν
1567 4537 1667 4591 pro
1716 4517 1776 4574 in
1813 4519 1961 4576 ordi-

313 4607 450 4646 nem
477 4607 666 4664 cogere
692 4590 949 4664 deinus
998 4589 1161 4648 Ofﬁc.
1195 4591 1262 4657 ν,
1293 4593 1385 4658 54,
1435 4589 1707 4664 ἐκχώρεῖν
1730 4608 1831 4664 pro
1858 4608 1964 4664 ex-

317 4667 548 4718 trahere
604 4662 889 4719 Diodorus
937 4663 1168 4719 Siculus
1214 4667 1259 4717 t.
1311 4664 1380 4730 ll,
1443 4662 1636 4734 p."25.
1686 4662 1795 4718 sed
1856 4663 1966 4719 hoc

313 4739 590 4804 spectatae
641 4734 962 4804 probibatis
1011 4750 1076 4790 eo
1122 4750 1298 4789 sensu
1356 4735 1596 4789 verbum
1655 4735 1964 4805 antiquum

318 4805 625 4861 est.Latini
676 4821 909 4877 quoque
961 4806 1434 4877 pariafecerunt.
1482 4805 1780 4861 Adhaerere
1811 4806 1969 4877 dixit

316 4872 1247 4958 Anastasius-pro.npémolkév,
1298 4875 1621 4958 (inpingere,
1666 4876 1964 4958 applicare,

317 4948 644 5028 Adhwrem,
701 4947 782 5028 ait
834 4947 1239 5028 in‘Stephano
1301 4947 1397 5028 IlI,
1447 4948 1629 5028 eidem
1685 4947 1969 5028 imperiali

318 5021 491 5091 misso
548 5019 837 5090 quemdam
889 5020 1136 5091 propriae
1193 5019 1368 5086 gentis
1431 5017 1714 5091 rae/arium
1763 5019 1966 5072 virum.

317 5091 390 5144 V.
445 5088 767 5162 Du_Cange
812 5088 1262 5147 v.'lnno{escere
1291 5104 1394 5160 pro
1443 5088 1780 5158 signiﬁcare,
1830 5091 1966 5145 insi-

310 5178 524 5217 nuare.

392 5234 507 5302 (32)
565 5232 866 5301 Pr0pterea
915 5234 1066 5303 quod
1115 5235 1410 5304 Agarenos
1451 5230 1616 5304 verti,
1669 5247 1837 5287 nemo
1880 5247 1970 5288 me

323 5301 699 5378 putetetiam
730 5305 792 5360 in
840 5301 1052 5378 Graecis
1085 5301 1394 5378 Ἀγᾶρηνῷν
1430 5301 1968 5378 voluisse_restitu-

329 5373 451 5432 tum
502 5377 603 5450 ire.
636 5381 812 5432 Recte
860 5376 1034 5450 habet
1064 5373 1576 5450 νυῐεὰιοηἌγάροι
1625 5373 1711 5431 vel
1744 5376 1971 5450 Ἀγᾶρες

327 5452 472 5522 sunt
501 5447 703 5512 iidem,
735 5452 910 5519 atque
959 5445 1273 5522 ῘΑγαρηνοί.
1309 5445 1470 5522 Nani
1492 5445 1556 5506 ος
1584 5452 1638 5503 et
1664 5465 1717 5500 οι
1749 5453 1802 5504 et
1823 5445 1890 5508 ἐς
1917 5452 1973 5504 et

329 5517 458 5589 ηνοὶ
489 5522 630 5574 sunt
679 5517 910 5574 tantum
957 5517 1151 5575 formae
1200 5519 1563 5586 terminales,
1596 5535 1720 5590 qua
1767 5536 1971 5576 omnes

327 5596 578 5674 manapt
608 5590 680 5660 ab
710 5590 959 5674 Arabico
983 5596 1086 5674 aut
1115 5590 1837 5674 potiu_s._Persico_Aggarﬁet
1861 5592 1971 5674 Ap-

321 5679 448 5736 gar.
509 5663 596 5718 Ita
654 5661 986 5733 appellatur
1034 5660 1455 5732 Orientalibus,
1499 5660 1706 5734 primis
1754 5662 1969 5732 Persis,

2055 2892 2302 2949 quorum
2331 2892 2439 2931 vox
2471 2876 2674 2949 patria,
2700 2876 2909 2932 deinde
2936 2877 3248 2944 Arabibus,
3281 2895 3315 2933 a
3343 2878 3559 2949 quibus
3589 2895 3694 2936 vox

2055 2947 2140 3004 est
2170 2948 2370 3016 ascita,
2404 2947 2606 3013 mulio,
2643 2949 2894 3018 bajulus,
2929 2949 3262 3020 quicunque
3287 2947 3556 3019 jumento
3587 2968 3695 3007 suo

2055 3024 2154 3075 aut
2185 3034 2425 3088 corpore
2457 3035 2690 3089 operam
2723 3020 2792 3074 ad
2827 3028 3058 3090 tempus
3108 3025 3362 3091 praestat,
3396 3038 3495 3077 seu
3543 3039 3697 3077 mer-

2050 3093 2208 3158 cede,
2241 3105 2340 3146 seu
2391 3091 2574 3162 gratis
2598 3095 2662 3162 et
2706 3097 2960 3158 coactus,
2994 3093 3168 3146 verbo
3217 3109 3483 3162 angarus,
3515 3109 3694 3162 anga-

2051 3109 2208 3158 ceae,
2241 3109 2340 3146 seu
2391 3109 2574 3162 graus
2606 3109 2662 3145 ετ
2706 3109 2960 3158 coactus,
2994 3109 3168 3146 verno
3217 3109 3483 3162 angarus,
3515 3110 3583 3146 an
3633 3110 3692 3147 a-

2051 3163 2199 3217 riam
2233 3162 2469 3218 l'aciens.
2503 3161 2651 3228 Quia
2680 3177 2815 3234 vero
2847 3162 3066 3234 Arabes
3115 3162 3459 3234 plerumque
3489 3163 3549 3234 in
3584 3109 3692 3219 ga-

2052 3235 2293 3300 lzestina,
2346 3234 2513 3305 Syria
2559 3238 2618 3289 et
2655 3232 2888 3305 reliquo
2941 3233 3215 3289 Romanis
3260 3232 3435 3305 atque
3483 3233 3696 3291 Graecis

2053 3312 2188 3361 noto
2219 3304 2454 3362 Oriente
2485 3304 2722 3360 camelis
2757 3307 2882 3360 suis
2913 3309 3177 3361 vecturae
3202 3304 3490 3361 mercibus
3522 3311 3580 3361 et
3610 3306 3699 3360 iti-

2055 3376 2417 3432 neraloribus
2447 3375 2582 3430 olim
2619 3377 2970 3448 praestabant
3008 3381 3064 3431 et
3118 3377 3305 3432 adhuc
3356 3377 3524 3432 hodie
3557 3394 3698 3448 prae.-

2055 3454 2418 3515 stant,eaque
2452 3447 2764 3517 negotiatio
2799 3453 3008 3517 prmter
3030 3449 3334 3502 latrocinia
3364 3447 3509 3517 ipsis
3535 3447 3696 3518 paene

2057 3519 2225 3574 unice
2256 3519 2468 3572 victum
2503 3518 2768 3587 acquirit,
2793 3534 2858 3571 ex
2891 3534 2956 3572 eo
2989 3518 3206 3572 factum
3239 3526 3344 3580 est,
3379 3523 3442 3573 ut
3469 3519 3690 3574 Arabes

2056 3591 2115 3644 in
2151 3590 2484 3644 universum
2517 3606 2548 3642 a
2581 3589 2993 3659 negotio,quod
3027 3589 3384 3654 exercebant,
3417 3590 3488 3643 ab
3521 3604 3694 3658 agge-

2061 3662 2146 3716 rio
2177 3660 2262 3715 vel
2291 3659 2660 3729 angaria,scu
2684 3659 3053 3729 praestatione
3074 3659 3476 3728 jumentorum
3503 3665 3697 3714 vectu-

2062 3746 2373 3802 rarumque
2411 3729 2893 3802 _Agares,__Agari,
2951 3729 3198 3801 Agareni
3249 3729 3698 3802 appellarentur.

2063 3747 2373 3802 rarumque
2417 3747 2650 3800 ageres,
2701 3747 2893 3800 agam,
2951 3747 3198 3801 agareni
3249 3747 3698 3854 appellarentur.

2063 3803 2247 3859 Hodie
2275 3800 2488 3856 muckri
2519 3799 2906 3872 appellantur,
2940 3806 2996 3854 et
3044 3816 3257 3854 nomen
3331 3802 3701 3872 ocrfrequens

2063 3877 2153 3930 est
2181 3875 2240 3928 in
2271 3871 2610 3927 itinerariis.
2644 3872 3010 3926 ltineratores
3041 3872 3245 3938 nostri,
3279 3871 3378 3942 qui
3409 3871 3466 3927 in
3499 3873 3702 3928 Orien-

2064 3950 2181 4000 tem
2215 3949 2612 4012 excurrerunt,
2645 3942 2807 3998 illinc
2838 3942 3077 3998 reduces
3112 3944 3246 3998 facti
3277 3959 3473 3998 secum
3507 3943 3566 3997 in
3599 3944 3706 3999 lin-

2065 4033 2236 4086 guam
2271 4020 2524 4070 nostram
2556 4013 2915 4070 induxerunt
2942 4014 3284 4086 vocabulum
3315 4015 3557 4080 mucker,
3590 4031 3705 4084 quo

2065 4085 2362 4144 hominem
2398 4086 2572 4142 vilem
2595 4088 2986 4158 eamdemque
3016 4085 3370 4158 proditorem
3402 4091 3459 4141 et
3491 4086 3708 4142 maleﬁ-

2066 4161 2206 4215 dum
2232 4159 2640 4228 designamus;
2671 4157 2824 4213 unde
2847 4157 2950 4214 vox
2972 4157 3192 4214 Gallica
3209 4172 3412 4229 pauere
3428 4158 3704 4212 manavit.

2066 4231 2304 4303 Proprie
2329 4235 2495 4303 _notat
2539 4230 2860 4298 hominem,
2893 4230 2993 4303 qui
3026 4245 3262 4300 operam
3307 4245 3486 4303 suam;
3520 4229 3577 4283 in
3603 4245 3708 4303 _ve-

2070 4299 2259 4358 hendo
2293 4301 2485 4370 aliquo
2517 4303 2711 4369 ejusve
2741 4299 3033 4357 mercibus
3066 4299 3136 4356 ex
3167 4317 3282 4356 uno
3317 4299 3442 4356 loco
3473 4301 3532 4355 in
3567 4299 3710 4355 alte-

2072 4391 2201 4429 rum
2235 4372 2422 4428 elocat
2451 4373 2738 4440 mercede,
2772 4388 2966 4444 _eoque
2993 4373 3233 4444 victitet.
3283 4375 3349 4444 ν.
3385 4372 3469 4426 Du
3521 4371 3712 4444 Gange

2073 4445 2260 4500 Gloss.
2294 4444 2387 4499 Gr.
2419 4460 2472 4516 VA.
2528 4440 2834 4516 μοχθηρός,
2870 4440 2993 4516 ubi
3016 4443 3250 4516 adducit
3293 4441 3562 4516 locumee
3598 4440 3714 4498 No-

2078 4530 2393 4642 rﬁocenone
2436 4513 2817 4581 Coteleriano,
2851 4515 2950 4585 qui
2983 4515 3120 4570 hinc
3152 4519 3338 4586 potest
3384 4513 3631 4586 intelligi
3661 4521 3716 4570 et

2078 4604 2092 4642 ι
2146 4604 2212 4642 us
2243 4603 2376 4641 rari.

2074 4587 2376 4643 illustrari.

2147 4658 2260 4728 (33)
2291 4659 2568 4714 Fossatum
2614 4656 2930 4729 signiﬁcat,
2963 4660 3027 4712 ut
3075 4660 3277 4729 notum
3329 4661 3434 4722 est,
3465 4657 3710 4725 vallum,

2077 4735 2286 4800 castra,
2337 4729 2647 4784 exercitum
2679 4728 2762 4783 fin
2797 4730 2928 4786 unis
2957 4728 3165 4785 castris
3207 4734 3622 4800 congregatum
3652 4733 3713 4784 et

2077 4799 2513 4872 considentem;
2547 4800 2683 4872 item
2716 4801 3142 4872 expeditionem
3175 4799 3589 4872 militarem.De
3618 4816 3714 4854 va-

2077 4869 2808 4944 riisiscribendimodiset
2837 4872 3360 4944 signiﬁcationibus
3391 4871 3691 4944 vid._Goar
3773 4913 3796 4928 .

2077 4944 2148 4998 ad
2181 4943 2380 4999 Codin.
2415 4959 2471 5014 p.
2510 4942 2599 5008 31,
2636 4960 2691 4997 n.
2724 4943 2812 4998 52.
2858 4941 2942 4999 D'u
2975 4944 3165 5014 Gange
3199 4943 3357 4997 Alex.
3395 4960 3446 5011 p.
3499 4941 3625 5014 31_i_l,
3655 4945 3716 4996 et

2077 5016 2266 5070 Gloss.
2301 5011 2565 5086 utroque.
2600 5015 2701 5068 Hic
2731 5014 2842 5070 loci
2883 5011 3296 5086 intellig—untur
3326 5018 3514 5086 castra
3544 5011 3714 5086 Nice-

2079 5087 2242 5158 phori
2275 5088 2421 5157 apud
2451 5082 2876 5158 :Chrysopolin.
2909 5082 3105 5142 Juvat'
3133 5086 3240 5139 hac
3289 5085 3589 5158 occasione
3636 5082 3716 5158 lo-_

2078 5153 2211 5214 cum
2260 5153 2566 5228 Cépitolini
2594 5153 2665 5213 in
2699 5153 3022 5214 'Gordianis
3071 5175 3101 5211 a
3149 5171 3398 5228 censura
3444 5153 3715 5228 Salmasii

2078 5226 2392 5305 vindicare.
2416 5229 2621 5305 ‘Castra
2651 5229 2862 5305 omnia,
2895 5230 2979 5305 sic
3013 5229 3214 5305 jacent
3256 5226 3335 5280 ibi
3367 5226 3558 5305 verba,
3597 5227 3718 5305 fos-

2079 5304 2192 5378 ξαιο
2247 5301 2551 5378 circuibat,
2596 5296 2856 5356 noctibus
2896 5296 3064 5378 etiam
3098 5298 3435 5378 _pierumgye
3490 5296 3716 5378 vigilia;

2079 5314 2192 5356 sata
2247 5314 2541 5367 czrcuzoar,
2596 5314 2845 5356 noctibus
2898 5314 3064 5355 etiam
3115 5314 3327 5368 plerum
3369 5314 3435 5350 ue
3490 5314 3716 5364 mgmas

2077 5375 2480 5445 frequentabat.
2513 5373 2704 5426 Castra
2744 5369 2949 5424 omnia.
2980 5374 3116 5424 sunt
3145 5367 3224 5422 ibi
3246 5365 3308 5419 τὸ
3335 5314 3464 5419 ἕλον
3499 5363 3718 5436 στρατό-

2077 5440 2264 5492 ari-18ml-
2296 5444 2329 5492 ἢ
2364 5440 2468 5492 δλη
2502 5435 2856 5492 παρεμϐολή-
2891 5449 3079 5492 partes
3108 5454 3309 5492 omnes
3347 5443 3673 5492 castrorum
3702 5455 3718 5492 :

2077 5440 2264 5511 πεδὀν,
2296 5444 2330 5512 ἡ
2364 5440 2468 5511 δλη
2502 5440 2857 5514 παρεμϐολή,
2891 5449 3079 5512 partes
3108 5454 3309 5495 omnes
3347 5443 3673 5492 castrorum
3702 5455 3718 5506 ;

2081 5522 2138 5590 et
2165 5522 2368 5590 fossam
2392 5517 2574 5590 idem
2605 5517 2695 5568 est
2725 5516 2899 5583 atque
2927 5508 2980 5565 ἐν
3012 5513 3092 5582 τῷ
3137 5509 3414 5590 φοσσάτῳ,
3455 5513 3718 5578 tempore

2081 5583 2286 5668 fossati
2318 5586 2408 5644 vel
2440 5583 2599 5642 belli.
2697 5623 2711 5636 .
