4154 6306
341 339 473 399 817

1215 343 1313 402 DE
1356 344 1806 410 CERIMONIIS
1847 351 2081 416 AULE
2125 356 2602 424 ΒῩΖΑΝΤῘΝᾸΞ
2643 366 2794 428 LIB.
2842 368 2887 428 l.

3629 380 3748 442 818

333 474 417 542 τῷ
464 470 785 542 τιμωμένῳ,
841 469 873 523 ἃ
920 469 1009 524 καὶ
1060 464 1244 526 λαϐὼν
1302 474 1486 530 πίπτει
1553 477 1640 532 καὶ
1709 483 1988 538 κατασπάσ

2103 497 2543 563 respersam.Ab
2574 497 2922 570 imperatore
2954 502 3074 560 haec
3102 505 3314 561 dantur
3343 507 3402 564 in
3432 524 3604 566 aureo
3634 515 3738 567 tri-

337 564 482 628 ζεται
544 559 672 620 τοὺς
723 557 1046 633 βασιλικοὺς
1104 558 1275 624 πόδας
1342 563 1431 617 καὶ
1481 566 1547 619 τὰ
1620 567 1838 640 γόνατα,
1904 574 1991 627 καὶ

334 647 694 720 ἀνιστάμενος
740 649 1037 724 ἀπέρχεται
1070 648 1122 704 ἐν
1162 655 1241 722 τῷ
1271 657 1384 724 ναῷ
1426 659 1523 708 τοῦ
1567 656 1725 730 ἁγίου
1775 659 1990 715 Θεοδώ-

333 757 432 811 ρου
463 736 517 792 ἐν
557 737 706 809 αὖτῷ
740 742 820 809 τῷ
873 739 1343 816 χρυσοτρικλίνῳ,
1403 745 1487 797 καὶ
1533 742 1774 800 ἐνδύεται
1823 754 1990 806 ταῦτα

331 827 482 900 παρά
509 831 606 882 τοῦ
653 834 755 896 τῆς
803 829 1204 897 καταστάσεως,
1254 833 1522 904 παρόντος
1568 835 1782 889 καὶτοῦ
1821 858 1988 911 πραι-

332 916 564 971 ποσίτου
594 920 725 987 (τῶν
766 917 858 971 καὶ
889 919 1274 994 προσαγόντων
1323 919 1482 974 αὐτὸν
1533 924 1798 998 πρότερον
1849 927 1985 992 πρὸς

329 1006 424 1061 τὸν
489 1003 720 1079 βασιλέα
766 1005 875 1061 ἀπὸ
911 1008 1324 1085 σκαραμαγγίου
1375 1011 1466 1065 καὶ
1503 1014 1730 1086 μανικος
1761 1016 1850 1070 καὶ
1889 1037 1988 1070 κα-

329 1093 619 1150 τακοιλίου
651 1097 699 1131 ⁴⁰
727 1098 846 1169 (50)
877 1093 967 1151 διὰ
995 1101 1091 1152 τοῦ
1135 1099 1319 1171 βήλου
1349 1105 1456 1155 τῶν
1488 1101 1734 1178 ἀργυρῶν
1769 1103 1983 1174 πυλῶν,

327 1191 431 1254 τῆς
463 1183 778 1260 συγκλήτου
809 1186 1106 1259 ἱσταμένης
1146 1185 1198 1241 ἓν
1247 1194 1326 1261 τῷ
1365 1192 1514 1263 αὐτῷ
1544 1193 1805 1267 τρικλίνῳ
1849 1197 1984 1268 μετὰ

328 1272 745 1346 ἀλλαξιμάτων,
796 1275 1128 1348 ἐστεμμένου
1179 1276 1334 1342 ὄντος
1381 1283 1476 1334 τοῦ
1539 1281 1858 1357 βασιλέως),
1891 1286 1980 1340 καὶ

333 1364 473 1436 μετά
518 1364 578 1417 τὸ
636 1361 916 1433 ἐνδυθῆναι
977 1363 1217 1440 ἐξάγεται
1265 1370 1392 1442 παρ’
1449 1369 1646 1441 αὐτῶν,
1677 1373 1766 1427 καὶ
1817 1373 1980 1428 πάλιν

327 1454 729 1523 κατασπάζεται
780 1453 909 1516 τοὺς
969 1453 1138 1518 πόδας
1187 1463 1284 1511 τοῦ
1335 1455 1597 1515 δεσπότου
1651 1463 1847 1518 καὶτὰ
1879 1465 1977 1537 γό-

326 1563 486 1611 νατα;
541 1543 630 1597 καὶ
691 1543 1026 1618 εὐχαριστῶν
1077 1543 1296 1602 ἵσταται
1356 1546 1408 1602 ἔν
1478 1551 1558 1621 τῷ
1620 1551 1788 1625 μέσῳ.
1880 1553 1976 1607 Καὶ

330 1633 698 1708 προσέρχεται
755 1634 845 1688 καὶ
903 1638 936 1704 ἡ
1007 1637 1335 1713 σύγκλητος,
1401 1640 1796 1716 εὐχαριστοῦσα
1867 1645 1980 1716 (51)

324 1727 408 1794 τῷ
440 1720 692 1797 δεσπότῃ,
742 1724 830 1778 καὶ
897 1725 1194 1804 ἀπέρχεται
1239 1726 1290 1782 ἓν
1371 1734 1438 1802 τῇ
1492 1727 1602 1803 ἰδίᾳ
1643 1735 1806 1803 τάξει.
1866 1738 1968 1792 Καὶ

325 1813 426 1876 εἴθ’
457 1811 630 1873 οὕτως
670 1809 1050 1883 ἀναϐιϐάζεται
1083 1817 1111 1870 ὁ
1170 1819 1421 1890 τιμηθεὶς
1455 1817 1544 1874 διὰ
1589 1827 1684 1876 τοῦ
1729 1843 1969 1898 πραιπο-

325 1904 478 1957 σίτου
533 1901 730 1957 ἄνωθεν
784 1908 890 1958 τῶν
925 1904 1261 1981 μαγίστρων,
1294 1907 1381 1962 καὶ
1435 1906 1640 1964 δίδοται
1691 1912 1754 1966 τὸ
1783 1917 1972 1985 νεῦμα,

326 1992 416 2046 καὶ
472 1989 747 2066 ἐξέρχεται
808 1993 900 2046 σὺν
960 1997 1029 2066 τῇ
1073 1993 1388 2070 συγκλήτῷ,
1447 1998 1536 2052 καὶ
1581 2003 1975 2071 κατασπάζεται

326 2079 418 2135 ὑπ’
464 2081 653 2150 αὐτῆς,
707 2081 798 2135 καὶ
845 2081 1140 2156 ἀπέρχεται
1202 2084 1253 2138 ἐν
1308 2090 1377 2158 τῇ
1439 2086 1594 2161 Ἀγίᾳ
1644 2091 1819 2167 Σοφίᾳ
1863 2093 1974 2165 (52)

321 2173 507 2246 φορῶν
561 2168 747 2226 ταῦτα.
816 2169 922 2228 Καὶ
985 2170 1380 2246 ὀψικευόμενος
1437 2176 1583 2251 παρά
1637 2197 1694 2231 τε
1741 2183 1838 2233 τοῦ
1871 2187 1971 2249 τῆς

318 2258 697 2321 καταστάσεως
732 2259 822 2314 καὶ
867 2263 964 2314 τοῦ
1009 2262 1377 2337 πριμικηρίου
1423 2269 1523 2320 τοῦ
1580 2262 1972 2324 κουϐουκλείου

318 2347 413 2402 καὶ
462 2352 568 2402 τῶν
611 2347 1010 2424 σιλεντιαρίων,
1061 2345 1422 2424 διερχόμενος
1481 2351 1570 2408 διὰ
1608 2362 1710 2424 τῆς
1752 2355 1973 2431 χαλκῆς

314 2438 409 2493 καὶ
465 2436 938 2512 ἀκτολογούμενος
982 2439 1128 2511 παρά
1181 2443 1290 2494 τῶν
1336 2438 1431 2496 δύο
1467 2448 1668 2517 μερῶν,
1702 2443 1883 2520 ὥσπερ
1915 2449 1966 2502 οἱ

314 2526 625 2602 πατρίκιοι,
655 2529 747 2583 καὶ
795 2525 1092 2602 δεχόμενος
1152 2528 1324 2604 εὐχὴν
1376 2533 1523 2606 παρὰ
1560 2537 1658 2588 τοῦ
1705 2536 1966 2610 πατριάρ-

2105 578 2278 636 clinio
2298 600 2494 640 recens
2521 585 2805 645 honorato
2828 609 2840 656 ;
2865 592 2963 662 qui
2985 609 3050 649 ea
3069 599 3270 650 nactus
3289 595 3450 651 humi
3473 599 3738 670 procidit,

2101 669 2386 761 etdomini
2405 675 2580 745 pedes
2595 695 2900 752 genusque
2913 683 3306 754 deosculatur;
3324 687 3458 743 inde
3471 669 3744 761 resurgit,

2099 760 2168 850 et
2188 759 2260 850 ad
2293 762 2593 821 aediculam
2627 767 2686 824 S.
2707 769 3152 845 Theodori,quas
3183 773 3242 830 in
3280 775 3402 845 ipso
3433 759 3746 850 chrysotri-

2099 845 2273 902 clinio
2303 856 2413 918 est,
2449 854 2590 921 abit,
2629 857 2826 928 ibique
2856 878 2890 916 a
2939 869 3225 933 praesente
3257 845 3664 923 cerimoniario
3693 872 3750 924 et

2096 939 2402 1005 praeposito
2433 941 2604 999 dictis
2654 948 2827 1004 modo
2860 952 3116 1009 vestibus
3163 953 3404 1010 honoris
3452 956 3742 1014 induitur.

2094 1022 2202 1121 silli
2238 1025 2819 1094 ipsi,cerimoniarius
2841 1043 2898 1093 et
2928 1041 3435 1113 prapositus,eum
3469 1050 3639 1102 antea
3668 1047 3742 1102 ad

2091 1120 2502 1180 Imperatorem
2535 1120 2918 1192 adduxeranl,
2943 1131 3351 1202 scaramangio
3381 1132 3650 1190 indutum
3687 1139 3744 1192 et

2092 1206 2293 1272 torque
2309 1207 2366 1257 et
2384 1207 2688 1264 catacoilio
2717 1227 2818 1266 seu
2839 1216 3216 1286 ventrali,per
3238 1220 3424 1278 velum
3455 1229 3738 1296 argentea

2090 1294 2507 1360 portaa,senatu
2542 1296 2600 1351 in
2624 1298 2829 1354 eodem
2853 1301 3105 1359 triclinio
3135 1306 3194 1360 in
3219 1294 3551 1367 mutatoriis
3581 1317 3740 1370 stan-

2090 1381 2519 1471 te,imperatore
2544 1391 2742 1442 autem
2775 1394 3025 1446 stemma
3049 1410 3148 1448 seu
3178 1395 3422 1452 infulam
3455 1403 3737 1471 gerente.)

2085 1469 2170 1523 Ab
2193 1470 2310 1526 illis
2344 1473 2634 1544 ipsis,jam
2670 1477 2881 1534 brabeo
2913 1497 3016 1536 suo
3048 1481 3345 1550 indulus,e
3372 1469 3736 1545 S.Theodoro

2087 1561 2360 1616 educitur
2391 1563 2732 1636 honoratus,
2766 1576 2819 1623 et
2860 1577 3242 1639 praesentatur
3271 1574 3532 1642 domino,
3562 1577 3732 1648 cujus

2087 1652 2261 1720 pedes
2293 1657 2350 1706 et
2379 1670 2566 1723 genus
2607 1658 2814 1713 iterum
2848 1661 3164 1728 osculatur,
3216 1663 3484 1735 dictaque
3515 1668 3736 1738 gratia-

2088 1755 2217 1794 rum
2252 1742 2500 1808 actione,
2535 1745 2726 1801 medio
2772 1749 2829 1801 in
2862 1749 3116 1804 conclavi
3163 1756 3337 1807 astat.
3369 1753 3514 1809 Tum
3567 1771 3731 1811 acce-

2006 1865 2054 1930 B
2091 1827 2442 1930 ditsenatus
2492 1838 2549 1886 et
2576 1836 2794 1904 gratias
2844 1837 3078 1892 domino
3110 1840 3255 1910 [agit
3304 1858 3406 1911 pro
3455 1843 3731 1912 imposito

2088 1917 2198 1971 sibi
2228 1919 2458 1990 capite],
2492 1920 2722 1992 illisque
2755 1927 3027 1994 peractis,
3065 1944 3273 1983 rursus
3304 1930 3374 1984 ad
3409 1946 3577 1986 suam
3609 1939 3733 1986 sta—

2089 2004 2303 2062 tionem
2333 2010 2500 2063 redit.
2534 2016 2680 2066 Tum
2714 2014 3052 2084 producitur
3083 2016 3402 2075 honoratus
3434 2037 3467 2073 a
3499 2036 3725 2093 praepo-

2086 2094 2195 2150 sito
2241 2101 2299 2152 et
2329 2097 2389 2153 in
2420 2101 2608 2170 capite
2658 2104 3069 2174 magistrorum
3111 2105 3450 2177 collocatur,
3480 2109 3726 2182 datoque

2084 2183 2455 2255 imperatoris
2487 2194 2654 2259 nutu,
2689 2199 2744 2246 et
2774 2192 2898 2263 ipse
2928 2197 2984 2249 et
3010 2194 3186 2250 simul
3219 2201 3455 2253 senatus
3485 2206 3718 2256 exeunt.

2083 2272 2391 2331 Senatores
2435 2277 2556 2347 jam
2598 2288 2755 2336 extra
2801 2287 3176 2354 conspectum
3221 2286 3440 2341 domini
3483 2292 3722 2358 agentes

2082 2379 2291 2419 novum
2325 2382 2498 2420 suum
2523 2369 2825 2438 praesidem
2848 2369 3258 2442 consalutant;
3284 2373 3382 2430 ille
3401 2391 3532 2430 vero
3553 2393 3724 2447 porro

2081 2452 2152 2506 ad
2185 2453 2333 2508 aades
2363 2455 2418 2507 S.
2452 2454 2680 2525 Sophia:
2712 2457 2767 2511 in
2801 2475 2948 2514 novo
2982 2475 3088 2515 suo
3117 2465 3326 2517 ornatu
3360 2463 3504 2530 abit,
3534 2465 3720 2520 comi-

2078 2541 2339 2596 tantibus
2369 2543 2776 2599 cerimoniario
2805 2550 2865 2601 et
2894 2547 3226 2618 primicerio
3257 2549 3509 2606 cubiculi
3540 2556 3598 2606 et
3629 2551 3722 2607 si-

1676 2653 1921 2710 VARLE
1957 2655 2358 2714 LECTIONES.

391 2736 439 2771 ⁴⁰
466 2735 557 2791 Sic
588 2736 654 2791 R.
691 2736 746 2792 h.
787 2736 829 2795 Ι.
862 2743 915 2793 et
948 2753 1098 2806 mox,
1130 2736 1462 2794 κατακυλίου
1493 2742 1620 2798 cod.
1650 2746 1707 2797 et
1734 2744 1823 2798 ed.

1337 2837 1542 2893 JOAN.
1583 2838 1730 2894 JAC.
1775 2839 2042 2895 REISKII
2081 2841 2680 2900 COMMENTARIUS.

310 2928 367 2978 et
397 2923 586 2978 cervix
618 2927 1036 2979 execrarentur.
1062 2925 1286 2982 Talium
1320 2927 1648 2982 cloacarum
1675 2929 1952 2983 memoria

301 3004 355 3048 et
389 2996 675 3064 imagines
709 2997 922 3065 passim
958 3004 1275 3052 occurrunt
1305 2999 1362 3052 in
1397 3001 1792 3054 monumentis
1826 3016 1949 3054 me-

2060 2929 2256 3019 νόμῳ¹ς
2289 2932 2404 2987 vid.
2438 2932 2712 3019 ἔαρι-αισι.
2828 2936 2898 3017 II,
2945 2938 3079 3017 A_nt.
3115 2937 3335 3019 Ital..p.
3367 2938 3494 2994 361.
3527 2940 3696 3019 Apud

2061 3002 2329 3078 eumdem
2365 3021 2420 3078 p.
2445 3004 2850 3078 332,1eguntur
2879 3007 2936 3060 in
2972 3002 3385 3078 imprecatione
3418 3002 3698 3065 marmori

300 3065 382 3120 dii
413 3067 534 3151 aevi,
587 3072 647 3121 ut
679 3070 732 3121 in
791 3068 1243 3151 Longobardica.
1275 3069 1376 3151 illa
1407 3071 1649 3151 tabula,_
1674 3087 1797 3151 quin
1846 3088 1940 3151 co-
1970 3071 2011 3137 C
2052 3065 2662 3151 Nepesino_'in_scripta
2684 3077 2802 3151 haec
2834 3078 3006 3132 verba
3037 3065 3206 3134 :‘eum
3250 3081 3389 3135 Juda
3417 3087 3468 3136 et
3502 3080 3689 3151 Capha

298 3138 662 3192 ronationem
698 3142 854 3208 regis
887 3141 1300 3207 Longobardici
1333 3142 1672 3199 exhibet.ab
1691 3138 1942 3197 Horatio

296 3209 512 3263 Blanco
543 3211 610 3262 ad
647 3208 1084 3264 W-crnefridum
1119 3211 1496 3267 edita.Dill'ert
1519 3216 1712 3267 clocca
1741 3233 1772 3266 a
1799 3214 1948 3267 colo-

297 3281 394 3334 bio
425 3297 491 3334 eo
525 3280 681 3351 quod
712 3281 811 3334 illa
829 3282 1148 3336 scissuram
1176 3285 1460 3337 modicam
1489 3285 1639 3337 inter
1657 3285 1944 3353 scapulas,

297 3359 399 3423 aut
428 3354 599 3406 etiam
647 3353 719 3405 ab
751 3354 942 3406 antica
972 3361 1029 3408 et
1064 3356 1284 3423 postica
1334 3357 1508 3408 simul
1564 3356 1819 3416 haberet.
1873 3358 1944 3408 ab

298 3422 404 3476 illo
439 3424 714 3478 foramine
740 3440 837 3492 per
858 3429 1006 3490 quod
1042 3422 1216 3495 caput
1237 3430 1610 3480 eXserebatur
1645 3442 1756 3478 non
1793 3427 1946 3478 mul-

298 3499 431 3548 tum
464 3497 734 3550 deorsum
777 3504 1236 3565 procurrentem,
1272 3498 1327 3549 in
1364 3498 1479 3550 imo
1512 3495 1694 3550 solida
1737 3515 1750 3562 ;
1787 3499 1944 3551 colo-

300 3565 469 3620 bium
500 3583 632 3621 vero
653 3567 969 3622 scissuram
997 3571 1070 3621 ab
1101 3569 1220 3622 ima
1251 3584 1351 3623 ora
1389 3583 1568 3637 super
1613 3569 1803 3622 medio
1837 3585 1942 3637 pe-

303 3643 464 3710 ctore
492 3640 559 3692 ad
583 3653 885 3710 summum
906 3654 1093 3710 usque
1116 3639 1325 3694 collare
1343 3638 1755 3694 ascendentem
1780 3637 1949 3710 habe-

301 3708 430 3780 bat,
461 3713 666 3780 caetera
713 3708 1309 3765 solidum.‘Discimus
1341 3711 1410 3765 de
1459 3711 1681 3780 reliquo
1730 3726 1798 3764 ex
1846 3708 1944 3764 illo

302 3779 547 3852 Concilii
604 3780 1040 3852 Andegavensis
1106 3781 1340 3836 laudato
1397 3781 1543 3847 loco,
1588 3779 1945 3852 chlamydes

303 3851 497 3923 adhuc
545 3868 636 3906 x1v
683 3851 893 3923 saeculo
933 3852 1146 3923 gestari
1197 3853 1401 3907 solitas
1448 3853 1668 3923 fuisse:
1710 3851 1844 3906 item
1865 3867 1946 3923 ex

301 3921 583 3992 imagine,
633 3923 683 3977 si
715 3921 1094 3992 quibus'eam
1145 3928 1408 3992 spectare
1452 3922 1606 3988 licet,
1639 3923 1699 3978 in
1747 3922 1944 3978 codice

300 3995 558 4063 quodam
593 3993 1038 4049 membranaceo
1063 3994 1426 4050 bibliothecae
1445 3993 1617 4062 huius
1645 3993 1804 4048 urbis
1837 4009 1942 4062 pu-

298 4064 489 4136 blicai,
525 4064 624 4136 qui
655 4066 1065 4136 complectitur
1094 4066 1325 4121 duobus
1353 4065 1675 4136 grandibus
1714 4064 1772 4118 in
1807 4064 1942 4119 folio

299 4135 706 4191 voluminibus
728 4135 940 4191 Valerii
967 4137 1192 4191 Maximi
1217 4135 1497 4192 Gallicam
1517 4137 1945 4206 interpretatio-

297 4223 436 4279 nem
472 4206 854 4275 pulcherrime
903 4209 1179 4279 scriptam
1213 4215 1270 4262 et
1309 4224 1445 4263 auro
1477 4214 1649 4277 atque
1699 4208 1942 4276 picturis

295 4277 713 4334 illuminatam.
754 4277 1224 4349 Singulis‘libris
1274 4279 1584 4350 praemissae
1638 4282 1775 4331 sunt
1821 4279 1941 4350 sing

299 4350 453 4420 gulae
502 4351 750 4419 grandes
781 4354 838 4404 et
868 4347 1289 4419 pulcherrimae
1322 4350 1630 4419 imagines,
1665 4365 1813 4418 quas
1843 4347 1940 4416 qui

2051 3152 2101 3198 et
2135 3146 2312 3198 Pitato
2343 3146 2535 3200 habeat
2577 3150 2898 3220 portionem,
2931 3152 3060 3202 item
3099 3151 3472 3220 turpissimam
3519 3146 3684 3206 susti-

2051 3223 2180 3290 neat
2208 3223 2457 3290 mortem,
2486 3223 2548 3270 ut
2596 3219 2733 3288 cyto.
2767 3222 2863 3287 qui
2908 3236 3033 3273 suos
3079 3221 3317 3274 tradidit
3346 3224 3537 3290 socios,
3569 3239 3680 3276 non

2049 3288 2168 3354 ejus
2199 3286 2271 3339 sit
2316 3293 2604 3350 memoria,
2627 3286 2730 3342 sed
2759 3286 2816 3342 in
2848 3292 3013 3344 asello
3063 3303 3357 3346 retrorsum
3403 3286 3583 3348 sedeat
3633 3298 3682 3346 et

2049 3359 2281 3410 caudam
2339 3361 2395 3411 in
2457 3376 2622 3412 manu
2689 3364 2881 3416 teneat.
2942 3362 3304 3418 Constructio
3376 3366 3681 3418 verborum

2051 3427 2172 3480 haec
2203 3435 2290 3504 est
2323 3444 2335 3480 :
2366 3439 2422 3482 ut
2451 3434 2567 3504 eius
2596 3432 2694 3504 qui
2723 3433 3161 3504 sociositradidz't,
3196 3433 3250 3486 id
3284 3440 3373 3488 est
3407 3436 3682 3504 prodidit,

2048 3500 2318 3570 memoria
2347 3515 2453 3570 non
2483 3500 2553 3553 sit
2583 3500 2643 3553 in
2673 3502 2814 3570 cylo,
2847 3503 2903 3554 id
2954 3509 3042 3555 est
3077 3505 3228 3557 caelo.
3261 3500 3580 3560 Salmasius
3611 3507 3683 3558 ad

2048 3567 2315 3641 inscript.
2349 3569 2587 3624 Herodis
2633 3567 2806 3624 Attici
2839 3588 2894 3641 p.
2949 3572 3038 3634 44,
3071 3574 3221 3628 inter
3250 3574 3365 3630 alia
3394 3580 3496 3640 ait,
3549 3581 3683 3629 ante

2050 3637 2316 3692 inventas
2375 3656 2406 3693 a
2449 3641 2748 3695 Simonide
2805 3637 3026 3696 litteras
3085 3644 3262 3698 scribi
3311 3637 3682 3699 consuevisse

2050 3709 2366 3785 [IEOIKHE
2405 3726 2507 3780 pro
2557 3711 2732 3782 ψυχή.
2785 3711 2939 3785 Infra
2982 3713 3136 3782 apud
3185 3715 3456 3785 Nostrum
3479 3721 3575 3785 est
3622 3731 3679 3785 p.

2051 3779 2154 3853 i339
2233 3777 2580 3853 συνέτόιχοΨ
2624 3777 2725 3853 pro
2790 3777 3099 3853 συνέτυχον,
3171 3790 3224 3839 et
3298 3784 3552 3853 vicissim

2084 3798 2154 3833 δυ
2233 3798 2548 3853 συνετοιχον
2624 3798 2725 3852 pro
2790 3798 2972 3834 συνετυ
3022 3801 3099 3848 ον,
3171 3798 3224 3839 et
3298 3799 3552 3840 v1c1ssxm
3623 3802 3679 3853 ρ.

2084 3851 2154 3903 22
2182 3847 2384 3931 ’τύχρις
2439 3867 2541 3931 pro
2581 3798 3067 3931 _:EO£XOL‘C,UTCO?-Xn
3136 3869 3240 3924 pro
3294 3852 3467 3931 πόλη,
3525 3874 3679 3931 φυνι-

2048 3921 2237 4000 καις-,ξιξ
2271 3923 2366 4000 [ξίν
2402 3923 2498 3977 ubi
2531 3921 2752 4000 editum
2785 3924 2894 4000 fuit
2921 3921 3186 4000 φοίνικας,
3219 3942 3276 3996 p.
3320 3921 3434 4000 101.

2121 3993 2235 4068 (51)
2287 3994 2412 4048 Mos
2443 3999 2584 4068 erat,
2627 3999 2692 4068 ut
2721 3993 2959 4068 senatus
3010 4013 3111 4068 pro
3156 3993 3357 4052 recens
3401 3998 3682 4052 honorato

2048 4064 2265 4138 collega
2316 4065 2562 4138 gratias
2588 4136 2598 4138 Α
2628 4065 2972 4138 imperatori
3010 4064 3239 4138 ageret,
3297 4073 3364 4123 ut
3427 4071 3594 4138 patet
3628 4080 3681 4138 fe

2048 4082 2265 4133 couega
2332 4082 2552 4134 gratias
2628 4082 2964 4134 imperatori
3024 4082 3239 4190 ageret,
3297 4082 3364 4123 ur.
3437 4082 3594 4138 patet
3651 4082 3679 4121 e

2047 4135 2365 4213 Themisth
2415 4136 2610 4213 p.290
2644 4135 2890 4213 :_Aetvov“
2927 4137 3018 4190 οὗν
3065 4136 3190 4213 ’μοὶ
3237 4136 3532 4213 κατεφάνῃ,
3576 4137 3679 4213 τὴν

2049 4205 2143 4278 μὲν
2202 4203 2608 4278 βουλὴνἐὖθὺς
2651 4205 3015 4278 εἰσελθοῦσαν,
3053 4203 3210 4278 ἡνίκα
3257 4203 3417 4263 αὐτόν
3467 4203 3680 4278 ἀνεῖπεν

2046 4274 2074 4329 ὁ
2108 4274 2362 4399 βασιλῗὺς
2389 4279 2621 4350 (nempe
2668 4274 3010 4352 consulem),
3063 4274 3244 4334 δοῦναι
3291 4280 3358 4332 τα
3408 4277 3682 4353 πρέποντα

2052 4366 2251 4399 γαοιστ
2283 4366 2407 4399 iota-

2052 4366 2407 4423 χαριστήρια.

301 4409 568 4475 intuetur
601 4438 714 4474 non
739 4409 925 4487 potest
957 4421 1185 4474 illorum
1214 4409 1786 4491 temporiim,quibus
1815 4409 1945 4474 eia-
1972 4409 2018 4472 D
2056 4409 2094 4423 "
2122 4409 2232 4489 (52)
2279 4409 2406 4474 Mos
2454 4423 2578 4475 erat
2626 4420 2971 4486 Graecorum,
3014 4425 3074 4476 ut
3121 4437 3320 4476 recens
3368 4419 3681 4477 honoratus

301 4498 463 4548 ratus
494 4492 604 4545 fuit
634 4492 894 4556 codex,in

931 4493 1219 4562 pingendo
1251 4493 1633 4548 subtilitatem
1664 4497 1720 4546 et
1749 4493 1940 4546 dexte-

304 4564 528 4618 ritatem
564 4580 677 4616 non
713 4564 930 4616 mirari.
1361 4589 1364 4592 ~

377 4635 491 4701 (50}
521 4634 701 4688 Credo
729 4632 1104 4700 mraxo‘Atov,
1135 4636 1400 4700 ventrate,
1435 4633 1613 4688 fuisse
1641 4633 1819 4688 vestis
1851 4649 1944 4699 ge-

306 4722 444 4770 nus,
476 4707 627 4775 quod
665 4716 863 4774 pectus
896 4707 1099 4771 ambit,
1131 4706 1262 4758 etin
1295 4707 1436 4771 ipsis
1468 4705 1808 4775 inguinibus
1849 4705 1944 4758 de-

305 4777 466 4831 sinit.
503 4777 758 4832 Bruslutz
791 4779 874 4829 vel
929 4776 1138 4828 Wumbs
1199 4777 1365 4830 nobis
1415 4779 1654 4840 dictum,
1705 4777 1776 4828 de
1826 4791 1940 4842 quo

305 4863 359 4902 ν.
422 4846 505 4901 Du
558 4849 748 4917 (lange
796 4864 848 4902 v.
901 4845 1173 4909 Gumbeso,
1233 4855 1288 4899 et
1345 4863 1468 4914 quae
1503 4849 1671 4917 intra
1728 4848 1799 4899 de
1847 4846 1944 4897 di—

309 4917 502 4988 ploide
532 4915 714 4972 dicam
745 4941 760 4980 ς
805 4923 904 4971 aut
937 4919 1063 4988 fuit
1089 4917 1362 4981 ventrale,
1397 4918 1445 4969 si
1493 4915 1771 4988 Salmasio
1819 4932 1942 4988 cree

306 4987 527 5050 dimus,
565 4989 670 5044 hac
701 4988 771 5042 de
815 5005 951 5042 voce
1003 4987 1075 5042 ad
1103 4993 1222 5041 Scr.
1276 4988 1340 5040 ll.
1388 4994 1531 5047 Aug.
1562 4993 1603 5040 t.
1658 4987 1699 5046 l,
1735 5004 1788 5056 p.
1837 4987 1944 5038 670

304 5059 648 5129 disputanti,
697 5061 808 5112 lata
863 5059 1043 5113 fascia
1099 5057 1285 5112 ventri
1336 5058 1757 5126 praecingenda,
1806 5073 1939 5111 cum

309 5131 554 5184 habenis
607 5131 949 5184 astrictoriis
1009 5139 1060 5184 et
1110 5130 1290 5184 funda
1339 5129 1426 5184 vel
1489 5129 1783 5198 marsupio
1843 5145 1942 5194 pro

306 5202 691 5257 recondendis
714 5203 1224 5256 nummis.Grtecos
1245 5206 1463 5253 veteres
1486 5199 1542 5252 in
1573 5200 1944 5264 pronuntian-

306 5273 378 5327 do
431 5275 584 5326 inter
627 5291 655 5323 υ
705 5280 757 5326 et
806 5292 857 5324 οι
888 5271 1200 5327 discrimen
1252 5288 1366 5324 non
1419 5271 1714 5331 statuisse.
1763 5286 1830 5323 ex
1877 5287 1942 5323 eo

301 5343 450 5397 satis
500 5351 758 5413 apparet,
811 5347 962 5413 quod
1018 5359 1200 5412 neque
1264 5342 1466 5405 Graeci,
1521 5357 1704 5411 neque
1761 5341 1941 5394 Latini

303 5413 524 5468 librarii
559 5431 591 5484 y
625 5420 679 5466 et
731 5416 1201 5484 cedistinguunt,
1247 5415 1347 5467 sed
1397 5413 1567 5467 ambo
1620 5414 1943 5484 promiscue

307 5481 576 5540 habentf
610 5484 748 5540 Novi
808 5481 1010 5539 Graeci—
1048 5483 1286 5537 πόκυλον
1365 5485 1559 5538 dicunt
1624 5481 1728 5548 pro
1807 5481 1943 5534 ὑπό-

305 5553 499 5610 κοιλον
564 5555 650 5610 vel
713 5552 1055 5622 ὑποκοίλιον,
1107 5560 1311 5610 venter.
1363 5555 1466 5610 Pro
1526 5552 1707 5608 Μυσία
1756 5553 1941 5608 Latini

307 5627 503 5684 Maesia
549 5627 838 5682 dixerunt.
901 5628 1012 5682 Pro
1061 5624 1327 5685 οἶκειακός
1365 5625 1588 5696 yciacus
1634 5629 1946 5696 exararunt

307 5701 388 5769 (ν.
423 5702 510 5755 Du
543 5696 736 5769 Gange
763 5715 815 5753 v.
851 5697 1214 5769 Calapanus),
1247 5702 1304 5753 et
1332 5694 1624 5767 ybonomus
1653 5711 1756 5768 pro
1786 5694 1940 5749 οῗκο-

2049 4493 2245 4544 statim
2280 4507 2314 4544 a
2361 4491 2718 4560 promotione
2764 4498 2821 4545 et
2864 4493 3208 4547 consistorio
3257 4493 3327 4547 ad
3376 4491 3679 4548 ecclesiam

2051 4562 2432 4630 aliquam.seu
2469 4561 2779 4634 palatinam
2809 4562 2894 4630 (ut
2921 4563 3282 4627 S.Demetrii,
3315 4564 3428 4619 vid.
3464 4564 3680 4634 p.135),

2050 4647 2152 4686 aeu
2186 4637 2492 4704 urbanam,
2527 4641 2590 4686 ut
2621 4631 2678 4686 S.
2705 4633 2981 4702 SOphiam
3015 4641 3114 4687 aut
3143 4631 3680 4704 SS.AposIolorum,

2053 4703 2494 4772 aliiret,Deoque
2527 4704 2742 4771 gratias
2773 4722 2871 4772 ρνιι
2907 4705 3129 4758 indulto
3166 4703 3378 4760 honera
3403 4711 3618 4772 ageret,
3650 4721 3684 4757 a

2054 4775 2383 4844 patriarcha
2432 4775 2517 4827 vel
2548 4775 2660 4827 alio
2693 4777 2940 4845 quodam
2990 4780 3282 4830 sacerdote
3332 4778 3681 4828 benedictio-

2055 4863 2182 4898 nem
2215 4851 2269 4898 et
2300 4862 2523 4899 sacram
2559 4847 3025 4900 communionem
3062 4847 3435 4915 acciperet,et
3468 4861 3682 4899 uiunns

2051 4917 2304 4970 ecclesirr
2338 4917 2852 4971 donaret.Domum
2879 4919 3085 4972 deinde
3107 4923 3415 4972 abeuntem
3449 4917 3681 4982 college?

2055 4987 2184 5040 novi
2217 4995 2273 5040 et
2297 4989 2608 5041 familiares
2627 4989 3052 5043 comitabantur
3081 4996 3138 5043 et
3159 4987 3683 5048 deducebantalluc

2054 5058 2326 5112 all'erebat
2351 5059 2562 5125 regium
2583 5059 2842 5128 diploma
2864 5059 2948 5114 Vel
2976 5061 3275 5114 codicillos
3297 5057 3681 5121 silentiarius,

2051 5137 2108 5182 et
2138 5146 2340 5200 omnes
2370 5131 2790 5198 epulabantur;
2826 5131 2939 5184 vid.
2974 5131 3162 5184 Nostri
3201 5147 3255 5200 p.
3287 5129 3408 5189 135.
3441 5129 3679 5182 Codren.

2053 5217 2108 5268 p.
2137 5200 2262 5261 612,
2299 5199 2558 5255 Valesius
2604 5204 2671 5256 ad
2725 5205 2915 5256 Amm.
2952 5199 3211 5254 Marcelli
3241 5218 3292 5268 p.
3346 5202 3471 5262 523,
3503 5203 3556 5252 et
3599 5202 3677 5249 Du

2053 5271 2238 5328 Canae
2270 5287 2319 5324 ν.
2372 5273 2666 5326 Patricius.
2703 5274 2814 5342 Ipsi
2867 5289 3095 5342 quoque
3145 5269 3388 5340 gentiles
3441 5268 3683 5342 Romani

2058 5344 2428 5410 magistratus
2461 5362 2600 5397 novn
2629 5340 2794 5396 macti
2833 5340 3047 5395 hunore
3071 5343 3221 5394 ibant
3251 5343 3304 5392 in
3331 5340 3680 5411 Capitolium

2053 5413 2170 5466 Jovi
2203 5415 2417 5473 gratias
2467 5425 2658 5467 actum
2689 5431 2702 5476 ς
2739 5414 2846 5466 νιά.
2880 5415 3106 5464 Arrian.
3159 5413 3388 5466 dissert.
3444 5413 3681 5480 Epictet.

2057 5486 2269 5564 p.136.
2321 5485 2537 5564 ’[Ριιιυθ
2582 5484 2906 5564 precumﬂin
2961 5483 3392 5564 te_i|ip|0_s:upe_r
3445 5482 3683 5564 patricio

2053 5553 2457 5624 inaugurando
2487 5573 2538 5611 v.
2576 5555 2779 5625 Georg.
2810 5553 3164 5625 Monach.p.
3186 5555 3688 5625 568,_Script.post

2055 5623 2398 5697 'Ifheo’phan.
2432 5641 2488 5696 p.
2536 5626 2660 5697 239.
2690 5623 2920 5697 Patr-icit
2969 5623 3150 5697 Graeci
3185 5623 3545 5697 precibus‘in
3571 5639 3690 5697 rec_-_-

2055 5693 2236 5753 clesia
2261 5693 2613 5752 communiri
2662 5693 2836 5760 soliti,
2869 5694 2930 5749 S.
2962 5709 3042 5751 m.
3077 5693 3369 5768 Logbthet.
3401 5712 3460 5768 p.
3507 5694 3688 5767 475.?
