4138 6298
357 393 477 454 833

961 389 1068 449 DE
1109 387 1562 451 CERIMONIIS
1606 391 1843 454 AULE
1882 390 2378 460 BYZANTlNzE
2418 400 2567 463 LIB.
2611 402 2659 463 Ι.
2706 436 2782 448 -—
2825 404 3161 466 APPEND.

3646 416 3769 476 834

358 541 480 587 τας⁶
514 523 890 598 ἀπαριθμῆσαι
920 521 1010 576 τὸν
1044 519 1202 591 λαὸν,
1257 519 1375 576 ὅσοι
1422 540 1480 576 τε
1524 521 1627 576 ὑπὸ
1669 523 1736 579 τὰ
1764 521 2012 600 τάγματα

2124 533 2449 589 custodiam
2481 535 2781 613 abderent.
2804 537 3023 597 Deinde
3038 540 3259 598 solebat
3274 540 3769 618 imperator[Gon-

361 613 466 669 εἰσι
524 618 626 681 τῆς
684 609 903 671 πόλεως
957 609 1047 666 καὶ
1106 608 1226 666 ὅσοι
1284 610 1390 665 ὑπὸ
1446 610 1538 665 τὸν
1618 609 1886 688 ὕπαρχον,
1925 615 2013 670 καὶ

359 702 591 764 τούτους
649 700 961 775 προορίζειν
1042 701 1158 754 καθ’
1237 700 1450 767 ἑαυτὸν,
1527 699 1578 755 ἐν
1657 703 1804 773 ποίῳ
1865 704 2015 774 μέρει

360 789 585 847 ἕκαστον
617 789 824 845 τούτων
872 793 977 842 τῶν
1030 787 1389 860 συστημάτων
1449 786 1673 866 φυλάξει
1719 791 1819 858 τὴν
1851 789 2014 845 πόλιν

363 881 418 936 ἐν
475 884 652 954 καιρῷ
710 875 1011 950 ἐπιδημίας
1075 877 1308 952 ἐχθρῶν·
1377 876 1639 951 ἀνορθοόν
1698 875 1755 932 δὲ
1804 879 1894 933 καὶ
1951 882 2018 935 τὰ

356 973 469 1023 τῶν
509 969 712 1044 τειχῶν
765 964 1053 1037 κλάσματα
1099 964 1193 1019 καὶ
1239 965 1304 1019 τὰ
1356 965 1449 1038 μὲν
1496 965 1555 1020 ἐκ
1603 963 1802 1030 δύσεως
1851 966 2020 1043 ἐρχό-

361 1078 495 1131 μενα
545 1052 791 1129 μανὸἀτα
838 1053 1228 1127 καταμηνύειν,
1276 1049 1380 1117 ἕως
1430 1055 1489 1109 ἄν
1550 1055 1710 1118 αὐτὸς
1769 1057 1796 1110 ὁ
1857 1058 2017 1131 βασι-

361 1146 490 1208 λεὺς
534 1146 604 1200 τὰ
661 1143 963 1216 οἰκούμενα
1012 1143 1274 1218 παρελθῃο
1330 1146 1463 1217 μετᾶ
1508 1142 1565 1199 δὲ
1608 1150 1778 1200 ταῦτα
1823 1147 1891 1202 τὰ
1923 1148 2018 1220 μὶν

362 1232 633 1291 σπουδαῖα
677 1234 767 1288 καὶ
835 1229 1090 1289 κίνδυνον
1159 1231 1427 1306 σύντομον
1491 1232 1819 1290 ἀπειλοῦντα
1875 1231 2019 1289 διοι-

357 1330 473 1380 κεῖν
520 1323 704 1396 αὐτὸν,
764 1322 944 1387 καθὼς
998 1319 1058 1375 ἂν
1105 1321 1302 1395 νομίσῃ
1351 1320 1623 1400 συμφέρον
1674 1322 1828 1392 εἶναι,
1883 1325 2015 1398 βου-

359 1411 658 1484 λευόμενον
699 1413 836 1485 μετὰ
882 1415 991 1465 τῶν
1040 1413 1479 1487 χρησιμωτέρων
1519 1417 1619 1480 τῆς
1667 1411 1903 1475 πόλεως·
1952 1414 2021 1468 τὰ

357 1500 416 1558 δὲ
477 1499 751 1576 μηδεμίαν
806 1498 1048 1569 σπουδὴν
1087 1495 1309 1575 ἔχοντα,
1362 1498 1489 1556 ἀλλ’
1528 1498 1720 1571 εὖτελῆ
1764 1497 1888 1556 ὄντα
1926 1502 2014 1557 καὶ

358 1591 583 1670 φανερὰ,
636 1588 882 1653 διοικεῖν,
933 1589 1002 1644 τὰ
1051 1586 1107 1644 δὲ
1158 1588 1407 1666 μεγάλης
1458 1588 1748 1665 φροντίδος
1791 1589 2022 1663 δεόμενα

365 1683 692 1756 ὑποκρατεῖν
755 1681 925 1754 μέχρι
980 1684 1080 1747 τῆς
1159 1678 1507 1756 ὑποστροφῆς
1564 1682 1662 1733 τοῦ
1723 1679 2015 1754 βασιλέως·

358 1769 658 1846 προσέχειν
735 1765 792 1823 δὲ
872 1764 1110 1840 μάλιστα
1178 1766 1302 1843 περὶ
1380 1764 1649 1842 αἰφνιδίου
1718 1765 2016 1840 ἐπιδημίας

356 1859 601 1935 ἐχθρῶν,
650 1858 738 1913 καὶ
793 1854 883 1911 διὰ
923 1860 1083 1911 τοῦτο
1135 1855 1371 1930 μάλιστα
1416 1858 1636 1934 γράφειν
1678 1877 1736 1911 τε
1774 1860 2019 1935 συνεχῶς

390 1918 478 1935 ιν.
588 1918 600 1928 ι
1135 1918 1144 1930 -
1429 1918 1462 1931 -ι
1534 1918 1545 1934 .
1900 1918 1939 1935 ,κ
2004 1918 2013 1921 -

356 1948 448 2004 καὶ
505 1944 758 2023 δέχεσθαι
808 1944 869 2000 ἐκ
910 1950 1018 2000 τῶν
1064 1943 1242 2019 ἄκρων
1293 1946 1565 2017 θεμάτων,
1616 1945 1705 2000 καὶ
1747 1966 2015 2000 κατασκο-
2049 1918 2094 1983 Β

357 2044 480 2094 πεῖν
538 2040 606 2091 τὰ
659 2040 767 2091 τῶν
830 2035 1085 2111 γειτόνων
1146 2033 1379 2111 ἐχθρῶν,
1435 2036 1526 2089 καὶ
1586 2035 1865 2107 μανθάνειν
1921 2036 2010 2090 καὶ

358 2124 753 2184 ἆναδιδάσκειν’
815 2123 893 2181 ἔτι
952 2146 1015 2201 γε
1091 2126 1199 2198 μὴν
1272 2125 1390 2179 καθ’
1466 2124 1654 2180 ἑαυτὸν
1706 2125 2010 2202 φροντίζειν

351 2217 482 2292 περὶ
514 2214 725 2286 ὅπλων,
773 2215 891 2270 ὅθεν
938 2211 1045 2283 ἓξει
1094 2213 1233 2268 αὐτᾶ
1282 2212 1334 2267 ἐν
1384 2218 1559 2289 καιρῷ
1605 2214 1815 2289 χρείας·
1847 2219 2014 2271 ταῦτα

354 2304 416 2362 δὲ
473 2304 783 2382 λογίζεσθαι
838 2305 953 2358 καθ’
1014 2301 1204 2358 ἑαυτὸν
1260 2302 1350 2355 καὶ
1406 2301 1782 2373 ἑτοιμάζεσθαι
1833 2304 2011 2381 χωρὶς

350 2401 627 2471 ταραχῆς,
662 2391 756 2448 ’ἱνα
788 2393 865 2465 μὴ
897 2387 1068 2469 φόϐον
1113 2386 1371 2465 ἐμϐάλλῃ
1400 2395 1470 2465 τῇ
1501 2391 1684 2457 πόλει,
1716 2393 1806 2446 καὶ
1836 2391 2013 2448 πολυ-

354 2485 648 2559 τιμότερον
703 2482 1016 2554 καταστήσῃ
1075 2480 1168 2535 τὸν
1220 2484 1368 2534 σῖτον
1428 2480 1521 2534 καὶ
1572 2479 1639 2534 τὰ
1697 2480 1868 2536 λοιπὰ
1902 2487 2010 2536 τῶν

361 2571 525 2628 εἱδῶν
583 2575 719 2646 (15)·
779 2573 1068 2643 κατασιγᾷν
1107 2571 1218 2642 (16)
1278 2565 1336 2623 δὲ
1391 2570 1485 2630 τὰς
1533 2567 1771 2645 ἂλόγους
1821 2572 2011 2645 φήμας

358 2660 455 2715 καὶ
502 2660 595 2723 τὰς
641 2659 905 2737 ταραχὰς,
955 2658 1094 2712 ποτὲ
1142 2658 1236 2731 μὲν
1295 2657 1697 2734 σωφρονίζοντα
1741 2658 1869 2722 τοὺς
1917 2660 2012 2724 τὰς

366 2749 556 2825 φήμας
602 2752 910 2825 γεννῶντας,
959 2747 1094 2802 ποτὶ
1152 2744 1208 2801 δὲ
1260 2744 1539 2802 ἐπιλαλεῖν
1587 2752 1704 2808 τοῖς
1752 2746 2008 2811 πολίταις

364 2842 466 2912 τὴν
514 2839 607 2894 τοῦ
647 2835 908 2914 βασιλέως
955 2838 1046 2893 καὶ
1092 2841 1190 2892 τοῦ
1233 2835 1372 2891 λαοῦ
1421 2839 1717 2913 σωτηρίαν*
1752 2836 1892 2893 ἔστιν
1921 2838 2011 2893 ὅτε

360 2931 453 2986 καὶ
515 2927 767 2983 πλάττειν
834 2926 1032 3003 ἀγαθὰς
1095 2929 1303 3002 φήμας,
1351 2925 1426 2987 ὡς
1472 2925 1767 2989 κελεύσεως
1818 2926 2009 2983 ἐλθού-

357 3042 459 3091 σης
501 3019 648 3087 πλὴν
708 3016 998 3092 ἀορίστως,
1041 3016 1075 3085 ἤ
1114 3017 1205 3071 καὶ
1271 3014 1462 3077 ἄλλως
1528 3015 1634 3071 ἀπό
1698 3038 1846 3081 τινος
1910 3022 2008 3074 τοῦ

355 3108 494 3165 λαοῦ
523 3106 793 3163 ἐλθόντων
835 3109 970 3180 (17),
1001 3109 1108 3160 τῶν
1161 3106 1256 3179 μὲν
1305 3106 1406 3173 τὴν
1437 3105 1703 3180 ῥᾳθυμίαν
1731 3109 1871 3180 (18),
1901 3110 2008 3162 τῶν

357 3196 414 3254 δὲ
441 3199 538 3261 τὰς
566 3195 812 3273 ταραχὰς
842 3195 1102 3251 παύοντα.

2127 623 2417 679 stantinus
2447 624 2715 701 Magnus]
2731 630 3355 701 tempusexpeditionis
3381 633 3767 705 ejusquediu-

2127 712 2461 767 turnitatem
2492 730 2689 770 secum
2740 718 3095 775 constituere
3141 724 3199 774 et
3235 720 3527 779 calculum
3594 724 3766 796 inire,

2127 807 2343 871 quanta
2370 803 2480 874 ipsi
2512 807 2757 876 pecunia
2801 816 2854 863 et
2911 814 3132 881 quanto
3179 812 3295 868 alio
3350 820 3636 885 apparatu
3689 818 3762 873 ad

2126 892 2553 959 expeditionem
2586 903 2700 950 tam
2733 903 2792 952 et
2824 903 2939 953 tam
2961 899 3301 958 diuturnam
3333 903 3584 960 futuram
3616 923 3766 979 opus

2125 979 2239 1049 sit;
2264 982 2693 1054 mandabatque
2716 987 2956 1056 proinde
2977 989 3370 1057 sacellario,et
3391 996 3769 1064 protovestia-

2125 1067 2233 1136 rio,
2266 1076 2320 1123 et
2350 1073 2759 1138 mensuratori,
2793 1086 2844 1129 et
2877 1076 3197 1135 domestico
3219 1079 3516 1152 hvpurgiaa
3543 1100 3641 1139 seu
3677 1084 3768 1140 fa—

2128 1158 2342 1214 mulitii
2369 1159 2748 1229 culinaris,ut
2765 1181 2963 1222 eorum
2999 1171 3485 1242 unusquisquein
3518 1189 3586 1229 ea
3606 1180 3768 1246 parte

2127 1248 2566 1317 sollicitudinis,
2625 1269 2754 1323 quae
2802 1255 2872 1308 ad
2932 1271 2994 1310 se
3040 1266 3352 1329 spectaret,
3392 1267 3533 1332 quot
3588 1280 3768 1322 onera

2127 1345 2267 1406 quot
2290 1341 2719 1411 sagmariorum
2756 1343 3050 1413 expeditio
3083 1346 3326 1413 deﬁniti,
3356 1351 3507 1419 quod
3539 1352 3762 1423 edebat,

2126 1428 2407 1498 temporis
2438 1430 2712 1501 requirat,
2728 1437 3099 1503 supputarel;
3122 1436 3766 1513 scriptoqueconsigna-

2128 1520 2250 1572 tum
2281 1516 2450 1573 illum
2481 1518 2770 1575 calculum
2798 1521 2909 1576 sibi
2925 1525 3767 1587 monstraret.Nactusnumeri

2128 1607 2554 1676 sagmariorum
2586 1608 2891 1675 indicium,
2923 1615 2981 1666 ct
3008 1617 3229 1683 quanto
3259 1614 3336 1670 sit
3355 1631 3502 1688 opus
3533 1618 3772 1691 supple-

2126 1700 2324 1751 mento
2355 1696 2562 1752 bestiis
2592 1697 2710 1753 illis
2743 1714 2890 1769 quas
2921 1707 3019 1755 aut
3059 1700 3431 1773 iatigationes
3470 1705 3575 1761 vias
3606 1707 3771 1764 clau-

2126 1785 2230 1840 das
2286 1794 2338 1840 et
2398 1784 2583 1842 labori
2621 1786 2850 1857 ineptas
2923 1788 3232 1857 effectura,
3300 1796 3403 1848 aut
3443 1796 3769 1867 prmeipites

2124 1874 2305 1929 ruinae
2338 1891 2575 1945 prorsus
2604 1877 3018 1933 exanimatum
3048 1887 3274 1948 essent;
3321 1884 3642 1940 mandabat
3669 1902 3771 1943 co-

2123 1964 2253 2019 miti
2284 1964 2499 2020 stabuli
2541 1968 2599 2020 et
2627 1965 2895 2022 rationali
2921 1981 3200 2040 gregum,
3259 1979 3320 2025 ut
3375 1977 3649 2029 curarent
3705 1975 3765 2032 in

2124 2058 2396 2124 promptu
2444 2058 2619 2125 atque
2646 2056 2863 2110 mundo
2920 2072 3046 2112 esse
3097 2074 3408 2115 numerum
3469 2063 3762 2121 mulorum

2121 2143 2544 2212 sagmariorum
2585 2143 2894 2210 indictum,
2937 2148 2996 2200 et
3053 2161 3234 2217 equos
3292 2153 3587 2221 praeterea,
3642 2156 3765 2211 tam

2121 2231 2315 2303 regios
2343 2232 2637 2302 regiisque
2668 2232 2867 2289 usibus
2889 2233 3027 2290 solis
3041 2235 3382 2304 destinatos,
3403 2255 3576 2310 quam
3594 2240 3766 2312 alios,

2122 2336 2270 2392 quos
2308 2320 2623 2393 imperator
2678 2327 2779 2378 aut
2824 2324 2893 2378 ad
2955 2322 3279 2380 ineundum
3336 2328 3762 2398 expeditionem

2121 2409 2328 2465 amicis
2356 2411 2572 2482 quibus
2600 2409 2725 2481 ipse
2752 2412 2914 2479 velit,
2946 2417 3049 2470 aut
3099 2413 3159 2469 in
3219 2415 3348 2487 ipsa
3393 2418 3762 2490 expeditione

2122 2498 2428 2564 militibus,
2452 2499 2722 2556 hostibus
2750 2500 2809 2556 in
2842 2518 2951 2557 sua
2979 2506 3172 2558 castra
3215 2506 3566 2578 transituris,
3621 2509 3759 2566 item

2119 2603 2359 2642 suorum
2374 2587 2588 2659 quibus
2616 2589 2814 2659 aliqua
2844 2588 3101 2661 dignitas
3131 2590 3402 2648 militaris
3422 2601 3480 2650 et
3508 2599 3762 2653 auctori-

2117 2683 2206 2733 tas
2236 2679 2489 2744 adesset,
2521 2678 2936 2750 similibusque
2967 2677 3099 2735 aliis
3131 2680 3476 2739 hominibus
3524 2684 3763 2744 honoris

2118 2766 2304 2839 gratia
2331 2766 2391 2822 in
2426 2768 2797 2837 praemiumve
2825 2768 3157 2839 largiretur.
3189 2770 3386 2827 Hisita
3406 2774 3764 2844 constitutis,

2117 2856 2517 2927 nuncupabant,
2549 2872 2726 2927 quem
2767 2872 2869 2927 per
2916 2858 3245 2914 absentiam
3300 2876 3466 2917 suam
3522 2879 3659 2918 suae
3697 2866 3759 2921 in

2119 2926 2262 2983 urbe
2291 2929 2443 2983 vices
2470 2926 2670 3000 gerere
2700 2926 2892 2998 vellet,
2914 2929 3086 3000 eique
3130 2930 3189 2989 in
3231 2932 3534 3003 praeceptis
3580 2935 3760 2992 dabat

2118 3016 2261 3081 haec,
2294 3023 2357 3073 ut
2386 3022 2712 3074 recenseret
2741 3017 3032 3089 militiam,
3054 3026 3174 3076 tam
3197 3037 3349 3089 eam,
3390 3038 3518 3093 quas
3551 3026 3620 3081 ad
3652 3042 3759 3081 σο-
3856 3082 3859 3083 ν

2118 3106 2316 3163 hortes
2347 3107 2736 3178 praesidiarias
2788 3108 2954 3163 urbis
3004 3110 3338 3179 pertineret,
3393 3127 3572 3183 quam
3627 3130 3756 3186 quas

2034 3184 2086 3250 Ci
2111 3198 2515 3255 Jurisdictioni
2547 3199 2799 3271 praefecti
2834 3198 2994 3255 urbis
3021 3201 3291 3259 subesset
3318 3202 3398 3275 [id
3431 3208 3521 3259 est
3549 3184 3762 3262 factio-

354 3290 522 3362 nes];
580 3289 1001 3358 ambarumque
1054 3286 1310 3359 partium
1367 3286 1616 3358 singulis
1672 3286 2022 3359 peculiarem
2081 3304 2251 3359 porro
2298 3287 2493 3344 locum
2549 3288 2896 3359 assignaret,
2945 3304 2976 3344 e
3026 3304 3140 3361 quo
3198 3306 3390 3347 arcere
3440 3291 3661 3364 hostes,
3711 3294 3765 3351 si

352 3378 522 3446 forte,
544 3376 915 3431 incursantes
943 3375 1267 3429 niterentur
1301 3389 1316 3439 ;
1356 3388 1528 3442 porro
1559 3378 1624 3428 ut
1655 3379 2011 3429 restauraret
2063 3375 2339 3429 moenium
2397 3380 2670 3444 rupturae
2701 3380 2760 3429 et
2812 3374 3015 3430 ruinas
3047 3400 3062 3441 ;
3095 3381 3159 3431 ut
3178 3393 3250 3432 ex
3305 3376 3617 3436 Occidente
3663 3397 3769 3437 ve-

356 3467 588 3523 nientes
621 3464 863 3520 nuntios
901 3464 970 3518 ad
1031 3463 1438 3534 imperatorem
1498 3478 1599 3532 per
1653 3478 1888 3517 cursum
1950 3463 2251 3534 publicum
2296 3463 2555 3529 referret,
2584 3463 2767 3518 donec
2795 3464 2893 3519 ille
2942 3466 3131 3520 adhuc
3189 3469 3518 3524 Romanum
3566 3470 3761 3528 solum

360 3557 649 3623 calcaret;
683 3558 877 3611 evecto
901 3558 1095 3609 autem
1137 3552 1198 3607 in
1229 3551 1498 3607 hostilem
1532 3568 1764 3624 agrum,
1787 3568 1850 3608 se
1878 3552 2037 3609 hunc
2064 3552 2125 3608 in
2158 3553 2398 3608 modum
2431 3557 2694 3624 gereret;
2724 3558 2789 3607 ut
2844 3570 3051 3625 nempe
3084 3557 3281 3627 magni
3340 3560 3621 3613 momenti
3672 3577 3766 3615 res

364 3652 421 3703 et
446 3660 700 3717 praeceps
722 3642 1034 3699 discrimen
1093 3641 1383 3697 minantes
1415 3640 1537 3712 ipse
1590 3641 1874 3712 protinus,
1935 3642 2033 3705 ita,
2095 3646 2158 3697 ut
2223 3641 2337 3696 sibi
2402 3640 2646 3713 aliisque
2711 3641 2874 3697 urbis
2931 3642 3314 3713 optimatibus
3356 3645 3416 3700 in
3455 3646 3765 3702 consilium

365 3736 566 3793 ascitis
595 3750 626 3790 e
674 3749 736 3789 re
790 3732 1089 3787 communi
1121 3746 1248 3787 esse
1302 3731 1490 3786 visum
1521 3730 1714 3799 fuerit,
1762 3732 2089 3801 expediret;
2150 3746 2242 3786 res
2292 3746 2406 3785 non
2439 3730 2604 3785 valde
2655 3736 3049 3787 momentosas
3081 3748 3269 3803 neque
3313 3739 3608 3805 urgentes,
3662 3736 3765 3791 sed

349 3823 531 3889 leves,
579 3822 761 3877 cuivis
821 3824 1130 3893 perspectu
1179 3819 1376 3875 faciles
1405 3823 1462 3874 et
1519 3819 1869 3876 dubitationi
1928 3824 2103 3891 atque
2149 3818 2505 3874 dubitationi
2562 3827 2860 3891 exemptae
2891 3836 2996 3892 pro
3028 3820 3251 3891 judicio
3283 3838 3389 3877 suo
3419 3838 3767 3893 exsequere-

350 3919 488 3982 tur;
524 3928 651 3984 quae
709 3919 925 3979 contra,
984 3909 1251 3981 quamvis
1311 3924 1582 3979 magnam
1632 3925 1831 3964 curam
1880 3912 2051 3978 atque
2121 3908 2710 3980 oircumspectionem
2751 3909 3136 3978 requirerent,
3171 3925 3391 3967 moram
3428 3915 3623 3967 tamen
3655 3928 3766 3982 pa-

354 4007 640 4071 terentur,
671 4016 769 4057 eas
797 4000 867 4054 ad
901 4014 1097 4068 suum,
1132 3997 1522 4069 imperatoris,
1563 3998 1819 4053 reditum
1852 4012 2038 4068 usque
2080 4000 2402 4053 reservaret
2431 3996 2729 4068 integras;
2755 3997 2910 4053 που
2956 3996 3266 4071 praecipue,
3327 4005 3392 4054 ut
3447 3998 3767 4057 subitaneus

357 4088 973 4148 hostiumincursioni
1006 4087 1353 4159 provideret,
1383 4092 1441 4141 et
1471 4093 1772 4158 prapterea
1810 4086 2209 4143 indesinenter
2262 4086 2489 4142 litteras
2539 4087 2877 4158 legatosque
2934 4087 2995 4142 in
3047 4087 3296 4145 extimas
3351 4088 3579 4159 imperii
3633 4107 3768 4161 pro-

358 4182 586 4237 vincias
618 4179 896 4245 mitteret,
928 4181 985 4232 et
1010 4177 1174 4232 illinc
1205 4176 1444 4231 nuntios
1475 4176 1773 4247 reciperet,
1806 4175 1963 4247 vigili
1996 4176 2163 4232 oculo
2220 4176 2545 4233 vicinorum
2577 4177 2694 4232 illis
2745 4177 3094 4250 p0pulorum
3151 4178 3279 4234 orbi
3338 4179 3594 4236 Romano
3651 4181 3771 4236 ini-

361 4269 645 4324 micorum
678 4267 932 4323 actiones
964 4271 1021 4320 et
1049 4264 1321 4321 instituta
1358 4264 1648 4331 lustraret,
1694 4263 2038 4336 exploraret,
2072 4266 2144 4320 ad
2202 4282 2287 4335 se,
2346 4267 2780 4336 imperatorem,
2833 4267 3525 4339 significaret;pra3terea
3572 4285 3771 4325 secum

365 4361 718 4431 provideret,
776 4363 838 4412 ut
895 4373 1062 4412 arma
1110 4372 1183 4411 ne
1213 4347 1407 4410 il'esint
1438 4355 1705 4425 tempori,
1739 4354 2000 4425 quoillis
2057 4370 2205 4426 opus
2256 4361 2313 4410 et
2365 4372 2503 4412 usus
2533 4363 2703 4412 esset.
2736 4357 2865 4413 Haec
2894 4363 3089 4413 autem
3140 4366 3395 4415 versaret
3453 4374 3652 4414 secum
3716 4362 3775 4415 et

365 4448 673 4505 moliretur
696 4448 917 4518 absque
947 4462 1154 4517 magna
1185 4449 1241 4500 et
1269 4443 1557 4499 tumultus
1610 4442 1782 4515 plena
1807 4444 2220 4509 commotione,
2274 4460 2345 4499 ne
2395 4444 2525 4499 urbi
2550 4450 2831 4501 terrorem
2885 4446 3127 4516 injiciat,
3180 4448 3576 4518 frumentique
3634 4464 3770 4503 cum

364 4538 610 4609 reliquis
665 4536 1005 4595 annonariis
1061 4535 1365 4608 speciebus
1419 4534 1721 4589 caritatem
1774 4534 2036 4589 inducat.
2090 4533 2381 4590 Rumores
2433 4550 2666 4606 quoque
2721 4534 3137 4607 improbabiles
3195 4541 3251 4592 et
3306 4542 3513 4593 aestum
3553 4537 3771 4593 cientes

368 4629 782 4701 supprimeret,
843 4626 1053 4698 partim
1093 4629 1360 4680 auctores
1418 4639 1616 4679 eorum
1665 4621 2032 4695 castigando,
2087 4621 2295 4694 partim
2356 4624 2744 4680 asseverando
2808 4640 2942 4697 erga
2981 4624 3131 4681 cives
3163 4627 3485 4683 commodis
3532 4631 3593 4683 et
3640 4626 3771 4683 ani-

1416 4810 1618 4866 JOAN.
1657 4809 1805 4868 JAC.
1848 4810 2110 4868 REISKII
2148 4810 2732 4869 COMMENTARIUS.

468 4963 562 5045 i_5)
589 4960 874 5045 Convenit
900 4958 1283 5045 cumiatina‘
1302 4973 1440 5013 voce
1468 4958 1688 5045 species,
1724 4956 2019 5045 juriscon-
2052 4961 2099 5027 Ι)
2130 4956 2461 5045 φήμαςκβίρ
2491 4958 2680 5045 solent
2710 4960 2853 5045 novi.
2874 4960 3099 5045 Graecia
3124 4959 3457 5017 Genitivum
3491 4957 3776 5045 pluralem

444 4963 562 5088 $15)
589 4963 874 5017 Convenit
900 4975 1030 5016 cum
1057 4963 1265 5015 Latina
1302 4973 1440 5013 voce
1468 4963 1688 5028 species,
1724 4963 2019 5026 juriscon-
2052 4963 2099 5027 Β
2130 4963 2341 5037 φήμας.
2370 4963 2461 5014 Sic
2491 4963 2680 5016 solent
2710 4963 2843 5016 novi
2874 4963 3078 5028 Graeci,
3124 4963 3457 5017 Genitivum
3491 4963 3773 5030 pluralem

374 5049 440 5091 su
469 5035 548 5088 tis
578 5034 910 5101 notissima,
953 5030 1169 5105 quibus
1226 5030 1381 5085 idem
1410 5032 1582 5105 potat
1629 5035 1805 5105 atque
1864 5034 2022 5105 vete-
2135 5030 2449 5086 masculini
2473 5035 2547 5105 et
2592 5032 2857 5105 feminini
2903 5033 3134 5105 generis
3174 5047 3523 5105 componere
3553 5035 3773 5102 amant,

375 5105 534 5161 ribus
557 5098 1354 5185 fruges-hut’su'nt_vin_\um,n
1375 5098 1589 5182 oleum,
1642 5101 2025 5185 frumentum,
2134 5102 2491 5185 tanquam‘si
2514 5102 2807 5185 declinare
2836 5098 2951 5185 nui:
2985 5108 3245 5185 nossent:
3308 5098 3328 5105 ⁷
3406 5173 3456 5185 Η

377 5146 1115 5248 ἱὲξῖιέἷιῖἓῗὺῶἰῗνὶἶηῦίὲ
1130 5146 2025 5243 ’“ι)“ιὶ“ὀα”ιίξςῖί“ἷη’6ιῖἑεῖ’ἰέιῖἶ
2139 5146 3623 5260 Ϊῖῖὥξίξὲιῖίιᾖὶἒιὶῖῖέιίξὶὗῖαὲἱιᾝῖζ’τεήψτοῡιχιξιεηι
3646 5187 3776 5260 χες-

436 5240 467 5248 υ
1442 5240 1465 5243 -

379 5249 434 5304 b.
466 5264 522 5302 ν.

456 5319 559 5328 ..ιιι
598 5319 640 5328 α.
740 5319 751 5328 ι
926 5317 961 5328 Α
1282 5315 1294 5327 ο
1404 5312 1453 5328 ΑΙ
1535 5312 1547 5325 ³
1605 5312 1622 5328 1
1806 5313 1902 5328 ΔΛΛ
1974 5314 1990 5328 ἱ

2138 5250 2275 5328 tere.
2300 5240 2404 5300 Est
2433 5248 2583 5328 enim
2612 5264 2764 5328 stspe
2803 5240 2956 5301 idem
2986 5262 3052 5301 ac
3073 5240 3410 5328 ῥᾳᾷιουρχία.
3442 5243 3530 5328 σε,
3561 5245 3773 5328 pJ‘2‘64.

448 5319 566 5397 (ιο)
598 5319 685 5397 Ita
726 5317 1238 5397 Annacomnena,
1279 5315 1339 5397 in
1391 5312 1661 5397 Alengiade
1708 5329 1765 5397 ρ.
1801 5313 1925 5395 ιον,
1959 5314 2014 5397 dt

2137 5316 2222 5370 Ita
2254 5321 2551 5397 usprpavit
2597 5309 2907 5397 Athenaeus
2957 5309 3085 5397 pag}
3120 5309 3206 5371 ’17
3238 5309 3276 5397 ιε’
3309 5309 3430 5397 Τιῖέν
3456 5309 3530 5397 ,δ’
3561 5309 3774 5397 ’ἄλλων

379 5386 578 5446 Alexio
611 5394 714 5461 ait,
749 5389 905 5461 quod
964 5391 1021 5461 in
1067 5398 1261 5461 castra
1290 5386 1474 5461 iverit,
1505 5386 1937 5461 fratre‘lsaagio
1970 5387 2027 5440 in

2137 5383 2566 5473 ποιητῶνζένιοι
2623 5387 2720 5449 τὰς
2750 5389 2867 5441 καθ’
2924 5383 3118 5447 αυτοὺς
3174 5383 3531 5446 πολυτελείας
3561 5383 3781 5473 καῖνρᾳς

385 5464 528 5543 urbe
566 5451 785 5543 relicto:
823 5477 835 5514 :
896 5458 1102 5543 Ἐφ’
1144 5456 1213 5543 τᾷ
1264 5456 1403 5543 κατᾶ
1440 5451 1557 5543 ’ίξήν
1603 5451 1766 5543 πόλιν
1813 5451 2014 5543 ξδεάςει

2139 5451 2335 5543 θυμίας
2392 5456 2723 5543 ἀνέπεμπον,
2778 5466 3036 5515 ceterum
3072 5474 3214 5543 ‘vero
3269 5468 3565 5527 portarum
3602 5451 3781 5543 aii-(liti

387 5533 530 5611 σθαι,
556 5530 677 5611 ,καὶ
734 5529 894 5611 εἵπου
937 5522 1094 5611 τινες
1117 5526 1305 5611 ..λέγοι
1347 5522 1639 5611 ἀπᾴδοντες
1669 5522 1759 5611 “EE
1816 5522 2026 5611 ἐχθρῶν

2140 5529 2427 5615 luxuriam
2455 5538 2507 5586 et
2539 5529 2759 5615 ﬂagitia
2805 5545 3032 5615 suorum
3063 5537 3374 5615 temporum.
3393 5529 3780 5615 recoquebqftt,

383 5593 751 5674 ἰξακούοιντο,
831 5602 995 5674 ὁποῖα
1089 5593 1346 5674 ἐ’ίωθὲνη
1411 5593 1616 5674 αὐτὸν--
1665 5593 2014 5669 διασκεῖάζειπ

2138 5609 2239 5656 aut
2271 5604 2463 5674 potius
2510 5593 2839 5674 r'eji'ct'ebant
2867 5604 2925 5674 in
2962 5593 3311 5674 Δινειιιξιίοιξᾳἶ
3328 5601 3487 5674 Talis
3518 5593 3782 5672 nequitia

376 5667 562 5761 eam
588 5667 859 5761 paoupfivn
873 5672 941 5725 τὰ
971 5667 1362 5761 βασίλειανκαὶᾲ
1523 5667 1705 5761 πολιν.

2138 5667 2357 5747 erat'in
2415 5667 2695 5731 conviviis
2721 5672 2816 5734 τὰς
2872 5667 3069 5745 ἀμίδας
3102 5668 3156 5726 ἐν
3224 5669 3499 5744 ἀλλήλοις
3530 5667 3783 5747 περικατε-

449 5748 567 5819 (17)
600 5739 1081 5810 Ῥι-όέλθουσῶνς
1141 5745 1292 5800 redit
1338 5744 1492 5799 enim
1554 5743 1625 5798 ad
1680 5739 1779 5803 τὰς
1828 5741 2014 5815 ἀγαθὰς

2139 5741 2384 5817 αγνῦναι.
