4154 6306
401 373 517 434 839

1451 363 2051 428 CONSTANTININI
2094 361 2789 425 PORPHYROGENITI

3683 361 3798 424 840

405 508 547 565 201
611 510 668 563 et
717 505 1103 562 dislribuebat
1154 503 1298 576 ipsis
1347 500 1712 574 apocombia,
1758 499 2034 555 militibus

2162 496 2477 575 φιλοτιμίας
2533 499 2646 568 (‘29)
2695 494 2785 551 καὶ
2834 495 2924 550 τὸν
2975 493 3169 552 λοιπὸν
3207 500 3481 570 μαῖουμᾶν
3538 494 3799 572 ἐχορήγει

404 605 600 656 autem
632 599 804 654 dabat
835 599 1151 654 maiumam
1183 611 1285 650 seu
1316 593 1709 649 refectionem.
1751 591 1914 647 Illinc
1941 608 2051 648 mo-

401 691 551 745 venti
582 706 712 746 cum
747 689 1002 744 exercitu
1037 684 1362 756 imperatori
1392 699 1460 738 ea
1492 681 1603 747 via,
1645 698 1820 752 quam
1873 682 2051 736 duce-

401 781 501 835 bat
530 777 910 848 expeditionis
945 774 1280 840 destinatio,
1314 770 2055 840 occurrebatunumquod-

401 884 515 938 que
568 868 760 921 thema
808 881 910 919 seu
963 877 1328 933 unaquaeque
1377 859 1526 932 legio
1582 861 1958 932 provincialis
1990 860 2050 916 in

399 957 522 1011 loco
555 955 626 1010 ad
651 955 823 1018 viam,
850 969 966 1022 qua
985 951 1370 1017 transibatur,
1398 950 1699 1022 proximo;
1734 967 1804 1004 ne
1828 949 2052 1004 scilicet

399 1045 616 1100 milites
646 1046 717 1098 ab
749 1042 1026 1113 imposita
1049 1040 1392 1096 necessitate
1414 1051 1467 1095 et
1496 1041 1817 1111 longinquo
1849 1056 2049 1095 occur-

399 1133 559 1189 rendi
590 1133 991 1204 fatigarentur.
1025 1134 1096 1185 Eo
1139 1138 1331 1185 autem
1384 1129 1496 1186 die.
1547 1119 1666 1200 quo,
1706 1145 1890 1183 unum
1941 1128 2049 1182 ali-

399 1225 547 1298 quod
583 1223 778 1278 thema
807 1220 1001 1290 ipsum
1034 1219 1356 1291 excipiebat
1385 1229 1438 1274 et
1463 1220 1531 1273 ad
1566 1221 1755 1290 ipsum
1791 1217 2048 1289 appelle-

399 1314 520 1378 bat,
556 1311 1171 1379 invitabatimperator
1201 1311 1330 1378 ejus
1362 1308 1642 1362 thematis
1682 1317 1930 1362 rectores
1975 1306 2048 1361 ad

397 1403 639 1474 epulas;
673 1401 885 1471 quibus
923 1400 1271 1468 necessaria,
1305 1404 1368 1453 ut
1418 1397 1742 1467 caprillam,
1777 1396 2044 1469 agninam

401 1497 457 1548 et
474 1491 710 1558 similia,
728 1491 864 1546 item
884 1488 1171 1543 bucellam
1191 1486 1618 1560 largitionalem
1637 1486 2050 1557 reliquumque

400 1583 727 1637 maiumam
759 1595 856 1635 seu
884 1578 1305 1633 recreationem
1351 1575 1792 1647 suppeditabat;
1826 1575 2049 1630 identi-

404 1671 535 1726 dem
583 1667 1018 1740 protonotarius
1058 1667 1344 1737 cujusque
1397 1664 1662 1720 thematis
1717 1663 2050 1719 transeunti

399 1757 734 1828 imperatori
765 1773 831 1810 ex
855 1755 1140 1810 reditibus
1165 1755 1301 1809 aerii
1333 1753 1350 1825 [
1383 1769 1484 1808 seu
1511 1753 1709 1808 tributi
1732 1754 2052 1808 extraordi-

2160 583 2382 647 ἕκαστος
2440 585 2865 660 πρρτονοτάριος
2897 584 2949 640 ἐν
3005 589 3084 658 τῷ
3114 583 3239 657 ἱδίῳ
3289 587 3479 658 θέματι
3513 581 3799 659 διερχόμε-

2160 698 2250 732 νον
2291 677 2378 731 τὸν
2416 675 2644 750 βασιλέα
2683 674 2742 729 ἐκ
2784 679 2882 730 τοῦ
2939 675 3124 749 ἀερίου
3181 677 3296 747 (30)
3357 672 3527 748 λόγου
3556 675 3647 728 καὶ
3693 680 3796 730 τῶν

2161 771 2411 822 συνονῶν·
2505 765 2594 820 καὶ
2621 767 2696 836 μή
2723 760 3194 839 ἔχων,Λαμϐἀνων
3229 765 3288 820 ἐκ
3317 768 3413 820 τοῦ
3433 761 3638 818 εἷδιγου
3669 767 3801 833 (31),

2160 857 2318 918 αὐτὸς
2385 852 2570 927 διῴκει
2623 859 2812 925 ταῦτα,
2875 851 3111 926 μάλιστα
3164 851 3218 908 δὲ
3267 854 3392 914 τοὺς
3455 851 3798 925 μαῖουμάδας

2159 943 2338 1000 ἐδίδου
2393 950 2510 1006 τοῖς
2573 943 2632 998 ἐκ
2685 948 2793 998 τῶν
2845 941 3192 1017 μακροτέρων
3253 944 3435 998 τόπων
3480 942 3803 1016 ἐρχομένοις

2160 1034 2402 1107 θέμασιν.
2438 1035 2500 1089 ἸΙ
2576 1031 2632 1087 δὲ
2662 1031 2981 1108 πρόέλευσις
3013 1037 3108 1087 τοῦ
3154 1031 3424 1107 βασιλέως
3455 1032 3545 1086 καὶ
3596 1035 3630 1101 ἡ
3664 1035 3807 1105 τάξις

2156 1133 2263 1182 τῶν
2328 1128 2621 1201 ταγμάτων
2687 1125 2776 1180 καὶ
2841 1129 2948 1179 τῶν
3013 1126 3262 1197 Θεμάτων
3329 1128 3443 1196 (32)
3508 1128 3573 1192 ἦν
3609 1124 3802 1189 οὕτως’

2159 1216 2522 1290 Περιεπάτουν
2573 1212 2872 1289 ἔμπροσθεν
2919 1218 3014 1269 τοῦ
3062 1213 3331 1287 βασιλέως
3365 1215 3439 1277 ὡς
3469 1215 3571 1268 ἀπὸ
3604 1213 3802 1285 μιλίου
3895 1283 3900 1286 ι

2160 1305 2315 1360 ἵπποι
2381 1305 2514 1377 μετὰ
2568 1303 2844 1373 ἀληθινῶν
2916 1301 3220 1377 βορκαδίων
3287 1304 3396 1374 (33)
3447 1300 3538 1356 διὰ
3596 1323 3801 1377 στιχων

2159 1393 2276 1463 δύο,
2313 1393 2457 1464 δεξιὰ
2515 1395 2606 1448 καὶ
2656 1394 2930 1467 ιΞιριστεροὶ6
2971 1393 3084 1465 μετ’
3125 1391 3358 1453 ἐκείνους
3402 1388 3457 1446 ’δὲ
3499 1393 3549 1446 οἱ
3587 1393 3806 1466 βασιλι-

2159 1485 2246 1538 κοὶ
2295 1485 2576 1558 ἄρχοντες·
2646 1482 2759 1537 εἶτα
2826 1483 2876 1536 οἳ
2927 1482 3230 1556 στράτωρες
3304 1481 3437 1552 μετᾶ
3497 1479 3801 1554 σελΛαρίων

2158 1574 2248 1628 καὶ
2284 1575 2318 1642 ἡ
2373 1571 2542 1640 λοιπή
2607 1570 2981 1645 μυπικωτὲρα
3027 1572 3193 1643 τάξις·
3229 1567 3404 1626 ἔ4ειτα
3462 1571 3490 1624 ὁ
3525 1570 3803 1644 βασιλεύςο

2160 1658 2380 1726 ὄπισθεν
2451 1659 2506 1716 δὲ
2571 1660 2766 1716 τούτου
2836 1661 2910 1723 ὡς
2976 1658 3080 1714 ἅπὸ
3147 1655 3560 1734 σαγιττοϐόλων
3640 1667 3803 1734 τριῶν

2161 1753 2340 1826 ὥσπερ
2408 1752 2542 1805 κατὰ
2621 1751 2747 1817 μίαν
2831 1748 3033 1804 εὐθεῖαν
3108 1748 3175 1802 τὰ
3239 1748 3630 1823 στρατεύματα.
3701 1753 3800 1806 Καὶ

394 1847 564 1912 uarii,
603 1846 764 1918 quod
799 1861 898 1914 pro
930 1843 1227 1900 communi
1254 1843 1414 1898 vitali
1447 1859 1608 1910 aura,
1643 1859 1815 1913 quam
1849 1842 2034 1897 hauri

2165 1839 2325 1914 μέσον
2377 1840 2471 1914 μὲν
2529 1840 2596 1894 τὰ
2673 1839 2938 1911 τάγματα,
2983 1838 3074 1892 καὶ
3124 1836 3332 1892 τούτων
3381 1839 3446 1892 τὰ
3504 1839 3803 1912 τιμιώτερα

2165 1929 2178 1945 ιι
2233 1930 2246 1945 \
2345 1930 2359 1945 \
2508 1929 2517 1945 1
2723 1928 2734 1942 1
3031 1927 3042 1945 9
3098 1927 3112 1945 ι
3175 1927 3184 1942 ν
3356 1923 3398 1945 ἢκ
3485 1931 3511 1940 ο·
3764 1927 3774 1944 1

398 1953 554 2001 mus,
588 1934 883 2005 solvitur],
914 1933 1001 1989 vel
1030 1938 1086 1988 et
1115 1949 1184 1988 ex
1215 1932 1456 2004 synonis
1499 1948 1603 1987 seu
1657 1932 2049 2003 prrsstationi-

399 2026 509 2081 bus
524 2029 580 2079 et
600 2023 1080 2080 convectionibus
1093 2023 1414 2092 specierum
1448 2022 1835 2076 annonariaru
1849 2038 1922 2088 m;
1947 2031 2045 2077 aut

397 2115 446 2171 si
479 2131 595 2170 non
639 2113 883 2168 haberet
933 2113 1088 2167 unde
1137 2115 1396 2166 sumeret
1444 2127 1720 2166 nummos
1765 2111 2044 2182 impensis

393 2201 679 2261 faciendis
709 2200 1094 2271 necessarios,
1135 2201 1259 2270 ipse
1293 2200 1611 2270 imperator
1645 2200 1928 2271 erogabat
1975 2216 2044 2255 ex

393 2293 567 2360 idico,
589 2309 692 2348 seu
708 2292 1073 2364 privato,suo
1095 2289 1345 2362 peculio,
1370 2289 1657 2361 praecipue
1677 2289 2040 2344 maiumadas

393 2381 650 2438 militum
683 2381 994 2452 praestabat
1023 2379 1163 2444 illis,
1197 2379 1292 2449 qui
1326 2393 1356 2432 e
1379 2379 1783 2434 remotioribus
1814 2379 2038 2433 thema-

396 2472 551 2526 Iibus
574 2477 674 2525 aut
695 2469 1005 2541 provinciis
1033 2468 1316 2523 venirent.
1352 2467 1650 2521 Processio
1673 2467 2039 2537 imperatoris

392 2566 451 2617 et
479 2561 618 2616 ordo
669 2565 990 2630 tagmatum
1025 2573 1128 2612 seu
1177 2555 1507 2611 cohortium
1559 2557 1839 2610 custodias
1888 2556 2032 2610 sacri

395 2648 656 2720 corporis
679 2653 736 2701 et
758 2646 1053 2700 comitatui
1079 2647 1488 2716 deputatarum
1510 2648 1566 2699 et
1589 2644 1918 2698 thematum
1937 2660 2036 2700 seu

393 2737 688 2808 legionum
711 2734 1149 2806 provincialium
1172 2739 1293 2788 erat
1316 2733 1372 2788 in
1403 2733 1556 2788 hunc
1571 2734 1831 2789 modum.
1851 2733 2020 2788 Primi

393 2841 586 2882 coram
613 2825 955 2893 imperatore
988 2823 1374 2893 procedebant
1404 2823 1470 2876 ad
1527 2821 1771 2876 miliaria
1804 2823 2030 2878 distan-

391 2917 533 2972 tiam
563 2915 716 2986 equi,
752 2912 1028 2985 stragulis
1057 2913 1212 2968 veris
1246 2928 1348 2968 seu
1383 2914 1694 2984 purpureis
1745 2913 1903 2982 tecti,
1939 2929 2037 2984 per

387 3005 571 3076 paria.
615 3003 746 3059 Post
775 3019 872 3058 eos
903 3002 1215 3058 veniebant
1266 3017 1532 3072 proceres
1579 3001 2032 3070 comitatenses;

2161 1929 2249 1984 ἐπὶ
2305 1930 2400 1984 τὸν
2455 1929 2615 2000 μέσον
2675 1928 2866 1997 τόπον,
2917 1927 3042 2001 παρ’
3098 1927 3322 2001 ἑκάτερα
3353 1923 3408 1981 δὲ
3445 1931 3552 1981 τῶν
3597 1927 3808 2004 ταγμά-

2152 2040 2259 2073 των
2316 2019 2382 2072 τὰ
2441 2018 2670 2091 θέματα,
2730 2016 2821 2070 καὶ
2870 2015 3079 2070 τούτων
3130 2015 3497 2089 πλησιέστερα
3526 2021 3648 2078 τοῖς
3703 2018 3802 2071 τά-

2152 2129 2324 2184 γμασι
2356 2108 2422 2163 τὰ
2453 2105 2766 2180 ἐνδοξότερα
2795 2110 2902 2160 τῶν
2938 2104 3208 2179 θεμάτων.
3244 2105 3305 2158 Οἱ
3339 2102 3395 2160 δὲ
3430 2106 3498 2161 τὰ
3547 2104 3801 2177 ἄπληκτοι

2150 2201 2236 2254 καὶ
2295 2199 2390 2258 τὰς
2449 2194 2608 2256 ὁδοὺς
2657 2199 2757 2259 τῆς
2815 2194 3087 2270 ἡμετέρας
3156 2201 3259 2270 γῆς
3335 2196 3652 2270 κατέχοντες
3709 2198 3797 2251 καὶ

2147 2289 2503 2364 γινώσκοντες
2543 2285 2598 2340 οἷ’
2658 2286 2752 2358 μὲν
2806 2279 3224 2359 προελάμϐανον
3285 2284 3419 2356 μετᾶ
3464 2292 3564 2354 τῆς
3595 2285 3796 2358 κὸρτης

2149 2377 2237 2432 καὶ
2287 2384 2389 2446 τῆς
2449 2374 2768 2450 ὑπουργίας,
2828 2374 2879 2427 oi
2937 2370 2992 2427 δὲ
3039 2369 3342 2446 ἔμπροσθεν
3393 2376 3503 2427 τῶν
3543 2372 3787 2446 θεμάτων

2149 2466 2484 2540 προέτρεχον
2549 2461 2988 2524 ὑποδεικνύοντες
3037 2461 3163 2524 τοὺς
3207 2466 3311 2517 τῶν
3379 2467 3641 2535 ποταμῶν
3688 2462 3789 2516 πό-

2149 2576 2274 2630 ρους
2315 2555 2402 2608 καὶ
2459 2554 2556 2615 τὰς
2594 2552 2798 2616 εὐθείας
2845 2549 3026 2613 ὀδοὺς.
3077 2552 3219 2612 Τοὺς
3281 2549 3338 2605 δὲ
3397 2549 3636 2628 ὁδηγοὺς
3674 2553 3789 2616 καθ’

2144 2643 2369 2698 ἕκαστον
2433 2642 2570 2716 θὲμα
2610 2647 2861 2716 κατεῖχεν
2912 2642 2939 2695 ὁ
2996 2637 3355 2714 ὃροογγάριος
3410 2647 3508 2709 τῆς
3569 2639 3786 2715 βίγλης’

2151 2734 2406 2807 ὑπῆρχον
2445 2729 2501 2786 δὲ
2555 2731 2645 2785 ὐπ’
2695 2731 2842 2802 αὐτῷ
2893 2732 2981 2784 καὶ
3013 2731 3068 2784 αἱ
3099 2730 3413 2804 παραμοναὶ
3462 2734 3571 2785 τῶν
3603 2751 3790 2805 στρατ-

2145 2827 2294 2896 ηγῶν
2344 2821 2481 2895 πρὸς
2535 2820 2597 2874 τὸ
2658 2817 2727 2873 δι⁸
2777 2817 2942 2873 αὐτοῦ
2996 2818 3219 2892 μηνύειν
3285 2824 3402 2881 τοῖς
3466 2821 3792 2896 στρατηγοῖς

2141 2911 2208 2964 τὰ
2253 2909 2584 2980 κελευόμενα
2633 2909 2841 2969 αὐτοῖς.
2901 2909 2962 2962 Ἡ
3022 2906 3080 2962 δὲ
3126 2909 3317 2982 πρώτη
3371 2905 3514 2982 δοχὴ
3569 2909 3791 2964 ἑκάστου

2145 2998 2375 3071 Θέματος
2407 2998 2472 3065 ἦν
2521 2995 2713 3058 οὕτως·
2761 2997 2866 3050 ἂπὸ
2915 2993 3010 3049 δύο
3051 2997 3140 3050 καὶ
3183 3001 3350 3070 τριῶν
3384 2994 3788 3071 σαγιττοϐόλων

1439 3099 1634 3154 JOAN.
1674 3099 1809 3154 JAC.
1853 3098 2116 3152 REISKII
2155 3093 2743 3152 COMMENTARIUS.

461 3199 753 3273 (29)_Saspe
777 3199 1036 3273 recurret
1062 3195 1198 3273 haec
1236 3210 1344 3250 vox
1391 3194 1450 3273 in
1507 3193 1616 3273 hoc
1673 3193 1868 3273 codice
1904 3211 2028 3273 .pro

2147 3193 2342 3273 μένων,
2402 3188 2549 3273 ἀλλά
2601 3190 2870 3273 nimbo}
2917 3190 2984 3273 ἐκ.
3031 3195 3138 3273 τῶν
3217 3189 3506 3273 βασιλείων
3573 3193 3786 3273 βησαυ-

391 3264 762 3333 liberalitate,
795 3269 946 3322 dono
987 3267 1266 3338 gratuito,
1301 3267 1453 3338 quod
1484 3266 1646 3338 quis
1680 3266 1874 3338 studio
1904 3264 2029 3320 lau-

393 3343 531 3394 dum
591 3345 648 3393 et
696 3338 932 3393 honoris
981 3337 1240 3406 impulsu
1293 3337 1631 3392 ambitionis
1675 3337 1792 3390 dat.
1848 3338 2029 3399 Quem

390 3411 780 3480 signiﬁcatum
852 3410 985 3464 huic
1040 3409 1165 3464 voci
1237 3413 1293 3462 et
1365 3411 1534 3463 verbo
1621 3406 2029 3480 φιλοτιμεῖσθαι

391 3483 639 3538 astruxit
668 3483 772 3536 cel.
807 3480 1033 3536 Ernesti
1068 3482 1125 3535 in
1177 3480 1335 3535 Actis
1381 3480 1592 3535 erudit.
1639 3496 1716 3534 m.
1769 3485 2030 3547 Augusto

390 3555 529 3610 anni
565 3555 722 3626 i73l,
757 3553 1053 3626 pag._449.
1115 3551 1198 3606 Ita
1253 3548 1663 3626 φιλοτιμεῖσθαι
1719 3551 1818 3626 τὴν
1883 3553 2026 3626 ζωήν

387 3644 518 3692 τινι,
549 3622 809 3694 spiritum
834 3622 1013 3679 alicui
1041 3639 1113 3678 ei:
1139 3622 1330 3693 gratia
1358 3632 1409 3679 et
1438 3622 1818 3678 misericordia
1841 3625 2027 3678 zndul-

385 3713 533 3768 gere.
567 3697 730 3753 Conf.
764 3713 820 3767 p.
851 3696 958 3750 218
990 3699 1046 3748 et
1082 3696 1208 3764 360,
1240 3695 1336 3750 ubi
1384 3695 1670 3768 interpres
1708 3710 1823 3749 non
1849 3700 2030 3768 recte

390 3766 564 3840 cepit.
598 3766 809 3822 Eodem
843 3783 1284 3840 quoqueisensu
1304 3767 1490 3840 accipi
1520 3767 1692 3821 debet
1711 3766 2030 3840 apudPro-

387 3838 932 3920 copium_Anecd0t.
962 3838 1133 3920 p.33,
1165 3845 1292 3920 .ute
1321 3855 1376 3909 p.
1411 3839 1848 3920 36,_etmEvagrii
1881 3838 2027 3920 loco,

388 3908 558 3983 quem
585 3911 943 3966 Alemannus
965 3908 1102 3983 i_s_tic
1127 3911 1284 3976 citat,
1304 3908 1546 3983 constat.
1577 3908 2030 3983 Pluraiegrempla

387 3981 565 4039 habet
595 3983 844 4039 Salmas.
877 3983 946 4037 ad
979 3981 1213 4052 Vopisci
1248 3981 1617 4036 Aurelianum
1653 3998 1709 4051 p.
1744 3981 1866 4044 499,
1899 3982 2026 4044 504,

389 4055 488 4109 ubi
523 4054 694 4109 etiam
729 4057 799 4108 de
832 4053 1059 4108 bucella
1089 4052 1442 4124 largitionali
1465 4059 1549 4104 vel
1574 4067 1720 4120 pane
1745 4052 1894 4104 civili
1927 4057 2029 4106 aut

390 4126 602 4198 gradili
626 4127 900 4198 pluribus
930 4126 1070 4198 agit.

457 4198 564 4266 (30)
626 4197 688 4250 F.
757 4195 867 4266 leg.
927 4190 1357 4266 adamans.
1425 4194 1542 4266 Du_
1579 4190 1768 4266 Gange
1836 4191 2024 4246 Gloss.

385 4261 482 4323 Gr.
516 4266 574 4319 h.
634 4282 688 4318 v.
723 4271 780 4319 et
816 4261 906 4318 'de
965 4261 1224 4320 συνωναῖς
1291 4262 1467 4317 idem.
1509 4261 1639 4324 Quae
1690 4263 1809 4316 sint
1866 4281 2027 4314 συνω-

386 4334 497 4401 ναί,
528 4335 784 4389 declarat
813 4336 1028 4404 optime
1060 4333 1371 4402 ProcOpius
1403 4336 1461 4388 in
1519 4335 1809 4404 Anecdota
1843 4351 1898 4403 p.
1961 4335 2030 4389 98

387 4411 446 4462 et
506 4407 629 4470 102,
691 4407 786 4460 ubi
853 4402 1212 4460 Alemannus
1262 4405 1473 4460 frustra
1525 4412 1611 4459 est
1675 4402 1886 4473 ἀννώνη
1931 4423 2029 4475 pro

390 4477 602 4544 συνωνή
623 4476 976 4531 substituere
1003 4478 1296 4532 laborans.
1323 4478 1418 4531 Est
1437 4485 1627 4532 autem
1648 4479 2030 4547 comportatio

2143 3260 2251 3337 ρῷν
2303 3262 2608 3337 ἐπεπόμφει
2669 3260 2750 3337 ἐφ’
2804 3262 2848 3332 ᾦ
2907 3263 3035 3337 τοὺς
3101 3260 3511 3337 ἀριστεύσαντας
3569 3260 3787 3327 ἐνπαῖς

2143 3333 2350 3408 μάχαις
2390 3334 2455 3387 τὰ
2500 3333 2852 3408 προσήκοντα
2899 3335 3033 3407 γέρα
3077 3333 3417 3407 κομίζεσθαι.
3461 3341 3670 3392 Noster
3698 3344 3787 3393 ta-

2142 3407 2270 3463 men
2315 3407 2688 3461 maiumadas
2721 3423 2834 3461 non
2869 3424 3110 3477 prorsus
3136 3413 3358 3477 negate
3381 3409 3614 3479 publico
3647 3411 3786 3465 fisco

2139 3479 2317 3545 sumi,
2347 3480 2447 3532 sed
2485 3484 2679 3532 monet
2707 3485 2957 3544 tantum,
2985 3479 3080 3533 ubi
3104 3479 3252 3534 nihil
3283 3481 3656 3550 suppeditent
3691 3483 3782 3536 fis-

2139 3567 2241 3606 cus
2277 3550 2451 3606 aerici
2485 3565 2582 3605 seu
2619 3550 3116 3604 contributionum
3157 3567 3258 3620 pro
3301 3568 3410 3606 usu
3455 3552 3784 3610 communis

2137 3639 2313 3688 aurai,
2347 3629 2400 3676 et
2433 3621 2832 3693 fiscusaarario
2878 3621 3422 3693 militariproprius,
3457 3623 3782 3680 sitonarum

2138 3694 2362 3749 scilicet
2391 3709 2492 3747 seu
2525 3692 3044 3761 contributionum,
3079 3692 3295 3764 quibus
3328 3694 3514 3748 coloni
3539 3711 3784 3750 excusa-

2140 3765 2353 3821 tionem
2387 3782 2419 3818 a
2451 3764 2844 3834 deportatione
2875 3765 3190 3833 Specierum
3226 3765 3675 3821 annonariarum
3710 3769 3779 3822 ad

2137 3837 2459 3908 longinqua
2515 3836 2641 3890 loca
2679 3835 3010 3902 redimant;
3073 3837 3128 3890 hi
3189 3837 3304 3890 duo
3336 3837 3482 3908 fisci
3526 3838 3780 3908 publici

2138 3908 2188 3964 si
2233 3906 2528 3978 nequeant
2582 3911 2878 3976 praestare,
2919 3908 3074 3977 quod
3127 3906 3468 3978 sumptibus
3520 3906 3640 3964 illis
3695 3910 3777 3964 fa-

2139 3977 2360 4062 ciendis
2391 3978 2662 4044 sufficiat,
2699 3983 2838 4033 tunc
2878 3994 2908 4033 e
2949 3994 3007 4033 re
3061 3977 3282 4049 privata
3325 3979 3608 4050 principis
3645 3980 3778 4037 illos

2178 4063 2276 4106 Bll.

2137 4069 2321 4192 pe$113.2)
2351 4124 2694 4192 Constanter
2723 4121 2778 4174 id
2810 4120 2867 4173 in
2923 4123 3122 4174 nostro
3187 4121 3382 4176 codice
3411 4122 3774 4191 observatur,

2137 4199 2202 4266 ut
2232 4191 2417 4266 τάγμα
2450 4195 2520 4246 de
2557 4191 2789 4266 cohorte
2818 4191 3044 4266 urbana
3074 4192 3471 4266 etpraesertim
3498 4194 3772 4265 palatina,

2137 4262 2275 4336 Θέμα
2317 4262 2453 4317 vero
2515 4263 2863 4336 provinciale
2949 4263 3291 4336 appelletur.
3365 4262 3512 4318 Alii‘
3551 4282 3774 4333 quoque

2136 4334 2468 4405 scriptores,
2515 4338 2782 4402 quamvis
2836 4335 3133 4388 interdum
3174 4334 3400 4389 varient
3438 4346 3490 4389 et
3531 4337 3775 4394 urbibus

2139 4421 2368 4482 quoque
2427 4405 2885 4482 municipalibus
2947 4406 3496 4482 atque__provinciis
3562 4408 3774 4482 τάγμα-

2133 4475 2199 4530 τα
2227 4475 2507 4550 tribuant,
2543 4476 2892 4550 plerumque
2926 4484 3116 4550 tamen
3142 4475 3348 4533 Nostro
3380 4475 3774 4550 consentiunt,

390 4548 967 4636 frutneptiadAce‘r-ta
1008 4548 1338 4636 praescripta
1378 4548 1525 4636 loca.
1577 4549 1732 4636 quad
1781 4549 2030 4632 masime
2062 4574 2106 4636 Β
2137 4566 2190 4605 v.
2226 4549 2337 4636 1:32
2367 4548 2682 4636 Qrarri‘mat.
2705 4549 2879 4618 p.478
2909 4549 3183 4619 etScript.
3210 4555 3341 4619 post
3361 4548 3774 4622 TheOphanem

388 4619 704 4674 molestum
736 4620 1032 4674 accidebat
1057 4619 1302 4686 colonis,
1334 4627 1396 4674 ut
1424 4636 1454 4674 e
1484 4619 1627 4675 locis
1657 4619 1920 4690 Procopii
1955 4622 2032 4675 ci-

383 4690 523 4745 tatis
553 4696 610 4744 et
635 4691 959 4745 Themistio
992 4708 1044 4760 p.
1083 4691 1183 4744 118
1216 4695 1465 4745 constat.
1499 4691 1645 4746 Nata
1688 4696 1778 4746 est
1823 4709 1890 4746 ea
1920 4709 2030 4748 vox

385 4777 455 4817 ex
471 4760 624 4833 mala
639 4771 740 4816 aut
765 4762 1080 4832 scriptione
1103 4762 1405 4833 librarium
1431 4769 1530 4817 aut
1555 4765 2026 4833 pronuntiatione

381 4832 540 4905 vulgi
578 4830 1032 4907 proet'rtbvi},_id
1067 4839 1162 4907 est
1194 4830 1341 4884 σίτου
1383 4830 1576 4907 ἀγγωγῆ
1613 4841 1677 4889 ut
1725 4834 2022 4907 κυματῴγη

384 4903 652 4979 quamvis
683 4905 828 4979 illud
852 4903 923 4959 ab
952 4903 1092 4979 ἄγω,
1129 4905 1286 4969 duco,
1325 4903 1582 4970 conduco,
1622 4905 1876 4963 conveho.
1919 4903 2026 4961 hoc

385 4975 460 5031 ab
515 4975 655 5051 ἄγω,
701 4977 921 5051 ἂγν-υμι,
962 4975 1180 5051 frango
1242 4979 1616 5051 repetendum
1687 4979 2026 5051 sit._Hodie

383 5047 613 5104 Awari'z
626 5047 950 5118 appellatur
962 5048 1071 5104 hoc
1083 5047 1723 5118 contributionisgenus
1756 5065 1788 5101 a
1801 5049 2022 5116 Turcis,

385 5125 452 5172 ut
480 5125 640 5187 patet
662 5117 799 5174 e’La
827 5120 992 5174 Croix
1017 5122 1148 5174 Etat
1172 5120 1391 5188 present
1431 5117 1495 5171 de
1529 5118 1745 5186 l’Eglise
1769 5118 2021 5189 Grecque,

386 5205 444 5260 p.
476 5191 533 5256 7,
569 5191 665 5245 ubi
697 5189 951 5259 appellat
982 5191 1154 5245 tribu!
1181 5189 1388 5242 annuet
1425 5204 1563 5258 pour
1610 5189 2024 5260 lafourniture

384 5258 450 5316 de
478 5262 664 5332 l’orge,
705 5258 847 5332 foin,
897 5261 1075 5332 paille
1121 5264 1170 5316 el
1210 5261 1342 5332 cois,
1396 5275 1497 5330 que
1544 5261 1618 5312 (es
1663 5258 1818 5314 Greca
1850 5261 1929 5332 Ade
1971 5263 2024 5315 la

381 5330 846 5404 campagne‘sont
891 5330 1103 5402 obliges
1170 5330 1447 5386 d’amener
1529 5346 1645 5384 aux
1689 5330 1887 5404 seruit:
1951 5333 2025 5404 du

381 5402 590 5487 Grand
631 5405 920 5476 Sezgneur,
970 5406 1060 5460 des
1121 5405 1297 5458 Vesirs
1344 5409 1398 5458 et
1429 5408 1614 5458 autres
1663 5402 1869 5472 grands
1899 5403 2022 5475 ofﬁ-

380 5491 541 5531 σιεγε.

456 5545 567 5614 131)
623 5547 780 5610 Quod
839 5545 934 5602 hie
993 5546 1072 5600 ait
1137 5546 1431 5601 maiumas
1487 5561 1556 5599 ex
1628 5543 1849 5613 privato
1923 5560 2024 5614 pe-

386 5613 555 5687 culio,
587 5634 699 5671 non
731 5634 796 5672 ex
829 5618 1079 5687 generali
1112 5619 1311 5672 aerario
1351 5615 1603 5680 desumi,
1635 5617 1861 5686 egregie
1889 5613 2025 5687 con-

386 5683 586 5759 ﬁrmat
617 5687 777 5759 locus
820 5683 1076 5759 Agathia}
1109 5705 1165 5758 p.
1217 5689 1307 5753 69,
1341 5689 1429 5759 ed.
1488 5683 1729 5759 Vulcan.
1767 5683 2022 5759 έΤαμίας

389 5749 526 5812 ἦν...
583 5752 644 5806 οὗ
705 5756 809 5823 μὴν
868 5749 998 5808 ’τῶν
1050 5749 1127 5810 ἦκ’
1183 5749 1303 5825 τῆς
1367 5753 1734 5834 δασμοφορίας
1807 5749 2022 5834 ἐραύζοέ

2183 4664 2195 4676 .
2228 4623 2335 4673 222
2366 4627 2420 4672 et
2447 4619 2572 4671 240.

2139 4638 2195 4691 ρ.
2228 4638 2335 4673 ZZZ
2366 4638 2420 4672 ΘΙ.
2449 4638 2572 4671 ζίιυ.

2142 4762 2170 4780 Α
2210 4692 2347 4780 (33)⁵
2385 4689 3006 4780 Strqgalt'isdvertiplilt
3061 4691 3661 4780 piertitnentjp‘rofecto
3712 4693 3776 4780 τᾲ

2137 4761 2408 4887 Εορκᾶδια
2439 4762 2510 4816 ad
2542 4777 2726 4829 genus
2757 4763 3173 4831 stragularum.
3215 4763 3321 4816 Sed
3364 4761 3683 4820 debueram
3721 4771 3774 4821 et

2181 4835 2232 4887 ic
2264 4833 2526 4887 strictius
2558 4834 2942 4887 interpretari.
2978 4838 3035 4887 et
3066 4850 3121 4887 υ.
3178 4834 3303 4887 280.
3356 4851 3472 4887 non
3507 4838 3773 4887 eamdem

2181 4835 2232 4888 ic
2264 4833 2526 4887 strictius
2558 4834 2942 4902 interpretari,
2978 4838 3035 4888 et
3065 4850 3121 4903 p.
3178 4834 3303 4888 280.
3356 4851 3472 4889 non
3507 4838 3773 4892 eamdem

2136 4907 2194 4959 in
2227 4905 2448 4960 Latinis
2480 4920 2675 4977 vocem
2705 4904 3196 4977 ignotamglectori
3228 4921 3524 4974 reponere,
3559 4924 3684 4977 quas
3713 4908 3770 4962 in

2137 4977 2353 5032 Graecis
2383 4979 2490 5032 est.
2533 4974 2656 5030 Non
2698 4977 2852 5030 enim
2889 4975 3033 5030 mihi
3072 4981 3220 5040 tum,
3262 4992 3396 5031 cum
3442 4974 3771 5035 illos—locos

2135 5052 2444 5114 verterem,
2479 5047 2804 5114 constabat,
2837 5047 3156 5102 borcadium
3191 5048 3521 5117 signiﬁcare
3563 5050 3766 5116 ricam,

2136 5119 2452 5191 calyptram
2485 5119 2716 5191 capitis,
2749 5135 2876 5191 qua
2909 5118 3074 5190 equis
3099 5120 3382 5187 induitur,
3413 5127 3467 5175 et
3503 5137 3769 5177 manasse

2135 5193 2208 5245 ab
2237 5190 2484 5245 Arabico
2515 5190 2692 5256 borea,
2721 5190 2859 5260 rica,
2891 5191 3144 5259 calyptra
3196 5191 3402 5260 capitis
3459 5196 3515 5246 et
3549 5194 3764 5249 vultus.

2134 5261 2208 5317 Ut
2237 5262 2444 5318 Noster
2470 5260 2508 5333 l.
2541 5277 2592 5333 _c.
2625 5259 3044 5333 τεᾷ-σαγίσματα,
3091 5259 3405 5331 stragulas,
3437 5266 3770 5333 tegumenta

2134 5333 2313 5408 dorsi,
2349 5339 2410 5408 et»
2434 5331 2505 5408 tot
2533 5327 2813 5406 ﬁopxa’tdta,
2847 5327 3185 5408 tegumenta
3213 5327 3408 5408 vultus
3454 5327 3768 5408 et'capitis,

2132 5405 2462 5477 conjungit,
2495 5403 2573 5458 ita
2602 5403 2831 5477 quoque
2863 5403 3095 5477 Nicetes
3114 5403 3427 5460 Chuniates
3447 5403 3649 5477 jungit
3703 5407 3768 5462 τὰ

2133 5473 2437 5549 σαγίσματα
2466 5480 2524 5551 et
2571 5473 3084 5551 15.¢___its<pgt?tapéac,
3122 5491 3269 5551 qua
3328 5473 3481 5551 it'lech
3535 5473 3768 5551 p:rorsus

2133 5543 2270 5622 sunt
2298 5543 2432 5600 cum
2465 5546 2752 5622 horcadiis
2783 5543 3009 5620 ε’ἄλογα
3042 5543 3195 5622 enim
3243 5545 3390 5622 percit
3423 5543 3770 5622 κεφαλαρεῶν

2129 5617 2220 5671 καὶ
2253 5615 2600 5690 σαγισμάτων
2637 5624 2928 5692 memorat
2950 5611 3004 5672 in
3040 5611 3315 5692 Manuale.
3348 5618 3390 5689 °[
3422 5611 3769 5692 Eq'uiimpe-

2131 5688 2389 5762 ratorum
2423 5688 2737 5762 purpurati
2759 5706 2791 5741 a
2821 5688 3576 5762 scriptoribusnarrantur,
3610 5688 3761 5762 quod

2131 5761 2278 5818 nulli
2318 5758 2590 5832 praeterea
2611 5759 2852 5828 licebat;
2885 5758 3352 5818 vIVillharduin.
3383 5776 3442 5832 p.
3473 5758 3650 5834 288.]3
