4138 6298
406 352 523 412 843
1465 345 2002 410 CONSTANTINI
2044 350 2731 416 PORPHYROGENI'I‘I
3680 360 3790 420 844

406 515 624 570 nasque
672 504 728 554 et
769 497 1130 553 multitudem
1170 497 1482 553 invalidam
1516 501 2040 570 jumentorumque

2158 484 2399 561 φύλακας
2433 485 2768 556 ἐνήλλαττον
2803 485 2890 542 ’διὰ
2921 490 3009 544 τὸν
3043 489 3297 547 πλεῖστον
3346 492 3536 549 κόπον.
3579 492 3656 550 Οὐ
3693 494 3789 568 γὰρ

406 587 692 659 quidquid
725 588 792 642 ad
816 586 1303 642 claudicationem
1325 587 1639 643 deductum
1665 594 1766 644 aut
1793 587 2040 646 vulneri-

2155 577 2258 644 τήν
2325 574 2529 630 εὐθεῖαν
2584 577 2940 649 περιεπάτουν
2997 579 3170 653 αὐτοὶ,
3228 580 3374 637 ἀλλὰ
3430 583 3529 650 τὴν
3589 601 3789 656 τραχυ-

403 676 511 731 Βυε
547 677 876 732 confectum
898 684 1066 731 esset.
1102 675 1202 730 His
1233 676 1569 747 imponebat
1591 685 1765 748 caput
1787 677 1873 732 vel
1897 678 2037 749 capi-

2160 667 2310 742 t'spav
2366 669 2454 722 καὶ
2518 664 2913 724 δυσεπίϐατον·
2966 667 3108 724 οὕτω
3185 667 3242 725 δὲ
3312 671 3646 743 κινούμενοι,
3702 671 3794 735 τὰς

403 770 639 820 taneum
671 773 768 820 aut
789 766 1415 838 ducem,exiguamque
1447 765 1700 820 addebat
1733 766 2037 822 militarem

2159 759 2348 820 νύκτας
2405 758 2942 833 περιχαρακωθέντες
3025 762 3112 816 καὶ
3194 763 3293 830 τὴν
3379 761 3559 833 ἄλλην
3625 763 3793 841 ἀσφά-

403 869 667 919 manum,
693 853 1054 924 jubebatque
1097 870 1196 909 eos
1236 853 1294 909 in
1329 853 1583 908 vicinam
1625 870 1751 910 sese
1793 852 2037 926 recipere

2163 846 2303 902 λειαν
2379 848 2700 917 ποιήσαντες
2785 845 2875 902 διὰ
2960 848 3088 912 τοὺς
3172 849 3642 924 νυκτοπολέμους,
3707 850 3797 906 ἀν·-

403 942 578 996 castri
608 941 856 1013 alicujus
889 942 1224 997 munitioris
1247 946 1304 998 et
1334 943 1403 997 ad
1439 942 1603 997 illum
1640 944 2048 1015 propioristra-
2154 938 2438 994 επαύοντο.

402 1036 573 1097 ctum,
625 1047 654 1087 e
704 1049 819 1105 quo
870 1033 1256 1089 descensurus
1305 1033 1365 1088 in
1415 1032 1705 1089 hosticum
1755 1038 1879 1088 erat
1926 1034 2232 1090 exercitus.
2287 1029 2506 1086 Deinde
2553 1029 2869 1100 deputabat
2935 1029 3180 1087 selectos
3227 1031 3621 1087 ethematibus
3684 1047 3807 1088 ma-

399 1121 655 1194 nipulos,
706 1123 912 1193 partim
954 1140 1338 1194 precessuros
1379 1124 1660 1179 fossatum
1710 1141 1808 1179 seu
1854 1125 2170 1180 exercitum
2224 1121 2604 1188 hostiumque
2651 1119 2907 1176 subitum
2968 1120 3245 1177 insultum
3295 1138 3625 1188 aversuros,
3678 1139 3805 1193 par-

399 1212 505 1267 tim
581 1214 996 1269 subsecuturos
1057 1213 1232 1282 alios;
1293 1231 1436 1286 quos
1483 1224 1810 1286 postremos
1877 1213 2294 1287 notophylacas
2351 1227 2454 1267 seu
2522 1212 2798 1266 custodes
2861 1213 3106 1282 tergoris
3159 1213 3450 1286 appellare
3513 1230 3640 1270 mos
3699 1222 3803 1271 est.

396 1300 614 1358 Horum
665 1304 1121 1373 tergicustodum
1173 1310 1295 1359 erat
1353 1320 1452 1359 eos
1511 1305 1726 1372 venari,
1786 1306 1882 1374 qui
1939 1309 2040 1360 aut
2097 1301 2364 1358 imbelles
2424 1305 2529 1354 aut
2584 1315 2791 1370 segnes
2850 1311 3035 1357 castra
3093 1319 3206 1358 non
3267 1308 3696 1358 assectarentur
3750 1308 3808 1359 et

395 1392 577 1447 aciem
619 1393 970 1449 desererent.
1015 1393 1124 1447 Alii
1170 1393 1239 1448 ab
1295 1397 1543 1464 utroque
1601 1394 1777 1449 latere
1837 1393 2268 1449 comitabantur
2339 1393 2665 1444 moventem
2728 1391 3070 1458 exercitum,
3135 1409 3280 1463 quos
3349 1391 3806 1465 plagiophylicas

395 1495 498 1535 seu
544 1480 792 1536 laterum
835 1483 1106 1538 custodes
1157 1481 1548 1554 appellabant.
1609 1487 1824 1539 Horum
1876 1487 1998 1538 erat
2044 1481 2348 1538 observare
2401 1485 2569 1549 atque
2617 1495 2895 1548 coercere,
2947 1481 3110 1552 siqu
3161 1483 3230 1536 ad
3282 1481 3506 1538 hostem
3539 1485 3805 1540 transfu-

395 1585 526 1639 gere
557 1570 921 1627 molirentur.
955 1572 1170 1629 Omnes
1201 1578 1394 1629 auetm
1427 1572 1510 1640 hi,
1554 1579 1673 1628 tam
1707 1589 2112 1644 praecursores,
2143 1586 2313 1642 quam
2347 1571 2767 1641 sbusequentes
2820 1575 2876 1625 et
2903 1589 2937 1626 a
2966 1569 3246 1627 lateribus
3277 1575 3644 1640 comitantes,
3677 1579 3804 1629 tan-

394 1662 522 1713 tum
573 1660 871 1715 distabant
901 1677 929 1715 a
964 1661 1199 1724 fossato,
1245 1665 1304 1716 ut
1352 1677 1673 1733 numquam
1719 1663 1839 1718 suis
1888 1669 2050 1718 extra
2098 1669 2473 1730 conspectum
2514 1663 2738 1725 essent;
2785 1659 2958 1730 idque
2996 1659 3212 1730 duplici
3259 1661 3505 1728 ratione,
3549 1679 3621 1718 ne
3652 1663 3808 1720 scili-

395 1752 485 1802 cet
523 1748 636 1819 ipsi
675 1746 931 1804 hostium
965 1755 1230 1822 paterent
1269 1749 1522 1819 insidiis,
1566 1751 1844 1806 fossatum
1885 1767 2044 1818 vero,
2083 1751 2155 1806 ab
2204 1750 2322 1805 illis
2364 1748 2434 1803 de
2477 1748 2642 1803 hoste
2690 1748 3031 1805 imminente
3077 1751 3461 1816 admonitum,
3514 1769 3642 1810 sese
3680 1769 3805 1808 ma-

392 1839 520 1890 ture
565 1838 750 1908 possit
787 1837 869 1892 illi
920 1839 1257 1911 excipiendo
1310 1856 1666 1912 comparare.
1718 1840 1826 1905 Qui
1876 1840 2114 1896 tandem
2163 1855 2358 1895 coram
2415 1837 2761 1908 imperatore
2805 1837 3061 1907 proxime
3108 1839 3479 1896 ambularent
3531 1848 3695 1898 erant
3740 1858 3808 1897 ex

391 1923 492 1981 illo
533 1927 905 1996 potissimum
947 1929 1200 1984 themate
1237 1929 1326 1983 vel
1367 1931 1656 1997 districtu,
1695 1929 1795 2000 qui
1839 1929 2060 1984 hostico
2111 1928 2410 1999 proximus
2454 1931 2629 1982 esset.
2681 1926 2850 1980 Periti
2900 1928 3058 1982 enim
3099 1936 3259 1983 erant
3303 1935 3359 1984 et
3407 1929 3659 1999 viarum,
3712 1947 3806 2001 per

393 2031 537 2087 quas
587 2015 784 2072 hostes
837 2026 889 2073 et
929 2017 1196 2074 invadere
1257 2024 1314 2074 et
1363 2035 1566 2074 rursus
1619 2035 1681 2073 se
1735 2019 2059 2073 subducere
2095 2021 2352 2090 possent,
2402 2019 2460 2071 et
2508 2015 2788 2080 locorum,
2839 2015 2896 2069 in
2946 2016 3161 2086 quibus
3210 2034 3379 2089 agere
3417 2025 3699 2088 amarent,
3753 2027 3808 2078 et

389 2103 718 2172 modorum,
759 2107 972 2176 quibus
1013 2113 1116 2162 aut
1150 2108 1413 2177 insidias,
1458 2113 1559 2162 aut
1597 2109 1748 2163 acies
1789 2107 2050 2180 bellaque
2099 2107 2388 2162 instruere
2427 2105 2702 2161 solerent.
2751 2106 2815 2160 In
2851 2104 2941 2158 his
2990 2109 3046 2160 et
3084 2106 3145 2160 in
3187 2107 3500 2178 postremis
3548 2110 3804 2165 custodi-

392 2193 506 2248 bus
569 2196 1060 2264 permutabantur
1117 2201 1172 2251 et
1228 2197 1655 2252 renovabanlur
1701 2197 2015 2252 identidem
2065 2195 2531 2252 sollicitudinum
2587 2193 2770 2261 vices;
2813 2193 3291 2265 quandoquidem
3353 2195 3473 2252 hac
3539 2198 3656 2254 duo
3711 2214 3808 2271 ge-

391 2300 529 2340 nera
578 2286 891 2358 plurimum
942 2286 1197 2344 laborem
1242 2288 1572 2344 tolerarent.
1611 2288 1737 2344 Non
1793 2288 1948 2344 enim
2000 2292 2214 2344 rectam
2266 2296 2318 2341 et
2358 2285 2681 2357 expeditam
2737 2287 2914 2351 viam,
2965 2287 3062 2341 sed
3113 2287 3463 2358 asperiorem
3515 2297 3567 2344 et
3616 2287 3807 2345 minus

392 2380 761 2436 commodam
812 2378 989 2432 ibant.
1042 2379 1106 2432 In
1150 2377 1304 2432 hunc
1354 2378 1593 2432 modum
1647 2381 2057 2448 promoventes
2097 2375 2374 2442 interdiu,
2425 2375 2660 2430 coibant
2709 2390 2810 2445 per
2851 2380 3076 2430 noctem
3129 2376 3284 2431 intra
3315 2376 3556 2449 vallum,
3603 2377 3804 2434 rebus-

392 2484 506 2539 que
535 2466 880 2525 necessariis
905 2471 1102 2521 contra
1133 2475 1440 2520 nocturnos
1470 2464 1724 2520 hostium
1756 2465 2005 2536 impetus
2031 2463 2315 2535 praevisis,
2347 2463 2654 2533 capiebant
2678 2464 2951 2533 quietem.

1595 2812 2595 2910 ΚΩΝΣΤΑΝΤΙΝΟΥ

1142 3025 1233 3082 EN
1272 3025 1517 3100 ΧΡΙΣΤῼ
1558 3025 1666 3096 (37)
1711 3023 1994 3078 ΒΑΣΙΛΕΙ
2035 3022 2274 3096 ΑΙΩΝΙῼ
2315 3021 2667 3086 ΒΑΣΙΛΕΩΣ
2711 3023 3048 3090 ΡΩΜΑΙΩΝ,

1836 3130 1991 3186 ΥΙΟΥ
2029 3129 2354 3186 ΛΕΟΝΤΟΣ

1335 3241 1466 3297 ΤΟΥ
1505 3238 1841 3296 ΑΟΙΔΙΜΟΥ
1879 3240 2002 3294 ΚΑΙ
2044 3237 2458 3295 ΣΟΦΩΤΑΤΟΥ
2496 3239 2858 3310 ΒΑΣΙΛΕΩΣ,

702 3353 1071 3411 ΔΠΟΓΟΝΟΥ
1110 3357 1195 3408 ΔΕ
1234 3350 1603 3407 ΒΑΣΙΛΕΙΟΥ
1639 3349 1776 3406 ΤΟΥ
1816 3348 2345 3405 ΑΝΔΡΙΚΩΤΔΤΟΥ
2384 3349 2508 3405 ΚΑΙ
2548 3350 3085 3406 ΓΕΝΝΑΙΟΤΑΤΟΥ
3120 3351 3491 3426 ΒΔΣΙΛΕΩΣ,

1823 3455 2007 3510 ΙΙΡΟΣ
2051 3454 2379 3511 ΡΩΜΔΝΟΝ

1315 3569 1451 3620 ΤΟΝ
1490 3565 1862 3623 ΘΕΟΣΤΕΦΗ
1905 3564 2210 3620 ΒΑΣΙΛΕΑ
2251 3567 2367 3617 ΚΑΙ
2409 3565 2564 3620 ΥΙΟΝ
2617 3565 2858 3636 ΑΥΤΟΥ,

1055 3701 1192 3757 Ὅσα
1223 3695 1306 3752 δεῖ
1333 3696 1597 3772 γίνεσθαι,
1637 3699 1733 3751 τοῦ
1767 3694 2010 3770 μεγάλου
2041 3695 2131 3749 καὶ
2164 3693 2380 3769 ὑψηλοῦ
2416 3692 2684 3770 βασιλέως
2713 3700 2820 3750 τῶν
2849 3697 3135 3770 Ῥωμαίων

1731 3784 2024 3859 μάλλοντος
2058 3789 2436 3863 φοσσατεῦσαι.

1867 4097 2315 4155 CONSTANTIN
2325 4101 2344 4154 ι

1176 4261 1232 4298 IN
1273 4257 1510 4297 CHRIBTO
1547 4255 1781 4295 ETEBNO
1830 4255 1974 4295 REGE
2012 4257 2175 4298 REGIS
2215 4261 2599 4315 ROMANORUM,
2632 4262 2762 4303 III-Il
2805 4265 3026 4321 LEONIB,

1417 4371 1795 4411 CELEBERRIM!
1835 4371 1900 4409 ET
1947 4371 2348 4412 SAPIENTIBBIMI
2378 4375 2778 4429 IMPERATORIS,

1091 4490 1187 4536 QUI
1219 4489 1404 4530 FILIUS
1442 4488 1584 4528 ERAT
1617 4486 1838 4539 BASILII,
1872 4487 2192 4528 FORTISSIMI
2231 4489 2670 4532 GENIROSISSIMI
2701 4493 3106 4552 IMPERATOR",

1895 4620 1969 4660 AD
2000 4621 2289 4661 ROMANUM

1310 4742 1344 4778 Α
1367 4739 1473 4778 1)Εο
1503 4738 1842 4778 CORONA'I'UM
1890 4738 2295 4779 IMPERATOREM
2327 4739 2398 4778 ET
2444 4740 2643 4782 FILIUM
2683 4743 2868 4784 SUUM.

676 4839 1032 4896 Observanda
1061 4843 1113 4894 et
1157 4839 1388 4907 agenda,
1439 4839 1658 4911 quando
1688 4840 1989 4910 imperator
2033 4838 2398 4895 Romanorum
2422 4842 2691 4911 fossatum
2717 4859 2876 4916 agere
2919 4863 3014 4904 seu
3044 4849 3101 4904 in
3131 4856 3320 4907 castra
3353 4854 3438 4910 ira

1737 4935 1790 4986 et
1836 4932 1897 4986 in
1929 4932 2136 4988 versari
2181 4931 2439 4988 decrevit.

463 5259 614 5314 268
648 5258 818 5326 Audi,
851 5257 953 5322 ﬁli,
996 5271 1292 5312 sermones
1323 5253 1508 5326 patris
1549 5253 1656 5344 tui,
1682 5255 1763 5309 ait
1800 5253 2034 5344 Salomo
2066 5259 2097 5323 Ε

2215 5255 2435 5344 ¹Ἄκουε,
2467 5257 2570 5324 υἱὲ,
2604 5258 2805 5338 λόγους
2835 5266 3040 5341 πατρός
3098 5287 3216 5338 σου,
3251 5266 3522 5344 Σολᾰμῶν
3572 5294 3657 5330 σοι
3686 5289 3783 5329 πα-

389 5346 493 5402 tibi
528 5347 892 5420 praecipiens.
931 5344 1202 5409 Quamvis
1234 5345 1390 5400 enim
1441 5360 1471 5397 a
1519 5341 1724 5397 multis
1766 5343 2023 5412 accipere

2150 5342 2483 5400 οακελεῦεται
2513 5367 2525 5379 ·
2557 5351 2704 5425 παρὰ
2732 5351 2959 5409 πολλῶν
3009 5356 3114 5432 γὰρ
3163 5341 3415 5422 ἀκούσειέ
3464 5361 3533 5417 τὰ
3581 5360 3784 5434 δέοντα,

1438 5441 1635 5499 JOAN.
1674 5441 1820 5498 JAC.
1865 5440 2124 5497 REISKII
2162 5442 2745 5509 COMMENTARIUS.

456 5545 565 5614 (57)
614 5543 1280 5632 ρι’ἀὶηιιιιξι]δῆρίς)ιοιιειὶΔ
1306 5543 1523 5632 titulus
1573 5542 2020 5632 Bvsantinorum
2132 5540 2347 5632 Phrisll
2402 5549 2866 5632 gratiardebere
2933 5555 3160 5632 eteius
3220 5562 3284 5615 ut
3341 5563 3542 5632 aeterni
3612 5565 3782 5632 regis.

387 5616 462 5668 im
476 5612 919 5695 peratorum,_in
951 5616 1181 5695 Christo,
1213 5624 1414 5669 wterno
1445 5631 1590 5683 rege,
1623 5614 2018 5695 rex_Roptano-
2134 5612 2257 5695 loco
2285 5626 2351 5695 _et
2398 5612 2671 5676 mandato
2711 5639 2969 5695 regnare.
3019 5612 3380 5687 Minus—crat
3397 5612 3778 5691 'éai"éa973'“véi

385 5681 530 5752 rufn,
561 5701 675 5753 quo
705 5688 972 5745 volebant
1001 5688 1212 5753 dicere,
1256 5702 1318 5741 se
1349 5681 1581 5740 omnem
1615 5685 2016 5741 auctoritatem
2130 5681 2182 5737 ἐν
2208 5690 2346 5758 Θεῷ,
2370 5707 2535 5759 quem
2567 5681 3774 5774 titulun?minoribus—principibustribue:
