4138 6298
435 443 548 504 851
1496 431 1792 494 CONSTA
1805 428 1932 489 NTI
1945 427 2020 488 NI
2066 421 2775 488 POBPHYltOGENITI
3715 417 3832 478 852

437 590 651 649 equum
686 572 737 628 1.
771 572 936 629 Patet
985 571 1089 626 bos
1136 567 1511 640 magistratus
1548 566 1609 620 in
1649 563 1982 619 universum
2017 560 2086 615 12

2223 561 2304 611 τῶν
2335 554 2607 628 τεσσάρων
2646 554 2758 627 (47)
2811 553 3071 625 κομήτων
3133 550 3411 626 μωλάριον
3449 550 3515 605 α’·
3560 551 3704 624 ὁμοῦ
3741 549 3832 605 διὰ

438 637 631 722 ωὐιοε
671 668 729 718 et
768 663 1006 716 totidem
1057 675 1241 731 equos
1295 661 1614 728 praestare;
1657 668 1906 724 quorum
1950 667 2084 706 cum

2227 649 2300 699 ὧν
2331 644 2615 718 ἀρχόντων
2644 642 2957 714 νομίσματα
2985 637 3096 695 τιιδ¹
3138 643 3294 713 (48)),
3335 639 3599 713 γίνύμενα
3655 638 3834 713 λίτραι

442 755 589 811 muli
621 750 839 822 singuli
861 751 1027 804 denis
1050 727 1249 818 quinis
1273 727 1558 808 nummis,
1580 747 1637 796 et
1657 742 1790 812 equi
1815 740 1980 795 denis
2003 740 2087 793 bi-

2227 734 2262 802 ‘,
2328 733 2629 804 ιομίσματα
2688 732 2788 794 κς’.
2824 731 2920 784 Καὶ
2974 730 3114 802 ὁμοῦ
3149 730 3211 784 τὸ
3264 734 3364 782 πᾶν
3397 727 3579 802 λίτραι
3609 729 3664 782 π’
3700 729 3835 792 εκς“.

445 845 538 900 nis
561 843 944 906 aestimentur,
962 831 2089 895 conﬁcitursumma324numismatum,

2223 820 2300 877 ἰαὶ
2339 820 2405 874 τὰ
2438 821 2531 892 μὲν
2568 818 2822 892 μωλάρια
2850 819 2917 872 τὰ
2947 819 3011 885 σ’,
3055 818 3311 879 ὡσαύτως
3359 817 3449 872 καὶ
3487 817 3554 871 τὰ
3610 817 3839 890 ἱππάρια

449 947 572 1003 quin
596 930 644 986 si
665 930 732 984 ad
761 904 1044 983 rationem
1078 925 1340 979 litrarum
1376 924 1637 988 reducas,
1658 919 1898 974 habebis
1929 918 2092 971 litras

2223 913 2260 965 ’ὰ
2293 913 2356 964 cr"
2413 904 2767 977 καταϐιϐάζει
2822 911 2989 962 ταῦτα
3039 909 3067 962 6
3128 905 3423 982 λογοθὲτης
3480 909 3589 960 τῶν
3634 905 3839 981 ἆγελῶν

449 990 503 1086 ί,
536 1038 699 1076 num.
722 1021 812 1074 26.
841 1019 1002 1074 Adde
1032 1016 1166 1071 huic
1198 1031 1442 1070 summas
1474 1013 1832 1084 superiorem
1865 1010 2096 1077 (neri-pe

2229 1000 2275 1061 ἴς
2304 1001 2370 1052 τὰ
2403 997 2684 1072 Μαλάγινα
2735 999 2873 1071 (49),
2906 997 2991 1050 καὶ
3043 990 3453 1069 παραλαμϐάνει
3504 994 3640 1048 αὐτὰ
3677 995 3706 1047 ὁ
3762 995 3846 1048 κό-

448 1110 520 1164 76
552 1111 760 1179 litras],
784 1107 1026 1162 habebis
1055 1105 1220 1159 litras
1244 1104 1316 1158 80
1337 1106 1393 1156 et
1415 1117 1576 1156 num.
1601 1101 1688 1154 26.
1717 1099 1784 1152 Et
1813 1097 1943 1152 illos
1976 1095 2099 1167 qui-

452 1199 582 1254 dem
598 1195 870 1268 superius
882 1195 1068 1250 dictos
1082 1209 1150 1248 ex
1161 1193 1292 1246 Asia
1308 1190 1594 1260 Phrygiaq
1606 1204 1675 1242 ue
1689 1189 1718 1241 d
1730 1191 1966 1242 ucentos
1983 1200 2099 1240 mu-

453 1285 542 1343 los
567 1291 624 1341 et
644 1301 825 1358 equos
849 1284 1062 1354 pariter
1083 1283 1367 1336 ducentos
1388 1277 1625 1332 deducit
1653 1274 1948 1330 rationalis
1972 1290 2100 1345 gre-

455 1392 594 1449 gum
641 1375 710 1429 ad
752 1373 1042 1443 Malagina
1089 1384 1292 1439 usque,
1327 1367 1425 1421 ubi
1458 1383 1554 1420 eos
1585 1365 1656 1420 ab
1700 1365 1828 1434 ipso
1859 1364 2102 1418 traditos

455 1467 866 1520 transsumunt
896 1474 1091 1514 comes
1121 1457 1332 1512 stabuli
1365 1459 1422 1509 et
1450 1452 1944 1509 esochartularius
1975 1452 2102 1521 [seu

455 1549 851 1608 chartularius
885 1547 1167 1617 urbanus]
1189 1545 1424 1600 stabuli.
1445 1543 1667 1598 Debent
1691 1546 1885 1597 autem
1913 1540 2104 1595 bestiae

460 1641 867 1712 quinquennes
895 1641 998 1692 aut
1027 1641 1338 1706 septennes
1367 1649 1516 1697 esse,
1545 1646 1728 1700 neque
1759 1627 2016 1685 cauteria
2045 1626 2106 1681 in

460 1727 780 1784 femoribus
802 1725 1035 1780 habere.
1063 1723 1144 1777 Ibi
1167 1722 1392 1792 regium
1421 1721 1655 1789 signum
1681 1719 1977 1789 accipiunt
1998 1714 2108 1770 illa:

463 1817 898 1887 quadringentae
939 1811 1129 1868 bestia:
1167 1812 1369 1865 ambas
1409 1809 1468 1863 in
1513 1807 1778 1878 scapulas
1823 1807 2106 1861 inustum.

467 1906 652 1959 Etiam
676 1903 735 1958 in
758 1911 1094 1974 sequentem
1128 1915 1348 1954 annum
1377 1897 1443 1952 ﬁt
1465 1899 1667 1952 eadem
1699 1895 1978 1966 expositio
2009 1909 2107 1948 seu
2139 1936 2187 2001 Β

466 1993 687 2049 exactio
709 2000 762 2046 et
785 1990 1023 2046 bullatio
1041 2005 1138 2045 seu
1154 1989 1439 2043 candente
1462 1986 1610 2041 ferro
1635 1984 1884 2056 signatio
1907 1981 2110 2038 bestia-

468 2098 620 2151 rum,
644 2085 701 2136 et
731 2080 866 2150 equi
895 2094 1098 2134 omnes
1133 2076 1455 2131 ﬁbulantur
1485 2080 1656 2145 atque
1687 2081 2035 2136 castrantur,
2058 2073 2115 2126 et

468 2171 616 2226 ﬁunt
645 2169 897 2225 accessio
922 2172 1098 2239 atque
1121 2166 1594 2238 supplementum
1617 2163 1904 2234 regiorum
1928 2161 2117 2216 stabu-

469 2259 658 2315 lorum
706 2263 942 2329 propter
988 2257 1302 2311 instantem
1351 2253 1618 2309 bellicam
1665 2252 2113 2324 expeditionem.

470 2346 722 2403 Adducit
761 2351 952 2400 autem
994 2342 1293 2398 rationalis
1333 2358 1576 2413 gregum
1619 2342 1864 2396 ducenta
1896 2339 1995 2395 illa
2018 2340 2115 2410 ju-

472 2439 671 2488 menta
687 2431 974 2502 sagmaria
987 2429 1070 2485 vel
1086 2429 1474 2493 oneraria,mu
1487 2429 1498 2481 Ι
1511 2445 1574 2483 os
1588 2429 1873 2498 puta,suis
1887 2431 2119 2482 onerata

473 2521 837 2592 sagmatibus
865 2519 952 2574 vel
986 2517 1230 2574 sarcinis
1251 2522 1353 2572 aut
1376 2516 1662 2582 bisacciis,
1686 2521 1743 2570 et
1767 2515 1823 2569 in
1847 2517 2119 2569 straturis

2207 1110 2316 1164 μης
2367 1093 2464 1142 τοῦ
2522 1081 2759 1141 στάϐλου
2814 1089 2923 1157 (50)
2954 1087 3040 1140 καὶ
3076 1086 3103 1139 6
3150 1083 3257 1140 ἓσω
3314 1083 3725 1160 χαρτούλάριος
3750 1087 3845 1137 τοῦ

2207 1171 2446 1231 στάϐλου
2505 1177 2809 1241 πενταέτια,
2867 1175 3074 1246 ἐξαὲτια
3131 1172 3222 1228 καὶ
3279 1174 3550 1240 ὲπταέτια,
3591 1172 3668 1243 μή
3697 1169 3851 1248 ἔχον-

2206 1286 2272 1320 τα
2304 1262 2651 1336 σπηλώματα
2682 1263 2757 1325 εἷς
2785 1263 2884 1330 τὴν
2933 1262 3093 1335 ψύαν.
3137 1263 3239 1319 Καὶ
3288 1259 3712 1340 σφραγίζουνται
3741 1260 3848 1330 (51)

2205 1355 2272 1409 τὰ
2323 1353 2647 1426 τετρακόσια
2694 1351 2770 1414 εἷς
2801 1352 2866 1406 τὰ
2910 1349 3006 1406 δύο
3047 1352 3185 1426 μέρη
3245 1358 3344 1419 τῆς
3409 1349 3692 1410 καπούλας
3744 1349 3850 1419 (52)

2215 1441 2504 1518 βασιλικὴν
2540 1440 2803 1517 βοῦλλαν,
2836 1442 2957 1497 ’Ἐτι
2998 1437 3054 1495 δὲ
3099 1441 3189 1494 καὶ
3227 1439 3301 1501 εἷς
3341 1439 3436 1493 τὸν
3483 1437 3847 1514 ἐπερχόμενον

2212 1533 2410 1606 χρόνον
2444 1531 2651 1605 γίνεται
2682 1533 2716 1599 ἡ
2751 1529 2883 1600 αύτὴ
2927 1528 3134 1593 ἕκθὲσις
3173 1527 3263 1584 καὶ
3309 1527 3646 1603 βούλλωσις.
3689 1521 3850 1581 Λαϐι-

2214 1619 2428 1675 δοῦνται
2453 1622 2564 1693 (53)
2611 1618 2781 1674 πάντα
2827 1619 2893 1673 τὰ
2924 1619 3173 1692 ἰἱππιὶριοι
3202 1618 3290 1672 καὶ
3332 1617 3565 1694 γίνονται
3599 1615 3851 1693 εὖνοῦχα,

2212 1707 2422 1765 καὶδιὰ
2459 1713 2557 1763 τοῦ
2605 1709 2872 1784 φοσσάτου
2912 1707 3114 1783 γίνεται
3172 1709 3488 1781 προσθήκη.
3550 1706 3650 1761 Καὶ
3707 1705 3852 1782 φέρει

2216 1802 2243 1855 6
2304 1797 2606 1871 λογοθέτης
2655 1797 3122 1871 σεσαγματωμὲνα
3178 1797 3221 1850 σ¹
3305 1796 3578 1870 σαγμάρια
3661 1793 3858 1868 ἔχοντα

2216 1886 2482 1960 ἐνδύματα
2530 1887 2580 1942 ἐν
2629 1892 2748 1949 ταῖς
2812 1887 3166 1961 στρατούραις
3215 1884 3514 1940 κέντουκλα
3573 1885 3706 1956 μετὰ
3755 1904 3858 1937 σω-

2218 1976 2420 2052 καρίων
2476 1977 2850 2054 φορτωμάτων
2880 1979 3015 2046 (54),
3063 1971 3502 2048 κεκαλιγωμένα,
3535 1971 3859 2048 ἐπιφερόμε-

2221 2088 2282 2122 να
2348 2065 2436 2121 xui
2496 2063 2762 2130 σελιναῖα,
2825 2066 2938 2137 ἅμα
2993 2065 3079 2118 καὶ
3129 2068 3238 2118 τῶν
3296 2063 3632 2133 καπιστρίων
3665 2062 3860 2118 αὐτῶν.

2225 2156 2323 2210 Καὶ
2390 2152 2513 2208 οὐδὲ
2573 2154 2832 2215 ὡσαύτως
2883 2153 3206 2226 ἐπαρκοῦσιν
3274 2151 3351 2213 εἰς
3402 2152 3503 2218 τήν
3572 2149 3861 2225 βασιλικὴν

2231 2243 2550 2320 ὑπηρεσίαν·
2620 2243 2670 2297 ἐν
2735 2243 2837 2317 γὰρ
2879 2247 2958 2313 τῷ
3021 2245 3195 2314 καιρῷ
3245 2245 3346 2296 τοῦ
3401 2241 3672 2318 φοσσάτου
3703 2259 3870 2313 προσ-

2228 2334 2365 2404 ἀπαξ
2397 2330 2636 2388 δίδουσιν
2666 2333 2716 2386 οἳ
2759 2333 3052 2406 στρατηγοί
3089 2328 3348 2404 μωλάρια
3393 2333 3471 2400 τῷ
3507 2327 3724 2405 βασιλεῖ
3778 2327 3866 2384 οὕ-

2226 2443 2355 2484 τως·
2390 2425 2418 2478 ὁ
2456 2421 2806 2480 Ἀνατολικὸς
2861 2419 3114 2495 μωλάρια
3164 2422 3238 2496 γ’,
3266 2421 3293 2474 ὁ
3335 2420 3698 2494 Ἀρμενιακὸς
3763 2440 3870 2490 μω-

2231 2512 2392 2586 λάρια
2422 2521 2490 2585 γ’,
2540 2512 2567 2565 6
2599 2517 2863 2584 Θρᾳκσιος
2929 2507 3182 2582 μωλάρια
3217 2513 3282 2582 γ’,
3332 2508 3360 2561 6
3390 2507 3701 2580 Ὀψικιάνος
3760 2510 3866 2580 (55)

1519 2611 1721 2668 JOAN.
1753 2614 1893 2668 JAG.
1931 2611 2194 2667 REISKII
2226 2610 2808 2667 COMMENTARIUS.

549 2709 670 2780 (47),
694 2705 1101 2780 Intelliguntur
1130 2720 1325 2780 comes
1355 2701 1800 2780 scholariorum,
1824 2703 2118 2780 excubitof

477 2774 1059 2846 rum,'bicanat'orum
1102 2785 1157 2831 et
1197 2775 1455 2830 arithmi.
1490 2774 1676 2843 Képm
1713 2781 1902 2846 aptent
1945 2775 2117 2846 Leoni

477 2852 535 2906 in
558 2841 806 2906 Tacticis
826 2855 912 2905 est
941 2847 968 2900 6
997 2849 1094 2900 τοῦ
1125 2847 1236 2908 ἑνὸς
1265 2846 1538 2922 τάγματος
1640 2842 1839 2918 βάνδου
1868 2841 2113 2920 ἀφηγού-

526 2940 659 2981 ενος.

483 2943 663 3064 μεῖἕὲ)
694 2991 837 3047 Nolo
868 3005 961 3045 me
990 2990 1049 3044 in
1079 2989 1360 3064 rationem
1407 2989 1592 3043 litrar.
1618 3005 1673 3044 m
1705 2996 1764 3064 et
1789 2987 2120 3064 nomisma—

479 3059 602 3118 tum
627 3059 679 3118 et
712 3065 790 3117 rei
823 3064 1165 3116 nummariis
1198 3062 1518 3115 Graecorum
1551 3061 1868 3114 recentium
1901 3059 2118 3112 immit-

481 3139 620 3188 tere.
650 3133 863 3186 Vastus
908 3133 1004 3184 ille
1043 3147 1282 3199 campus
1314 3139 1398 3183 est
1425 3138 1482 3184 et
1509 3130 1723 3197 ingenii
1755 3129 1972 3198 otiique
2004 3145 2118 3183 non

485 3204 619 3257 mei.
651 3204 849 3257 Saltim
880 3201 932 3254 id
968 3202 1212 3254 monebo
1256 3203 1477 3269 paucis,
1520 3200 1711 3253 litram
1756 3201 1882 3253 auri
1927 3201 2118 3252 nurni-

481 3279 668 3328 smata
700 3289 801 3327 seu
832 3271 1045 3325 solidos
1095 3287 1300 3325 aureos
1329 3271 1395 3324 74
1427 3271 1808 3324 continuisse.
1859 3269 2000 3324 Nam
2049 3270 2119 3322 74

481 3352 688 3413 quater
727 3344 985 3397 additum
1031 3342 1209 3396 efficit
1245 3342 1369 3397 296.
1403 3341 1644 3413 Reliqua
1682 3356 1818 3413 ergo
1850 3349 1980 3394 sunt
2014 3357 2123 3394 nu-

477 3411 752 3469 mismata
773 3414 864 3479 26,
889 3429 1012 3482 quae
1044 3415 1192 3482 quod
1227 3422 1463 3481 qnatuor
1490 3411 1640 3465 litris
1670 3411 1829 3466 deest
1857 3413 1925 3465 ad
1961 3428 2121 3466 com-

477 3485 749 3557 plendum
786 3484 1218 3557 summam__323
1252 3485 1674 3557 numgismatum
1709 3483 2003 3557 supplent.

547 3556 661 3626 (49)
713 3555 991 3609 Recurret
1036 3554 1341 3626 aliquoties
1373 3555 1441 3626 in
1484 3554 1587 3607 hoc
1625 3555 1853 3626 Tactico
1904 3555 2120 3609 mentio

473 3624 691 3682 stabuli
733 3627 869 3695 regii
929 3629 994 3679 ad
1032 3625 1337 3694 Malagina.
1368 3625 1648 3696 Memorat
1696 3624 1834 3679 illud
1892 3641 2121 3696 quoque

475 3695 850 3767 Geographus
883 3695 1198 3750 Nubiensis
1234 3714 1285 3761 p.
1317 3695 1442 3749 287.

547 3770 658 3839 (50)
682 3766 959 3835 Ergojam
993 3767 1359 3839 constantini
1389 3773 1444 3821 et
1475 3766 1682 3822 Leonis
1713 3770 1980 3839 tempore,
2003 3767 2119 3822 fue-

473 3838 610 3893 runt
660 3841 904 3893 comites
957 3838 1192 3903 stabuli,
1229 3854 1412 3906 neque
1454 3841 1687 3892 demum
1722 3856 1751 3891 ιι
1785 3838 2019 3894 Francis
2058 3840 2116 3893 in

473 3909 767 3965 Orientem
793 3925 970 3963 sacrae
993 3909 1211 3963 militiae
1236 3925 1406 3964 causa
1433 3909 1805 3963 tendentibus
1830 3910 2040 3965 invecti
2061 3917 2117 3964 et

475 3981 544 4035 ad
580 3980 805 4035 Grecos
837 3980 1138 4050 propagati
1162 3987 1414 4046 tempore
1435 3980 1615 4034 Alexii
1637 3980 1936 4049 Comneni,
1961 3982 2112 4049 quod

473 4050 593 4104 vult
624 4051 792 4106 Goar.
826 4049 893 4104 ad
928 4049 1129 4104 Codin.
1164 4066 1219 4118 p.
1251 4052 1340 4103 24.

545 4122 655 4191 (51)
687 4126 767 4174 tta
796 4137 1021 4191 quoque
1054 4120 1266 4191 milites
1307 4118 1623 4191 cauterium
1657 4119 1716 4191 in
1748 4134 1918 4173 manu
1961 4120 2116 4173 acci-

473 4188 728 4261 piebant,
755 4188 901 4245 et_de
923 4188 1150 4257 Scythis
1185 4189 1442 4261 Romano
1473 4189 1596 4242 solo
1619 4188 1748 4261 et_in
1776 4191 2113 4261 servitutem

476 4259 720 4330 receptis
749 4261 947 4330 scribit
978 4261 1268 4330 Eunapius
1292 4261 1346 4312 in
1372 4259 1854 4330 Excerpt._lLegat.
1880 4260 2110 4317 Ηίθεοι).

474 4347 532 4400 p.
568 4325 654 4402 12,
687 4329 742 4402 bl.
774 4328 981 4402 οἷκᾷται
1017 4325 1272 4402 βασιλικὰ
1303 4325 1600 4402 παράσημα
1629 4325 1868 4402 ἔχοντες.

545 4401 777 4480 (5218i;
821 4400 1070 4480 efferunt
1117 4401 1248 4480 novi
1298 4400 1614 4480 Griecipro
1646 4400 1979 4480 eaaaoéka‘c‘.
2012 4406 2110 4480 Est

471 4471 631 4544 enim
651 4471 794 4540 ipsis
817 4473 873 4524 in
901 4487 1052 4544 more
1075 4475 1324 4541 positum
1349 4491 1380 4524 σ
1401 4472 1620 4528 initiale
1658 4474 1986 4544 atijiciendi,
2012 4475 2106 4529 ubi

471 4542 805 4610 requiritur,
828 4548 884 4595 et
905 4543 997 4596 ubi
1024 4559 1138 4596 non
1163 4560 1307 4613 opus
1333 4560 1516 4614 neque
1550 4561 1674 4603 mos
1705 4542 1812 4610 est,
1837 4545 2106 4602 addendi.

469 4613 628 4667 Intra
659 4629 714 4667 D.
745 4612 851 4665 299
879 4619 968 4666 est
996 4614 1201 4667 κάμνον
1246 4631 1347 4667 Dro
1377 4613 1633 4667 σκάμνον.
1671 4621 1834 4667 Anud
1870 4618 2104 4667 Mauric.

501 4623 628 4665 mra

471 4682 724 4757 §trateg.
762 4683 800 4745 Ι,
823 4683 878 4737 2.
909 4682 1163 4757 καπλίον.
1213 4682 1521 4754 scapularé,
1569 4682 1826 4752 currui—lin,
1874 4685 2106 4757 ἐπωμίς.

473 4753 704 4832 §imilia
743 4755 1030 4823 permulta
1055 4753 1350 4832 .habetDii
1383 4757 1573 4828 Cange
1605 4758 1692 4832 Gl.
1727 4759 1848 4823 Gr.,
1884 4765 1946 4832 ut
1974 4753 2107 4832 δέαρ‹

474 4821 610 4894 θμός
667 4821 765 4894 pro
824 4824 1118 4897 σκαρθμός,
1163 4827 1460 4896 subsultus,
1506 4821 1757 4899 τιτιθάμη,
1810 4821 2104 4899 δρἱἡαηιά,

473 4899 787 4968 καμ-πιοῦσα
871 4913 997 4968 pro‘
1047 4899 1411 4965 σκαμπιοῦσα,
1485 4902 1759 4968 scabiosa,
1838 4899 2031 4967 planta
2091 4925 2106 4968 ;

475 4962 683 5041 κούλκα
714 4983 816 5036 pro
842 4962 1106 5041 63(06be
1140 4962 1418 5031 excubitr;
1448 4962 1760 5023 κουλκεύειν
1785 4962 1887 5041 pro
1910 4962 2106 5024 σκουλέ

472 5035 669 5108 κεύειν,
691 5035 982 5099 excubare,
1008 5039 1142 5092 item
1165 5041 1461 5108 speculari,
1485 5042 1772 5106 explorare
1785 5035 1886 5096 'res
1917 5042 2104 5097 hostis.

471 5107 572 5163 Est
601 5113 754 5179 enim
781 5109 974 5179 (idque
1006 5107 1340 5163 liceat’mihi
1366 5109 1562 5178 paucis
1585 5113 1640 5163 in
1665 5114 1910 5166 transitu
1933 5116 2107 5167 attin-

468 5182 624 5252 gere)
657 5178 726 5234 ab
757 5178 1049 5252 excultum
1087 5196 1190 5251 pro
1227 5179 1548 5252 explorare,
1594 5183 1897 5238 Exculcare
1927 5189 1980 5237 et
2012 5201 2107 5238 ex—

471 5250 954 5323 tunderealiquid
984 5250 1291 5306 undeunde
1313 5250 1507 5323 dicunt
1527 5251 1711 5305 Latini
1728 5269 1829 5323 pro
1845 5254 2107 5310 studiosa

471 5321 1262 5394 inquisitionecomperire;
1303 5321 1749 5394 deprehendere,
1792 5325 2108 5394 proculcare

471 5408 703 5465 quoque
740 5392 1009 5465 dicebant
1037 5392 1151 5465 pro
1192 5409 1551 5464 praecurrere,
1586 5393 1747 5465 prius
1790 5392 2103 5465 explorare,

470 5461 683 5540 ᾧάλέια
724 5463 928 5517 dicunt
951 5461 1100 5540 Διποίνὶ
1134 5461 1311 5540 Graeci
1353 5461 1743 5540 proiceaiitsta,
1775 5471 1832 5519 et
1863 5461 1970 5519 hoc
2004 5461 2104 5540 pro

467 5531 1083 5609 ᾲεξτροὶλειαε..ςεευνίιςις,⁸
1115 5531 1392 5609 φαλιᾴζειν
1432 5539 1487 5609 et
1526 5531 1766 5609 ᾠαλίζειν
1789 5553 1900 5609 _pr_o
1933 5531 2103 5608 σφαλ-

463 5591 656 5678 λίζειν,
689 5591 934 5678 αἱίᾳιιρηπ
965 5591 1227 5676 decipere,
1261 5591 1446 5678 facere
1475 5591 1608 5670 labi,
1633 5591 1690 5678 in
1715 5591 1988 5678 sphalma'
2013 5611 2103 5662 in-

464 5671 709 5747 ducere;
741 5671 1054 5729 κονδάπτειν
1080 5671 1220 5747 ’ρῐόν
1255 5672 1601 5729 σκανδάπτειν
1646 5671 1817 5732 habet
1863 5678 2104 5734 Malalas

466 5760 520 5812 p.
554 5746 677 5818 4‘10,
712 5761 1004 5818 gemuere,
1037 5746 1134 5802 ubi
1175 5750 1460 5818 interpres
1502 5747 1710 5818 fatetur
1740 5751 1810 5805 de
1838 5751 1990 5805 verbi
2019 5751 2103 5818 _si-

466 5815 836 5885 gniﬁcatione
880 5817 986 5871 sibi
1016 5833 1132 5872 non
1165 5813 1430 5875 constare
1464 5835 1478 5884 ;
1509 5813 1693 5873 τοϐίον
1733 5838 1834 5892 pro
1883 5816 2097 5890 στοίϐη,

659 4629 714 4682 p.
745 4612 851 4685 299
879 4619 968 4666 est
996 4609 1214 4685 κάμνον
1246 4631 1347 4684 pro
1377 4609 1633 4685 σιὶἀμνον.
1671 4609 1834 4684 Apud
1870 4618 2104 4673 Mauric.
2139 4609 2185 4673 D

2227 2708 2552 2767 tomentum,
2565 2697 2823 2772 οιτρέλος
2841 2705 3013 2768 atque
3028 2695 3261 2772 τρέλΛος
3277 2715 3376 2769 pro
3391 2692 3867 2772 ctps6164,m_enle

2228 2777 2423 2837 motus,
2456 2767 2711 2840 insanus,
2739 2789 2895 2827 novae
2923 2767 3241 2828 Graecitatis
3269 2767 3392 2842 est;
3423 2767 3558 2825 item
3591 2767 3864 2842 χαλεύειν,

2227 2860 2331 2914 pro
2371 2842 2692 2916 σκαλεύεινν
2740 2843 3003 2916 fodicare,
3038 2849 3096 2916 et
3137 2840 3393 2916 χαράκειν
3429 2857 3532 2916 pro
3582 2840 3866 2914 σχαρὼιειν

2228 2913 2330 2970 aut
2359 2914 2659 2986 σκαράκειν,
2701 2915 2866 2979 oriri,
2899 2915 2969 2986 de
3008 2913 3437 2986 sole.'_Verbum
3479 2913 3587 2968 hoc
3607 2913 3699 2986 est
3732 2918 3868 2986 Ara-

2228 2986 2420 3040 bieum
2454 2983 2709 3051 Scharac,
2745 2987 2897 3039 unde
2929 2984 3216 3050 Saraceni,
3243 2985 3300 3039 id
3333 2990 3421 3039 est
3450 2983 3645 3054 populi
3675 2985 3867 3039 orien-

2226 3056 2392 3110 tales.
2426 3057 2610 3110 Etiam
2646 3057 2704 3109 in
2728 3057 2926 3126 medio
2959 3071 3112 3126 saepe
3144 3057 3330 3121 sigma
3359 3058 3640 3111 omittunt
3671 3055 3726 3109 bi
3760 3055 3872 3110 ho-

2230 3129 2439 3201 mines,
2487 3133 2552 3181 ut
2602 3125 2880 3201 QDCYESXLQa
2913 3142 3015 3197 pro
3062 3125 3399 3197 φασκώλιον,
3441 3129 3550 3181 nisi
3591 3144 3635 3201 _a
3684 3126 3871 3201 faciali

2232 3197 2492 3268 derivare
2537 3197 2727 3253 malis.
2761 3199 3000 3252 Addunt
3037 3205 3240 3254 contra
3277 3201 3468 3268 sigma
3508 3197 3778 3263 redicule,
3815 3203 3874 3253 ut

2233 3266 2507 3340 pleraque
2546 3285 2744 3340 eorum
2785 3270 3054 3323 instituta
3084 3279 3242 3333 sunt,
3278 3266 3375 3324 ubi
3408 3286 3530 3340 non,
3553 3270 3867 3340 oportebat.

2232 3339 2322 3392 Sic
2371 3337 2628 3416 σκαρφξον
2671 3343 2891 3416 dicunt,
2923 3357 3058 3403 sors,
3101 3341 3330 3416 proprie
3368 3337 3611 3416 xaptpiov,
3643 3343 3868 3416 [θεῖαί-α,

2228 3426 2345 3484 qua
2375 3407 2808 3478 sortiebantur;
2838 3415 2973 3466 item
3007 3407 3268 3478 σκνῐθθές,
3295 3407 3510 3477 unici,
3544 3407 3649 3484 pro
3673 3407 3865 3466 κνίδαι.

2229 3480 2403 3555 Moris
2436 3486 2607 3555 hujus
2630 3504 2661 3536 σ
2684 3484 2906 3537 initiale
2935 3484 3500 3555 omittendivestigia
3522 3480 3690 3537 etiam
3717 3484 3866 3551 apud

2225 3554 2495 3632 antiquos
2510 3553 2761 3632 reperio.
2780 3554 3227 3632 Glossmvpoel‘c,
3241 3553 3300 3613 ὗς
3317 3553 3531 3632 habent
3546 3570 3645 3632 pr_o
3665 3557 3864 3632 scrofa.

2225 3622 2513 3698 Vidiqute
2559 3622 2932 3681 Grammatici
2960 3622 3057 3698 ad
3091 3622 3866 3698 AristOphan._3ctv8azto<'_et

2226 3693 2919 3772 oxivSa'qaocannotarunt.
2957 3693 3583 3772 Ηρεγοὴὶυέφαιρίδὸεν
3619 3693 3865 3752 Laconi-

2226 3764 2568 3845 bustritiuit
2600 3785 2699 3845 pro
2730 3766 3046 3845 σφαιρίζειν.

2302 3841 2415 3910 (53)
2438 3840 2565 3894 Vid.
2592 3839 2725 3893 ﬁnis
2749 3839 3099 3910 praet'ationis
3121 3842 3188 3895 ad
3213 3844 3437 3895 tomum
3464 3839 3743 3909 primum,
3762 3840 3866 3896 ubi

2223 3915 2338 3969 dixi
2381 3915 2614 3966 verbum
2659 3910 2767 3965 hoc
2805 3912 3132 3982 signiﬁcare
3168 3913 3418 3982 ﬁbulam.
3462 3911 3651 3966 Dedici
3694 3912 3806 3982 hoe
3833 3927 3863 3967 e

2222 3983 2474 4052 Polybio,
2521 3985 2618 4052 qui
2667 3982 2703 4036 l.
2754 3999 2828 4047 vr,
2967 3983 3088 4051 469,
3131 3975 3222 4037 ed.
3265 3983 3461 4039 Wech.
3514 3998 3652 4052 voce
3703 3975 3860 4041 λαϐίς

2222 4047 2424 4121 utitur,
2461 4047 2591 4123 quis
2622 4053 2700 4106 ibi
2733 4047 2904 4122 ﬁbula
2935 4047 3198 4109 redditur
3231 4078 3245 4120 ;
3276 4058 3501 4114 πυκναῖς
3534 4047 3720 4106 λαϐίσι
3763 4073 3860 4107 κα-

2217 4128 2544 4199 ταπερονᾷν.
2576 4125 2784 4199 crebris
2830 4126 3020 4199 ﬁbulis
3063 4126 3349 4199 conﬁgere,
3395 4127 3459 4199 id_
3502 4131 3590 4180 est
3635 4127 3862 4199 acubus

2219 4196 2812 4269 apprehendentibus,
2843 4196 3267 4269 arripientibus
3306 4197 3862 4267 continentibusque

2219 4268 2503 4334 immissa,
2536 4268 2916 4322 occurrentia.

2288 4340 2401 4410 (54)
2449 4339 2613 4393 Forte
2664 4337 3273 4414 leg._pszc‘z_owxap_twv
3319 4335 3408 4391 καὶ
3458 4337 3858 4414 φορτωμάτων.

2216 4409 2366 4465 Sunt
2415 4416 2606 4465 autem
2659 4409 2899 4482 σωκάρια
2945 4409 3310 4483 funes,'forte
3343 4427 3374 4464 a
3409 4409 3856 4483 comicongrego,

2215 4483 2409 4548 colligo
2459 4485 2515 4534 in
2571 4497 2746 4554 unam
2797 4481 3067 4547 massam,
3120 4482 3408 4554 contineo,
3450 4482 3605 4554 unde
3659 4481 3856 4554 σωρός,

2212 4569 2456 4615 acervus,
2489 4568 2543 4604 ν.
2580 4551 2660 4605 Du
2693 4551 2883 4621 Gange
2918 4554 3006 4609 GI.
3041 4554 3133 4608 Gr.
3168 4553 3226 4606 h.
3261 4569 3312 4606 v.
3345 4557 3400 4606 et
3431 4569 3481 4607 v.
3516 4551 3750 4619 Xéxxoc,
3778 4555 3859 4608 sic

2215 4627 2367 4696 enim
2403 4623 2672 4696 scribitur
2703 4623 2757 4675 in
2784 4623 3191 4696 Olympiodori
3227 4625 3348 4678 loco
3379 4624 3528 4692 apud
3567 4625 3855 4688 Photium,

2220 4693 2660 4767 ibidemcitaio,
2695 4695 2795 4764 qui
2826 4693 3373 4767 Ctiilr’neadumrnon
3409 4696 3682 4765 praeterit,
3716 4696 3854 4767 quin

2218 4782 2346 4820 eum
2380 4765 2524 4835 scite
2554 4777 2821 4835 recteque
2851 4767 2919 4819 ad
2955 4765 3134 4821 Malal.
3169 4773 3210 4821 t.
3239 4766 3306 4832 Il,
3337 4783 3387 4833 p.
3411 4767 3502 4820 68.
3527 4765 3855 4834 exponeret.

2290 4836 2400 4906 (55)
2422 4834 2565 4908 Asia?
2588 4834 2831 4908 minoris
2857 4836 3145 4891 nonnulla:
3173 4838 3474 4904 provincia:
3495 4838 3857 4908 temporibus

2217 4906 2465 4960 labentis
2497 4907 2721 4977 imperii
2743 4906 2994 4977 Romani
3029 4909 3334 4962 mutabant
3363 4914 3587 4962 vetusta
3617 4906 3860 4964 nomina

2218 4979 2404 5043 novis,
2437 4993 2558 5046 quae
2587 4976 2662 5030 ab
2695 4976 2810 5032 illis
2861 4979 3080 5032 militiai
3129 4979 3437 5048 generibus
3486 4980 3857 5049 petebantur,

2217 5065 2362 5118 quae,
2397 5049 2695 5119 missione
2728 5051 3050 5118 impetrata,
3086 5065 3186 5119 pro
3237 5050 3474 5119 praemio
3523 5057 3856 5106 exactorum

2218 5120 2634 5188 stipendiorum
2684 5118 2741 5173 in
2798 5119 2914 5174 illis
2966 5118 3275 5188 provinciis
3318 5120 3753 5176 collocabantur
3803 5127 3860 5176 et

2219 5189 2415 5244 fundis
2447 5189 2798 5244 militaribus
2839 5191 3221 5246 donabantur.
3255 5190 3427 5246 Tales
3456 5196 3622 5246 erant
3656 5195 3857 5247 thema

2216 5260 2914 5334 bucellarioru‘mLtbema
2952 5263 3294 5334 optimatum
3326 5272 3373 5318 et
3408 5263 3602 5317 thema
3648 5263 3858 5318 obsicii

2215 5332 2301 5406 vel
2351 5331 2632 5406 obsequii.
2671 5331 2762 5386 Est
2791 5330 3006 5406 thema,
3046 5330 3204 5406 θέμα,
3235 5333 3554 5406 districtus,
3592 5336 3645 5388 in
3682 5351 3856 5406 quem

2213 5399 2545 5474 ἀπετίθεντο,
2568 5403 3005 5472 deponebantur
3035 5399 3267 5470 milites,
3292 5405 3391 5474 qui
3414 5405 3472 5460 in
3506 5399 3732 5469 castris,
3757 5411 3860 5461 aut

2215 5473 2270 5544 in
2308 5474 2448 5544 urbe
2481 5474 2638 5544 regia
2670 5474 2754 5528 vel
2781 5475 3133 5544 praetorianis
3159 5491 3272 5529 non
3300 5473 3629 5530 militarent.
3657 5475 3860 5530 Bucel-

2213 5541 2342 5616 larii
2375 5541 2680 5614 eranﬁqui
2706 5541 3019 5600 buccellam
3045 5561 3148 5600 seu
3173 5562 3380 5616 panem
3404 5546 3726 5600 biscoctum
3752 5552 3855 5602 aut

2214 5614 2467 5686 facerent
2491 5627 2583 5668 aut
2610 5617 2953 5686 acciperent.
2981 5614 3303 5683 Optimates
3325 5621 3490 5670 erant
3514 5616 3679 5671 initio
3701 5616 3854 5671 dele-

2212 5683 2373 5757 ctiet
2402 5687 2581 5757 optati
2621 5683 2827 5740 mili—tes
2859 5689 2928 5740 de
2957 5687 3161 5741 Gothis
3195 5687 3456 5756 captivis.
3490 5686 3569 5740 De
3601 5696 3849 5757 utroque

2214 5755 2781 5827 militite'generesuo
2799 5760 2918 5812 loco
2931 5758 3067 5811 dixi.
3085 5755 3302 5812 Thema
3322 5759 3556 5812 tandem
3575 5755 3846 5827 obsequii

2214 5826 2352 5882 mihi
2386 5828 2614 5882 videtur
2642 5826 2737 5882 illa
2769 5829 3063 5899 provincia
3093 5830 3292 5895 fuisse,
3315 5827 3373 5883 in
3397 5842 3568 5899 quam
3592 5826 3845 5898 depone-
