4154 6306
448 379 567 441 863
1529 386 2047 447 CONSTANTINI
2088 384 2559 446 POBPHYROG
2571 383 2781 445 ENlTI
3745 382 3883 443 864

451 514 686 569 tandem
738 515 905 587 equis
933 515 1071 580 illis,
1122 518 1218 588 qui
1265 517 1490 575 muneri
1540 518 1771 572 dantur.
1823 517 2008 573 Etiam
2056 535 2091 573 a

2220 521 2300 585 τῆς
2330 509 2632 583 κακάϐεως,
2665 516 2731 585 ἠν
2772 509 3041 587 λαμϐάνει
3081 514 3188 569 ἀπὸ
3219 517 3314 570 τοῦ
3342 513 3513 569 αὐτοῦ
3567 511 3879 587 βασιλικοῦ

453 602 687 659 cellario
720 606 888 675 regis:
921 606 1213 676 apothecis
1245 606 1455 661 stabuli
1488 607 1669 661 sumit
1717 607 1822 662 150
1854 608 2094 677 tagistra

2220 603 2538 678 Ξεστιαρίου,
2573 602 2783 678 ὀφείλει
2812 608 3006 676 καμεῖν
3040 602 3309 678 σωκάρια.

452 695 573 763 [seu
603 712 801 751 saccos
837 697 1453 768 pabulatorios,quales
1474 714 1759 769 equorum
1782 698 2077 769 capitibus
2110 697 2533 770 alligantur,]et
2553 698 2709 751 coria
2734 714 2837 768 pro
2858 696 3234 752 conficiendis
3259 696 3393 751 inde
3431 694 3713 765 capistris
3736 695 3876 759 180,

451 787 507 837 et
522 783 1059 855 bexacanthela[seu
1077 786 1411 856 repositoria
1425 792 1651 842 scortea
1666 787 1896 858 singula
1916 804 2088 842 senas
2100 804 2189 841 am
2201 789 2412 858 pboras
2427 795 2678 841 scorteas
2697 786 2855 840 intus
2872 784 3295 855 habentia],pro
3308 784 3512 839 cedrea
3533 781 3622 837 vel
3642 784 3757 853 god
3770 800 3864 838 ro-

456 873 553 928 nio
576 874 654 927 ibi
686 875 1012 943 condendo;
1032 881 1086 931 et
1115 885 1271 932 utres
1290 894 1392 948 pro
1409 879 1542 933 vino
1558 883 1616 933 et
1640 882 1800 934 aceto
1831 879 1902 933 ad
1924 879 2283 933 curationem
2298 878 3109 948 aagrotantiumjumentorum
3128 875 3477 930 adhibendo.
3497 874 3869 946 Axinorygia

451 977 681 1032 quoque
710 964 1031 1030 comparari
1065 965 1274 1021 debent
1304 983 1400 1021 seu
1429 982 1661 1022 secures
1693 968 1980 1022 caadendis
2013 967 2229 1037 pariter
2249 966 2421 1036 lignis
2452 971 2509 1022 et
2541 966 2825 1021 fodiendae
2847 971 3011 1021 terra;
3041 972 3188 1036 aptis
3212 982 3225 1032 ;
3250 965 3385 1019 item
3408 962 3739 1035 platyliscia
3760 979 3874 1020 seu

447 1048 595 1122 palm
626 1050 809 1120 planas
842 1050 971 1107 latin
1002 1053 1072 1107 ad
1104 1056 1478 1110 averrendam
1510 1062 1767 1127 egestam
1798 1060 2098 1121 terram,et
2127 1055 2376 1126 scaphas
2405 1055 2492 1109 vel
2528 1054 2714 1110 bottas
2746 1055 3019 1110 robustas
3052 1053 3125 1109 ad
3155 1053 3516 1107 efferendum
3549 1051 3610 1105 in
3642 1050 3719 1106 iis
3741 1068 3877 1107 caa-

450 1155 593 1193 num
626 1156 657 1195 e
687 1140 877 1210 puteis
900 1143 1373 1213 egestum.Debet
1403 1160 1636 1215 quoque
1663 1161 1694 1200 e
1727 1144 1881 1216 regio
1914 1144 2161 1200 vestiaro
2190 1144 2621 1216 quinquaginta
2649 1143 2825 1199 libras
2857 1143 2991 1198 ferri
3017 1158 3251 1197 sumere
3281 1157 3384 1213 pro
3409 1140 3692 1212 parandis
3716 1140 3868 1196 inde

446 1230 621 1286 soleis
651 1232 897 1302 equinis,
930 1234 1067 1290 item
1101 1234 1319 1306 lupatis
1351 1236 1664 1292 levioribus
1694 1242 1925 1291 centum
1954 1234 2406 1307 quinquaginta.
2443 1233 2622 1289 Debet
2651 1250 2883 1305 quoque
2912 1234 3056 1301 lora,
3088 1248 3215 1303 quas
3254 1230 3521 1286 maxillas
3567 1245 3867 1301 equorum

450 1318 878 1391 substringant,
911 1333 964 1377 et
996 1323 1297 1393 capitzalia
1326 1326 1452 1397 [seu
1482 1325 1604 1380 lora
1654 1327 1869 1381 frontes
1899 1339 2094 1380 eorum
2146 1323 2499 1394 ambientis]
2529 1324 2821 1394 simplicia
2848 1323 2925 1394 [id
2967 1327 3075 1387 est,
3112 1321 3169 1376 in
3201 1320 3419 1392 quibus
3463 1319 3685 1374 ferrum
3738 1333 3867 1373 non

450 1409 546 1482 sit]
579 1426 609 1465 e
639 1411 813 1467 coriis
838 1413 1071 1495 confieri
1104 1429 1326 1471 curare.
1362 1417 1403 1471 E
1452 1416 1697 1472 cannabi
1736 1419 1953 1481 autem,
1987 1428 2165 1485 quam
2199 1412 2410 1484 accipit
2440 1429 2471 1468 e
2513 1414 2784 1468 vestiario
2834 1412 3013 1484 regio,
3060 1412 3230 1467 debet
3283 1426 3508 1478 curare,
3560 1413 3625 1464 ut
3670 1412 3868 1464 restes

452 1499 611 1555 ﬂant.

596 1592 776 1661 Regina
805 1590 1111 1662 hypurgiaz,
1148 1593 1207 1648 id
1234 1600 1317 1649 est
1344 1595 1673 1661 ministerio,
1706 1594 1850 1664 quod
1881 1595 1954 1649 ad

710 1678 956 1717 mensam
984 1667 1285 1732 ministrat,
1320 1669 1667 1736 imputantur
1696 1666 1833 1723 haec.

530 1748 836 1804 Praefectus
886 1766 1123 1817 mense,
1182 1757 1239 1807 et
1267 1754 1612 1810 domesticus
1661 1753 1988 1818 ministerii,
2042 1760 2095 1808 et

2565 1589 2661 1644 Διὰ
2701 1594 2801 1658 τῆς
2843 1586 3132 1664 βασιλικῆς
3166 1583 3494 1660 ὐπουμγίας.

2277 1749 2339 1805 Ὀ
2384 1747 2472 1802 ἐπὶ
2519 1755 2619 1817 τῆς
2670 1749 2944 1822 τραπέζης
2974 1748 3065 1802 καὶ
3098 1747 3125 1801 6
3157 1743 3481 1818 δομέστικος
3519 1750 3622 1813 τῆς
3654 1744 3872 1817 ὑπουρ-

458 1835 773 1908 peculiaris
806 1838 1000 1909 regius
1040 1840 1331 1909 cellarius,
1366 1848 1639 1912 praestant
1669 1842 1954 1914 sagmaria
2002 1842 2094 1910 ju-

2220 1834 2466 1910 γίαςξκαὶ
2520 1837 2552 1890 ὁ
2612 1811 2883 1897 οἰκειακὸς
2918 1833 3203 1910 βασιλικὸς
3255 1830 3548 1907 κελλάριος
3581 1832 3874 1908 σαγμάρια

457 1934 650 1981 menta
689 1926 813 1996 [seu
849 1928 1058 2001 mulos]
1106 1931 1420 2002 octoginta,
1457 1937 1785 2003 portaturas
1835 1931 2099 1986 ministe-

456 2014 606 2070 rium
660 2015 920 2072 culinare
966 2021 1191 2089 regium
1225 2029 1277 2076 et
1310 2028 1643 2093 argenteam
1677 2022 1845 2093 regiis
1888 2036 2098 2075 mensa:

455 2102 1218 2179 supellectilem.Accipiunt
1240 2115 1433 2165 autem
1467 2111 1767 2180 praefectus
1800 2126 2010 2165 mensa:
2041 2112 2100 2164 et

456 2193 814 2249 domesticus
865 2195 1173 2251 ministerii
1214 2206 1425 2253 certam
1476 2202 1790 2269 quamdam
1844 2198 2097 2269 pecunias

459 2297 753 2338 summam
786 2285 855 2339 ab
886 2284 1034 2341 idico
1059 2287 1128 2341 ad
1157 2304 1435 2358 expensas
1468 2288 1844 2355 faciendas,et
1866 2288 2098 2359 quidem

462 2372 695 2426 nomine
732 2388 1115 2444 expensarum
1162 2375 1221 2430 in
1264 2377 1628 2433 condituram
1669 2379 1951 2433 ciborum.
2004 2375 2101 2430 Vi—

462 2476 602 2515 num
634 2461 1427 2533 dominicum,magistrorum
1461 2471 1518 2520 et
1557 2467 1919 2533 patriciorum
1953 2483 2097 2537 prae-

460 2554 575 2603 stat
608 2550 1098 2618 apothecarius,et
1121 2553 1432 2608 dominicis
1460 2554 1691 2624 quidem
1716 2558 1949 2625 praestat
1966 2570 2102 2625 qua-

463 2636 729 2707 draginta
759 2644 885 2693 octo
919 2656 1237 2708 mensuras,
1258 2643 1479 2697 scilicet
1516 2650 1645 2698 octo
1677 2644 1835 2713 paria
1864 2643 2103 2715 lagena-

456 2740 610 2788 rum,
645 2742 890 2797 quarum
931 2728 1171 2800 singulis
1201 2735 1395 2785 ternas
1429 2748 1733 2787 mensuras
1782 2732 2096 2787 continent.

460 2814 613 2870 268
646 2815 935 2886 Magistris
961 2825 1154 2873 autem
1186 2824 1242 2874 et
1266 2820 1524 2891 patriciis
1548 2826 1784 2892 praestat
1814 2822 1973 2892 paria
2003 2822 2100 2877 de-

459 2919 585 2959 cem
622 2906 1116 2977 utrium,quorum
1152 2909 1365 2981 singuli
1399 2910 1613 2981 quinas
1645 2927 1947 2966 mensuras
1969 2927 2103 2966 con-

458 2993 668 3049 tinent.
705 2995 1020 3051 Scortzidia
1069 3003 1168 3052 aut
1212 3004 1463 3055 scorteos
1514 3000 1791 3054 utriculos
1831 3017 1931 3070 pro
1976 3000 2100 3054 oleo

458 3083 753 3137 dominico
802 3086 1102 3139 condendo
1154 3088 1467 3157 ipsumque
1500 3089 1691 3143 oleum
1731 3095 1787 3143 et
1835 3088 2101 3159 phaselos

2205 1926 2257 1979 π’
2288 1927 2356 1979 τὰ
2415 1923 2691 1998 μέλλοντα
2750 1926 3030 1999 βαστάζειν
3087 1925 3185 1992 τήν
3232 1920 3527 1998 βασιλικήν
3559 1920 3867 1996 ὑπουργίαν

2204 2014 2292 2069 καὶ
2330 2015 2393 2069 τὸ
2445 2014 2681 2087 ἀσήμιον
2713 2017 2969 2087 (74),τῆς
3032 2011 3322 2089 βασιλιγῆς
3374 2016 3671 2086 τραπέζης.
3707 2017 3873 2082 Λαμ-

2208 2099 2434 2158 6άνουσι
2484 2101 2600 2158 δὲὸ
2656 2110 2755 2173 τῆς
2814 2102 3086 2177 τραπέζης
3146 2103 3237 2156 καὶ
3299 2102 3327 2156 6
3387 2098 3715 2173 δομέστικος
3760 2106 3867 2169 τῆς

2210 2192 2507 2269 ὑπουργίας
2541 2191 2803 2271 λογάριον
2838 2193 2944 2247 ἀπὸ
2980 2196 3077 2246 τοῦ
3118 2188 3324 2247 είδικοῦ
3355 2191 3432 2252 εἰς
3462 2186 3644 2259 ἔξοδον
3710 2187 3869 2263 λόγῳ

2205 2282 2480 2358 ἀρτυσίας.
2538 2282 2759 2357 Οἰνάριν
2821 2280 3167 2350 δεσποτικὸν,
3229 2278 3542 2354 μαγίστρων
3603 2276 3696 2333 καὶ
3755 2298 3864 2333 πα-

2206 2368 2429 2441 τρικίων
2487 2373 2725 2444 χορηγεῖ
2790 2369 2818 2422 6
2877 2367 3273 2439 ἀποθηκάριος’
3305 2366 3367 2419 τὸ
3427 2366 3522 2437 μὶν
3572 2362 3868 2439 βασιλικὸν

2210 2459 2303 2529 μη’
2347 2456 2535 2532 μέτρα,
2596 2454 2969 2534 ζυγοφλάσκια
3019 2459 3137 2527 (75)
3192 2459 3516 2529 τριμετραῖα
3566 2454 3727 2527 ζυγεὶς
3788 2454 3867 2522 η’·

2206 2545 2297 2598 καὶ
2331 2545 2461 2620 ὑπὲρ
2490 2549 2599 2600 τῶν
2651 2546 2982 2621 μαγίστριων
3040 2545 3128 2599 καὶ
3187 2543 3487 2618 πατρικίων
3540 2541 3699 2595 ἁσκία
3730 2562 3862 2595 πεν-

2206 2642 2510 2712 ταμετραῖα
2539 2636 2699 2712 ζυγᾶς
2733 2637 2786 2694 ι’.
2817 2633 3142 2711 Σκορτζίδια
3204 2634 3357 2711 λόγῳ
3394 2637 3491 2689 τοῦ
3532 2630 3860 2688 δεσποτικοῦ

2208 2724 2417 2795 ἒλαίου,
2461 2726 2751 2800 φασούλιν,
2809 2726 3000 2800 ὀμύζιν
3042 2725 3313 2793 πιστάκιν,
3356 2721 3695 2799 ἀμύγδαλον,
3757 2743 3860 2801 φα-

2206 2816 2307 2883 κῆν
2338 2821 2606 2891 παρεῖχον
2660 2815 2833 2870 πάλαι
2886 2816 2953 2871 τὰ
3009 2814 3103 2871 δύο
3162 2814 3584 2888 κουρατωρίκια,
3647 2814 3862 2885 ὁμοίως

2207 2905 2298 2959 καὶ
2328 2905 2390 2958 τὸ
2434 2900 2642 2960 ἔλαιον
2675 2906 2739 2959 τὰ
2798 2903 2853 2960 δὲ
2885 2906 3057 2961 λοιπὰ
3110 2906 3384 2979 βρώσιμα,
3417 2900 3584 2978 ἤγουν
3619 2899 3856 2976 λαρδὴν,

2207 2993 2458 3064 ἀπόκτιν,
2534 2994 2707 3067 τυρὶν,
2771 2994 2970 3067 ὀψαρια
3035 2994 3232 3064 παστᾶ,
3290 2992 3518 3059 σοακτὰ,
3602 2985 3858 3065 πρόϐατα

2211 3079 2317 3135 ὅπα
2332 3101 2429 3155 ρνα
2460 3084 2593 3155 (76),
2634 3079 2899 3159 ἀγελάδια
2945 3078 3241 3158 ὑπὸμοσχα
3270 3082 3358 3136 καὶ
3406 3082 3545 3135 οἶνον
3579 3078 3859 3156 ἐγχώριον

461 3180 560 3224 aut
588 3171 770 3234 fabas,
803 3178 858 3225 et
900 3190 1126 3239 oryzam
1160 3181 1216 3228 et
1256 3177 1545 3246 pistachia
1595 3182 1649 3231 et
1693 3177 2002 3248 amygdala
2048 3182 2104 3231 et

2220 3175 2549 3247 χορηγοῦσιν
2605 3172 2658 3225 οἱ
2714 3173 3170 3246 πρωτονοτάριοι.
3231 3170 3572 3245 Βερτζίτικον
3634 3172 3745 3242 (77)
3796 3165 3853 3223 δὶ

456 3256 641 3312 lentes
676 3260 1027 3328 praestabant
1070 3262 1205 3317 olim
1254 3264 1439 3319 ambae
1481 3266 1805 3321 curatoriae.
1858 3265 2101 3336 Reliqua

458 3362 591 3401 vero
622 3348 910 3416 edulia,ut
940 3349 1450 3425 lardum,adipem,
1476 3370 1709 3410 caseum
1726 3354 2102 3422 ,salsamenla

463 3452 566 3492 seu
625 3438 811 3506 pisces
866 3439 1052 3494 muria
1109 3442 1393 3512 conditos,
1459 3444 1731 3514 capellas,
1783 3460 1916 3499 oves
1974 3460 2101 3514 quea

465 3540 669 3596 agnos,
702 3532 760 3581 et
798 3543 1004 3585 vaccas
1035 3545 1161 3601 quis
1188 3532 1399 3589 vitulos
1434 3534 1661 3601 lactant,
1695 3540 1752 3589 et
1782 3534 1981 3589 vinum
2013 3534 2105 3587 in-

462 3616 736 3684 digenum
772 3624 1048 3688 praestant
1079 3623 1475 3692 protonotarii.
1511 3624 1881 3679 Bertziticum
1914 3629 2104 3678 autem

462 3703 578 3759 sive
610 3706 1034 3763 salsamentum
1070 3710 1246 3781 piscis
1297 3711 1497 3767 Oxiani
1531 3717 1587 3768 et
1627 3730 1873 3769 neurum
1928 3712 2105 3785 [quod

461 3794 636 3849 etiam
670 3795 1086 3853 salsamentum
1112 3799 1427 3868 piscarium
1460 3801 1689 3857 videtur
1718 3802 2110 3875 esse],debent

462 3884 770 3954 praefectus
803 3903 1017 3942 mensas
1048 3894 1105 3942 et
1133 3889 1489 3945 domesticus
1541 3892 1832 3962 hypurgias
1863 3908 1963 3946 seu
1998 3891 2112 3945 mi-

465 3973 691 4028 nisterii
723 3976 1228 4033 emere.Arithmia
1248 3982 1481 4035 tandem
1516 3979 1683 4050 [forte
1708 3981 1878 4052 piscis
1900 3979 2107 4051 genus]

465 4067 520 4117 et
554 4064 739 4132 pisces
770 4064 1054 4136 Cyprinos
1087 4067 1257 4121 debet
1290 4084 1502 4123 mensae
1537 4070 1835 4137 prafectus
1868 4085 1901 4122 a
1936 4068 2112 4139 regiis

464 4151 772 4206 curatoriis
823 4158 1034 4219 petere.
1083 4153 1304 4209 Interea
1343 4157 1485 4209 dum
1538 4156 1761 4225 regium
1812 4157 2113 4211 servitium

464 4253 566 4293 seu
601 4244 914 4308 apparatus
944 4240 1223 4296 culinaria
1253 4244 1847 4315 consumitur,debet,
1868 4245 2112 4302 ubicun-

2210 3261 2297 3314 καὶ
2356 3264 2541 3335 νεῦρον
2600 3259 2807 3337 ὀφείλει
2867 3260 3153 3335 ἀγοράζειν
3204 3261 3231 3315 6
3292 3258 3379 3314 ἐπὶ
3429 3266 3530 3328 τῆς
3580 3255 3852 3332 τραπέζης

2210 3350 2300 3404 καὶ
2349 3349 2376 3403 6
2436 3346 2757 3422 δτμέστικος
2801 3351 2900 3414 τῆς
2955 3348 3273 3426 ὑπουργίας·
3334 3347 3595 3421 Ἀρίθμια
3649 3344 3707 3401 δὲ
3764 3347 3855 3401 καὶ

2211 3437 2509 3512 κμπρίνους
2544 3438 2751 3515 ὀφείλει
2784 3437 2931 3518 ἔχειν
2984 3439 3089 3494 ἀπὸ
3145 3442 3253 3494 τῶν
3303 3437 3605 3513 βασιλικῶν
3657 3456 3855 3509 κουρα-

2209 3533 2475 3602 τωρειῶν.
2510 3530 2608 3583 Καὶ
2639 3527 2691 3584 ἐν
2726 3531 2770 3602 ᾦ
2827 3529 3124 3584 δαπανὰται
3164 3531 3197 3598 ἡ
3260 3527 3518 3603 βασιλικὴ
3564 3525 3852 3602 ὑπουργία,

2214 3616 2353 3672 ὅπου
2384 3618 2513 3693 εὕρῃ
2562 3618 2731 3674 καλόν
2792 3619 2933 3674 οἶνον
2992 3620 3080 3674 καὶ
3134 3616 3317 3673 ἔλαιον
3348 3617 3437 3672 καὶ
3497 3611 3714 3690 ὄσπρια,
3768 3613 3857 3670 ’ἱνα

2214 3701 2504 3763 ἐπιϐάλλει
2558 3708 2609 3762 ἐν
2661 3714 2777 3771 τοῖς
2826 3708 3071 3784 ἀγγείοις
3137 3707 3323 3775 αὐτοῦ,
3356 3710 3447 3762 καὶ
3506 3708 3605 3761 ὅσα
3644 3703 3854 3776 ξενάλια

2215 3797 2437 3873 φέρουσί
2487 3819 2628 3861 τινες
2687 3803 2765 3871 τῷ
2799 3799 3015 3874 βασιλεῖ
3042 3799 3110 3853 τὰ
3165 3800 3260 3871 μὲν
3305 3798 3563 3872 βρώσιμα
3592 3791 3853 3869 λαμϐάνει

2218 3886 2246 3940 6
2268 3884 2356 3941 ἐπὶ
2386 3894 2485 3955 τῆς
2541 3891 2813 3961 τραπέζης
2845 3888 2934 3942 καὶ
2966 3888 2994 3942 6
3050 3885 3371 3960 δομέστικος
3408 3893 3510 3955 τῆς
3561 3886 3854 3961 ὑπουργίας

2216 3976 2366 4031 καὶὸ
2407 3977 2676 4033 οἱκειακὸς
2705 3980 2795 4033 καὶ
2866 3976 3150 4053 βασιλικὸς
3209 3975 3522 4050 κελλάριος,
3573 3975 3663 4029 καὶ
3720 3973 3851 4029 ὅπου

2216 4065 2508 4139 προστάξει
2538 4067 2566 4121 6
2627 4066 2909 4143 βασιλεὺς,
2960 4063 3306 4140 διανέμουσιν
3360 4064 3515 4122 αὐτά.
3547 4065 3665 4138 Χρή
3701 4061 3758 4118 δὲ
3781 4084 3855 4137 γι-

2217 4155 2441 4211 νώσκειν
2474 4159 2566 4212 τὸν
2620 4156 2708 4211 ἐπὶ
2755 4164 2855 4227 τῆς
2904 4155 3178 4230 τραπέζης
3219 4159 3316 4210 τοῦ
3362 4149 3510 4228 ἔχειν
3543 4148 3846 4225 σοόρνοκςδ

2219 4246 2357 4318 πρὸς
2412 4247 2513 4315 τήν
2573 4242 2858 4317 ἀποϐολὴν
2917 4253 3018 4316 τῆς
3078 4244 3302 4322 Συρίας,
3361 4243 3449 4298 καὶ
3509 4240 3697 4298 δίκτυα
3747 4244 3854 4315 (78)

1502 4418 1705 4477 JOAN.
1744 4420 1886 4480 JAC.
1929 4421 2191 4480 REISKII
2229 4422 2823 4482 COMMENTARIUS.

553 4580 666 4651 (74)
695 4578 866 4634 Novae
897 4574 1124 4632 Graeciaa
1171 4577 1537 4654 vocabulum_
1566 4580 1675 4636 hoc
1704 4585 1870 4636 notat
1908 4597 2115 4654 argen-
2147 4587 2194 4652 D
2227 4587 2482 4637 meretur
2508 4581 2790 4652 Isidorus,
2823 4600 2936 4639 non
2968 4583 3196 4654 video,a
3224 4598 3341 4652 qua
3368 4580 3649 4654 vocegalia
3678 4581 3853 4650 repeti

468 4655 588 4705 tum
622 4665 815 4715 omne,
851 4663 1080 4720 cusum,
1115 4666 1227 4703 non
1264 4666 1492 4719 cusum,
1524 4652 1581 4706 in
1619 4656 1892 4720 nummis,
1920 4652 2112 4708 in'su-

468 4719 1013 4795 pellectile.Pr0prie
1042 4730 1096 4774 et
1128 4720 1185 4774 in
1217 4720 1440 4795 origine
1471 4728 1662 4778 tamen
1693 4730 1781 4779 est
1805 4729 2110 4795 argentum

466 4808 672 4868 ausum
708 4793 1162 4868 in_nummorum
1197 4793 1642 4868 usumI’utatur
1670 4793 1906 4867 quidem
1938 4796 2112 4868 vulgo

466 4864 674 4920 Grecae
707 4862 949 4936 originis
980 4878 1130 4929 esse,
1163 4869 1218 4936 et
1251 4880 1364 4936 pro
1394 4864 1632 4935 ἄσημον,
1663 4862 1773 4923 non
1803 4884 1951 4936 cuso,
2001 4862 2109 4923 n51:

463 4938 708 5005 signato,
742 4933 998 5006 positum
1026 4951 1039 4999 ;
1092 4933 1316 5011 deinde
1348 4933 1626 5011 ampliato
1658 4933 2006 5011 signiﬁcatu
2037 4938 2113 4994 ad

465 5024 659 5062 cusam
696 5005 927 5077 quoque
954 5005 1271 5077 pecuniam
1305 5010 1552 5062 tractum
1588 5005 1787 5066 fuisse.

537 5080 647 5148 (75)
707 5076 878 5152 Paria
931 5076 1247 5152 ﬂascorum.
1315 5077 1685 5152 Nostratibus
1746 5083 1947 5152 ﬂascav,
2005 5083 2111 5151 ﬂa-

463 5147 650 5217 schen,
699 5147 960 5221 ﬂascones
1009 5158 1163 5221 sunt
1192 5147 1335 5221 ipsis
1382 5149 1637 5221 legente;
1671 5147 1771 5207 sed
1816 5147 2111 5210 veteribus

463 5226 628 5275 erant
662 5226 885 5294 tantum
915 5218 1119 5294 thecae,
1154 5220 1209 5275 in
1242 5218 1465 5294 quibus
1500 5221 1716 5294 legente
1748 5226 2108 5294 reponeban-

462 5296 580 5359 tur,
611 5294 728 5348 sive
757 5291 868 5349 illa:
902 5291 1119 5346 vimine
1147 5297 1336 5359 textis,
1369 5292 1488 5347 sive
1519 5291 1736 5363 ligneas,
1772 5291 1892 5350 sive
1922 5296 2105 5351 coria-

462 5378 574 5417 ceas
609 5370 821 5419 essent.
858 5364 1017 5419 Patet
1067 5380 1135 5418 ex
1168 5364 1389 5421 Isidoro
1422 5381 1436 5419 :
1468 5364 1653 5420 Ftasca
1701 5382 1735 5420 a
1788 5365 1968 5422 Graeco
2017 5382 2103 5423 vo-

467 5436 661 5506 cabulo
688 5434 855 5491 dicta.
889 5436 992 5491 Hae
1025 5451 1120 5501 pro
1152 5436 1402 5491 vehendis
1425 5453 1494 5492 ac
1540 5437 1897 5492 recondenda
1943 5438 2109 5506 phia-

470 5504 535 5578 tis
565 5505 871 5578 plurimum
898 5509 1210 5578 factaswnt
1234 5524 1247 5573 ;
1274 5507 1504 5578 indeque
1524 5515 1853 5576 nuncupata:
1873 5525 1894 5570 ,ο
1923 5504 2109 5577 postea

467 5574 527 5626 in
559 5590 712 5649 usum
742 5575 859 5629 vini
900 5574 1254 5649 transierunt
1297 5574 1549 5633 manente
1592 5574 1769 5634 Gnaeo
1818 5574 2104 5649 uocabulo,

467 5643 611 5718 unde
643 5653 692 5695 et
724 5655 1071 5718 sumpserunt
1105 5648 1351 5703 initium.
1386 5649 1707 5718 Expediant
1727 5651 1824 5705 alii
1859 5643 2108 5707 obscura

471 5712 593 5764 hac
626 5712 818 5767 verba.
846 5712 929 5768 'De
961 5718 1183 5785 origine
1233 5720 1431 5775 Graeca
1475 5712 1797 5779 Videamus.
1845 5722 1902 5778 Si
1933 5722 2105 5779 fidem

2223 4654 2386 4730 ﬂafco
2417 4659 2627 4730 queat1
2668 4670 2844 4730 quam
2892 4672 2928 4730 a
2983 4652 3183 4730 φόλλις
3239 4654 3417 4730 (quod
3477 4652 3632 4709 idem
3664 4658 3853 4730 _atque

2222 4721 2741 4806 policftpoli'o‘om
2790 4728 2940 4806 unde
2991 4721 3299 4806 ὶρολίσκοςί
3334 4725 3599 4806 [clatet-us,
3647 4721 3854 4806 ﬂuctu.

2220 4784 2407 4867 flauo,
2438 4784 2547 4853 etc.
2580 4784 2776 4867 Ipsum
2824 4784 3021 4854 tamen
3054 4817 3083 4852 ιι
3125 4784 3679 4869 ρήιειῖαίιερεῐίἱέεό,
3720 4794 3852 4851 satis

2220 4872 2396 4941 patet-

2292 4940 2404 5010 (76)
2436 4940 2568 5011 Hac
2598 4946 2682 4995 est
2716 4939 2886 5010 plena
2916 4940 3116 5005 dictio,
3155 4955 3257 5011 pro
3288 4954 3406 5011 qua
3439 4936 3740 5011 Euripides
3769 4953 3853 4993 so-

2220 5010 2520 5083 lummodo
2534 5009 2772 5083 ὕπαρνος
2786 5009 3513 5083 dixit,subintelligendum
3530 5009 3856 5079 relinquens

2220 5077 2303 5141 ὅϊς
2336 5100 2350 5149 ;
2383 5083 2494 5140 vid.
2529 5077 2923 5139 Andromach.
2955 5084 3081 5139 557.
3115 5083 3218 5139 Est
3246 5077 3444 5139 a'utem
3475 5077 3713 5154 ὕπαρνοὲ
3745 5093 3858 5151 qua?

2220 5170 2344 5210 cum
2370 5170 2509 5226 agna
2538 5161 2641 5210 est.

2289 5221 2497 5297 (77)'V.
2543 5226 2796 5282 Bandur.
2850 5226 2921 5297 ad
2952 5226 3252 5282 Constant.
3306 5222 3583 5295 Porphyr.
3636 5240 3696 5278 n.
3739 5221 3851 5277 365.

2222 5296 2400 5376 et
2431 5300 2623 5376 Qange
2656 5296 2979 5376 Gl,_Gr._b._
3005 5314 3074 5376 v._
3119 5368 3131 5376 _
3204 5368 3214 5376 _
3530 5369 3541 5376 ι
3728 5368 3762 5376 η

2294 5369 2406 5440 (78)
2456 5364 2616 5426 Verti
2664 5371 2821 5425 retia.
2877 5370 2983 5424 Sed
3043 5368 3379 5425 debuissem
3427 5369 3602 5440 certe:
3658 5364 3853 5421 retibus

2220 5436 2463 5495 clausas.
2496 5441 2583 5496 Ita
2612 5457 2817 5495 caveas
2848 5441 3069 5496 retibus
3099 5440 3341 5507 cinctae,
3357 5436 3574 5509 quibus
3604 5453 3741 5509 aves
3768 5451 3851 5491 as-

2219 5517 2549 5578 servantur,
2591 5513 2950 5580 Vogetbauer,
2991 5504 3412 5581 Aristophanes
3438 5508 3603 5581 ‘digit
3653 5504 3851 5581 δίκτυα,

2216 5582 2434 5637 Avibus
2482 5572 2542 5636 ν.’
2588 5572 2725 5636 1Οέ3
2760 5600 2772 5635 :
2806 5572 2947 5641 Τιὲις⁷
2976 5572 3294 5653 περιστερὰς
3336 5572 3624 5664 ξυλλαϐὼν
3685 5572 3848 5701 εἴρεδας

2217 5648 2333 5701 Eva:
2384 5651 2475 5701 καὶ
2550 5650 2905 5701 ὶπανανκάῖιι
2967 5651 3222 5701 παλεύειν
3301 5646 3582 5701 δεδεμένας
3660 5646 3713 5701 ἐν
3813 5669 3848 5700 ι-

2217 5648 2333 5741 ἔχει
2384 5651 2475 5706 καὶ
2550 5650 2905 5727 ἑπαναγκάζιι
2967 5646 3222 5709 παλεύειν
3301 5646 3582 5720 δεδεμένας
3660 5646 3746 5702 ἐν
3780 5646 3848 5701 δι-

2214 5742 2381 5780 κτυω.
