4154 6306
540 344 658 407 903

1577 333 2112 398 CONSTANTINI
2148 329 2851 395 PORPHYBOGENITI

3844 332 3990 392 904

541 477 760 550 politis.
819 477 992 533 Porro
1041 473 1355 540 strictoria,
1414 468 1692 526 thalassas
1747 471 1804 524 et
1839 466 2013 522 abdis
2043 481 2176 522 cum

2293 462 2403 520 εἴτε
2430 465 2567 520 κατᾶ
2595 462 2712 535 δύο,
2752 465 2839 519 καὶ
2875 463 2952 525 εἴς
2988 460 3187 526 λοιπὰς
3233 460 3471 534 ἐξόδους.
3527 459 3983 537 Παραλαμϐάνει

543 565 680 623 latis
711 565 874 635 loris,
907 571 965 622 et
1004 566 1326 624 masurota,
1366 561 1630 631 quasdam
1689 555 1989 612 diblatteis
2036 572 2180 626 pris-

539 659 710 723 texta,
745 655 1010 728 quaedam
1043 670 1207 725 pura.
1240 646 1663 720 Epirrhiptaria
1708 645 1801 700 vel
1850 643 2181 718 scapularia

541 745 724 812 varia;
758 745 994 799 braccas
1021 741 1377 796 diversorum
1409 752 1710 808 generum.
1735 734 1867 790 Haec
1890 734 2097 791 debent
2118 733 2178 790 in

543 833 734 905 bulgis
763 843 855 888 aut
878 835 935 886 et
964 831 1020 886 in
1056 828 1320 886 bisacciis
1343 826 1578 882 deferri.
1611 828 1922 895 Fertporro
1953 839 2180 894 quoque

534 920 876 978 vestiarium
936 918 1239 990 imperiale
1287 931 1488 972 secum
1544 915 1617 970 ad
1661 930 1948 984 expensas
1979 911 2175 968 fossati

535 1007 1134 1081 faciendaslogarium
1157 1023 1257 1064 seu
1277 1011 1496 1061 certam
1521 1003 1838 1074 quamdam
1866 1005 2180 1058 numeratae

536 1097 796 1171 pecunim
826 1097 1050 1168 copiam
1075 1105 1190 1150 tam
1214 1095 1272 1150 in
1307 1093 1707 1159 centenartiis,
1731 1107 1909 1162 quam
1950 1090 2010 1146 in
2042 1089 2177 1146 mil-

534 1186 803 1253 liaresiis,
827 1185 1018 1256 iisque
1047 1184 1107 1239 in
1141 1182 1404 1240 sacculos
1426 1180 1644 1251 inditis,
1670 1185 1734 1235 ut
1757 1180 1967 1236 habeat
1987 1180 2180 1250 impe—

535 1281 710 1346 rator,
737 1275 892 1331 unde
922 1273 1330 1345 largitionibus
1361 1288 1478 1336 eos,
1513 1269 1610 1340 qui
1641 1286 1769 1326 sese
1799 1273 2069 1325 strenuos
2117 1268 2176 1324 in

533 1365 760 1421 bellicis
796 1362 1069 1431 periculis
1102 1367 1443 1428 monstrant,
1478 1363 1535 1414 et
1578 1359 1847 1414 tribunos
1895 1358 2180 1416 honorare

535 1453 871 1523 ceterisque
901 1449 1243 1508 necessariis
1277 1448 1548 1520 expensis
1579 1447 1910 1504 satisfacere
1951 1447 2176 1519 possit;

536 1547 603 1598 ut
631 1548 688 1598 et
717 1541 1044 1608 scholariis,
1070 1539 1167 1612 qui
1188 1541 1406 1611 regiam
1433 1538 1610 1592 tinam
1632 1538 1718 1592 vel
1740 1537 2068 1592 custodiam
2093 1553 2178 1592 ca-

538 1631 1075 1697 strensemobeunt,
1091 1634 1147 1684 et
1167 1629 1317 1700 regis
1341 1628 1538 1699 aguris
1556 1642 1658 1681 seu
1682 1624 1945 1695 ephebis,
1965 1629 2020 1680 et
2037 1624 2176 1694 illis,

538 1720 640 1792 qui
665 1721 738 1776 ad
771 1719 987 1791 regiam
1014 1716 1309 1774 hetaeriam
1333 1715 1650 1788 pertinent,
1673 1713 1940 1787 aliisque,
1965 1714 2178 1786 quibus

2289 550 2345 608 δὲ
2379 557 2546 609 ταῦτα
2585 553 2615 609 6'
2643 573 2701 609 τε
2739 550 3104 620 σακελλάριος
3133 552 3225 608 καὶ
3277 553 3306 607 ὁ
3355 549 3580 620 εἰδικὸς,
3622 551 3718 608 καὶ
3747 553 3985 626 βαστά-

2291 647 2472 712 ζουσιν
2530 644 2608 707 εἰς
2660 644 2758 708 τὰς
2817 641 3115 720 φορτώσεις
3169 642 3347 698 αὐτῶν
3407 635 3756 718 πυρὲκϐολον
3827 646 3983 714 μετά

2285 729 2448 796 ῗσκας
2497 735 2612 806 (50)
2657 733 2747 788 καὶ
2795 730 3075 803 κανδήλας
3119 731 3357 807 ἀργυρᾶς
3399 732 3469 808 γ’,
3509 731 3602 786 καὶ
3633 735 3864 806 χαλκᾶς
3897 735 3974 808 γ“,

2291 820 2388 895 μία
2424 822 2516 894 μὲν
2551 820 2628 884 εἰς
2658 823 2751 876 τὸν
2780 826 3043 890 κοιαῶνα,
3097 821 3192 893 μία
3240 817 3298 874 δὲ
3351 820 3426 882 εἰς
3466 820 3528 874 τὸ
3559 818 3971 894 κουκουμῖλιν,

2287 913 2440 986 ὲτὲρα
2470 911 2527 967 δὲ
2557 912 2636 976 εἷς
2663 914 2726 968 τὸ
2772 912 3296 987 παρακοιτωνάριον.
3330 908 3569 988 Ὀφεὶλει
3615 907 3671 965 δὲ
3704 909 3973 984 γίνεσθαι

2288 997 2489 1063 λάκκος
2539 1004 2646 1075 (51)
2691 997 2833 1077 ἔχων
2889 1002 3053 1065 Βάθος
3104 1001 3375 1072 σπιθαμὰς
3416 997 3535 1068 δύο,
3579 999 3670 1055 καὶ
3697 996 3799 1054 ἵνα
3835 1021 3968 1056 σκε-

2287 1093 2546 1160 πάζονται
2605 1091 2788 1145 ἐπάνω
2837 1097 2940 1160 τῆς
2979 1097 3083 1165 γῆς
3133 1090 3236 1144 ὑπὸ
3285 1088 3539 1144 πετάλων
3587 1089 3830 1164 χαλκῶν
3875 1111 3973 1146 κου

2288 1179 2586 1247 σκινωτών,
2625 1179 2714 1232 καὶ
2768 1177 3231 1252 συμπαράκεινται
3289 1178 3480 1239 αὐταῖς
3529 1178 3667 1252 πρὸς
3727 1174 3788 1231 ’ἐν
3851 1181 3967 1251 (52)

2285 1269 2411 1343 τρία
2439 1265 2715 1341 κηρούλια
2752 1271 2885 1342 (53),
2941 1267 3174 1342 φανάρια
3226 1270 3336 1336 (54)
3385 1270 3570 1340 χαλκᾶ
3612 1269 3964 1338 κοσκινωτὰ,

2285 1357 2376 1413 καὶ
2430 1357 2737 1432 ὡρολόγιον
2785 1359 2898 1430 (55)
2951 1357 3143 1432 μικρὸν
3197 1357 3464 1432 ἀργυροῦν
3507 1353 3596 1410 διὰ
3643 1357 3714 1411 τὰ
3759 1378 3966 1413 νυκτεο

2286 1446 2547 1522 ρεῦματα,
2606 1448 2737 1521 ’ὀπερ
2797 1445 3001 1524 ὀφείλει
3059 1444 3312 1510 ἵστασθαι
3389 1445 3464 1508 εἷς
3538 1445 3630 1501 τὸν
3691 1452 3965 1504 κοιτῶνα.

2286 1537 2373 1591 καὶ
2405 1535 2589 1610 ἓτερον
2644 1535 2910 1611 χαλκοῦν,
2973 1533 3106 1608 ὅπερ
3161 1532 3372 1612 ὀφείλει
3421 1532 3676 1590 ἵστασθαι
3733 1533 3878 1591 ’ἔνθα
3910 1537 3961 1591 ο”ι

2285 1631 2601 1681 κοιτωνῖται
2709 1625 2944 1700 μένουσι.
3051 1625 3193 1698 Πρὸς
3285 1628 3508 1685 τούτοις
3613 1623 3962 1680 σκουτὲλλια

2287 1712 2570 1789 ὁλόχρυσα
2645 1711 2710 1784 δ’,
2791 1714 3149 1788 μινσουροὶκια
3224 1713 3505 1788 ὁλόχρυσα
3585 1713 3653 1790 β’,
3725 1713 3966 1789 ὀρθομί-

1532 1824 1734 1882 JOAN.
1776 1824 1918 1880 JAG.
1974 1823 2230 1880 REISKII
2289 1825 2880 1883 COMMENTARIUS.

609 1919 725 1991 (50)
758 1921 822 1974 In
855 1916 1077 1974 Latinis
1109 1915 1431 1991 permutavi
1455 1914 1671 1991 harum
1705 1929 1909 1991 vocum
1957 1913 2186 1991 signifi-
2218 1919 2264 1983 Β
2295 1915 2606 1991 tenuibu3_,_
2641 1923 2695 1970 et
2752 1931 2984 1991 cornu,_
3007 1915 3078 1970 ad
3131 1913 3361 1991 tabulas
3408 1914 3628 1991 ligneas
3654 1930 3962 1991 _a2neasve

543 1986 802 2048 cationes
825 1999 878 2046 et
905 1986 1808 2112 pererroremtribuipyrecholo,
1836 1987 1985 2058 quod
2016 1986 2186 2041 hiscas

543 2068 686 2112 erat.
715 2068 772 2112 et
802 2061 1059 2112 vicissim
1093 2060 1251 2112 huic.
1277 2060 1429 2112 auod
1457 2059 1468 2112 i
1505 2057 2186 2112 lius.Estnemnenvrec-

541 2068 688 2132 erat,
715 2068 772 2118 et
802 2063 1059 2118 vicissim
1093 2063 1251 2129 huic,
1277 2063 1429 2132 quod
1457 2063 1636 2113 illius.
1655 2063 2188 2129 Estnempepyrec-

538 2135 744 2210 bolum
776 2131 1050 2210 terebella
1078 2132 1292 2205 lignea,
1325 2148 1442 2210 qua
1473 2143 1650 2210 super
1682 2131 1912 2199 hyscam
1953 2129 2190 2210 _a_gitata

535 2206 760 2263 fortiter
789 2205 909 2282 hinc
928 2199 1154 2282 ignem'
1188 2199 1462 2282 concipit.
1481 2199 1686 2282 ‘Ilysca
1715 2216 1849 2257 vero
1879 2199 1967 2282 vel
2006 2201 2187 2282 hisce,

539 2294 645 2355 pro
660 2293 786 2355 quo
820 2272 1004 2355 [λᾳιίᾄὶ
1038 2277 1283 2355 propius
1313 2272 1388 2331 ad
1412 2272 1697 2354 orlgi’nem
1722 2288 1855 2355 esca
1892 2272 2186 2355 dicebant,

535 2348 626 2429 est
655 2349 838 2429 {emes
871 2349 1043 2429 ignis,
1081 2348 1303 2419 lignum
1336 2348 1712 2429 spongio‘sum
1763 2349 1864 2399 aut
1887 2348 2186 2429 materies

535 2421 639 2476 illa
669 2419 860 2491 lignea
891 2415 1152 2540 l'ungosa',
1186 2435 1313 2488 quis
1343 2418 1404 2472 in
1437 2417 1680 2498 nucibus
1712 2430 1763 2470 e.
1799 2432 1850 2472 c.
1884 2415 2039 2497 inter
2068 2431 2188 2470 cor-

535 2491 709 2540 ticam
740 2497 799 2540 et.
830 2491 1002 2540 medu
1035 2489 1148 2540 lam
1183 2505 1331 2540 smne
1361 2489 1676 2540 invenitur.
1705 2495 1805 2540 aut
1855 2485 2046 2540 aualts
2096 2489 2186 2540 est

1899 2501 2046 2542 118118
2096 2501 2159 2542 CB

541 2068 688 2132 erat,
715 2068 772 2118 et
802 2059 1059 2132 vicissim
1093 2060 1251 2129 huic,
1277 2060 1429 2132 quod
1457 2059 1468 2112 i

535 2488 799 2548 ticem—et
830 2488 1148 2545 medullam
1183 2505 1331 2558 saepe
1361 2488 1676 2547 invenitur.
1705 2495 1805 2541 aut

537 2561 638 2617 illa
670 2561 945 2616 materies
981 2563 1248 2630 lungosa,
1282 2576 1412 2630 quas
1445 2558 1800 2630 nostratibus
1857 2558 2181 2630 Schwamm,

537 2633 866 2688 Fauor-oder
897 2627 1393 2686 Pulverischwamm
1426 2629 1753 2700 appellatur
1783 2647 1797 2696 ;
1849 2631 1916 2681 V.
1970 2629 2041 2700 de
2072 2627 2182 2684 hac

537 2719 677 2760 voce
707 2703 872 2759 Paul.
907 2703 1186 2773 L90pard.
1213 2699 1517 2773 Emendat.’
1540 2699 1680 2765 VIII,
1702 2700 1755 2753 7.
1790 2707 1844 2754 et
1879 2701 1960 2773 Du
1985 2699 2183 2773 Gange

537 2775 628 2832 Gl.
662 2778 757 2830 Gr.
795 2776 849 2829 h.
884 2791 936 2830 ν.
970 2771 1095 2829 Neu
1147 2783 1232 2829 est
1261 2790 1368 2828 vox
1427 2772 1688 2838 barbara,
1744 2773 1897 2842 quod
1932 2771 2180 2827 Graeculi

534 2846 1022 2919 perhibent,__sed
1094 2845 1242 2919 bene
1298 2843 1832 2919 (ἂνω-(ηιξ,ονὶεἱλιιίειἶ
1909 2858 2178 2919 quamvts

535 2913 1115 2991 hiutilata,_'_Veteres
1141 2917 1355 2991 “Graeci
1410 2913 1618 2991 ἐσχάρα
1658 2913 2180 2991 Ὕόίςεὺᾶοῑζ-ἱῑοω

534 2988 776 3063 ᾳτορεύς.
811 2988 962 3063 Illud
995 2988 1252 3063 perhibet
1281 2986 1715 3063 Theophrastus
1736 2986 1901 3063 _Hist.
1931 2986 2178 3063 _Pla_n‘t_.,

534 3056 644 3117 hoc
673 3056 1027 3116 Scholiastes
1056 3059 1343 3124 Apollonii
1383 3059 1592 3126 Rhodii
1633 3058 1703 3112 ad
1732 3056 1828 3126 l.t,
1853 3057 1982 3126 v.5.
2016 3058 2174 3124 1184,

537 3133 639 3201 ubi
669 3133 751 3186 sic
783 3132 865 3185 ait
899 3148 912 3186 :
945 3129 1028 3186 Τὰ
1055 3122 1190 3196 ξύλα
1218 3122 1543 3201 παρὲτριϐον
1579 3126 1668 3201 καὶ
1712 3122 1823 3201 Δἐπί⁷
1866 3124 2011 3196 αὐτῷ
2039 3133 2042 3137 ’
2070 3122 2178 3201 (sic

533 3200 673 3272 leg.,
701 3209 904 3273 postea,
924 3217 997 3273 eo
1025 3205 1206 3273 facta:
1226 3196 1324 3273 per
1356 3201 1472 3267 hoc,
1503 3209 1609 3273 aut
1631 3197 1722 3250 ἀπ’
1753 3196 1929 3273 αὐτῶν
1961 3215 2030 3273 ρῳ
2061 3200 2177 3253 illis

535 3267 946 3363 eliciebanthrb
991 3267 1119 3351 πῦρ.
1136 3267 1405 3363 ἔξαλλον.
1455 3271 1676 3355 Ηυρῆϊα
1710 3268 1811 3354 γὰρ
1843 3268 2011 3363 ταὶῦτά
2041 3289 2174 3356 φησι
2207 3298 2256 3363 G

533 3343 601 3424 ’Ξὰ
620 3335 1373 3424 πριοσιςρὶξὸμενέάλλήλρις
1432 3335 1568 3424 Ξτρρξ
1601 3335 1685 3394 ’τὸ
1724 3335 1851 3424 ’πῦρ
1898 3335 2173 3424 ἐγγεννᾷν,

535 3414 609 3486 ᾧν
647 3409 710 3467 ’ἑὸ
735 3409 1002 3486 μὲνλέσνὲιν
1040 3409 1252 3486 ὕπτιον(
1286 3412 1315 3466 ὅ
1361 3409 1611 3486 καλεῖται
1648 3409 1902 3486 ρτορεῂ,
1938 3409 2177 3486 ’θάτερον

535 3482 593 3539 δὲ
645 3477 1028 3557 παραπλήσιον
1081 3477 1358 3556 τρυπάνῳ,
1440 3483 1570 3557 ὅπερ
1643 3477 2013 3557 ἔπιτ’ριϐοντες
2087 3477 2177 3555 ’τῷ

533 3554 1086 3632 πορεῖα-τρέφουσιν.
1118 3554 1322 3632 Multis
1347 3554 1778 3632 huncinorern'
1802 3556 1996 3626 ignem
2031 3554 2177 3632 exrci-

531 3628 719 3694 tandi,
749 3628 982 3692 Graecis,
1018 3629 1236 3684 Latinis
1264 3633 1320 3685 et
1351 3628 1643 3683 Arabibus
1693 3636 2039 3697 usurpatum
2075 3631 2174 3682 de-

531 3702 829 3756 clararunt
857 3702 1062 3756 Petrus
1094 3699 1412 3756 Scriverius
1443 3701 1501 3756 in
1534 3699 1680 3756 Hist.
1714 3700 2003 3755 Comitum
2038 3699 2176 3754 Hol-

531 3772 744 3829 landite
777 3789 830 3843 p.
866 3789 944 3826 m.
975 3772 1100 3838 391,
1133 3780 1185 3827 et
1215 3771 1542 3828 Scbuliens.
1576 3771 1636 3826 in
1668 3770 1824 3842 Orig.
1860 3777 1900 3824 t.
1928 3771 1971 3836 Ι,
1997 3787 2050 3840 p.
2081 3772 2172 3828 63.

601 3846 713 3914 (51)
746 3845 858 3899 lloc
889 3843 1239 3899 vocabulum
1289 3845 1500 3900 Graecis
1540 3859 1746 3897 cavum
1788 3843 2175 3914 quodcunque

530 3917 956 3986 receptaculum
1018 3921 1201 3982 notat,
1261 3916 1376 3971 sive
1442 3931 1717 3979 vacuum,
1778 3919 1897 3986 sive
1938 3913 2172 3986 plenum

531 3983 706 4043 rebus
730 3987 984 4042 humidis
1009 3993 1112 4041 aut
1143 3986 1335 4042 siccis.
1377 3986 1462 4040 Ila
1510 4001 1756 4056 quoque
1784 3983 1969 4056 Latini
2023 3984 2176 4056 lacus

533 4059 820 4126 dicebant,
853 4075 967 4130 quo
997 4075 1172 4130 sensu
1209 4059 1262 4111 in
1291 4054 1709 4130 Latinisposui.
1736 4054 1923 4108 Latini
1948 4055 2172 4124 sequio-

533 4145 626 4184 res
655 4126 1126 4187 vitreas—ollulas.
1160 4128 1218 4182 in
1252 4129 1467 4196 quibus
1497 4126 1737 4196 lychnus
1787 4141 1883 4193 per
1944 4132 2171 4182 noctem

532 4200 802 4256 ardentes
816 4200 1185 4267 deponebant
1199 4205 1353 4252 metu
1369 4199 1753 4252 scintillarum
1768 4196 2172 4265 decidentium,

532 4287 604 4326 ne
627 4272 1036 4335 circumposita
1057 4269 1452 4333 incenderent,
1476 4267 1847 4337 appellabant
1865 4269 2168 4325 crucibula.

532 4341 602 4394 V.
634 4345 718 4394 Du
747 4341 939 4410 Cange
970 4341 1026 4394 h.
1060 4355 1114 4395 ν.
1144 4338 1181 4410 7V
1199 4339 1503 4393 ocabulum
1528 4340 1583 4393 id
1615 4355 1649 4394 a
1673 4337 2015 4394 Germanica
2038 4355 2174 4396 voce

534 4413 714 4482 Krug,
743 4409 973 4476 crucha,
1005 4409 1306 4482 cruche,iid
1340 4416 1426 4465 est
1456 4411 1613 4480 ollea,
1646 4425 1828 4477 urceo,
1862 4409 2174 4468 derivanda

533 4488 639 4549 est,
662 4481 826 4537 unde
848 4482 1056 4537 factum
1090 4481 1519 4538 deminutivum
1557 4482 1887 4545 cruciolum,
1918 4482 2168 4552 interpo-

534 4553 1179 4626 sito,_m,_crucimolum,
1201 4571 1382 4626 eoque
1403 4554 1461 4609 in
1487 4556 1516 4608 b
1542 4561 1786 4624 mutato,
1809 4555 2168 4611 crucibolum.

605 4624 719 4696 (52.)
752 4623 877 4678 Vid.
909 4641 1036 4695 quae
1068 4626 1218 4680 infra
1247 4623 1315 4680 ad
1351 4643 1405 4696 p.
1437 4627 1537 4680 281
1571 4623 1785 4682 dicam.

605 4695 719 4767 (53)
769 4696 1003 4768 Dixidin
1049 4695 1288 4768 Latinis,
1338 4695 1471 4767 quid
1517 4697 1612 4767 sit,
1663 4714 1731 4752 ex
1771 4713 1900 4752 mea
1931 4696 2169 4768 quidem

535 4766 847 4822 sententia.
905 4766 1020 4824 Nos
1068 4766 1432 4838 appellamus
1471 4771 1563 4824 ein
1601 4766 1966 4825 Waclustokf
2006 4769 2171 4826 Forte

533 4837 703 4912 Idem
725 4838 835 4894 fuit
862 4837 1193 4912 crinalg,de
1223 4856 1336 4910 quo
1368 4839 1432 4912 ν.
1467 4839 1554 4896 Du
1586 4841 1868 4912 Cangium
1902 4839 1959 4895 h.
1993 4857 2047 4896 v.

603 4910 714 4981 (54)
749 4911 1012 4983 Perhibet
1041 4910 1127 4983 Du
1160 4911 1350 4983 Gange
1379 4911 1465 4966 Gl.
1503 4912 1622 4967 Lat.
1671 4910 2084 4983 Céreophalum,
2135 4928 2170 4969 a

532 4980 812 5038 Cinnamo
841 4982 1231 5037 inventionem
1254 4981 1611 5037 laternarum
1634 4980 2023 5040 castrensium
2046 4983 2168 5039 Ma-

533 5053 690 5109 nueli
709 5053 1043 5124 imperatori
1062 5053 1258 5108 tribui.
1277 5053 1401 5107 Non
1419 5053 1766 5108 meminime
1791 5055 1849 5110 id
1874 5055 1929 5108 in
1957 5055 2167 5110 Cinna-

533 5140 630 5181 mo
662 5123 892 5196 legisse.
916 5126 1078 5182 Certe
1102 5123 1341 5180 fallitur.
1367 5124 1737 5196 Antiquiores
1759 5127 1914 5180 enim
1945 5127 2040 5196 illo
2071 5143 2168 5182 eas

531 5195 926 5267 esse,cOnstat
946 5214 1014 5252 ex
1028 5197 1132 5251 hoc
1163 5195 1306 5252 loco.
1331 5195 1496 5251 Tales
1529 5198 1777 5250 laternas
1794 5195 2168 5267 appellabant

534 5265 719 5338 Latini
743 5269 1034 5324 absconsas
1056 5274 1341 5324 etsconsas
1359 5267 1535 5338 (quod
1554 5268 1803 5338 candelas
1818 5265 2088 5322 ardentes
2105 5267 2168 5324 in

530 5336 603 5393 iis
625 5341 927 5394 absconste
948 5340 1230 5410 laterent),
1265 5357 1315 5395 v.
1349 5336 1430 5395 Du
1465 5339 1653 5409 Gange
1679 5337 1762 5392 Gl.
1791 5338 1849 5410 L._
1872 5338 1905 5392 h
1950 5337 2016 5392 V.
2039 5339 2168 5394 Ber-

531 5411 698 5465 nard.
735 5410 1002 5467 Monach.
1037 5413 1094 5465 in
1128 5408 1383 5467 Censuit.
1418 5408 1675 5466 Cluniae.
1715 5426 1728 5463 :
1759 5408 1922 5478 prior
1967 5412 2166 5482 accipit

531 5495 806 5550 sconsam,
836 5499 998 5553 quam
1025 5499 1089 5538 ea
1115 5483 1251 5538 hora
1275 5481 1521 5539 candela
1552 5485 1702 5537 intus
1740 5496 1964 5535 accensa
2011 5481 2167 5538 omni

530 5555 681 5607 nocle
733 5564 896 5622 parat
952 5554 1039 5609 illi
1090 5553 1555 5610 hebdomadarius
1601 5554 1670 5608 ad
1708 5553 2024 5621 faciendam
2061 5555 2167 5608 cir-

531 5637 672 5696 cum,
733 5623 789 5696 id
850 5633 936 5696 est
995 5625 1443 5696 circitationem,
1523 5625 1952 5693 lustrationem,
2038 5642 2162 5696 quas

535 5691 797 5746 obeundo
855 5695 940 5751 ﬁt.
991 5695 1032 5750 E
1071 5698 1245 5751 variis
1290 5696 1638 5751 materiebus
1685 5691 1974 5751 faciebant
2017 5691 2161 5753 tales

534 5759 868 5833 absconsas,
903 5767 1052 5822 vitro
1082 5771 1138 5823 et
1163 5768 1318 5827 corio
1349 5766 1601 5826 tenuiter
1620 5784 1775 5836 raso,
1805 5767 2164 5828 membranis

2300 1987 2793 2070 al‘tixis._§legans
2833 1992 2926 2043 est
2971 1985 3134 2043 locus
3193 1987 3348 2058 apud
3404 1985 3473 2042 S.’
3521 1986 3852 2044 Altelmurn
3886 1987 3960 2043 de

2299 2058 2490 2115 Laude
2523 2058 2820 2130 Virginum
2853 2073 2868 2115 :

2371 2165 2478 2222 Nec
2509 2167 2720 2221 laterna
2750 2165 2857 2221 tibi
2885 2166 3139 2222 vilesoeat
3165 2167 3360 2234 vitrea,
3393 2166 3574 2234 virgo.

2373 2239 2600 2308 Tergore
2619 2239 2701 2294 vel
2732 2254 2855 2294 raso
2885 2247 2938 2292 et
2963 2239 3134 2309 lignis
3163 2245 3447 2304 compacta
3467 2236 3726 2308 salignis,

2365 2310 2469 2365 Seu
2500 2309 2946 2364 membranarum
2968 2312 3127 2366 tonui
3151 2310 3428 2365 velamine
3453 2311 3623 2379 facta,

2369 2381 2677 2447 Quamlibet
2703 2385 2880 2437 arata
2906 2382 3190 2452 praecellat
3209 2383 3351 2451 forte
3383 2381 3620 2437 lam-na.

2365 2487 2476 2559 (55)
2507 2487 2751 2543 Videtur
2779 2487 2924 2542 mihi
2954 2487 3064 2543 hoc
3103 2503 3171 2543 ex
3217 2485 3343 2543 loco
3382 2486 3522 2542 satis
3555 2490 3702 2559 tutor
3729 2486 3944 2544 conﬁci

2293 2558 2482 2630 posse,
2508 2560 2628 2629 jam
2672 2576 2790 2615 aevo
2821 2559 3046 2615 decimo
3101 2559 3402 2631 horologia
3449 2558 3769 2630 gestatilia,
3809 2576 3942 2630 quin

2292 2631 2432 2686 rotis
2463 2633 2656 2697 aeneis,
2700 2631 3040 2698 claterihus,
3091 2631 3331 2685 funibus
3375 2635 3431 2685 et
3478 2631 3756 2702 appensis
3794 2647 3939 2701 pon-

2291 2703 2527 2774 deribus
2561 2707 2834 2774 aguntur,
2865 2702 3056 2773 qualia
3087 2712 3286 2774 nostra
3315 2707 3474 2770 sunt,
3499 2703 3556 2756 in
3592 2719 3701 2757 usu
3732 2703 3936 2758 fuisse.

2289 2773 2428 2828 Nam
2455 2773 2871 2845 quod’parvum
2897 2781 3217 2844 argenteum
3239 2773 3583 2844 horologium
3609 2774 3680 2845 ad
3703 2773 3939 2842 vigilia:

2287 2843 2589 2901 nocturnas
2634 2843 2862 2914 dicitur,
2915 2843 3167 2917 profecto
3221 2861 3334 2899 non
3381 2843 3572 2917 potuit
3629 2843 3934 2916 clepsydra

2288 2918 2490 2971 fuisse.
2525 2917 2632 2971 Pro
2657 2919 2838 2971 totius
2870 2916 3052 2984 enim,
3084 2917 3401 2986 prusertim
3434 2916 3718 2983 hibernae,
3755 2919 3932 2972 noctis

2288 2993 2476 3058 spatio
2533 3004 2826 3059 magnum,
2869 3004 2971 3042 vas
3026 2987 3446 3058 requirebatur.
3499 2986 3680 3042 Multo
3743 2989 3934 3044 minus

2288 3061 2475 3129 potuit
2504 3058 2756 3127 gnomon
2807 3058 3001 3131 fuisse.
3037 3059 3189 3113 Nihil
3239 3059 3420 3131 igitur
3448 3059 3743 3129 reliquum
3776 3059 3924 3114 aliud

2285 3135 2394 3196 est,
2428 3147 2604 3200 quam
2638 3136 2908 3196 statuere,
2935 3130 3046 3186 hoc
3076 3130 3312 3200 parvum
3339 3136 3678 3199 argenteum
3705 3131 3931 3186 horolo-

2288 3201 2447 3274 gium
2484 3204 2659 3256 fuisse
2705 3202 3005 3272 gestabile,
3049 3201 3448 3274 noniquidem
3493 3201 3552 3255 in
3602 3203 3922 3274 marsupio,

2289 3273 2481 3343 qualia
2496 3289 2602 3327 nos
2625 3289 2906 3342 perquam
2938 3276 3159 3328 minuta
3181 3273 3634 3342 habemus(nam
3661 3273 3717 3327 id
3742 3289 3924 3344 genus

2286 3361 2352 3399 eo
2382 3361 2500 3399 (evo
2532 3345 2793 3400 nondum
2825 3350 2951 3399 erat
2999 3347 3249 3413 notum),
3284 3346 3385 3400 sed
3420 3345 3592 3415 quale
3638 3344 3697 3399 in
3731 3361 3928 3400 mensa

2288 3416 2484 3488 reponi
2501 3422 2600 3470 aut
2616 3416 2685 3470 ad
2707 3416 2983 3484 parietem
3005 3417 3147 3488 erigi
3184 3415 3593 3472 solet.Patetid
3615 3432 3926 3488 quoqueex

2287 3487 2412 3543 loco
2445 3493 2580 3542 noto
2601 3488 3066 3559 Reginonis,quo
3098 3487 3311 3542 dicitur
3332 3489 3555 3542 Haroun
3585 3489 3643 3542 al
3664 3488 3924 3553 Raschiil,

2287 3575 2385 3614 rex
2415 3557 2863 3630 Saracenorum,
2895 3557 3094 3630 Carolo
3136 3559 3210 3613 Μ.
3259 3559 3622 3630 horologium
3677 3560 3925 3624 misisse,

2287 3632 2444 3701 quod
2471 3629 2569 3685 ille
2586 3631 2849 3701 pluribus
2881 3629 3187 3693 describit;
3213 3637 3468 3700 repetere
3492 3639 3686 3685 tamen
3711 3647 3827 3685 non
3849 3629 3927 3684 lu-

2287 3701 2400 3756 bet.
2417 3701 2635 3756 Saltem
2659 3703 2714 3756 id
2739 3719 2806 3757 ex
2828 3718 2894 3773 eo
2916 3701 3040 3756 loco
3063 3701 3746 3773 colligitur,horologium
3773 3703 3920 3756 istud

2286 3773 2623 3828 mechanica
2655 3779 2778 3829 srte
2818 3772 2995 3828 fuisse
3026 3778 3242 3828 actum.
3291 3772 3688 3827 Habuerintne
3733 3779 3922 3828 autem

2285 3845 2462 3900 Graeci
2495 3844 2796 3916 horologia
2824 3843 3020 3916 Qualia
3045 3860 3151 3900 nos
3178 3845 3236 3899 in
3268 3844 3697 3915 campanilihus
3739 3844 3924 3899 Eccle-

2284 3917 2506 3971 siarum
2558 3922 2889 3988 nostrarum
2941 3916 3245 3988 habemus,
3296 3931 3596 3986 campanae
3645 3932 3790 3970 sono
3820 3916 3922 3971 diei

2284 3988 2589 4058 noctisque
2638 3989 2812 4043 horas
2861 3986 3198 4056 indicantia,
3232 3986 3375 4042 non
3428 3989 3646 4058 liquet,
3693 3988 3796 4043 sed
3840 3988 3922 4042 vix

2283 4061 2555 4114 videntur
2575 4058 2873 4125 habuisse,
2899 4059 3170 4130 quamvis
3191 4059 3250 4130 in
3275 4064 3471 4114 nostro
3491 4058 3690 4130 codice
3709 4059 3919 4128 passim

2285 4131 2502 4185 mentio
2535 4131 2635 4185 fiat
2667 4129 2948 4201 horologii
2979 4134 3035 4182 S.
3068 4129 3316 4200 Sophim,
3346 4132 3481 4185 item
3513 4129 3844 4200 Tripetonis
3871 4137 3919 4201 et

2282 4201 2765 4273 Chrysotric'inii,
2796 4207 2854 4256 et
2883 4200 3037 4271 apud
3072 4201 3217 4257 alios
3257 4201 3541 4273 horologii
3575 4201 3634 4255 S.
3683 4200 3918 4256 Joannis

2281 4273 2604 4328 Prodromi.
2642 4272 2788 4329 Nam
2838 4279 3149 4343 pniueruut
3197 4274 3254 4326 in
3296 4273 3413 4328 illis
3444 4272 3698 4327 turribus
3744 4273 3915 4327 fuisse

2282 4343 2532 4417 reposita
2561 4344 2659 4398 illa
2691 4344 2870 4417 ligna,
2920 4343 3671 4417 cﬁpuvtpmcrecisdicta,
3706 4344 3912 4417 quibus

2281 4413 2355 4486 ad
2389 4431 2582 4486 preces
2612 4413 3008 4486 evocabantur
3041 4413 3180 4469 olim
3213 4414 3391 4470 Graeci
3423 4413 3756 4470 Christiani.
3788 4413 3909 4469 Vid.

2281 4485 2349 4539 ad
2386 4485 2442 4556 p.
2479 4487 2579 4540 100
2626 4487 2798 4542 dicta.
2832 4485 2957 4542 Non
3007 4486 3376 4542 dissimulare
3407 4493 3598 4541 tamen
3657 4502 3909 4556 possum,

2280 4562 2548 4629 constare
2597 4573 2629 4612 e
2686 4557 2809 4612 loco
2860 4559 3114 4628 quodam
3161 4558 3524 4629 Antbologias
3573 4557 3781 4613 Graeca:
3811 4557 3912 4614 sub

2283 4627 2456 4683 linem
2486 4627 2616 4682 libri
2652 4644 2726 4695 iv,
2750 4627 3118 4697 jam’saeculo
3147 4645 3204 4684 vr
3234 4627 3521 4686 instructa
3543 4630 3722 4684 fuisse
3753 4629 3910 4685 horo-

2200 4675 2249 4740 D
2277 4675 3912 4782 egitegerit;mutastis'eaaigfiﬁa'fgzsfait.

2280 4769 2465 4826 decim
2491 4769 2649 4825 horae
2680 4775 2881 4826 essent
2901 4776 3128 4838 notatae,
3149 4777 3250 4828 aut
3278 4769 3580 4843 campanis
3611 4771 3914 4828 duodecies

2280 4859 2381 4915 per
2411 4843 2562 4897 diem
2594 4843 3157 4916 sonantibus,iinitio
3189 4860 3223 4899 a
3252 4845 3500 4916 singulis
3527 4843 3742 4916 ictibus
3774 4845 3912 4898 facto

2277 4914 2334 4970 et
2363 4929 2679 4986 progressu,
2705 4931 2892 4984 nsque
2923 4915 2994 4970 ad
3028 4914 3526 4971 duodenos—Nam
3552 4914 3716 4970 locus
3737 4919 3914 4985 potest

2279 4985 2516 5057 utroque
2549 4985 2720 5042 modo
2751 4987 2978 5056 exponi,
3011 4990 3132 5042 tam
3165 5003 3381 5058 anceps
3411 4991 3520 5042 est.
3554 4986 3771 5042 Eccum
3809 5003 3824 5041 :

2456 5095 2644 5167 At'oppv
2678 5091 2994 5167 Ἰουστίνοιο
3031 5095 3437 5167 τυραννοφὸνου
3475 5087 3744 5167 βασιλῆος

2492 5161 2596 5240 Καὶ
2640 5163 2856 5240 Σοφίης.
2885 5161 3120 5240 ἀλόχουξ
3161 5161 3356 5240 φέγγος
3394 5161 3706 5240 ἐλευθερίης

2445 5235 2656 5309 Ὠρᾴων
2687 5233 3495 5309 σποπίαζε-έόφὸν’ἱπήμᾲντορα
3523 5233 3762 5309 χαλκὸν,

2490 5287 2559 5324 η’,
2607 5287 2642 5324 ;.'
2696 5287 3129 5326 ",""""‘..;'T"
3181 5287 3346 5306 "H’W
3374 5287 3493 5324 "tt"
3527 5287 3548 5322 ς

2490 5315 2669 5376 Δυτης
2726 5327 2786 5361 εκ
2829 5323 3068 5379 μοναοος
3104 5305 3274 5383 μὲχφι
3307 5297 3672 5368 δυωοεκοῖδος.

2274 5413 2355 5487 _De
2410 5413 2641 5487 Justino
2692 5416 2925 5486 juniore
2975 5416 3246 5487 loquitur.
3299 5413 3673 5487 Memorabile
3717 5414 3777 5468 in
3808 5412 3905 5487 hoc

2273 5484 2398 5540 loco
2429 5486 2484 5538 id
2518 5484 2832 5558 etiam—est,
2865 5489 3019 5558 quod
3051 5484 3143 5553 its,
3171 5497 3432 5554 argutum
3462 5484 3903 5558 horarum‘iizdi-

2271 5557 2695 5628 cem,sppellat
2753 5556 2944 5614 lumén
3004 5559 3292 5614 libertatis.
3353 5559 3519 5612 Sexto
3561 5558 3682 5628 jam
3737 5556 3904 5627 igitur

2273 5627 2481 5701 saeculo
2505 5643 2796 5701 campana?
2819 5646 3137 5700 earumque
3171 5629 3416 5701 pulsatio
3433 5627 3900 5701 erat’symbolum

2272 5697 2557 5771 libertatis
2589 5701 2849 5766 urbium,
2895 5708 2958 5755 ut
3002 5697 3183 5757 hodie
3221 5707 3341 5771 est._
3375 5700 3480 5754 Vix
3518 5697 3720 5771 putem
3773 5697 3898 5771 alibi

2275 5770 2450 5843 hujus
2473 5772 2554 5829 rei
2577 5772 2882 5844 vestigium
2933 5779 3176 5830 exstare.
3215 5771 3284 5828 Et
3328 5769 3436 5828 hoc
3473 5768 3579 5840 est,
3616 5785 3797 5842 quare
3823 5768 3899 5828 lo-
