4154 6306
322 330 443 392 909

930 326 1034 387 DE
1077 324 1541 388 CERIMONIIS
1587 330 1822 390 AULJE
1864 332 2349 396 BYZANTIN/E
2390 335 2540 399 LIB.
2587 338 2636 398 Ι.
2677 367 2751 383 —-
2796 341 3132 403 APPEND.

3618 351 3741 412 910

317 462 490 521 ταῦτα
524 467 700 520 πάντα
729 460 819 518 διὰ
844 464 908 517 τὸ
938 459 1371 523 ἀποστέλλεσθαι
1414 460 1490 522 εἰς
1530 459 1775 554 ἐθνικοὺς
1823 462 1973 554 λόγῳ

2094 473 2199 535 est,
2236 481 2298 525 ut
2326 470 2571 541 videtur,
2604 472 2720 529 illis
2769 474 2975 531 sericis
3021 475 3386 551 intertextos]
3414 480 3743 554 Egyptios,

317 553 533 625 ξενίων.
584 553 801 629 Ὶμάτια
849 549 1112 627 ἒξάγορᾶς
1152 547 1257 604 ἀπὸ
1299 551 1396 603 τοῦ
1445 550 1638 626 φόρου,
1672 549 1987 626 ἐρῥαμμένα

321 640 586 724 δίσχιστα
675 639 997 717 μανιακάτα,
1081 635 1328 708 δεκάλια,
1412 636 1652 707 ἐννάλια,
1735 640 1984 716 ὀκτάλια,

324 732 563 789 ἒπτάλια
620 731 710 788 καὶ
768 726 977 801 ὲξάλια,
1027 724 1266 799 λωρωτᾶ
1320 727 1599 800 μεταξωτά
1648 728 1987 804 Αἰγύπτικα,

330 820 567 892 ἀληθινὰ
624 817 858 889 ἐνθάδια,
940 811 1263 893 βαμϐακερὰ
1472 814 1711 889 ἀληθινὰ
1769 815 1987 882 ἐνθάδια

322 911 414 967 καὶ
445 910 697 985 πράσινα’
741 905 982 983 ζωστρία
1040 903 1314 981 διαφορων
1372 910 1550 979 τιμῶν
1600 906 1689 961 καὶ
1747 909 1986 979 ποιοτή..

320 1019 453 1055 των·
506 996 860 1077 σφιγκτούρια
914 994 1142 1051 ἑκάστου
1202 992 1425 1068 ἱματίου
1483 992 1624 1069 πρὸς
1670 993 1982 1072 ἀναλογίαν·

328 1082 841 1163 ὁποιαμισοϐράκια
898 1082 1176 1163 διαφόρων
1250 1087 1430 1156 τιμῶν
1495 1083 1586 1137 καὶ
1645 1087 1980 1155 ποιοτήτων

320 1174 707 1254 ἐπιῤῥιπτάρια
737 1172 1012 1250 διαφόρων
1052 1175 1229 1247 τιμῶν
1278 1172 1367 1227 καὶ
1408 1174 1746 1243 ποιοτήτων·
1789 1170 1985 1229 τουϐία

320 1265 550 1321 ἑκάστου
606 1265 835 1339 ἱματίου
891 1262 1029 1340 πρὸς
1094 1259 1411 1337 ἀναλογίαν’
1478 1259 1809 1337 ὑποδήματα
1868 1260 1987 1318 δια-

322 1353 504 1434 φόρων
563 1359 740 1429 τιμῶν
812 1354 904 1409 καὶ
981 1352 1317 1422 ποιοτήτῶν·
1393 1346 1598 1406 σάϐανα
1678 1354 1813 1426 μετὰ
1877 1356 1987 1408 τῶν

319 1443 664 1499 ἆκολουθιῶν
698 1442 877 1499 αὐτῶν
927 1445 1136 1517 πρῶτα,
1180 1437 1404 1515 δεύτερα
1432 1441 1521 1497 καὶ
1550 1440 1729 1517 τρίτα.
1766 1441 1981 1513 Ἰστὲον,

320 1530 406 1588 ὅτι
452 1532 520 1589 τὰ
579 1532 675 1605 μὶν
729 1531 962 1608 βλαττία
1006 1529 1074 1585 τά
1118 1549 1177 1584 τε
1223 1528 1426 1609 ἆράφια
1457 1529 1644 1586 καὶτὰ
1674 1529 1985 1607 ἐρῥαμμένα

322 1618 374 1675 ἒν
419 1620 724 1696 σκευαρίοις
782 1618 1062 1697 ὀφείλουσι
1133 1617 1515 1693 βαστάζεσθαι,
1570 1620 1638 1674 τά
1696 1616 1754 1674 δὲ
1814 1618 1984 1676 λοιπὰ

319 1711 515 1782 πάντα,
576 1711 696 1766 οἷον
769 1706 1008 1782 λωρωτὰ
1082 1704 1317 1779 ἀληθινὰ
1388 1703 1608 1772 ἒνθάδια
1666 1706 1980 1782 ἐρῥαμμὲνα

316 1824 379 1859 τε
407 1803 497 1858 καὶ
525 1802 728 1882 ἆράφια
772 1801 824 1858 ἐν
882 1796 1230 1876 βουλγιὸίοις
1280 1799 1315 1870 ἢ
1364 1800 1454 1854 καὶ
1487 1796 1810 1863 δισακκίοις·
1842 1822 1983 1872 πυρ-

329 1886 532 1948 ἑκϐολα
589 1893 726 1968 μετὰ
769 1888 951 1959 ’ίσκας,
1024 1887 1257 1968 φανάρια
1318 1886 1501 1964 χαλκᾶ
1547 1891 1850 1945 κοσκινωτά
1910 1891 1981 1965 β’,

327 1981 592 2054 κανδῆλαι
649 1979 862 2060 χαλκαῖ
912 1979 989 2041 είς
1026 1979 1094 2035 τὰ
1149 1976 1408 2054 βασιλικᾶ
1463 1981 1817 2054 πεντζιμὲντα
1847 1977 1965 2038 δύο.

274 2071 529 2130 ’πέταλα
594 2069 781 2149 χαλκᾶ
855 2070 1164 2126 κοσκινωτά
1229 2065 1319 2123 διὰ
1390 2068 1454 2124 τὸ
1528 2069 1979 2140 ἓπισκεπάζεσοαι

318 2160 447 2225 τοὺς
496 2160 755 2230 λάκκους,
812 2158 932 2215 ἔνθα
991 2159 1043 2214 οἱ
1083 2154 1349 2227 κανδῆλαι
1409 2158 1688 2222 ἅπτουσιν,
1735 2157 1973 2218 Ὀυείλει

325 2250 382 2309 δὲ
410 2249 685 2327 γίγνεσθαι
725 2248 927 2312 λάκκος
977 2244 1122 2324 ἔχων
1174 2247 1448 2320 σπιθαμὰς
1501 2243 1596 2302 δύο
1636 2247 1726 2303 καὶ
1781 2249 1978 2305 σκεπά-

328 2341 508 2410 ζεσθαι
571 2339 706 2413 μετᾶ
761 2336 1012 2394 πετάλων
1068 2334 1294 2415 χαλκῶν
1352 2340 1698 2393 κοσκινωτῶν
1752 2334 1841 2393 διὰ
1886 2338 1976 2394 τὸν

327 2428 525 2504 ἄνεμον
584 2426 672 2482 καὶ
745 2426 839 2483 τὸν
909 2427 1128 2499 καπνὸν,
1199 2425 1288 2481 καὶ
1358 2423 1450 2481 ’ίνα
1519 2425 1973 2503 συμπαράκειντκι

328 2518 421 2579 καὶ
452 2521 571 2580 ταῖς
599 2512 895 2587 κανδήλαις
927 2514 1126 2592 φατλία
1171 2510 1266 2568 δύο
1316 2511 1407 2567 καὶ
1456 2512 1730 2589 κηρούλια
1761 2510 1857 2569 δύο
1886 2513 1978 2569 καὶ

334 2609 593 2686 φανάριον
652 2602 897 2683 χαλκοῦν
955 2600 1041 2658 διὰ
1094 2602 1192 2665 τὰς
1246 2602 1652 2663 ἂνακυπτούσας
1685 2601 1877 2677 χρείας
1908 2605 1976 2677 τῇ

335 2695 512 2753 νυκτί.
544 2692 830 2769 Κηρούλια
858 2690 1071 2768 διόγκια
1114 2692 1184 2761 τ’,
1240 2688 1442 2769 φατλία
1474 2690 1655 2765 λίτρα.
1686 2693 1757 2763 τ’,
1788 2688 1976 2762 ἐπειδὴ

340 2788 369 2842 ὁ
402 2783 758 2862 δρουγγάριος
786 2782 906 2839 καθ’
951 2780 1171 2858 ἑσπέραν
1230 2781 1306 2843 εἷς
1364 2780 1426 2836 τὸ
1478 2778 1730 2855 κὲρκετον
1763 2776 1980 2854 λαμϐά-

335 2898 412 2933 νει
468 2874 543 2946 ἓν,
603 2875 691 2933 καὶ
748 2874 837 2952 ἀφ’
891 2872 954 2928 οὗ
1012 2874 1184 2946 ἑνωθῇ
1221 2877 1338 2935 τοῖς
1385 2873 1602 2945 θὲμασι,
1633 2871 1725 2927 καὶ
1757 2868 1852 2926 δύο
1890 2871 1981 2926 καὶ

329 2966 470 3043 τρία,
527 2962 615 3020 ἐάν
671 2963 709 3039 ᾖ
765 2963 854 3038 βία
928 2967 1027 3019 τοῦ
1082 2961 1305 3035 ἀνέμου’
1378 2961 1578 3038 χαρτία
1620 2960 1859 3036 τομάρια
1915 2967 1980 3019 τ’.

328 3054 542 3126 Ἰστέον,
599 3053 706 3126 ὅτι,
758 3053 849 3111 ’ὀτε
911 3050 1122 3109 κελεύει
1197 3053 1224 3107 ὁ
1295 3051 1550 3127 βασιλεὺς
1626 3051 1855 3129 περάσαι
1907 3052 1984 3118 εἰς

331 3144 538 3215 Πύλας,
582 3143 753 3219 ὁρίζει
798 3143 892 3201 τὸν
932 3142 1152 3216 κόμητα
1198 3146 1295 3198 τοῦ
1346 3137 1607 3212 στάϐλου,
1638 3143 1729 3198 καὶ
1758 3137 1981 3199 καταϐι-

2096 573 2419 630 purpureos
2448 559 2755 633 indigenas
2787 562 2897 635 [vel
2930 563 3045 634 hic,
3079 565 3599 640 Constantinopoli,
3630 587 3742 642 pa—

2095 648 2298 720 ratos].
2330 647 2714 709 Destinantur
2750 669 2816 711 ea
2844 656 3077 725 exteris,
3115 656 3331 729 quibus
3362 657 3598 716 nomine
3617 676 3738 716 mu-

2095 753 2302 793 nerum
2329 740 2807 799 mittuntur.Item
2831 761 3056 816 pannos
3077 762 3108 802 e
3132 747 3251 803 l'oro
3274 748 3738 806 amercatoribus

2094 828 2466 899 emptos,jam
2486 836 2763 890 consutos
2793 834 2851 890 in
2885 835 3131 892 formam
3146 838 3626 895 vestimentorum
3643 856 3741 913 ge-

2095 915 2512 984 stabilium,bis
2533 920 2726 992 ﬁssos,
2750 926 3308 997 torquatos,decem,
3332 944 3561 997 novem,
3584 935 3739 1001 octo,

2062 1054 2067 1057 _
2095 1008 2317 1074 septem
2350 1012 2407 1061 et
2427 1024 2526 1064 sex
2550 1009 2845 1080 ulnarum,
2866 1013 3081 1071 lorotos
3102 1021 3425 1074 metaxotos
3447 1018 3743 1092 Egyptios

2095 1096 2151 1152 et
2179 1109 2506 1165 purpureos
2529 1097 2858 1171 indigenas,
2876 1103 3222 1163 Bambacera
3243 1106 3371 1179 [seu
3390 1108 3743 1166 vestimenta

2095 1198 2126 1239 e
2156 1183 2434 1242 bombace
2463 1190 2565 1241 aut
2592 1189 2723 1260 xylo
2754 1191 2948 1262 facta],
2990 1210 3301 1267 purpurea,
3334 1197 3426 1255 hic
3456 1206 3739 1257 terrarum

2096 1272 2377 1360 confecta,
2409 1278 2467 1331 et
2498 1276 2752 1347 prasina.
2783 1280 3029 1351 Cingula
3065 1283 3275 1340 diversi
3306 1288 3475 1357 pretii
3508 1292 3565 1345 et
3593 1304 3739 1360 qua-

2093 1358 2299 1418 litatis.
2341 1362 2718 1434 Sphincturia
2758 1366 2847 1422 vel
2895 1368 3187 1428 strictoria
3235 1391 3339 1444 pro
3387 1358 3738 1448 unoquoque

2093 1450 2430 1509 vestimento
2472 1453 2631 1524 talia,
2703 1454 2900 1527 qualia
2960 1461 3424 1534 unumquodque
3493 1463 3738 1535 decent;

2093 1539 2313 1597 bracae
2328 1543 2539 1599 diversi
2559 1545 2728 1616 pretii
2744 1551 2799 1602 et
2825 1547 3493 1624 qualitatis.Scapularia
3506 1569 3741 1626 quoque

2094 1628 2323 1687 diversa
2352 1632 2574 1689 ratione
2606 1634 2771 1705 pretii
2821 1640 2878 1694 et
2916 1640 3190 1709 materiai,
3227 1640 3457 1698 tibialia
3493 1658 3597 1714 pro
3629 1645 3746 1700 sin-

2093 1718 2246 1790 gulis
2279 1720 2662 1791 vestimentis,
2696 1725 3012 1798 unicuique
3044 1728 3203 1800 paria
3231 1733 3290 1785 et
3322 1734 3487 1801 apta;
3511 1731 3734 1789 calceos

2093 1806 2304 1864 diversi
2338 1810 2502 1880 pretii
2534 1816 2591 1867 et
2620 1811 2943 1884 qualitatis;
2992 1817 3215 1873 sabana
3262 1834 3398 1875 cum
3439 1819 3737 1892 adjunctis

2093 1897 2233 1954 illuc
2258 1898 2700 1970 pertinentibus,
2729 1902 2926 1975 primi,
2951 1908 3191 1962 secundi
3221 1913 3279 1963 et
3306 1908 3465 1964 tertii
3490 1908 3740 1965 ordinis.

2092 1984 2385 2058 Quidquid
2415 1994 2505 2045 est
2535 1989 2981 2061 blatteum,sive
3012 1995 3090 2050 sit
3118 2012 3234 2052 non
3269 1996 3738 2068 consutum,sive

2090 2081 2427 2146 consutam,
2460 2078 2629 2135 debet
2658 2081 2714 2136 in
2745 2082 2904 2138 vasis
2934 2081 3021 2138 vel
3056 2084 3217 2142 cistis
3235 2085 3468 2144 deferri.
3494 2085 3737 2159 Reliqua

2087 2165 2307 2233 omnia,
2340 2171 2406 2222 ut
2435 2165 2620 2225 lorota
2650 2186 2941 2243 purpurea
2973 2172 3065 2229 hic
3096 2180 3442 2246 parata,tam
3465 2180 3733 2244 consuta,

2088 2270 2262 2326 quam
2287 2272 2402 2312 non
2424 2264 2686 2326 consuta,
2710 2259 2923 2316 debent
2941 2260 3002 2316 in
3035 2261 3230 2335 bulgis
3252 2273 3352 2321 aut
3378 2274 3434 2323 et
3454 2264 3726 2322 bisacciis

2089 2340 2316 2399 deferri.
2349 2343 2531 2401 Debet
2561 2362 2730 2417 porro
2760 2346 2949 2404 idicus
2977 2366 3176 2408 secum
3210 2353 3357 2411 ferre
3377 2354 3724 2433 ignitabula,

2088 2430 2341 2488 laternas
2361 2448 2553 2491 aeneas
2575 2433 2864 2492 cribrosas
2887 2438 3055 2505 duas,
3078 2440 3427 2499 candelabra
3447 2462 3600 2503 aenea
3623 2430 3727 2522 pro

2087 2518 2520 2590 impedimentis
2549 2522 2724 2595 regiis
2741 2525 2854 2581 duo
2880 2550 2896 2594 ;
2926 2526 3187 2585 bracteas
3210 2546 3399 2589 aeneas
3416 2518 3730 2608 cribi'osas,

2090 2626 2218 2683 qua:
2239 2610 2355 2666 sint
2370 2612 2642 2682 opercula
2657 2612 2981 2687 lacuum,in
2998 2618 3212 2689 quibus
3226 2623 3487 2681 candelas
3503 2628 3732 2686 ardent.

2090 2698 2271 2787 Debet
2299 2709 2490 2757 autem
2521 2703 2929 2776 unusquisque
2962 2707 3125 2765 lacus
3164 2708 3380 2769 habere
3409 2715 3750 2787 spithamas‘

2090 2786 2149 2842 in
2183 2788 2634 2859 profunditatem
2680 2792 2844 2864 duas,
2879 2799 2938 2850 et
2995 2798 3207 2867 operiri
3256 2803 3431 2859 aeneis
3478 2804 3732 2864 bracteis

2090 2876 2365 2933 cribrosis
2399 2879 2472 2934 ob
2500 2885 2736 2937 ventum
2779 2887 2835 2938 et
2878 2884 3105 2941 fumum
3157 2886 3297 2958 [quo
3345 2890 3523 2947 simul
3575 2893 3730 2950 hunc

2091 2965 2380 3036 emittant,
2404 2966 2574 3024 illum
2607 2968 2910 3028 violentius
2956 2973 3275 3031 irruentem
3306 2981 3587 3053 arceant].
3619 2982 3736 3039 De-

2091 3054 2231 3110 bent
2246 3072 2399 3128 quoq
2411 3073 2481 3113 ue
2503 3074 2682 3130 prope
2701 3059 3053 3120 candelabra
3067 3060 3264 3135 jacere
3286 3068 3446 3125 fatlia
3469 3070 3502 3125 d
3514 3087 3586 3127 uo
3603 3071 3733 3142 [seu

2094 3143 2243 3199 cerei
2269 3145 2433 3216 recti]
2460 3149 2517 3202 et
2555 3146 2773 3204 cerulia
2802 3149 2928 3221 [ceu
2970 3152 3119 3208 cerei
3150 3156 3590 3230 conglomerati]
3618 3161 3735 3216 duo

326 3229 478 3305 ϐάζει
522 3215 626 3304 τὴν
660 3230 1050 3310 προμοσὲλλαν
1105 3231 1184 3294 εἰς
1231 3229 1419 3295 Πύλας
1446 3234 1580 3304 (61).
1612 3231 1856 3305 Ὁμοίως
1888 3233 1979 3290 καὶ

2094 3240 2137 3288 et
2165 3231 2389 3289 laterna
2415 3215 2592 3301 aenea,
2609 3236 2681 3292 ob
2705 3237 3028 3296 incidentes
3051 3215 3600 3314 nempe-nocturnas
3625 3264 3728 3306 ne-

323 3324 414 3380 τὸν
449 3320 770 3397 δομέστικον
818 3325 928 3377 τῶν
977 3319 1315 3393 ὀπτιμάτων,
1360 3319 1450 3373 ’ἱνα
1496 3318 1744 3381 κάκεῖνος
1786 3321 1978 3397 εὑρεθῇ

323 3411 459 3486 μετὰ
514 3412 729 3466 πάντων
784 3411 892 3463 τῶν
952 3405 1271 3479 ὀπτιμάτων
1332 3406 1408 3469 είς
1464 3406 1671 3477 Πύλας,
1721 3407 1811 3462 καὶ
1838 3428 1976 3482 παρ-

321 3505 441 3578 ἐχει
484 3499 625 3556 κατά
680 3497 984 3573 σαγμάριον
1045 3493 1367 3569 ὀπτιμάτον.
1429 3493 1534 3553 Καὶ
1577 3492 1669 3550 ’ίνα
1733 3516 1983 3570 προαπο-

321 3589 530 3665 στέλλῃ
585 3586 680 3643 δύο
735 3584 1077 3655 βασιλικοὺς,
1128 3584 1218 3640 τὸν
1261 3584 1355 3658 μὲν
1410 3580 1503 3640 ἕνα
1542 3584 1620 3647 εἰς
1670 3584 1856 3647 Πύλας
1885 3588 1983 3639 τοῦ

325 3678 648 3754 διαπερᾶσαι
676 3677 767 3733 τὸν
798 3675 948 3745 λαὸν,
991 3676 1248 3737 ὡσαυτως
1299 3673 1389 3729 καὶ
1441 3672 1519 3736 εἷς
1564 3674 1656 3729 τὸν
1706 3671 1982 3742 Λευκάτην

328 3773 429 3826 τοῦ
457 3764 751 3839 ἐξελαύνειν
782 3765 850 3821 τά
877 3759 1112 3840 καράὸια
1131 3766 1245 3839 (62)
1268 3765 1405 3840 πρὸς
1433 3763 1525 3819 τὸν
1547 3762 1825 3831 Λευκάτήν
1848 3764 1984 3835 (63),

328 3860 424 3916 τὸν
493 3855 552 3913 Si
610 3852 792 3931 ἕτερον
874 3854 952 3917 εἷς
1027 3855 1313 3929 Σάγγαρον
1383 3851 1472 3907 καὶ
1540 3850 1620 3916 εἰς
1679 3850 1771 3907 τὸν
1836 3852 1984 3925 ἅγιον

334 3943 579 4005 Σαϐῖνον.
614 3943 1054 4020 Προαποστὲλλει
1104 3940 1162 3998 δὲ
1207 3943 1334 4004 τοὺς
1368 3939 1688 4019 βασιλικοὺς
1719 3939 1809 3995 καὶ
1840 3939 1985 3994 πάν-

331 4061 453 4108 τας,
478 4035 570 4094 ⁹ίνα
608 4037 955 4108 ὑπαντήσωσι
1002 4038 1072 4109 τῇ
1136 4031 1386 4109 βασιλείᾳ
1444 4033 1608 4088 αὐτοῦ
1666 4030 1742 4096 εἷς
1780 4029 1986 4101 Πύλας,

333 4129 424 4185 καὶ
471 4125 802 4203 μαγίστρους
840 4124 931 4180 καὶ
977 4121 1296 4199 πατρικίους
1344 4121 1433 4178 καὶ
1481 4119 1712 4188 ἄλλους,
1761 4118 1852 4182 οὕς
1899 4141 1987 4176 κει

339 4216 507 4287 λεύει,
579 4215 694 4289 ἅμα
758 4215 845 4270 καὶ
913 4218 1029 4277 τοῖς
1099 4212 1484 4288 πραιποσίτοις
1550 4204 1987 4283 άναλαμϐάνεται

334 4308 460 4382 μετ’
502 4305 787 4379 αύτοῦὶεῖς
845 4305 912 4361 τὰ
967 4301 1271 4379 δρομώνια,
1319 4302 1409 4357 καὶ
1468 4301 1576 4357 ἀπὸ
1631 4302 1819 4359 ἰκανοῦ
1859 4297 1987 4356 δια-

341 4397 617 4470 στήματος
680 4399 778 4451 τοῦ
847 4391 1130 4470 βασιλείου
1197 4391 1372 4468 ὅρμου
1467 4390 1782 4469 γενόμενος,
1849 4387 1988 4445 ὥστε

2093 3323 2412 3379 cessitates.
2450 3323 2623 3381 Debet
2652 3343 2824 3398 porro
2876 3327 3091 3386 habere
3123 3339 3439 3391 tercentum
3494 3336 3734 3408 cerulia,

2093 3411 2345 3480 pondere
2358 3412 2586 3483 singula
2603 3413 2876 3472 binarum
2902 3418 3201 3477 unciarum
3218 3441 3233 3490 ;
3251 3422 3539 3481 fatliorum
3554 3425 3737 3484 libras

2095 3503 2459 3568 tercentum;
2493 3516 2629 3556 nam
2661 3504 3017 3575 drnngarius
3042 3525 3294 3578 vespera
3325 3511 3397 3566 ad
3428 3513 3740 3571 circitatio-

2097 3602 2228 3642 nem
2260 3587 2590 3643 obeundum
2621 3590 2829 3659 accipit
2857 3608 3037 3648 unum
3059 3612 3320 3666 cereum;
3345 3602 3742 3671 et,p0stquam

2106 3674 2457 3747 limperator]
2479 3679 2544 3732 ad
2570 3676 2828 3748 legiones
2859 3697 2962 3736 seu
2988 3681 3046 3737 in
3072 3689 3267 3739 castra
3290 3689 3535 3756 venerit,
3558 3689 3745 3745 inter-

2099 3765 2240 3820 dum
2271 3780 2502 3835 quoque
2535 3764 2671 3822 bina
2699 3773 2755 3820 et
2795 3771 2985 3837 terna,
3036 3770 3193 3827 214
3236 3772 3285 3828 si
3336 3778 3540 3831 ventus
3565 3775 3742 3832 vehe-

2099 3857 2323 3911 menter
2351 3854 2552 3924 spiret.
2585 3855 2840 3910 Tandem
2882 3873 3120 3930 quoque
3152 3861 3262 3916 fert
3308 3861 3502 3919 idicus
3543 3880 3742 3921 secum

2098 3943 2399 4000 volumina
2428 3942 2639 3999 charta
2672 3944 2799 4016 [seu
2832 3952 3060 4018 tergora
3109 3947 3491 4023 Pergameno]
3525 3956 3741 4008 tercen-

2098 4036 2245 4089 tum.
2267 4032 2505 4099 Quando
2537 4034 2853 4105 imperator
2882 4035 3006 4090 vult
3037 4036 3352 4108 Bosporum
3381 4040 3644 4110 trajicere
3684 4044 3743 4097 et

2098 4123 2170 4179 ad
2196 4121 2362 4195 Pylas
2384 4122 2596 4194 [locum
2621 4123 2705 4178 sic
2722 4123 2971 4196 dictum]
2990 4141 3249 4194 movere,
3269 4128 3508 4184 mandat
3539 4130 3737 4185 comiti

2098 4210 2337 4279 stabuli,
2372 4220 2433 4266 ut
2462 4212 2873 4283 promosellam
2925 4229 3029 4270 seu
3076 4215 3380 4272 sellarium
3411 4218 3740 4289 equitatum

2096 4301 2437 4373 imperatori
2470 4300 2822 4372 peculiarem
2870 4300 2929 4357 in
2979 4302 3150 4377 Pylas
3188 4304 3474 4374 deducat;
3507 4307 3659 4379 quod
3689 4307 3743 4364 is

2099 4389 2252 4447 facit.
2289 4388 2509 4444 Pariter
2530 4404 2761 4461 quoque
2789 4389 3148 4448 domesticus
3171 4392 3516 4464 optimatum
3547 4395 3744 4451 admo-

341 4466 498 4543 αὐτον
567 4466 880 4541 ἰπισκοπεῖν
959 4485 1057 4554 τήν
1134 4480 1320 4554 πόλιν,
1389 4477 1654 4556 ἰγείρεται
1720 4480 1827 4536 ἀπὸ
1891 4482 1983 4536 τοῦ

2098 4482 2361 4550 netur,ut
2382 4477 2685 4535 conveniat
2709 4476 2783 4533 ad
2801 4476 2967 4550 Pylas
2993 4495 3127 4536 cum
3151 4482 3426 4540 omnibus
3448 4482 3748 4556 optimati-

1385 4626 1590 4685 JOAN.
1630 4629 1768 4685 JAC.
1814 4624 2081 4683 REISKII
2118 4621 2716 4682 COMMENTARIUS.

417 4759 526 4840 (60)
555 4759 669 4820 Seu
702 4759 776 4816 de
806 4755 1288 4840 bombaeefacta,
1309 4754 1420 4840 μου
1449 4758 1666 4840 astant
1696 4758 1767 4811 de
1796 4753 1980 4840 serico

341 4825 563 4901 viliore,
599 4829 973 4909 rec_r_ementis_
1004 4827 1196 4909 serici,
1230 4826 1608 4909 aut_de_xylo,
1639 4828 1770 4883 lana
1797 4825 1982 4909 ἀνὴρ·

344 4923 445 4981 rea
472 4896 641 4981 nobis
670 4902 847 4981 dicto,
863 4904 978 4981 aut
1016 4899 1253 4981 tandem
1285 4898 1388 4981 illo
1425 4896 1515 4981 de
1537 4914 1753 4981 genere
1796 4896 1983 4981 leniti:

344 4977 443 5045 cii,
474 4974 632 5049 quod
662 4967 1069 5056 nobis'Flanelt
1097 4968 1330 5026 dicitur.
1366 4967 1570 5025 Latini‘
1604 4973 1755 5024 certe
1807 4967 1985 5024 medii

345 5048 894 5097 mvibombacmum
920 5047 978 5097 et
1009 5039 1325 5097 nanellum.
1372 5040 1480 5095 hoc
1528 5043 1617 5095 est
1663 5038 1983 5097 flanellum.

345 5048 894 5108 mvibombacinum
920 5048 978 5097 et
1007 5048 1325 5115 panellum,
1374 5048 1480 5095 hoc
1528 5048 1617 5095 est
1663 5048 1983 5105 tlanellum,

347 5137 452 5183 pro
483 5118 689 5175 eodem
722 5114 1036 5181 habebant,
1068 5129 1124 5169 v.
1145 5111 1233 5168 Du
1258 5111 1450 5183 Gange
1470 5127 1521 5183 ν.
1544 5111 1853 5167 Panellum.
1877 5111 1987 5183 Pro

389 5139 452 5177 1⁵0
483 5139 689 5175 θοαοω
724 5139 1036 5181 Ilwcuulu,
1071 5139 1124 5169 V.
1145 5139 1233 5168 uu
1258 5139 1450 5183 υξιιιδυ
1474 5139 1521 5167 ν.
1544 5139 1853 5167 ruucuuru.
1877 5139 1987 5166 rru

347 5139 638 5268 ἕαμοάκερ
667 5186 937 5268 dicebant
968 5182 1374 5268 Lalininmnedii.
1402 5181 1503 5238 sivi
1535 5183 1807 5254 Papayer,
1835 5182 1993 5268 unde

349 5253 450 5320 alii
482 5253 734 5334 Papaver
761 5256 1099 5315 effecerunt.
1121 5254 1312 5334 _Veste:
1340 5254 1405 5309 de
1431 5253 1732 5334 papauere,
1766 5253 1877 5334 vel"
1898 5268 1998 5324 pa-

346 5322 632 5408 pauefe'et
653 5334 1009 5408 papaverem:
1046 5326 1133 5408 υθέ
1175 5322 1532 5399 papayeratae
1578 5322 1726 5382 sunt
1763 5322 1993 5398 xylinte,

346 5398 847 5481 ﬁapGaxspet.V._
860 5401 969 5481 QC.
1001 5416 1054 5481 ν.
1088 5398 1368 5481 Papaver.

424 5467 535 5548 ('61)
569 5467 773 5548 Πύλας.
808 5468 986 5548 Πύλαι
1016 5467 1181 5548 locus
1211 5470 1271 5525 in
1304 5467 1464 5548 Asia,
1516 5468 1728 5548 pri_ma_
1750 5468 1921 5548 statio
1961 5483 2002 5548 _a

355 5541 482 5607 CPli
515 5541 801 5619 trajectis,
831 5562 886 5603 v.
919 5544 1182 5617 Tbeopb.
1225 5560 1284 5616 p.
1335 5543 1463 5611 254,
1512 5543 1638 5614 398,
1689 5541 1997 5608 Constant,

353 5618 621 5677 Tbemat.
658 5636 712 5689 p.
742 5618 801 5674 9.

429 5691 543 5767 (62)
571 5682 677 5747 Est
704 5704 810 5764 pro
838 5682 1159 5759 Λευκάτιον,
1191 5683 1356 5743 locus
1387 5684 1544 5744 haud
1577 5685 1777 5762 procul
1822 5683 2003 5760 Chry-

2091 4750 2314 4824 sopoli;
2348 4750 2463 4806 vid.
2493 4754 2741 4824 Symeon
2782 4748 3016 4824 Magist.
3063 4768 3119 4824 p.
3175 4752 3299 4810 474.
3342 4752 3469 4810 Non
3499 4754 3744 4811 confun-

2093 4823 2485 4895 dendusgcum
2517 4822 2885 4895 Leucadead
2920 4822 3078 4878 mare
3105 4825 3393 4890 Ionicum,
3416 4840 3596 4895 quam
3629 4840 3747 4895 me-

2094 4898 2287 4951 morat
2317 4893 2652 4966 Luitprand.
2688 4909 2744 4963 ρ.
2792 4892 2917 4966 48β,
2963 4895 3041 4966 De
3087 4900 3354 4966 utraque,
3402 4892 3740 4966 L‘eucata‘in

2093 4966 2249 5031 Asia,
2307 4970 2374 5048 et
2414 4963 2671 5048 beneade
2718 4963 2875 5048 apud
2924 4964 3176 5048 Actium,
3228 4963 3473 5037 insignis
3521 4969 3610 5021 est
3654 4963 3745 5021 lo-

2095 5052 2196 5093 cus
2225 5037 2379 5105 apud
2408 5037 2743 5104 Aristidem,
2773 5045 2812 5092 ι.
2850 5040 2889 5103 l,
2926 5052 2980 5105 p.
3011 5037 3102 5091 21.

2142 5107 2287 5189 ,(63)
2317 5107 2468 5189 _S_unt
2498 5107 2724 5189 navigia
2767 5106 3015 5189 minora,
3048 5123 3176 5189 quas
3208 5104 3529 5189 maioribus
3563 5107 3746 5189 inser-

2103 5177 2291 5236 viunt.
2322 5178 2459 5234 Tale
2501 5177 2794 5247 navigium
2838 5177 3105 5248 designat
3148 5194 3254 5231 vox
3302 5177 3547 5232 Arabica
3591 5177 3748 5233 unde

2105 5250 2228 5308 haec
2258 5256 2422 5317 orta;
2456 5267 2506 5308 ν.
2545 5253 2622 5306 υυ
2646 5247 3013 5320 Cangiumv.
3061 5248 3322 5320 Carabrus.
3355 5247 3478 5302 Non
3509 5248 3751 5320 confun-

2105 5324 2295 5380 denda
2324 5322 2547 5393 species
2594 5322 2715 5375 haec
2747 5318 2886 5393 curn
2909 5318 3087 5374 altera
3117 5319 3364 5393 navium
3385 5318 3576 5393 specie
3606 5322 3751 5393 Ara-

2106 5394 2236 5451 bice
2264 5388 2429 5466 gorhb
2462 5409 2562 5449 seu
2591 5405 2800 5466 coruus
2833 5388 3004 5466 dicta:
3057 5390 3212 5466 unde
3246 5388 3573 5466 Latianua
3599 5388 3753 5458 gala-

2108 5467 2201 5523 bia
2247 5457 2646 5521 nominarunt.
2699 5458 2827 5513 Vid.
2877 5458 3088 5515 Cati‘ari
3135 5458 3384 5514 Annales
3415 5457 3753 5514 Genuenses

2109 5541 2153 5594 t.
2186 5537 2284 5603 Vl,
2317 5537 2442 5592 Scr.
2479 5534 2610 5590 Rcr.
2663 5527 2791 5588 Ital.
2826 5531 3027 5587 Muret.
3062 5548 3118 5605 p.
3163 5529 3291 5603 261,
3322 5536 3376 5585 et
3424 5534 3511 5586 Du
3561 5529 3754 5603 Gange

2109 5626 2166 5667 v.
2201 5606 2442 5679 Golafri.
