4154 6306
366 360 498 423 913

993 354 1096 416 DE
1140 353 1604 420 CERIMONIIS
1648 357 1882 423 AULE
1924 360 2016 422 ΒΥ

2131 359 2397 422 ΝΤΙΝιΕ
2441 361 2592 424 LIB.
2639 364 2687 424 Ι.
2734 393 2808 412 -
2852 364 3192 429 APPEND.

3677 377 3794 438 9η

363 489 510 548 κατά
577 483 709 546 δέκα
777 484 1056 564 σαγμάρια
1123 484 1416 563 σύντροφον
1483 488 1596 561 (69)
1663 491 1769 544 τῶν
1841 487 2016 546 Μαλα.

2155 491 2556 552 commisereri
2588 498 2645 552 et
2675 511 2901 554 servare
2924 504 2980 554 et
3011 497 3232 571 eripere
3253 515 3283 557 e
3307 501 3795 565 tentationibuset

363 581 557 656 γίνων,
621 574 718 632 ’ἶνα
784 574 1214 646 o't'61tttpz't0t
1291 574 1494 649 σὺρωσι
1595 576 1662 632 τὰ
1738 579 2033 654 σαγμάρια,

365 669 459 724 καὶ
491 669 542 723 οἱ
583 667 871 744 σύντροφοι
913 661 1310 727 ἀκολουθοῦσιν
1365 663 1584 732 αὐτοὺς,
1625 669 1714 720 καὶ
1757 664 2035 741 διορθοῦν-

367 778 458 814 ται
525 758 593 812 τὰ
629 755 892 831 γομάρια.
967 753 1069 810 Καὶ
1140 750 1229 806 ὅτε
1293 751 1779 827 ἀποφορτώσουσιν
1831 755 1907 816 εἷς
1972 756 2034 809 τὸ

368 847 655 918 ἄπληκτον
703 845 769 900 τὰ
826 843 1125 918 σαγμπὶρια,
1173 838 1545 916 ἀναλαμϐάνει
1597 848 1767 900 ταῦτα
1821 845 1848 898 ὁ
1901 864 2037 920 χαρ.

365 935 664 1010 τουλάριος
736 938 846 989 τῶν
919 931 1255 1007 Μαλαγίνων
1321 933 1410 988 καὶ
1469 935 1498 989 6
1566 935 2033 1013 σαφραμεντάριος

367 1024 503 1097 μετᾶ
574 1027 684 1079 τῶν
754 1024 1018 1098 κομήτων
1089 1020 1178 1077 καί
1244 1027 1351 1077 τῶν
1393 1024 1702 1098 συντρόφων
1764 1025 1852 1079 καὶ
1923 1030 2032 1080 τῶν

365 1113 710 1186 όπτιμάτων,
811 1112 902 1166 καὶ
1006 1105 1370 1166 ἐκϐάλλουσιν
1449 1112 1526 1176 εἷς
1615 1115 1714 1183 τήν
1807 1115 2029 1190 βοσκήν-

365 1201 576 1275 ὁμοίως
652 1201 741 1256 καὶ
836 1201 910 1262 εἰς
1002 1199 1070 1255 τὰ
1161 1202 1442 1274 παρίππια
1517 1206 1626 1257 τῶν
1703 1203 2034 1280 φορτώσεων

363 1290 502 1346 κατᾶ
566 1292 612 1346 κ’
668 1289 946 1366 παρίππια
1012 1289 1317 1366 σύντροφος
1397 1291 1500 1353 εἷς.
1579 1292 1680 1348 Καὶ
1761 1293 1849 1348 ὅτε
1925 1290 2031 1346 δώ-

366 1400 445 1434 σει
509 1383 629 1453 (70)
691 1379 754 1434 τὸ
823 1377 1098 1454 βοὺκινιον,
1167 1376 1333 1432 πάλιν
1403 1377 1658 1455 φέρουσιν
1715 1379 1872 1449 αὑτὰ,
1941 1371 2030 1455 καῖ

365 1465 753 1542 παραδιδόασι,
855 1468 1035 1531 καθὼς
1139 1465 1638 1540 ἐκομπινεὺθησαν,
1745 1473 1860 1540 Τὴν
1979 1445 2035 1525 6i

365 1559 561 1633 κριθὴν
637 1556 802 1628 ὅλην,
855 1561 962 1612 τῶν
1039 1577 1097 1612 τε
1173 1559 1492 1633 σαγμαρίων
1543 1559 1634 1613 καὶ
1710 1559 2032 1634 παριππίων

364 1647 456 1703 καὶ
499 1646 832 1722 σελλαρίων,
873 1645 924 1701 ἐν
977 1647 1057 1709 οἷς
1109 1645 1605 1720 ἐκομπινεὺθησαν,
1658 1645 2032 1724 παραλαμϐά-

363 1759 444 1794 νει
503 1738 530 1792 ὁ
583 1736 989 1813 χαρτουλάριος
1041 1740 1137 1791 τοῦ
1192 1732 1431 1793 στάϐλου
1480 1739 1593 1812 ἅμα
1636 1743 1716 1811 τῷ
1745 1738 2031 1814 κελλαρίῳ

363 1828 466 1897 τὴν
513 1827 728 1901 κριθὴν,
778 1825 901 1894 ἢτοι
945 1824 1040 1886 τὰς
1088 1825 1258 1901 ταγᾶς
1307 1826 1482 1881 αὐτῶν
1526 1825 1586 1882 ἐκ
1613 1831 1710 1882 τοῦ
1749 1849 2028 1902 πρωτονο-
2055 1851 2104 1917 Β

366 1915 556 1989 ταρίου
586 1918 687 1971 τοῦ
721 1911 980 1988 θέματος,
1037 1913 1125 1968 καὶ
1185 1919 1518 1992 χορηγοῦσιν
1557 1915 1781 1971 ἑκάστου
1815 1916 2021 1992 ἀλόγου

363 2007 554 2082 ταγήν.
587 2005 648 2062 Ὀ
690 2000 749 2058 δὲ
793 2003 1238 2079 πρωτονοτάριος
1285 1998 1550 2076 λαμϐάνει
1611 2001 1846 2075 διάταξιν
1878 2005 2021 2078 παρὰ

361 2097 459 2149 τοῦ
516 2091 788 2169 βασιλέως
846 2092 971 2163 περὶ
1027 2092 1136 2146 τῶν
1200 2091 1520 2163 ἀπληκτων,
1580 2093 1669 2148 καὶ
1701 2095 2021 2163 ἂποτίθησιν

364 2180 476 2237 ἔκιῖ
502 2183 601 2251 τὴν
632 2183 832 2256 κριηήν
880 2179 972 2235 καὶ
1019 2185 1192 2235 πᾶσαν
1240 2177 1422 2256 ἑτέραν
1472 2183 1659 2256 χρείαν
1703 2185 2018 2258 βασιλικὴν.

365 2271 450 2330 Τὰ
503 2267 561 2326 δί
610 2271 826 2343 εενάΛια
871 2270 940 2324 τὰ
991 2273 1073 2341 τῷ
1131 2268 1346 2344 βασιλεῖ
1401 2271 1676 2345 φερόμενα
1707 2269 1795 2327 διὰ
1825 2279 2018 2346 κριθῆς

363 2353 781 2435 παραλαμϐάνει
837 2360 865 2413 6
921 2362 1020 2414 τοῦ
1079 2353 1316 2414 στάϐλου
1375 2360 1581 2433 κόμης,
1621 2361 1671 2416 ἐν
1703 2367 2017 2442 καταγραφῇ

363 2448 704 2522 ποιούμενος
735 2449 833 2516 τὴν
874 2447 1174 2518 ποσότητα,
1237 2448 1349 2521 ἅμα
1397 2453 1476 2520 τῷ
1535 2449 1720 2522 εἷδικῷ
1766 2452 1856 2505 καὶ
1903 2456 2020 2516 τοῖς

365 2537 664 2612 νοταρίοις,
732 2537 1073 2610 ποιουμένων
1142 2535 1406 2592 κάκείνων
1478 2542 1646 2594 ταῦτα
1713 2537 1763 2594 ἐν
1853 2561 2020 2595 κατα-

369 2628 577 2702 γραφῇ,
619 2626 706 2680 ἳνα
739 2626 873 2698 μετά
918 2625 979 2680 τὸ
1021 2624 1262 2699 γενέσθαι
1309 2626 1669 2683 καταστόλιον
1702 2633 1810 2700 (71)
1851 2627 2017 2705 λογα-

375 2715 630 2788 ριάζηται
705 2715 733 2769 6
803 2716 1239 2790 πρωτονοτάριος
1341 2715 1432 2770 καὶ
1509 2718 1538 2771 6
1612 2716 2016 2792 χαρτουλάριος

375 2801 450 2864 εἷς
549 2805 609 2858 τὸ
709 2802 950 2878 σέκρετον
1043 2807 1141 2858 τοῦ
1219 2801 1446 2874 εἷδικοῦ,
1521 2805 1610 2859 ἳνα
1686 2807 2018 2880 ὑπεξαίρων-

371 2909 456 2945 ται
487 2894 601 2961 (72)
658 2893 709 2948 αἱ
765 2892 966 2967 ἡμέραι
1023 2898 1124 2962 τῆς
1183 2892 1460 2972 χορηγίας
1515 2899 1622 2948 τῶν
1663 2915 2017 2968 πρωτονοτα-

366 2980 518 3056 ρίων.
597 2982 693 3036 Καὶ
771 2983 906 3054 μετὰ
980 2981 1042 3036 τὸ
1117 2984 1346 3057 περάσαι
1428 2981 1522 3038 τὸν
1599 2983 1826 3059 βασιλὲα
1927 2985 2016 3040 καὶ

369 3066 501 3124 ἰδεῖν
537 3070 634 3138 τὴν
676 3069 1067 3146 προμοσέλλαν
1127 3069 1467 3129 διατάσσεται
1521 3077 1600 3145 τῷ
1655 3073 1883 3146 κόμητι,
1926 3074 2016 3130 καὶ

362 3153 600 3230 διανέμει
677 3157 865 3231 αὐτὴν,
933 3159 1112 3223 καθὼς
1172 3161 1460 3236 κατωτέρω
1535 3164 1852 3236 ῥηθήσεται.
1923 3163 2020 3220 Διά

358 3249 456 3300 τοὺ
505 3245 749 3318 κόμητος
797 3251 908 3302 τῶν
961 3247 1282 3320 ὀπτιμάτων
1338 3251 1436 3319 τῆς
1497 3251 1792 3327 ὑπουργίας
1824 3249 2012 3327 ἄνδρες

360 3340 422 3388 σ’-
478 3333 569 3388 καὶ
618 3333 748 3396 τοὺς
795 3335 888 3406 μὲν
939 3336 979 3408 ρ’
1029 3334 1236 3410 ὀφείλει
1268 3332 1742 3408 ἀναλαμϐάνεσθαι
1773 3340 1801 3392 6
1831 3336 2011 3411 κόμης

359 3427 456 3478 τοῦ
527 3415 768 3476 στάϐλου
835 3420 925 3476 καὶ
993 3423 1020 3476 6
1088 3423 1493 3499 χαρτουλάριος
1561 3424 1614 3478 ἦν
1689 3431 2012 3503 καταγραφῇ

365 3511 521 3586 λόγῳ
585 3514 694 3565 τῶν
761 3512 804 3584 ρ’
871 3510 1142 3585 ἱππαρίων
1199 3516 1306 3567 τῶν
1363 3512 1846 3590 παρασυρομὲνων.
1907 3517 2012 3571 Καὶ

360 3602 454 3656 τὸν
496 3600 716 3673 κόμητα
774 3601 909 3673 μετᾶ
963 3605 1070 3655 τῶν
1129 3601 1321 3676 ἑτέρων
1388 3609 1431 3678 ρ’
1495 3597 1933 3675 ἀναλαμϐάνεται
1984 3606 2012 3660 6

359 3688 449 3744 ἐπὶ
502 3695 601 3758 τῆς
655 3689 928 3763 τραπέζης
980 3689 1071 3744 καὶ
1129 3691 1158 3745 6
1211 3687 1532 3764 δομὲστικος
1582 3697 1679 3760 τῆς
1715 3690 2010 3768 ὑπουργίας

355 3779 448 3834 καὶ
480 3779 508 3833 6
550 3776 818 3839 οἱκιιακὸς
872 3777 1155 3855 βασιλικὸς
1205 3777 1518 3853 κελλάριος·
1569 3779 1660 3834 καὶ
1710 3779 1761 3834 οἱ
1814 3780 1909 3852 μὶν
1958 3784 2011 3836 π’

355 3865 579 3943 σύρουσι
617 3867 685 3922 τὰ
730 3868 782 3921 π’
840 3869 1136 3944 σαγμάρια,
1186 3870 1238 3924 o't
1290 3866 1346 3924 δὲ
1403 3870 1448 3924 κ’
1494 3867 1878 3933 ἀκολουθοῦσι.
1912 3871 2009 3924 Καὶ

353 3955 444 4011 ὅτι
472 3950 680 4029 καταϐῇ
729 3956 758 4011 6
812 3956 1067 4032 βασιλεὺς
1117 3957 1192 4019 εἷς
1237 3958 1300 4013 τὸ
1347 3955 1647 4028 ἄπληκτον,
1697 3957 2006 4032 ἐπαίρουσιν

355 4045 408 4099 οἱ
467 4043 756 4124 σύντροφοι
822 4045 912 4101 καὶ
979 4047 1032 4102 οἱ
1102 4046 1400 4120 ὀπτιμάτοι
1455 4049 1524 4102 τὰ
1577 4048 1856 4123 παρίππια
1897 4052 2006 4103 τῶν

355 4133 667 4209 ὑπουργῶν,
719 4133 810 4189 καὶ
863 4134 1155 4212 ἀπάγουσιν
1204 4135 1281 4199 ei:
1327 4137 1428 4206 τήν
1481 4137 1685 4211 βοσκὴν
1734 4136 1869 4212 πρὸς
1917 4147 2009 4192 τόν

350 4221 760 4303 χαρτουλάριον
791 4229 898 4280 τῶν
942 4223 1298 4300 Μαλαγίνων.
1347 4225 1424 4283 Τὸ
1474 4225 1602 4281 αὐτὸ
1634 4223 1690 4281 δὲ
1723 4227 1810 4281 καὶ
1841 4230 2007 4281 πᾶσαι

352 4311 412 4365 αἱ
461 4310 760 4388 φορτωσίαι
813 4314 902 4367 καὶ
954 4313 1150 4377 πάντες
1183 4315 1232 4369 οἱ
1265 4314 1715 4390 κομπινευοέντες
1751 4313 2007 4390 βασιλικᾶ

354 4398 549 4476 ἄλογα,
607 4401 776 4476 ἤγουν
837 4423 972 4458 κατα
1051 4403 1354 4482 σαγμάριον
1431 4405 1758 4479 ὀπτιμάτος,
1827 4405 2006 4465 καθὼς

356 4488 611 4565 ἀνωτέρω
643 4488 877 4566 εἷ’ρηται.

2142 584 2419 654 periculis
2452 601 2608 641 nunc
2637 590 2694 642 et
2724 603 2954 660 semper
2973 594 3031 644 et
3059 589 3118 646 in
3171 590 3388 646 secula
3423 593 3790 653 seculorum.

2141 678 2349 728 Amen.
2390 693 2420 723 »
2476 674 2786 746 Postquam
2836 678 3046 734 fretum
3095 679 3386 748 trajecerit
3445 682 3790 755 imperator,

2139 757 2351 816 lustrat
2367 764 2776 833 promosellam
2793 781 2895 820 seu
2920 767 3246 838 equitatum
3277 785 3451 826 suum
3486 771 3788 828 sellarium

2140 854 2191 901 et
2225 850 2524 921 parhippia
2554 868 2652 906 seu
2686 869 2864 924 equos
2885 857 3214 914 veredarios
3241 863 3297 914 et
3319 859 3524 928 mulos,
3555 867 3793 918 etman-

2142 933 2240 988 dat
2261 938 2683 994 comitislabuli
2701 948 2756 996 et
2775 943 3130 1000 cbartulario
3153 947 3390 1010 stabuli,
3429 955 3488 1004 ut
3506 965 3572 1004 eo
3596 951 3786 1020 modo,

2141 1021 2211 1077 de
2260 1040 2374 1094 quo
2426 1026 2700 1099 deinceps
2748 1037 3084 1102 exponetur,
3129 1034 3317 1090 mulos
3367 1042 3423 1092 et
3479 1039 3789 1110 parhippia

2140 1113 2496 1178 combinent,
2531 1116 2634 1171 hoc
2666 1123 2753 1172 est
2784 1121 3138 1176 mulionibus
3172 1141 3285 1180 una
3316 1141 3448 1182 cum
3484 1129 3639 1200 regia
3669 1135 3786 1184 tes-

2139 1218 2269 1258 sera
2297 1202 2371 1258 ad
2402 1204 2830 1274 requisitionem
2865 1213 3234 1266 monstranda
3261 1215 3649 1272 committant.
3672 1223 3787 1274 Do-

2141 1292 2419 1347 mesticus
2450 1292 2794 1364 optimatum
2828 1296 2997 1352 debet
3028 1314 3332 1357 numerum
3365 1304 3684 1360 mulionum
3716 1322 3785 1362 ex

2141 1380 2514 1452 optimatibus
2546 1387 2911 1440 constantem
2942 1395 3211 1456 praestare
3243 1393 3552 1461 sagmariis
3584 1410 3780 1463 parem

2139 1473 2196 1523 et
2224 1469 2477 1526 indicem
2511 1473 2714 1537 facere,
2748 1473 2805 1527 in
2839 1491 2952 1545 quo
3007 1476 3285 1548 scriptum
3338 1480 3412 1534 sit
3459 1488 3511 1535 et
3570 1496 3780 1536 nomen

2141 1559 2601 1633 uniuscujusque
2632 1561 2951 1634 optimatis,
2984 1569 3042 1619 et
3071 1566 3291 1637 praedii,
3325 1569 3477 1636 quod
3523 1584 3591 1624 ex
3635 1585 3781 1624 con-

2139 1647 2404 1704 cessione
2433 1655 2488 1705 et
2515 1652 2914 1723 assignatione
2973 1654 3130 1724 regia
3173 1655 3450 1726 possidet.
3484 1657 3553 1712 Et
3582 1658 3632 1713 si
3663 1656 3784 1728 qui-

2139 1737 2270 1792 dem
2288 1737 2518 1793 amitlat
2533 1739 2885 1810 sagmarium
2902 1757 3077 1797 suum
3099 1744 3366 1814 optimas,
3391 1745 3510 1801 sive
3532 1747 3598 1801 ad
3623 1745 3787 1801 aber-

2139 1826 2351 1882 raverit
2379 1845 2410 1882 a
2442 1829 2554 1896 via,
2589 1828 2707 1882 sive
2742 1829 3056 1901 aufugerit,
3105 1831 3223 1888 sive
3253 1837 3484 1903 raptum
3516 1834 3588 1889 ab
3620 1833 3784 1890 hoste

2143 1914 2340 1983 fuerit,
2389 1916 2497 1971 luit
2543 1915 2916 1988 ipsejactura
2960 1919 3131 1974 fundi
3186 1920 3320 1987 sui;
3379 1921 3590 1993 quodsi
3647 1937 3780 1978 vero

2131 2005 2504 2076 exspiraverit
2545 2007 2758 2072 bestia,
2801 2006 3036 2063 exhibet
3065 2009 3260 2064 comiti
3317 2009 3776 2078 et,cbartulario,

2131 2094 2346 2150 stabuli
2368 2111 2598 2167 nempe,
2633 2101 2884 2152 tesseras
2915 2097 3106 2169 regias
3137 2098 3276 2153 olim
3300 2098 3430 2166 sibi,
3455 2115 3639 2171 quum
3673 2100 3776 2154 be-

2129 2185 2212 2239 tia
2228 2201 2349 2241 sua:
2381 2184 2762 2241 sollicitudini
2794 2186 3263 2255 committeretur,
3293 2189 3540 2244 additas.
3572 2189 3776 2246 Comes

2131 2272 2348 2328 stabuli
2381 2290 2610 2345 quoque
2649 2291 2750 2344 pro
2773 2274 3020 2346 singulis
3050 2276 3300 2331 decuriis
3347 2278 3774 2349 sagmariorum

2132 2367 2367 2433 prmstat
2388 2362 2654 2434 singulos
2684 2363 3037 2435 eyntropbos
3069 2379 3169 2419 seu
3203 2365 3650 2421 contubernales
3673 2371 3774 2422 aut

2129 2451 2372 2504 comites
2403 2449 2652 2515 itineris,
2683 2466 2714 2505 e
2743 2451 2996 2506 statione
3026 2455 3081 2506 et
3122 2451 3370 2506 stabulis
3410 2453 3586 2523 regiis
3616 2455 3770 2524 apud

2128 2536 2419 2609 Malagina
2443 2537 2774 2608 depromtos
2805 2553 2871 2593 eo
2905 2537 3039 2605 ﬁne,
3095 2543 3156 2593 ut
3187 2539 3497 2611 Optimates
3529 2541 3769 2611 quidem

2127 2627 2516 2697 praecedentes
2539 2625 2660 2681 loro
2687 2642 2836 2697 pone
2892 2643 2955 2682 se
2997 2626 3232 2682 trahant
3274 2628 3582 2699 sagmaria,
3616 2629 3767 2686 275

2129 2714 2430 2786 syntrophi
2460 2720 2654 2769 autem
2705 2729 2852 2785 pone
2894 2715 3317 2784 subsequentes
3374 2732 3441 2771 ea
3469 2732 3664 2771 coram
3707 2731 3770 2773 se

2128 2808 2324 2874 agant,
2359 2819 2651 2874 oneraque
2683 2809 2783 2858 aut
2813 2803 3070 2875 delapsa,
3091 2808 3188 2859 aut
3219 2804 3449 2859 ruinam
3485 2805 3770 2861 minantia

2129 2909 2334 2950 rursus
2349 2892 2614 2959 allevent,
2637 2909 2924 2965 suumque
2947 2893 3210 2948 inlocum
3227 2894 3351 2948 etin
3374 2893 3768 2965 squilibrium

2129 2988 2428 3054 reponant.
2463 2983 2524 3037 ld
2557 2983 2708 3037 idem
2744 2998 2974 3052 quoque
3004 2983 3064 3037 in
3105 2981 3426 3054 parhippiis
3485 2983 3767 3038 onerariis

2129 3073 2371 3141 obtinet,
2403 3087 2648 3144 quorum
2682 3071 2932 3142 singulis
2962 3071 3268 3128 vicenariis
3307 3071 3526 3144 singuli
3565 3080 3767 3128 contu-

2131 3161 2396 3218 bernales
2410 3161 2643 3218 adsunt.
2669 3161 2878 3229 Malos,
2899 3165 2966 3216 ut
2988 3161 3045 3215 in
3061 3160 3370 3216 stationem
3394 3161 3766 3233 appulerunt,

2129 3251 2376 3308 sarcinis
2425 3251 2696 3306 liberatos
2752 3250 2905 3306 tradi
2941 3255 2998 3305 et
3037 3249 3406 3305 adnumerari
3451 3249 3562 3306 sibi
3603 3253 3770 3306 curat

2125 3339 2521 3396 cbartularius
2553 3339 2974 3413 Malaginorum
3003 3356 3017 3408 ;
3052 3340 3538 3395 sal'ramentarius
3569 3342 3767 3394 autem

2124 3428 2478 3498 comitesque
2509 3437 2560 3483 et
2589 3427 2892 3500 syntropbi
2924 3436 2977 3483 et
3019 3428 3326 3499 Optimates
3368 3431 3578 3483 exeunt
3631 3443 3766 3484 cum

2125 3515 2326 3571 bestiis
2355 3519 2413 3571 in
2441 3533 2744 3585 pascuum.
2778 3518 3020 3582 Quando
3053 3521 3243 3571 autem
3263 3517 3505 3572 buccina
3535 3517 3766 3588 signum

2123 3605 2383 3675 receptui
2410 3605 2650 3674 dederit,
2685 3608 2969 3660 reducunt
2995 3605 3272 3660 animalia
3303 3621 3407 3659 sua
3455 3622 3768 3676 coramque

2121 3691 2396 3748 exhibent
2416 3691 2610 3760 illis,a
2661 3692 2875 3764 quibus
2905 3697 3267 3760 acceperant,
3308 3708 3374 3748 eo
3416 3693 3607 3762 modo,
3657 3709 3765 3763 quo

2121 3781 2440 3839 combinati
2472 3783 2725 3849 fuerant,
2755 3781 2812 3836 id
2845 3791 2929 3836 est
2953 3783 3174 3837 bestias
3196 3781 3370 3838 simul
3391 3789 3563 3853 atque
3585 3788 3766 3839 tesse-

2121 3889 2216 3929 ras
2249 3875 2610 3942 acceperant.
2642 3873 2937 3937 Quantum
2963 3872 3087 3940 jam
3141 3871 3212 3926 ad
3256 3875 3443 3925 totum
3480 3871 3764 3926 hordeum

2119 3962 2348 4026 attinet,
2381 3959 2440 4016 id
2485 3964 2570 4016 est
2601 3965 2718 4015 tam
2774 3958 3199 4031 sagmariorum
3232 3956 3550 4023 mulorum,
3584 3974 3763 4031 quam

2119 4050 2575 4125 parhippiorum,
2608 4048 2691 4104 uti
2722 4053 2779 4104 et
2823 4047 3187 4104 sellariorum
3245 4062 3547 4116 equorum,
3596 4046 3762 4119 illud,

2118 4141 2224 4196 hoc
2243 4143 2332 4195 est
2360 4143 2580 4194 statuta
2625 4153 2826 4193 eorum
2875 4137 2935 4192 in
2985 4135 3201 4192 hordeo
3241 4135 3444 4203 diaria,
3470 4134 3763 4208 accipiunt

2118 4227 2289 4284 simul
2311 4235 2364 4284 et
2403 4225 2577 4283 semel
2611 4225 2669 4281 in
2701 4242 2818 4281 una
2840 4241 3038 4280 massa
3068 4224 3146 4280 ibi
3177 4223 3458 4289 locorum,
3481 4223 3579 4279 ubi
3606 4238 3764 4278 com-

2117 4317 2397 4373 binantur
2426 4315 2628 4372 bestiae
2655 4315 2733 4388 [id
2758 4318 2847 4370 est
2869 4314 2927 4370 in
2964 4313 3210 4386 singulis
3242 4311 3568 4384 applicatis]
3598 4311 3764 4368 char-

2119 4405 2369 4462 tularius
2399 4403 2613 4460 stabuli
2645 4401 2986 4459 etcellarius
3011 4399 3448 4472 aprotonotario
3474 4401 3760 4470 cujusque

2040 4480 2087 4546 D
2123 4493 2426 4549 thematis:
2458 4497 2514 4547 et
2530 4491 2803 4562 deinceps
2823 4490 3094 4546 dividunt
3113 4493 3170 4545 et
3193 4489 3506 4562 unicuique
3518 4487 3758 4545 animali

362 4578 612 4658 diarium
644 4598 820 4639 suum
873 4599 1116 4657 pensum
1175 4587 1496 4661 porrigunt.
1552 4585 1990 4643 Protonotarius
2027 4590 2221 4641 autem
2274 4581 2548 4638 thematis
2605 4579 2940 4637 admonitus
3001 4579 3291 4650 imperiali
3358 4577 3754 4651 dispositione,

1399 4724 1600 4780 JOAN.
1632 4724 1776 4779 JAC.
1811 4723 2077 4779 REISKII
2106 4717 2706 4778 COMMENTARIUS.

427 4835 538 4904 (69)
555 4835 901 4912 Synirnphus
922 4844 1033 4908 est,
1065 4840 1326 4912 quicum,
1346 4841 1406 4896 in
1436 4842 1604 4909 cuius
1626 4839 2005 4896 contubernio

358 4909 416 4980 e_t
441 4907 626 4980 oculis
644 4907 953 4966 creverunt
975 4907 1162 4966 veredi
1185 4919 1238 4967 et
1257 4907 1554 4978 sagmarii,
1579 4928 1773 4980 agaso,
1803 4913 1998 4966 mullo.

355 4977 525 5049 Tales
552 4980 785 5049 Hispani
817 4983 1182 5037 axemblarios
1212 4984 1417 5038 dicunt
1437 4991 1534 5036 aut
1554 4977 1816 5036 dicebant
1841 4983 2000 5037 olim.

357 5048 478 5123 Vox;
510 5050 628 5104 haec
659 5048 1043 5123 estgArabicas
1094 5052 1352 5123 originis.
1385 5053 1582 5116 Zcmil,
1613 5057 1668 5107 et
1706 5069 1838 5108 cum
1868 5070 2004 5122 pra:-

357 5121 541 5193 posito
572 5120 1099 5196 articulogamemil,
1141 5120 1225 5180 est
1266 5123 1646 5196 sagmarium,
1673 5120 2003 5196 jrumcntum

357 5193 694 5248 onerarium
739 5193 830 5250 vel
887 5205 1185 5251 onustum.
1258 5193 1404 5251 Hinc
1464 5193 1886 5258 azzemilariue,
1949 5198 2005 5250 et

357 5278 545 5344 prona
627 5267 1042 5390 depravatione
1106 5267 1536 5333 aexrmblarius,
1613 5266 1712 5336 qui
1773 5282 1998 5326 sagma-

360 5349 449 5390 ria
473 5341 662 5390 curat.
754 5378 770 5390 .
825 5337 914 5390 Du
971 5338 1252 5390 Cangium
1312 5339 1372 5390 h.
1424 5354 1501 5390 ν..
1561 5337 1659 5390 υὺὶ
1707 5351 1737 5390 e
1802 5337 1998 5390 charta

360 5337 449 5390 ria
473 5337 770 5410 c_urat.__V.
825 5337 914 5394 Du
971 5338 1252 5410 Cangium
1312 5339 1372 5394 b.
1424 5354 1501 5410 v.,
1561 5337 1659 5410 ubi
1707 5351 1737 5391 e
1802 5337 2005 5410 charta

363 5406 612 5480 quadam
662 5406 1134 5480 Hispanicame
1182 5411 1369 5465 citat:
1429 5408 1740 5474 Sancimus,
1789 5408 1928 5480 quod
1956 5410 2005 5463 si

403 5476 506 5552 uia
540 5476 919 5552 azembturius
976 5479 1378 5552 [syntropbus]
1431 5483 1486 5534 et
1528 5482 1620 5535 sui
1663 5476 2003 5552 coadj'uiarc:

403 5491 484 5528 uis
540 5491 919 5535 azenmturzus
976 5491 1378 5552 [synlrophusl
1431 5491 1486 5534 et
1528 5491 1618 5535 sui
1663 5491 2000 5551 coaajutam

364 5491 723 5628 iqpﬁimatesl
749 5553 1078 5628 etporlorri
1097 5553 1434 5628 _[0pp_idani,
1463 5550 1868 5628 municipales]
1903 5564 2000 5604 no-

368 5621 471 5670 stri
499 5621 846 5690 inrcapiendo
865 5623 1142 5678 animalia
1169 5621 1328 5679 nabis
1357 5629 1409 5678 et
1439 5621 1610 5678 curiae
1667 5621 1867 5678 nostra:
1904 5637 2002 5676 ne-

371 5689 614 5744 cessaria
629 5689 876 5747 nuntiati
893 5694 1123 5761 fuerint,
1155 5695 1470 5764 deliquisse.
1503 5694 1608 5760 Qui
1639 5693 1730 5750 hic
1790 5707 2004 5749 memo-

2115 4845 2315 4895 rantur
2341 4835 2594 4908 portarii,
2622 4839 2759 4892 sunt
2808 4835 3211 4906 municipales,
3258 4833 3461 4908 incolis
3502 4833 3756 4908 oppido-

2115 4927 2274 4978 rum;
2300 4904 2353 4963 νζ
2387 4909 2472 4963 Du
2503 4909 2692 4978 Cange
2721 4923 2770 4961 v.
2818 4904 3045 4974 Portus,
3061 4909 3235 4962 tribus
3272 4905 3359 4978 vel
3382 4906 3544 4978 rrrgio
3572 4904 3750 4978 urbis.

2111 4975 2276 5049 Apud
2313 4981 2512 5049 Belgas
2538 4980 2594 5032 id
2626 4975 2813 5033 adhuc
2861 4987 3148 5048 superest,
3200 4975 3294 5049 qui
3337 4977 3526 5049 vicum
3581 4975 3752 5049 urbis

2111 5045 2240 5108 eam
2271 5045 2464 5122 Buyr't,
2495 5059 2550 5106 et
2581 5050 2764 5105 civem
2796 5045 3328 5122 vel__municipalem
3372 5045 3748 5101 Amsteloda-

2115 5119 2471 5178 menses'een
2503 5123 2696 5177 Porler
2727 5119 3040 5192 appellant.

2186 5195 2294 5263 (70)
2320 5193 2508 5248 Δώσιι.
2548 5191 2856 5248 Subinlell.
2890 5195 3133 5263 σημεῖον,

2184 5257 2301 5334 (71)
2334 5265 2578 5320 Raditum
2600 5257 2979 5334 domum.rllla
3017 5257 3594 5334 visinestparticulm
3611 5259 3745 5314 κατά

2115 5328 2420 5392 ίαωυιιίε
2469 5333 3005 5404 compositionibus,
3050 5335 3115 5384 ut
3165 5328 3434 5404 κατάγειν,
3476 5333 3749 5404 reducere

2111 5408 2330 5462 domum
2379 5399 2644 5462 hactenus
2687 5399 2997 5467 absentem,
3043 5399 3324 5468 καθήκειν,
3367 5399 3742 5472 κατέρχεσθαι,

2111 5478 2294 5533 redire
2324 5479 2390 5531 ab
2421 5476 2638 5531 exsilio.
2672 5475 2830 5528 Conf.
2850 5472 3223 5538 Aristophan.
3259 5472 3400 5525 Ran.
3422 5486 3475 5526 v.
3513 5472 3674 5528 1196.

2181 5550 2295 5618 (72)
2331 5549 2389 5602 In
2423 5548 2527 5602 hoc
2561 5546 2684 5600 loco
2709 5542 2907 5599 Latine
2942 5541 3226 5618 reddendo
3259 5541 3749 5618 sudandummihi

2113 5609 2244 5684 fuit,
2276 5609 2604 5689 vereorque,
2637 5621 2700 5671 ut
2729 5618 2926 5684 aptum
2953 5613 3319 5683 probumque
3349 5609 3447 5676 sit,
3470 5613 3620 5680 quod
3651 5627 3748 5668 ex-

2114 5690 2358 5746 tundere
2388 5687 2568 5760 potui.
