4172 6300
456 406 573 465 915

1565 406 2096 470 CONSTANTINI
2144 407 2831 468 PORPHYROGENITI

3737 421 3844 481 9l6

458 540 696 597 nomine
726 540 1084 612 singulorum
1116 542 1538 613 applicatorum
1575 543 1931 608 continente,
1983 539 2222 611 deponit
2269 539 2350 594 ibi
2381 539 2665 606 locorum,
2715 541 2813 596 ubi
2873 541 3158 612 deponere
3200 543 3408 615 jussus
3438 547 3633 618 fuerit,
3665 551 3849 624 impu-

460 633 644 684 tatam
679 629 791 685 sibi
824 631 1050 701 copiam
1085 647 1196 685 non
1221 632 1420 686 hordei
1445 637 1697 700 tantum,
1747 632 1845 685 sed
1880 633 1938 684 et
1969 628 2214 683 aliarum
2247 631 2511 685 omnium
2545 628 2688 700 regii
2725 629 3036 688 comitatus
3089 635 3524 692 necessitatum.
3586 639 3648 694 Id
3700 657 3847 710 vero,

456 719 610 790 quod
645 719 704 774 in
737 719 951 774 hordeo
986 721 1218 774 nomine
1252 721 1510 776 muneris
1543 718 1878 791 imperatori
1930 719 2189 784 oﬂ‘ertur,
2243 717 2301 772 in
2337 718 2508 773 fidem
2557 733 2880 790 curamque
2913 737 3078 777 suam
3121 725 3331 794 accipit
3387 729 3608 782 stabuli
3639 745 3849 801 comes,

451 810 669 879 scripto
697 809 1047 874 consignans
1079 809 1414 873 identidem,
1448 820 1728 882 quantum
1771 809 2076 880 acceperit,
2127 823 2320 862 coram
2368 808 2520 863 idico
2551 813 2608 863 et
2639 811 2903 880 notariis,
2957 813 3055 882 qui
3096 815 3275 868 simul
3337 831 3466 871 cum
3529 819 3658 889 ipso
3709 819 3848 878 idem

448 890 688 963 faciunt,
723 895 895 964 idque
926 895 1054 950 ideo
1115 897 1197 966 ﬁt,
1243 906 1300 952 ut
1336 903 1465 967 post
1496 898 1748 952 reditum
1799 896 1870 952 ab
1921 895 2282 964 expeditione
2335 895 2598 964 domum,
2651 901 2881 966 quando
2940 901 3370 971 protonotarius
3421 903 3756 977 [generalis]
3801 917 3846 964 et

448 983 843 1040 chartularius
887 985 1150 1057 [stabuli]
1199 987 1483 1042 rationem
1532 1005 1564 1042 a
1593 1003 1654 1043 se
1712 985 1948 1058 praestiti
1983 991 2040 1039 et
2083 984 2300 1056 accepti
2348 1001 2531 1055 penus
2589 987 2834 1042 reddent
2892 988 2949 1043 in
3001 995 3222 1076 secreto
3271 993 3432 1061 idici,
3480 995 3852 1054 remittantur

447 1074 574 1145 [pro
601 1075 863 1144 proxima
914 1076 1298 1147 expeditione]
1340 1077 1752 1148 protonotariis
1792 1077 1936 1138 dies,
1990 1075 2205 1145 quibus
2237 1074 2581 1132 debuissent
2623 1077 2767 1132 alias
2809 1074 3134 1136 necessaria
3191 1089 3484 1154 praestare.
3536 1091 3846 1159 Postquam

447 1163 740 1232 trajecerit
796 1162 1112 1234 imperator
1172 1165 1377 1221 fretum
1431 1171 1487 1220 et
1536 1165 1865 1220 lustraverit
1925 1163 2338 1234 promosellam
2398 1182 2501 1220 seu
2561 1168 2789 1238 privum
2842 1169 2951 1224 sibi
3005 1187 3176 1228 suum
3234 1175 3848 1246 equitatum,mandat

446 1251 638 1306 comiti
669 1252 905 1319 stabuli,
938 1253 1230 1322 quomodo
1264 1262 1455 1308 actum
1481 1269 1612 1308 cum
1645 1270 1708 1309 eo
1757 1253 1912 1318 velit,
1947 1251 2360 1325 distribuitque
2407 1270 2540 1311 eum
2588 1273 2653 1312 eo
2698 1259 2885 1327 modo,
2915 1261 3015 1332 qui
3063 1262 3337 1336 deinceps
3367 1264 3616 1322 dicetur.
3650 1269 3847 1324 Comes

447 1343 793 1412 optimatum
828 1343 1137 1397 ministerii
1167 1343 1447 1399 culinaria
1483 1348 1751 1416 praestare
1801 1344 1972 1399 debet
2018 1342 2170 1398 viros
2200 1345 2499 1414 ducentos,
2533 1363 2781 1418 quorum
2815 1356 3040 1421 partem
3067 1353 3370 1411 dimidiam
3403 1373 3599 1413 comes
3635 1359 3846 1416 stabuli

445 1439 498 1485 et
531 1431 926 1487 chartularius
956 1433 1083 1502 eius
1113 1433 1174 1488 in
1223 1434 1393 1490 ﬁdem
1436 1451 1752 1506 curamque
1791 1451 1957 1490 suam
1999 1433 2310 1506 accipiunt,
2372 1439 2721 1495 nominatim
2791 1442 3007 1513 scripto
3067 1445 3428 1517 designatos,
3467 1465 3570 1519 pro
3615 1455 3844 1506 centum

454 1520 645 1590 equis,
677 1520 776 1592 qui
807 1536 999 1576 coram
1055 1522 1402 1594 imperatore
1443 1525 1756 1579 trahuntur
1793 1532 1848 1579 et
1889 1523 2308 1594 producuntur.
2370 1528 2649 1584 Comitem
2701 1530 3047 1600 optimatum
3106 1551 3236 1591 vero
3285 1553 3415 1592 cum
3474 1538 3661 1595 altera
3703 1541 3848 1612 opti-

450 1613 673 1663 matum
705 1609 965 1665 centuria
995 1627 1162 1666 suam
1196 1613 1253 1665 in
1283 1613 1454 1667 fidem
1491 1629 1811 1686 curamque
1856 1613 2150 1684 accipiunt
2199 1615 2504 1686 praefectus
2538 1634 2750 1674 mensae
2781 1625 2838 1675 et
2866 1624 3218 1680 domesticus
3243 1626 3843 1686 ministeriiculinaris

447 1700 504 1752 et
535 1699 788 1767 privatus
821 1699 1012 1771 regius
1042 1700 1328 1756 cellarius.
1366 1703 1430 1757 Et
1461 1702 1669 1758 horum
1704 1704 2093 1773 posteriorum
2126 1706 2417 1776 octoginta
2455 1708 2690 1777 quidem
2738 1709 2976 1765 trahunt
3022 1729 3171 1782 pone
3218 1731 3282 1770 se
3328 1716 3568 1772 totidem
3619 1734 3842 1791 sagma-

448 1773 570 1855 ria;
606 1787 812 1858 reliqui
844 1790 1046 1859 viginti
1076 1807 1308 1863 gregem
1342 1798 1687 1864 sequuntur.
1724 1796 1788 1848 Hi
1823 1794 2152 1864 optimates,
2182 1773 2408 1867 unaque
2439 1773 2568 1852 cum
2602 1798 2747 1869 ipsis
2780 1773 3104 1874 syntropbi,
3131 1805 3445 1877 accipiunt,
3497 1773 3843 1880 imperatore

440 1875 502 1930 in
524 1877 829 1934 stationem
869 1880 1134 1950 appulso.
1196 1898 1229 1936 a
1260 1882 1546 1938 ministris
1605 1884 1809 1938 culinas
1869 1900 2049 1954 equos
2103 1885 2452 1952 veredarios,
2504 1891 2560 1941 et
2598 1889 2820 1944 ducunt
2874 1906 2973 1948 eos
3026 1898 3258 1962 pastum
3307 1897 3378 1951 ad
3427 1897 3837 1956 cbartularium

443 1967 1137 2041 276Malaginorum.1d
1164 1988 1395 2044 quoque
1427 1975 1492 2028 ﬁt
1540 1974 1611 2028 de
1659 1973 1894 2044 reliquis
1924 1973 2226 2043 onerariis,
2259 1983 2313 2030 et
2344 1975 2496 2031 idem
2528 1975 2749 2034 faciunt
2775 1979 2832 2034 in
2887 1982 3224 2040 universum
3267 2003 3490 2056 omnes,
3541 1989 3642 2061 qui
3689 1991 3841 2064 regia

431 2058 702 2128 jumenta
733 2061 790 2114 in
825 2059 1174 2128 combinam,
1207 2063 1266 2118 id
1297 2071 1380 2118 est
1412 2065 1888 2120 commissionem
1924 2065 2213 2135 ﬁdemque
2243 2081 2433 2132 suam,
2467 2083 2580 2125 una
2618 2085 2752 2126 cum
2786 2075 3000 2130 tessera
3028 2077 3355 2148 acceperint
3386 2097 3398 2146 ;
3433 2095 3642 2155 nempe
3693 2085 3840 2156 opti-

437 2153 621 2204 mates
651 2149 867 2221 singuli
900 2151 1152 2223 singulis
1168 2154 1475 2224 sagmariis
1507 2154 1790 2222 a:lditi,ut
1822 2171 1998 2226 supra
2019 2156 2144 2226 jam
2175 2153 2396 2213 dictum
2428 2163 2536 2214 est.

824 2246 1180 2305 Onerationes
1210 2259 1392 2306 autem
1423 2252 1506 2306 sic
1529 2254 1690 2322 fiunt.

498 2336 545 2390 A
573 2336 686 2405 [vel
720 2337 842 2407 pro]
881 2338 1035 2408 regio
1078 2339 1404 2396 ministerio
1444 2341 1684 2396 culinari
1746 2341 1892 2397 muli
1939 2358 2076 2398 one-

431 2427 631 2478 rantur
659 2426 972 2496 octoginta,
1006 2427 1310 2500 parhippia
1345 2429 1644 2500 sexaginta
1674 2431 1810 2485 duo.
1845 2436 1891 2484 A
1923 2435 2079 2502 regia

429 2516 587 2566 certe
618 2527 714 2566 seu
747 2514 978 2568 tentorii
1003 2515 1144 2586 regii
1176 2515 1460 2572 famulitio
1484 2519 1770 2588 sagmaria
1787 2520 2076 2590 quinqua-

427 2597 611 2668 ginta,
647 2599 954 2671 parhippia
985 2601 1072 2655 43.
1122 2603 1166 2658 Α
1221 2603 1442 2672 privato
1491 2605 1648 2676 regio
1681 2605 1952 2661 vestiario
1985 2624 2078 2663 sa-

435 2685 661 2756 gmaria
685 2687 772 2751 30,
798 2688 1061 2758 parb.15.
1083 2689 1334 2746 Abidico
1357 2708 1541 2764 sagm.
1575 2694 1664 2759 40,
1688 2698 1745 2750 et
1769 2694 2080 2751 hebdoma-

429 2773 652 2829 riorum
678 2774 844 2846 parb.
881 2776 965 2831 15.
998 2779 1044 2832 Α
1075 2780 1512 2850 protovestiario
1543 2799 1724 2853 sagm.
1757 2785 1790 2838 4
1825 2789 1881 2840 et
1910 2784 2074 2855 parb.

429 2861 693 2917 totidem.
728 2865 775 2919 A
806 2865 1110 2922 duodecim
1142 2869 1434 2925 cmtonitis
1455 2872 1524 2926 24
1546 2887 1727 2944 sagm.
1749 2878 1805 2929 et
1834 2873 2078 2929 totidem

428 2950 800 3024 parhippia.A
814 2956 1200 3028 quadraginta
1214 2959 1656 3016 famulismensae
1671 2963 1836 3034 regiae
1851 2965 2081 3019 adstan-

434 3038 594 3094 tibus
626 3057 816 3113 sagm.
847 3045 918 3096 2O
949 3045 1254 3100 ettotidem
1280 3048 1782 3119 parb.Aducentis
1803 3051 1874 3104 ad
1905 3050 2077 3105 hetae-

441 3127 588 3182 riam
608 3131 1042 3198 pertinentibus
1055 3133 1194 3188 viris
1207 3152 1393 3206 sagm.
1417 3137 1517 3190 100
1530 3142 1585 3191 et
1599 3137 1669 3190 24
1682 3137 1843 3208 parhi
1856 3139 2006 3207 ppia.
2033 3140 2077 3193 A

435 3223 665 3270 centum
699 3220 910 3274 exteris
941 3220 1186 3278 hetaeriae
1209 3226 1495 3293 praefectis
1525 3227 1818 3297 sagmaria
1841 3229 2076 3296 50,par-

428 3302 628 3372 hippia
659 3306 778 3359 100.
810 3309 856 3362 Α
895 3308 1106 3365 comite
1128 3311 1340 3366 stabuli
1393 3329 1583 3384 sagm.
1626 3315 1692 3368 12
1747 3320 1806 3370 et
1835 3316 2076 3372 totidem

428 3391 752 3462 parhippia.
780 3396 825 3449 A
855 3395 1207 3452 chartulario
1237 3406 1290 3454 et
1339 3401 1564 3471 epeicta
1594 3418 1781 3474 sagm.
1817 3405 1883 3460 16
1912 3409 1968 3459 et
1989 3411 2078 3460 to-

429 3478 614 3534 tidem
646 3483 808 3552 parh.
852 3485 898 3538 A
948 3488 1338 3556 promocondo
1397 3490 1612 3546 cellarii
1667 3493 1810 3564 regii
1867 3494 2076 3550 stabuli

435 3582 619 3638 sagm.
652 3571 722 3625 30
749 3575 805 3626 et
835 3573 998 3642 parh.
1026 3574 1111 3628 12.
1145 3576 1190 3630 A
1219 3579 1425 3632 comite
1446 3579 1659 3635 stabuli
1694 3580 1863 3637 Urbis
1884 3599 2070 3654 sagm.

433 3657 470 3711 2
497 3662 554 3712 et
582 3659 714 3730 equi
747 3661 862 3715 duo
896 3662 1110 3731 pariter
1137 3679 1205 3720 ex
1236 3667 1499 3724 urbanis.
1531 3670 1613 3723 Ab
1643 3671 1930 3726 ambobus
1953 3678 2075 3727 sta-

441 3746 561 3801 buli
590 3748 899 3804 comitibus
931 3749 1071 3821 [uno
1101 3752 1378 3823 palatino,
1428 3756 1527 3826 qui
1568 3756 1626 3811 in
1661 3758 1812 3814 Urbe
1850 3759 1991 3832 agit,
2023 3768 2077 3817 et

443 3834 644 3904 altero,
679 3838 776 3906 qui
809 3837 865 3891 in
893 3837 1217 3913 Malaginis]
1251 3859 1436 3914 sagm.
1468 3845 1492 3898 1
1527 3850 1583 3900 et
1620 3847 1753 3918 equi
1804 3863 1872 3904 ex
1907 3850 2082 3905 urba-

443 3923 534 3977 nis
548 3925 600 3978 2.
619 3927 663 3978 A
683 3926 1068 3998 quadraginta
1083 3931 1416 4002 syntrophis
1439 3931 1524 3987 vel
1559 3937 2080 3994 contubernalibus

438 4011 803 4067 sellariorum
829 4030 1012 4085 sagm.
1041 4017 1120 4086 5.,
1153 4018 1318 4089 parh.
1339 4021 1427 4074 40.
1460 4027 1505 4073 Α
1525 4021 1870 4078 cbartulario
1902 4026 2079 4081 Mala-

438 4097 704 4166 ginorum
736 4117 918 4173 sagm.
941 4105 1088 4171 5.,et
1120 4107 1358 4161 totidem
1384 4108 1619 4177 parb.lA
1642 4112 2079 4169 saframentario

439 4201 627 4259 sagm.
654 4188 678 4242 1
705 4194 760 4243 et
778 4191 908 4259 equi
931 4192 1065 4246 duo.
1095 4199 1138 4248 Α
1165 4196 1738 4263 quatuorcomitihus
1758 4199 2078 4271 Malagino-

440 4290 569 4348 rum
596 4292 784 4346 sagm.
810 4280 862 4344 4,
898 4280 1062 4348 parh.
1097 4283 1146 4334 4.
1185 4284 1229 4335 Α
1288 4283 1609 4339 stratiotico
1651 4285 1778 4357 [seu
1811 4290 2076 4346 rationali

439 4364 523 4416 rei
543 4364 834 4437 militaris]
855 4384 954 4436 pro
977 4369 1299 4425 deferendis
1323 4373 1675 4431 membranis
1694 4379 1867 4449 regiis
1891 4396 2073 4447 sagm.

435 4453 490 4504 2.
540 4452 833 4510 Adecano
893 4471 995 4524 pro
1040 4456 1367 4516 deferendis
1426 4462 1562 4520 item
1621 4465 1842 4522 chartis
1903 4470 2078 4542 regiis

439 4555 626 4609 sagm.
659 4541 708 4594 1.
739 4543 785 4595 A
814 4548 1064 4612 quatuor
1095 4550 1334 4618 papadis
1357 4550 1466 4622 [vel
1489 4551 1713 4611 clericis
1740 4565 1836 4611 aut
1869 4574 2079 4614 mona—

442 4627 566 4682 chis
588 4628 656 4683 de
685 4628 837 4686 clero
869 4630 1143 4704 palatino,
1177 4646 1363 4694 castra
1395 4645 1797 4716 sequentibus]
1827 4651 2074 4717 sagm.4.

444 4716 717 4772 Elficiunt
742 4718 801 4775 in
826 4720 1160 4778 universum
1192 4727 1520 4784 combinata
1549 4735 1840 4804 sagmaria
1873 4716 2074 4793 nume-
2129 4755 2139 4764 '

444 4819 566 4860 rum
593 4804 712 4860 482.
736 4807 956 4873 Quibus
986 4809 1034 4865 si
1069 4812 1354 4870 addantur
1383 4825 1678 4892 parasyrta
1709 4839 1809 4877 seu
1843 4839 2074 4896 sagma-

2112 2253 2166 2320 A

2628 2256 2776 2314 Εἰσὶν
2809 2259 2861 2312 αἱ
2893 2261 3191 2336 φορτωσίαι
3215 2264 3410 2327 οὕτως·

2260 2342 2356 2396 Διά
2401 2350 2502 2412 τῆς
2555 2344 2851 2418 βασιλικῆς
2903 2350 3198 2425 ὑπουργίας
3245 2357 3524 2431 σαγμάρια
3581 2366 3652 2428 π’,
3703 2383 3838 2436 παρ-

2191 2432 2352 2486 ίππια
2552 2431 2640 2488 διὰ
2687 2439 2784 2504 τῆς
2855 2439 3148 2510 βασιλικῆς
3197 2444 3399 2516 κόρτης
3450 2449 3727 2524 σαγμάρια
3773 2431 3836 2523 ν’,

2187 2519 2461 2594 παρίππια
2513 2530 2621 2597 py"
2676 2523 2764 2578 διὰ
2811 2531 2907 2581 τοῦ
2959 2528 3232 2585 οἷκειακοῦ
3284 2533 3573 2606 βασιλικοῦ
3623 2538 3837 2612 βεστια-

2189 2609 2310 2682 ρίου
2369 2611 2641 2684 σαγμάρια
2700 2611 2767 2686 λ’,
2826 2616 3105 2672 παπίππια
3181 2622 3256 2674 ιε’·
3330 2620 3417 2676 διὰ
3471 2629 3572 2678 τοῦ
3633 2625 3835 2683 εἷδικοῦ

2190 2697 2464 2772 σαγμάρια
2523 2701 2576 2772 μ’
2633 2702 2724 2789 καὶ
2802 2707 2909 2760 τῶν
2991 2701 3337 2782 ἑϐδομαρίων
3414 2714 3691 2789 παρίππια
3758 2719 3834 2772 ιε’·

2190 2783 2278 2840 διὰ
2324 2790 2421 2842 τοῦ
2469 2786 2970 2867 πρωτοϐεστιαρίου
3025 2799 3294 2872 σαγμάρια
3351 2797 3414 2869 δ’,
3466 2804 3740 2879 παρίππια
3771 2805 3832 2862 δ”

2193 2872 2282 2930 διὰ
2311 2882 2417 2932 τῶν
2458 2886 2791 2936 κοιτωνιτῶν
2837 2889 2944 2938 τῶν
3001 2887 3072 2956 ιβ’
3124 2889 3400 2962 σαγμςὶρια
3429 2889 3531 2964 κδ’,
3563 2896 3838 2969 παρίππια

2189 2962 2288 3021 κδ’.
2341 2963 2430 3019 διὰ
2476 2971 2582 3021 τῶν
2627 2971 2927 3043 σαράκοντα
2995 2977 3107 3047 (73)
3144 2981 3251 3032 τῶν
3307 2982 3726 3057 παρισταμένων
3765 2992 3834 3060 τῇ

2189 3052 2425 3126 τραπέζῃ
2498 3058 2775 3128 σαγμάρια
2836 3061 2903 3130 κ’,
2979 3066 3256 3137 παρίππια
3312 3069 3378 3121 ac"
3441 3067 3532 3126 διὰ
3586 3078 3693 3127 τῶν
3747 3075 3832 3130 ἐπὶ

2187 3144 2286 3238 fit;
2319 3142 2582 3215 ἑταιρείας
2615 3143 2811 3221 ἄνδρας
2867 3151 2931 3221 α’,
2987 3157 3258 3230 σαγμάρια
3291 3160 3352 3231 ρ’,
3394 3161 3670 3233 παρίππια
3702 3168 3836 3238 (74).

2189 3225 2277 3283 διὰ
2303 3235 2412 3285 τῶν
2469 3239 2513 3306 ρ’
2570 3233 2792 3290 ἐθνικῶν
2851 3243 2958 3293 τῶν
3016 3240 3105 3296 ἐπὶ
3161 3252 3260 3313 τῆς
3318 3248 3583 3322 ξταιρεὲας
3626 3254 3833 3328 σαγμά-

2189 3339 2277 3392 ρια
2324 3321 2388 3390 ν’,
2437 3321 2712 3397 παρίππικ
2763 3327 2827 3400 ρ”
2879 3325 2966 3384 διὰ
3023 3336 3120 3386 τοῦ
3175 3335 3420 3407 κόμη-τος
3471 3344 3569 3394 τοῦ
3599 3339 3831 3399 στάὸλου

2189 3409 2467 3484 σκγμάρια
2517 3413 2612 3486 ιβ’,
2669 3416 2946 3490 παρίππια
3009 3422 3097 3495 ιβ”
3160 3421 3247 3478 διὰ
3303 3425 3398 3481 τοῦ
3431 3433 3831 3508 χαρτουλαρέου

2186 3496 2277 3550 καὶ
2342 3501 2438 3551 τοῦ
2498 3496 2748 3556 ἒπείκτου
2804 3508 3076 3582 σαγμάρια
3140 3519 3221 3582 ις’,
3269 3516 3547 3589 παρίππια
3609 3522 3692 3584 ις’·
3747 3519 3833 3576 διὰ

2184 3588 2282 3638 τοῦ
2311 3585 2576 3650 ἀποθέτου
2626 3595 2724 3644 τοῦ
2773 3593 3075 3671 κξλλαρίου
3120 3605 3217 3654 τοῦ
3264 3601 3553 3675 βασιλικοῦ
3597 3605 3829 3664 στάϐλου

2187 3676 2463 3749 σαγμάρια
2495 3675 2562 3751 λ’,
2607 3681 2883 3753 παρίππια
2939 3686 3028 3761 ιβ’⁶
3091 3685 3177 3742 διὰ
3227 3695 3322 3745 τοῦ
3382 3689 3828 3770 σταϐλοκόμητος

2188 3769 2286 3831 τῆς
2319 3763 2535 3828 πόλεως
2593 3772 2869 3845 σαγμάρια
3025 3776 3115 3832 καὶ
3155 3777 3413 3836 πολιτικᾶ
3443 3784 3678 3860 ἱππάρια
3711 3785 3827 3842 δύο·

2191 3848 2279 3906 διὰ
2353 3858 2459 3909 τῶν
2539 3854 2633 3912 δύο
2710 3858 3179 3938 σταϐλοκομήτων
3238 3872 3540 3946 σαγμάριον
3609 3877 3674 3947 α’,
3740 3878 3828 3932 καὶ

2188 3937 2448 3998 πολιτικὰ
2491 3945 2723 4021 ἱππάρια
2900 3949 2989 4007 διὰ
3037 3958 3142 4010 τῶν
3191 3959 3490 4032 σαράκοντα
3524 3965 3826 4044 συντρόφων

2189 4033 2295 4084 τῶν
2356 4029 2659 4107 σελλαρίων
2719 4042 2989 4115 σαγμάρια
3049 4045 3105 4115 ε’,
3161 4048 3434 4119 παρίππια
3483 4053 3557 4126 μ”
3609 4051 3697 4108 διὰ
3734 4059 3825 4110 τοῦ

2189 4125 2597 4219 χαρτουΛαρίου
2649 4127 2755 4180 τῶν
2809 4128 3137 4206 Μαλαγίνων
3184 4139 3454 4212 σαγμάρια
3488 4125 3568 4208 γε’,
3627 4143 3824 4219 παρίπ-

2187 4227 2285 4260 πια
2337 4211 2410 4263 ε’⁶
2481 4208 2568 4266 δια
2623 4213 2719 4270 τοῦ
2781 4225 3250 4297 σαφραμενταρίου
3289 4230 3615 4304 σαγμάριιιν,
3663 4234 3822 4288 ἱππά·

2189 4314 2277 4369 ρια
2429 4296 2516 4353 διὰ
2555 4307 2661 4356 τῶν
2702 4301 2744 4358 δ’
2781 4310 3041 4379 κομήτων
3089 4296 3198 4367 τῶν
3249 4296 3821 4398 Μαλαγίνων-σαγμά-

3431 4381 3440 4390 .
3695 4381 3733 4398 ..

2189 4403 2278 4456 ρια
2336 4381 2396 4455 δ’,
2457 4390 2731 4463 παρίππια
2789 4391 2868 4448 δ’·
2932 4393 3020 4452 διὰ
3074 4405 3169 4454 τοῦ
3228 4413 3619 4477 στρατιωτικοῦ
3659 4410 3733 4470 εἷς
3763 4411 3824 4465 τὰ

2192 4471 2448 4542 βασιλικὰ
2521 4480 2719 4552 γαρ-τίοι
2789 4485 3065 4560 σαγςιάρια
3122 4485 3238 4544 δύο·
3301 4490 3389 4547 διὰ
3443 4495 3538 4550 τοῦ
3607 4494 3824 4554 δέκανοῦ

2188 4559 2263 4622 εἷς
2313 4564 2380 4617 τὰ
2442 4566 2699 4640 βασιλικᾶ
2756 4574 2958 4646 χαρτία
3014 4579 3311 4653 σαγμάριον
3371 4590 3452 4636 αό
3517 4582 3606 4640 διὰ
3662 4586 3822 4643 τῶνδ

2185 4649 2444 4705 παπάδων
2523 4659 2794 4730 σαγμάρια
2870 4658 2930 4720 δ’.
2999 4667 3179 4737 ’Όμοῦ
3263 4671 3328 4724 τὰ
3402 4678 3822 4740 κομπινευθέντα

2185 4740 2456 4814 σαγμάρια
2512 4745 2658 4818 υπβ’.
2720 4752 3037 4824 Παρασυρτᾶ
3090 4757 3157 4810 τὰ
3231 4758 3305 4820 εἰς
3366 4761 3660 4840 ὑπαλλαγή
3719 4773 3820 4824 τῶν

2185 4828 2635 4898 ἂποθνησκόντων
2714 4835 2802 4889 καὶ
2887 4845 2993 4894 τῶν
3079 4843 3536 4925 ἀποστασιαρῑων,
3615 4855 3703 4910 καὶ
3770 4855 3819 4911 ἓν

1577 4965 1778 5024 JOAN.
1808 4968 1950 5025 JAC.
1975 4973 2239 5031 REISKII
2272 4977 2862 5048 COMMENTARIUS.

509 5075 622 5148 (73)
670 5077 888 5164 Vulgus
944 5079 1183 5172 Graecus
1237 5080 1370 5154 σάρα
1453 5101 1553 5172 pro
1609 5088 1839 5172 τέσσαρα
1888 5098 2071 5172 e_tt'ert,

435 5146 694 5230 adeoque
741 5146 1192 5230 oipixovzaLpro
1220 5146 1676 5230 _tsooapaixovrat,'
1892 5146 2072 5224 gnari

434 5217 508 5272 ad
531 5217 887 5308 Cod.‘p:\9'5,‘
905 5227 961 5276 et
1013 5217 1356 5308 :l‘lieopban.
1404 5217 1779 5308 ’ρὶ-ρῡοςμν.
1800 5217 2077 5308 ἒαρᾘνξόξ

432 5306 616 5365 πηχον
645 5295 704 5379 e‘t
732 5290 1044 5379 QqCangi‘i
1081 5290 1309 5379 Gtt-Gr.
1343 5290 1568 5379 p-800,
1605 5290 1696 5379 ubi
1730 5290 2076 5379 σαραντολεί-

435 5361 634 5446 τούργο
674 5361 1263 5446 ὴιώθι,ριιᾶι1ζα9ἱηια
1292 5361 1496 5446 missae,
1549 5361 2069 5446 ῥειαιίταρὲηαὲίιιήι.

441 5431 555 5501 Ipsi
583 5431 712 5520 'jam
743 5431 961 5520 veteris
990 5431 1128 5520 φάραξ
1167 5455 1268 5520 pro
1289 5431 1516 5520 τέσσαρα
1557 5431 1620 5500 et
1649 5431 2076 5520 capi’péo'ééél

441 5518 579 5590 ταρα
619 5504 1009 5590 όξεθὺιιηιηιιι
1039 5504 1198 5590 patet
1239 5526 1308 5590 ea
1357 5504 1627 5590 Alliean
1684 5504 1739 5590 p‘.
1785 5504 1916 5588 29.4,
1971 5504 2069 5580 ubi

443 5578 610 5664 pqeta
639 5575 708 5628 de
738 5576 1011 5664 superbia
1040 5575 1095 5633 et
1117 5575 1800 5664 scmvitate_pis_cariorum
1823 5575 2070 5664 querens

445 5641 526 5694 ait
551 5658 666 5733 Leos
723 5641 866 5725 .tain
929 5647 1327 5733 importunos.
1369 5641 1443 5709 et‘
1491 5641 2069 5733 feroces—estSeZ-"ut

442 5713 629 5780 pretia
681 5713 928 5783 piscium
985 5713 1057 5775 ne
1123 5721 1362 5794 integris
1407 5713 1902 5809 quidem—verbis,

2182 5099 2556 5196 abruptis_et
2605 5115 2763 5190 parte
2803 5113 3056 5196 quadam
3106 5119 3383 5196 mutilatis
3438 5125 3715 5196 indicent,
3761 5138 3822 5190 ut

2186 5187 2298 5227 non
2334 5176 2530 5233 dicant
2548 5176 2837 5254 τεττάρων”
2860 5176 3098 5260 ὀϐολῶν,
3140 5193 3241 5248 sed
3291 5176 3821 5261 1;:

2181 5259 2290 5315 ρων
2334 5262 2348 5301 :

3330 5373 3446 5428 κὀὗ
3489 5374 3675 5434 λαλῶν

2285 5421 2432 5526 ἔρξαι
2469 5425 2670 5526 ῥήεὶιαί
2699 5425 2853 5520 ⁹ἀλλὰ
2893 5431 3172 5507 σῦλλαϐὴν
3213 5421 3453 5518 ἀφελδνῖ

2282 5491 2478 5548 Βολῶν
2513 5491 2711 5571 γένοιτ’
2740 5498 2818 5560 ἄν.

2245 5599 2974 5698 atAt-Eii:deLeiratgabsque
3001 5613 3218 5676 lacunae
3250 5625 3490 5698 vestigio
3527 5627 3585 5686 in
3618 5633 3812 5690 codice

2173 5676 3146 5774 minimus-perbippipru'm,‘quem
3179 5676 3270 5751 exi
3615 5676 3806 5774 ἇέἓὶἱῖ

1961 5739 2064 5794 sed
2171 5736 2346 5798 bendi
2378 5750 2433 5802 et
2461 5736 2721 5819 s'upptevi
2753 5752 2812 5810 in
2855 5736 3096 5814 Laeti;
