4154 6306
360 369 495 432 917

1001 371 1100 431 DE
1143 370 1604 434 CERIMONIIS
1645 376 1882 437 AULAE
1927 378 2014 440 ΒΥ

2129 381 2401 444 ,ΝΤΙΝιΕ
2444 387 2595 448 LIB.
2646 387 2689 447 Ι.
2739 423 2814 434 --
2857 391 3204 454 APPEND.

3679 403 3802 463 918

355 509 552 582 καιρῷ
606 507 708 571 τῆς
766 497 1055 572 ἀποϐολῆς
1110 504 1209 571 τῆς
1262 509 1462 577 Συριας
1520 505 1596 566 εἰς
1638 507 1806 582 ταγήν
1838 515 2014 582 κριθῆι

2145 514 2251 584 ria,
2283 534 2411 590 qua
2459 536 2640 578 vacua
2674 523 2949 581 oneribus
2980 525 3049 581 ad
3091 525 3244 583 latus
3274 533 3645 590 oneratorum
3675 538 3796 594 tra-

361 596 656 670 σαγμάρια
711 595 770 670 ρ’.
827 594 996 666 Ὀμοῦ
1064 592 1128 647 τὸ
1185 595 1289 647 πᾶν
1352 593 1630 670 σαγμάρια
1715 597 1866 673 φπβ’.
1927 600 2032 655 Καὶ

358 686 438 740 τὰ
502 685 781 759 παρίππια
863 683 930 738 τὰ
1009 684 1435 756 κομπινευθέντσ
1495 684 1560 741 υ“.
1633 685 1885 760 Ἱππάρια
1941 689 2033 743 καὶ

361 774 690 850 παρασυρτᾶ
717 773 784 828 τὰ
835 766 1140 846 ἔμπροσθεν
1185 777 1283 826 τοῦ
1335 772 1605 848 βασιλέως
1636 780 2032 848 περιπατοῦντα

361 859 520 933 δεξιὰ
567 863 658 917 καὶ
705 860 980 934 εὐώνυμα,
1031 862 1176 933 ὁμοῦ
1231 862 1293 916 τὸ
1333 865 1435 916 πᾶν
1481 863 1713 938 ἱππάρια
1774 865 2032 936 μωλάρια

357 956 512 1018 απς“.
573 951 672 1011 Καὶ
719 951 1032 1029 ἐστρωμένα
1080 950 1337 1027 σελλέρια
1396 951 1463 1008 λ’.
1521 953 1626 1010 Καὶ
1679 954 1777 1008 ὅσα
1833 953 1892 1008 ἂν
1942 953 2029 1027 ἔξ-

358 1041 602 1106 ἐλθωσιν
647 1043 754 1098 ἀπὸ
800 1049 902 1112 τῆς
951 1040 1169 1103 πόλεως
1217 1041 1307 1097 καὶ
1360 1041 1459 1098 ὅσα
1495 1040 1557 1097 ἃν
1600 1037 1742 1118 λαϐῃ
1776 1041 1864 1098 ἐπὶ
1895 1065 2029 1121 φοσ-

357 1133 535 1190 σάτου
583 1134 611 1188 6
670 1132 949 1210 βασιλεὺς,
997 1131 1206 1188 τούτων
1257 1133 1471 1187 πάντων
1515 1137 1623 1188 τῶν
1668 1132 1888 1209 ἀλόγων
1930 1134 2026 1194 τὰς

353 1225 538 1302 ταγᾶς
585 1219 1002 1297 παραλαμϐάνει
1051 1221 1110 1277 ἐκ
1154 1226 1257 1278 τοῦ
1305 1222 1744 1298 πρωτονοταρίου
1785 1224 1813 1277 6
1842 1222 2024 1297 κόμης

355 1316 464 1368 τοῦ
508 1307 749 1367 στάϐλου
796 1312 885 1366 καὶ
939 1313 967 1367 6
1019 1309 1421 1386 χαρτουλάριος
1478 1312 1568 1366 καὶ
1623 1313 1652 1367 6
1707 1310 2020 1386 κελλάριος,

357 1401 458 1457 καὶ
515 1401 848 1477 χορηγοῦσιν
891 1399 969 1462 εἴς
1013 1400 1184 1456 πάντα
1229 1401 1296 1456 τὰ
1341 1400 1766 1474 κομπινευθέντα
1818 1400 2020 1477 ἄλογα.

361 1489 689 1566 Ταγίζονται
722 1487 780 1544 δὶ
807 1491 874 1544 τὰ
922 1489 1016 1561 μὶν
1054 1487 1330 1564 παρίππια
1385 1491 1474 1544 καὶ
1526 1492 1594 1545 τὰ
1649 1488 1902 1565 μωλάρια
1935 1489 2021 1545 δι-

364 1579 587 1654 τάγιον,
620 1579 689 1634 τὰ
719 1576 777 1632 δὲ
809 1576 1073 1652 σελλάρια
1101 1579 1401 1652 τριτάγιον.
1426 1579 1487 1636 Ὀ
1519 1576 1574 1634 δὲ
1605 1577 1855 1649 ἐπείκτης
1881 1599 2019 1656 παρ-

368 1669 580 1724 ίσταται
612 1668 687 1731 εἷς
715 1668 811 1730 τὰς
838 1668 1006 1744 ταγᾶς
1043 1671 1150 1722 τῶν
1195 1666 1385 1722 ’ἰππων
1434 1670 1524 1726 καὶ
1570 1669 1644 1731 εἷς
1673 1670 1737 1724 τὰ
1769 1668 2019 1746 καλιγώ⁹

362 1778 510 1830 ματα
549 1757 639 1812 καὶ
672 1757 748 1819 εἷς
777 1757 842 1811 τὰ
871 1756 1164 1830 καπίστρια
1184 1757 1274 1812 καὶ
1298 1757 1374 1818 εἰς
1394 1757 1460 1813 τὰ
1488 1759 1792 1832 σαγίσματα
1821 1759 1911 1813 καὶ
1945 1758 2022 1821 εἷς

2144 603 2368 663 buntur
2409 617 2464 666 et
2503 610 2806 678 incedunt,
2838 614 3251 673 substituenda
3283 617 3343 673 in
3371 618 3562 676 locum
3596 625 3796 696 exspi-

2143 697 2396 754 rantium
2439 704 2540 755 aut
2585 702 2984 760 aberrantium
3035 707 3536 778 aufugientiumve
3567 716 3624 767 et
3653 713 3791 770 aba-

2142 791 2393 856 ctorum,
2409 789 2819 864 accipiuntque
2836 793 3084 850 diarium
3113 794 3312 852 hordei
3329 814 3596 871 pensum,
3613 818 3792 873 quan-

2140 873 2214 931 do
2237 876 2295 931 in
2318 877 2540 949 Syriam
2566 882 2854 938 invaditur
2885 885 3048 956 (sunt
3077 890 3270 942 autem
3299 903 3366 944 ea
3387 905 3628 947 numero
3659 909 3790 948 cen-

2139 966 2308 1034 tum),
2351 968 2658 1024 conficitur
2702 986 2980 1030 numerus
3011 976 3444 1046 sagmariorum
3485 979 3612 1036 582.
3646 981 3787 1037 Par-

2137 1049 2338 1142 hippia
2385 1057 2712 1113 combinata
2760 1061 3075 1118 conﬁciunt
3104 1065 3208 1120 400
3236 1083 3439 1139 equos,
3473 1069 3686 1142 quibus
3733 1070 3784 1127 si

2136 1141 2430 1198 addantur
2471 1144 2554 1199 illi
2585 1147 2738 1217 equi,
2773 1151 2872 1220 qui
2902 1153 3132 1208 duabus
3164 1156 3219 1210 in
3254 1141 3543 1228 seriebus,
3577 1161 3780 1216 dextra

2136 1228 2509 1299 sinistraque,
2577 1247 2774 1290 coram
2824 1238 3173 1307 imperatore
3241 1246 3574 1314 prmcedunt
3622 1251 3783 1314 (sunt

2134 1322 2329 1374 autem
2387 1319 2472 1374 illi
2522 1336 2766 1379 numero
2817 1325 2967 1397 104),
3009 1329 3273 1385 conﬁunt
3328 1333 3386 1387 in
3441 1336 3778 1392 universum

2124 1407 2392 1478 jumenta
2420 1409 2581 1465 mille
2610 1411 2905 1483 octoginta
2943 1429 3080 1481 sex;
3113 1421 3170 1471 et
3201 1421 3380 1474 strata
3409 1419 3782 1496 insesuique

2131 1511 2363 1568 semper
2383 1499 2655 1570 adaptato.
2685 1499 2920 1557 sellaria
2948 1502 3206 1575 triginta.
3242 1506 3457 1562 Horum
3489 1512 3775 1582 omnium,

2130 1591 2185 1642 et
2215 1590 2488 1656 praeterea
2517 1594 2805 1661 quotquot
2833 1593 3178 1648 accesserint
3208 1610 3278 1650 ex
3308 1594 3480 1662 Urbe,
3513 1602 3568 1652 et
3599 1604 3777 1670 quot-

2131 1681 2267 1745 quot
2292 1674 2610 1748 imperator
2631 1681 2886 1750 tempore
2905 1680 3104 1736 fossati
3130 1683 3524 1753 nanciscatur,
3547 1685 3774 1757 borum,

2131 1762 2390 1836 inquam,
2416 1765 2821 1834 jumentorum
2853 1769 3115 1825 omnium
3151 1787 3334 1842 pensa
3363 1773 3551 1829 diaria
3579 1792 3610 1829 a
3642 1791 3776 1846 pro-

358 1847 456 1901 τὸν
477 1845 668 1903 ποτόν.
692 1847 973 1919 Θὲσπισμα
1005 1849 1114 1918 (75)
1155 1843 1213 1902 δὲ
1241 1846 1475 1925 ἀρχαῖον
1503 1848 1763 1922 τυγχάνει
1796 1846 2014 1922 βασιλι-

399 1935 415 1951 \
499 1933 524 1951 η
713 1933 736 1951 ἢ
771 1935 786 1951 1
851 1933 871 1951 Ν
974 1929 1037 1951 ΩΙ
1410 1937 1422 1951 ι
1492 1939 1594 1951 ιαηι
1719 1938 1730 1951 ι
1918 1936 1938 1951 λ
1973 1937 1984 1951 1

2130 1853 2415 1909 tonotario
2457 1855 2604 1910 271
2641 1856 2932 1927 accipiunt
2968 1874 3166 1915 comes
3205 1861 3418 1916 stabuli
3459 1869 3513 1918 et
3542 1843 3776 1920 chartu-

357 1935 476 2002 κὸν,
499 1933 592 1990 ἵνα
626 1933 818 2008 μηδεὶς
851 1929 1107 2010 λαμϐάνῃ
1137 1937 1461 2014 χαριστικὴν
1487 1939 1622 2010 (76),
1656 1938 1793 2010 μήτε
1827 1936 2018 2009 μωλά-

366 2044 506 2100 ριον,
544 2026 682 2098 μήτε
728 2023 1052 2098 παρίππιον,
1101 2018 1231 2100 ἕχον
1282 2023 1573 2100 βασιλικὴν
1606 2023 1900 2104 σφραγῖδα,
1924 2024 2020 2079 ’ἕνα

367 2113 446 2187 μὴ
477 2115 861 2187 κατακοινωθῇ
893 2115 927 2183 ἡ
961 2111 1324 2187 προμοσέλλα
1353 2114 1442 2168 καὶ
1475 2113 1773 2182 ἀπόληται.
1809 2116 1930 2171 Ἐὰν
1966 2112 2021 2169 δέ

363 2223 451 2264 τις
483 2203 672 2277 εὑρεθῇ
701 2207 952 2259 τοιοῦτον
982 2197 1153 2278 ἔχων,
1193 2203 1267 2263 ὡς
1298 2205 1542 2274 κλέπτης
1573 2202 2012 2274 καταδικάζεταιο

364 2289 426 2346 ἐκ
456 2289 514 2346 δὲ
557 2297 664 2347 τῶν
729 2293 805 2366 μὴ
863 2287 1032 2348 ὄντων
1094 2288 1314 2367 ἂλόγων
1359 2291 1832 2370 ἐσφραγισμένων,
1881 2294 2019 2351 ὅπου

365 2381 577 2437 κελεύει
610 2382 638 2436 6
672 2379 947 2458 βασιλεὺς,
980 2379 1219 2448 δίδωσιν,
1274 2380 1380 2436 εἴτε
1424 2383 1676 2448 ὲθνικοῖς,
1709 2383 1818 2440 εἷ’τε
1847 2387 2018 2458 πρόσ-

365 2471 542 2548 φυξιν,
593 2469 702 2525 εἶ’τε
751 2467 943 2532 ἄλλοις
985 2470 1146 2540 τισὶν,
1199 2472 1281 2531 οἷς
1328 2468 1540 2525 κελεύει
1587 2472 1674 2526 καὶ
1738 2472 2015 2546 βούλεται.

366 2561 834 2635 Ἐσφραγισμὲνον
897 2561 996 2634 γὰρ
1052 2560 1312 2637 ἱππάριον
1343 2563 1379 2633 ἢ
1416 2562 1699 2638 μωλάριον
1752 2564 2014 2640 βασιλικῇ

373 2648 589 2726 βοόολῃ
647 2646 822 2704 οὐδενὶ
864 2647 1065 2705 δίδοται
1123 2650 1201 2715 εἰς
1247 2655 1594 2727 χαριστικήν.
1651 2651 1838 2723 ἐπειδή
1888 2656 2016 2732 γάρ,

373 2734 465 2792 ὅτε
503 2738 725 2812 γηράσει
777 2738 863 2793 mi
903 2738 1255 2814 ἀνενέργητον
1304 2742 1440 2815 πρὸς
1494 2739 1810 2816 ὁδοιπορίαν
1856 2746 2021 2818 γένη-

351 2845 460 2879 ιται
490 2824 776 2895 ταξειδίου,
820 2824 1080 2883 ἀλλάσσει
1120 2827 1252 2883 αὐτὸ
1300 2828 1378 2890 εἷς
1414 2830 1513 2898 τὴν
1563 2829 1854 2904 βασιλικὴν
1881 2854 2020 2907 προ-

374 2913 662 2984 μοσὲλλαν.
726 2915 965 2990 Ὀφείλει
1025 2915 1082 2973 δὲ
1145 2917 1172 2973 6
1243 2919 1423 2992 κόμης
1480 2923 1576 2974 τοῦ
1635 2916 1872 2976 στάϐλου
1927 2927 2016 2980 καὶ

370 3002 398 3057 ὁ
427 3001 829 3080 χαρτουλάριος
876 3008 1010 3081 μετᾶ
1049 3011 1156 3062 τῶν
1209 3007 1494 3087 ἀρχόντων
1537 3007 1712 3063 αὐτῶν
1753 3011 2018 3085 παρίστα-

367 3093 482 3147 σθαι
540 3093 615 3156 εἷς
675 3095 770 3157 τὰς
822 3093 1109 3171 βασιλικὰς
1157 3097 1477 3176 φορτώσεις,
1518 3096 1607 3153 τίνα
1650 3095 1873 3155 ἕκαστον
1918 3121 2014 3155 σα-

360 3181 594 3258 γμάριον
629 3184 866 3260 βασιάζῃ
920 3183 1126 3257 μοδίων
1181 3189 1231 3257 η’
1279 3189 1569 3265 γομάριον⁶
1603 3187 1691 3244 καί
1721 3187 1780 3243 ἂν
1815 3188 2010 3264 εὕρωσι

357 3273 491 3326 κατὰ
539 3273 638 3341 τὴν
703 3271 828 3327 ὁδὸν
885 3273 1334 3352 ἐπιφορτώματα,
1399 3269 1658 3332 τύπτουσι
1727 3280 1854 3341 τοὺς
1911 3300 2005 3334 τε-

351 3370 598 3425 θεικοτας
671 3361 738 3414 τὰ
811 3365 1053 3430 τοιαῦτα,
1139 3361 1231 3416 καὶ
1317 3364 1596 3436 ῥίπτουσιν
1679 3365 1832 3433 αὐτά,
1902 3370 2002 3423 Καὶ

354 3449 492 3523 μετᾶ
546 3449 611 3502 τὸ
671 3449 1179 3519 ἀποκατασταθῆναι
1233 3450 1332 3518 τήν
1389 3457 1682 3523 κομπῖναν,
1741 3452 1884 3522 τότε,
1917 3453 2003 3508 ἐὰν

346 3535 561 3593 κελεύει
622 3537 650 3591 6
716 3535 972 3611 βασιλεὺς
1048 3543 1362 3613 περιπατεῖν
1436 3542 1534 3607 τὴν
1614 3540 1738 3611 μίαν
1807 3539 2007 3614 κόρτην

354 3626 444 3681 καὶ
504 3625 598 3689 τὰς
651 3625 904 3699 ἡμισείας
967 3627 1174 3695 τέντας,
1251 3628 1364 3700 ἅμα
1436 3628 1524 3682 καὶ
1590 3634 1688 3697 τῆς
1753 3628 2007 3697 ἡμισείας

359 3713 652 3789 ὑπουργίας
691 3713 781 3769 καὶ
833 3715 1275 3790 προευτρεπίζειν
1319 3715 1386 3770 τά
1440 3713 1698 3790 βασιλικά
1728 3714 2006 3790 ἅπληκτα,

359 3803 566 3877 γίνεται
616 3801 808 3864 οὓτως.
869 3805 971 3860 Καὶ
1027 3801 1133 3866 ἕως
1190 3804 1251 3859 οὗ
1309 3804 1481 3877 ὲνωθῇ
1537 3808 1651 3866 τοῖς
1691 3803 1938 3877 θὲμασιν,
1970 3808 2005 3876 ἡ

361 3890 496 3960 αὐτή
531 3889 827 3956 άκολουθία
855 3891 1076 3966 γίνεται,
1108 3893 1198 3947 καὶ
1228 3894 1263 3962 ἡ
1293 3891 1438 3964 τάξις
1466 3898 1567 3961 τῆς
1597 3895 2009 3966 περιπατήσεως

363 3978 414 4034 ἐν
453 3983 524 4054 τῇ
557 3977 668 4052 ὁδῷ
717 3977 1042 4058 φυλάττεται
1094 3983 1230 4037 κατὰ
1273 3981 1364 4038 τὸν
1413 3983 1580 4037 τύπον
1621 3987 1717 4037 τοῦ
1764 3979 2009 4054 διακινή-

367 4089 554 4143 ματος.

2040 3243 2090 3309 G

2132 1940 2316 1997 larius
2338 1946 2395 1998 et
2415 1942 2703 2010 cellarius,
2727 1950 2785 2001 et
2803 1945 2939 2002 inde
2969 1947 3296 2004 attribuunt
3327 1965 3396 2005 ea
3425 1952 3773 2009 combinatis

2122 2030 2433 2101 jumentis.
2458 2032 2526 2086 Et
2556 2032 2615 2088 in
2640 2033 2944 2106 parhippia
2971 2035 3208 2107 quidem
3242 2042 3414 2110 atque
3445 2039 3637 2096 mulos
3666 2040 3772 2096 im-

2131 2128 2366 2195 putatur
2387 2141 2631 2196 pensum
2651 2128 2973 2198 geminum.
3000 2128 3058 2184 in
3081 2128 3344 2186 sellarios
3363 2135 3554 2186 autem
3587 2147 3772 2203 equos

2129 2212 2395 2286 triplum.
2439 2214 2668 2284 Epictes
2708 2231 2840 2271 vero
2876 2215 2956 2287 [id
3005 2221 3095 2272 est
3123 2217 3454 2289 compulsor
3477 2223 3534 2275 et
3562 2235 3771 2290 opera—

2131 2320 2256 2360 rum
2274 2305 2561 2377 regiarum
2587 2308 2930 2380 praefectus],
2954 2310 3150 2365 adstat
3168 2310 3518 2376 observator,
3539 2313 3768 2383 quando

2127 2394 2263 2466 equi
2294 2410 2475 2463 pensa
2504 2411 2611 2450 sua
2651 2396 2964 2466 accipiunt,
2998 2400 3056 2452 et
3083 2397 3294 2467 caligas
3325 2403 3384 2454 et
3420 2399 3674 2471 capistra
3711 2406 3769 2458 et

2126 2482 2420 2554 stragulas
2442 2487 2499 2538 et
2519 2488 2743 2554 potum.
2760 2483 2862 2538 Est
2879 2501 3048 2555 porro
3069 2491 3234 2542 vetus
3246 2487 3494 2543 edictum
3521 2490 3766 2560 regium,

2128 2589 2201 2628 ne
2230 2574 2359 2643 quis
2409 2571 2466 2627 in
2517 2589 2734 2628 munus
2775 2573 3016 2645 accipiat
3046 2575 3270 2630 mulum
3303 2576 3762 2648 parhippiumve,

2127 2661 2278 2732 quod
2311 2660 2837 2732 babeatimperiale
2859 2661 3092 2733 signum
3125 2662 3501 2735 impressum,
3525 2680 3598 2720 ne
3629 2681 3764 2735 pro-

2130 2750 2371 2806 mosella
2400 2767 2502 2806 seu
2542 2751 2834 2821 equitatus
2880 2750 3118 2823 privatis
3149 2753 3395 2824 Augusti
3429 2753 3630 2809 usibus
3657 2753 3765 2808 de-

2128 2839 2380 2894 stinatus
2410 2839 2470 2892 in
2503 2839 2658 2908 vulgi
2685 2840 2854 2894 cedat
2883 2856 3023 2894 usus
3045 2841 3428 2910 promiscuos,
3451 2857 3630 2913 eaque
3671 2857 3766 2897 oc-

2129 2925 2362 2982 casione
2382 2925 2683 2980 minuatur
2711 2929 2767 2980 et
2789 2930 3001 2996 pereat.
3026 2925 3086 2981 Si
3109 2928 3241 2997 quis
3264 2927 3443 2998 igitur
3471 2929 3765 2998 signatum

2128 3013 2308 3071 armis
2338 3013 2740 3085 imperialibus
2763 3014 3097 3083 jumentum
3123 3015 3334 3070 habere
3366 3015 3767 3086 deprehenda-

2128 3106 2242 3172 tur,
2274 3102 2323 3157 is
2353 3107 2630 3173 tanquam
2659 3101 2748 3156 l'ur
2768 3100 2828 3156 in
2853 3101 2952 3171 jus
2975 3110 3211 3158 vocatur
3241 3111 3295 3158 et
3325 3103 3654 3159 damnatur.
3688 3105 3766 3160 De

2128 3192 2338 3247 ceteris
2383 3190 2670 3262 jumentis
2716 3206 2830 3245 non
2890 3190 3134 3261 signatis
3172 3189 3415 3262 largitur
3457 3193 3769 3260 imperator

2120 3297 2223 3352 pro
2256 3279 2439 3336 lubitu
2480 3284 2598 3335 tam
2647 3279 2882 3348 exteris,
2915 3294 3090 3349 quam
3141 3280 3460 3349 transfugis
3501 3279 3762 3350 aliisque,

2119 3370 2330 3440 quibus
2359 3367 2481 3423 vult
2526 3373 2584 3422 et
2612 3367 2736 3422 dari
2760 3368 2950 3439 jubet.
2985 3366 3126 3438 Equi
3159 3373 3352 3422 autem
3387 3373 3444 3424 et
3465 3367 3630 3436 muli,
3662 3383 3764 3424 au-

2113 3461 2287 3527 gusta
2307 3457 2518 3527 signati
2551 3456 2734 3520 bulla,
2759 3457 3000 3523 nemini,
3028 3461 3092 3511 ut
3111 3457 3328 3512 dictum
3349 3461 3455 3524 est,
3483 3473 3586 3528 pro
3611 3457 3764 3514 dono

2115 3544 2367 3613 gratuito
2399 3545 2628 3598 dantur.
2661 3547 2959 3600 Vetustate
2989 3549 3184 3599 autem
3207 3545 3482 3600 detritum
3515 3549 3572 3600 et
3601 3543 3763 3601 labo-

2117 3631 2273 3687 ribus
2298 3631 2517 3685 bellicis
2539 3631 2963 3702 itineribusque
2992 3632 3276 3686 obeundis
3305 3633 3567 3702 ineptum
3594 3649 3763 3702 porro

2117 3719 2332 3774 factum
2365 3717 2648 3789 quidquid
2684 3719 2878 3787 fuerit,
2904 3719 2984 3786 id,
3026 3719 3286 3774 sull’ectis
3317 3719 3376 3775 in
3400 3719 3528 3789 ejus
3569 3719 3762 3776 locum

2115 3806 2266 3871 aliis,
2301 3807 2678 3862 absconditur
2707 3806 2767 3862 in
2817 3805 3221 3877 promosellam
3273 3807 3629 3878 imperialem
3661 3823 3762 3864 seu

2117 3895 2535 3969 promtuarium
2583 3899 2640 3950 et
2679 3893 2940 3950 scholam
2985 3894 3139 3950 velut
3168 3899 3343 3966 atque
3374 3895 3760 3952 seminarium

2115 3985 2484 4042 sellariorum
2533 3982 2948 4056 imperialium.
2999 3983 3219 4038 Adesse
3277 3983 3490 4040 debent
3545 3983 3757 4039 stabuli

2116 4089 2309 4130 comes
2355 4077 2414 4129 et
2477 4070 2870 4128 cbartularius
2909 4086 3044 4127 cum
3095 4069 3319 4141 reliquo
3376 4071 3568 4128 ofﬁcio
3629 4086 3758 4150 suo,

357 4161 589 4233 quando
640 4161 808 4234 regias
865 4161 1110 4220 sarcinas
1157 4162 1441 4234 jumentis
1489 4162 1894 4234 imponuntur,
1928 4167 1986 4220 et
2042 4163 2394 4235 prospicere,
2426 4165 2492 4218 ut
2522 4160 2879 4233 sagmarium
2936 4161 3398 4231 unumquodque
3425 4162 3756 4231 competens

357 4265 530 4305 suum
562 4265 726 4318 onus,
763 4251 936 4324 quale
965 4252 1188 4309 scilicet
1215 4256 1345 4308 octo
1389 4251 1665 4308 frumenti
1714 4252 1941 4309 modios
1969 4256 2183 4324 aquat.
2233 4250 2496 4322 accipiat.
2537 4251 2799 4306 Potestas
2857 4247 2972 4305 illis
3020 4251 3124 4315 est,
3181 4249 3230 4304 si
3262 4247 3390 4320 ipsa
3445 4247 3505 4302 in
3534 4246 3626 4304 via
3653 4247 3756 4304 de-

352 4337 712 4410 prehendant
751 4340 1092 4411 jumentum
1147 4357 1329 4397 unum
1368 4341 1693 4397 alterumve
1740 4347 2223 4413 superoneratum
2270 4357 2421 4408 esse,
2459 4339 2590 4396 illos
2634 4338 2882 4394 fustibus
2941 4335 3218 4407 caedendi,
3247 4336 3349 4408 qui
3393 4336 3554 4393 oneri
3606 4353 3754 4408 prm-

353 4427 570 4500 scripto
603 4427 732 4499 plus
761 4431 1097 4502 adjecerint,
1129 4435 1186 4488 et
1213 4431 1340 4504 ipsa
1382 4429 1754 4502 superaddita
1784 4447 1962 4486 onera
1989 4430 2321 4502 dejiciendi.
2354 4429 2427 4486 Ut
2456 4428 2916 4485 combinationes
2937 4427 3343 4498 jumentorum
3376 4425 3614 4482 tandem
3645 4426 3754 4483 rite

354 4515 586 4574 fuerunt
616 4518 863 4576 reductis
885 4522 992 4594 [sc.
1024 4537 1056 4578 e
1086 4521 1364 4593 pascuis],
1398 4519 1660 4592 praecipit
1687 4519 2019 4592 imperator,
2051 4520 2102 4576 si
2129 4518 2238 4590 ipsi
2265 4517 2471 4590 placet,
2504 4517 2840 4573 alterutram
2873 4521 3090 4572 cortem
3111 4519 3168 4571 et
3197 4515 3497 4570 dimidiam
3532 4521 3750 4587 partem

353 4609 643 4664 tantarum
701 4615 877 4680 atque
936 4611 1245 4669 ministerii
1297 4611 1578 4667 culinaris
1639 4611 1957 4681 praecedere
2013 4614 2072 4666 et
2128 4612 2262 4665 ante
2321 4609 2634 4664 adventum
2680 4623 2852 4663 suum
2895 4607 3050 4677 regia
3089 4605 3378 4678 applicata
3407 4619 3749 4676 praeparare.

356 4695 426 4752 Et
485 4696 668 4753 donec
711 4713 839 4755 sese
889 4701 1226 4772 adjunxerit
1256 4700 1617 4757 thematibus
1658 4715 1760 4754 seu
1819 4698 2143 4770 pervenerit
2197 4698 2269 4754 ad
2329 4697 2608 4769 legiones,
2674 4697 3015 4752 observatur
3069 4695 3226 4751 idem
3288 4699 3455 4752 tenor
3505 4697 3564 4751 et
3608 4694 3750 4751 ordo

361 4787 754 4858 processionis
782 4789 844 4846 in
875 4790 1081 4848 itinere
1103 4792 1420 4848 secundum
1453 4793 1700 4848 formam
1728 4796 2060 4846 consuetam
2092 4793 2288 4860 notus,
2318 4789 2375 4844 id
2406 4792 2495 4845 est
2525 4788 2910 4860 expeditionis
2939 4787 3178 4844 bellicae.

894 4881 1022 4956 Περὶ
1054 4885 1160 4937 τῶν
1192 4879 1474 4954 κερκέτων.

437 4967 655 5037 Ἰστέον,
715 4970 819 5038 ὅτι,
879 4969 966 5023 ὅτε
1034 4970 1330 5043 κερκετεόει
1390 4970 1418 5024 6
1471 4965 1829 5044 δρουγγάριος
1902 4971 2002 5032 τῆς

359 5053 566 5129 βίγλης
621 5055 716 5118 τάς
767 5057 1015 5132 ἑσπέρας,
1093 5053 1360 5130 λαμϐάνει
1437 5054 1662 5134 φατλίον
1733 5055 1838 5110 ἀπὸ
1901 5058 2002 5110 τοῦ

350 5141 583 5213 εἷ’δικοῦ,
638 5147 725 5201 καὶ
777 5147 833 5201 οἱ
865 5154 910 5221 ρ’
973 5147 1292 5227 σχολάριοι,
1351 5147 1443 5209 οὓς
1483 5143 1623 5222 ἔχει,
1654 5149 1871 5202 ποιοῦσι
1901 5146 1999 5214 τήν

2419 4883 2502 4936 De
2537 4878 2882 4935 circitoribus
2910 4883 2962 4936 et
2989 4877 3429 4934 circitatz'onibus

2176 4968 2417 5033 Quando
2443 4967 3032 5040 circitatdrungarius
3051 4965 3257 5038 vigilia
3298 4961 3746 5037 singulisvespe-

2115 5056 2487 5126 ris,sumitab
2501 5056 2650 5114 idico
2665 5057 2892 5114 fatlium
2906 5073 3006 5114 seu
3023 5071 3250 5113 cereum
3267 5070 3444 5110 unum
3457 5053 3740 5118 .Centum,

2113 5162 2255 5219 quos
2285 5146 2380 5204 ille
2409 5145 2518 5203 sub
2547 5163 2610 5203 se
2647 5146 2844 5217 habet,
2876 5145 3146 5204 scholarii
3179 5143 3397 5200 faciunt
3428 5141 3606 5198 tinam
3637 5157 3740 5199 seu

1374 5326 1570 5384 JOAN.
1610 5325 1754 5384 JAC.
1798 5325 2060 5383 RElSKII
2100 5324 2676 5383 COMMENTARIUS.

423 5503 533 5574 (75)
583 5503 656 5559 Ut
701 5503 900 5560 divina
955 5503 1153 5574 omnia
1205 5504 1370 5558 erant
1420 5499 1859 5574 imperatorum,
1916 5496 1996 5553 ita

353 5568 953 5650 queque__ma_n_data,
997 5573 1194 5650 edicta
1241 5579 1401 5650 erant
1449 5568 1806 5650 (ξεΔσπίσματα,
1865 5584 1993 5650 ora-

355 5641 537 5770 ειιιίς
567 5643 685 5700 vid.
735 5646 996 5717 Theoph.
1030 5662 1086 5717 p.
1131 5646 1221 5711 22,
1252 5643 1322 5698 80
1350 5648 1406 5700 et
1454 5644 1542 5712 86,
1575 5641 1653 5700 uti
1685 5641 1828 5700 alios
1857 5641 1993 5698 mit-

419 5731 496 5772 m.
525 5739 533 5746 -

2103 5586 2424 5712 ﬁliiﬁlii".

2171 5498 2284 5570 (76)
2320 5499 2406 5570 ita
2455 5493 2836 5570 membranae1
2868 5494 2984 5570 Sed
3015 5495 3230 5570 rectius
3261 5494 3586 5570 χαριστῐκην
3606 5512 3736 5570 pro

2227 5561 2470 5637 ιστίκιον,
2503 5563 2616 5622 nisi
2641 5565 2782 5621 forte
2812 5561 3015 5638 δωρεάν
3049 5565 3239 5638 priore
3264 5561 3498 5622 ih'casu
3530 5561 3734 5622 subin-
