4172 6300
495 389 615 452 923

1561 383 2080 448 CONSTANTINI
2126 387 2827 450 POllPHYROGENITI

3776 385 3902 447 9M

497 524 933 602 prosequentes.
967 521 1288 590 Imperator
1315 521 1385 576 ad
1437 520 1895 591 unumquodque
1941 524 2140 592 tagma

2260 521 2390 594 μὲνη
2447 522 2559 594 (87)
2607 518 3006 592 ἀνταμείψηται
3062 517 3150 572 καὶ
3211 517 3558 594 εὖεργετήσῃ,
3589 516 3682 571 καὶ
3713 522 3907 590 τιμαῖς

497 619 555 672 et
581 614 780 669 thema
807 611 1119 667 deflectens
1150 609 1415 665 nonnihil
1448 609 1517 664 de
1547 609 1640 664 via
1669 608 1753 664 sic
1773 609 1852 664 ait
1885 626 1899 664 :
1925 633 1952 661 ι(
1980 610 2052 666 Ut
2081 611 2141 666 in

500 703 740 776 pulchro
770 707 919 756 statu
950 715 1055 754 vos
1100 699 1529 755 invenerimus!
1561 699 1861 766 Quomodo
1895 698 2093 756 valetis
2115 701 2143 756 ‘t

501 791 792 866 quomodo
825 791 1019 847 valent
1048 805 1233 844 nurus
1261 799 1626 855 meae,vestrae
1651 804 1858 844 uxores
1889 793 1945 843 et
1975 789 2141 845 liberi

499 881 720 939 vestri?
749 879 1048 947 Quomodo
1077 877 1418 935 exentlastis
1449 878 1671 935 itineris
1701 877 1865 934 fata?
1892 879 2142 935 IEmulao

499 971 666 1036 mini,
717 988 749 1026 ο
800 969 1019 1025 milites
1057 967 1271 1024 Christi
1319 972 1376 1025 et
1420 967 1522 1023 filii
1582 967 1719 1030 mei.
1776 984 2025 1040 congruo
2083 974 2142 1026 et

499 1063 830 1133 opportuno
852 1064 1116 1130 tempore
1135 1063 1379 1114 vestram
1405 1055 1808 1112 strenuitatem
1835 1062 1890 1113 et
1913 1058 2138 1113 fortitu-

501 1149 690 1206 dinem
721 1150 1149 1216 demonstrare,
1193 1151 1531 1217 reclamque
1559 1151 1814 1202 vestram
1863 1145 1921 1202 in
1955 1147 2138 1202 Deum

500 1247 558 1298 et
589 1242 647 1296 in
680 1240 896 1311 regiam
930 1243 1190 1294 nostram
1224 1239 1589 1308 majestatem
1621 1237 1792 1293 (idem
1819 1258 1833 1305 ;
1868 1253 1982 1310 quo
2014 1253 2141 1294 ma-

492 1333 678 1404 jestas
709 1333 930 1396 nostra,
963 1343 1138 1399 quam
1171 1328 1334 1383 decet
1363 1343 1500 1399 erga
1529 1331 1778 1383 vestram
1829 1329 2140 1384 strenuita-

499 1423 616 1475 tem
647 1424 705 1474 et
755 1416 1156 1472 fortitudinem
1188 1420 1246 1471 et
1293 1419 1506 1472 rectam
1540 1415 1740 1484 ﬁdem,
1789 1417 2142 1475 demonstret

499 1506 980 1574 benevolentiam,
1012 1513 1065 1560 et
1109 1510 1447 1577 compensat
1476 1506 1674 1562 studia
1700 1509 1893 1562 vestra
1925 1506 2140 1562 benefl-

501 1596 606 1653 ciis
661 1600 718 1651 et
766 1595 1087 1651 honoribus
1162 1594 1340 1651 variis
1394 1599 1581 1660 ornet,
1637 1599 1694 1649 et
1754 1611 1822 1650 ex
1878 1595 2140 1667 indignis

503 1686 710 1757 dignos
769 1685 850 1756 [id
910 1692 1015 1751 est,
1077 1700 1146 1740 ex
1191 1683 1429 1754 privatis
1486 1683 1780 1755 publicam
1833 1702 2139 1757 personam

503 1774 893 1844 sustinentes]
952 1773 1184 1841 efﬁciat,
1244 1772 1474 1844 aliaque
1548 1773 1857 1831 innumera
1911 1775 1972 1831 in
2040 1791 2141 1832 vo

502 1863 656 1920 bona
712 1867 770 1919 et
815 1861 914 1934 pia
959 1863 1238 1919 conferat.
1281 1884 1310 1912 »
1343 1862 1481 1918 Post
1528 1862 1682 1920 hunc
1726 1865 1796 1919 ad
1855 1880 1953 1920 eos
2009 1881 2140 1936 pro-

501 1955 835 2010 nuntiatum
865 1967 1194 2009 sermonem
1245 1953 1460 2008 abeunt
1487 1968 1637 2024 pone
1667 1952 2052 2025 drungarium
2092 1960 2148 2009 et

499 2043 829 2111 betaeriam,
873 2047 930 2098 et
978 2042 1302 2113 procedunt
1348 2042 1404 2096 in
1458 2042 1636 2098 armis
1685 2047 1855 2114 atque
1902 2036 2148 2111 acie;et

503 2133 601 2190 ubi
623 2132 917 2188 offendant
935 2135 1247 2202 angustam
1263 2129 1414 2186 viam
1439 2131 1794 2187 autﬂuvium
1814 2140 2144 2204 pontemve,

503 2219 836 2294 praecedunt
857 2225 1112 2292 tagmata
1144 2219 1250 2275 hoc
1281 2219 1481 2275 ordine
1507 2235 1519 2274 :
1547 2219 1716 2292 primi
1749 2226 1892 2277 eunt
1921 2220 2143 2277 schola.

503 2311 614 2380 rii;
649 2325 746 2367 eos
761 2309 1061 2381 excipiunt
1078 2309 1442 2365 excubitores
1463 2327 1477 2377 ;
1499 2327 1646 2382 pone
1665 2309 1795 2367 illos
1815 2311 2144 2382 aritbmus;

505 2405 563 2458 et
594 2406 804 2474 quarto
835 2399 1076 2455 tandem
1126 2398 1250 2455 loco
1282 2399 1536 2456 hicanati
1567 2400 1828 2472 veniunt,
1864 2406 1985 2457 tum
2017 2402 2148 2458 tbe-

505 2494 662 2547 mata
686 2508 702 2560 ;
733 2494 792 2544 et
821 2489 1145 2546 secundum
1178 2493 1437 2544 tenorem
1463 2489 1854 2546 cerimonialis
1883 2490 2147 2563 magistri

508 2584 564 2634 et
606 2578 836 2650 patricii
890 2581 945 2633 et
994 2577 1275 2632 catonitas
1323 2581 1381 2632 et
1427 2577 1570 2648 regii
1621 2577 1913 2648 eunuchi;
1955 2579 2066 2634 nisi
2097 2579 2148 2636 si

509 2683 657 2738 quos
689 2667 1106 2738 magistrorum
1127 2669 1183 2721 et
1203 2666 1573 2737 patriciorum
1593 2671 1648 2721 et
1671 2667 1918 2724 aliorum
1944 2669 2149 2726 adesse

511 2756 624 2812 sibi
654 2754 896 2811 voluerit
927 2759 985 2810 et
1022 2755 1093 2810 ad
1125 2753 1480 2826 colloquium
1514 2755 1780 2827 protinus
1827 2759 2151 2815 evocaverit

508 2842 845 2914 imperator.
883 2843 944 2897 In
985 2841 1187 2898 ordine
1219 2841 1612 2912 patriciorum,
1644 2847 1710 2898 ut
1737 2843 1982 2912 dictum,
2017 2861 2153 2916 pro-

509 2931 1053 2998 ceduntccetonitte;
1081 2929 1253 3003 paulo
1274 2932 1653 3003 postveniunt
1674 2933 2150 3004 protovestiarius

510 3027 567 3078 et
616 3023 923 3094 prafeotus
954 3038 1166 3077 mensae
1194 3038 1208 3088 ;
1239 3037 1386 3091 pone
1415 3037 1514 3077 eos
1564 3023 1634 3077 ad
1668 3021 1876 3092 lapidis
1907 3024 2022 3078 fere
2057 3025 2152 3094 ja-

509 3116 666 3167 otnm
699 3111 1018 3180 procedunt
1049 3111 1319 3176 eunuchi,
1345 3109 1444 3182 qui
1477 3109 1652 3165 simul
1684 3111 1910 3181 patricii
1938 3117 1995 3166 et
2020 3129 2151 3183 pro-

509 3197 858 3268 tospatbarii
915 3201 1068 3252 sunt.
1129 3197 1335 3253 Coram
1402 3198 1748 3268 imperatore
1815 3201 2152 3271 pracedunt

2258 607 2536 686 διαφόροις
2566 611 2795 682 τιμήσῃ,
2841 606 2930 662 καὶ
2977 605 3028 676 ἐξ
3067 605 3294 676 ἀναξίων
3335 607 3514 676 ἀξίους
3570 607 3687 679 (88)
3733 604 3905 681 δείξῃ,

2249 700 2338 754 καὶ
2401 697 2567 772 μυρία
2621 696 2764 754 καλὰ
2821 697 2895 758 εἷς
2953 696 3091 768 ὑμᾶς
3147 693 3461 766 ἐνδείξηται.
3525 719 3553 747 ››
3615 694 3716 749 Καὶ
3775 698 3909 768 μετᾶ

2248 788 2310 844 τὸ
2343 787 2582 857 λαλῆσαι
2613 787 2749 862 πρὸς
2779 786 2977 848 αὐτοὺς
3007 789 3178 840 ταῦτα
3231 779 3488 860 ἔρχονται
3546 783 3768 840 ὄπισθεν
3808 789 3906 840 τοῦ

2251 876 2608 953 ὃρουγγαρὶου
2665 877 2754 932 καὶ
2819 881 2928 931 τῶν
2989 874 3075 931 ἐπὶ
3126 881 3226 945 τῆς
3278 876 3566 949 ἑταιρείας,
3614 875 3707 929 καὶ
3745 893 3903 948 περισ

2248 973 2477 1025 πατοῦσι
2525 969 3008 1046 παρατεταγμένοι.
3081 965 3186 1022 Καὶ
3242 966 3332 1021 ὅτε
3389 967 3588 1040 εὑρεθῇ
3654 966 3905 1038 στένωμα

2249 1059 2284 1127 ἢ
2315 1059 2584 1132 ποταμὸς,
2646 1057 2755 1114 εἷ’τε
2791 1057 2880 1112 καὶ
2935 1057 3158 1134 γέφυρα,
3200 1054 3496 1127 διαπερῶσι
3545 1055 3612 1110 τὰ
3651 1054 3906 1128 τάγματα

2250 1146 2572 1223 ἔμπροσθεν·
2633 1153 2847 1223 πρῶτον
2907 1148 3001 1219 μὲν
3086 1146 3141 1200 αἱ
3217 1143 3443 1222 σχολαὶ,
3522 1141 3769 1218 δεύτερὸν
3835 1145 3903 1197 τὰ

2251 1233 2555 1308 ἰξκούῦιτα,
2611 1236 2790 1312 τρίτον
2847 1238 2876 1290 ὁ
2933 1236 3186 1310 ἀριθμὸς,
3244 1235 3498 1308 τέταρτον
3548 1236 3576 1288 ὁ
3623 1233 3898 1294 ἱκανάτος·

2251 1326 2463 1399 ὁμοίως
2521 1327 2612 1381 καὶ
2666 1327 2734 1381 τὰ
2789 1324 3015 1398 θέματα.
3073 1328 3179 1383 Καὶ
3235 1325 3411 1386 καθὼς
3470 1325 3498 1378 6
3557 1323 3726 1385 τύπος
3761 1319 3901 1396 ἔχει,

2249 1420 2634 1491 περιπατοῦσιν
2707 1416 2759 1470 οἱ
2834 1415 3125 1492 μάγιστροι
3198 1414 3285 1469 καὶ
3357 1413 3409 1467 οἳ
3478 1413 3760 1486 πατρίκιοι
3813 1413 3900 1465 καὶ

2250 1505 2307 1559 οἳ
2354 1510 2666 1560 κοιτωνῖται
2713 1503 2802 1559 καὶ
2847 1504 2897 1559 οἱ
2950 1501 3226 1579 βασιλικοῖ
3279 1503 3558 1576 εὐνοῦχοι·
3611 1501 3639 1555 6
3699 1497 3759 1555 δὲ
3807 1501 3906 1574 βα-

2252 1593 2433 1655 σιλεὺς
2495 1591 2647 1653 εὐθὺς
2723 1592 2813 1648 καὶ
2896 1591 3024 1664 παρ’
3097 1590 3236 1646 αὐτὰ
3310 1588 3707 1664 προσκαλεῖται
3778 1587 3903 1650 τοὺς

2257 1683 2586 1758 μαγίστρους
2641 1681 2732 1737 καὶ
2789 1680 3131 1758 πατρικίους,
3185 1679 3275 1734 καὶ
3348 1680 3503 1750 ᾧτινι
3563 1674 3623 1732 ἃν
3677 1675 3900 1751 κελεύῃ,

2251 1772 2625 1847 συντυγχάνει,
2673 1771 2765 1826 καὶ
2823 1769 2900 1834 εἴς
2951 1770 3043 1833 μὲν
3091 1771 3192 1838 τὴν
3252 1769 3398 1838 τάξιν
3450 1773 3557 1822 τῶν
3603 1766 3901 1841 πατρικίων

2251 1867 2639 1939 περιπατοῦσιν
2689 1862 2742 1916 οἱ
2797 1866 3135 1928 κοιτωνῖται,
3186 1861 3406 1924 ὐπισθεν
3462 1855 3519 1914 δὲ
3569 1857 3762 1935 ὀλίγον
3810 1878 3905 1912 πε-

2254 1954 2469 2027 ριπατεῖ
2517 1951 2544 2005 6
2584 1945 3082 2026 πρωτοϐεστιάριος
3125 1948 3215 2003 καὶ
3265 1948 3293 2002 6
3341 1945 3429 2002 ἐπὶ
3476 1953 3575 2017 τῆς
3608 1948 3903 2019 τραπέζης,

2253 2039 2342 2096 καὶ
2410 2036 2628 2103 ὄπισθεν
2691 2039 2864 2095 αὐτῶν
2925 2039 3000 2102 ὡς
3057 2035 3213 2092 λίθου
3280 2034 3456 2112 βολήν
3515 2039 3901 2110 περιπατοῦσιν

2254 2131 2308 2184 οἱ
2369 2128 2622 2203 εὐνοῦχοι
2675 2127 2765 2183 καὶ
2854 2125 3131 2202 πατρίκιοι
3213 2125 3301 2181 καὶ
3395 2126 3896 2199 πρωτοσπαθάριοι·

2253 2215 2555 2295 ἔμπροσθεν
2617 2215 2673 2273 δὲ
2727 2221 2824 2272 τοῦ
2882 2215 3150 2290 βασιλέως
3203 2218 3592 2290 περιπατοῦσιν
3645 2215 3701 2269 οἱ
3738 2234 3903 2287 πραι-

2253 2309 2470 2364 πόσιτοι
2516 2307 2606 2363 καὶ
2646 2307 2710 2363 τὸ
2756 2302 3167 2374 κουὸοὖκλειον,
3216 2303 3308 2360 καὶ
3360 2305 3520 2376 μέσον
3567 2307 3680 2358 τῶν
3737 2323 3904 2379 πραι-

2252 2398 2491 2453 ποσίτων
2572 2401 2858 2472 περιπατεῖ
2932 2390 3387 2470 κουϐικουλάριος
3471 2393 3752 2468 βαστάζων
3836 2394 3904 2447 τὰ

2250 2487 2409 2560 τίμια
2464 2488 2554 2543 καὶ
2603 2486 2848 2556 ζωοποιᾶ
2902 2486 3037 2555 ξύΛα
3084 2486 3197 2557 (89)
3255 2484 3390 2557 μετά
3441 2485 3543 2548 τῆς
3600 2485 3777 2554 θήκης
3815 2482 3903 2538 ἐπὶ

2254 2580 2350 2631 τοῦ
2388 2573 2698 2651 τραχήλου’
2760 2571 3061 2648 ἔμπροσθεν
3108 2569 3166 2628 δὲ
3211 2575 3308 2627 τοῦ
3355 2566 3749 2626 κουίδουκλείου
3804 2591 3902 2625 πε-

2259 2669 2570 2740 ριπατοῦσιν
2626 2665 2677 2719 οἱ
2740 2664 3042 2740 βασιλικοὶ,
3110 2662 3202 2717 καὶ
3279 2663 3439 2734 μέσον
3490 2660 3698 2717 τούτων
3754 2681 3908 2735 περι-

2254 2759 2415 2809 πατεῖ
2470 2754 2800 2831 σιγνοφόρος
2877 2753 3160 2826 βαστάζων
3219 2751 3446 2824 σταυρὸν
3499 2755 3736 2826 χρυσοῦν
3789 2748 3910 2804 διά-

2256 2841 2434 2901 λιθον.
2485 2847 2834 2917 ’Έμπροσθεν
2891 2838 2948 2897 δὲ
2999 2844 3106 2897 τῶν
3175 2839 3476 2915 βασιλικῶν
3524 2843 3911 2914 περιπατοῦσιν

2256 2932 2363 2987 ἀπὸ
2409 2929 2504 2986 δύο
2557 2925 2970 3005 σαγιττοϐόλων
3017 2931 3333 3004 παρασυρτὰ
3383 2925 3643 3004 βασιλικᾶ
3680 2928 3916 3003 ἱππάρια

2261 3025 2305 3096 ρ’
2355 3022 2489 3094 μετὰ
2552 3019 2899 3095 σαγισμάτων
2948 3019 3227 3090 ἀληθινῶν
3268 3018 3358 3074 καὶ
3411 3016 3717 3094 βορκαδίων
3768 3017 3914 3090 δεξιᾶ

2258 3109 2348 3163 καὶ
2407 3109 2680 3182 εὐώνυμα.
2738 3109 2837 3163 Καὶ
2895 3104 2991 3162 δύο
3050 3105 3386 3179 κανδιδάτοι,
3419 3105 3527 3164 εἴτε
3580 3107 3671 3162 καὶ
3704 3108 3916 3163 σπαθά-

2267 3219 2400 3276 ριοι,
2451 3196 2598 3270 δεξιὰ
2643 3199 2734 3253 καὶ
2781 3198 3034 3272 εὐώνυμα
3076 3203 3175 3255 τοῦ
3229 3199 3496 3275 βασιλέως
3554 3204 3913 3274 περιπατοῦσι

513 3285 808 3360 praepositi
837 3291 892 3341 et
923 3285 1276 3355 cubiculum,
1311 3287 1653 3357 mediusque
1682 3287 1830 3344 inter
1877 3291 2151 3362 prtepnsl-

2265 3271 2632 3363 καῦαλλάριοι
2683 3288 2758 3351 ὡς
2809 3289 2913 3344 ἀπὸ
2962 3271 3329 3362 διαστήματος
3382 3290 3519 3362 μετὰ
3556 3271 3913 3364 σκουταρίων,

511 3379 605 3432 tos
627 3375 884 3431 ambulat
900 3373 1298 3431 cubicularius
1319 3380 1552 3447 gestans
1571 3375 1631 3432 in
1654 3379 1874 3434 cervice
1891 3384 2153 3437 sanctam

515 3471 572 3524 et
595 3465 882 3522 viviﬁcam
915 3480 1146 3521 crucem
1181 3464 1237 3521 in
1257 3481 1363 3521 sua
1383 3465 1854 3538 capsula.Coram
1887 3469 2155 3527 cubiculo

517 3557 846 3629 praecedunt
893 3555 1138 3623 basilici,
1197 3558 1255 3610 et
1309 3554 1370 3610 in
1413 3571 1614 3612 eorum
1675 3559 1864 3614 medio
1913 3559 2158 3632 signifer

515 3651 754 3719 gestans
801 3659 1038 3700 auream
1072 3660 1301 3700 crucem
1333 3645 1580 3716 gemmis
1631 3651 1915 3704 ornatam.
1949 3648 2154 3707 Coram

514 3733 771 3790 basilicis
802 3734 874 3789 ad
906 3734 1052 3790 duos
1085 3733 1517 3805 sagittajactus
1540 3735 1879 3807 praecedunt
1907 3737 2156 3795 ductiles

517 3823 652 3895 equi
671 3821 813 3894 regii
837 3826 1074 3878 centum
1102 3822 1162 3877 in
1182 3823 1457 3893 stragulis
1478 3825 1784 3896 purpureis
1807 3833 1862 3882 et
1883 3825 2156 3898 calyptris

516 3912 747 3968 duabus
778 3910 1060 3979 seriebus,
1094 3911 1164 3966 ad
1195 3912 1455 3968 dextram
1480 3929 1598 3968 una
1627 3913 1781 3970 280
1823 3923 1877 3970 et
1906 3915 1977 3970 ad
2010 3916 2156 3971 sini-

516 4008 694 4061 stram
718 4002 1015 4060 altera.Ad
1037 4008 1354 4077 utrumque
1376 4005 1904 4077 imperatorislatus
1927 4009 2158 4066 modica

517 4095 794 4152 distantia
825 4096 1141 4166 procedunt
1172 4097 1490 4153 residentes
1521 4097 1578 4150 in
1611 4098 1778 4169 equis
1809 4099 1924 4154 duo
1955 4101 2158 4156 candi-

516 4183 638 4240 dati
685 4184 774 4240 vel
821 4189 878 4239 et
915 4184 1218 4254 spatbarii,
1266 4185 1452 4240 scutis
1501 4184 1730 4252 armati,
1781 4201 2023 4255 quorum
2068 4193 2158 4244 est

517 4288 635 4340 eos,
668 4272 767 4344 qui
797 4288 931 4327 cum
962 4271 1175 4328 libellis
1207 4272 1568 4343 supplicibus
1605 4273 1676 4329 ad
1725 4274 2027 4332 dominum
2060 4294 2156 4333 ac-

516 4363 780 4429 currunt,
813 4375 1013 4416 secum
1058 4375 1289 4418 sumere
1327 4365 1385 4417 et
1430 4362 1502 4419 ad
1532 4362 1940 4436 imperatorem
1983 4365 2155 4423 intro-

2263 3378 2352 3434 καὶ
2409 3377 2535 3441 τοὺς
2598 3377 3078 3454 προσερχομένους
3145 3377 3425 3453 ἐπαίρουσι
3483 3378 3572 3434 καὶ
3640 3377 3914 3455 εἴσάγουσι

2263 3468 2399 3544 πρὸς
2425 3467 2516 3523 τὸν
2553 3468 2799 3543 βασιλέα,
2848 3467 2935 3523 καὶ
2995 3466 3371 3542 ἐπερωτῶνται
3411 3469 3538 3543 παρ’
3584 3467 3770 3535 αὐτου,
3802 3466 3833 3522 6'
3862 3487 3914 3521 τι

2266 3558 2325 3612 ἂν
2361 3555 2592 3626 δέονται,
2623 3558 2712 3612 καὶ
2753 3551 3226 3630 ἀναλαμϐάνονταί
3255 3558 3324 3612 τὰ
3353 3554 3579 3626 δεητικὰ
3617 3554 3790 3612 αὒτῶν
3824 3554 3913 3610 καὶ

2265 3643 2619 3701 ἆποδίδουσιν
2657 3644 2791 3700 αὖτά
2821 3646 2897 3708 εἰς
2939 3644 3032 3700 τὸν
3082 3642 3172 3700 ἒπὶ
3221 3649 3327 3700 τῶν
3377 3642 3614 3716 δεήσεων
3641 3648 3779 3718 (90).
3812 3644 3910 3700 Καὶ

2265 3735 2356 3791 ὅτε
2385 3728 2668 3808 καταλάϐῃ
2709 3735 2737 3788 6
2791 3731 3044 3807 βασιλεὺς
3090 3733 3152 3789 τὸ
3197 3730 3502 3806 ἄπληκτον,
3543 3731 3665 3788 ἔνθα
3693 3735 3729 3802 ἡ
3764 3733 3917 3808 βασι·-

2266 3822 2396 3894 λική
2451 3822 2668 3879 ’ίσταται
2726 3823 2921 3898 κόρτη,
2978 3821 3136 3878 καλεῖ
3203 3821 3330 3883 τοὺς
3409 3823 3767 3900 μαγίστρους,
3823 3823 3911 3877 τὸν

2266 3911 2588 3988 δομέστικον
2618 3920 2726 3970 τῶν
2775 3913 2998 3990 σχολῶν
3044 3913 3135 3969 καὶ
3182 3913 3595 3988 πραιποσίτους,
3635 3914 3760 3975 τοὺς
3794 3913 3912 3967 ἄνϐ-

2266 4002 2761 4080 υπατοπατρικίους
2809 4005 2899 4058 καὶ
2945 4001 3284 4078 στρατηγοὺς
3324 4002 3415 4056 καὶ
3463 4001 3593 4064 τοὺς
3659 4001 3907 4080 ὀφφικια-

2267 4092 2424 4156 λίους
2477 4095 2567 4148 καὶ
2639 4091 3097 4167 κλεισουράρχας,
3165 4091 3255 4147 καὶ
3331 4091 3770 4168 συνευφραίνεται
3827 4088 3908 4144 ἐπὶ

2264 4187 2362 4253 τῆς
2395 4183 2688 4258 τραπέζης.
2741 4181 2958 4251 Ἰστέον,
3017 4182 3102 4239 ’ὁτι
3152 4182 3228 4244 εἷς
3279 4182 3340 4236 τὸ
3397 4179 3705 4252 ἄπληκτον,
3747 4179 3793 4236 εἰ
3823 4200 3908 4234 κεο

2266 4271 2413 4329 λεύει
2444 4276 2471 4331 ὁ
2506 4272 2783 4350 βασιλεὺς,
2831 4274 3010 4336 καθὼς
3065 4270 3341 4335 πολλάκις
3387 4269 3676 4333 Βασίλειος
3725 4271 3754 4326 6
3796 4269 3909 4326 ἀοί-

2265 4363 2424 4440 διμος
2484 4363 2738 4442 βασιλεὺς
2790 4364 3032 4436 ἐποίησε,
3094 4361 3285 4419 δίδωσι
3339 4367 3420 4436 τῷ
3479 4363 3574 4436 μὲν
3630 4365 3909 4438 στρατηγῷ

1568 4463 1762 4522 JOAN.
1802 4463 1948 4522 JAC.
1991 4467 2256 4525 REISKII
2295 4465 2884 4524 COMMENTARIUS.

591 4573 1149 4665 (§'l)u_Igmpl_icatiora
1192 4577 1479 4665 haec-non
1528 4579 1895 4665 strictissime
1941 4581 2164 4665 reddidi
2195 4586 2242 4652 Β
2318 4583 2458 4665 ,(89)
2488 4585 2790 4665 (ξι-ιιοθεουῑ
2808 4597 2900 4664 res
2925 4597 3151 4665 magna
3177 4581 3331 4654 apud
3350 4577 3913 4665 precos‘venerati‘o-

515 4645 577 4700 in
611 4643 860 4713 Latinis,
886 4652 1192 4704 contentus
1224 4651 1576 4706 sententiam
1609 4652 1978 4708 adumbrare.
2014 4655 2162 4710 Con-

517 4717 780 4795 structiog
814 4718 897 4795 ita
925 4717 1266 4795 explicanda
1289 4721 1590 4795 ,εειλεβῐνα
1628 4723 1664 4792 ἡ
1709 4720 1963 4795 βασιλεία
2001 4725 2160 4795 ἡμῶν

515 4785 675 4876 ᾅξίως
715 4793 813 4880 τῇς
873 4785 1122 4880 ἀνδρείας
1161 4821 1231 4832 -—
1278 4785 1663 4880 dno‘SsEanévv}.
1692 4785 1938 4880 [scilicet
1966 4785 2161 4880 αῦτὴ-ν]

516 4859 918 4933 ἀνταμείψηται
959 4859 1168 4936 εὕνοιαν
1206 4893 1274 4936 -ς
1335 4870 1397 4918 ut
1445 4859 1709 4936 majesttzi
1761 4871 1946 4924 nostra
1988 4859 2164 4924 modii

515 4939 699 4990 vestra
741 4934 1076 5004 fortitudine
1117 4941 1168 4991 et
1211 4933 1416 5004 pietate
1465 4933 1656 5003 di'gnt':
1706 4938 1999 4996 admittens
2044 4956 2165 4996 eam

513 5010 567 5060 et
595 5006 784 5076 sinent
811 5005 925 5076 sibi
955 5007 1088 5062 bene
1118 5005 1358 5076 placere,
1400 5009 1666 5064 retribuat
1713 5010 2159 5068 benevolentiam.

587 5075 702 5146 (88)
743 5075 1032 5133 Solemnis
1074 5075 1365 5144 formula;
1396 5078 1513 5133 vid.
1556 5079 1961 5138 Constant.vit.
1991 5083 2160 5140 Basil.

516 5146 741 5223 Maced.
775 5165 831 5220 p.
866 5149 990 5204 210.
1018 5148 1322 5223 ’Ἄξιοςρεὶ
1356 5151 1441 5204 vt'r
1467 5151 2158 5223 spectabitis,venerabilis,

517 5219 587 5296 ab
620 5216 844 5290 ἆζομᾶι,
875 5216 1131 5296 ueneror,
1172 5216 1917 5296 d§_lwpgt,__character,'qui
1959 5216 2161 5296 geren;

517 5295 635 5345 tem
669 5291 1055 5362 venerabilem
1092 5290 1582 5361 reddit,'&vai5to<.
1623 5309 1689 5350 eo
1733 5290 1990 5362 cassus,‘
2005 5295 2160 5352 vilis.

514 5364 813 5432 Frequens
847 5361 1188 5421 vocabulum
1221 5364 1281 5420 in
1312 5365 1721 5432 marmoribus,
1746 5371 1810 5422 ut
1839 5361 2164 5425 observavit

645 5434 939 5514 Gorsinius
995 5437 1058 5514 in_
1115 5436 1266 5514 notis
1324 5437 2164 5514 Grecor.__pag.__5_5.de€_j_cyp

515 5501 636 5591 gata
689 5507 859 5591 idem,
905 5508 1059 5578 quod
1122 5504 1271 5591 ᾀχία,
1316 5501 1990 5591 λλρηεμναρίιίσξᾶδελφιξξ-
2030 5501 2163 5591 ἄξίῷ

517 5574 632 5629 ὄντι
671 5574 1019 5652 κᾳὶηζήσάντι
1058 5574 1264 5652 καλῷςζ
1309 5574 1732 5652 Πίθηάίῦοηιίλε
1758 5574 1900 5652 pro.
1933 5574 2162 5650 illustri,

518 5647 842 5774 :Egclﬁagg,
895 5655 985 5706 est
1043 5651 1193 5722 apud
1245 5647 1617 5710 Anastasinm
1664 5651 1723 5709 in
1769 5647 2042 5728 Gregorio
2089 5647 2164 5713 IV

2276 4648 2368 4709 nis
2400 4648 2664 4725 praelatae
2695 4653 2751 4708 in
2781 4654 2903 4709 acie
2936 4648 3238 4725 fuisse,res
3268 4660 3404 4708 nota
3434 4656 3519 4709 est
3546 4655 3606 4707 et
3634 4648 3912 4725 exemplis

2274 4719 2516 4797 prolatis
2573 4719 3139 4797 demonstravitng
3213 4724 3406 4797 Gange
3476 4739 3529 4780 v.
3610 4719 3914 4797 Σταυρόφά-

2271 4794 2402 4852 νεια.
2433 4795 2667 4865 '[Sacraa
2717 4811 2920 4851 cruces
2949 4794 3356 4852 offerebantur“
3388 4796 3445 4851 in
3493 4794 3912 4864 expeditiOnem

2273 4867 2459 4923 ituris.
2495 4867 2620 4923 Scr.
2662 4866 3177 4940 posthbeopban.
3211 4885 3263 4940 p.
3317 4866 3446 4933 572,
3490 4865 3622 4940 coll.
3676 4882 3750 4940 p_._
3785 4865 3910 4920 396.

2271 4943 2417 4996 Cum
2449 4936 3084 5010 cruce,i'maginibus'et
3108 4937 3289 5010 cereis
3313 4939 3538 5010 obviam
3563 4936 3716 5010 hosti
3737 4937 3908 5010 itum.

2270 5010 2453 5092 Nicet.
2485 5008 2848 5092 Qboniatfp.
2884 5011 3029 5092 .361,
3058 5009 3281 5092 coll.‘p.
3331 5009 3430 5092 31‘,
3471 5010 3564 5092 so,
3613 5008 3741 5074 335,
3787 5008 3909 5092 eos,

2273 5083 2368 5139 ubi
2401 5083 2472 5138 de
2493 5079 2851 5154 jnrsmentis
2880 5081 2939 5139 in
2980 5079 3430 5154 Evangelinm.]°
3473 5082 3546 5154 At
3588 5079 3910 5154 carrocium

2273 5149 2515 5210 eosdem
2524 5155 2584 5210 in
2615 5155 2736 5211 acie
2757 5149 3306 5209 circumductitasse
3322 5149 3456 5224 cu'm
3479 5151 3734 5224 imagine
3754 5149 3910 5224 B.V_.,

2273 5227 2427 5306 quod
2477 5225 2743 5306 perbibet
2771 5224 3170 5306 Rbamtiusius
3211 5221 3628 5306 p..113,__puto'
3666 5222 3721 5306 id
3771 5221 3913 5306 ipsis

2270 5292 2342 5379 ab
2373 5292 2609 5379 homine
2637 5298 2923 5379 tributum
2958 5292 3260 5379 fuisse,qui
3291 5295 3446 5366 quod
3469 5292 3664 5379 inlisu
3699 5292 3912 5349 Latinis

2271 5369 2374 5494 iilla
2399 5374 2565 5495 aptate
2594 5379 2738 5440 erat,
2767 5368 2944 5426 etiam
2973 5365 3317 5426 obtinuisse
3337 5367 3491 5440 apud
3531 5365 3760 5423 Graecos
3790 5379 3914 5422 cre-

2315 5455 2406 5495 ere
2440 5484 2452 5495 .

2315 5455 2452 5497 eret.

2269 5617 2322 5659 ν.
2343 5528 2563 5669 (3361‘):
2590 5529 2700 5587 hac
2747 5530 3032 5604 dignitate
3061 5528 3175 5586 vid.
3228 5532 3313 5585 Du
3344 5525 3541 5600 Cangii
3590 5525 3780 5583 Gloss.
3813 5525 3907 5582 Gr.
