4172 6300
308 390 435 452 929

931 394 1033 455 DE
1074 393 1544 459 CERIMONIIS
1591 399 1829 461 Αἱ]ιῶ
1874 400 1947 463 Bl

2059 403 2354 468 ίΝΤΙΝΑΞ
2399 409 2545 469 LIB.
2593 409 2641 469 Ι.
2694 441 2770 454 —-
2817 411 3152 473 APPEND.

3602 411 3723 479 930

300 538 476 622 μητες
528 526 631 622 τῆς
685 522 928 622 κόρτης,
965 524 1056 622 καὶ
1113 523 1449 602 παρέχουσιν
1514 528 1812 607 ἅγγαρίδια
1877 536 1947 606 τῷ

2074 536 2316 600 Quando
2349 540 2408 598 in
2458 543 2685 600 deserta
2733 547 3136 616 penetraverit,
3185 547 3480 620 accipiunt
3523 551 3721 622 quavis

271 607 656 687 ’δρουγγαρίῳ
712 617 813 680 τῆς
873 611 1071 688 βίγλης
1127 615 1205 678 εἰς
1232 617 1334 670 τάσ
1361 616 1648 693 βασιλικάς
1682 617 1954 686 δουλείας.

2064 626 2158 683 die
2187 627 2490 688 Dominica
2513 634 2933 705 majumam,et
2951 636 3170 709 singuli
3195 637 3431 710 singula
3461 638 3718 696 miliare-

293 701 427 754 Ὀτε
456 697 514 753 δὲ
574 699 813 775 ὑπάρχει
845 701 872 754 6
930 698 1290 780 δρουγγάριος
1342 704 1423 768 είς
1487 706 1778 782 βασιλικὴν
1830 705 1947 764 δου-

2065 714 2170 771 sia.
2231 719 2339 785 Qui
2399 722 2467 777 ad
2528 723 2709 779 {lnam
2790 741 2892 780 seu
2967 727 3294 783 custodiam
3356 735 3717 784 castrensem

297 787 479 854 λείαν,
529 785 876 864 ἑκπροσωπεῖ
933 790 1096 847 αὖτὸτ
1155 793 1183 848 6
1253 793 1522 857 ἱκανᾶτος.
1557 797 1688 853 Ὅτε
1726 793 1786 852 δὲ
1824 796 1956 852 ἀπο-

298 871 451 951 ϐάλῃ
518 876 546 932 6
613 876 870 953 βασιλεὺς
937 879 1014 943 είς
1067 883 1164 945 τὰς
1221 882 1487 957 ἐρήμους,
1548 885 1665 941 οὔτι
1711 887 1746 956 ἡ
1779 885 1950 961 κόρτη

297 961 709 1042 προλαμϐάνει,
760 965 885 1026 οὔτε
955 971 1022 1026 τὰ
1100 971 1361 1046 βασιλικά
1422 975 1736 1051 πράγματα,
1827 976 1954 1032 οὕτε

297 1051 482 1110 ἄλλον)
509 1057 653 1121 τινὸς
707 1055 1031 1129 οἱονδήποτε
1069 1065 1312 1137 πρᾶγμα,
1364 1062 1513 1132 πλήν
1547 1064 1642 1124 οὕς
1673 1060 1791 1139 ἔχει
1823 1062 1950 1141 ὁρί-

303 1165 418 1198 σειν
470 1146 497 1200 6
549 1142 911 1223 δρουγγάριος
967 1155 1070 1218 τῆς
1110 1149 1309 1225 βίγλης
1341 1151 1450 1206 ἀπὸ
1479 1153 1822 1227 προστάξεως
1851 1157 1950 1209 τοῦ

303 1233 580 1310 βασιλέως
629 1236 688 1292 ἐκ
743 1242 852 1294 τῶν
911 1240 1181 1314 θεμάτων,
1223 1241 1666 1320 προφυλάττουσι
1705 1245 1794 1300 καὶ
1851 1265 1949 1301 πε-

302 1323 618 1398 ριπατοῦσιν
677 1325 981 1402 ἔμπροσθεν
1025 1334 1123 1385 τοῦ
1174 1329 1444 1407 βασιλέως
1485 1334 1560 1397 ὡς
1606 1334 1712 1389 ἀπὸ
1747 1333 1947 1408 μιλίων

299 1411 400 1470 δύο
458 1413 673 1490 ἀκρίται
723 1419 836 1489 (98)
867 1419 937 1495 φ’,
970 1416 1160 1492 ἄνδρες
1199 1418 1708 1494 ἐξωπλισμένοιριαὶ
1759 1420 1942 1497 ἕτερον

297 1506 461 1578 θὲμα,
494 1507 611 1560 οἷον
667 1505 858 1580 ὁρίσει,
911 1506 1001 1564 ’ίνα
1047 1507 1148 1564 ὦσι
1205 1509 1650 1590 πλαγιοφύλακες
1704 1514 1778 1575 ὡς
1837 1513 1943 1569 ἀπὸ

298 1592 673 1667 διαστήματος
719 1599 815 1651 τοῦ
874 1595 1146 1671 βασιλέως
1217 1600 1416 1672 μιλίων
1473 1599 1594 1672 δύο,
1643 1602 1732 1657 καὶ
1787 1602 1944 1678 ἓτερα

299 1679 396 1738 δύο
447 1683 673 1756 Θέματα,
733 1686 822 1740 οἶα
875 1685 1047 1762 ὁρίσει
1097 1689 1126 1742 6
1184 1686 1550 1766 δρουγγάριος
1605 1698 1705 1761 τῆς
1740 1691 1940 1767 βίγλης

293 1771 357 1828 ἔκ
411 1774 754 1847 προστάξεως
792 1777 886 1829 ειοῦ
943 1775 1228 1850 βαςιλὲως,
1276 1775 1368 1832 ’ίνα
1433 1777 1564 1833 ὦσιν
1649 1779 1943 1858 ὀπισθοφύ-

2061 813 2371 886 utramque
2403 812 2718 883 pertinent,
2737 814 3077 871 interiorem
3105 827 3241 888 puta
3263 821 3320 872 et
3349 816 3714 886 exteriorem,

2061 893 2331 950 scholarii
2361 900 2524 966 (nam
2557 916 2626 955 ex
2659 917 2772 970 quo
2803 901 3126 973 imperator
3147 903 3205 958 in
3239 904 3466 976 Syriam
3497 910 3716 975 movet,

2065 981 2255 1038 ambit
2282 990 2502 1042 cortem
2539 989 2757 1060 regiam
2794 1005 2906 1045 non
2951 991 3080 1061 jam
3115 992 3385 1064 simplex,
3441 1001 3502 1048 ut
3544 994 3713 1060 alias,

2058 1069 2158 1124 sed
2192 1073 2421 1140 gemina
2449 1074 2872 1133 scholariorum
2909 1077 3152 1151 vigilia),
3185 1079 3244 1135 bi
3267 1097 3404 1153 ergo
3436 1081 3712 1137 scholarii

2059 1157 2358 1229 accipiunt
2387 1164 2605 1234 pariter
2633 1165 2858 1236 singuli
2890 1167 3120 1236 singula
3151 1167 3486 1226 miliaresia.
3519 1169 3710 1225 Etiam

2057 1249 2361 1305 archontes
2395 1267 2497 1306 seu
2531 1253 2706 1308 duces
2755 1253 3060 1320 militares,
3094 1262 3374 1328 quotquot
3417 1258 3573 1313 circa
3602 1258 3714 1314 im-

2055 1342 2384 1408 peratorem
2408 1345 2739 1408 versantur,
2763 1342 3056 1412 accipiunt
3089 1359 3345 1414 persaepe
3374 1345 3710 1417 largitiones

2054 1423 2114 1480 in
2161 1425 2520 1494 miliaresiis,
2569 1428 2619 1485 si
2669 1429 2912 1485 libuerit
2965 1430 3305 1502 imperatori
3368 1433 3714 1490 beneﬁcium

2052 1514 2170 1584 illis
2200 1520 2258 1570 et
2287 1517 2784 1587 gratificationem
2818 1524 3112 1589 praestare.
3161 1518 3451 1591 Majorum
3481 1520 3715 1591 quidem

2052 1605 2326 1660 ordinum
2370 1610 2640 1675 rectores,
2692 1607 2810 1663 sive
2859 1608 2927 1662 ad
2973 1613 3254 1679 tagmata,
3297 1610 3419 1664 sive
3459 1610 3532 1664 ad
3584 1609 3711 1664 the-

2054 1700 2211 1748 mata
2243 1695 2598 1764 pertineant.
2631 1695 2840 1751 debent
2861 1711 2928 1752 eo
2951 1712 3107 1763 casu,
3133 1696 3183 1752 si
3208 1712 3418 1768 nempe
3437 1713 3714 1754 numma-

2053 1783 2208 1838 rium
2239 1789 2328 1839 est
2385 1785 2759 1854 beneficium,
2811 1787 3074 1856 accipere
3122 1786 3338 1842 viritim
3391 1786 3710 1844 miliaresia

295 1860 486 1923 λακες.
548 1863 645 1917 Καὶ
707 1861 1042 1920 ὑπαλλάσσει
1121 1866 1249 1929 τούς
1336 1867 1674 1945 ἀμφοτέρους
1749 1871 1942 1944 ἑκάστῃ

2064 1872 2222 1939 bina,
2253 1877 2354 1928 aut
2385 1878 2570 1942 terna,
2603 1875 2722 1930 imo
2743 1881 2801 1930 et
2831 1882 3136 1946 quaterna,
3160 1875 3359 1930 habita
3389 1891 3599 1946 nempe
3621 1893 3710 1930 ra-

298 1954 502 2026 ἡμέρᾳ.
581 1952 686 2010 Καὶ
768 1949 1190 2028 παραλαμϐάνει
1273 1957 1300 2011 6
1390 1954 1751 2034 δρουγγάριος
1825 1958 1954 2020 τοὺς

298 2043 552 2114 κόμητας
593 2049 691 2111 τῆς
749 2043 953 2116 κόρτης
997 2048 1102 2098 τῶν
1147 2045 1418 2118 θεμάτων,
1461 2048 1552 2101 καὶ
1612 2045 1728 2127 ἔχει
1760 2048 1953 2111 αὐτοὺς

300 2131 379 2194 εἷς
401 2133 724 2206 παραμονὴν
754 2135 849 2186 τοῦ
893 2130 1163 2205 βασιλέως
1205 2134 1280 2196 εἰς
1309 2136 1374 2190 τὸ
1404 2137 1571 2191 θεῖναι
1600 2139 1700 2206 τὴν
1751 2139 1952 2209 κόρτην

299 2221 393 2277 καί
420 2221 496 2284 είς
527 2221 589 2276 τὸ
622 2220 775 2296 ῥίψαι
809 2221 942 2295 μετὰ
971 2225 1082 2277 τῶν
1105 2225 1484 2299 κορτιναρίων,
1537 2227 1633 2281 Διὰ
1661 2230 1821 2282 τοῦτο
1850 2227 1952 2302 γὰρ

297 2312 390 2367 καὶ
437 2308 737 2366 καλοῦνται
789 2305 1034 2384 κόμητες
1096 2319 1198 2382 τῆς
1253 2313 1475 2389 κόρτης.
1513 2315 1622 2371 Καὶ
1674 2315 1765 2371 ὅτε
1808 2314 1951 2372 θέλει

297 2403 645 2476 κερκετεῦσαι
701 2400 730 2453 6
786 2397 1146 2476 δρουγγάριος
1205 2403 1272 2457 τά
1327 2404 1554 2476 θέματα,
1616 2404 1788 2482 ἤγουν
1817 2405 1954 2461 κατά

295 2491 485 2561 νύκτα,
544 2484 662 2565 ἔχει
701 2490 818 2564 μεθ’
878 2490 1074 2546 ἑαυτοῦ
1119 2492 1250 2554 τοὺς
1307 2492 1504 2557 αὐτοὺς
1559 2494 1807 2567 κόμητας
1848 2503 1950 2565 τῆς

295 2581 502 2653 χάρτης
551 2583 658 2634 τῶν
727 2580 974 2652 θεμάτων
1023 2581 1111 2634 καὶ
1181 2578 1522 2658 μανδάτορας
1578 2584 1668 2638 καὶ
1721 2582 1816 2639 δύο
1857 2605 1952 2662 φα.

295 2668 430 2723 τλία
477 2667 583 2721 ἀπὸ
631 2673 728 2722 τοῦ
797 2667 1087 2741 βασίλικοῦ
1173 2671 1504 2746 βεστιαρίου,
1557 2673 1644 2728 καὶ
1731 2693 1950 2750 περιγυ-

304 2755 450 2832 ρεῦει
506 2757 573 2812 τά
616 2755 834 2831 Θὲματα,
883 2759 974 2813 καὶ
1038 2766 1232 2834 θεωρεῖ
1294 2760 1390 2823 τὰς
1455 2759 1794 2837 πεδητούρας
1858 2763 1948 2818 καὶ

304 2848 372 2900 τά
429 2839 739 2922 ὲξωϐίγλια,
797 2848 887 2902 καὶ
946 2850 1006 2903 ἂν
1067 2849 1198 2924 εὕρῃ
1255 2852 1401 2913 τινάς
1469 2856 1578 2906 τῶν
1661 2851 1948 2929 ἀρχόντων

304 2931 640 3006 ἀμελοῦντας
666 2934 726 2989 ἐκ
751 2940 860 2990 τῶν
905 2936 1173 3009 μενόντων
1205 2937 1281 2999 εἰς
1312 2939 1412 3006 τὴν
1470 2935 1811 3010 πεδτιτοῦραν
1859 2939 1948 2994 καὶ

299 3023 381 3086 εἰς
410 3024 477 3079 τὰ
536 3020 854 3100 ἐξωϐίγλια,
885 3025 976 3080 καὶ
1037 3025 1142 3080 ἀπὸ
1177 3027 1273 3100 μὶν
1322 3032 1693 3102 τουρμαρχῶν
1730 3027 1821 3083 καὶ
1851 3049 1947 3083 καο

297 3112 523 3189 τωτέρω
579 3113 768 3170 τύπτει
829 3114 1029 3177 αὐτοὺς
1081 3114 1343 3191 ἰσχυρῶς,
1404 3116 1493 3170 καὶ
1551 3119 1730 3182 καθὼς
1786 3116 1945 3193 εὕρῃ·

2066 1961 2222 2017 tione
2251 1977 2475 2032 eorum,
2508 1963 2724 2035 quibus
2753 1965 2988 2020 dantur.
3017 1963 3212 2036 Neque
3243 1965 3353 2036 ipsi
3379 1971 3606 2022 tantum
3640 1979 3707 2021 eo

2065 2049 2347 2108 beneﬂcio
2383 2052 2680 2121 fruuntur,
2713 2057 2809 2109 sed
2864 2054 3042 2109 etiam
3085 2070 3198 2124 quo
3227 2059 3488 2125 tempore
3517 2053 3707 2126 gravis

2064 2138 2328 2210 supellex
2360 2141 2417 2194 in
2455 2139 2746 2196 hosticum
2799 2141 3154 2211 immittitur,
3192 2147 3482 2214 quotquot
3513 2143 3707 2215 magi-

2063 2233 2321 2284 strorum
2355 2229 2693 2286 militarium
2725 2230 2902 2302 regiis
2933 2233 3218 2288 vehuntur
3241 2233 3411 2304 equis
3435 2240 3490 2288 et
3531 2231 3707 2304 regiis

2063 2322 2313 2373 utuntur
2341 2320 2674 2391 sagmariis,
2708 2319 2918 2376 horum
2971 2320 3071 2376 illa
3119 2321 3244 2391 ipsa
3287 2337 3518 2392 quoque
3548 2320 3707 2394 regia

2063 2407 2340 2463 animalia
2369 2407 2582 2464 debent
2609 2414 2748 2465 tunc
2781 2410 3039 2481 accipere
3067 2409 3266 2466 hordei
3301 2411 3522 2467 modios
3553 2427 3706 2482 qua.

2060 2499 2258 2551 ternos
2288 2497 2345 2551 in
2371 2512 2620 2568 pensum
2653 2497 2928 2552 diarium.
2983 2499 3273 2569 Quotquot
3303 2505 3440 2554 sunt
3469 2499 3705 2554 sellaria

2062 2581 2217 2638 nuda
2242 2599 2342 2639 seu
2376 2585 2509 2656 equi
2543 2585 2886 2656 equitationi
2944 2586 3183 2656 quidem
3236 2585 3538 2651 destinati,
3564 2591 3706 2642 tunc

2060 2675 2253 2728 tamen
2276 2672 2551 2745 ephippio
2573 2690 2688 2729 non
2708 2673 2979 2730 instructi
3012 2689 3201 2746 neque
3222 2675 3476 2731 insessui
3493 2673 3704 2745 parati,

2060 2759 2118 2815 hi
2152 2761 2262 2817 sub
2293 2761 2567 2833 stragulis
2617 2779 2684 2818 eo
2715 2769 2976 2834 tempore
3006 2764 3175 2819 debet
3206 2774 3446 2819 octonos
3477 2763 3702 2820 modios

2061 2847 2257 2904 hordei
2292 2856 2521 2920 portare
2546 2875 2560 2915 ;
2584 2857 2866 2922 quotquot
2894 2857 3088 2906 autem
3116 2867 3311 2907 comes
3342 2851 3559 2908 stabuli
3593 2851 3702 2906 sub

2059 2951 2121 2992 se
2152 2936 2326 2993 habet
2355 2940 2513 3010 regia
2546 2941 2853 3011 parhippia
2898 2944 2958 2995 et
2997 2942 3314 3012 sagmaria,
3356 2939 3459 2996 illa
3500 2943 3705 2996 onerat

2058 3025 2225 3082 denis
2248 3027 2460 3083 modiis
2484 3027 2705 3084 hordei.
2727 3028 3034 3084 Prefectus
3057 3045 3270 3084 mense
3293 3029 3466 3084 debet
3490 3028 3705 3085 habere

2057 3120 2366 3170 excusatos
2413 3131 2444 3170 e
2491 3117 2745 3172 themate
2791 3116 2994 3188 opsicii
3041 3127 3096 3172 et
3147 3116 3379 3186 quidem
3419 3133 3450 3172 e
3489 3115 3702 3188 praedio

299 3201 631 3277 ἀναγγέλλει
678 3207 758 3275 τῷ
819 3204 1053 3279 βασιλεῖ.
1115 3204 1176 3261 Ὀ
1233 3202 1290 3259 δὲ
1352 3207 1790 3282 πρωτοστράτωρ
1848 3213 1946 3263 τοῦ

2060 3203 2398 3260 Tembrium
2421 3206 2598 3271 dicto,
2619 3205 2845 3262 retibus
2872 3206 3214 3273 instructos,
3240 3210 3304 3260 ut
3320 3203 3506 3276 pisces
3536 3221 3568 3260 e
3596 3204 3701 3260 ilu-

302 3291 580 3368 βασιλέως
645 3295 779 3368 μετὰ
834 3295 925 3349 καὶ
1004 3295 1314 3369 στρατόρῶν
1396 3301 1562 3371 τριῶν
1649 3296 1947 3371 βασιλικῶν

2061 3293 2171 3350 viis
2193 3296 2405 3351 deserti
2429 3294 2676 3367 capiant.
2710 3273 3386 3367 Quandiuimperatorin
3417 3293 3705 3350 Romanis

297 3381 414 3455 ἅμα
465 3387 546 3455 τῷ
593 3383 800 3457 κόμητι
855 3387 952 3440 τοῦ
1010 3381 1248 3438 στάϐλου
1287 3383 1377 3438 καὶ
1443 3383 1615 3458 τρισὶν
1667 3384 1950 3461 ἱππαρίοις

293 3473 664 3545 επρωμὲνοις
713 3476 934 3527 ποιοῦσι
990 3473 1348 3548 παραμόνιμα
1405 3473 1622 3527 ὄπισθεν
1699 3477 1796 3528 τοῦ
1848 3475 1947 3547 βα·-

298 3559 516 3615 σιλικοῦ
583 3559 792 3635 πύργου
843 3564 976 3634 (99),
1033 3559 1138 3625 ἕως
1178 3562 1240 3616 οὗ
1294 3555 1426 3635 ἐκϐῇ
1459 3562 1488 3616 6
1536 3561 1789 3637 βασιλεὺς
1841 3562 1946 3616 ἀπὸ

296 3649 523 3725 Συρίας.
574 3652 650 3707 Τά
703 3647 760 3706 δὲ
811 3651 1049 3725 ίππάρια
1090 3652 1158 3706 τὰ
1204 3646 1558 3726 σεσαγισμένα
1613 3652 1705 3706 καὶ
1777 3671 1947 3725 παρα-

296 3739 569 3812 συρόμενα
627 3739 807 3796 οὐκέτι
838 3745 1230 3814 ποριπατοῦσιν
1288 3737 1613 3814 ἔμπροσθεν,
1644 3739 1773 3795 ἀλλ’
1805 3740 1946 3795 ὅπου

295 3826 442 3882 ἐστὶν
491 3830 526 3899 ἡ
583 3827 943 3904 προμοσέλλα
995 3832 1030 3900 ἡ
1117 3828 1399 3904 βασιλικὴ,
1457 3828 1570 3884 ἐκεῖ
1655 3829 1946 3904 βόσκονται

299 3921 438 3992 μετὰ
492 3925 598 3976 τῶν
649 3921 877 3984 λοιπῶν,
933 3922 1024 3978 καὶ
1075 3921 1324 3997 ἐπιτήρεῖ
1383 3922 1520 3977 αὐτὰ
1578 3921 1606 3975 ὁ
1661 3919 1946 3996 βασιλικὸς

295 4005 714 4084 σταϐλοκέμης,
773 4016 944 4067 ποιῶν
1013 4012 1114 4080 τὴν
1155 4011 1412 4087 πρόνοιαν
1467 4011 1666 4068 αὐτῶν.
1708 4017 1833 4068 “Ore
1891 4008 1949 4066 δὲ

295 4097 576 4169 ἀπόληται
619 4104 691 4172 (1)
741 4100 801 4156 ἐκ
854 4105 951 4156 τοῦ
1013 4100 1151 4156 λαοῦ
1217 4096 1544 4170 οἱονδήποτε
1616 4104 1860 4174 πρᾶγμα,
1919 4102 1948 4155 6

296 4186 547 4256 εὖσηκὼς
607 4191 756 4264 φέρει
815 4189 967 4260 αὐτὸ,
1001 4190 1089 4244 καὶ
1123 4185 1313 4244 δίδωσι
1344 4193 1423 4261 τῷ
1467 4187 1815 4265 δρουγγαρίῳ
1847 4194 1948 4258 τῆς

301 4274 530 4352 βίγλης,
563 4280 651 4333 καὶ
709 4283 738 4334 6
767 4277 1038 4340 ἀπολέσας
1095 4275 1316 4357 ἔρχεται
1353 4279 1489 4351 πρὸς
1536 4278 1627 4332 τὸν
1680 4274 1948 4353 δρουγγά·

309 4385 452 4438 ριον,
484 4367 574 4421 καὶ
625 4363 893 4440 λαμϐάνει
931 4368 995 4422 τὸ
1029 4365 1165 4423 ἴδιον
1199 4368 1463 4442 εὐχερῶς.
1500 4367 1592 4429 Εἰς
1623 4365 1680 4421 Si
1723 4367 1751 4420 6
1781 4366 1947 4442 εὐρη-

302 4457 418 4517 κὼς
480 4457 543 4512 τὸ
596 4461 819 4534 πρᾶγμα
885 4458 1184 4534 ἀποκρύψει
1245 4458 1375 4513 αὑτὸ
1424 4457 1513 4512 καὶ
1573 4457 1657 4512 ἐπ’
1703 4455 1950 4532 ἐσχάτων

301 4543 515 4620 εὑρεθῇ,
575 4547 650 4609 ὡς
720 4544 963 4617 κλέπτης
1025 4545 1461 4618 καταδικάζεται.
1539 4546 1760 4617 Ἰστὲον,
1842 4544 1947 4616 ὅτι,

2057 3390 2168 3448 est,
2198 3384 2412 3440 debent
2460 3385 2518 3439 in
2575 3400 2926 3456 unoquoque
2973 3384 3230 3440 themate
3279 3399 3380 3439 seu
3411 3383 3700 3448 districtu,

2058 3472 2157 3542 qui
2181 3473 2468 3543 cujusque
2490 3479 2650 3537 sunt,
2668 3473 3042 3543 protonotarii
3067 3473 3283 3528 servire
3303 3480 3357 3527 et
3377 3471 3703 3529 necessaria

2057 3561 2516 3617 subministrare.
2548 3561 2770 3616 Pariter
2797 3577 3034 3632 quoque
3073 3561 3223 3617 282
3254 3561 3498 3616 comites
3527 3559 3704 3617 cortis

2058 3655 2334 3720 praestant
2380 3651 2680 3721 angaridia
2720 3667 2819 3705 seu
2863 3651 3122 3719 jumenta
3169 3651 3445 3705 coacticia
3493 3664 3702 3704 cursus

2055 3738 2273 3811 publici
2327 3756 2430 3809 pro
2479 3755 2618 3794 casu
2667 3739 3030 3794 necessitatis
3084 3737 3341 3807 urgentis
3387 3737 3701 3808 drungario
3768 3799 3771 3802 η

2056 3828 2286 3900 vigilias,
2318 3828 2621 3900 quandois
2645 3828 2865 3884 regium
2891 3828 3126 3899 aliquod
3159 3826 3504 3882 mandatum
3534 3841 3704 3898 expe-

2057 3918 2244 3974 ditum
2279 3919 2341 3972 it.
2376 3917 2461 3972 0b
2517 3917 2673 3988 quod
2708 3915 3126 3988 perﬁciendum
3169 3915 3310 3970 dum
3343 3915 3394 3970 is
3426 3931 3460 3969 ο.
3487 3915 3701 3971 castris

2057 4009 2243 4072 abest,
2269 4006 2513 4063 sustinet
2542 4009 2670 4077 ejus
2692 4005 2844 4060 vices
2864 4010 3040 4076 atque
3067 4019 3374 4074 personam
3392 4002 3703 4060 hicanatus

2059 4113 2157 4153 seu
2192 4098 2497 4169 praafectus
2528 4097 2953 4152 bicanatorum.
2996 4095 3240 4161 Quando
3273 4099 3467 4150 autem
3504 4093 3563 4148 in
3602 4095 3704 4150 de-

2058 4193 2212 4242 serta
2256 4203 2318 4242 se
2350 4187 2658 4258 projecerit
2686 4200 2904 4253 suaque
2947 4189 3139 4240 castra
3177 4184 3508 4254 imperator,
3559 4187 3702 4241 tunc

2060 4291 2248 4348 neque
2278 4275 2452 4331 cortis
2484 4273 2752 4348 praecedit
2783 4273 2988 4330 itinere
3033 4273 3266 4339 diurno,
3298 4288 3489 4344 neque
3519 4286 3612 4328 res
3640 4277 3701 4328 et

2060 4362 2320 4434 supellex
2368 4363 2528 4434 regia
2573 4360 2886 4418 alteriusve
2933 4361 3222 4430 alicujus;
3269 4360 3367 4416 sed
3407 4359 3493 4414 illi
3537 4359 3704 4431 quin-

2059 4452 2216 4524 genti
2269 4449 2478 4507 delecti
2525 4450 2656 4521 viri,
2727 4465 2874 4522 quos
2947 4448 3302 4520 drungarius
3363 4447 3571 4520 vigilia
3632 4463 3703 4504 ex

2060 4542 2402 4599 auctoritate
2449 4539 2605 4612 regia
2635 4539 3030 4612 designaverit
3059 4545 3115 4594 et
3144 4555 3175 4594 e
3205 4539 3533 4612 legionibus
3563 4553 3699 4594 evo-

299 4636 402 4688 τοῦ
470 4633 740 4709 βασιλέως
781 4636 832 4692 ἂν
892 4638 1064 4712 Συρίᾳ
1099 4633 1270 4706 ὄντος,
1333 4630 1700 4710 λαμϐάνουσιν
1757 4635 1809 4690 οἱ
1853 4635 1947 4709 μά-

2059 4631 2292 4696 caverit,
2324 4630 2529 4685 armati
2569 4630 2861 4684 excubant
2900 4645 3004 4700 pro
3051 4628 3280 4697 castris,
3331 4633 3388 4684 et
3435 4632 3698 4684 antever-

298 4743 518 4798 γιστροι
566 4725 656 4780 καὶ
713 4725 765 4780 οἳ
813 4726 1091 4802 πατρίκιοι
1162 4727 1253 4782 καὶ
1332 4727 1384 4781 οἱ
1468 4723 1952 4803 πρωτοσπαθάριοι

299 4811 648 4890 ὀφφικιάλιοι
704 4814 996 4890 μαῖουμάν·
1055 4815 1106 4870 οἱ
1168 4815 1262 4888 μὲν
1333 4815 1625 4892 μάγιστροι
1683 4815 1782 4870 ἀνὰ
1849 4811 1944 4868 δύο

299 4905 573 4979 σφακτῶν,
632 4905 684 4958 οἱ
753 4900 811 4959 δὲ
851 4903 1140 4980 πατχίκιοι
1196 4904 1297 4960 ἀνὰ
1343 4907 1579 4984 σφακτοῦ
1637 4904 1746 4973 ὲνὸ,
1786 4903 1837 4957 οἱ
1887 4898 1945 4957 δὶ

293 4993 802 5066 πρωτοσπαθάριοι,
862 4991 1203 5070 ὀφφικιάλιοι
1253 4992 1346 5046 σὺν
1410 4990 1505 5047 δύο
1580 4993 1642 5048 τὸ
1710 4992 1940 5068 σφακτὸν

293 5078 494 5153 δκάστῃ
565 5085 830 5156 κυριακῇ,
874 5083 938 5138 τὸ
982 5081 1038 5138 δὲ
1094 5086 1250 5158 χῦμα
1304 5085 1401 5137 τοῦ
1460 5079 1621 5148 λαοῦ,
1680 5076 1848 5156 ἤγουν
1889 5079 1943 5135 οἱ

298 5163 583 5242 βασιλικοὶ
643 5168 869 5246 ἄγουροι
926 5171 1098 5226 καὶοἱ
1156 5171 1242 5226 ἐπὶ
1299 5172 1396 5239 τῆς
1453 5167 1720 5244 ἑταιρείας
1751 5167 1844 5223 καὶ
1890 5167 1941 5223 οἱ

291 5254 493 5312 λοιποὶ
541 5255 633 5312 σὺν
694 5255 820 5315 δίκα
871 5261 934 5315 τὸ
964 5260 1222 5335 σφακτόνο
1258 5259 1308 5315 οἱ
1351 5255 1408 5315 δὲ
1437 5257 1639 5323 ἐθνικοὶ
1673 5258 1766 5312 σὺν
1788 5254 1838 5310 λ’
1878 5256 1940 5312 τὸ

2061 4724 2197 4774 tunt
2225 4735 2294 4775 ea
2323 4719 2392 4775 ad
2416 4719 2667 4774 duorum
2699 4717 3043 4774 milliarium
3075 4716 3435 4774 distantiam.
3464 4717 3591 4772 Alia
3621 4717 3702 4772 le-

2055 4809 2172 4881 gio,
2187 4809 2927 4881 qualemcumquetandem
2943 4805 3696 4879 deputaveritdrungarius,

2054 4898 2378 4970 expeditur,
2412 4906 2471 4952 ut
2501 4899 2572 4952 ab
2607 4902 2852 4969 utroque
2883 4900 3063 4952 latere
3101 4897 3171 4952 ad
3205 4898 3449 4950 duorum
3483 4891 3700 4948 millia-

2053 4988 2206 5044 rium
2239 4987 2311 5042 ab
2342 4987 2690 5058 imperatore
2721 4987 3061 5042 distantiam
3094 4985 3374 5049 excubet;
3404 4982 3528 5037 alia:
3554 4985 3696 5036 tan-

2051 5079 2184 5133 dem
2216 5077 2346 5133 dum
2377 5077 2631 5149 legiones
2654 5093 2687 5132 a
2711 5076 3026 5148 drungario
3049 5091 3115 5130 ex
3139 5071 3511 5144 imperatoris
3537 5086 3698 5125 man-

2052 5168 2189 5222 dato
2221 5166 2565 5238 ablegantur
2596 5181 2742 5238 pone
2773 5173 2984 5232 castra,
3019 5167 3099 5230 ut,
3135 5178 3262 5232 qua
3283 5178 3316 5216 a
3345 5166 3507 5230 tergo
3537 5166 3696 5226 sunt,

2055 5255 2402 5312 custodiant.
2436 5253 2653 5311 Omnes
2701 5253 2812 5308 illas
2859 5251 3113 5308 excubiae
3161 5249 3392 5318 antica,
3429 5245 3697 5303 laterales

1297 5414 1495 5472 JOAN.
1533 5413 1678 5472 JAC.
1721 5411 1987 5470 RElSKIl
2025 5407 2612 5468 COMMENTARIUS.

391 5563 486 5636 98)
505 5562 662 5620 Verti
686 5562 881 5620 delecti
902 5565 1036 5632 viri,
1057 5563 1252 5621 nescio
1284 5580 1398 5636 quo
1414 5579 1628 5636 errore,
1661 5566 1938 5636 tanquam

292 5635 345 5690 si
378 5631 618 5706 ἔκκριτοι
649 5631 1338 5707 scriptuminveni‘ssem.
1373 5636 1480 5690 Sed
1513 5633 1745 5707 vulgata
1774 5631 1942 5707 lectio

290 5721 444 5762 sana
473 5701 559 5764 est
591 5710 648 5781 et.
679 5701 844 5781 notat
871 5704 998 5781 τοὺς
1029 5704 1084 5760 ἰν
1125 5701 1311 5781 ἄκροις
1340 5701 1723 5781 τιταγμίνὸυς,
1755 5703 1940 5781 aciem

291 5793 425 5853 qua
456 5776 750 5834 exercitus
789 5777 855 5832 τὰ
902 5774 1039 5853 ἄκρα
1087 5774 1329 5849 obtinet,
1361 5774 1634 5844 extrema,
1671 5778 1938 5841 frontem,

2053 5555 2198 5613 alias
2231 5553 2546 5625 prodromi,
2580 5550 2785 5625 t’auant
2814 5550 3016 5624 garde.

2124 5617 2244 5699 (99)"
2267 5626 2368 5682 Hic
2406 5626 2512 5699 loci
2534 5617 2694 5680 nihil
2725 5617 2883 5680 aliud
2914 5627 3002 5678 est
3030 5635 3213 5694 quam
3254 5617 3570 5677 tentorium
3603 5633 3700 5676 re-

2053 5697 2235 5770 sium'.
2254 5697 2627 5770 praetium:

2126 5769 2204 5843 (1)
2227 5762 2395 5824 Cbnt‘.
2429 5767 2728 5840 Polybius,
2758 5784 2814 5840 ι).
2851 5765 2976 5838 478,
2999 5763 3130 5825 init.
3162 5766 3254 5828 ed.
3285 5762 3548 5824 Wschel.
