4172 6300
504 382 616 442 931

1579 375 2113 438 CONSTANTINI
2159 374 2843 437 PORPHYROGENITI

3790 384 3916 445 932

505 519 563 571 et
589 513 848 586 postica,
879 510 1140 584 quotidie
1162 513 1496 583 permutant
1512 509 1686 566 vices.
1715 507 1978 564 Assumit
2007 523 2141 578 quo-

2259 503 2550 580 ἆγελάδιον
2604 507 2668 562 τὸ
2722 513 2787 564 α’.
2845 508 2971 564 Ὀτι
3037 505 3093 562 δὶ
3146 505 3291 563 ἔστιν
3361 508 3437 570 εἷς
3481 511 3815 582 ’Ῥωμανίαν
3885 516 3915 570 ὁ

505 618 617 675 qus
668 603 1017 674 drungarius
1064 617 1096 656 e
1141 599 1499 656 thematibus
1547 599 1789 656 comites
1847 597 2022 653 cortis
2061 597 2146 652 sic

505 692 714 759 dictos,
749 701 810 747 ut
839 691 1096 762 proxime
1127 690 1275 746 circa
1301 691 1707 760 imperatorem
1738 692 2064 754 versentur,
2091 690 2148 742 et

497 784 892 858 depangendss
923 783 1136 856 pariter
1184 786 1354 852 atque
1407 781 1750 838 revellendte
1779 780 1950 849 corti,
1986 779 2144 850 quod

501 873 949 930 cortinariorum
982 887 1132 942 opus
1151 876 1262 937 est,
1287 872 1521 928 adsint:
1548 873 1702 927 unde
1723 872 1897 927 etiam
1931 883 2145 926 nomen

499 965 782 1019 comitum
806 962 984 1019 cortis
997 961 1192 1034 adepti
1219 967 1377 1018 sunt.
1399 963 1512 1018 Hos
1527 963 1682 1030 ipsos
1702 962 1946 1017 comites
1968 959 2144 1014 cortis

497 1051 824 1108 thetnatum
887 1051 1055 1108 habet
1106 1052 1456 1123 drungarius
1511 1066 1735 1116 secum,
1795 1049 2028 1120 quando
2072 1048 2144 1104 de

500 1149 666 1198 nocte
695 1141 963 1198 circitare
991 1141 1136 1209 vult,
1168 1141 1308 1196 item
1339 1141 1712 1197 mandatorss
1746 1143 1802 1194 et
1832 1139 1948 1193 duo
1979 1136 2144 1193 fallia

501 1248 601 1289 seu
625 1249 818 1290 cereos
850 1249 881 1288 e
910 1233 1068 1304 regio
1101 1230 1366 1287 vestiario
1397 1232 1754 1301 depromtos,
1787 1228 2142 1299 quibuscum

501 1323 728 1379 circitat
762 1321 1027 1377 themata
1055 1336 1158 1376 seu
1190 1318 1466 1386 legiones,
1499 1324 1556 1374 et
1588 1320 1798 1374 lustrat
1828 1317 2144 1389 pedaturas

501 1426 601 1467 eu
651 1409 955 1475 stationes,
1007 1412 1065 1464 et
1111 1407 1402 1478 exobiglia
1441 1423 1542 1463 seu
1592 1405 1839 1462 extimas
1889 1405 2138 1477 vigilias.

499 1499 620 1562 Quo
644 1504 898 1568 tempore
929 1498 973 1551 si
1005 1512 1153 1568 quos
1170 1501 1420 1552 rectores
1446 1497 1730 1552 militares
1761 1494 2019 1551 inveniat
2048 1495 2143 1550 in-

496 1585 726 1643 curiose
756 1600 927 1641 suum
971 1585 1233 1640 ofﬁcium
1284 1583 1559 1640 facientes
1589 1589 1690 1640 aut
1719 1601 1964 1656 prorsus
1994 1583 2142 1639 deﬁ-

503 1674 743 1743 cientes,
773 1689 974 1730 eorum
1008 1673 1107 1745 qui
1139 1675 1346 1730 adesse
1378 1675 1676 1746 pedaturis
1707 1678 1764 1729 et
1793 1672 2027 1729 extimis
2056 1672 2142 1728 vi-

504 1763 657 1837 giliis
677 1763 961 1820 debebant
980 1780 1080 1820 eos
1101 1765 1223 1834 ipse
1235 1766 1447 1837 partim
1464 1764 1834 1820 vehementer
1857 1763 2142 1828 verberat,

2258 594 2537 670 βασιλεὺς,
2585 591 2956 668 λαμϐάνουσιν
3024 603 3297 670 μαϊουμᾶν
3371 598 3423 652 οἱ
3507 603 3910 674 προειρημένοι

2253 682 2314 739 ἐκ
2355 705 2460 739 των
2521 684 2798 756 ξεναλιων.
2835 686 2897 744 Εἰ
2947 682 3003 742 δὲ
3055 686 3271 758 ξενάλια
3319 686 3422 742 οὐκ
3458 687 3587 756 εἶσὶ,
3623 696 3914 764 χορηγοῦ-

2256 794 2337 828 σιν
2383 774 2435 828 οἱ
2489 775 2946 850 πρωτονοτάριοι·
3005 778 3070 834 Ὀ
3129 773 3186 831 δὲ
3241 775 3328 831 ἐπὶ
3357 784 3458 846 τῆς
3499 779 3778 852 τραπέζης
3812 781 3906 835 καὶ

2255 864 2284 918 ὁ
2351 859 2674 936 δομέστικος
2721 871 2820 934 τῆς
2891 866 3186 942 ὑπουργίας
3267 864 3552 943 ὀφείλουσι
3619 870 3910 943 βαστάζειν

2257 951 2555 1027 ὀπηρεσίαν
2611 951 2900 1026 βασιλικήν
2951 954 3264 1028 τραπεζίου,
3299 952 3564 1026 δηλονότι
3608 962 3713 1012 τοῦ
3747 959 3908 1033 βασι-

2264 1040 2403 1102 λέως
2432 1039 2486 1097 ἒν
2519 1041 2690 1115 Συρίᾳ
2720 1041 2897 1112 ὐντος,
2932 1044 3006 1106 εἷς
3059 1043 3254 1105 ἀσκοὺς
3283 1044 3425 1099 οἶνον
3477 1047 3740 1101 Νικαινὸν
3800 1069 3912 1104 πα-

2257 1129 2408 1184 λαιὸν
2437 1129 2603 1204 μέτρα
2628 1132 2798 1206 ρ’,καὶ
2829 1127 3017 1186 ἕλιιον
3053 1133 3310 1188 Νικαινὸν
3344 1134 3517 1208 μέτρα
3544 1133 3615 1205 λ’,
3646 1135 3740 1190 καὶ
3761 1137 3790 1190 ὁ
3811 1142 3912 1192 τοῦ

2257 1218 2525 1292 βασιλέως
2583 1217 2842 1294 οἰνοχόος
2895 1221 3040 1276 οἶνον
3097 1218 3410 1278 δεσποτικὸν
3463 1225 3556 1279 τὸν
3603 1223 3897 1298 ἀρκοῦντα·

2249 1309 2317 1362 τὰ
2347 1305 2403 1363 δὲ
2445 1306 2621 1364 λοιπὰ
2674 1322 2847 1364 πάντα
2896 1308 3208 1386 ὀφείλουσιν
3269 1308 3742 1384 ἀναλαμϐάνεσθαι
3805 1316 3908 1370 ἀπὸ

2253 1403 2352 1466 τῆς
2385 1397 2662 1473 χορηχίας
2693 1404 2804 1453 τῶν
2868 1401 3346 1475 πρωτονοταριων,
3419 1399 3592 1478 ἤγουν
3631 1403 3742 1459 ἀπὸ
3767 1405 3910 1460 Ῥω-

2258 1486 2467 1560 μανίας.
2519 1489 2642 1544 ’Ότι
2692 1487 2758 1543 τὰ
2807 1488 3042 1562 ἱππάρια
3087 1493 3154 1544 τὰ
3207 1488 3539 1563 ἐστρωμένα,
3583 1492 3673 1547 ὅτε
3771 1492 3906 1549 εἰσὶν

2255 1577 2307 1632 ἐν
2363 1576 2533 1652 Συρίᾳ
2587 1582 2972 1652 περιπατοῦσιν
3018 1576 3317 1653 ἔμπροσθεν
3367 1581 3503 1652 μετᾶ
3547 1585 3658 1635 τῶν
3741 1583 3908 1656 βασις

2255 1665 2422 1721 λικῶν
2471 1666 2796 1740 σελΛαρίων,
2836 1668 2924 1721 καὶ
2987 1668 3273 1742 βόσκονται
3327 1665 3520 1724 ἔσωθεν
3581 1677 3683 1739 τῆς
3725 1671 3902 1745 φῖνας.

2251 1755 2368 1810 “Et:
2408 1756 2494 1810 καὶ
2529 1759 2694 1810 ταῦτα
2728 1756 2862 1830 πρὸς
2892 1761 3010 1820 τοῖς
3039 1756 3369 1830 εἰρημένοις,
3412 1759 3492 1813 υἱὲ
3538 1757 3904 1834 πολυέραστε,

499 1853 900 1909 turmarcham
933 1868 1144 1924 nempe
1191 1857 1249 1908 et
1277 1852 1560 1924 quidquid
1597 1868 1663 1908 eo
1691 1851 1965 1922 deinceps
1997 1850 2141 1906 infe-

2253 1843 2419 1899 καλὸν
2471 1844 2546 1906 εἷς
2600 1848 2796 1920 γνῶσιν
2864 1845 3091 1915 ἀνήκειν
3144 1849 3244 1916 τὴν
3305 1849 3423 1917 σήν.
3491 1849 3547 1903 ’Π
3615 1849 3717 1924 γὰρ
3804 1855 3907 1920 τῆς

502 1943 667 1998 rioris
699 1942 922 1998 ordinis
945 1942 1142 2006 fuerit,
1165 1944 1375 2013 partim
1407 1942 1475 1997 ad
1508 1942 1913 2013 imperatorem
1947 1939 2141 2007 refert,

2254 1931 2507 1996 πλείονος
2550 1934 2798 2010 γνώσεως
2842 1940 3025 2006 πεῖρα,
3078 1934 3302 2000 εἰωθυῖα
3356 1941 3584 2011 τεχνοῦν
3629 1939 3730 2006 τήν
3789 1936 3904 1994 διὰ-

500 2035 670 2102 prout
701 2031 782 2086 rei
821 2032 1212 2086 conditionem
1264 2030 1729 2101 deprehenderit.
1760 2029 2141 2086 Protostrator

2253 2043 2399 2078 νοιαν
2458 2027 2563 2078 τῶν
2635 2021 2874 2098 ἐχόντων
2924 2019 3012 2078 διὰ
3073 2022 3313 2096 σπουδῆς
3368 2030 3476 2080 τῶν
3509 2027 3904 2100 προσηκόντων

500 2121 696 2193 regius
726 2136 856 2176 cum
881 2120 1070 2176 tribus
1101 2121 1279 2192 regiis
1309 2121 1659 2177 stratoribus
1689 2123 1746 2175 et
1775 2119 1988 2175 comite
2018 2121 2141 2172 sta-

2256 2109 2424 2184 μηδὶν
2485 2111 2719 2186 ἀγνοεῖν,
2765 2109 2982 2186 ὕστερον
3034 2112 3226 2175 αὐτοὺς
3281 2114 3416 2188 πρὸς
3481 2117 3608 2178 τοὺς
3688 2116 3906 2193 ἀγῶνας

501 2207 624 2265 buli
642 2213 699 2265 et
712 2209 900 2265 tribus
920 2209 1088 2281 equis
1110 2207 1330 2266 sellatis
1350 2209 1664 2281 stratisque
1687 2209 1972 2265 excubant
1996 2222 2141 2279 pone

2253 2200 2681 2276 εὑτολμοτέρους
2769 2200 3044 2276 ἐργάζεται
3142 2200 3343 2275 πολλῷ
3461 2203 3551 2259 καὶ
3662 2206 3901 2284 ἀσφαλε-

498 2298 724 2370 regium
749 2299 1024 2370 burgum,
1057 2298 1241 2355 donec
1279 2297 1591 2369 imperator
1619 2313 1650 2353 e
1691 2299 1851 2370 Syria
1884 2295 2138 2352 redierit.
2252 2288 2489 2365 στὲρους.

501 2388 643 2457 Equi
676 2389 862 2447 strati.
894 2387 994 2458 qui
1042 2392 1212 2442 antea
1251 2403 1446 2443 coram
1477 2387 1712 2442 domino
1764 2385 2018 2457 praeduci
2085 2381 2366 2452 solebant,
2419 2398 2532 2438 non
2573 2381 2825 2453 amplius
2885 2383 3236 2453 pracedunt,
3281 2383 3385 2440 sed
3452 2384 3659 2440 ubiubi
3726 2385 3905 2443 fuerit

502 2478 664 2548 regia
695 2476 1065 2549 promosella,
1113 2475 1193 2530 ibi
1227 2484 1541 2546 pascuntur
1583 2493 1701 2532 una
1729 2491 1864 2531 cum
1907 2475 2133 2530 caeteris
2180 2474 2350 2545 equis
2381 2472 2492 2528 sub
2541 2472 2936 2529 observatione
2985 2473 3218 2530 comitis
3267 2474 3503 2530 stabuli.
3549 2476 3608 2530 Si
3657 2476 3805 2547 quid
3841 2479 3899 2533 in

499 2567 711 2637 p0pulo
751 2581 852 2621 seu
896 2567 1050 2621 inter
1098 2564 1318 2622 milites
1366 2565 1652 2620 amissum
1697 2565 2079 2633 desideretur,
2131 2562 2188 2617 id
2239 2561 2510 2633 quisquis
2555 2560 2844 2618 invenerit
2873 2563 3055 2618 defert
3103 2563 3173 2618 ad
3221 2562 3608 2635 drungarium
3657 2566 3896 2636 vigiliae,

499 2653 665 2723 eique
695 2651 971 2720 exhibet;
1033 2670 1068 2709 a
1127 2668 1242 2723 quo
1276 2669 1482 2707 rursus
1539 2653 1668 2722 ejus
1698 2667 1869 2707 verus
1918 2665 2223 2722 possessor
2261 2650 2359 2721 qui
2411 2649 2712 2718 amiserat,
2763 2649 2932 2706 facile
2989 2655 3310 2721 recuperat.
3365 2652 3422 2706 Si
3469 2657 3664 2708 autem
3716 2669 3896 2724 quam

497 2741 630 2813 quis
665 2743 946 2798 invenerit
974 2759 1098 2798 rem
1129 2742 1294 2808 celet,
1333 2747 1390 2797 at
1439 2742 1709 2812 deinceps
1755 2747 1947 2798 tamen
2001 2741 2225 2820 amissa
2254 2756 2346 2796 res
2378 2756 2555 2812 penes
2599 2756 2732 2797 eum
2785 2739 3168 2798 nihilominus
3219 2741 3280 2797 in
3326 2743 3442 2798 ﬁne
3471 2743 3823 2814 reperiatur,
3854 2744 3908 2802 is

496 2831 656 2887 velut
705 2834 799 2888 tur
846 2848 1049 2904 pmnas
1102 2835 1218 2888 dat.
1274 2831 1426 2888 288
1481 2833 1828 2902 lmperatore
1875 2831 1933 2887 in
1992 2831 2150 2903 Syria
2197 2830 2464 2899 haerente,
2524 2830 2821 2901 accipiunt
2872 2830 3072 2902 quavis
3129 2831 3222 2888 die
3278 2830 3578 2888 Dominica
3635 2834 3902 2906 magistri

498 2921 748 2994 patricii,
781 2922 1000 2994 singuli
1035 2921 1323 2994 singulas,
1367 2921 1817 2993 protospatharii
1862 2921 2143 2977 ofﬁciales
2183 2920 2306 2975 bini
2337 2921 2554 2992 quique
2573 2919 2854 2990 singulas.
2899 2921 3028 2976 Fax
3073 2926 3265 2977 autem
3317 2922 3516 2993 populi
3565 2939 3670 2979 seu
3705 2924 3901 2980 famu-

496 3011 605 3066 litii
640 3012 805 3084 regii,
838 3012 1003 3083 aguri
1046 3019 1186 3082 puta
1223 3017 1282 3067 et
1309 3011 1379 3065 ad
1416 3010 1710 3066 hetaeriam
1755 3012 2111 3082 pertinentes
2141 3015 2313 3080 atque
2344 3009 2576 3079 reliqui,
2627 3025 2730 3080 per
2757 3009 3020 3081 singulas
3063 3011 3326 3067 decurias
3370 3011 3669 3084 accipiunt
3701 3013 3909 3086 singu-

496 3099 584 3154 las
615 3101 886 3171 capellas.
922 3101 1107 3155 Exteri
1147 3117 1250 3155 seu
1284 3104 1570 3170 quotquot
1609 3100 1950 3170 alienigenae
2003 3099 2063 3154 in
2112 3101 2317 3154 castris
2377 3097 2634 3153 militant
2680 3099 2972 3168 accipiunt
3025 3117 3128 3172 per
3174 3105 3369 3158 ternas
3415 3119 3682 3173 quasque
3730 3105 3907 3161 decu-

499 3189 618 3242 rias
659 3188 919 3259 singulas
967 3204 1192 3243 vaccas.
1250 3187 1518 3252 Quandiu
1571 3193 1763 3242 autem
1807 3187 1866 3242 in
1919 3187 2204 3243 Romania
2251 3187 2441 3244 adhuc
2473 3197 2730 3244 versatur
2775 3189 3112 3260 imperator,
3163 3193 3459 3264 accipiunt
3490 3193 3753 3265 praedicti
3787 3213 3909 3252 ma-

489 3280 722 3351 jumam
770 3293 800 3332 e
844 3275 1072 3332 muneri
1123 3276 1315 3343 datis;
1367 3291 1491 3347 quas
1533 3277 1581 3331 si
1631 3275 1795 3332 nulla
1842 3276 2062 3343 adsint,
2111 3278 2325 3334 debent
2373 3279 2748 3348 protonotarii
2795 3280 2953 3337 dicta
3002 3298 3206 3354 pecora
3265 3289 3547 3354 prestera.
3602 3285 3909 3342 Praefectus

502 3382 719 3422 mensae
746 3371 802 3423 et
848 3367 1208 3423 domesticus
1251 3367 1549 3440 hypurgisa
1594 3384 1699 3423 sou
1753 3367 2060 3424 ministerii
2102 3367 2385 3425 culinaris
2430 3369 2646 3426 debent
2692 3370 2751 3427 in
2785 3372 3116 3430 ministerio
3173 3389 3388 3431 mensas
3419 3375 3612 3446 regite,
3648 3377 3909 3448 quandiu

501 3455 824 3527 imperator
853 3457 912 3511 in
953 3456 1122 3529 Syria
1153 3457 1285 3524 agit,
1329 3472 1522 3513 secum
1575 3457 1718 3514 ferre
1751 3457 1870 3514 vini
1901 3457 2124 3530 antiqui
2172 3459 2390 3516 Nicmni
2425 3476 2728 3518 mensuras
2774 3468 3008 3520 centum
3043 3464 3102 3520 in
3157 3466 3405 3532 utribus,
3439 3471 3496 3522 et
3535 3465 3649 3523 olei
3691 3467 3906 3523 Nicami

500 3561 807 3602 mensuras
847 3545 1108 3618 triginta.
1159 3548 1446 3602 Pincerna
1502 3536 1707 3617 regius.
1739 3563 1970 3620 quoque
2009 3549 2128 3605 vini
2179 3549 2459 3605 dominici
2520 3550 2907 3609 sufﬁcientem
2959 3554 3064 3609 fert
3106 3555 3351 3625 cOpiam.
3402 3555 3638 3621 Caetera,
3691 3557 3906 3627 quibus

494 3653 636 3707 cpus
668 3641 776 3704 est,
817 3635 1016 3692 omnia
1049 3637 1164 3708 peti
1195 3637 1404 3692 debent
1433 3652 1501 3692 ex
1531 3652 1597 3692 eo
1625 3645 1930 3709 apparatu,
1981 3654 2152 3709 quem
2201 3639 2582 3710 protonotarii
2625 3641 2893 3697 sufficere
2923 3647 3220 3711 tenentur,
3271 3660 3301 3702 θ
3347 3644 3632 3701 Romanis
3664 3662 3896 3719 nempe.

491 3725 636 3798 Equi
669 3725 835 3782 strati
869 3725 976 3795 [illi
1011 3731 1244 3782 centum
1289 3730 1348 3782 et
1390 3725 1682 3797 quatuor],
1733 3727 1994 3797 quandiu
2042 3733 2235 3784 castra
2283 3727 2504 3784 haerent
2561 3727 2620 3784 in
2671 3730 2855 3799 Syria,
2915 3732 3250 3802 praecedunt
3305 3750 3421 3789 una
3473 3750 3606 3790 cum
3654 3734 3904 3791 sellariis

489 3817 686 3888 regiis,
737 3820 794 3871 et
824 3821 1145 3887 pascuntur
1190 3817 1342 3872 intra
1395 3815 1545 3871 ﬁnas
1592 3832 1697 3871 seu
1729 3817 1955 3888 vigilias
1984 3822 2336 3874 castrenses.
2370 3817 2517 3873 Cum
2571 3817 2849 3874 hactenus
2881 3820 3048 3876 dictis
3099 3821 3275 3878 etiam
3325 3821 3448 3879 haec
3498 3822 3770 3893 protinus
3813 3823 3901 3879 di-

489 3907 673 3962 cenda
704 3905 878 3978 digna
909 3915 1068 3976 sunt,
1098 3923 1228 3979 quin
1280 3911 1440 3962 tuam
1476 3906 1546 3962 ad
1598 3907 1987 3976 cognitionem
2022 3909 2278 3976 veniant,
2321 3909 2403 3963 ﬁli
2447 3909 2848 3966 dilectissime.
2881 3911 3248 3983 Experientia
3286 3913 3444 3970 enim
3500 3913 3896 3973 humanorum

486 4011 730 4053 casuum
762 3997 1041 4067 ampliore
1070 3997 1424 4068 cognitione,
1453 3994 1650 4065 qualis
1681 4012 1778 4066 per
1824 3996 2142 4053 doctrinam
2178 3998 2522 4069 acquiritur,
2577 4002 2884 4070 instructa,
2918 4018 3098 4072 quum
3131 4002 3315 4059 soleat
3351 4003 3608 4060 habilem
3643 4008 3898 4076 agendo-

485 4101 616 4143 sum
650 4093 1001 4158 repertorem
1036 4092 1490 4159 promptumque
1519 4091 1576 4138 et
1603 4084 1867 4139 dextrum
1890 4085 2118 4142 efﬁcere
2149 4088 2504 4146 intellectum
2527 4107 2750 4160 eorum,
2770 4092 2982 4163 quibus
3010 4109 3198 4150 rerum
3232 4095 3700 4152 necessariarum
3727 4103 3896 4168 atque

487 4193 549 4233 se
579 4178 912 4234 decentium
945 4177 1092 4234 nihil
1121 4177 1386 4246 ignorare
1418 4189 1572 4228 curm
1620 4175 1898 4245 cordique
1930 4182 2038 4244 est,
2073 4178 2226 4247 facit,
2263 4188 2341 4250 ut,
2377 4181 2477 4254 qui
2508 4198 2574 4238 ea
2625 4182 2839 4251 pollent
2890 4188 2947 4240 et
2993 4185 3322 4255 premuniti
3369 4191 3533 4256 sunt,
3579 4189 3651 4244 ad
3695 4187 3897 4246 discri-

485 4265 648 4320 mina
693 4267 969 4338 deinceps
1017 4265 1222 4330 multo,
1269 4279 1446 4335 quam
1496 4265 1708 4320 natura
1755 4281 1864 4320 sua
1901 4265 2111 4323 facturi
2141 4275 2358 4338 essent,
2401 4271 2738 4329 audaciores
2779 4273 2958 4330 simul
3008 4278 3182 4347 atque
3233 4275 3476 4334 tutiores
3532 4285 3586 4334 et
3637 4294 3672 4333 a
3701 4277 3890 4351 lapsi-

487 4352 600 4407 bus
631 4353 957 4409 securiores
989 4353 1283 4411 accedant.

484 4468 965 4540 Quandoquidem
997 4487 1130 4542 ergo
1162 4472 1561 4544 praescriptam
1600 4471 1707 4530 tibi
1739 4491 1772 4530 a
1822 4473 1990 4530 nobis
2019 4491 2120 4531 ex-
2153 4479 2198 4544 ο

483 4559 833 4633 positionem
851 4561 1144 4634 regiarum
1164 4565 1596 4633 capeditionum
1620 4565 1966 4622 militarium
1985 4566 2132 4623 bene

2308 4476 2459 4533 Ἐπεὶ
2492 4479 2581 4534 οὗν
2639 4480 2739 4549 τήν
2771 4481 2876 4554 πρὸ
2908 4481 3067 4555 ἡμῶν
3126 4501 3210 4537 σοι
3267 4485 3681 4558 προεκτεθεῖσαν
3737 4485 3890 4562 βασι-

2243 4564 2413 4622 λικῶν
2463 4565 2742 4637 ταξειδίων
2783 4567 3007 4640 ἔκθεσιν,
3068 4571 3232 4648 πατρὶ
3289 4573 3428 4628 κατά
3484 4572 3656 4630 πάντα
3706 4575 3892 4641 πειθό-

482 4647 840 4719 solliciteque
883 4649 1095 4720 legisti,
1147 4651 1301 4707 ﬁlius
1347 4652 1498 4724 patri
1545 4653 1718 4709 rebus
1757 4655 1815 4710 in
1858 4653 2129 4712 omnibus

481 4737 840 4808 obsequens:
865 4745 1264 4811 opportunum
1298 4757 1454 4798 nunc
1484 4748 1575 4799 est
1606 4743 1886 4816 decetque
1909 4761 1999 4800 me
2021 4746 2126 4800 do-

478 4833 628 4895 cere,
662 4832 718 4883 et
748 4838 804 4885 te
834 4829 1038 4886 audire
1067 4846 1154 4901 ea,
1208 4847 1334 4903 quas
1383 4840 1515 4890 ante
1559 4833 1954 4906 expeditiones
2003 4836 2126 4892 ﬁeri

2244 4675 2426 4730 μενος,
2485 4655 2721 4730 ἀνέγνως
2770 4659 2977 4730 καλῶς,
3037 4663 3310 4735 προσῆκον
3369 4659 3471 4736 ἄρα
3543 4685 3628 4718 σοι
3679 4665 3770 4720 καὶ
3827 4667 3888 4719 τὰ

2239 4748 2344 4819 πρὸ
2401 4749 2509 4800 τῶν
2561 4743 2841 4815 ταξειδίων
2895 4748 3158 4824 γινόμενα
3205 4748 3436 4815 διελθεῖν
3495 4773 3554 4807 τε
3601 4754 3889 4828 καὶέκμα-

2239 4840 2373 4906 θεῖν,
2409 4834 2558 4898 ὅπως
2611 4832 2697 4891 διὰ
2758 4841 2936 4914 φανῶν
2969 4839 3046 4913 (2)
3083 4861 3242 4895 τινων
3283 4840 3372 4894 καὶ
3424 4839 3736 4915 λαμπάδων
3787 4847 3890 4899 τῶν

1538 5035 1738 5096 JOAN.
1776 5038 1923 5095 JAC.
1965 5039 2227 5098 RElSKII
2259 5041 2847 5102 COMMENTARIUS.

556 5219 636 5299 (3)
668 5217 751 5299 De
782 5216 996 5299 phariis
1042 5216 1437 5299 seu_laterni_s,
1471 5217 1925 5299 depraedationis
1965 5226 2138 5280 Sara-

2249 5228 2498 5310 nunc‘de
2519 5225 2755 5310 ignibus
2770 5226 3061 5310 talibuset
3084 5244 3282 5310 eorum
3300 5229 3663 5310 diversitate,
3690 5230 3893 5310 φιλίοις

485 5291 699 5371 cening
739 5288 1431 5371 indicibtis,_tibs_ervatio
1479 5288 1599 5371 haec
1645 5289 1891 5371 trivialis
1948 5299 2037 5348 est
2085 5299 2141 5350 et

2253 5305 2305 5371 et
2332 5288 2626 5370 πολεμίὸις
2662 5300 2738 5370 [ν.
2791 5301 3077 5371 Aristides
3121 5305 3163 5354 t.
3201 5299 3243 5366 1,
3298 5303 3510 5371 ρ.225.
3545 5303 3584 5358 1.
3627 5288 3662 5358 6'
3693 5288 3751 5360 ἐι
3791 5288 3890 5360 Ροὲ

484 5361 640 5429 apud
668 5361 989 5430 Scriptores
1021 5361 1282 5417 Historias
1315 5361 1642 5432 Byzantines
1674 5364 1895 5431 passim
1930 5380 2138 5422 occur-

481 5435 579 5505 rit,
613 5435 677 5484 ut
707 5432 864 5505 apud
913 5432 1154 5488 Cedren.
1208 5451 1264 5505 p.
1296 5433 1422 5487 552.
1473 5434 1679 5501 Zonar,
1714 5437 1775 5505 t._
1814 5432 1883 5500 Il,
1921 5452 1977 5503 p.
2012 5438 2135 5504 162,

485 5500 772 5571 Symeone
803 5503 958 5575 Meg.
993 5521 1046 5571 p.
1079 5500 1353 5567 450,ὀοη
1388 5506 1606 5575 absque
1637 5500 1834 5573 nugis,
1869 5500 2134 5564 omnium

483 5576 700 5648 Optime
731 5575 885 5644 apud
919 5574 1251 5648 continuat.
1280 5574 1539 5645 Theoph.
1587 5575 1890 5648 Constant.
1921 5594 1978 5648 p.
2012 5581 2135 5644 122,

482 5642 641 5695 unde
671 5642 923 5710 possunt
952 5645 1144 5701 Graeca
1175 5652 1374 5702 nostra
1405 5642 1702 5701 emendari
1748 5648 1818 5701 ad
1853 5642 1985 5704 eu'm
2020 5642 2137 5708 fere

484 5710 749 5780 modum,
775 5729 946 5784 quem
981 5716 1040 5770 in
1066 5716 1290 5773 Latinis
1312 5715 1632 5774 observavi.
1652 5716 1794 5773 'Non
1826 5720 2136 5794 disputabo

2249 5367 2627 5492 Irmnus'584,
2653 5367 2805 5443 inin]
2828 5371 3078 5442 aliisque
3104 5371 3278 5440 hujus
3296 5367 3647 5438 argumenti.
3666 5377 3894 5432 Vastior

2249 5438 2345 5492 ile
2376 5449 2459 5492 est
2500 5459 2762 5492 campus.
2810 5459 2986 5492 uuam
3035 5459 3136 5492 [πο
3176 5447 3392 5492 nostris
3437 5447 3890 5492 cnmmpnfnriis-

2246 5438 2345 5494 ille
2376 5449 2459 5496 est
2500 5459 2762 5513 campus,
2786 5438 2998 5512 'quam
3035 5459 3136 5514 pro
3176 5438 3392 5499 nostris
3437 5447 3892 5512 commentariis,

2247 5526 2439 5589 neque
2523 5514 2753 5589 animus
2809 5514 2957 5589 mihi
3023 5520 3114 5569 est
3183 5531 3316 5570 eum
3383 5515 3636 5586 ingredi,
3710 5533 3892 5589 neque

2247 5584 2549 5710 sut'ﬁciettis
2595 5584 2788 5641 adhuc
2834 5584 2894 5641 in
2948 5600 3072 5641 eam
3122 5601 3241 5642 rem
3290 5584 3604 5660 apparatus
3647 5590 3722 5645 ad
3771 5584 3892 5645 ma-

2247 5669 2389 5710 num
2421 5670 2482 5710 es
2514 5695 2528 5710 .

2245 5669 2389 5711 num
2421 5669 2528 5712 est.
