4120 6306
213 365 366 424 933
856 357 963 417 DE
1005 355 1469 418 CERIMONIIS
1514 357 1746 418 AULE
1786 357 2269 420 BYZANTIN/E
2315 359 2460 420 LIB.
2511 359 2558 422 l.
2606 393 2679 407 —
2722 360 3059 426 APPEND.

215 494 296 551 ἐκ
333 491 608 569 διαδοχῆς
656 492 786 566 πρὶν
835 487 1166 562 ἀνημμένων
1197 489 1225 545 δ
1261 487 1520 577 βασιλεὺς
1565 488 1616 545 ἓν
1661 496 1760 564 μιᾷ
1783 490 1902 566 ὥρᾳ

2013 493 2308 564 quondam
2367 494 2650 567 solebant,
2685 496 2910 556 scilicet
2965 499 3259 573 quomodo
3291 519 3392 574 per
3438 505 3663 577 pbanes

215 587 347 656 τήν
400 589 510 640 τῶν
560 581 778 659 ἐχθρῶν
835 577 988 640 εὐθὺς
1046 578 1437 652 κατεμάνθανεν
1493 572 1704 657 ἔφοδον.
1755 579 1903 638 Ἀλλ’

2018 597 2119 640 seu
2149 583 2425 653 laternas,
2455 591 2514 642 et
2543 601 2638 657 per
2668 584 2969 660 lampades
2991 572 3110 646 aut
3149 572 3373 650 faculas
3402 572 3662 652 seriatim

220 676 301 731 ἐκ
352 680 469 729 τῶν
513 671 890 749 προκειμένων
941 688 1029 723 σοι
1075 664 1387 744 κεφαλαίων
1433 672 1603 724 ταῦτα
1640 671 1903 744 τρανώτεε

2018 671 2623 747 dispositas,singulis
2653 690 2852 734 earum
2881 678 3125 736 ardendi
3155 679 3307 737 vices
3333 698 3362 736 s
3396 683 3663 754 proxima

228 784 343 840 ρον
429 760 834 834 δηλωθήσεται.
916 757 1135 826 Ἰστέον,
1205 757 1287 811 ὅτι
1361 757 1425 813 τὸ
1499 755 1732 846 παλαιὸν
1805 759 1903 814 ἀπὸ

2017 770 2284 836 acceptas
2310 766 2582 837 proximas
2623 769 3027 840 reddentibus,
3070 771 3412 829 brevissimo
3441 777 3662 846 tempo-

220 856 472 929 Ταρσοῦ
542 852 875 924 Σαρακηνῶν
947 846 1086 902 κατὰ
1159 845 1449 920 Ῥωμαίων
1507 845 1903 923 ἐξερχομένων,

2018 851 2099 907 ris
2145 853 2364 908 ambitu
2395 857 2710 927 imperator
2749 857 2821 913 de
2863 859 3117 915 hostium
3155 861 3455 917 invasione
3486 845 3661 920 modo

226 943 453 1007 εὐθέως
480 945 544 999 τὸ
574 944 804 1016 κάστρον
851 939 914 995 τὸ
963 936 1256 1014 λεγόμενον
1308 937 1518 995 Λοῦλον
1553 941 1627 1013 (3)
1658 937 1711 993 ἐν
1746 959 1903 1015 περι-

2020 940 2170 995 facta
2199 943 2550 1012 cognoverit.
2580 946 3003 1014 Argumentum
3035 947 3143 1004 hoc
3165 948 3384 1006 clarius
3412 965 3481 1005 ex
3510 950 3666 1007 infra’

227 1036 406 1106 όπτῳ
463 1030 854 1107 προσκείμενον
914 1027 1109 1100 ἐξῆπτε
1165 1029 1345 1106 φανὸν,
1404 1027 1462 1083 ὅν
1521 1025 1580 1083 ἐκ
1642 1025 1903 1103 διαδοχῆς

2017 1028 2251 1100 scriptis
2282 1030 2572 1102 capitibus
2611 1049 2711 1089 seu
2731 1036 3043 1092 momentis
3069 1036 3270 1094 licebit
3298 1038 3402 1094 tibi
3435 1041 3659 1112 perspi-

229 1124 263 1178 6
333 1121 681 1195 καλούμενος
737 1116 964 1194 Ἀργέας
1026 1117 1223 1190 βουνὸς
1270 1114 1569 1193 διεδέχετο,
1625 1118 1716 1174 καὶ
1771 1120 1903 1186 ἧπτε

2019 1135 2166 1175 cere.
2199 1119 2502 1176 Saracenis
2532 1121 2730 1192 itaque
2774 1127 3155 1184 Tarsensibus
3187 1127 3329 1184 olim
3377 1129 3659 1187 adversus

231 1211 303 1268 δὲ
367 1211 461 1267 καὶ
535 1208 718 1270 αὐτός.
779 1207 882 1265 Καὶ
941 1206 1041 1270 εἷθ’
1101 1205 1270 1268 οὕτως
1323 1205 1428 1262 ἀπὸ
1485 1211 1593 1262 τῶν
1651 1206 1822 1262 ἐκεῖσε
1880 1208 1903 1263 ὁ

2020 1208 2312 1266 Romanos
2333 1211 2786 1279 egredientibus,
2803 1214 3364 1285 protinuslaternam
3386 1221 3662 1277 accende-

237 1301 455 1377 βουνὸς
506 1299 536 1354 6
585 1298 772 1371 Σάμος
827 1296 1054 1366 ἀνῆπτε.
1115 1295 1221 1351 Καὶ
1281 1295 1416 1369 μετά
1467 1300 1628 1352 τοῦτο
1687 1294 1907 1371 ἐδέχετο

229 1394 307 1449 τὸ
341 1390 580 1465 κάστρον
629 1389 692 1443 τὸ
741 1385 1000 1465 Αἴγιλον,
1049 1385 1140 1442 καὶ
1193 1388 1334 1455 ἧπτε
1378 1386 1470 1442 καὶ
1499 1386 1651 1444 αὐτό.
1687 1387 1785 1442 Καὶ
1815 1387 1910 1442 ἀπ’

233 1481 384 1537 αὐτὸ
445 1479 666 1554 ἐδέχετο
731 1478 759 1531 6
821 1475 1008 1551 βουνὸς
1063 1475 1092 1530 6
1150 1473 1464 1548 Ὄλυμπος,
1522 1477 1612 1531 καὶ
1658 1478 1824 1544 ἦπτεν
1855 1474 1904 1530 ἐν

2018 1299 2117 1355 bat
2161 1305 2419 1356 castrum
2451 1300 2664 1357 Lulum
2707 1302 2951 1370 dictum,
2983 1304 3042 1360 in
3073 1307 3228 1363 edito
3259 1311 3316 1362 et
3345 1312 3659 1381 conspicuo

2014 1388 2139 1444 loco
2160 1389 2359 1445 situm.
2393 1389 2734 1448 Immediate
2756 1391 3070 1463 accipiebat
3099 1394 3171 1449 ab
3192 1411 3257 1451 eo
3279 1399 3660 1455 accendendis

2014 1475 2248 1534 laternze
2275 1478 2431 1534 vices
2452 1477 2617 1534 collis
2647 1485 2844 1552 Argeas
2871 1480 3084 1537 dictus.
3117 1483 3271 1539 284
3291 1483 3376 1539 Ab
3403 1501 3469 1540 eo
3501 1485 3662 1543 collis

3544 375 3665 435 934
3749 403 3754 410 ’

233 1572 489 1646 κορυφῇ.
542 1566 644 1622 Καὶ
699 1565 814 1638 μετ’
875 1561 1078 1619 ἐκεῖνον
1128 1561 1347 1638 ἐδέχετο
1404 1565 1432 1619 6
1486 1563 1676 1640 βουνὸς
1723 1565 1751 1619 6
1801 1563 1909 1622 Κό-

241 1662 430 1731 ριζος,
463 1655 555 1711 καὶ
603 1657 744 1723 ἧπτε
800 1651 890 1708 καὶ
947 1646 1129 1714 αὐτός.
1187 1653 1294 1708 Καὶ
1353 1653 1451 1707 εἶθ’
1483 1652 1656 1715 οὕτως
1689 1650 1908 1727 ἐδέχετο

240 1749 274 1804 6
312 1747 514 1822 βουνὸς
569 1745 597 1798 ὁ
662 1740 947 1805 Μούκιλος
983 1740 1162 1798 ἐπάνω
1207 1747 1317 1798 τῶν
1368 1740 1593 1815 Πυλῶν,
1631 1743 1720 1798 καὶ
1771 1745 1911 1812 ἧπτε

238 1837 344 1892 καὶ
379 1834 565 1896 αὐτός.
625 1831 725 1888 Καὶ
784 1832 920 1906 μετὰ
956 1835 1147 1887 τοῦτον
1208 1828 1427 1908 ἐδέχετο
1485 1833 1514 1886 6
1571 1835 1666 1886 τοῦ
1722 1832 1907 1908 Ἀγίου

239 1923 543 1998 Αὐξεντίου
572 1923 651 1995 (4)
697 1920 891 1998 βουνὸς
934 1923 962 1976 6
1003 1921 1204 1981 σκοπὸς
1235 1923 1311 1993 (5)
1342 1919 1904 1997 προσαγορευόμενος,

241 2015 343 2070 καὶ
402 2015 541 2083 ἧπτε
585 2011 674 2066 καὶ
737 2009 922 2074 αὐτός.
983 2009 1086 2067 Καὶ
1147 2010 1261 2082 μετ’
1301 2010 1462 2066 αὑτὸν
1529 2007 1749 2084 ἐδέχετο
1789 2011 1817 2066 6
1857 2009 1908 2067 ἐν

242 2109 332 2176 τῷ
364 2101 618 2174 παλατίῳ
645 2103 743 2156 τοῦ
775 2099 961 2173 Φάρου
991 2097 1249 2168 ἡλιακὸς,
1280 2097 1369 2154 καὶ
1406 2101 1544 2168 ἧπτε
1590 2099 1679 2154 καὶ
1720 2099 1906 2162 αὐτός.

247 2192 566 2264 Διαιτάριοι
642 2190 748 2266 γὰρ
822 2186 994 2244 ἐκεῖσε
1089 2187 1284 2264 βίγλας
1360 2188 1441 2242 αεὶ
1515 2187 1605 2243 καὶ
1678 2188 1910 2245 πάντοτε

245 2288 586 2360 κρατοῦντες
652 2282 786 2358 πρὸς
850 2282 912 2336 τὸ
992 2280 1068 2354 μὴ
1133 2278 1314 2335 λαθεῖν
1377 2279 1594 2352 αὐτοὺς,
1668 2275 1908 2356 ἀκριϐῶς

251 2374 607 2430 ἀπεσκόπουν
653 2373 789 2446 πρὸς
836 2371 927 2425 τὸν
982 2369 1172 2446 βουνὸν
1217 2373 1314 2424 τοῦ
1361 2370 1548 2444 Ἀγίου
1597 2370 1902 2442 Αὐξεντίου.

258 2461 490 2532 Ἰστὲον,
549 2461 657 2529 ὅτι,
713 2465 820 2516 τῶν
878 2463 1058 2534 φανῶν
1116 2457 1322 2513 τούτων
1374 2459 1590 2513 πάντων
1635 2458 1908 2531 ἁψάντων,

253 2551 418 2614 εὐθὺς
455 2552 508 2606 οἱ
541 2549 937 2626 χαρτουλάριοι
981 2552 1087 2604 τῶν
1137 2546 1240 2618 ἔξω
1287 2544 1536 2603 πάὸλων
1582 2547 1672 2602 καὶ
1703 2566 1910 2626 σαφρα-

265 2641 556 2716 μεντάριοι
610 2637 902 2714 ἐκαλίγουν
973 2638 1040 2692 τὰ
1115 2633 1373 2712 βασιλικᾶ
1451 2634 1643 2712 ἄλογα,
1700 2637 1791 2692 καὶ
1845 2637 1912 2692 τὰ

262 2727 534 2801 βασιλικὰ
599 2729 870 2804 σαγμάρια
957 2727 1359 2801 εὖτρεπίσαντες
1445 2725 1601 2790 εὐθὺς
1683 2725 1910 2793 ἐκίνουν,

267 2817 363 2872 καὶ
411 2819 752 2893 κατήρχοντο
800 2817 874 2878 εἷς
924 2817 1021 2884 τήν
1072 2819 1168 2870 τοῦ
1230 2814 1500 2891 βασιλέως
1529 2816 1824 2885 ἀπάντησιν
1857 2815 1909 2870 ἐν

270 2905 496 2968 Πύλαις.
529 2907 590 2964 '0
620 2904 677 2961 δὲ
727 2903 983 2982 βασιλεὺς
1032 2903 1296 2980 ἐξήρχετο
1351 2906 1516 2980 μέχρι
1545 2910 1656 2960 τῶν
1689 2903 1910 2974 Πυλῶν,

259 2993 330 3049 τὰ
362 2992 418 3049 δὲ
451 2994 707 3070 βασιλικᾶ
746 2992 1008 3069 σελλάρια
1055 2995 1146 3050 καὶ
1198 2994 1249 3049 οἱ
1298 2992 1555 3070 ἄρχοντες
1585 2995 1676 3050 καὶ
1708 2995 1759 3049 οἱ
1793 2993 1910 3049 λοι-

257 3084 354 3140 ποὶ
390 3086 443 3140 οἱ
472 3085 578 3141 ἀπὸ
605 3092 705 3157 τῆς
737 3084 954 3149 πόλεως
1007 3085 1354 3160 ἐξερχόμενοι
1401 3093 1502 3156 τῆς
1552 3085 1740 3160 ξηρᾶς,
1771 3106 1915 3161 προ-

255 3169 568 3247 ελάμόανον
623 3175 714 3231 τὸν
774 3161 1006 3248 βασιλέα
1058 3174 1132 3236 εἷς
1195 3173 1397 3246 Πύλας,
1452 3174 1542 3230 καὶ
1592 3175 1681 3231 ὅτε
1707 3175 1770 3230 τὸ
1799 3179 1907 3229 τῶν

2014 1569 2244 1626 lsamus
2275 1569 2490 1625 dictus.
2516 1569 2603 1625 Ab
2624 1585 2689 1626 eo
2715 1579 2971 1627 castrum
3003 1572 3271 1643 Egilum.
3297 1575 3383 1629 Ab
3412 1590 3478 1630 eo
3500 1574 3664 1631 collis

2013 1655 2328 1729 Olympus,
2357 1656 2460 1728 qui
2489 1674 2521 1714 e
2550 1675 2786 1715 summo
2808 1677 2915 1716 suo
2937 1661 3192 1718 culmine
3213 1679 3516 1721 accensam
3538 1680 3665 1736 pro-

2011 1747 2288 1802 tendebat
2333 1745 2645 1804 laternam.
2695 1749 2780 1804 Ab
2812 1763 2878 1804 eo
2934 1749 3102 1806 collis
3159 1753 3417 1822 Cyrizus.
3463 1755 3548 1811 Ab
3594 1769 3661 1811 eo

2011 1835 2177 1892 collis
2233 1835 2507 1904 Mucilus,
2541 1835 2640 1907 qui
2698 1842 2789 1893 est
2835 1854 3012 1910 supra
3043 1839 3230 1912 Pylas.
3264 1842 3350 1898 Ab
3396 1858 3463 1899 eo
3493 1842 3661 1899 collis

2011 1924 2199 1980 sancti
2236 1925 2534 1993 Auxentii,
2568 1925 2668 1996 qui
2700 1942 2910 1996 scepus
2931 1945 3031 1984 seu
3059 1934 3213 1986 meta
3237 1931 3661 1990 observationis

2012 2013 2360 2085 appellatur.
2407 2014 2493 2070 Ab
2543 2031 2609 2071 eo
2639 2017 2875 2072 tandem
2909 2017 3170 2074 heliacus
3208 2035 3312 2075 seu
3355 2022 3660 2091 praefectus

2013 2101 2221 2158 heliaci
2269 2103 2328 2158 in
2378 2103 2595 2174 palatio
2627 2104 2817 2160 Phari.
2850 2105 3104 2162 Diastarii
3134 2108 3292 2164 enim
3322 2108 3403 2165 ibi
3435 2127 3692 2183 semper-

2014 2193 2321 2248 continuas
2350 2194 2602 2266 agebant
2622 2193 2872 2266 vigilias,
2895 2195 3278 2269 solliciteque,
3302 2216 3375 2255 ne
3397 2217 3659 2273 unquam

2016 2297 2078 2337 se
2107 2282 2347 2338 ﬂamma
2384 2282 2588 2339 lateret
2619 2300 2734 2340 non
2767 2285 3192 2355 animadversa,
3218 2303 3422 2345 versus
3451 2289 3658 2346 collem

2015 2370 2074 2426 S.
2110 2372 2375 2428 Auxentii
2406 2373 2810 2444 respiciebant.
2841 2374 3100 2432 Laternis
3123 2376 3239 2431 illis
3260 2378 3537 2435 omnibus
3564 2396 3658 2435 ac-

2016 2459 2233 2530 censis,
2265 2460 2534 2531 protinus
2566 2461 2895 2533 caligabant
2939 2479 3040 2519 seu
3098 2465 3304 2536 caligis
3341 2465 3662 2524 induebant

2017 2549 2208 2621 regios
2253 2565 2435 2620 equos
2489 2549 2824 2607 cbartularii
2875 2552 3263 2621 stabulorum,
3323 2571 3446 2624 quas
3505 2565 3662 2614 extra

2017 2635 2229 2692 Urbem
2269 2642 2574 2710 augustam
2609 2643 2768 2710 sunt,
2801 2644 2858 2695 et
2887 2640 3338 2711 saframentarii,
3370 2644 3662 2715 mulisque

2017 2728 2341 2783 necessario
2389 2729 2750 2785 sarcinarum
2798 2741 3081 2802 apparatu
3140 2732 3411 2801 oneratis,
3456 2748 3659 2789 move-

2018 2815 2157 2870 bant
2184 2821 2243 2872 et
2284 2816 2715 2872 descendebant
2743 2819 2815 2872 ad
2849 2820 3014 2890 Pylas
3057 2818 3391 2890 imperatori
3446 2819 3526 2875 ibi
3559 2837 3662 2878 oc-

2019 2920 2255 2960 cursum
2304 2903 2474 2976 eique
2519 2921 2646 2962 sese
2695 2907 3060 2976 adjunctum.
3095 2907 3414 2979 Imperator
3461 2913 3658 2966 autem

2017 2995 2213 3051 exibat
2262 3011 2330 3050 ex
2381 2995 2544 3064 urbe,
2578 3002 2882 3067 postquam
2917 2996 3073 3068 regia
3102 2997 3337 3054 sellaria
3380 3003 3437 3054 et
3483 3002 3659 3056 duces

2019 3083 2303 3140 militares
2335 3088 2390 3139 et
2420 3083 2650 3156 reliqui,
2693 3100 2840 3156 quos
2871 3101 2938 3140 ex
2967 3085 3110 3142 urbe
3141 3085 3199 3140 in
3233 3091 3424 3142 castra
3448 3103 3660 3144 conve-

2020 3175 2142 3229 nire
2187 3173 2512 3246 oportebat,
2543 3190 2646 3246 per
2695 3189 2890 3229 xeram
2922 3174 3002 3244 [id
3031 3179 3229 3245 ,portse
3277 3174 3511 3231 CPtana:
3553 3193 3660 3232 no-

253 3268 583 3337 Σαρακηνῶν
644 3265 912 3340 φοσσάτον
969 3258 1126 3338 ὤφθη
1182 3265 1289 3318 τισὶ
1348 3263 1485 3337 πρὸς
1531 3265 1600 3319 τὰ
1627 3272 1726 3334 τῆς
1756 3266 1898 3320 Ῥω-

2018 3279 2150 3319 men
2182 3263 2290 3334 est]
2321 3261 2539 3335 egressi
2571 3261 2628 3318 in
2664 3261 2828 3334 Pylas
2860 3264 3306 3334 praevertissenl.
3347 3265 3664 3336 Imperator

252 3351 446 3425 μανίας
490 3354 796 3425 σὺστάμενα
836 3354 936 3424 (6),
983 3353 1048 3419 ἦν
1101 3352 1129 3405 6
1187 3350 1438 3422 βασιλεὺς
1489 3353 1643 3416 εὐθὺς
1690 3353 1764 3414 εἷς
1802 3354 1909 3408 ἀπ-

251 3440 474 3511 άντησιν
537 3441 732 3494 αὐτοῦ·
789 3441 1010 3508 Ἰστὲον,
1060 3439 1144 3494 ’ὁτι
1199 3439 1251 3493 οἱ
1298 3436 1692 3514 προῤῥηθὲντες
1748 3442 1906 3509 φανοὶ

253 3526 575 3604 διεκράτουν
638 3526 806 3606 μέχρι
881 3531 989 3582 τῶν
1043 3529 1265 3602 ἡμερῶν
1327 3525 1561 3604 Μιχαὴλ
1633 3525 1907 3601 βασιλέως

251 3623 348 3674 τοῦ
393 3619 456 3674 ἐκ
503 3617 791 3692 Θεοφίλου.
843 3620 1038 3678 ’Ὀντος
1087 3615 1144 3672 δὲ
1195 3617 1360 3672 αὐτοῦ
1408 3637 1541 3672 ποτε
1589 3615 1640 3671 ἐν
1690 3616 1768 3688 τῷ
1806 3621 1906 3671 τοῦ

253 3709 444 3786 Ἃγίου
477 3710 776 3782 Μάμαντος
807 3712 882 3784 (7)
915 3710 1192 3784 προκὲνσῳ
1221 3708 1312 3763 καὶ
1346 3705 1648 3783 μέλλοντος
1679 3713 1904 3776 ποιῆσαι

253 3795 648 3874 ἱπποδρόμιον,
700 3798 752 3853 ἐν
810 3799 856 3870 ᾧ
909 3797 996 3852 καὶ
1029 3798 1142 3854 ἀντὶ
1178 3795 1447 3874 βασιλέως
1473 3794 1705 3872 ἡνίοχος
1737 3795 1902 3871 ἐγνω-

256 3885 434 3960 ρίζετο
476 3885 587 3959 (καὶ
642 3886 744 3960 γὰρ
812 3884 863 3940 ἐν
917 3890 1036 3946 ταῖς
1092 3883 1460 3955 ἱππηλασίαις
1516 3884 1630 3938 ἀντὶ
1669 3883 1904 3961 ἡνιόχου

253 3973 600 4048 ἱππηλάτει),
631 3970 825 4044 συνέϐη
886 3973 1012 4039 τοὺς
1069 3977 1316 4038 συνήθεις
1376 3975 1506 4048 ἅψαι
1554 3973 1774 4050 φανοὺς,
1812 3971 1903 4027 καὶ

254 4063 368 4118 εἷπε
397 4067 559 4119 τοῦτο
609 4061 1081 4141 διαλογισάμενος,
1131 4064 1213 4120 ὅτι
1266 4087 1294 4116 ‹‹
1340 4063 1404 4119 Εἰ
1456 4061 1768 4133 κατάδηλος
1815 4061 1902 4136 γέ-

251 4173 409 4223 νηται
465 4155 500 4223 ἡ
554 4150 736 4224 ἔξοδος
791 4158 900 4210 τῶν
960 4157 1309 4230 Σαρακηνῶν,
1377 4151 1791 4222 λυπηθήσονται
1849 4151 1901 4206 οἱ

251 4238 498 4310 πολῖται,
555 4243 645 4297 καὶ
703 4240 765 4298 οὐ
823 4245 898 4317 μὴ
952 4241 1240 4316 ἐξὲλθωσιν
1297 4242 1374 4307 εἰς
1419 4242 1484 4298 τὸ
1531 4239 1903 4317 ἱπποδρόμιον

251 4333 384 4409 πρὸς
439 4334 502 4388 τὸ
556 4336 653 4403 τήν
713 4333 852 4407 ἐμὴν
911 4333 1252 4407 ἱππηλασίαν
1309 4334 1620 4405 θεάσασθαι,
1655 4358 1675 4384 ι
1713 4334 1811 4388 Καὶ
1843 4333 1904 4388 ἐκ

2016 3352 2213 3423 itaque
2241 3352 2381 3407 illuc
2414 3353 2663 3419 delatus,
2691 3351 2741 3407 si
2771 3352 2990 3423 quibus
3024 3353 3219 3424 aliqua
3247 3352 3308 3410 in
3349 3359 3511 3425 parte
3549 3353 3664 3409 Ro-

2017 3439 2176 3494 mani
2233 3441 2387 3496 orbis
2436 3442 2727 3511 conspecti
2779 3441 3025 3497 fuissent
3069 3442 3362 3510 Saraceni,
3395 3443 3663 3515 protinus

2017 3542 2082 3582 eo
2134 3529 2400 3582 movebat
2445 3528 2589 3598 ipsis
2639 3528 2893 3586 obviam.
2927 3529 3049 3584 Mos
3100 3530 3196 3586 ille
3254 3547 3356 3600 per
3408 3533 3661 3587 laternas

2017 3631 2292 3671 accensas
2341 3631 2371 3671 e
2411 3615 2702 3685 praedictis
2733 3617 2986 3688 speculis
3025 3619 3094 3672 de
3133 3617 3528 3674 incursatione
3558 3619 3663 3675 ho-

2015 3703 2196 3759 stium
2241 3703 2608 3775 significmdi
2658 3703 2958 3760 obtinebat
2987 3721 3174 3776 usque
3213 3707 3284 3760 ad
3317 3706 3659 3763 Michaelcm

2013 3792 2446 3863 imperatorem,
2475 3791 2780 3861 Theophili
2805 3792 2990 3847 lilium
3021 3817 3036 3860 ;
3072 3793 3171 3864 qui
3199 3809 3332 3848 eum
3365 3795 3661 3866 abrogavit
3689 3790 3694 3798 ’

2013 3881 2120 3936 bac
2152 3879 2221 3935 de
2252 3896 2426 3935 causa
2459 3896 2472 3934 :
2507 3878 2890 3952 Conlingebat
2919 3880 3253 3952 aliquando,
3287 3881 3388 3938 illo
3421 3899 3659 3954 proces-

2010 3971 2233 4027 sionem
2265 3970 2322 4025 S.
2349 3969 2664 4025 Mamantis
2694 3975 2897 4040 agente
2916 3971 2997 4040 [Id
3030 3969 3192 4026 estin
3217 3971 3431 4042 palatio
3449 3973 3508 4031 S.
3537 3973 3659 4028 Ma-

2013 4059 2225 4115 mentis
2275 4058 2644 4128 rusticante],
2675 4063 2732 4113 et
2761 4063 3053 4115 certamen
3105 4067 3370 4132 equestre
3401 4077 3502 4132 per
3547 4064 3659 4118 cir-

2011 4167 2146 4207 cum
2176 4149 2299 4222 [qui
2346 4149 2428 4205 ibi
2465 4153 2568 4216 est]
2620 4149 2867 4218 edituro,
2900 4149 2962 4206 in
3010 4166 3122 4221 quo
3160 4149 3336 4207 etiam
3369 4169 3470 4224 pro
3523 4168 3659 4226 rege

2009 4241 2212 4312 auriga
2240 4243 2590 4311 conspectus
2635 4237 2766 4306 fuit,
2799 4237 3034 4310 qualem
3065 4256 3371 4311 personam
3411 4241 3657 4298 induere

2009 4345 2264 4402 persaepe
2295 4327 2518 4384 solebat
2546 4327 2607 4384 in
2629 4325 2885 4384 editione
2906 4328 3114 4385 talium
3140 4332 3613 4401 spectaculorum
3637 4346 3652 4386 :

1284 4465 1488 4522 JOAN.
1509 4463 1655 4523 JAC.
1698 4461 1966 4520 REISKII
1996 4453 2589 4518 COMMENTARIUS.

323 4579 400 4665 g3)
432 4584 530 4638 Est
558 4586 816 4640 castrum
836 4583 1132 4642 Elmacino
1155 4583 1464 4656 aliquoties
1486 4586 1898 4653 memoratum,
1931 4582 1977 4649 υ
2007 4578 2079 4665 rii
2123 4591 2257 4635 cum
2287 4576 2414 4632 suis
2451 4573 2873 4646 appendicibus
2905 4590 2919 4643 ;
2953 4574 3187 4632 mallem
3233 4579 3429 4636 tamen
3470 4597 3658 4635 συστα-

255 4653 394 4707 lulu.

325 4725 413 4798 (Ill
431 4725 562 4782 Erat
591 4727 743 4798 apud
778 4727 1019 4783 Prusam
1050 4732 1106 4785 et
1135 4727 1466 4798 Olympum.
1501 4731 1896 4798 Damascepus

257 4791 740 4887 lict-nil.
777 4799 1057 4887 25‘(a’pud
1096 4801 1178 4854 Du
1204 4791 1492 4887 Qaﬁgium
1522 4791 1895 4887 vallatam?»-

255 4867 329 4936 νι)
358 4883 378 4922 :
405 4872 767 4941 κυνηγοῦντας
811 4867 896 4941 μὲί
915 4867 1124 4931 ἄλλους
1154 4867 1400 4941 πολλοῦς
1429 4868 1508 4941 εἰς
1545 4869 1638 4941 τὸν
1676 4867 1896 4940 Ὄλυμο

255 4888 329 4936 vc}
358 4888 378 4922 ε
405 4888 536 4936 κυνη
577 4888 767 4930 ουντας
811 4888 876 4941 με
915 4888 1124 4931 αΛΛους
1154 4888 1400 4931 ποΛΛους
1429 4888 1506 4929 εις
1545 4888 1638 4922 τον
1699 4888 1896 4940 υΛυμο

255 4957 353 4991 πον
389 4943 490 5005 τῆς
527 4888 777 5014 Ιῖροόσας
806 4940 944 5014 πρὸς
973 4941 1036 4995 τὸ
1065 4945 1162 4996 τοῦ
1193 4939 1382 5014 Ἃγίου
1414 4938 1700 5008 Αὐξεντίου
1729 4958 1898 5013 παρα-

255 5003 450 5085 ῥοῦνιν.
492 5026 546 5064 v.
599 5019 680 5067 Du
727 5013 1012 5085 Cangium
1057 5015 1128 5070 ad
1170 5013 1432 5068 Cinnam.
1477 5028 1532 5082 p.
1581 5013 1706 5068 435.
1737 5017 1796 5067 et
1823 5011 1896 5067 ad

254 5081 480 5138 Zonar..
515 5096 570 5138 ι).
604 5085 695 5138 81.

320 5096 712 5227 ἒῖΐιξῇξίθέέπ
741 5171 829 5222 eo,
875 5156 1026 5227 quod
1063 5155 1378 5211 admodum
1428 5153 1693 5227 excelsus
1716 5157 1892 5227 esset,

255 5222 384 5283 teste
442 5222 766 5298 Nicephoro
824 5222 977 5282 Pa'tr.
1037 5227 1263 5298 CPtano
1320 5231 1483 5298 Brev.
1530 5243 1585 5298 p.
1635 5226 1760 5298 2‘23,
1795 5225 1890 5280 ubi

256 5300 531 5371 memorat
571 5293 803 5371 οἰκίδιον
843 5298 1183 5371 στενώπατον
1220 5297 1325 5371 ὑ-πὸ
1363 5297 1462 5366 τήν
1499 5293 1595 5371 του
1633 5296 1892 5371 μεγιστου

254 5366 403 5494 (ipso?
447 5362 740 5494 ἱδριὲμένον
781 5369 1084 5446 ἀκρώρειαν
1116 5368 1144 5424 5'
1170 5366 1402 5424 καλοῦσι
1420 5362 1529 5423 ’τοῦ
1559 5362 1751 5445 Ἀγίου
1791 5366 1896 5425 Αὐ-

282 5460 364 5494 εντ
395 5457 459 5490 ου
575 5460 696 5494 ωον.

282 5457 459 5494 εντιου
505 5457 696 5498 Αοφον.

256 5442 459 5512 ξεντιου
504 5442 696 5517 λόφον.
856 5442 865 5446 ⁷
940 5442 948 5446 ⁷
1641 5442 1649 5445 ⁷

320 5510 504 5586 (6)-Ita
536 5515 912 5584 membranae,
948 5519 1006 5572 et
1055 5513 1271 5584 patitur
1318 5512 1760 5586 expositionem.
1812 5511 1894 5586 Τὰ

259 5580 543 5652 συστάμενα
626 5588 752 5659 (pro
844 5580 1223 5659 συνιστάμενα)
1284 5580 1410 5659 aut'
1460 5585 1527 5638 τὰ
1591 5583 1894 5656 συπαμένα

260 5661 372 5731 (pro
430 5656 820 5731 auvccta'zptva)
884 5665 986 5731 τῆς
1049 5656 1360 5731 Ῥωμανίας
1435 5661 1718 5731 possunt_
1765 5671 1894 5713 esse

260 5727 394 5786 idem
473 5727 671 5802 atque
726 5727 811 5783 τὸ’
848 5729 1118 5803 σόστημα,
1166 5727 1375 5786 ’ῑοιυω
1437 5727 1648 5801 corpus
1706 5728 1890 5801 impe—

2055 4667 2192 4704 ενον.

2013 4670 2192 4723 μενον.

2078 4723 2156 4792 (7)
2189 4721 2508 4792 Imperator
2551 4717 2733 4792 victor
2776 4717 2838 4773 in
2873 4718 3254 4792 circensibus
3300 4721 3458 4779 ludis
3494 4724 3563 4780 ad
3591 4729 3652 4781 Β.

2005 4788 2334 4849 Mamantis.
2387 4788 2593 4861 Georg.
2658 4789 2931 4862 Monach.
2985 4808 3040 4862 p.
3089 4793 3217 4860 541,
3275 4794 3399 4849 ulbi
3443 4796 3652 4853 multa.

2007 4865 2234 4936 Bulgari
2269 4860 2594 4936 Mamantis
2623 4860 2913 4936 palatium
2935 4860 3215 4936 aliasque
3250 4866 3403 4921 aedes
3460 4876 3653 4922 vasta-

2007 4932 2163 4991 runt.
2211 4939 2476 5008 Sypepn.
2545 4932 2692 5003 Msg.
2743 4949 2799 5004 p.
2857 4933 2979 5008 4087.
3044 4932 3350 5000 Palatium,
3408 4935 3467 4990 in
3506 4953 3649 5008 quo

2003 5005 2244 5064 Michael
2257 5003 2540 5077 “Ebriosus
2571 5019 2722 5077 saepe
2748 5003 3077 5077 aurigabat,
3107 5013 3232 5061 erat
3260 5014 3422 5062 eatra
3451 5003 3650 5065 CPlin.

2005 5095 2105 5135 seu
2154 5078 2214 5132 in
2273 5076 2555 5131 suburbio
2615 5074 2772 5131 Pera.
2805 5074 2935 5131 Vnd.
2977 5077 3277 5134 Constant.
3327 5077 3438 5132 Vit.
3473 5079 3647 5136 Basil.

2005 5152 2220 5207 Maced.
2257 5165 2326 5217 γρ.
2376 5149 2498 5210 152,
2533 5147 2684 5217 infra
2725 5164 2779 5217 p.
2802 5216 2807 5217 ί
2834 5148 2960 5202 290.
2990 5148 3134 5203 Hinc
3164 5149 3382 5204 dicitur
3409 5143 3562 5210 ὄντος
3596 5148 3648 5204 ὲν

2001 5225 2081 5292 τῷ
2100 5215 2377 5292 προκένσῳ
2406 5221 2501 5278 τοῦ
2518 5215 2706 5291 Ἀγίου
2726 5215 3044 5292 Μάμαντος,
3064 5235 3193 5292 cum
3218 5221 3650 5290 processionem

2003 5290 2072 5350 ad
2105 5290 2162 5349 S.
2203 5293 2504 5348 Mamantis
2555 5290 2783 5359 faceret,
2819 5291 2918 5345 ubi
2967 5290 3314 5346 rusticatum
3365 5297 3422 5347 et
3469 5293 3650 5348 simul

2004 5367 2214 5422 festum
2257 5364 2385 5434 ejus
2433 5360 2814 5434 celebratum,
2860 5362 3010 5432 quod
3063 5362 3120 5415 in
3171 5363 3326 5418 diem
3375 5361 3455 5434 l7,
3488 5365 3650 5420 Junii

2003 5432 2318 5502 incidebat,
2381 5441 2443 5488 ut
2500 5449 2533 5505 e
2593 5432 2945 5505 Theophane
3001 5438 3228 5488 constat
3264 5449 3317 5503 p.
3362 5433 3486 5495 398,
3545 5437 3648 5505 qui

2003 5517 2179 5566 etiam
2215 5526 2269 5578 p.
2325 5505 2450 5570 363,
2484 5504 2567 5578 ait
2616 5502 2674 5556 in
2724 5501 2830 5556 isto
2877 5508 3020 5578 lesto
3077 5520 3178 5573 per
3211 5501 3493 5574 peractam
3554 5501 3650 5562 so-

2003 5573 2256 5637 lemnem
2300 5573 2740 5648 processionem
2803 5575 2897 5646 agi
2945 5573 3316 5648 consuevi’sse
3353 5580 3668 5636 certamen

2001 5660 2268 5725 equestre
2292 5646 2353 5703 in
2388 5646 2843 5703 Blacbernarum
2877 5646 3110 5719 palatio.
