4172 6300
502 359 620 422 935

1523 349 2062 415 CONSTANTINI
2109 347 2800 413 POBPHYROGENITI

3787 347 3908 409 936

501 489 879 563 contingebat
917 487 1100 562 igitur
1149 502 1217 544 eo
1248 493 1528 560 tempore,
1559 490 1626 542 ut
1656 490 1936 542 consueto
1968 485 2140 541 modo

2269 483 2378 537 τότε
2463 478 2738 552 διετάξατο
2809 481 2884 554 μὴ
2952 480 3137 536 ’ἅπτειν
3197 477 3326 544 τοὺς
3389 476 3617 554 φανούς.
3688 474 3909 548 Ἰπὲον,

500 582 736 638 laternat
769 579 880 635 illas
927 577 1065 634 belli
1105 577 1324 634 indices
1356 591 1608 633 accensa
1649 576 2143 648 conspicerentur.

501 669 975 727 Ratiocinabatur
1001 669 1196 738 itaque
1246 681 1442 723 secum
1475 665 1582 721 hoc
1614 667 1784 720 mado
1817 680 1830 720 :
1865 687 1892 715 ‹‹
1928 665 1985 721 8i
2018 680 2146 736 per-

503 761 738 828 misero,
773 763 836 815 ut
892 772 1090 813 rumor
1143 755 1215 811 de
1259 759 1675 812 Saracenorum
1730 755 2030 811 invasione
2088 754 2150 809 in

503 849 660 905 cives
695 851 948 912 emanet,
977 845 1274 901 tristitiam
1325 843 1461 901 inde
1510 844 1842 916 concipient
1875 859 2062 914 neque
2091 843 2146 897 in

501 938 722 993 circum
753 952 914 992 meas
947 935 1342 1008 aurigationes
1373 939 1694 1002 spectatum
1724 932 2083 990 convenient.
2119 953 2148 982 »

503 1026 592 1081 Et
621 1031 920 1097 propterea
966 1023 1217 1090 vetabat,
1277 1023 1658 1092 imposterum
1719 1022 1970 1078 laternas
2021 1022 2150 1078 illas

502 1115 803 1172 acceundi.
835 1113 986 1170 Olim
1021 1119 1194 1186 typus
1226 1129 1328 1169 seu
1361 1118 1525 1169 tenor
1552 1112 1640 1168 vel
1675 1112 1858 1167 forma
1889 1113 2010 1167 haec
2047 1112 2153 1167 ob-

503 1205 846 1262 servabatur
887 1203 946 1258 in
979 1201 1136 1275 rogis
1165 1207 1265 1256 aut
1294 1201 1602 1272 stipendiis
1633 1199 1986 1256 militaribus
2030 1202 2153 1257 sol-

503 1295 729 1351 vendis.
781 1292 1054 1348 Solebant
1108 1291 1364 1345 themata
1423 1306 1523 1344 seu
1594 1289 1846 1360 legiones
1911 1289 2152 1361 singulae

505 1387 710 1455 quarto
727 1382 933 1453 quovis
964 1395 1118 1434 anno
1149 1385 1512 1434 reccurrente
1536 1392 1671 1433 suas
1692 1394 1864 1450 rogas
1894 1383 2155 1450 accipere

505 1471 615 1527 hoc
663 1468 922 1524 modulo.
957 1467 1073 1522 Hoc
1105 1469 1290 1538 primo
1329 1483 1483 1523 anno
1523 1466 1884 1537 accipiebant
1914 1467 2153 1541 strategi

504 1559 566 1614 hi
600 1574 613 1614 ε
647 1556 1007 1622 Anatolicus,
1054 1556 1453 1621 Armeniacus,
1482 1556 1851 1613 Thracesius.
1887 1559 2154 1614 Secundo

505 1663 659 1702 anno
700 1646 759 1700 hi
794 1663 808 1701 :
840 1645 1212 1714 Opsicianus,
1247 1645 1622 1708 Bttcellarius,
1655 1644 1988 1717 Cappadox.
2012 1647 2156 1702 Ter-

505 1735 584 1792 tio
631 1735 687 1791 hi
729 1751 743 1792 :
791 1735 1117 1802 Cbrasiani,
1159 1734 1427 1797 Coloniae,
1480 1735 1906 1806 Paphlagonia.
1941 1740 2156 1803 Quarto

504 1825 739 1881 tandem
758 1825 1040 1890 Thraciae,
1066 1823 1411 1879 Macedoniae.
1434 1829 1490 1878 et
1510 1823 1778 1879 obsidiis.
1803 1824 2158 1881 Recurrebat

501 1915 711 1970 deinde
732 1914 881 1971 285
910 1914 1068 1971 orbis
1092 1916 1494 1986 erogationum
1515 1914 1584 1968 ad
1607 1914 1757 1969 idem
1777 1915 2150 1986 principium.

501 2004 957 2075 decurrebatque
1005 2005 1217 2060 iterum
1249 2009 1429 2075 atque
1463 2004 1674 2059 iterum
1707 2007 1941 2060 easdem
1975 2004 2154 2072 vices,

500 2090 718 2148 Debent
749 2091 984 2164 strategi
1007 2091 1348 2148 mandatum
1382 2093 1441 2148 in
1475 2091 1746 2149 subditos
1771 2093 1881 2148 sibi
1906 2097 2156 2149 turmar-

498 2181 664 2248 chas,
723 2186 780 2239 et
835 2181 896 2236 hi
959 2181 1020 2237 in
1078 2181 1347 2237 subtlitos
1409 2181 1521 2236 sibi
1617 2181 2155 2253 drungarocomites

503 2271 696 2338 edere,
730 2275 792 2325 ut
823 2271 1287 2342 unumquodque
1312 2270 1566 2326 bandum
1598 2287 1699 2327 seu
1733 2271 2007 2327 vexillum
2058 2274 2161 2327 aut

509 2358 716 2416 cohors
737 2359 943 2414 habeat
975 2375 1149 2414 suum
1168 2360 1370 2415 comod
1384 2375 1609 2416 romum
1642 2376 1742 2416 seu
1784 2361 2013 2416 fabrum
2042 2361 2156 2416 ter-

501 2448 747 2516 rarium,
772 2455 835 2504 ut
852 2454 1181 2505 etsutorem
1207 2448 1579 2516 calcearium,
1597 2449 1980 2521 singulosque
2004 2457 2159 2506 utres

501 2540 774 2609 bovillos,
797 2545 856 2597 et
888 2540 1055 2595 binos
1083 2545 1245 2597 utres
1263 2557 1331 2596 ex
1357 2541 1538 2609 aluta,
1559 2556 1671 2612 quo
1693 2539 1900 2596 ﬂuvios
1923 2541 2162 2610 profun-

504 2630 611 2684 dos
662 2634 719 2684 et
764 2631 1008 2699 trajectu
1038 2630 1312 2686 difficiles
1345 2629 1508 2686 facile
1540 2629 1835 2700 trajiciunt
1866 2646 1879 2696 ;
1916 2630 2055 2684 item
2098 2634 2162 2686 ut

503 2733 686 2790 penes
733 2735 796 2773 se
847 2735 1148 2790 nunquam
1196 2735 1310 2775 non
1352 2719 1606 2774 habeant
1633 2719 2025 2775 instrumenta
2055 2735 2160 2776 sua

503 2809 726 2879 absque
757 2806 940 2862 ullius
972 2808 1226 2877 defectu,
1260 2824 1493 2865 secures
1523 2817 1663 2880 puta
1685 2807 1949 2880 singulas
1979 2814 2036 2864 et
2065 2809 2164 2865 do-

2257 571 2434 626 ὅτιτὸ
2464 569 2696 627 παλαιὸν
2744 569 2915 632 τύπος
2959 572 3047 640 ἦν,
3099 570 3164 625 τὰ
3213 569 3421 643 θέματα
3460 568 3774 645 ρογεῦεσθαι
3805 589 3911 624 κα-

2255 661 2322 716 τὰ
2351 659 2580 732 τέσσαρα
2635 657 2752 730 ἔτη,
2803 659 2968 715 οἱονεὶ
3015 665 3095 733 τῷ
3141 665 3314 734 καιρῷ
3360 661 3538 731 τούτῳ
3591 660 3620 714 6
3684 659 3912 714 ’Λνατοο

2259 747 2436 819 λικὸς,
2469 751 2497 804 6
2529 750 2904 823 Ἀρμενιακὸς,
2939 751 2967 803 6
3007 751 3311 825 Θρᾳκήσιος
3357 751 3456 821 (8)·
3503 752 3584 820 τῷ
3636 745 3695 802 δὲ
3741 748 3912 821 ἑτέρῳ

2259 838 2448 917 χρόνῳ
2485 839 2513 892 6
2562 838 2898 911 Ὀψικιανὸς,
2950 839 2978 894 6
3020 837 3444 914 Βουκελλάριος,
3504 839 3533 892 6
3595 835 3908 909 Καππάδοξ’

2258 933 2338 1000 τῷ
2383 925 2440 984 δὲ
2483 926 2642 1001 ἄλλῳ
2691 927 2876 1004 χρόνῳ
2927 930 2954 984 ὁ
2998 927 3387 1004 Χαρσιανίτης,
3433 929 3460 984 6
3515 926 3851 999 Κολωνεὶας,
3883 931 3912 984 6

2259 1014 2676 1095 Παφλαγωνίας·
2727 1016 2815 1071 καὶ
2865 1016 3026 1073 παλιν
3084 1022 3164 1090 τῷ
3228 1017 3394 1092 ὶτέρῳ
3444 1017 3472 1071 6
3519 1023 3618 1086 τῆς
3668 1017 3912 1091 Θράκης,

2261 1107 2290 1161 6
2322 1101 2686 1173 Μακεδονίας,
2735 1106 2763 1160 6
2808 1104 3072 1168 Χαλδίας.
3125 1108 3220 1162 Καὶ
3270 1111 3376 1161 τῶν
3425 1103 3468 1160 δ’
3515 1105 3730 1180 χρόνων
3765 1104 3915 1162 διελο

2261 1196 2487 1264 θόντων,
2545 1193 2710 1249 πάλιν
2771 1193 3119 1270 ἐρρογεύοντο
3194 1197 3261 1251 τὰ
3338 1193 3657 1272 ῥογευθέντα
3714 1195 3919 1268 Θὲματα

2259 1283 2338 1355 τῷ
2396 1284 2600 1358 πρώτῳ
2660 1284 2871 1362 χρόνῳ.
2931 1283 3082 1354 Δὲον,
3141 1286 3342 1347 πάντας
3391 1285 3520 1345 τοὺς
3575 1285 3917 1360 πρατηγοὸς

2260 1379 2437 1430 ποιεῖν
2485 1394 2544 1428 τε
2590 1375 2961 1450 παραγγελίαν
3023 1375 3098 1437 εἰς
3146 1374 3273 1436 τοὺς
3321 1375 3681 1449 τουρμάρχας
3724 1374 3926 1455 αὐτῶν,

2261 1462 2496 1519 κάκεῖνοι
2542 1463 2618 1527 εἷς
2665 1465 2790 1525 τοὺς
2860 1461 3446 1542 δρουγγαροκόμητας,
3517 1464 3607 1518 ἳνα
3672 1463 3748 1518 ἐνὶ
3803 1465 3930 1518 ἑκά-

2265 1575 2374 1626 στῳ
2424 1553 2606 1627 βάντῳ
2651 1549 2828 1632 ἔχωσι
2887 1555 2980 1610 τὸν
3049 1552 3410 1628 κομοδρόμον
3463 1552 3658 1624 αὐτῶν,
3711 1554 3926 1627 ὁμοίως

2264 1642 2355 1696 καὶ
2410 1643 2758 1717 τζαγγάριον·
2831 1643 2923 1698 καὶ
2981 1643 3120 1698 κατὰ
3178 1643 3374 1716 βάντον
3426 1639 3598 1718 ἔχωσι
3645 1643 3788 1718 πρὸς
3837 1640 3928 1698 ’ἕνα

2266 1732 2428 1786 ἀσκὸν
2481 1732 2683 1804 βόειον,
2731 1731 2822 1786 καὶ
2871 1732 2971 1786 ἀνὰ
3020 1729 3116 1786 δύο
3165 1732 3344 1787 ἀσκῶν
3391 1731 3627 1787 ἀπισίων
3678 1733 3818 1806 πρὸς
3863 1733 3925 1786 τὸ

2268 1818 2510 1881 εὐκόλως
2560 1818 2814 1895 διαπερᾷν
2875 1821 3071 1884 αὐτοὺς
3137 1822 3266 1882 τοὺς
3337 1822 3518 1896 βαθεῖς
3573 1821 3664 1876 καὶ
3725 1822 3925 1877 δυσκό-

2266 1909 2396 1970 λους
2437 1909 2742 1982 ποταμούς.
2802 1906 2975 1987 ἔχωσι
3030 1907 3086 1965 δὲ
3139 1910 3228 1966 καὶ
3287 1910 3352 1966 τὰ
3407 1907 3684 1986 ἐργαλεῖα,
3747 1911 3922 1966 αὐτῶν

2264 1995 2594 2066 ἀνελλιπῶς,
2645 2000 2816 2072 ἤγουν
2868 1998 3140 2074 ἁξινάριον
3188 1999 3270 2070 ἓν,
3323 2001 3612 2074 σκεπάριον
3672 2001 3739 2072 α’,
3795 2021 3920 2074 σμι-

2267 2089 2455 2165 λαριον
2511 2091 2554 2145 α’
2605 2091 2740 2164 μετὰ
2790 2093 2886 2145 τοῦ
2944 2088 3286 2168 ξυλοσφύρου
3335 2093 3519 2146 αὐτοῦ’
3587 2092 3689 2161 τήν
3753 2092 3918 2162 αὐτὴν

2263 2178 2634 2255 παραγγελίαν
2688 2183 2863 2234 ποιεῖν
2913 2179 3004 2234 καὶ
3053 2179 3082 2234 6
3135 2177 3458 2254 δομὲστικος
3519 2184 3624 2236 τῶν
3694 2178 3917 2256 σχολῶν

2264 2271 2352 2324 καὶ
2408 2269 2488 2332 εἷς
2534 2269 2628 2324 τὸν
2680 2269 3076 2344 τοποτηρητὴν
3119 2273 3226 2325 τῶν
3279 2267 3532 2348 σχολῶν,
3576 2267 3668 2324 ’ἕνα
3723 2270 3815 2323 καὶ
3869 2270 3922 2324 οἱ

2264 2361 2506 2434 κόμητες
2563 2360 2700 2416 κατὰ
2760 2359 2882 2435 μίαν
2933 2358 3147 2436 σχολήν
3203 2362 3303 2430 τήν
3365 2360 3534 2429 αὐτὴν
3597 2358 3924 2425 ἀκολουθίαν

2269 2445 2492 2524 ἔχωσιν.
2528 2449 2771 2522 Ὁμοίως
2816 2449 2906 2503 καὶ
2957 2450 2986 2504 6
3034 2443 3344 2519 ἐεκούϐιτος
3394 2448 3471 2512 είς
3512 2447 3639 2511 τοὺς
3687 2445 3927 2524 σκρίϐω-

2267 2557 2358 2601 νας
2407 2536 2570 2592 αὐτοῦ
2629 2539 2853 2609 ποιήσει
2918 2540 3017 2608 τὴν
3068 2537 3238 2607 αὐτὴν
3299 2538 3695 2614 παραγγελίαν,
3749 2540 3838 2593 καὶ
3895 2539 3923 2592 6

2269 2623 2633 2704 δρουγγάριος
2677 2632 2780 2696 τῆς
2834 2625 3037 2703 βίγλης
3083 2627 3158 2690 εἷς
3207 2626 3334 2690 τοὺς
3384 2627 3636 2701 κόμητας
3673 2632 3770 2684 τοῦ
3803 2627 3925 2703 ἄρι-

2269 2719 2434 2788 Θμοῦ,
2464 2716 2554 2771 καὶ
2613 2717 2642 2771 6
2690 2716 2943 2779 ἱκανάτος
2987 2715 3066 2779 είς
3111 2720 3238 2779 τοὺς
3270 2714 3522 2791 κόμητας
3555 2717 3722 2774 αὐτοῦ
3752 2715 3922 2793 ἐχὲτω

2270 2804 2336 2860 τὰ
2359 2802 2493 2861 αὒτὰ
2527 2805 2804 2881 ἐργαλεῖα.

499 2897 691 2954 labras
731 2899 994 2972 singulas
1025 2907 1080 2955 et
1127 2899 1346 2957 cultros
1377 2917 1586 2957 curvos
1615 2901 1972 2973 scalptorios
2019 2899 2280 2973 singulas
2310 2910 2363 2956 et
2395 2900 2584 2956 clavas
2614 2899 2856 2973 ligneas.
2887 2899 3278 2958 Domesticum
3310 2917 3540 2975 quoque
3569 2901 3909 2958 scholarum

499 2993 726 3061 oportet
781 2990 998 3047 vicario
1055 2989 1391 3048 scholarum
1441 2992 1740 3062 imperare,
1795 2995 1858 3045 ut
1891 3000 2053 3048 curet
2101 2992 2175 3047 ab
2234 2991 2699 3061 uniuscujusque
2736 2990 2954 3047 scholas
3001 2992 3214 3048 comite
3260 2992 3381 3048 haec
3435 2993 3557 3064 ipsa
3603 2993 3662 3049 in
3717 2991 3917 3050 schola

499 3095 607 3136 sua
638 3086 908 3152 prompta
936 3085 993 3136 et
1025 3087 1228 3152 parata
1258 3081 1479 3136 haberi.
1516 3083 1792 3137 Mandata
1820 3083 2024 3136 eadem
2055 3082 2187 3137 edet
2216 3079 2526 3136 excubitus
2556 3080 2614 3134 in
2647 3096 2784 3137 suos
2807 3080 3127 3153 scribones,
3151 3089 3208 3139 et
3225 3082 3580 3156 drungarius
3628 3083 3838 3157 vigilia
3857 3084 3915 3139 in

501 3168 745 3222 comites
774 3168 1032 3234 arithmi,
1063 3173 1120 3222 et
1148 3168 1459 3223 hicanatus
1487 3168 1547 3222 in
1570 3169 1814 3224 comites
1843 3168 1936 3222 sui
1967 3169 2214 3224 ordinis.

502 3255 910 3348 005559329;
938 3255 1152 3348 me!"
1174 3257 1522 3348 immite"
1578 3257 1646 3348 αθ
1663 3256 1958 3348 -.σξηεξίίιο
2053 3272 2152 3348 ξεν

2269 3255 2405 3312 Ὅσα
2436 3253 2519 3310 δεῖ
2545 3256 2809 3348 γίνεσθαι,
2839 3256 2966 3348 ’όταν
2987 3255 3114 3348 Ιἑταν
3143 3256 3419 3348 ἰξπεδίξου
3445 3261 3484 3348 ᾗ
3520 3265 3730 3348 μακρᾶς
3760 3257 3916 3316 ὁδοι-

569 3325 915 3400 expeditione
950 3325 1212 3392 militari,
1251 3326 1430 3382 aliove
1462 3329 1624 3400 longo
1653 3337 1704 3384 et
1740 3329 2006 3384 diuturno
2047 3331 2147 3385 iti-

568 3411 703 3452 nere
733 3399 789 3451 in
822 3397 1018 3452 urbem
1046 3402 1370 3454 revertatur.

566 3483 868 3540 Redeunte
897 3485 1270 3556 imperatore,
1303 3490 1452 3542 tiunt
1479 3487 1680 3544 eadem
1703 3489 1900 3544 omnia
1927 3489 2131 3546 eodem

480 3579 697 3641 tenore,
731 3590 860 3644 quas
891 3573 1036 3640 ﬁeri,
1069 3591 1134 3630 eo
1164 3578 1436 3640 abeunte,
1470 3577 1728 3632 diximus
1768 3577 1828 3634 in
1867 3581 2127 3650 superio-

476 3660 658 3718 ribus.
698 3659 800 3717 Ubi
829 3673 1022 3718 autern
1054 3663 1124 3718 ad
1157 3663 1700 3735 Cinstantinopolin
1733 3668 1994 3733 accessit,
2028 3685 2127 3723 oc-

474 3757 720 3806 currunt
775 3751 886 3823 ipsi
945 3769 1233 3822 proceres,
1267 3753 1367 3824 qui
1423 3754 1581 3809 domi
1643 3761 1998 3826 manserant,
2070 3757 2128 3812 in

478 3840 710 3912 Rhegio
748 3841 1009 3913 [navali].
1045 3842 1107 3897 Et
1149 3842 1427 3898 tribunus
1473 3844 1708 3912 quidem
1753 3845 2136 3913 prasentalis,

489 3931 586 3998 qui
631 3936 992 3986 remanserat
1027 3931 1086 3986 in
1122 3933 1280 3999 urbe,
1311 3933 1699 3988 custodiendas
1734 3933 1890 3989 illius
1943 3951 2140 4000 causa,

487 4019 740 4074 occurrit
788 4019 898 4089 ipsi
931 4020 990 4075 in
1025 4021 1242 4076 mantio
1289 4037 1392 4075 seu
1444 4037 1584 4091 sago
1617 4037 1805 4084 russo,
1839 4024 2038 4078 statim
2073 4039 2142 4078 ex

486 4121 599 4178 quo
632 4107 805 4163 modo
837 4107 1155 4179 imperator
1183 4109 1338 4178 apud
1372 4107 1658 4179 Rhegium
1692 4109 1896 4178 pedem
1944 4126 1974 4164 e
2008 4112 2137 4165 navi

2585 3328 2802 3402 πορίας,
2843 3328 3198 3410 ἰπανὲρχεταί
3240 3333 3268 3386 6
3317 3328 3593 3407 βασιλεῦς.

2345 3493 2827 3568 Ἐπανερχομὲνου
2891 3500 2990 3550 τοῦ
3051 3496 3343 3571 βασιλέως,
3417 3497 3484 3552 τὰ
3550 3497 3683 3552 αὖτὰ
3749 3497 3920 3553 πάντα

2266 3581 2473 3655 γίνεται
2504 3582 2641 3637 κατᾶ
2678 3585 2776 3652 τὴν
2809 3581 2956 3641 ὁδὸν.
2990 3586 3088 3639 ὅσα
3137 3585 3191 3640 ἰν
3226 3590 3302 3659 τῷ
3330 3585 3546 3641 ἀπιέναι
3577 3585 3739 3642 αὐτὸν
3770 3586 3923 3658 εἰρή-

2264 3689 2454 3742 καμεν.
2519 3670 2812 3744 Γινομένου
2894 3674 3062 3729 αὐτοῦ
3128 3675 3251 3750 περὶ
3321 3673 3918 3743 Κωνσταντινούπολιν,

2273 3759 2324 3813 οἱ
2357 3759 2746 3832 ἂπομείναντες
2796 3761 3057 3841 ἄρχοντες
3105 3765 3426 3820 ἀπαντοῦσιν
3474 3764 3528 3820 ἐν
3570 3770 3650 3837 τῷ
3691 3764 3916 3840 ⁸ὴγίῳ⁶

2253 3845 2379 3902 ἀλλ’
2415 3849 2443 3902 6
2479 3849 2574 3922 μὲν
2636 3846 2928 3924 τριϐοὖνος
2987 3853 3402 3928 πραισενταλιος
3435 3854 3462 3908 6
3495 3853 3795 3928 ἆπομείνας
3841 3852 3916 3914 εἷς

2259 3937 2657 4012 παραφυλακήν
2711 3947 2815 4010 τῆς
2891 3941 3110 4006 πόλεως
3185 3943 3395 4015 ἀπαντᾷ
3465 3945 3598 4017 μετὰ
3657 3945 3904 4017 μαντίου,

2254 4022 2385 4092 ἤτοι
2433 4025 2621 4101 σαγίου
2669 4031 2747 4102 (9)
2798 4030 3049 4103 ῥουσέου,
3099 4032 3257 4094 εὐθὺς
3307 4034 3440 4106 μετᾶ
3471 4033 3531 4087 τὸ
3561 4029 3768 4088 κατάϐα
3798 4034 3914 4104 (10)

2270 4117 2367 4168 τοῦ
2395 4115 2646 4192 Ῥηγίου,
2679 4117 2766 4172 καὶ
2796 4121 3103 4193 καθήμενος
3151 4121 3180 4175 6
3231 4120 3489 4195 βασιλεὺς
3518 4120 3594 4185 εἲς
3622 4123 3712 4178 τὸν
3742 4119 3908 4176 ’ίππον

1537 4228 1743 4286 JOAN.
1775 4231 1914 4288 JAC.
1958 4232 2222 4294 REISKIR
2271 4239 2867 4302 COMMENTARIUS.

564 4333 640 4404 (8)
673 4333 774 4388 Est
808 4332 1116 4404 praefectus
1169 4329 1419 4404 themati
1441 4328 1890 4388 Thracesiorum
1935 4349 2040 4389 seu
2073 4351 2160 4392 ve-

2270 4343 2561 4419 Barthius,
2585 4347 2820 4419 quando
2844 4351 3032 4404 locum
3053 4346 3225 4419 illum
3249 4347 3545 4406 sollicitat.
3577 4350 3795 4406 Thema
3815 4365 3909 4405 seu

494 4402 831 4478 ῐβνί⁷λΙοῐιὶεὲ
878 4406 967 4458 νϐι
1016 4403 1170 4458 Δείῦ
1213 4402 1447 4478 minori.
1501 4418 1683 4478 eoque
1741 4419 1856 4461 non
1907 4407 2157 4463 confun-
2191 4455 2235 4478 η
2267 4414 2416 4473 lenio
2450 4402 3020 4474 Thracesiorumﬁvel
3049 4402 3909 4478 Thraéééién‘é‘rﬁhaliis};

499 4455 1676 4566 ἐξέωῐμὲζὲἐίιξι,,έέξιῗιὲἐέίθζῆξῆξζὲέέκῖηεξ
1707 4455 2154 4566 εὲέιῐεέὲῗέιῖὲ·
2189 4455 2236 4517 θ
2265 4455 2416 4566 ἕιέῖῗ
2459 4455 2920 4566 ἒέἱῗῗςῖἱῖἑὲἱὶέ.
2937 4455 3730 4566 ’ἒέιῦῖῖὲέ”“ῖὸἷ“”ἑ›ῗὲὲίῖι“ίέ”
3765 4455 3909 4566 TE?

495 4543 816 4620 gie_v_ulg_o
847 4547 932 4602 sic
976 4543 1326 4620 d_tctis_;_vid.
1360 4543 1663 4620 constant.
1718 4548 1790 4620 de
1821 4543 2061 4606 thémat.
2099 4567 2157 4620 p.

495 4615 550 4670 7.
600 4615 866 4692 Fabullae,
917 4633 1094 4692 quam
1129 4617 1206 4692 ibi
1240 4619 1489 4686 infercit,
1525 4633 1640 4672 non
1692 4618 1815 4692 sine
1847 4621 2020 4692 nugis
2057 4615 2158 4692 pro

499 4702 661 4743 more
690 4688 861 4744 istius
891 4689 1088 4746 saeculi
1118 4688 1322 4752 relata,
1355 4693 1649 4744 auctorem
1694 4689 1870 4746 habet
1900 4688 2159 4748 Herodo-

498 4762 721 4832 tum._A
745 4759 1070 4832 Thracibus
1115 4759 1406 4830 appellata
1435 4765 1525 4816 est
1574 4777 1640 4816 ea
1673 4762 1853 4832 regio,
1877 4763 1975 4832 qui
2028 4779 2157 4819 eam

499 4830 863 4904 sequioribus
909 4833 1269 4900 temporibus
1300 4837 1672 4904 occuparunt
1706 4830 1807 4904 vel
1851 4830 2046 4904 potius
2086 4836 2160 4890 ab

499 4902 658 4974 omni
689 4919 804 4959 suo
839 4904 1192 4971 habuerunt,
1222 4903 1308 4958 vel
1344 4902 1654 4974 antequam
1691 4902 1868 4960 Graeci
1901 4905 2161 4962 colonias

498 4971 638 5045 i_lluc
658 4975 958 5030 ducerent.
981 4977 1442 5030 Protendebatur
1456 4971 1640 5045 usque
1660 4979 1728 5030 ad
1753 4976 1968 5031 ostium
1991 4977 2160 5032 Ponti

500 5043 1016 5117 Euxinitadeoque
1038 5049 1214 5100 etiam
1244 5043 1560 5116 Trojanum
1597 5063 1800 5116 agrum
1835 5048 1892 5102 in
1928 5065 1990 5103 se
2008 5065 2162 5104 com-

501 5115 1034 5189 prehendebal._Ad
1070 5115 1427 5188 Hellesponti
1455 5115 1770 5189 utramque
1801 5135 1958 5174 oram
1993 5121 2158 5176 habi-

498 5187 706 5257 tabant
755 5189 1164 5245 vetustissimis
1195 5187 1556 5255 temporibus
1590 5187 1864 5254 Thraces,
1906 5206 2159 5257 quorum

501 5256 771 5333 EurOptsi
816 5278 987 5316 suum
1041 5277 1250 5317 nomen
1303 5277 1602 5333 nunquam
1654 5278 1768 5316 non
1831 5256 2158 5330 servarunt,

503 5331 777 5404 Asiastici
823 5341 1019 5387 autem
1055 5350 1158 5404 pro
1207 5334 1403 5403 aliquo
1447 5331 1714 5401 tempore
1757 5333 2157 5404 perdiderunt,

501 5401 687 5475 donec
737 5403 820 5460 sic
873 5401 1098 5460 volente
1131 5401 1324 5460 nescio
1356 5421 1476 5475 qua
1507 5407 1733 5475 tortuna
1760 5401 2157 5475 revivisceret.

501 5473 777 5546 Adeoque
807 5482 963 5532 recte
993 5475 1317 5531 Guilelmus
1346 5472 1500 5530 Brito
1524 5472 1768 5544 Philipp.
1799 5473 1840 5537 I,
1861 5489 1910 5528 v.
1943 5474 2160 5540 10,Ho-

501 5545 730 5600 merum
767 5547 1103 5603 describens
1144 5549 1225 5602 ait
1258 5564 1270 5602 :
1305 5546 1413 5614 Qui
1438 5549 1733 5612 sup/omit
1767 5545 2052 5600 Thraciam
2075 5547 2158 5600 vi-

497 5616 740 5687 ctoribus
773 5619 956 5687 Argis,
980 5619 1035 5673 id
1065 5626 1177 5680 est.
1199 5619 1369 5685 cujus
1402 5615 1661 5672 carmina
1693 5622 1975 5672 vaslatum
2011 5616 2161 5671 Grae-

497 5685 583 5744 cis
633 5689 814 5743 armis
850 5685 1072 5760 'agrum
1124 5689 1442 5760 Trojanum
1499 5692 1758 5752 narrant,
1821 5687 2160 5760 falliturque

2268 4559 2431 4635 bant,
2474 4565 2557 4635 Aut
2596 4559 2893 4635 colligitur
2925 4577 2971 4635 _e
2993 4559 3299 4635 _Constant.
3333 4563 3406 4620 de
3443 4559 3687 4620 themat.
3736 4581 3792 4635 p.
3820 4559 3908 4620 ῙΒ.

2340 4629 2772 4706 (9)__S_itne_hic
2830 4631 2939 4686 loci
2970 4629 3108 4706 ﬁco:
3157 4634 3440 4706 particula
3484 4629 3912 4706 interpretativa

2271 4717 2343 4756 an
2374 4701 2759 4778 disiunctiva,
2806 4719 2917 4778 non
2968 4701 3456 4778 liquetI_Yidetur
3511 4701 3706 4778 tamen
3762 4707 3909 4778 prius

2269 4771 2486 4852 potius.
2519 4774 2642 4837 Quo
2671 4773 2927 4852 admisso
2961 4771 3144 4852 fuerit
3175 4775 3328 4852 idem
3364 4775 3582 4848 μαντίον
3612 4784 3670 4834 et
3699 4771 3903 4852 σι’γίον.

2271 4843 2423 4921 Sane
2453 4860 2566 4899 nou
2601 4847 2849 4921 multum
2869 4846 3097 4902 diversa
3120 4847 3301 4902 fuisse
3331 4843 3595 4905 mentum
3626 4855 3685 4905 et
3704 4843 3906 4921 sagum

2270 4915 2442 4990 credo
2489 4930 2558 4971 ex
2608 4915 3011 4990 iis__constare,
3045 4934 3198 4990 gquts
3246 4921 3316 4974 ad
3367 4937 3420 4989 p.
3453 4921 3560 4976 255
3595 4915 3904 4990 disputavi.

2270 4985 2546 5063 Praeterea
2597 4987 2798 5043 malim
2833 4989 2889 5044 in
2934 4985 3154 5063 La_tinis
3181 5004 3308 5044 cum
3356 4985 3606 5063 supponi
3641 4985 3747 5062 pro
3807 4993 3903 5047 in:

2269 5058 2590 5132 adorantem
2637 5075 2760 5114 cum
2786 5075 2945 5132 sago.
2993 5059 3093 5114 Est
3129 5066 3324 5116 autem
3365 5058 3605 5119 adorare
3630 5058 3758 5118 eum
3786 5076 3909 5132 sago

2271 5131 2897 5205 motitattonequadan.
2932 5132 3050 5205 sagi
3077 5132 3132 5186 in
3149 5132 3390 5202 figuram
3410 5133 3670 5205 aliquam
3695 5131 3906 5190 certam

2272 5201 2680 5256 submissionis
2707 5202 2950 5274 dignum
2986 5201 3292 5271 facere,’ut
3321 5222 3422 5260 nos
3456 5201 3625 5261 hodie
3666 5213 3828 5260 motu
3857 5209 3905 5260 et

2271 5275 2460 5348 positu
2497 5275 2748 5348 quodam
2780 5273 2915 5344 pilei
2944 5274 3242 5338 solemus;
3285 5277 3582 5348 vid.qdicta
3602 5279 3670 5332 ad
3703 5293 3833 5348 pag.
3854 5276 3903 5332 8.

2343 5294 2460 5326 situ
2541 5294 2748 5328 uocant
2783 5294 2915 5344 puet
2944 5294 3242 5338 amemus;
3285 5294 3396 5332 Vlu.
3429 5294 3582 5332 atcta
3602 5294 3670 5332 au
3745 5294 3903 5348 εδδ.

2343 5344 2457 5414 (10)
2496 5294 2596 5400 ἕδη.
2650 5350 2914 5401 truncata
2969 5361 3076 5401 vox
3138 5363 3238 5414 pro
3290 5340 3585 5408 κατάϐασις
3625 5294 3738 5403 ναί)
3761 5365 3908 5401 κατα-

2271 5405 2526 5490 ςάεημόχ,
2559 5417 2710 5486 quod
2773 5417 2936 5490 novis
2953 5405 3178 5490 βιωώέ
3225 5417 3379 5474 idem
3419 5431 3499 5476 est
3533 5405 3708 5490 atque
3751 5437 3905 5490 καταέ

2271 5477 2458 5562 ϐασιςι
2481 5477 2602 5562 ᾗΓῖ
2655 5493 2814 5545 modo
2853 5483 3015 5540 διάϐα
3044 5488 3345 5562 dicuntjv.
3400 5477 3715 5562 l)u__Cange
3745 5491 3802 5545 h.
3834 5489 3903 5557 v.)

2271 5569 2372 5624 pro
2433 5549 2715 5634 ’διάϐασιςἈ
2761 5562 3046 5634 transitus“.
3093 5565 3151 5615 et
3186 5549 3318 5615 ἔκόα
3371 5561 3455 5634 vel
3489 5549 3679 5634 ἔμπαῖ
3713 5549 3904 5634 intrat}

2271 5623 2356 5684 ius
2392 5643 2488 5702 ;_v.
2548 5634 2633 5686 bu
2684 5631 2871 5698 Canae
2901 5647 2952 5702 v.
3010 5623 3178 5702 ἔμπα.
3237 5639 3323 5692 lta
3380 5623 3568 5691 Latini
3599 5623 3776 5690 medii
3804 5629 3901 5688 aevi

2271 5699 2501 5757 camilla
2531 5717 2635 5776 pro
2665 5699 3058 5778 capillacium.
