4120 6306
310 287 428 350 937

923 283 1023 342 DE
1067 283 1528 345 CEllIMONIIS
1575 284 1807 345 AULIE
1849 286 2332 347 BYZANTlN/E
2376 289 2520 349 LIB.
2568 288 2615 349 Ι.
2674 322 2748 337 -
2791 292 3122 353 APPEND.

3596 297 3714 359 938

309 418 524 497 δέχεται
592 415 780 474 αὐτόν.
841 415 908 472 ’0
961 413 1020 470 δὲ
1075 420 1370 492 προσκυνεῖ
1419 418 1552 488 μετὰ
1601 422 1698 472 τοῦ
1775 419 1946 494 σαγίοι

2075 422 2369 493 prolatum
2403 424 2460 481 in
2483 425 2815 484 continente
2844 430 3148 500 posuerit;
3201 446 3370 502 quem
3403 432 3712 505 imperator

308 510 498 584 μόνον,
529 509 622 564 καὶ
671 506 914 582 όψιγεόει
958 503 1111 560 αὐτό.
1155 506 1222 562 Οἱ
1272 503 1329 560 δὲ
1377 510 1616 578 κόμητες
1660 527 1960 564 κονσιστω-

305 599 486 674 ριανοὶ
541 597 632 653 καὶ
689 590 969 670 τριϐοῦνοι
1022 593 1212 656 πάντες
1273 592 1759 672 λευχειμονοῦντες
1823 597 1960 654 κατὰ

301 688 367 743 τὸ
417 688 551 744 αὐτὸ
595 689 791 762 σχῆμα
828 687 1222 760 προσκυνοῦσιν
1291 684 1380 738 καὶ
1413 683 1778 758 ὀψικεῦουσιν.
1813 693 1959 762 Παρ-

308 778 516 836 ίσταται
548 776 605 834 δὲ
635 778 818 839 αὐτοῖς
861 773 1224 849 σιλεντιάριος
1263 775 1350 829 καὶ
1388 773 1554 850 λέγει’
1598 800 1624 827 ‹‹
1659 775 1956 850 Φύλαρχος

303 867 628 943 παρουσίας,
683 869 927 937 κόμητες
979 864 1352 938 συστατήριοι,
1396 864 1675 942 φύλαρχοι
1715 885 1955 938 πραιτω-

307 957 448 1032 ρίου,
477 982 505 1008 ››
554 958 616 1013 Ὁ
666 954 723 1010 δὲ
763 952 1006 1028 ἔπαρχος
1054 960 1153 1022 τῆς
1197 952 1412 1015 πόλεως
1458 953 1547 1008 καὶ
1594 955 1644 1009 οἱ
1707 955 1953 1009 ὑπατικοὶ

305 1047 420 1118 καὶ,
456 1045 542 1100 ἐὰν
576 1045 794 1120 εὑρεθῇ,
823 1044 915 1099 καὶ
945 1041 1230 1116 πατρίκιος
1287 1041 1495 1116 ἐμπρὸς
1539 1048 1634 1098 τοῦ
1683 1043 1956 1099 παλατίου

299 1131 667 1200 ’ίστανται,καὶ
699 1133 773 1194 ὡς
803 1130 1042 1204 κατέλθῃ
1075 1134 1172 1185 τοῦ
1191 1127 1394 1200 ἵππου,
1417 1135 1832 1204 προσκυνοῦσιν,
1865 1129 1955 1185 καὶ

305 1221 528 1302 δέχεται
558 1220 754 1284 αὐτοὺς
788 1222 815 1276 6
852 1218 1105 1296 βασιλεὺς
1134 1217 1241 1274 ἀπὸ
1278 1218 1567 1292 στόματος·
1602 1219 1687 1274 έάν
1735 1218 1790 1275 δὲ
1827 1218 1956 1295 βοόο

307 1310 497 1369 λονταί
521 1332 660 1374 τινες
686 1314 794 1366 τῶν
827 1309 1112 1384 ἀρχόντων
1127 1308 1218 1364 καὶ
1243 1308 1316 1370 εἰς
1344 1307 1668 1382 Ἡράκλειαν
1698 1307 1952 1364 ἀπελθεῖν

303 1402 462 1456 κάκεῖ
492 1399 736 1470 δέξασθαι
765 1401 854 1454 τὸν
892 1397 1142 1474 βασιλέα,
1172 1399 1261 1453 καὶ
1294 1403 1459 1454 τοῦτο
1511 1397 1710 1469 ἔξεστιν
1744 1400 1950 1462 αὐτοῖς.

299 1491 370 1548 Oi
403 1488 459 1545 δὲ
516 1488 906 1567 συγκλητικοὶ,
960 1486 1046 1542 ἐὰν
1103 1491 1242 1560 πεζῇ
1274 1481 1492 1563 ἔρχεται
1534 1489 1562 1542 6
1588 1487 1842 1564 βασιλεὺς
1875 1489 1950 1551 εἰς

295 1580 364 1634 τὸ
389 1574 690 1652 Ἓὸδομον,
721 1573 1045 1633 ἀπαντοῦσιν
1076 1575 1127 1630 ἐν
1159 1579 1227 1650 τῇ
1271 1575 1536 1648 ἐκκλησίᾳ
1565 1581 1672 1632 τῶν
1723 1578 1948 1648 Νηπίων

293 1667 506 1744 ἑμπρὸς
544 1671 642 1722 τοῦ
689 1666 1013 1742 μαρτυρίου,
1053 1664 1145 1720 καὶ
1196 1664 1521 1739 κατέρχεται
1581 1667 1609 1720 ὁ
1652 1663 1947 1738 δεσπότης,

293 1756 386 1812 καὶ
438 1754 658 1836 δέχεται
707 1754 904 1817 αὐτοὺς
927 1754 1035 1810 ἀπὸ
1077 1753 1371 1828 στόματος,
1402 1754 1491 1809 καὶ
1533 1753 1838 1830 εἰσέρχεται
1869 1756 1945 1818 εἰς

291 1847 359 1903 τὸ
399 1848 693 1921 μαρτύριον
737 1845 826 1901 καὶ
870 1841 1108 1920 εὔχεται.
1139 1849 1244 1900 Και
1294 1845 1321 1897 6
1356 1846 1448 1916 μὲν
1484 1843 1750 1914 δεσπότης
1771 1845 1938 1919 ἀπέρο

292 1955 451 2011 χεται
492 1935 567 1998 εἷς
595 1936 656 1990 τὸ
687 1929 986 2006 Ἕϐδομον,
1017 1934 1070 1988 οἱ
1100 1929 1157 1987 δὲ
1209 1933 1587 2006 συγκλητικοὶ,
1643 1932 1779 1988 ὅπου
1816 1935 1943 2010 βού-

295 2027 506 2084 λονται.
553 2027 617 2083 Et
677 2024 735 2082 δὲ
791 2026 950 2102 πγόῳ
997 2019 1218 2103 ἔρχεται
1268 2025 1296 2079 6
1352 2021 1642 2096 δεσπότης,
1697 2024 1942 2083 ’ίστανται

293 2117 430 2191 πρὸς
479 2122 558 2189 τῷ
604 2115 864 2194 αἰγιαλῷ,
933 2114 1022 2169 καὶ
1079 2112 1287 2184 ἐξιόντα
1333 2113 1492 2169 αὐτὸν
1537 2119 1632 2170 τοῦ
1675 2112 1942 2190 δρόμονος

293 2210 685 2281 προσκυνοῦσιν
729 2207 803 2267 ὼς
834 2206 887 2260 έν
939 2202 1510 2262 Κωνσταντινουπόλει
1547 2206 1576 2260 6
1607 2205 1940 2279 ἀπομονεὺς,

302 2296 397 2352 καὶ
430 2293 644 2370 δέχεται
697 2295 892 2356 αὐτοὺς
947 2293 1053 2349 ἀπὸ
1113 2294 1402 2365 στόματος,
1459 2294 1549 2348 καὶ
1598 2295 1940 2367 ὀψικεύουσιν

311 2386 478 2460 μέχρι
509 2391 608 2455 τῆς
634 2385 864 2460 πόρτης,
894 2384 983 2438 καὶ
1008 2383 1118 2438 ἐκεῖ
1141 2383 1274 2456 μετά
1303 2405 1410 2438 των
1439 2381 1625 2438 ἄλλων
1658 2383 1938 2459 ἀργόντῶν

305 2475 646 2554 ἀφίστανται.
681 2473 855 2531 Ἀλλά
883 2478 1066 2543 ταῦτα,
1098 2473 1186 2528 ἑὰν
1219 2473 1324 2528 ἀπὸ
1382 2472 1663 2543 έξπεδίτου
1722 2472 1940 2550 ἔρχεται

304 2569 340 2636 ἢ
370 2572 578 2641 μακρῖις
621 2563 952 2639 ὁδοιπορίας·
1003 2564 1142 2635 ἐπεὶ,
1184 2565 1272 2620 ἐὰν
1331 2565 1536 2640 ἀπέλθῃ
1585 2566 1690 2628 ἓως
1723 2565 1944 2642 Σαλαμ-

307 2651 488 2730 ϐρίας,
519 2656 553 2725 ἢ
586 2653 932 2730 Ἡρακλείας,
959 2654 993 2724 ἢ
1025 2654 1204 2729 ἀλίγῳ
1233 2653 1587 2730 πορρωτέρω,
1621 2657 1712 2710 καὶ
1753 2654 1939 2731 ὀλίγας

305 2743 516 2818 ἡμέρας
561 2746 791 2818 ποιήσῃ,
822 2744 910 2798 καὶ
965 2743 1120 2805 εὐθὺς
1168 2743 1497 2818 ὑποστρέψῃ,
1547 2744 1684 2799 ὅπου
1724 2744 1942 2800 συνετά-

309 2833 465 2901 ξαντο
496 2834 546 2886 οἱ
575 2829 857 2907 ἄρχοντες,
884 2831 991 2887 ἐκεῖ
1019 2832 1107 2886 καὶ
1141 2829 1392 2911 δέχονται
1444 2833 1624 2890 αὐτόν.
1659 2832 1722 2890 Εἰ
1770 2835 1870 2907 γὰρ
1911 2835 1940 2888 6

310 2919 564 2998 βασιλεὺς
594 2923 653 2977 ἑκ
680 2925 775 2976 τοῦ
796 2915 1068 2996 Ἑϐδόμου
1100 2920 1319 2996 έξῇλοεν
1352 2922 1442 2978 καὶ
1467 2921 1543 2984 εἷς
1572 2923 1634 2977 τὸ
1665 2918 1942 2997 Ἕϐδομον

305 3011 646 3087 ὑποστρέφει,
696 3010 810 3067 ἐκεῖ
877 3013 1222 3067 ὀιπαντοῦσιν·
1292 3011 1338 3067 εἰ
1401 3009 1458 3066 δὲ
1531 3012 1622 3067 καὶ
1685 3011 1941 3087 βούλεται

299 3096 674 3175 ὀρθοποδῆσαι
736 3099 812 3162 είς
866 3102 964 3170 τήν
1015 3099 1203 3171 πόλιν,
1254 3099 1364 3154 ἐκεῖ
1409 3099 1573 3155 πάλιν
1613 3099 1938 3156 ἀπαντοῦσιν

299 3169 469 3260 αῦτῷ,
524 3190 575 3243 οἱ
625 3185 682 3243 δὲ
739 3188 1098 3265 συγκλητικοὶ
1156 3169 1629 3263 προλαμϐάνουσι.
1690 3189 1793 3245 Καὶ
1853 3169 2014 3245 έὰνῧ

297 3280 436 3352 πεζῇ
479 3276 786 3354 εῗσέρχεται
840 3279 867 3332 6
916 3276 1191 3351 βασιλεὺς,
1224 3277 1547 3332 ἀπαντοῦσιν
1579 3278 1727 3350 αὖτῷ
1784 3277 1835 3334 ἐν
1863 3284 1942 3352 τῷ

298 3366 452 3445 φόρῳ
485 3364 780 3421 Θεοδοσίου
811 3369 892 3436 τῷ
948 3363 1271 3437 καλουμένῳ
1322 3365 1525 3438 ταύρῳ,
1585 3367 1674 3420 καὶ
1714 3367 1945 3442 προσερέ-

300 3476 485 3530 ρουσιν
519 3453 668 3527 αὐτῷ
707 3453 1021 3530 στεφάνους,
1056 3452 1146 3507 ’ὲνα
1183 3453 1278 3525 μὲν
1310 3458 1569 3526 χρυσοῦν,
1631 3452 1836 3515 ἄλλους
1887 3452 1944 3508 δὲ

295 3542 402 3599 ἀπὸ
436 3541 671 3620 δαφνῶν·
706 3542 733 3596 6
777 3538 832 3595 δὲ
879 3541 1134 3616 βασιλεὺς
1187 3538 1527 3596 ἀντιδίδωσιν
1567 3541 1756 3604 αὐτοῖς
1784 3543 1945 3614 νομί-

296 3655 476 3709 σματα
510 3634 642 3706 ὑπὲρ
671 3637 768 3687 τοῦ
802 3637 1005 3707 χρυσοῦ
1028 3633 1311 3710 στεφάνου,
1345 3630 1480 3686 ὥστε
1504 3633 1579 3705 μή
1616 3631 1814 3704 ζημίαν
1848 3632 1942 3686 αὖ·

293 3724 423 3787 τούς
459 3725 770 3796 ὑπομεῖναι.
792 3723 914 3779 Ἐὰν
947 3719 1004 3776 δὲ
1034 3721 1140 3776 ἀπὸ
1167 3722 1414 3792 Ἀσίας,ἢ
1441 3720 1713 3791 Βιθυνίας,
1743 3723 1778 3792 ἢ
1805 3728 1943 3794 Περ-

296 3817 452 3868 σικοῦ
482 3809 733 3885 πολέμου
763 3809 1118 3886 ἐπανέρχεται
1149 3812 1176 3865 ὁ
1213 3810 1492 3886 βασιλεὺς,
1525 3812 1552 3864 ὁ
1581 3804 1824 3885 ἔπαρχος
1844 3816 1943 3880 τῆς

295 3899 515 3963 πόλεως
536 3901 744 3971 ἀπαντᾷ
772 3898 894 3955 ἔνθα
924 3898 984 3954 ἃν
1019 3897 1208 3974 συνίδῃ
1241 3901 1268 3954 6
1305 3897 1558 3974 βασιλεὺς
1595 3897 1942 3976 μεσάλλαγον

296 3997 548 4060 ποιῆσαι,
577 3988 685 4045 εἷ’τε
723 3988 777 4045 ἐν
806 3995 875 4064 τῇ
911 3990 1138 4065 Σατύρῳ
1170 3988 1276 4044 εἴτε
1300 3987 1350 4043 ἐν
1375 3993 1452 4059 τῷ
1492 3987 1946 4060 Ππλεατικῷἢέν

294 4082 678 4154 Ῥοῳηνιαναῖς
709 4083 844 4153 (11),
876 4081 911 4150 ἢ
952 4077 1005 4134 ἐν
1036 4082 1104 4153 τῇ
1144 4077 1350 4153 Ἱερείᾳ·
1405 4074 1516 4133 εἰδὲ
1536 4076 1756 4147 Θελήσει
1784 4079 1812 4131 6
1847 4079 1945 4151 βα-

296 4169 484 4232 σιλεὺς
510 4167 599 4225 διὰ
641 4173 738 4226 τοῦ
787 4168 1120 4248 στρατηγίου
1150 4169 1416 4238 ἀνελθεῖν,
1467 4162 1946 4243 προλαμϐάνουσιν

299 4259 352 4313 οἱ
385 4258 748 4335 συγκλητικοὶ
789 4259 880 4315 τὸν
930 4259 1096 4340 φόρον
1143 4263 1239 4314 τοῦ
1270 4256 1599 4333 στρατηγίου
1631 4259 1761 4328 (12),
1794 4255 1948 4311 κάκεῖ

292 4349 423 4411 τοὺς
485 4350 780 4422 στεφάνους
817 4349 1233 4428 προσφέρουσιν.
1266 4347 1333 4406 Εἰ
1385 4346 1442 4402 δὲ
1491 4345 1650 4419 πλόῳ
1684 4343 1946 4420 βούληαι

298 4437 668 4514 όρθοποδῆσαι
729 4440 805 4503 είς
864 4441 925 4496 τὸ
983 4439 1270 4511 παλάτιον,
1320 4438 1537 4494 ’ίσταται
1587 4437 1796 4511 ἐμπρὸς
1842 4442 1943 4505 τῆς

2068 511 2128 567 in
2168 529 2315 586 equo
2351 516 2636 586 residens,
2686 518 3028 575 adorantem
3073 520 3133 576 in
3175 537 3310 594 sago
3343 523 3708 580 solummodo

2068 601 2289 659 salutat
2317 607 2374 660 et
2393 605 2807 678 obsequentem
2831 607 3002 665 habet
3028 626 3041 664 :
3066 609 3307 666 comites
3337 616 3535 667 autem
3568 628 3708 668 con-

2068 690 2360 748 sistoriani
2407 699 2465 752 et
2506 696 2722 753 tribuni
2777 715 2981 755 omnes
3032 699 3090 754 in
3139 701 3404 757 candidis
3455 701 3710 758 vestibus

2067 781 2314 838 adorant
2343 785 2546 840 eodem
2579 803 2782 844 omnes
2801 790 2970 844 modo
2992 797 3046 845 et
3070 790 3495 862 obsequuntur,
3527 791 3708 848 silen-

2070 868 2232 926 tiario
2263 878 2504 942 astante,
2537 877 2638 946 qui
2671 893 2767 933 eos
2813 893 2881 934 ex
2929 878 3129 934 ordine
3172 879 3254 936 sic
3282 882 3453 936 citat:
3497 903 3524 932 ‹‹
3559 880 3709 952 Phy-

2065 955 2292 1014 larchus
2323 965 2569 1031 parusiaa
2604 989 2626 1018 ι
2684 966 2762 1037 [id
2803 975 2891 1022 est
2940 968 3208 1025 tribunus
3248 971 3566 1039 praesentia:
3606 975 3708 1027 aut

2068 1050 2450 1120 praesentalis,
2484 1053 2706 1111 scilicet
2753 1059 3024 1126 procedat
3071 1060 3474 1130 imperatorem
3505 1062 3707 1118 adora-

2066 1132 2238 1203 tum],
2272 1138 2398 1190 tum
2423 1158 2451 1185 «
2475 1138 2726 1194 Comites
2758 1143 3049 1212 systaterii
3075 1165 3101 1192 »
3134 1161 3236 1200 seu
3271 1147 3704 1215 consistoriani,

2065 1223 2349 1280 adorante
2370 1225 2904 1284 scilicetdominum
2933 1233 3205 1298 ;tandem
3230 1249 3244 1287 :
3270 1257 3296 1284 ‹‹
3317 1235 3642 1307 Phylarchi,
3671 1258 3700 1286 »

2064 1327 2164 1367 seu
2197 1313 2434 1382 tribuni,
2471 1337 2500 1366 α
2553 1317 2824 1386 praetorii,
2855 1339 2882 1367 »
2926 1336 3130 1392 nempe
3179 1322 3435 1378 ofﬁcium
3486 1323 3703 1381 faciant

2062 1401 2256 1458 velim.
2294 1404 2598 1464 Praefectus
2631 1407 2793 1463 urbis
2822 1415 3011 1464 autem
3053 1415 3112 1466 et
3138 1412 3500 1478 consulares,
3533 1419 3610 1479 et,
3643 1413 3694 1469 si

2063 1492 2161 1562 qui
2193 1493 2368 1549 etiam
2405 1495 2464 1550 in
2499 1495 2638 1552 urbe
2668 1500 2808 1554 tunc
2853 1497 3049 1554 adsint
3090 1499 3340 1570 patricii,
3375 1501 3702 1557 consistunt

2061 1595 2255 1636 coram
2296 1583 2514 1654 palatio
2559 1585 2787 1657 [Rhegii
2837 1588 3088 1658 nempe],
3138 1587 3702 1660 descendentemque

2061 1685 2129 1725 ex
2171 1686 2320 1742 equo
2364 1674 2768 1745 imperatorem
2815 1676 3080 1745 adorant,
3132 1677 3230 1748 qui
3281 1694 3380 1735 eos
3429 1679 3702 1751 benignis

2060 1760 2250 1816 verbis
2301 1762 2538 1819 salutat.
2593 1766 2751 1821 Licet
2797 1783 3044 1837 quoque,
3096 1767 3142 1822 si
3199 1768 3334 1838 quis
3391 1784 3697 1839 procerum

2053 1847 2384 1906 Heracleam
2427 1852 2586 1908 adire
2635 1854 2833 1927 ibique
2882 1855 3103 1911 cultum
3155 1873 3328 1911 suum
3360 1856 3698 1927 imperatori

2054 1942 2372 1996 monstrare
2391 1940 2546 1998 velit.
2579 1944 2738 2008 Quod
2768 1944 2817 2000 si
2841 1961 2973 2001 vero
3004 1961 3108 2016 per
3136 1946 3532 2002 continentem
3566 1963 3697 2017 pro-

2053 2029 2240 2086 fectus
2286 2031 2604 2104 imperator
2655 2035 2726 2089 ad
2775 2035 3138 2092 Hebdomum
3185 2035 3339 2092 286
3384 2035 3694 2108 appulerit,

2053 2120 2406 2177 conveniunt
2453 2132 2748 2181 senatores
2803 2124 2862 2181 in
2921 2125 3226 2182 ecclesiam
3291 2127 3695 2182 Innocentium

2052 2213 2372 2267 Puerorum
2406 2211 2995 2282 Bethleemiticorum,
3029 2215 3228 2286 ibique
3256 2231 3449 2271 coram
3483 2222 3695 2284 marty-

2053 2314 2148 2354 reo
2179 2299 2304 2370 [seu
2336 2301 2536 2372 tymbo
2567 2301 2802 2359 illorum
2835 2308 3159 2376 martyrum
3191 2306 3487 2360 memoriae
3528 2321 3694 2360 sacro

2051 2385 2164 2456 ipsi
2213 2394 2563 2446 occurrunt:
2603 2407 2749 2461 quos
2787 2390 3100 2462 imperator
3147 2391 3398 2464 benigno
3443 2391 3694 2462 alloquio

2049 2476 2282 2548 excipit,
2324 2495 2505 2549 eoque
2553 2481 2726 2547 facto,
2759 2479 2816 2534 in
2864 2485 3213 2552 martyreum
3247 2481 3446 2550 intrat,
3478 2486 3537 2536 et
3566 2497 3694 2551 pre-

2051 2580 2145 2619 ces
2177 2567 2248 2620 ad
2286 2569 2462 2623 Deum
2496 2569 2704 2623 fundit.
2755 2569 2823 2623 Et
2850 2569 2974 2639 ipse
3005 2569 3242 2640 quidem
3275 2569 3547 2637 deinceps
3575 2570 3696 2624 abit

2049 2653 2111 2710 in
2153 2657 2515 2712 Hebdomum
2575 2657 2700 2729 [seu
2762 2659 3042 2728 palatium
3101 2657 3356 2714 tribunal
3408 2657 3692 2713 Hebdomi

2051 2745 2338 2816 dictum]:
2373 2748 2648 2802 senatorii
2678 2753 2871 2802 autem
2922 2748 3159 2815 abeunt,
3221 2763 3337 2819 quo
3387 2747 3692 2803 voluerint.

2051 2833 2114 2888 Si
2145 2837 2273 2889 navi
2307 2834 2388 2905 [in
2438 2835 2828 2905 Hebdomum]
2877 2837 3139 2908 appellit,
3192 2841 3347 2891 stant
3389 2835 3446 2890 in
3481 2835 3692 2902 littore,

2052 2929 2110 2979 et
2139 2929 2438 2980 exeuntem
2485 2940 2514 2980 e
2545 2924 2820 2980 dromune
2867 2925 3130 2991 adorant,
3167 2925 3693 2995 quemadmodum,

2052 3013 2250 3084 quiin
2309 3013 2451 3068 urbe
2508 3013 2807 3081 remansit,
2867 3029 3228 3084 apomoneus
3285 3030 3387 3069 seu
3447 3013 3696 3070 vicarius

2053 3102 2270 3174 regius,
2303 3101 2426 3172 ipsa
2446 3100 2506 3155 in
2530 3100 2671 3156 urbe
2703 3101 2876 3166 facit;
2911 3117 3053 3171 quos
3083 3100 3396 3172 imperator
3421 3100 3696 3156 humanis

2053 3192 2242 3247 verbis
2276 3189 2566 3261 appellat;
2607 3188 2719 3261 ipsi
2770 3193 2966 3245 autem
3009 3205 3179 3261 porro
3227 3189 3492 3260 pergenti
3524 3189 3698 3244 obse-

2055 3287 2316 3352 quuntur
2364 3278 2699 3353 imperatori
2740 3294 2926 3351 usque
2974 3279 3044 3335 ad
3096 3282 3318 3350 portam
3365 3277 3696 3343 tribunalis,

2057 3370 2152 3424 ubi
2183 3385 2314 3424 cum
2346 3368 2569 3424 caeteris
2601 3368 2938 3439 proceribus
2985 3368 3108 3439 [qui
3157 3383 3289 3424 cum
3335 3367 3465 3438 ipso
3497 3367 3568 3423 ab
3601 3382 3696 3422 ex-

2054 3457 2348 3528 peditione
2387 3459 2676 3524 redeunt],
2723 3473 2854 3512 eum
2906 3457 3167 3512 mittunt.
3201 3457 3270 3511 Et
3317 3456 3412 3512 hic
3459 3457 3696 3528 quidem

2053 3549 2285 3600 tenetur
2332 3546 2564 3610 modus,
2616 3546 2850 3615 quando
2898 3545 3173 3598 dominus
3214 3546 3286 3599 ab
3335 3545 3695 3615 expeditione

2054 3639 2151 3686 aut
2182 3629 2387 3685 itinere
2415 3630 2726 3701 longinquo
2759 3631 2927 3684 redit.
2948 3631 3107 3695 Quod
3134 3629 3185 3686 si
3215 3645 3346 3685 vero
3369 3634 3598 3685 tantum
3624 3630 3693 3684 ad

2053 3719 2455 3791 Sclymbriam,
2513 3723 2615 3772 aut
2660 3718 3015 3783 Heracleam,
3062 3723 3165 3773 aut
3213 3716 3387 3790 paulo
3437 3717 3683 3773 ulterius

2055 3806 2379 3874 excesserit,
2421 3810 2478 3862 et
2508 3821 2718 3878 paucos
2767 3807 3174 3862 tantummodo
3221 3805 3341 3861 dies
3381 3806 3461 3860 ibi
3506 3807 3688 3877 egerit

2055 3897 2280 3966 citoque
2330 3895 2546 3962 redeat,
2589 3898 2907 3950 occurrunt
2956 3895 3066 3966 ipsi
3115 3911 3379 3966 proceres
3436 3893 3515 3949 ibi
3558 3893 3689 3964 loci,

2057 3985 2156 4041 ubi
2188 3983 2238 4039 ei
2273 3983 2392 4039 Vale
2421 3981 2593 4054 paulo
2642 3987 2776 4038 ante
2806 3982 3090 4038 dixerant.
3144 3985 3244 4037 Ex.
3278 3999 3328 4038 ο.
3373 3983 3421 4038 si
3455 3981 3511 4036 in
3543 3981 3689 4036 Heb-

2053 4077 2224 4131 domo
2264 4071 2585 4128 deseruerit
2640 4088 2739 4128 eos
2794 4071 3132 4143 imperator,
3185 4071 3337 4127 redit
3383 4072 3589 4127 iterum
3636 4071 3694 4125 in

2055 4165 2440 4231 Hebdomum,
2489 4163 2748 4231 adeoque
2807 4159 2888 4215 ibi
2943 4177 3174 4232 quoque
3222 4164 3534 4216 occurrunt
3583 4159 3697 4229 ipsi

2055 4269 2344 4327 proceres.
2378 4251 2538 4316 Quod
2573 4250 2621 4305 si
2651 4266 2784 4305 vero
2817 4249 3119 4306 deﬂectere
3168 4250 3419 4305 noluerit
3446 4248 3697 4320 impera-

2052 4351 2163 4414 tor,
2219 4345 2318 4400 sed
2376 4351 2530 4398 recta
2575 4343 2767 4414 potius
2831 4341 2925 4397 via
2999 4340 3057 4394 in
3126 4341 3309 4396 urben
3365 4342 3694 4409 contendat,

2054 4440 2262 4490 coeunt
2293 4431 2526 4503 quidem
2554 4446 2820 4500 proceres
2839 4429 2894 4484 in
2923 4429 3187 4484 eamdem
3211 4428 3432 4485 locum:
3465 4433 3700 4484 senato-

298 4527 534 4601 σκάλης,
566 4531 657 4586 καὶ
697 4527 820 4595 ἔνθα
862 4528 1080 4606 δέχεται
1119 4530 1255 4586 κατά
1282 4529 1345 4585 τὸ
1394 4527 1513 4591 ἔθος
1559 4528 1650 4583 τὸν
1707 4523 1946 4602 ἔπαρχον

2059 4521 2125 4577 rii
2160 4525 2355 4576 autem
2388 4518 2446 4572 in
2479 4517 2680 4573 urbem
2732 4520 3087 4588 praevertunt
3143 4516 3434 4572 salutandi
3475 4514 3701 4572 domini

1327 4673 1532 4730 JOAN.
1573 4675 1716 4730 JAC.
1767 4667 2029 4726 REISKII
2069 4658 2667 4722 COMMENTARIUS.

369 4807 480 4878 (11)
510 4805 636 4862 Non
670 4807 808 4878 sunt
837 4802 959 4878 illis
978 4802 1221 4878 thermae
1265 4801 1626 4878 urbanaeAs‘ic
1654 4799 1847 4878 dictis,
1876 4798 1950 4878 _de

297 4870 516 4950 quibus
546 4878 632 4934 Du
665 4877 860 4948 Gange
887 4875 1246 4950 CPliphrist.
1276 4874 1320 4950 l._
1345 4873 1388 4940 Ι,
1423 4891 1489 4950 p._
1510 4873 1581 4927 93
1596 4873 1776 4950 _:_se£l_
1796 4870 1954 4950 pala-

299 4935 442 5006 tium
494 4935 898 5005 suburbanum
949 4935 1263 5002 Asiaticum
1305 4935 1686 4998 in's'uburbio
1717 4935 1953 4997 Cll—alce-

296 5022 546 5077 donensi
578 5019 780 5084 situm,
814 5020 886 5073 de
918 5033 1032 5089 quo
1063 5017 1220 5089 idem
1250 5015 1300 5089 l._
1325 5030 1398 5081 tv,
1430 5030 1487 5089 ι)ἶ
1524 5013 1950 5089 175_cpnl'eren:

295 5093 435 5155 dus.
489 5092 588 5146 ubi
648 5080 876 5160 quoque
933 5080 1206 5160 pluribus
1270 5086 1342 5140 de
1387 5080 1813 5160 'p'alatiou'lipttp
1861 5081 1950 5160 vel

299 5153 682 5237 tepetacggit;
729 5153 900 5230 cujus
928 5153 1234 5237 antiquum
1285 5153 1500 5237 nomen
1545 5153 1952 5237 mibi'videtur

295 5223 482 5290 fuisse
510 5223 758 5304 Ἡραῖον,
791 5223 1091 5300 [θωρΙυαί
1120 5229 1394 5304 Junonis,
1446 5225 1602 5304 quod
1645 5225 1800 5304 idem
1828 5223 1951 5304 Alco

297 5322 518 5362 manno
552 5295 624 5361 ad
658 5295 1004 5372 Procopium
1037 5319 1092 5372 p.
1125 5302 1195 5356 80
1225 5295 1672 5372 quoque:visum
1706 5297 1829 5372 fuit.
1868 5295 1950 5351 De

296 5382 493 5462 sater
543 5380 600 5433 et
640 5367 1123 5462 .poleaticonnibi‘l
1165 5367 1656 5462 invenionNequ
1707 5367 1944 5423 mirum.

298 5439 528 5504 Dudum
561 5439 718 5504 enim
752 5453 886 5522 ante
936 5445 1390 5522 Constantinum
1422 5439 1943 5522 Porphyrogenne-

296 5523 423 5574 tum
453 5524 718 5592 nostrum
743 5519 1039 5575 desierant
1061 5517 1330 5592 quaedam
1359 5515 1568 5592 horum
1595 5513 1944 5592 palatiorum

298 5594 358 5645 et
389 5591 712 5661 nominum,
743 5594 809 5645 ut
837 5583 1214 5662 strategicum
1256 5603 1307 5644 e.
1339 5602 1391 5642 ο.
1425 5583 1755 5662 deuternm,
1798 5583 1949 5662 capi-

295 5662 530 5733 tolium,
586 5653 838 5734 saty'rus,
886 5653 1263 5734 poleaticum,
1321 5663 1432 5714 etc.
1477 5655 1771 5713 Particula
1822 5653 1945 5710 haec

573 5789 831 5848 PATROL.
883 5793 997 5848 Ga.
1047 5788 1228 5849 CXII.

2059 4797 2178 4848 tota
2208 4792 2280 4846 de
2333 4788 2520 4844 reditu
2575 4786 2946 4856 imperatoris
2994 4786 3054 4841 in
3085 4787 3290 4843 urbem
3337 4801 3453 4841 non
3499 4783 3696 4840 seaculi

2061 4861 2297 4926 decimi,
2329 4860 2426 4915 sed
2457 4857 2599 4915 sexti
2628 4862 2752 4923 est;
2787 4874 2901 4913 non
2954 4857 3317 4914 Constantini
3363 4856 3562 4925 hujus,
3596 4856 3697 4910 sed

2059 4933 2212 4990 Petri
2252 4930 2528 5002 Magistri,
2561 4929 2784 5002 ecujus
2804 4929 2984 5002 toties
3017 4928 3248 5002 laudato
3280 4927 3428 4982 libro
3458 4927 3527 4980 de
3556 4926 3700 5002 (lon-

2061 4997 2376 5060 stitutione'
2409 4997 2755 5072 Reipubliete
2802 5001 2925 5056 haec
2975 4997 3700 5072 verbotennstranscripta

2060 5077 2325 5149 fuerunt;
2360 5068 2533 5149 utrex'
2551 5087 2617 5128 eo
2647 5088 2910 5149 quoque;
2926 5070 3156 5149 co_llegi_,
3199 5069 3351 5149 quod
3384 5068 3699 5149 imperator

2059 5148 2118 5204 in
2148 5146 2245 5202 SS.
2273 5138 2600 5216 Apostolus,
2634 5138 2750 5199 n-on
2782 5138 2841 5198 in
2876 5143 2937 5198 S.
2973 5138 3245 5212 Sapiniam
3286 5138 3514 5216 ingredi
3541 5138 3699 5216 dica-

2057 5224 2173 5283 tur,
2206 5224 2268 5273 ut
2315 5206 2440 5286 quas
2494 5206 2622 5288 tum
2670 5216 2928 5288 nondum
2980 5206 3699 5288 strucla_ess‘§t..[l_’alatia

2057 5279 2238 5346 Eriaaa
2257 5279 2556 5345 Constant.
2591 5286 2946 5358 Porphyrog.
2978 5285 3290 5348 exstructa,
3323 5279 3534 5349 Script.
3569 5283 3700 5348 post

2055 5357 2717 5434 Theophan._p-431-];
2911 5422 2973 5434 ....
3090 5421 3104 5434 .
3183 5421 3220 5434 ..
3431 5419 3513 5434 ..

2128 5420 2242 5506 (12')
2302 5420 2883 5506 Desi'gnatur'forum
2911 5421 3257 5506 Theodosii,
3296 5420 3450 5506 quod
3499 5420 3558 5506 in
3633 5433 3700 5506 ea

2057 5489 2498 5572 urbis'regionbe,
2531 5513 2655 5572 quae
2673 5489 3494 5572 §tra~tegiumﬂappellabatur,
3527 5489 3699 5572 exat}

2054 5559 2198 5632 tisse
2227 5559 2440 5631 dicitur
2463 5559 2496 5639 ;’
2522 5559 2640 5624 νῖά.
2672 5567 2757 5623 Du
2788 5559 2983 5636 Gange
3023 5559 3130 5619 CPl
3151 5559 3392 5619 'Christ.
3443 5560 3487 5629 Ι,
3521 5578 3574 5630 p.
3607 5559 3696 5616 80.

3297 5767 3376 5828 30
