4120 6306
507 457 624 516 955
1557 454 1701 514 CON
1712 449 2075 513 STANTINI
2120 446 2816 508 PORPHYROGENITI
3827 446 3983 506 956

511 588 695 643 cereis
726 587 880 658 apud
912 588 1164 643 mediam
1189 603 1487 643 sacrarum
1510 590 1841 658 portarum,
1861 581 2143 638 intrabant

2272 581 2431 631 πᾶσιν
2496 576 2631 631 κατὰ
2693 577 2756 631 τὸ
2805 575 3026 634 δυνατὸν
3075 585 3192 643 τοῖς
3247 603 3305 636 τε
3340 581 3458 654 μετ’
3488 579 3662 635 αὑτοῦ
3698 598 3805 634 και
3832 585 3977 643 τοῖς

511 676 781 746 deinceps
812 677 869 731 in
902 676 1071 731 bema
1102 692 1235 731 cum
1270 675 1616 747 patriarcha,
1650 679 1707 732 et
1736 675 1819 730 sic
1852 688 2022 744 porro
2066 685 2143 725 re-

2267 665 2318 720 ἐν
2344 670 2412 739 τῇ
2443 665 2606 721 πόλει
2637 664 2902 724 ἐδίδοντο.

510 765 669 836 liqua
698 765 876 820 divini
903 766 1078 819 ofﬁcii
1110 771 1167 819 et
1197 766 1498 837 ingressus
1527 766 1589 821 in
1628 764 1909 837 palatium
1952 759 2377 833 peragebantur
2416 758 2618 814 eodem
2659 761 2854 827 modo,
2898 777 3014 831 quo
3056 763 3257 833 peragi
3298 762 3488 818 solent
3530 762 3594 817 in
3642 763 3973 818 solemni-

505 855 619 910 bus
652 853 990 909 formalibus
1029 854 1519 923 processionibus.
1568 855 1633 911 In
1671 856 1786 910 ﬁne
1826 850 2263 922 exponebantur
2299 848 2498 917 dapes,
2551 852 2606 904 et
2651 849 2827 904 ﬁebat
2874 850 3203 907 convivium
3244 850 3565 907 maximum
3604 852 3666 906 in
3719 867 3964 924 magno

501 945 825 1001 Justiniani
904 945 1182 1013 triclinio,
1257 962 1443 1018 eaque
1503 947 1668 1001 finita
1726 943 2040 1005 hilaritate,
2093 939 2392 993 donabant
2437 937 2659 994 domini
2710 941 2941 995 senatui
2988 948 3175 997 vestes
3223 951 3277 997 et
3327 942 3673 998 miliaresia.
3726 942 3960 998 Adhuc

499 1034 848 1101 notandum,
898 1034 1328 1090 cerimonialem
1374 1035 1613 1107 quidem
1660 1031 2081 1104 apparitionem
2120 1033 2175 1082 et
2218 1027 2650 1083 mundationem
2689 1029 2851 1084 urbis
2890 1046 3038 1101 opus
3080 1031 3258 1086 fuisse
3290 1031 3542 1101 praefecti
3574 1031 3751 1087 urbis
3789 1047 3808 1098 ;
3850 1049 3956 1087 or-

499 1125 854 1180 dinationem
906 1141 1031 1180 vero
1080 1126 1478 1196 processionis
1536 1130 1593 1181 et
1635 1124 1793 1181 290
1847 1133 2159 1177 occursum
2209 1121 2449 1173 senatus
2498 1125 2552 1173 et
2604 1118 2924 1175 factionum
2975 1121 3260 1177 clamores
3308 1121 3708 1193 triumphales
3755 1126 3955 1193 atque

500 1230 809 1284 processus
861 1223 914 1270 et
972 1216 1094 1271 loca
1137 1217 1540 1287 receptionum
1586 1233 1619 1271 a
1668 1212 1978 1285 praeposito
2031 1208 2346 1265 constituta
2383 1206 2586 1275 fuisse,
2628 1208 2722 1263 cui
2752 1226 2877 1265 eam
2921 1210 2978 1265 in
3012 1227 3134 1266 rem
3169 1211 3615 1269 cerimoniarius
3648 1217 3715 1267 et
3754 1213 3947 1269 silen-

498 1304 655 1359 tiarii
701 1308 1007 1375 totumque
1059 1305 1400 1360 cubiculum
1454 1303 1770 1375 adjutrices
1814 1315 2023 1357 manus
2074 1296 2428 1368 prastabant
2480 1301 2537 1353 et
2583 1300 2860 1353 mandata
2908 1300 3313 1371 perficiebant.
3367 1300 3583 1372 Regius
3632 1300 3943 1370 vicarius,

500 1393 623 1464 qui,
656 1391 1003 1463 imperatore
1031 1393 1090 1448 in
1128 1394 1412 1449 Orientem
1451 1410 1517 1450 ea
1552 1393 1674 1449 vice
1710 1392 1989 1464 profecto,
2030 1404 2149 1443 una
2196 1402 2330 1442 cum
2375 1387 2656 1457 magistro
2694 1394 2749 1443 et
2796 1389 3067 1460 praefecto
3118 1390 3279 1445 urbis
3329 1390 3388 1445 in
3434 1391 3575 1446 urbe
3626 1397 3944 1446 manserat

498 1484 555 1536 et
602 1480 725 1536 loco
771 1481 1138 1550 imperatoris
1186 1482 1521 1552 imperium,
1566 1482 1668 1537 sed
1721 1485 1782 1535 ut
1835 1476 2131 1539 subditus,
2179 1474 2713 1544 administraverat,
2756 1477 2807 1532 is
2860 1478 3083 1535 Baanes
3130 1488 3275 1545 erat,
3332 1480 3637 1551 patricius,
3695 1497 3939 1551 priapo-

502 1570 656 1624 situs
718 1569 1055 1625 sacellarius
1101 1587 1116 1637 ;
1167 1571 1343 1642 idque
1390 1587 1459 1626 ex
1505 1572 1745 1640 antiquo
1799 1569 2207 1638 imperatorum
2261 1581 2441 1630 more,
2493 1566 2593 1637 qui
2643 1568 2697 1620 in
2724 1575 2911 1622 castra
2968 1575 3241 1624 exeuntes
3301 1570 3614 1641 praeposito
3672 1569 3931 1641 quidem

499 1662 1061 1717 administrationem
1095 1661 1324 1732 imperii
1375 1662 1464 1717 sui
1504 1659 1912 1733 permittebant
1950 1664 2005 1713 et
2045 1656 2556 1721 commendabant,
2606 1658 2886 1729 magistro
2933 1662 3131 1714 autem
3179 1663 3237 1715 et
3287 1660 3554 1731 prefecto
3602 1660 3775 1715 urbis
3828 1676 3937 1717 cu-

498 1768 623 1807 ram
679 1751 864 1807 civilis
915 1752 1218 1822 regiminis
1275 1755 1332 1807 et
1393 1768 1587 1807 rerum
1655 1747 2079 1807 communium.
2131 1745 2361 1801 Reduce
2410 1744 2469 1800 in
2523 1746 2678 1802 hunc
2730 1748 2969 1803 modum
3023 1764 3053 1805 e
3100 1750 3308 1806 castris
3353 1750 3501 1806 facto
3543 1750 3934 1821 imperatore,

498 1842 919 1912 contingebant
970 1840 1308 1912 largitiones
1354 1842 1640 1913 plurimae,
1692 1845 1768 1909 et,
1820 1841 1991 1911 prout
2035 1836 2165 1907 ejus
2215 1834 2339 1890 ﬁeri
2390 1838 2637 1905 poterat,
2689 1835 3176 1907 impertiebautur
3224 1840 3373 1895 dona
3405 1848 3458 1896 et
3503 1840 3753 1912 praemia
3807 1846 3930 1896 tam

502 1931 643 1996 illis,
678 1931 779 2001 qui
812 1931 1160 2000 expeditioni
1192 1948 1325 1986 cum
1358 1932 1484 2003 ipso
1510 1930 1937 1997 interfuissent,
1961 1942 2138 1997 quam
2172 1924 2269 1995 qui
2292 1923 2449 1979 domi
2482 1940 2581 1979 seu
2610 1925 2668 1980 in
2713 1926 2857 1981 urbe
2889 1926 3268 1984 mansissent.

502 2022 724 2078 Reditus
762 2035 792 2075 θ
827 2024 1029 2101 rogato
1074 2021 1355 2101 TheOpIiili
1389 2023 1764 2101 imperatoris,
1806 2017 2153 2101 cum_§ara-—

567 2109 832 2149 canorum
876 2094 1131 2162 Cilicum,
1174 2094 1270 2164 qui
1307 2109 1336 2149 θ
1388 2096 1570 2158 Tarso,
1623 2109 1652 2148 e
1691 2093 2038 2164 Mopsuestia,
2083 2104 2153 2164 ea:

567 2166 897 2242 Adana,_c.c
930 2160 1226 2242 Irenapbli,
1272 2182 1344 2242 ea:
1383 2166 1668 2220 Anazarbo
1707 2160 2021 2219 etaliundc
2046 2160 2151 2242 ad-

569 2252 754 2291 versus
785 2239 966 2305 ipsum
1012 2238 1291 2292 coiverant
1358 2242 1408 2292 et
1456 2242 1918 2293 consurrexeranl
1971 2231 2151 2288 valida

572 2325 763 2377 manu,
806 2309 1027 2380 viginti
1049 2309 1231 2364 millia
1260 2308 1554 2364 cecidisset.

577 2469 823 2524 Rediens
848 2470 1047 2539 itaque
1076 2470 1409 2539 TheOphius
1432 2486 1462 2525 e
1495 2468 1669 2536 bello,
1696 2468 1851 2539 quod
1886 2466 1997 2535 ipsi
2020 2479 2151 2521 cum

499 2556 781 2625 Agarenis
824 2558 882 2611 in
925 2556 1121 2611 Cilicia
1158 2559 1366 2623 fuerat,
1410 2557 1665 2612 intrabat
1703 2556 1764 2610 in
1802 2554 2000 2610 urbem
2045 2554 2153 2610 hoc

500 2644 694 2698 modo.
738 2644 809 2699 Ut
851 2649 1189 2716 pervenerat
1230 2646 1286 2701 in
1334 2644 1615 2716 palatium
1654 2643 1879 2715 Hieriaa,
1920 2643 2155 2699 exibant

502 2732 573 2786 ad
604 2731 796 2801 ipsum
833 2750 900 2789 ex
932 2736 1075 2789 urbe
1111 2738 1378 2806 Augusta
1407 2742 1462 2789 et
1505 2734 1718 2806 Diepon
1761 2751 1862 2791 seu
1903 2734 2153 2792 vicarius

500 2820 657 2888 regni
708 2837 802 2890 per
842 2822 1211 2892 imperatoris
1252 2824 1579 2879 absentiam
1617 2824 2055 2881 administrator
2096 2826 2153 2879 et

501 2911 779 2982 magister
822 2916 879 2968 et
920 2914 1221 2985 prtefectus
1264 2915 1425 2970 urbis
1467 2918 1525 2970 et
1565 2917 1737 2984 totus,
1780 2915 1878 2986 qui
1927 2920 2050 2970 tum
2092 2914 2150 2969 in

494 2999 637 3054 urbe
679 2999 900 3066 aderat,
941 3007 1202 3067 senatus,
1254 3002 1474 3056 relictis
1526 3001 1686 3056 intus
1740 3001 2005 3057 exarchis
2047 3017 2148 3057 seu

496 3089 779 3158 praefectis
809 3095 1132 3159 tagmatum
1166 3105 1267 3159 pro
1297 3090 1457 3144 urbis
1489 3090 1774 3145 custodia.
1811 3092 1878 3145 Et
1908 3095 2146 3147 senatus

494 3176 755 3247 quidem,
781 3182 846 3231 ut
870 3194 1074 3247 parum
1097 3179 1296 3233 aberat
1320 3178 1636 3248 imperator
1657 3196 1691 3233 a
1715 3178 1950 3248 palatio,
1981 3178 2146 3234 humi

495 3267 799 3334 procidens
830 3268 1103 3323 adorabat
1132 3284 1299 3337 eum;
1334 3274 1595 3340 Augusta
1636 3285 1770 3325 vero
1809 3271 2151 3326 occurrebat

2183 2019 2228 2083 Β
2256 2014 2364 2105 ἨΛ
2390 2010 2523 2105 dum}.
2572 2019 2703 2105 105"
2749 2017 3023 2105 φοσσάτου
3110 2019 3217 2090 (40)
3256 2090 3268 2105 ‘
3295 2016 3561 2105 ἐπάνοδος
3643 2020 3927 2105 Θεεοῖνίλοξι

2336 2083 2632 2211 ἓασιλέως,
2674 2083 2770 2141 ὅτε
2825 2087 3064 2157 ἐνίκησεν
3117 2083 3280 2145 ’κατᾶ
3346 2092 3545 2163 κράτος
3614 2083 3781 2153 τοὺς’
3817 2093 3922 2146 ἀπὸ

2390 2153 2590 2211 ιλικίας
2694 2158 3251 2211 στρατοπεδεύσαντας
3327 2164 3440 2211 κατ’
3516 2164 3694 2211 αὐτοῦ
3783 2166 3922 2211 Tum

2390 2153 2590 2235 ιλικίας
2623 2153 3282 2239 ⁷ΠστρατοπεὲξεύσανταςΔ
3310 2153 3440 2239 ,κατ’
3516 2153 3725 2239 ciu-cog
3783 2166 3924 2239 Ταρ·

2339 2226 2463 2307 sicut
2468 2248 2514 2294 ς,
2636 2226 2965 2307 ομξψονεστ
2976 2232 3112 2307 ίτας2
3238 2230 3400 2290 Ἀδαν
3411 2235 3541 2307 ίτας,
3659 2226 3926 2307 Εἲρηνοῦ-

2332 2297 2563 2425 ’ξολ-ἔτας
2588 2378 2598 2393 ν
2624 2297 2756 2375 (41))
2788 2297 2797 2303 ’
2834 2301 3273 2377 Ἀπαζαρϐήτας,
3331 2307 3422 2360 καὶ
3504 2297 3768 2379 λοιποὺς,
3796 2297 3809 2306 ’
3834 2330 3923 2386 χι.

2380 2392 2430 2425 ια
2470 2391 2528 2425 ας
2552 2393 2584 2425 κ
2604 2414 2618 2425 .

2380 2378 2528 2433 ιάδας
2552 2378 2618 2428 κ’.

2338 2458 2761 2523 Ἐπανελθόντος
2806 2463 2988 2517 τοίνυν
3032 2466 3302 2542 Θεοφίλου
3345 2470 3442 2521 τοῦ
3486 2465 3769 2540 βασιλέως
3820 2468 3920 2523 ἀπὸ

2262 2552 2359 2602 τοῦ
2400 2550 2652 2622 πολέμου
2683 2555 2791 2606 τῶν
2842 2552 2947 2608 ἀπὸ
2999 2554 3247 2617 Κιλικίας
3305 2557 3423 2611 κατ’
3471 2557 3641 2610 αὐτοῦ
3694 2579 3923 2631 στρατο-

2262 2637 2634 2696 πεδευσάντων
2692 2643 3030 2718 ’Δγαρηνῶν,
3086 2646 3299 2721 ἐγένετο
3357 2650 3391 2716 ἡ
3444 2649 3581 2721 πρὸς
3610 2651 3716 2717 τήν
3762 2651 3919 2722 βασι-

2263 2727 2526 2784 λεύουσαν
2576 2728 2740 2785 πόλιν
2800 2730 3009 2795 εἱσοδος
3064 2734 3229 2791 αὐτοῦ
3275 2737 3527 2806 τοιαύτη,
3598 2738 3914 2801 Φθάσαντος

2261 2816 2426 2872 αὐτοῦ
2483 2817 2535 2873 ἐν
2582 2825 2651 2893 τῇ
2702 2820 2911 2892 Ἰερείᾳ,
2961 2821 3181 2893 ἐξῆλθεν
3238 2827 3272 2893 ἡ
3320 2824 3609 2899 Αὐγούστα
3648 2826 3760 2881 ἀπὸ
3816 2834 3909 2895 τῆς

2261 2904 2477 2969 πόλεως
2509 2908 2660 2962 καὶὸ
2704 2906 2904 2965 διέπων
2938 2910 3028 2966 σὺν
3079 2917 3158 2985 τῷ
3192 2916 3477 2989 μαγίστρῳ
3531 2916 3626 2970 καὶ
3668 2919 3752 2988 τῷ
3808 2916 3895 2972 ἐπ-

2261 2996 2421 3070 άρχῳ
2468 3002 2565 3064 τῆς
2622 2995 2862 3071 πόλεως,
2912 3001 3002 3055 καὶ
3060 3003 3095 3070 ἡ
3146 3002 3198 3057 ἐν
3255 3007 3324 3077 τῇ
3383 3004 3544 3059 πόλει
3598 3006 3889 3083 σύγκλητος

2262 3084 2461 3148 ἅπασα,
2519 3085 2883 3158 παρεάσαντες
2933 3089 3060 3153 τοὺς
3115 3094 3222 3145 τῶν
3276 3093 3571 3166 ταγμάτων
3645 3093 3899 3169 ἐξάρχους

2260 3169 2336 3231 εἷς
2389 3168 2638 3249 φυλακὴν
2677 3181 2776 3243 τῆς
2835 3176 3071 3241 πόλεως.
3133 3179 3234 3235 Καὶ
3300 3182 3333 3249 ἡ
3415 3181 3511 3253 μὲν
3601 3168 3906 3257 σύγκλήτος

2261 3260 2578 3331 ὑπήντησαν
2609 3268 2687 3336 τῷ
2727 3265 2945 3340 βασιλεῖ
2985 3270 3060 3332 ὡς
3110 3270 3214 3324 ἀπὸ
3278 3268 3649 3346 διαστήματος
3712 3278 3906 3349 μικροῦ

494 3353 628 3423 ipsi,
672 3363 733 3410 ut
775 3356 943 3410 modo
982 3372 1050 3412 ex
1082 3374 1225 3428 equo
1275 3358 1676 3426 descenderat,
1714 3357 1870 3413 intra
1908 3360 2137 3416 cancel-

2263 3351 2366 3426 πρὸ
2398 3357 2496 3407 τοῦ
2529 3354 2724 3429 φθάσαι
2779 3356 2857 3418 εἰς
2896 3360 2958 3412 τὸ
3007 3358 3298 3428 παλάτιον,
3322 3360 3411 3415 καὶ
3453 3362 3708 3426 πεσόντες
3740 3384 3905 3436 προσ-

494 3441 616 3497 lum
653 3443 1120 3500 chammtriclinii
1173 3463 1273 3501 seu
1331 3446 1573 3501 triclinii
1623 3446 1866 3503 humilis
1912 3452 1971 3504 et
2019 3449 2144 3505 solo

492 3532 765 3602 proximi,
781 3538 839 3589 et
851 3535 1096 3591 adorans
1118 3534 1310 3607 ipsum
1327 3551 1458 3590 cum
1476 3534 1673 3593 osculo
1698 3536 2144 3593 beneventabat.

491 3620 813 3693 Imperator
858 3623 993 3679 dein
1044 3624 1377 3691 mandabat,
1430 3628 1496 3679 ut
1545 3630 1785 3681 senatus
1834 3642 2035 3682 secum
2084 3627 2143 3681 in

490 3710 679 3765 Hieria
716 3727 820 3767 seu
862 3711 1063 3767 Hieriae
1119 3713 1363 3783 palatio,
1425 3713 1583 3769 velut
1632 3715 1691 3769 in
1729 3731 1998 3787 processu
2042 3732 2143 3772 seu

492 3799 868 3855 rusticatione
896 3801 1250 3869 suburbana,
1277 3800 1335 3855 in
1358 3803 1690 3873 septiduum
1712 3810 1927 3875 ageret,
1961 3805 2144 3862 donec

490 3890 886 3959 Agarenorum
918 3888 1070 3945 bello
1102 3895 1406 3961 captorum
1445 3907 1724 3948 numerus
1763 3895 2143 3963 compedibus

492 3974 757 4047 illigatus
801 3977 1128 4035 advenisset
1170 3983 1277 4045 ;et
1316 3983 1381 4034 ut
1429 3986 1768 4037 senatorum
1820 3998 2025 4038 uxores
2077 3999 2146 4038 ex

490 4066 635 4120 urbe
682 4067 887 4121 eodem
932 4066 1308 4123 convenirent
1367 4070 1752 4140 Augustusque
1803 4070 2139 4125 sodalitium

491 4158 853 4226 praestarent.
886 4157 1004 4218 Quo
1040 4156 1209 4221 facto,
1244 4154 1493 4224 septimo
1533 4156 1626 4211 die
1668 4160 1795 4225 post
1832 4159 2142 4216 excedebat

489 4259 559 4298 ex
600 4244 803 4308 Hieria,
846 4247 902 4298 et
954 4242 1335 4297 transferebat
1373 4259 1433 4297 se
1494 4261 1596 4311 per
1644 4246 1851 4300 fretum
1909 4248 1968 4301 in
2011 4248 2139 4303 navi

490 4330 562 4384 ad
613 4330 673 4385 S.
722 4330 1027 4385 Mamantis
1076 4328 1380 4400 palatium,
1433 4332 1490 4387 in
1536 4349 1647 4403 quo
1690 4334 1955 4390 triduum
2005 4353 2138 4392 cum

489 4420 693 4473 senatu
726 4416 1009 4489 exigebat.
1043 4418 1184 4475 Inde
1209 4434 1409 4478 rursus
1451 4424 1770 4495 enavigans
1810 4424 2139 4497 appellebat

491 4505 563 4561 ad
614 4506 959 4563 Blachernas
999 4533 1013 4576 ;
1056 4509 1203 4567 τοι
1275 4525 1666 4584 egressusque
1715 4514 1995 4571 dromone
2045 4514 2137 4570 in-

489 4595 797 4653 scendebal
844 4597 901 4653 in
944 4614 1163 4670 equum
1206 4616 1220 4668 ;
1263 4600 1320 4656 in
1363 4618 1477 4674 quo
1522 4603 1675 4659 intra
1713 4620 1947 4660 murum
1990 4608 2140 4660 exte-

2258 3440 2413 3511 εκύνη
2430 3462 2545 3501 σαν.
2581 3448 2644 3498 ἸΙ
2702 3442 2760 3499 δὲ
2805 3447 3092 3522 Αὖγούστα
3138 3447 3292 3503 ἔνδον
3329 3455 3423 3505 τοῦ
3456 3451 3771 3525 καγκέλλου
3810 3459 3904 3509 τοῦ

2265 3531 2740 3606 χαμαιτρικλίνου
2791 3539 2983 3590 τοῦτον
3075 3539 3377 3610 ὑπήντησεν
3456 3535 3720 3595 ἀποϐάντι
3809 3546 3905 3597 τοῦ

2254 3619 2452 3689 Ἵππου,
2512 3623 2603 3676 καὶ
2652 3628 3070 3698 προσκυνήσασα
3125 3634 3315 3685 τοῦτον
3375 3632 3676 3699 ἠσπάσατο·
3740 3632 3768 3686 ὁ
3845 3629 3901 3687 δὶ

2260 3708 2515 3784 βασιλεὺς
2573 3708 2865 3787 διωρίσατο
2919 3715 2995 3778 ὡς
3045 3715 3131 3771 ἐπὶ
3185 3718 3487 3793 προκὲνσου
3532 3722 3629 3787 τὴν
3660 3722 3898 3795 σύγκλη-

2251 3819 2343 3853 τον
2388 3796 2587 3875 διάγειν
2640 3800 2732 3855 σὺν
2783 3805 2934 3877 αὐτῷ
2994 3804 3045 3860 ἐν
3099 3810 3166 3881 τῇ
3212 3810 3400 3882 Ἰερείᾳ
3434 3811 3629 3884 μέχρις
3674 3814 3895 3885 ἡμερῶν

2253 3888 2405 3958 ἑπτὰ,
2430 3891 2579 3952 ὅπως
2598 3892 2687 3946 καὶ
2719 3893 2775 3946 οἱ
2801 3889 3016 3967 δέσμιοι
3036 3900 3144 3951 τῶν
3167 3896 3549 3972 αἰχμαλώτων
3570 3900 3888 3973 ’Δγαρηνῶν

2252 3978 2547 4050 φθάσωσιν.
2597 3979 2877 4037 Ἐκὲλευσε
2935 3981 2992 4039 δὲ
3045 3984 3134 4039 καὶ
3181 3987 3276 4048 τὰς
3316 3993 3575 4063 γυναῖκας
3620 3994 3727 4043 τῶν
3760 4010 3885 4064 συγ·

2249 4064 2528 4137 κλητικῶν
2586 4068 2903 4139 ἐξελθούσας
2969 4080 3070 4143 τῆς
3126 4074 3345 4138 πόλεως
3413 4073 3615 4151 διάγειν
3680 4077 3771 4131 σὺν
3814 4082 3883 4153 τῇ

2251 4155 2540 4233 Axi-{063m
2580 4158 2771 4217 ἐκεῖσε.
2805 4160 2953 4217 Μετὰ
2983 4160 3039 4218 δὲ
3068 4164 3169 4234 τήν
3213 4160 3455 4238 ἑϐδόμην
3506 4168 3713 4242 ἡμέραν
3743 4166 3883 4224 ἄπο-

2248 4243 2486 4309 πλεύσας
2523 4252 2628 4302 τῶν
2681 4248 2853 4305 ἐκεῖσε
2900 4250 3065 4321 ἦλθεν
3114 4254 3188 4315 εἰς
3224 4255 3315 4311 τὸν
3363 4258 3555 4331 ’Ἅγιον
3595 4258 3881 4330 Μάμαντα,

2248 4335 2337 4387 καὶ
2392 4333 2640 4406 ἐποίησεν
2691 4340 2803 4411 ἅμα
2855 4344 2922 4414 τῇ
2971 4341 3263 4417 συγκλήτῳ
3310 4344 3522 4419 ἡμέρας
3554 4347 3619 4422 γ“.
3665 4348 3799 4404 ’Δπὸ
3827 4346 3881 4405 δὲ

2246 4427 2353 4477 τῶν
2413 4425 2583 4482 ἐκεῖτε
2641 4425 2969 4494 διαπλεύσας
3037 4429 3257 4511 ἔφθασεν
3301 4434 3353 4489 ἐν
3408 4435 3766 4512 Βλαχέρναις,
3795 4440 3881 4494 καί

2248 4512 2475 4584 ἐξελθὼν
2503 4522 2599 4572 τοῦ
2658 4516 2929 4593 δρόμονος
2963 4519 3157 4587 ἐπιϐὰς
3200 4523 3359 4599 ’ίππῳ
3400 4524 3492 4581 διὰ
3523 4532 3621 4583 τοῦ
3651 4524 3752 4600 ἔξω
3779 4530 3884 4585 τεί-

2250 4621 2385 4679 χους
2433 4604 2598 4674 ἦλθεν
2656 4608 2733 4672 εἰς
2779 4611 2878 4679 τὴν
2925 4616 3444 4687 πρὸετοιμασθεῖσαν
3504 4616 3702 4693 κόρτην
3730 4616 3782 4674 ἐν
3808 4624 3883 4691 τῷ

1553 4728 1747 4786 JOAN.
1774 4729 1919 4788 JAC.
1948 4731 2207 4789 REISKII
2238 4731 2824 4793 COMMENTARIUS.

558 4856 670 4949 ςρο)
699 4856 824 4949 ἒξοη
860 4857 1061 4940 dubito
1093 4862 1385 4943 auctorem
1418 4866 1687 4949 Nostrum
1720 4863 1790 4919 de
1821 4863 1923 4949 illa
1945 4880 2124 4949 expe-

2263 4865 2583 4949 ctscavo'ion
2628 4870 2736 4923 τῶν
2781 4868 2976 4949 δῄμων
3019 4870 3368 4931 ἐπιϐοώντων
3415 4899 3427 4910 ·
3463 4876 3658 4943 Καλῶς
3698 4878 3877 4948 ἦλθες.

487 4926 708 5005 άὶιφρθ
740 4926 923 5005 loqui,
958 4946 1135 5001 quam
1155 4930 1279 5005 ipsi
1310 4948 1541 5005 quoque
1560 4936 1814 4991 Arabum
1844 4926 2131 5005 historici,

490 5005 551 5055 ut
582 4999 923 5055 Elmacinus
966 4999 1094 5067 pag.
1144 5002 1265 5062 142,
1299 4999 1355 5057 et
1397 4999 1683 5061 Abult‘cda
1730 5008 1797 5061 ad
1844 5012 1909 5061 A.
1946 5008 2006 5064 C.
2038 4999 2139 5063 838

490 5017 551 5055 ut
584 5017 923 5055 Elmacinus
966 5018 1033 5067 pa
1084 5043 1094 5054 .
1144 5017 1265 5062 ΜΖ,
1299 5017 1355 5057 et
1397 5017 1683 5061 Abutt’eda
1730 5017 1797 5061 ad
1844 5017 1909 5061 A.
1946 5017 2006 5064 υ.
2038 5017 2139 5063 838

488 5070 808 5149 celebrapt,
861 5071 998 5149 (vid.
1037 5017 1237 5149 icon.
1287 5074 1607 5149 Grammat.
1660 5078 1889 5149 p.453,
1938 5084 1995 5134 et
2033 5079 2141 5149 Sy-

490 5158 680 5218 meon.
717 5143 1261 5218 Logo'thetLAnnal.
1298 5161 1350 5213 p.
1387 5146 1535 5215 1141,)
1567 5143 1683 5217 qua
1711 5148 2009 5218 Zapetram
2050 5143 2137 5207 vel

489 5214 863 5287 Sozopetram
901 5219 957 5270 et
984 5215 1098 5271 alia
1126 5218 1498 5287 expugnavit,
1520 5214 1631 5272 sed
1665 5214 1921 5275 vicissim
1956 5223 2036 5275 ita
2078 5221 2136 5277 in

489 5286 635 5341 iram
668 5287 982 5359 concitavit
1011 5286 1353 5359 Chalipbam
1379 5290 1794 5359 Bagdadicum,
1820 5291 2139 5348 Almotase-

489 5374 677 5431 mum,
709 5358 1071 5413 Almamonis
1098 5360 1333 5431 fratrem
1361 5367 1418 5415 et
1441 5358 1861 5431 successorem,
1888 5366 1950 5417 ut
1972 5363 2136 5418 bien-

489 5428 584 5501 pio
618 5436 767 5499 post,
801 5445 1009 5501 nempe
1040 5432 1105 5485 A.
1140 5430 1201 5486 C.
1226 5432 1352 5495 838.
1378 5428 1855 5489 numerosissime
1887 5434 2134 5491 exercitu

487 5499 826 5556 Romaniam
860 5499 1184 5567 invaderet,
1218 5509 1274 5558 et
1311 5505 1604 5560 Amorium
1637 5506 1871 5560 deleret.
1906 5505 2137 5561 Trium-

531 5569 669 5623 hum
703 5572 813 5627 hoc
843 5572 1030 5641 capite
1076 5579 1405 5630 enarratum
1447 5576 1697 5631 breviter
1736 5576 1820 5632 sic
1861 5578 2134 5632 describit

487 5586 669 5691 gnum
703 5586 813 5627 hoc
843 5586 1030 5641 capite
1076 5586 1405 5630 enarratum
1449 5586 1697 5631 breviter
1736 5586 1820 5632 sic
1861 5586 2133 5632 describit

488 5654 695 5734 Δεξιρο
754 5643 767 5695 |
852 5658 902 5696 c.
940 5660 978 5731 ἱε
1038 5641 1272 5729 Ἐκεῖθεν
1332 5646 1384 5716 [e
1428 5648 1618 5734 ΑΒςγιῑι]
1679 5645 1769 5734 εἷς⁵
1812 5645 2133 5734 τὴνηπόλιν

486 5708 814 5780 ἀφικόμενος
870 5711 956 5763 καὶ
1016 5714 1078 5765 τὸ
1138 5708 1352 5787 πρῶτον
1428 5708 1878 5791 βαΐόν”παίξας,’
1932 5718 2130 5787 ἅρματι

491 5774 668 5848 λευκῷ
725 5776 1139 5855 ἕποχησάμενος
1197 5788 1287 5840 καὶ
1354 5787 1419 5842 τὰ
1486 5787 1698 5868 λάρυρα
1768 5786 2131 5866 θριαμϐεύσας

2386 4955 2536 5018 2‘9"}
2566 4941 2923 5018 φακτιογάρὴο

2242 4935 2343 4989 alo-5

2250 4958 2536 5063 IO’DZXPLTE
2566 4958 2923 5018 φακτιοναρη.

2250 5080 2262 5093 .
2320 5010 2337 5080 (
2384 5011 2436 5093 1)
2486 5012 2571 5067 Ita
2623 5016 2976 5093 menbranaa.
3038 5017 3363 5093 Irenopolin
3407 5022 3739 5093 designant,
3788 5025 3879 5081 sed

2247 5087 2533 5163 incertum
2566 5100 2760 5163 quam,
2800 5087 3038 5163 illumne
3074 5087 3307 5159 Ciliciae,
3351 5087 3878 5151 Ncron‘iadcm'alias

2250 5153 2487 5236 dictum,
2515 5153 2793 5236 aquilam
2837 5158 3091 5236 Isauriae,
3136 5179 3210 5218 an
3248 5153 3497 5236 denique
3547 5165 3793 5221 Mcdinat
3822 5182 3877 5223 ac

2246 5223 2485 5310 Saiami,
2544 5226 2799 5310 (Med-ina
2827 5231 2983 5310 Coeli,
3008 5223 3507 5310 ut'cognomiriem
3530 5236 3590 5291 iu
3612 5237 3878 5310 Hispania

2246 5295 2744 5380 vulgpsmostrate
2770 5295 3073 5380 appellat.)
3105 5295 3244 5380 urbs
3278 5308 3435 5380 pacis
3466 5327 3481 5375 ;
3516 5325 3631 5380 quo
3654 5295 3875 5366 ndmine

2246 5365 2604 5449 Bagdadum,
2655 5365 2963 5449 capitalem
3011 5365 3349 5449 A'ssyrie'et
3387 5365 3613 5449 imperii
3652 5365 3875 5437 Saraceé

2246 5436 2357 5517 nici
2416 5436 2742 5512 scriptores
2787 5444 2966 5501 (Ξτωοί
3027 5453 3083 5503 et
3126 5436 3359 5505 Ἀναδἱοὶ
3405 5436 3719 5506 celebrant.
3768 5436 3872 5523 Ego

2246 5508 2477 5590 quidem
2512 5513 2581 5567 de
2623 5514 3055 5590 hac_postrema
3096 5525 3233 5590 puto
3274 5520 3368 5575 hic
3408 5520 3516 5576 loci
3552 5538 3870 5579 sermonem

2287 5578 2389 5658 eri,
2424 5585 2691 5658 quamvis
2707 5578 2914 5642 vicinia
2933 5578 3285 5658 reliquarum
3312 5592 3539 5647 urbium
3560 5593 3654 5649 hic
3671 5578 3872 5650 meme?

2244 5653 2525 5733 tatarum,
2558 5654 2963 5733 Mopsuhestiae
3004 5653 3089 5733 vel
3132 5662 3407 5729 Massisaa,
3451 5665 3688 5729 Adams,
3718 5666 3866 5720 Ana-

2241 5723 2421 5805 zarbi.
2454 5723 2875 5805 Tarsi,'Cilici_te
2918 5732 3115 5802 totius,
3155 5734 3346 5805 potius
3382 5723 3644 5793 indicare
3676 5723 3864 5792 Ἰτουο-

2240 5793 2417 5869 polim
2452 5793 2716 5856 Cilissam
2749 5801 3029 5861 videatur.
