4120 6306
456 414 573 475 959

1539 403 2062 466 CONSTANTINI
2099 400 2795 464 POBPHYROGENITI

3777 402 3940 463 960

454 547 698 604 ﬂoribus
729 544 917 614 indui,
948 541 1210 600 coronari
1256 544 1314 596 et
1365 536 1669 594 illustrari.
1721 535 2001 590 Militibus
2040 535 2099 591 in

2221 535 2426 607 Καῖσαρ
2449 531 2698 610 ἐφόρεσεν
2736 538 2973 611 χρυσοῦν
3018 532 3297 592 κλιϐάνιον
3345 534 3438 592 σὺν
3498 536 3928 610 μανικελλίων

449 635 751 706 triumpho
784 634 986 689 urbem
1016 629 1317 702 ingressis,
1349 627 1698 695 exsurgebat
1729 625 2047 696 imperator
2077 640 2108 679 e

452 729 630 792 corte,
662 724 901 778 indutus
933 719 1131 775 tunica
1157 733 1299 772 auro
1331 718 1605 787 pertexta,
1629 714 1783 770 loros
1832 712 2103 780 habente,

452 813 682 886 qualem
714 809 1107 876 rhodobotryn
1131 807 1257 877 [seu
1283 804 1607 874 rosuveam]
1631 801 1945 875 appellant,
1978 819 2104 874 spa.

448 902 610 957 tham
642 899 713 954 ad
746 898 902 952 latus
937 896 1156 951 habens
1206 911 1237 950 e
1283 892 1519 964 cingulo
1570 892 2017 963 dependentem,
2047 897 2106 948 et

449 993 508 1048 in
540 992 732 1062 capite
754 989 965 1044 tiaram
991 1004 1117 1057 seu,
1141 992 1204 1042 ut
1226 986 1456 1059 vulgari
1486 1001 1757 1041 sermone
1787 984 2102 1056 appellant,

444 1082 669 1144 tufam;
719 1094 905 1149 eoque
936 1078 992 1132 in
1045 1081 1327 1149 apparatu
1378 1074 1756 1131 inscendebat
1794 1074 1852 1128 in
1886 1089 2103 1145 equum

445 1168 784 1235 candidum,
829 1165 924 1220 cui
976 1165 1227 1237 phalerae
1275 1163 1661 1234 stragulisque
1699 1166 2004 1234 gemmatis
2035 1163 2105 1217 de

441 1258 765 1315 cervicibus
811 1264 866 1328 et
904 1257 1077 1312 dorso
1129 1252 1552 1325 dependebant,
1588 1253 1646 1308 in
1679 1269 1792 1323 quo
1825 1252 2104 1323 provehe-

447 1349 643 1417 batur,
678 1347 878 1402 dextra
912 1360 1089 1400 manu
1122 1347 1418 1414 sceptrum
1451 1357 1682 1413 gerens.
1709 1342 1816 1406 Qui
1850 1342 1920 1397 ad
1950 1340 2105 1397 latus

445 1437 562 1508 ipsi
591 1434 894 1506 equitabat
925 1433 1136 1499 Caesar,
1171 1430 1431 1502 [Atexius
1476 1429 1694 1496 Moseli,
1725 1446 1900 1501 gener
1929 1429 2104 1500 ejus,]

446 1525 627 1580 etiam
660 1524 718 1578 in
753 1539 902 1595 equo
935 1521 1183 1576 candido
1232 1519 1544 1591 gemmatis
1578 1517 1831 1587 phaleris
1863 1516 2102 1584 illustri,

446 1616 683 1688 gerebat
713 1628 954 1684 corpore
1000 1611 1241 1666 loricam
1288 1623 1545 1674 auream,
1595 1605 1850 1661 armillas
1899 1621 2104 1662 aureas

444 1703 508 1758 in
542 1701 836 1768 manibus,
871 1699 1209 1771 podopsella
1243 1713 1344 1751 seu
1375 1694 1647 1768 genualia
1681 1710 1855 1751 aurea
1881 1695 1941 1749 in
1973 1711 2102 1749 cru-

448 1792 628 1859 ribus,
663 1789 722 1845 in
753 1788 942 1861 capite
971 1786 1256 1842 cassidem
1285 1801 1418 1840 cum
1459 1783 1686 1855 capitali
1733 1799 1836 1838 seu
1867 1783 2102 1840 redimi-

446 1882 579 1940 culo
612 1896 804 1951 aureo,
861 1880 934 1934 ad
983 1878 1135 1933 latus
1195 1877 1486 1948 spatham,
1516 1879 1572 1930 et
1601 1875 1661 1929 in
1691 1875 1891 1930 dextra
1925 1890 2100 1929 manu

446 1972 672 2028 hastam
705 1984 963 2024 auream.
989 1968 1074 2021 Ad
1098 1967 1367 2039 exiguam
1391 1965 1463 2019 ab
1487 1971 1679 2020 Aurea
1701 1969 1868 2035 porta
1888 1964 2107 2018 distan-

447 2062 592 2116 tiam
616 2059 845 2115 delatus
866 2057 1256 2112 descendebat
1280 2055 1596 2126 imperator
1621 2069 1690 2108 ex
1719 2070 1889 2125 equo,
1927 2053 2108 2122 proci-

445 2150 621 2206 debat
652 2147 841 2218 humi,
878 2146 1040 2202 vultu
1093 2145 1164 2200 ad
1215 2143 1496 2200 orientem
1549 2159 1849 2208 converso,
1882 2146 1938 2198 et
1965 2143 2106 2197 ado-

446 2239 616 2294 rabat
647 2240 827 2292 Deum
861 2240 968 2292 ter.
993 2235 1214 2290 Deinde
1245 2248 1559 2305 resurgens
1591 2249 1795 2288 rursus
1825 2247 2105 2288 conscen-

447 2328 622 2382 debat
668 2341 907 2398 equum,
964 2329 1021 2380 et
1078 2323 1164 2379 sic
1221 2323 1457 2378 tandem
1487 2321 1748 2376 intrabat
1777 2321 1840 2376 in
1872 2335 2105 2376 auream

446 2420 701 2487 portam.
741 2414 847 2470 Per
875 2413 1043 2483 cujus
1092 2427 1332 2483 magnas
1385 2409 1606 2466 medias
1638 2409 1834 2466 valvas
1864 2407 2108 2464 intranti

448 2503 792 2570 efferebant,
827 2501 1106 2571 magister
1135 2506 1192 2554 et
1219 2499 1431 2570 diepon
1462 2515 1560 2554 seu
1594 2497 1848 2554 vicarius
1879 2497 2107 2569 imperii

443 2591 890 2648 administrator
921 2597 974 2644 et
1007 2589 1310 2660 praefectus
1342 2587 1506 2642 urbis
1539 2602 1774 2642 auream
1807 2602 2105 2655 coronam,

451 2679 705 2752 gemmis
735 2683 792 2734 et
823 2677 1151 2750 margaritis
1173 2676 1370 2748 magni
1395 2675 1563 2749 pretii
1597 2680 1898 2736 ornatam:
1931 2691 2107 2747 quam

452 2773 764 2841 acceptans
815 2769 1018 2823 dextro
1067 2783 1175 2822 suo
1228 2766 1468 2823 brachio
1508 2765 2006 2836 circumponehat.
2039 2765 2110 2820 Et

452 2859 722 2930 protinus
767 2857 1163 2913 obventabant
1220 2856 1333 2928 ipsi
1391 2855 1671 2912 factiones
1731 2855 1886 2910 haud
1917 2854 2108 2925 aliter,

451 2963 632 3020 quam
664 2947 720 3002 in
752 2945 1222 3018 processionibus
1267 2944 1494 3000 dierum
1547 2945 1824 2999 festorum
1857 2942 1982 2997 ﬁeri
2014 2958 2107 2997 so-

446 3037 550 3102 let,
583 3035 911 3092 accinentes
945 3034 1197 3106 hymnos
1230 3031 1634 3103 triumphales.
1664 3031 1803 3086 Inde
1835 3035 2110 3103 pergente

448 3127 798 3194 imperatore
845 3140 946 3193 per
991 3124 1180 3194 sigma
1235 3130 1290 3177 et
1347 3121 1616 3193 plateam,
1670 3137 1794 3192 quae
1827 3121 1897 3176 ad
1930 3121 2108 3177 eadem

449 3212 651 3268 Sancti
677 3210 843 3267 Mocii
875 3211 1058 3280 ducit,
1083 3226 1271 3282 usque
1292 3212 1361 3265 ad
1388 3209 1660 3275 millium,
1683 3209 2108 3266 descendebant

2215 623 2306 677 καὶ
2357 619 2721 696 ποδοψέλλων
2768 623 2858 678 καὶ
2906 625 3082 680 αὐτῶν
3126 629 3369 701 χρυσῶν,
3417 625 3610 701 βαλὼν
3659 624 3759 681 ἐπὲ
3794 633 3932 695 τῆς

2215 711 2460 790 κεφαλῆς
2507 712 2672 767 αὐτοῦ
2720 713 2810 766 καὶ
2859 711 3050 768 κασίδα
3080 713 3172 769 σὺν
3210 713 3618 788 περικεφαλαίᾳ
3670 718 3927 790 χρυσῇ,

2218 806 2527 875 ζωσάμενος
2586 801 2674 857 καὶ
2742 802 2987 872 σπαθξον,
3059 799 3247 866 ἐπιϐάς
3327 805 3418 860 καὶ
3487 805 3658 867 αὐτὸς
3729 803 3922 877 ἵππῳ

2216 893 2425 966 ὁμοίως
2459 893 2637 963 λευκῷ
2678 889 2769 946 σὺν
2800 893 3046 970 χιώματι
3099 889 3373 948 διαλίθου.
3399 890 3639 950 Ἔλαϐεν
3676 891 3744 948 δὲ
3795 895 3916 950 καὶ

2213 985 2282 1055 τῇ
2350 980 2499 1056 χειρὶ
2560 978 2778 1055 λόγχην
2841 985 3066 1055 χρυσᾶν’
3122 985 3315 1057 μικρὸν
3374 981 3432 1038 δὲ
3482 990 3586 1053 τῆς
3659 983 3915 1057 πόρτης

2215 1069 2506 1147 πεφθακὼς
2561 1071 2670 1141 (44)
2709 1064 2912 1140 κατέϐη
2971 1075 3066 1125 τοῦ
3117 1069 3291 1126 ’ίππου
3361 1073 3389 1126 ὁ
3451 1071 3751 1142 βασιλεὺς,
3791 1075 3904 1128 καὶ

2213 1155 2398 1214 ἔπεσεν
2439 1155 2576 1231 πρὸς
2635 1156 2906 1220 ἀνατολὰς
2965 1161 3346 1234 προσκυνήσας
3394 1159 3600 1234 τρίτον.
3631 1161 3761 1217 Εἶθ’
3793 1160 3907 1215 οῦ-

2215 1269 2322 1310 τως
2355 1247 2585 1309 ἀναστὰς
2615 1241 2782 1318 ἐπέϐη
2831 1251 2910 1319 τῷ
2949 1247 3122 1321 ἳππῳ.
3169 1250 3270 1306 Καὶ
3307 1249 3694 1328 εἰσερχομὲθῳ
3727 1250 3904 1323 αὐτῷ

2213 1338 2311 1406 την
2366 1335 2611 1413 μεγάλην
2671 1338 2893 1408 Χρυσῆν
2945 1337 3171 1412 πόρταν,
3209 1341 3588 1414 προσήνεγκαν
3637 1338 3812 1412 αὐτῷ
3868 1343 3900 1396 6

2217 1427 2517 1500 μάγιστρος
2549 1425 2640 1480 καὶ
2672 1426 2700 1479 6
2757 1422 2956 1481 διέπων
3009 1427 3100 1482 καὶ
3130 1429 3159 1482 6
3205 1423 3448 1504 ἔπαρχος
3505 1435 3610 1499 τῆς
3645 1429 3900 1490 πόλεως

2215 1519 2454 1590 χρυσοῦν
2498 1513 2754 1588 στέφανον
2784 1516 3281 1590 κατεσκευασμένον
3321 1515 3383 1572 ἐκ
3438 1515 3612 1581 λίθων
3662 1517 3895 1591 τιμίων

2212 1604 2300 1660 καί
2338 1605 2631 1680 μαργάρων
2661 1601 3003 1677 πολυτίμων,
3037 1606 3095 1660 ὅν
3134 1607 3224 1661 καὶ
3281 1602 3589 1680 λαϐόμενος
3633 1609 3666 1662 6
3723 1609 3900 1682 βισι-

2214 1693 2364 1762 λεὺς,
2412 1693 2660 1772 ἐφόρεσεν
2708 1693 2866 1749 αὐτὸν
2916 1692 3002 1750 ἐπὶ
3059 1699 3161 1750 τοῦ
3211 1693 3384 1769 δεξιοῦ
3421 1696 3752 1772 βραχίονος,
3787 1696 3896 1752 καὶ

2213 1782 2364 1845 εὐθὺς
2409 1784 2474 1838 τὰ
2508 1783 2646 1858 μέρη
2697 1782 2860 1838 αὐτὸν
2908 1783 3218 1854 ὒπήντησαν
3269 1784 3620 1861 ἐμπράττως,
3667 1787 3752 1850 ὡς
3784 1787 3894 1842 ἐπὶ

2213 1872 2540 1946 ἒορτασίμου
2607 1873 2929 1947 προκένσου,
3000 1873 3369 1952 εὐφημοῦντες
3439 1874 3708 1931 ἐπινίκια.
3777 1878 3893 1933 Καὶ

2215 1958 2494 2022 διοδεύσας
2543 1961 2648 2015 ἀπὸ
2707 1966 2814 2016 τῶν
2861 1960 3031 2016 ἐκεῖσε
3064 1959 3153 2016 διὰ
3198 1967 3293 2017 τοῦ
3326 1963 3590 2036 σίγματος
3637 1965 3736 2018 καὶ
3772 1971 3890 2034 τῆς

2213 2053 2349 2123 πρὸς
2371 2053 2464 2108 τὸν
2497 2054 2685 2128 Ἀγιον
2735 2054 2958 2110 Μώκιον
2993 2052 3157 2130 μέχρι
3185 2058 3282 2110 τοῦ
3311 2053 3522 2127 μιλίου.
3555 2058 3648 2113 Ἐν
3695 2058 3744 2128 ᾧ
3778 2080 3886 2131 μι-

2215 2141 2323 2213 λίῳ
2377 2138 2653 2212 ἀπέϐησαν
2683 2148 2789 2197 τῶν
2821 2141 3012 2198 ἵππων
3066 2144 3117 2198 oi
3163 2150 3262 2214 τῆς
3296 2143 3613 2220 συγκλήτου
3641 2146 3742 2200 καὶ
3777 2168 3884 2202 πε-

2217 2231 2458 2302 ζεύοντες
2501 2229 2823 2308 δηρίγευσαν
2864 2230 3166 2308 ἔμπροσθεν
3237 2236 3335 2288 τοῦ
3407 2233 3682 2308 βασιλέως
3773 2233 3887 2299 ’ἕως

2212 2326 2311 2376 τοῦ
2343 2320 2573 2399 φρέατος
2601 2327 2702 2390 τῆς
2732 2321 2919 2396 Ἀγίας
2948 2322 3174 2401 Σοφίας.
3208 2321 3362 2392 Πλὴν
3401 2322 3495 2377 οὖν
3534 2324 3587 2377 οἱ
3622 2325 3735 2378 ἀπὸ
3767 2330 3885 2380 τῶν

2216 2405 2316 2481 ἔξω
2367 2410 2796 2474 συνεισελθόντες
2844 2415 2924 2484 τῷ
2975 2410 3194 2483 βασιλεῖ
3235 2411 3286 2466 ἐν
3331 2415 3400 2486 τῇ
3467 2410 3657 2479 πόλει,
3737 2415 3881 2486 μετὰ

2219 2503 2438 2574 χρυσῶν
2482 2495 2778 2554 κλιϐανίῶν
2847 2501 2939 2554 καὶ
2987 2499 3230 2564 σπαθίων
3280 2500 3368 2556 καὶ
3419 2503 3726 2576 κονταρίων
3765 2502 3877 2558 εἷσ-

2215 2586 2390 2657 ῆλθον
2419 2583 2672 2666 ἔφιπποι,
2707 2588 2855 2660 τάξις
2887 2589 3081 2659 ἑκάστη
3116 2586 3226 2661 ἰδίᾳ
3262 2590 3352 2645 καὶ
3380 2589 3577 2664 χωρίς·
3615 2586 3876 2666 ἔμπροσ-

2217 2679 2303 2733 θεν
2345 2682 2440 2733 τοῦ
2474 2678 2750 2753 βασιλέως
2779 2680 2830 2734 oi
2860 2679 3210 2752 πραιπόσιτοι
3251 2679 3338 2734 καὶ
3371 2680 3433 2735 τὸ
3455 2675 3876 2752 κουϐούκλειον,

2217 2761 2672 2844 χρυσοκλίϐανοιο
2722 2763 2940 2822 ὄπισθεν
2991 2766 3048 2824 δὲ
3096 2769 3170 2831 ὡς
3221 2769 3325 2824 ἀπὸ
3395 2769 3630 2844 ὀργυιῶν
3716 2773 3877 2828 πέντε

2217 2858 2696 2932 πρωτοσπαθάριοι
2768 2858 3022 2933 εὐνοῦχοι
3085 2859 3220 2930 μετὰ
3294 2863 3514 2933 χρυσῶν
3564 2855 3870 2916 κλιϐανῐων

2218 2947 2306 3000 καὶ
2359 2941 2800 3003 σπαθοϐακλίων.
2860 2947 2950 3004 Ἐν
2987 2943 3043 3002 δὲ
3097 2949 3165 3013 τῆ
3226 2945 3412 3023 χαλκῇ
3452 2953 3552 3004 τοῦ
3591 2949 3854 3005 παλπίου

2216 3030 2344 3105 ἔστη
2399 3032 2702 3109 ἔμπροσθεν
2750 3042 2853 3104 τῆς
2902 3035 3084 3106 πύλης
3124 3036 3428 3092 πούλπιτον
3475 3039 3614 3112 (45),
3672 3040 3766 3094 καὶ
3791 3041 3863 3101 εἷς

2215 3125 2277 3181 τὸ
2303 3121 2358 3178 ἓν
2413 3124 2576 3199 μέρος
2617 3124 2679 3179 τὸ
2709 3129 2948 3202 χρυσοῦν
3000 3121 3219 3201 ὄργανον
3269 3127 3332 3182 τὸ
3373 3125 3668 3201 λεγόμενον
3714 3149 3870 3201 πρω-

2215 3214 2483 3286 τόθαυμα,
2506 3212 2581 3276 εἷς
2614 3210 2671 3268 δὲ
2701 3215 2762 3268 τὸ
2791 3212 2984 3289 ἕτερον
3039 3214 3200 3290 μέρος
3231 3218 3443 3287 σέντζον
3500 3221 3751 3291 χρυσοῦν
3777 3221 3870 3273 και

448 3304 755 3357 senatores
784 3299 844 3354 in
875 3298 1058 3354 millio
1091 3315 1159 3354 ex
1188 3299 1372 3370 equis,
1404 3303 1462 3354 et
1491 3298 1882 3370 procedebant
1912 3315 2105 3356 coram

2221 3301 2488 3375 διάλιθον,
2534 3305 2695 3377 μέσον
2751 3303 2810 3360 δὲ
2865 3306 3077 3360 τούτων
3123 3306 3152 3361 6
3212 3309 3451 3382 χρυσοῦς
3502 3308 3732 3382 σταυρὸς
3779 3307 3871 3362 καὶ

443 3388 573 3458 ipso
633 3388 693 3442 in
749 3388 996 3458 pedibus
1035 3389 1106 3442 ad
1163 3404 1350 3459 usque
1400 3394 1641 3459 puteum
1671 3387 1760 3443 vel
1792 3387 2102 3444 cisternam

449 3476 752 3533 Iustralem
786 3477 1007 3532 Sanctae
1037 3475 1282 3548 Sophiae.
1316 3479 1390 3532 At
1440 3477 1542 3548 qui
1593 3492 1728 3532 cum
1758 3475 2108 3549 imperatore

447 3566 509 3622 in
571 3566 773 3621 urbem
832 3582 862 3621 e
920 3566 1130 3622 castris
1183 3571 1241 3622 et
1297 3565 1664 3636 expeditione
1705 3566 1990 3636 redibant,
2024 3566 2106 3622 illi

444 3656 636 3712 aureis
665 3672 800 3711 cum
833 3653 1031 3712 loricis
1080 3659 1139 3710 et
1183 3655 1413 3726 spathis
1462 3659 1520 3711 et
1567 3655 1760 3712 contis
1790 3672 1890 3712 seu
1928 3656 2108 3711 hastis

444 3745 746 3801 intrabant
775 3744 1024 3817 equites,
1059 3745 1214 3801 292
1239 3745 1380 3800 ordo
1406 3746 1657 3817 quisque
1700 3744 1967 3812 seorsim,
2000 3745 2108 3800 hoc

447 3820 670 3893 ordine.
704 3838 902 3891 Coram
954 3836 1308 3906 imperatore
1359 3834 1762 3907 praecedebant
1809 3833 2106 3907 praepositi

445 3930 505 3980 et
560 3927 628 3981 ad
689 3924 1027 3980 cubiculum
1087 3925 1446 3996 pertinentes
1515 3925 1572 3979 in
1633 3925 1825 3980 aureis
1871 3924 2104 3993 loricis;

451 4030 598 4086 pone
629 4030 725 4069 eos
754 4019 946 4070 autem
998 4017 1054 4068 et
1103 4028 1251 4084 pone
1301 4013 1712 4084 imperatorem
1745 4013 1817 4067 ad
1849 4013 2108 4084 quinque

443 4104 625 4159 ferme
647 4117 952 4174 orgyarum
983 4102 1319 4156 distantiam
1345 4099 1799 4172 protospatharii
1830 4101 2105 4169 eunuchi,

443 4192 642 4248 itidem
665 4207 798 4246 cum
830 4190 1025 4246 aureis
1056 4189 1257 4246 loricis
1285 4193 1341 4244 et
1391 4187 1830 4258 spathobacliis.
1869 4187 1938 4245 Ut
1969 4207 2105 4262 ergo

445 4281 507 4335 in
538 4297 605 4334 ea
636 4277 1004 4350 processione
1036 4285 1374 4346 provenerat
1403 4277 1718 4349 imperator
1761 4277 1838 4334 ad
1884 4279 1944 4335 S.
1997 4280 2106 4336 Sa-

448 4367 670 4440 phiam,
703 4367 1095 4422 descendebat
1124 4382 1191 4423 ex
1241 4383 1413 4439 equo,
1445 4366 1699 4424 intrabat
1727 4367 1785 4423 in
1817 4371 2103 4442 templum

448 4471 552 4527 per
581 4469 774 4511 aream
808 4453 992 4510 sancti
1024 4455 1203 4529 putei,
1236 4456 1484 4515 faciebat
1536 4457 1616 4514 ibi
1656 4474 1876 4530 preces,
1910 4459 2106 4516 factis-

2217 3389 2462 3456 διάλιθος
2510 3393 2537 3446 6
2574 3392 2763 3468 μέγας·
2811 3395 2868 3452 Ὁ
2922 3391 2977 3448 δὲ
3014 3391 3270 3468 βασιλεὺς
3311 3389 3524 3459 ἀποϐὰς
3553 3400 3650 3450 τοῦ
3683 3393 3866 3452 ἵππου

2217 3479 2466 3551 εἰσῆλθεν
2501 3478 2589 3536 διὰ
2617 3486 2714 3537 τοῦ
2753 3482 2982 3562 φρέατος
3031 3482 3108 3544 εἰς
3155 3484 3254 3553 τὴν
3297 3482 3480 3558 Ἀγὶαν
3513 3483 3736 3561 Σοφίαν,
3771 3486 3867 3540 καὶ

2219 3569 2506 3643 εὐξάμενος
2565 3568 2784 3640 ἐξῆλθεν
2839 3569 3004 3627 πάλιν
3064 3569 3152 3626 διὰ
3176 3578 3278 3642 τῆς
3323 3573 3491 3641 αὐτῆς
3520 3571 3728 3646 πύλης,
3770 3573 3865 3630 καί

2217 3659 2455 3729 πεζεύων
2521 3659 2687 3728 ἦλθεν
2753 3659 2806 3715 ἐν
2866 3665 2935 3734 τῇ
2998 3659 3209 3734 Χαλκῆ,
3269 3661 3360 3717 καὶ
3426 3661 3666 3718 ἀνελθὼν
3746 3667 3862 3735 (46)

2217 3749 2676 3828 κατεσφραγίσατο
2725 3749 2812 3804 ἐπὶ
2863 3755 2957 3805 τοῦ
3025 3752 3264 3821 σέντζου,
3323 3753 3414 3807 καὶ
3495 3747 3720 3827 ἔκραξαν
3802 3755 3872 3809 τὰ

2223 3841 2382 3913 μέρη·
2439 3864 2468 3891 ιι
2530 3840 2628 3902 Εἷς
2673 3837 2827 3915 ἅγιος
2875 3843 3011 3914 (47).
3054 3864 3083 3892 ››
3130 3841 3234 3896 Καὶ
3272 3839 3516 3909 καθίσας,
3559 3844 3864 3920 προσήνεγ-

2216 3949 2312 3983 καν
2367 3929 2512 4002 αύτῷ
2559 3929 2621 3984 τὸ
2678 3928 2998 4003 πολίτευμα
3055 3936 3154 3999 τῆς
3202 3927 3421 3993 πόλεως
3451 3936 3696 4006 χρυσοῦς
3743 3933 3874 4008 βρα-

2217 4016 2476 4092 χιόλους,
2516 4017 2607 4072 καὶ
2661 4012 2846 4072 λαϐὼν
2873 4018 3105 4080 τούτους
3147 4019 3174 4072 6
3209 4017 3464 4093 βασιλεὺς
3497 4019 3746 4098 ἐφόρεσεν
3777 4019 3868 4076 ἐπὶ

2217 4111 2322 4162 τῶν
2367 4106 2674 4184 βραχιόνων
2728 4107 2914 4176 αὐτοῦ,
2973 4110 3064 4162 καὶ
3125 4104 3418 4178 ἀπεδέξατο
3454 4108 3654 4170 αὐτοὺς
3699 4109 3867 4184 εὔχα-

2219 4200 2440 4270 ριστῶν,
2492 4193 2893 4272 δημηγορήσας
2945 4195 3037 4273 ἀφ’
3086 4197 3278 4250 ἑαυτοῦ
3336 4197 3402 4250 τὰ
3456 4199 3581 4273 περὶ
3624 4205 3725 4269 τῆς
3755 4198 3864 4255 ἐπι·

2213 4282 2411 4358 τυχίας
2468 4289 2564 4339 τοῦ
2606 4284 2878 4358 πολέμου.
2936 4285 3035 4340 Καὶ
3094 4287 3285 4348 πάντες
3359 4285 3639 4348 ἒπινικὶως
3705 4287 3862 4343 αὐτὸν

2218 4370 2350 4450 εὒφή
2365 4394 2564 4445 μησανο
2598 4376 2830 4439 ἀναστὰς
2880 4372 2937 4429 δὲ
2979 4378 3076 4429 τοῦ
3129 4377 3349 4445 σέντζου
3379 4370 3547 4446 ἐπέϐη
3578 4381 3662 4448 τῷ
3684 4375 3857 4450 ἵππῳ,

2217 4461 2307 4515 καὶ
2348 4458 2542 4530 διῆλθε
2575 4459 2662 4517 διά
2693 4483 2750 4518 τε
2780 4467 2889 4518 τῶν
2921 4458 3252 4519 διαϐατικῶν
3285 4467 3380 4519 τοῦ
3412 4465 3728 4538 Ἀχιλλέως
3775 4465 3861 4521 καὶ

1498 4573 1698 4630 JOAN.
1739 4575 1885 4632 JAC.
1927 4577 2191 4634 BEISKII
2231 4577 2820 4636 COMMENTARlUS.

519 4676 635 4764 (ῥέε)
666 4677 766 4733 Est
821 4694 1018 4764 parum
1077 4681 1236 4764 ultra
1295 4685 1518 4764 partam
1541 4690 1774 4764 auectas.
1823 4684 2101 4764 Eamdem

2217 4688 2327 4764 [loc
2356 4690 2444 4764 est
2475 4685 2957 4764 illudjrarpa'zppppv
2991 4690 3346 4764 προσκήνιον,
3389 4691 3863 4764 quod_m_emprat

452 4750 687 4821 quidem
708 4751 1078 4819 sententiam,
1099 4752 1198 4807 sed
1215 4750 1485 4824 ambigue
1506 4755 1564 4809 in
1590 4753 1803 4809 Latinis
1825 4757 2102 4826 expressi.

452 4819 602 4877 Illud
637 4820 906 4880 alterum.
940 4829 1004 4878 ut
1034 4823 1271 4880 clarius.
1305 4825 1552 4880 sunnoni
1597 4825 1817 4880 malim.

1305 4842 1552 4881 SUDDODl
1597 4842 1817 4881 meum.

527 4841 602 4875 ua
637 4841 906 4888 alterum,
940 4841 1004 4878 ut
1034 4841 1271 4889 cxarlus,
1305 4841 1552 4897 supponi
1597 4841 1817 4881 meum.

523 4892 638 4971 (45)
669 4895 815 4971 gnte
849 4894 1123 4971 palatium
1156 4900 1277 4950 erat
1307 4898 1600 4971 pulpitum
1631 4914 1733 4953 seu
1767 4903 2103 4971 suggestus,

453 4965 630 5018 etiam
666 4965 877 5020 Zosimi
902 4966 1028 5038 jam
1061 4965 1340 5036 tempore,
1391 4965 1490 5038 qui
1543 4967 1583 5023 l.
1635 4985 1707 5034 ιν,
1740 4986 1789 5024 c.
1822 4965 1968 5040 6716
1999 4971 2105 5044 πρὸ

453 5040 551 5089 τῆς
585 5032 758 5089 αὐλῆς
794 5035 948 5089 Bina.
975 5037 1249 5089 annellat.

452 5040 551 5103 τῆς
585 5035 758 5103 αὐλῆς
793 5035 948 5110 βῆμα
975 5035 1249 5110 appellat.
1408 5035 1427 5038 ’
1863 5035 1872 5040 ⁷
2044 5035 2052 5044 ’

487 5182 496 5192 .
523 5107 635 5192 (46)
670 5107 888 5192 Nempe
916 5109 974 5192 in
1008 5108 1324 5192 pulpitum,
1353 5109 1508 5181 quod
1541 5125 1737 5192 coram
1786 5112 1982 5192 chalce
2013 5130 2107 5192 e15-

452 5182 741 5253 structum
773 5186 897 5253 erat
927 5184 983 5234 et
1005 5182 1061 5236 in
1088 5185 1363 5237 thronum
1386 5197 1564 5252 super
1588 5182 1701 5236 isto
1731 5182 1956 5253 pulpito
1988 5185 2106 5241 col-

453 5248 734 5328 locatum.
785 5251 886 5307 Est
929 5257 1115 5328 autem
1167 5248 1480 5328 pulpitum‘
1511 5253 1691 5321 idem,
1731 5248 1893 5328 quod
1931 5254 2104 5328 βῆμα,

453 5327 766 5396 suggestus
789 5323 1110 5396 excelsus,e
1133 5341 1247 5396 quo
1273 5324 1648 5394 magistratus
1673 5331 1773 5378 aut
1793 5323 2108 5395 imperator

452 5393 924 5469 yerbafaciebat.
959 5393 1270 5469 Latini'me
1296 5396 1358 5452 lii
1388 5397 1489 5451 aevi
1519 5393 2108 5469 a_rengarz'am'_appel-

454 5461 655 5544 labant
686 5465 756 5519 ab
787 5467 1099 5544 arengando
1144 5482 1245 5544 seu
1291 5461 1846 5544 perorandoﬁlmogq
1876 5461 2107 5544 ιίἱήᾰῃπνὶ

453 5532 506 5608 ιιι
538 5536 790 5603 palamo,
820 5532 971 5604 dove,
1013 5538 1228 5608 quando
1276 5532 1502 5594 éntrava
1534 5540 1587 5593 Ia
1619 5532 1897 5607 Signoi'ia,
1930 5541 1971 5596 ἰι
2003 5543 2104 5598 P0-

453 5601 803 5683 desfahsalj‘to
847 5613 902 5660 in
954 5601 1225 5683 ὖίῥοηεία,
1274 5611 1369 5665 che
1416 5613 1527 5683 cesi
1574 5611 1622 5662 si
1667 5601 1951 5665 c'hiama'va
1980 5615 2105 5683 quc!

452 5670 672 5758 pcipito
695 5674 751 5754 di
775 5670 1039 5758 pergam?)
1070 5670 1304 5758 dlent'rft
1332 5682 1805 5758 (μιαίρξιινεξηριιυαΔ
1845 5698 1874 5738 e
1919 5670 2106 5754 facetia

459 5750 554 5794 κη’
585 5750 867 5801 ονίιςνιοηρ.
921 5750 1046 5804 Vid.
1097 5751 1182 5805 Du
1234 5750 1425 5824 Cange
1473 5752 1559 5806 Gl.
1596 5751 1653 5806 L.
1688 5769 1738 5807 ν.
1772 5750 2102 5826 Αγεηςοανία.

2215 4758 2448 4835 Nicetes
2473 4759 2730 4835 pag._203
2756 4758 3136 4835 ξὈβασιλεῦς
3155 4758 3497 4835 τραπόμενος
3527 4760 3603 4822 εἰς
3632 4761 3858 4835 ἑστίασιν

2214 4832 2388 4907 πᾶσαν
2441 4829 2568 4881 τῶν
2605 4829 3064 4907 ᾄρχαίωνῌ’ἀνῆκε
3104 4829 3286 4907 πύλην
3319 4829 3537 4907 αὔλειον
3569 4832 3662 4886 καὶ
3685 4834 3864 4907 *παρά-

2216 4899 2788 4990 Oupov-1tpoo'xifviov,
2845 4899 2996 4957 ὥστε
3039 4901 3163 4966 τοὺς
3228 4901 3601 4990 βουλομένους
3652 4899 3858 4960 εἰσιέναι

2216 4975 2302 5050 καὶ
2339 4975 2556 5050 θεᾶσθαι
2584 4975 2743 5029 αὐτὸν
2768 4978 3154 5050 τροπαιοῦχον.
3184 4975 3634 5050 ϐοητηςραιιιζξο
3667 4993 3858 5050 regum

2217 5045 2580 5121 Persicorum
2613 5063 2741 5103 esse
2785 5045 2898 5121 tale
2946 5045 3260 5121 pulpitum,
3294 5045 3527 5121 asylum
3558 5047 3704 5121 illuc
3734 5045 3860 5105 Eon-

2217 5118 2598 5191 fugientibus,
2625 5119 2865 5175 memini
2885 5119 3041 5191 apud
3063 5118 3386 5191 Sansonum
3407 5119 3624 5191 legere.
3660 5119 3728 5175 Et
3747 5137 3857 5176 mo-

2216 5204 2341 5263 rem
2354 5189 2534 5245 fuisse
2548 5191 2881 5246 Latinorum
2894 5189 3117 5261 quoque
3131 5190 3301 5263 medii
3316 5190 3418 5248 aevi
3433 5189 3662 5263 pulpita
3673 5207 3859 5248 coram

2217 5260 2436 5334 foribus
2485 5263 2692 5318 mdium
2725 5260 2967 5318 suarum
3015 5262 3299 5328 struendi,
3331 5260 3486 5334 patet
3517 5260 3553 5318 ei
3577 5262 3856 5319 Chronico

2216 5331 2582 5404 Laurisham.
2638 5349 2790 5388 anno
2846 5335 2988 5390 9/18:
3042 5331 3363 5404 paradisum
3411 5338 3589 5389 totum
3645 5335 3856 5404 plumbo

2213 5403 2514 5527 goqpm'a‘it,
2563 5406 2783 5476 pulpita
2831 5410 2958 5462 ante
3002 5403 3190 5474 partas
3225 5405 3470 5477 ejusdem
3495 5403 3752 5478 paradisi
3775 5409 3855 5478 [a-

2251 5489 2424 5527 rzcavz
2453 5515 2466 5527 .

2251 5482 2466 5528 rz‘cavit.

2283 5544 2398 5614 (47)
2433 5544 2514 5618 Ita
2543 5546 2688 5601 mihi
2727 5547 2889 5605 visus
2937 5547 3016 5601 fui
3067 5547 3126 5603 in
3167 5547 3520 5603 membranis
3551 5549 3851 5618 reperisse.

2217 5617 2277 5670 In
2311 5615 2705 5692 superioribus
2733 5634 2884 5692 saepe
2923 5622 3010 5674 est
3054 5620 3143 5692 εἷς
3179 5618 3356 5692 ἅγιος,
3397 5635 3451 5674 es
3495 5615 3742 5692 sanctus,
3775 5619 3851 5692 vel

2212 5687 2579 5764 venerabilis,
2609 5691 2759 5759 quod
2812 5687 2956 5764 forte
3005 5687 3466 5760 praeferendum;
3511 5688 3670 5764 ἅγιος
3701 5690 3848 5748 enim

2213 5765 2297 5814 est
2329 5758 2533 5816 titulus
2567 5758 2902 5832 imperatori
2931 5758 3283 5833 competens.
