4120 6306
250 273 377 335 965

1083 265 1186 325 DE
1229 263 1697 326 CERIMONIIS
1742 258 1980 326 AULJE
2019 260 2504 323 ΒῩΖΑΝΤῙΝιΕ
2546 262 2698 323 LIB.
2746 264 2824 325 II.

3552 271 3672 333 966

292 403 364 479 γ’.
419 401 558 457 Ὅσα
616 395 700 454 δεῖ
753 392 1217 472 παραφυλάττειν,
1270 398 1372 449 τοῦ
1447 390 1713 470 βασιλέως
1771 413 1912 469 προ-

2153 393 2520 462 Observanda,
2550 395 2767 468 quando
2797 399 3098 470 imperator
3123 398 3480 458 domesticum
3507 403 3669 461 scho-

401 485 756 562 ϐαλλομένου
861 483 1188 558 δομέστικον
1307 487 1417 539 τῶν
1528 483 1770 562 σχολῶν,
1872 481 1908 551 ἢ

406 576 769 654 στρατηγοὺς,
827 575 862 645 ἢ
924 571 1282 650 δρουγγάριον
1353 576 1462 627 τῶν
1539 569 1820 645 πλοΐμων,
1873 570 1909 639 ἢ

405 665 786 742 σακελλάριον,
890 662 926 733 ἢ
1000 667 1099 717 τοῦ
1173 659 1488 730 σακελΛίου,
1567 658 1602 729 ἤ
1681 658 1916 722 λοιποὺς

406 754 811 836 όφφικιαλίους.

297 863 366 922 δ’.
398 866 541 922 ’Ὀσα
616 860 700 917 δεῖ
772 856 1212 938 παραφυλάττειν
1269 856 1359 912 ἐπὶ
1417 859 1720 931 προαγωγῇ
1798 853 1918 932 ῥαί-

411 971 642 1027 κτωρος.

300 1063 364 1124 ε’.
395 1063 534 1119 Ὅσα
610 1055 692 1115 δεῖ
763 1053 1204 1136 παραφυλάττειν
1278 1053 1365 1110 ἐπὶ
1448 1057 1748 1132 προαγωγῇ
1825 1074 1918 1108 συ-

412 1147 630 1225 γκὲλου.

299 1262 366 1322 ς’.
400 1259 538 1316 Ὅσα
614 1253 695 1311 δεῖ
767 1251 1229 1330 παραφυλάττειν,
1307 1253 1381 1313 ὡς
1455 1253 1521 1308 τὰ
1591 1256 1682 1308 νῦν
1751 1250 1924 1307 ἔπιτε-

416 1353 590 1403 Λεῖται
643 1347 678 1415 ἡ
746 1347 847 1398 τοῦ
922 1343 1072 1416 ἁγίοὺ
1129 1342 1219 1397 καὶ
1280 1341 1523 1419 μεγάλου
1579 1340 1920 1399 Κωνσταντί-

412 1457 508 1491 νου
585 1434 800 1504 ἑτήσιος
881 1433 1094 1506 μνήμη,
1169 1431 1259 1486 καὶ
1349 1431 1416 1486 τὰ
1499 1429 1739 1507 ἐγκαίνια
1813 1433 1920 1485 τῶν

413 1523 737 1600 ἱδρυνθὲνων
795 1520 997 1596 τιμίων
1063 1525 1307 1595 σταυρῶν
1369 1518 1420 1574 ἐν
1495 1524 1573 1593 τῷ
1647 1519 1752 1594 νέῳ
1824 1540 1927 1574 πα-

418 1613 596 1686 λατίῳ
667 1615 764 1666 τοῦ
842 1612 1032 1666 Βόνου.

308 1723 375 1793 ζ’.
404 1722 542 1779 ’Ὀσα
618 1718 700 1774 δεῖ
771 1715 1209 1794 παραφυλάττειν
1302 1715 1354 1771 ἐν
1444 1719 1512 1791 τῇ
1588 1717 1752 1791 ἑορτῇ
1827 1716 1920 1772 καὶ

419 1808 737 1886 προελεύσει
809 1812 919 1863 τῶν
991 1806 1158 1883 ἁγίων
1233 1807 1472 1861 πάντων.

313 1919 385 1991 η’.
415 1919 554 1976 Ὅσα
611 1914 695 1972 δεῖ
767 1912 1204 1993 παραφυλάττειν
1269 1918 1338 1988 τῇ
1396 1914 1587 1989 πρώτῃ
1663 1919 1761 1969 τοῦ
1827 1914 1930 1972 Αὐ-

421 2007 654 2086 γοόστου
735 2005 931 2079 μηνὸς,
1014 2007 1112 2059 τοῦ
1201 2003 1390 2077 τιμίου
1487 2004 1577 2060 καὶ
1653 2008 1929 2074 ζωοποιοῦ

421 2101 653 2174 σταυροῦ
727 2093 1112 2170 ἐξερχομένου.

318 2206 382 2264 θ’,
415 2205 554 2263 ’Όσα
621 2201 704 2258 δεῖ
759 2201 1196 2282 παραφυλάττειν
1240 2205 1310 2276 τῇ
1368 2203 1529 2278 ἑορτῇ
1584 2208 1685 2273 τῆς
1723 2203 1931 2276 κοιμῆ-

422 2314 558 2357 σεως
603 2299 703 2363 τῆς
763 2290 1060 2368 ὑπεραγίας
1123 2291 1390 2348 Θεοτόκου
1465 2290 1518 2346 ἂν
1594 2289 1931 2367 Βλαχὲρναις

425 2384 558 2457 μηνὶ
614 2379 914 2458 Αὐγούστῳ
948 2381 1025 2439 ιε’.

323 2493 370 2548 ι’.
401 2491 542 2547 Ὅσα
644 2486 725 2544 δεῖ
823 2485 1257 2566 παραφυλάττειν
1339 2492 1408 2564 τῇ
1512 2485 1732 2564 δευτέρᾳ
1831 2494 1932 2558 τῆς

428 2580 656 2654 πρώτης
729 2572 1056 2652 ἑϐδομάδος,
1131 2581 1230 2633 τοῦ
1329 2576 1598 2654 βασιλέως
1673 2575 1934 2651 δημηγο-

438 2671 660 2742 ροῦντος
751 2664 838 2721 ἐπὶ
927 2669 1023 2723 τοῖ’)
1113 2665 1384 2724 σιλεντίου
1490 2674 1592 2738 τῆς
1699 2665 1932 2742 μανναό-

439 2776 557 2831 ρας.

301 2864 385 2921 ια’.
416 2865 554 2921 Ὅσα
627 2859 708 2917 δεῖ
776 2861 1232 2944 παραφυλάττειν,
1306 2866 1417 2918 τῶν
1491 2861 1692 2935 τιμίων
1768 2882 1935 2918 σταυ-

436 2956 542 3027 ρῶν
617 2950 929 3024 μελλόντων
1001 2951 1195 3026 ἐξιέναι
1288 2955 1359 3025 τῇ
1457 2950 1594 3028 μέσῃ
1671 2945 1934 3025 ἐϐδομάδι

431 3042 532 3110 τῆς
605 3039 756 3119 ἁγίας
832 3043 903 3115 μ’.

296 3147 386 3223 ιβ’.
415 3148 551 3205 Ὅσα
589 3145 671 3203 δεῖ
708 3148 1168 3225 παραφυλάττειν,
1210 3153 1320 3206 τῶν
1360 3147 1633 3207 δεσποτῶν
1671 3147 1939 3206 ἀπιόντων

428 3234 727 3302 λούσασθαι
785 3235 838 3290 ἐν
891 3233 1252 3314 Βλαχέρναις.

285 3326 378 3401 ιγ’.
410 3327 553 3383 Ὅσα
627 3322 710 3379 δεῖ
782 3324 1218 3401 παραφυλάττειν
1296 3325 1384 3380 ἐπὶ
1448 3331 1666 3405 παγανῇ
1742 3335 1941 3405 Κυρια-

429 3433 524 3504 κῇ,
599 3430 634 3498 ἤ
713 3429 764 3483 ἒν
855 3427 1005 3504 ἄλλῃ
1093 3435 1250 3504 κοινῇ
1338 3432 1540 3506 ἡμέρᾳ,
1621 3430 1939 3505 μελλόντων

430 3521 542 3573 τῶν
583 3514 859 3572 δεσποτῶν
894 3517 1111 3573 ἀπιέναι
1151 3519 1226 3581 εἷς
1255 3519 1383 3583 τοὺς
1413 3519 1639 3596 ’Δγίόυς
1679 3522 1943 3577 ’Λποστό-

436 3607 570 3669 λους
611 3606 718 3664 ε’ἰτε
756 3607 832 3670 εἷς
871 3603 1050 3681 ἕτερον
1092 3609 1220 3664 ναὸν
1259 3605 1524 3684 εὔξασθαι.

291 3782 386 3844 ιδ’.
419 3787 557 3844 Ὅσα
643 3783 724 3841 δεῖ
807 3784 1242 3867 παραφυλαττειν
1310 3786 1398 3844 ἒπὶ
1465 3788 1778 3867 χειροτονίᾳ
1841 3808 1945 3844 πα-

445 3875 710 3950 τριάρχου
765 3876 1408 3941 Κωνσταντινουπόλεως.

295 3970 380 4020 ιε’.
413 3965 552 4021 Ὅσα
618 3961 698 4020 δεῖ
763 3967 874 4037 (54)
947 3966 1402 4044 παραφυλάττειν,
1481 3963 1657 4042 δοχῆς
1722 3967 1946 4043 γινομὲο

441 4074 541 4124 νης
595 4052 650 4109 ἐν
707 4058 786 4126 τῷ
845 4052 1070 4131 μεγάλῳ
1125 4055 1391 4130 τρικλίνῳ
1445 4062 1546 4126 τῆς
1617 4056 1944 4132 μανναόρας,

437 4149 546 4200 τῶν
625 4143 899 4202 δεσποτῶν
971 4149 1348 4221 καθεζομένων
1421 4147 1510 4205 ἐπὶ
1593 4153 1689 4204 τοῦ
1764 4149 1950 4205 Σολο-

441 4234 707 4307 μωντείου
783 4235 999 4312 θρόνου.
1079 4238 1208 4312 Περὶ
1261 4239 1361 4307 τῆς
1420 4235 1597 4313 δοχῆς
1654 4245 1754 4308 τῆς
1793 4259 1948 4314 γενο-

442 4323 607 4396 μένης
664 4321 718 4379 ἐν
774 4329 853 4397 τῷ
909 4327 1059 4399 αὐτῷ
1134 4324 1394 4401 τρικλίνῳ
1468 4325 1557 4382 ἐπὶ
1617 4327 1949 4384 Κωνσταντίο

437 4432 532 4466 νου
587 4413 678 4467 καὶ
734 4417 1020 4487 Ῥωμανοῦ
1071 4413 1158 4469 ἐπὶ
1215 4417 1283 4488 τῇ
1340 4416 1612 4490 παρουσίᾳ
1655 4421 1764 4471 τῶν
1803 4415 1949 4492 παρᾶ

437 4506 536 4557 τοῦ
610 4501 890 4577 ἀμεριμνῆ
986 4504 1092 4559 ἀπὸ
1186 4505 1403 4579 Ταρσοῦ
1479 4502 1748 4570 ἐλθόντων
1822 4504 1947 4580 πρέ-

438 4587 613 4648 σϐεων
688 4595 812 4667 περὶ
875 4597 972 4648 τοῦ
1045 4591 1314 4669 ἀλλαγίου
1388 4596 1475 4650 καὶ
1551 4602 1650 4666 τῆς
1703 4595 1944 4671 εἰρήνης,

442 4681 574 4754 μηνὶ
617 4680 782 4755 Μαΐῳ
845 4681 930 4738 λα’
1003 4685 1187 4758 ἡμέρᾳ
1259 4687 1305 4740 α’
1380 4683 1679 4742 ἰνδικτιῶνι
1749 4684 1812 4741 δ”
1855 4689 1944 4743 Ἐν

438 4771 485 4843 ᾦ
559 4771 651 4826 καὶ
727 4772 850 4848 περὶ
925 4779 1025 4842 τῆς
1095 4777 1202 4828 τῶν
1277 4775 1536 4831 Ἰσπανῶν
1605 4773 1782 4854 δοχῆς
1852 4777 1941 4832 καὶ

321 4928 324 4930 γ
437 4861 699 4934 περὶτοῦ
755 4861 1039 4938 γεγονότος
1105 4861 1228 4918 τότε
1291 4861 1684 4939 ἱπποδρομίου.
1753 4863 1944 4920 Ὧσαόο

434 4969 546 5012 τως
621 4950 712 5005 καὶ
779 4951 904 5022 περὶ
970 4957 1071 5021 τῆς
1139 4952 1335 5027 ἑορτῆς
1397 4955 1495 5023 τῆς
1568 4959 1664 5009 τοῦ
1741 4953 1944 5029 Κυρίου

437 5039 919 5115 μεταμορφώσεως
989 5038 1079 5093 καὶ
1152 5046 1254 5108 τῆς
1318 5045 1418 5095 τοῦ
1498 5039 1767 5114 Δελεμίκη
1855 5040 1945 5097 δο-

434 5127 567 5199 χῆς.
606 5126 728 5183 Ἔτι
795 5133 897 5196 τῆς
962 5128 1231 5202 ἡγεμόνος
1293 5129 1384 5183 καὶ
1450 5136 1548 5199 τῆς
1615 5129 1945 5206 ἀρχοντίσης

435 5211 646 5290 Ἐλγας
747 5218 858 5272 τῶν
944 5217 1102 5279 Ῥῶς.
1193 5215 1433 5278 Ὀποίως
1524 5222 1690 5275 ταῦτα
1773 5220 1946 5276 πάντα

433 5301 806 5378 ἐτελέσθησαν.

2090 483 2274 540 larum
2303 492 2400 540 aat
2447 487 2711 555 strategos
2739 493 2838 541 aut
2881 485 3256 556 drungarium
3300 490 3523 558 classis,
3573 500 3672 547 aut

2095 574 2578 642 sacellarium,aut
2607 573 2842 632 sacellio
2862 579 3183 648 praelectum
3206 578 3516 651 reliquosve
3544 581 3670 651 ofﬁ-

2097 662 2264 718 ciales
2290 671 2461 719 creat.

2027 861 2080 916 4.
2161 862 2517 920 Observanda
2548 863 2610 921 in
2638 868 2980 937 promotione
3009 869 3255 925 rectoris.

2027 1057 2083 1112 5.
2160 1055 2506 1115 Obseruando
2535 1059 2597 1115 in
2623 1063 2970 1133 promotione
2997 1065 3253 1137 syncelli.

2029 1252 2084 1307 6.
2163 1253 2503 1309 Observanda
2534 1254 2596 1310 in
2625 1271 2835 1324 annua,
2867 1259 3045 1327 qualis
3074 1275 3218 1314 nunc
3242 1261 3561 1331 peragitur,
3583 1275 3674 1317 ce-

2104 1343 2408 1401 lebratione
2433 1347 2724 1401 memoria:
2765 1347 2948 1400 sancti
2973 1350 3029 1400 et
3075 1347 3269 1416 magni
3300 1349 3676 1417 Constantini,

2104 1435 2152 1487 et
2182 1433 2244 1487 in
2271 1433 2537 1491 encaeniis
2565 1437 2888 1489 sanctarum
2916 1435 3165 1490 crucium
3203 1437 3263 1491 in
3292 1453 3427 1493 novo
3455 1437 3678 1508 palatio

2105 1522 2246 1577 Boni
2269 1523 2538 1591 ﬁxarum.

2031 1723 2086 1776 7.
2166 1721 2512 1780 Observanda
2543 1725 2605 1780 in
2653 1726 2792 1796 festo
2830 1725 2992 1798 eique
3037 1725 3296 1797 adjuncta
3338 1726 3684 1798 processione

2105 1816 2417 1869 sanctorum
2447 1816 2720 1870 omnium.

2034 1919 2090 1974 8.
2167 1920 2515 1976 Obseruantia
2545 1921 2816 1978 Kalendis
2848 1921 3096 1994 Augusti,
3138 1922 3353 1995 quando
3400 1922 3684 1980 venerabi-

2110 2009 2180 2064 lis
2206 2013 2258 2065 et
2286 2009 2508 2080 vivi/ica
2535 2027 2676 2066 crux
2701 2012 2904 2082 prodit.

2037 2187 2092 2242 9.
2171 2187 2524 2244 Observanda
2555 2190 2773 2258 infesto
2803 2189 3157 2247 dormitionis
3176 2192 3535 2247 sanctissima:
3568 2191 3686 2248 Dei-

2108 2291 2265 2349 ραι-ετξ
2311 2278 2369 2333 in
2401 2276 2730 2335 Blachernis
2776 2282 2980 2335 mensis
3021 2281 3248 2353 Augusti
3295 2281 3394 2337 die
3442 2279 3684 2337 decima-

2111 2370 2322 2438 quinto.

2043 2474 2129 2529 10.
2207 2474 2554 2530 Observanda
2583 2476 2641 2529 in
2671 2475 2816 2545 feria
2846 2476 3083 2532 secunda
3128 2479 3456 2547 septimanae
3483 2478 3686 2548 primae

2112 2563 2341 2634 (sancta:
2388 2563 2882 2636 quadragesima),
2913 2565 3132 2635 quando
3171 2567 3478 2636 imperator
3524 2565 3586 2620 in
3613 2567 3691 2620 si-

2115 2651 2282 2708 lentio
2311 2667 2408 2707 seu
2441 2659 2713 2708 conventu
2737 2666 3027 2723 procerum
3056 2653 3119 2708 in
3165 2669 3479 2724 magnaura
3519 2653 3686 2708 verba

2113 2743 2267 2811 facit.

2045 2847 2132 2903 11.
2209 2847 2588 2917 Observanda,
2637 2848 2857 2919 quando
2899 2857 3107 2905 sanctae
3153 2863 3347 2905 cruces
3396 2849 3457 2902 in
3506 2847 3690 2904 media

2114 2938 2419 3009 septimana
2451 2941 2823 2994 tessaracostae
2849 2953 2946 2994 seu
2975 2938 3416 3008 quadragesimae
3446 2936 3689 2992 circum-

2115 3025 2354 3096 [ει-επακ
2384 3026 2444 3082 in
2477 3025 2698 3098 publico
2729 3032 2882 3082 sunt.

2047 3133 2133 3188 12.
2214 3133 2583 3200 Observanda,
2615 3133 2830 3205 quando
2863 3134 3089 3189 Domini
3126 3134 3299 3190 lotum
3329 3133 3399 3189 ad
3428 3133 3690 3190 Blacher-

2115 3240 2216 3279 nas
2246 3229 2402 3280 eunt.

2050 3327 2135 3382 13.
2216 3325 2570 3383 Observanda
2599 3326 2660 3382 in
2689 3342 2909 3398 pagana
2939 3325 3226 3382 Dominica
3257 3324 3337 3397 [id
3365 3329 3447 3381 est
3477 3324 3599 3394 tali,
3630 3323 3694 3380 in

2118 3431 2284 3486 quam
2311 3432 2574 3483 magnum
2621 3415 2829 3487 festum
2857 3418 2953 3469 aut
2981 3417 3250 3486 processio
3278 3414 3538 3470 solemnis
3583 3429 3696 3470 non

2119 3501 2363 3572 1ηοὶάίιά
2395 3503 2568 3557 aliove
2596 3501 2685 3556 die
2710 3503 2971 3572 profesto,
3019 3503 3322 3557 volentibus
3350 3501 3591 3558 dominis
3623 3500 3697 3557 ad

2121 3588 2344 3644 Sanctos
2375 3589 2651 3659 Apostolus
2683 3589 2900 3645 aliudve
2928 3591 3193 3660 templum
3238 3587 3537 3645 devotionis
3566 3605 3696 3658 gra-

2122 3680 2206 3734 tia
2238 3678 2342 3734 ire.

2054 3785 2141 3841 14.
2220 3782 2572 3840 Observanda
2621 3785 2682 3838 in
2714 3784 2972 3840 electione
3016 3783 3352 3855 patriarcha
3377 3782 3693 3840 Constanti-

2123 3874 2451 3947 nopotitani.

2056 3964 2327 4023 29415.
2379 3961 2736 4020 Observanda
2775 3963 2837 4018 in
2881 3964 3201 4033 exceptione
3245 3962 3336 4018 vel
3378 3963 3696 4034 audientia,

2126 4071 2252 4129 qua?
2278 4055 2445 4111 datur
2476 4056 2535 4109 in
2558 4069 2758 4123 magno
2800 4051 3048 4108 triclinio
3077 4069 3423 4124 magnaurae,
3463 4053 3700 4110 dominis

2125 4149 2323 4203 throno
2364 4145 2686 4201 Salomoneo
2732 4143 3132 4199 insidentibus.
3184 4146 3245 4200 In
3294 4147 3470 4216 specie
3515 4160 3704 4216 excep-

2129 4239 2274 4294 tione
2320 4235 2448 4301 illa,
2479 4251 2604 4290 cum
2654 4233 3040 4289 Constantinus
3079 4240 3130 4288 et
3177 4234 3450 4289 Romanus
3499 4233 3700 4304 legatos

2127 4329 2482 4391 Amerimnae,
2517 4325 2615 4396 qui
2643 4324 2806 4378 Tarso
2830 4323 3334 4393 permutandorum
3357 4323 3701 4394 captivorum

2127 4420 2177 4471 et
2207 4413 2596 4471 constituendae
2622 4413 2774 4484 pacis
2802 4412 2986 4482 gratia
3013 4412 3072 4467 in
3101 4411 3289 4466 urbem
3339 4411 3698 4478 advenerant,

2126 4506 2217 4560 die
2245 4503 2380 4560 Maii
2419 4502 2697 4573 trigesimo
2723 4503 2925 4572 primo,
2955 4498 3102 4568 feria
3127 4501 3314 4571 prima
3341 4517 3437 4556 seu
3485 4501 3582 4557 die
3609 4501 3698 4556 lu-

2126 4609 2238 4660 nae,
2296 4591 2597 4648 indictione
2644 4599 2841 4661 quarta
2877 4600 3230 4660 exceperunt.
3273 4589 3474 4645 Eodem
3524 4591 3703 4662 capite

2127 4697 2337 4756 quoque
2367 4682 2553 4750 agitur
2580 4679 2644 4734 de
2690 4678 3024 4733 admissione
3058 4678 3428 4749 Hispanorum
3457 4686 3507 4734 et
3554 4678 3698 4734 edito

2125 4777 2243 4828 tum
2275 4770 2398 4826 ludo
2419 4767 2657 4842 equestri
2677 4768 2900 4829 curuli;
2921 4770 3051 4823 item
3081 4767 3145 4823 de
3167 4771 3303 4832 (esto
3331 4767 3702 4836 transﬁgura-

2126 4863 2294 4918 tionis
2322 4858 2590 4926 Domini;
2632 4874 2730 4912 nec
2758 4872 2868 4911 non
2912 4858 2978 4912 de
3024 4855 3358 4912 admissione
3399 4856 3696 4918 Delemici;

2127 4953 2346 5008 tandem
2373 4959 2425 5006 et
2465 4949 2529 5004 de
2566 4945 2873 5018 receptione
2901 4943 3079 5016 Elgae,
3111 4959 3235 5015 qua
3280 4943 3392 5015 fuit
3437 4945 3700 5014 hegemon

2125 5057 2221 5097 seu
2249 5040 2466 5095 ducissa
2493 5045 2546 5093 et
2593 5035 2926 5109 principissa
2972 5037 3294 5090 Bassorum.
3329 5033 3463 5100 Qua
3509 5049 3698 5089 omnes

2125 5129 2195 5186 ad
2223 5129 2550 5200 colloquium
2581 5125 2926 5198 imperatoris
2957 5123 3337 5191 admissiones,
3378 5124 3697 5191 exponitur,

2126 5218 2330 5290 quibus
2359 5234 2483 5273 cum
2512 5214 2828 5275 cerimoniis
2852 5213 3203 5281 contigerint.

1319 5457 1522 5517 JOAN.
1560 5459 1706 5517 JAC.
1741 5459 2004 5520 REISKII
2042 5457 2644 5520 COMMENTARIUS.

367 5595 481 5668 (54)
508 5596 737 5656 Titulus
766 5599 946 5675 hujus
975 5601 1186 5676 capitis
1217 5603 1278 5661 in
1309 5604 1437 5680 ipso
1469 5606 1659 5666 medio
1687 5624 1860 5684 opere
1891 5608 1964 5668 ab
1997 5608 2104 5668 hoc
2134 5606 2342 5678 variat,
2375 5605 2474 5661 ubi
2504 5597 2753 5660 conferri
2783 5602 2989 5671 potest.
