4120 6306
490 356 608 417 975

1559 345 2079 411 CONSTANTINI
2122 343 2811 407 PORPHYROGENITI

3796 349 3920 413 976

491 494 624 566 quis
654 491 832 566 capiti
863 492 1016 548 male
1036 492 1239 548 ail‘ecto
1263 487 1573 556 medelam,
1596 500 1771 557 quam
1796 485 2011 556 potest,
2034 497 2121 538 om

2266 479 2434 555 ταύτῃ
2496 477 2928 556 βασιλικωτέραν
2980 481 3071 536 καὶ
3132 477 3511 558 φοδερωτέραν
3556 478 3924 538 ἀποδεικνύν-

485 601 624 642 nem
655 599 770 640 non
801 583 1022 648 all'erat,
1057 585 1243 636 totum
1276 593 1488 647 corpus
1513 576 1570 630 in
1593 573 1798 630 excidii
1826 570 2147 642 periculum

495 674 760 744 coniicit:
791 672 870 726 ita
893 672 1066 725 etiam
1092 669 1356 739 quisquis
1383 667 1711 721 communis
1736 663 1915 733 hujus
1939 669 2148 716 nostra:

496 779 692 820 rerum
725 760 978 816 civilium
1002 755 1444 828 gubernationis
1471 770 1679 824 corpus
1698 754 1776 807 ita
1802 752 2064 822 negligit,
2089 754 2150 805 ut

493 853 620 923 cjus
649 847 1018 906 cminentiori
1042 857 1212 916 alque
1231 843 1554 915 capitaliori
1580 845 1728 914 parti
1752 842 2055 913 aegrotanti
2082 856 2148 894 ea

485 943 703 1005 omnia,
738 953 864 1009 qua:
896 935 1099 989 vitium
1142 949 1347 988 sanare
1389 938 1446 987 et
1487 933 1877 1003 integritatem
1909 945 2145 986 conser-

484 1044 614 1085 vare
645 1025 861 1090 valent,
895 1040 1010 1080 non
1039 1023 1308 1095 applicet,
1333 1023 1760 1091 deﬂuviumque
1785 1019 2069 1074 minantia
2087 1022 2143 1073 et

2257 589 2363 633 τες’
2419 574 2498 642 τῷ
2546 567 2604 624 δὲ
2669 575 3028 645 συγκλητςκῷ
3077 567 3415 646 πληρώματι
3476 571 3566 625 καὶ
3625 572 3785 626 παντί
3831 581 3922 648 τῷ

2262 660 2490 731 ὑπηκόῳ
2519 659 2608 714 τὸν
2648 659 2784 732 μετὰ
2838 667 2937 728 τῆς
2987 659 3231 730 εὐταξίας
3273 659 3392 735 βίον
3435 661 3528 715 καὶ
3559 663 3659 730 τὴν
3708 659 3916 738 διαγω-

2259 750 2361 823 γὴν
2395 750 2668 822 νέμοντες,
2713 749 2798 824 ὑφ’
2839 749 2907 818 ἧς
2947 748 3262 822 σεμνότεροί
3308 771 3366 804 τε
3395 751 3486 804 καὶ
3536 756 3913 825 κοσμιῶτεροι

2257 839 2639 910 καθιστάμενοι
2673 839 2806 892 εἶναι
2845 837 2904 892 ἂν
2957 839 3047 892 καὶ
3107 836 3420 911 βασιλεῦσιν
3472 837 3786 914 ἐπέραστοι¹
3825 844 3909 896 αἶς

2257 923 2471 998 δέσιμοί
2511 947 2569 980 τε
2636 925 2914 996 ἀλλήλοις
2940 927 3030 983 καὶ
3062 927 3221 980 παντὶ
3271 924 3408 991 ἔθνει
3459 930 3769 1002 θαυμαστοί
3814 931 3909 986 καὶ

2255 1013 2552 1091 περίδοξοι.

481 1119 554 1177 ob
586 1118 888 1174 turbatum
921 1115 1184 1170 ordinem
1218 1112 1474 1168 resoluta
1505 1111 1819 1182 pendentia
1850 1126 1964 1165 non
1994 1113 2165 1179 cogat
2204 1113 2260 1163 et
2292 1109 2668 1182 compingat:
2703 1109 2800 1166 ille
2832 1126 2958 1166 meo
2991 1111 3470 1182 quidemjudicio
3493 1111 3779 1184 populum
3812 1115 3909 1170 de-

481 1209 673 1265 struit.
707 1207 888 1261 Primi
921 1221 1027 1260 nos
1059 1205 1250 1274 itaque
1283 1203 1352 1256 ad
1386 1202 1536 1256 hanc
1571 1207 1851 1256 tentatam
1885 1200 2170 1255 hactenus
2201 1199 2424 1254 nemini
2455 1205 2679 1270 partem
2711 1201 2839 1271 ejus
2871 1201 3214 1272 disciplinae,
3249 1219 3376 1274 qua;
3408 1203 3480 1257 de
3510 1203 3743 1259 vicibus
3773 1221 3901 1261 mu-

483 1300 715 1369 niisque
746 1294 1007 1351 civilium
1040 1293 1316 1347 ordinum
1351 1292 1546 1358 tradit,
1580 1307 1687 1346 nos
1717 1289 2100 1358 accinximus,
2133 1305 2200 1345 ea
2223 1290 2444 1346 ratione
2478 1291 2722 1361 imperio
2750 1290 2985 1362 quidem
3009 1309 3074 1347 eo
3098 1291 3230 1364 plus
3249 1295 3576 1363 majestatis
3593 1303 3649 1349 et
3668 1296 3902 1352 terroris

481 1385 736 1444 addituri
787 1410 802 1452 ;
855 1383 1144 1439 senatorio
1186 1386 1378 1436 autem
1422 1381 1599 1436 εωίυὶ
1636 1381 1856 1450 totique
1888 1379 1948 1433 in
1989 1380 2325 1434 universum
2376 1380 2601 1450 parenti
2651 1380 3014 1436 multitudini
3066 1383 3197 1437 vitae
3241 1387 3412 1453 atque
3456 1384 3900 1442 consuetudinis

484 1479 702 1531 mutuas
741 1473 802 1527 in
841 1473 1047 1527 decoro
1096 1469 1301 1524 ordine
1343 1473 1512 1540 atque
1550 1467 1964 1539 tranquillitate
2005 1467 2389 1540 transigenda
2433 1469 2657 1540 copiam
2697 1469 2926 1536 facturi,
2971 1485 3085 1542 quo
3125 1470 3564 1542 spectabiliores
3603 1471 3901 1529 honestio-

483 1578 690 1635 resque
741 1561 973 1628 redditi,
1017 1558 1351 1630 principum
1397 1573 1634 1612 suorum
1673 1572 1928 1612 amorem
1970 1556 2298 1628 civiumque
2337 1561 2396 1613 et
2437 1557 2751 1630 aequalium
2795 1558 3224 1615 venerationem
3276 1564 3634 1632 mereantur,
3686 1564 3897 1619 exteris

481 1657 678 1708 autem
715 1649 776 1706 in
808 1665 905 1705 ore
935 1656 1107 1718 atque
1137 1646 1525 1702 admiratione
1555 1645 1688 1701 sint.

927 1764 1080 1820 290
1111 1761 1342 1818 CAPUT
1375 1760 1682 1816 PRIMUM.

483 1874 852 1940 Obseruando,
903 1871 1119 1942 quando
1161 1868 1439 1942 palatium
1491 1867 1731 1942 quotidie
1781 1883 1899 1924 sese
1946 1869 2138 1924 reclu-

551 1947 654 2009 dit,
701 1954 752 2000 et
786 1940 1058 2013 processio
1098 1940 1160 1996 in
1206 1941 1481 2010 palatium
1522 1941 1709 1996 diebus
1743 1943 2006 2010 pro/estis
2044 1955 2139 1994 seu

550 2018 886 2094 quotidiana
915 2014 1154 2070 orditur.

552 2125 686 2180 Post
712 2122 1050 2179 absolutum
1085 2120 1348 2175 orthrum
1379 2135 1480 2174 seu
1524 2117 1778 2175 ofﬁcium
1823 2119 2139 2174 matutina-

478 2229 611 2270 rum
643 2211 944 2268 descendit
973 2209 1353 2266 hetaeriarcha
1384 2224 1514 2264 cum
1543 2209 1762 2264 caeteris
1793 2208 2135 2278 magistrati-

480 2304 592 2360 bus
624 2301 870 2357 hetzeriae
899 2303 956 2355 et
984 2315 1118 2354 cum
1149 2299 1412 2369 ejusdem
1447 2297 1839 2353 hebdomariis
1871 2298 1990 2369 [seu
2036 2313 2137 2367 per

475 2399 619 2456 llam
653 2397 1051 2470 septimanam
1085 2395 1308 2451 servitii
1341 2395 1495 2450 vices
1543 2395 1947 2466 obeuntibus],
1984 2399 2049 2450 ut
2079 2399 2136 2450 et

478 2488 684 2561 papias
713 2502 839 2542 cum
871 2482 1260 2540 hebdomariis
1289 2482 1683 2538 dietariorum
1715 2482 1825 2554 [vel
1858 2484 2131 2554 septima-

479 2577 662 2633 nariis
684 2572 1388 2644 atriensium]horumque
1417 2571 1839 2641 primicerio,et
1864 2572 2132 2643 aperiunt

483 2669 712 2738 portam
744 2662 1062 2718 eburneam
1107 2677 1121 2730 ;
1155 2664 1211 2716 et
1239 2660 1461 2716 intrant
1504 2659 1975 2732 parhebdomarii
2009 2661 2131 2732 [seu

482 2753 681 2810 vicarii
745 2749 1310 2822 septimanariorum]
1370 2749 1641 2817 hetaeriae,
1695 2758 1748 2805 et
1807 2752 2133 2806 ascendunt

481 2857 586 2916 per
635 2840 950 2906 cochleam,
1002 2842 1057 2895 et
1098 2839 1459 2895 descendunt
1494 2855 1600 2910 per
1639 2839 1962 2908 cochleam,
2005 2855 2129 2911 quae

479 2933 640 2989 ducit
671 2933 741 2988 ad
776 2935 1002 3002 portam
1033 2933 1304 3000 ganotam
1337 2929 1465 3001 [seu
1497 2928 1674 3001 polita
1705 2928 1924 2984 lamina
1975 2946 2129 2984 mar-

478 3039 676 3079 morea
705 3021 1136 3092 incrustatam],
1170 3035 1272 3089 per
1293 3035 1468 3090 quam
1493 3019 1686 3073 aditus
1706 3019 1776 3072 ad
1801 3018 2126 3073 lausiacum

475 3115 652 3182 patet.
670 3112 736 3164 Et
759 3126 859 3179 per
879 3109 1030 3164 hanc
1053 3112 1279 3178 portam
1306 3108 1524 3161 intrant
1546 3107 1602 3162 in
1621 3107 2122 3164 lausiacum.Tum

473 3199 726 3253 induunt
749 3195 1124 3251 hetaeriarcha
1147 3202 1321 3267 atque
1354 3195 1548 3266 papias
1571 3212 1678 3249 sua
1700 3199 2118 3268 searamangia,

472 3295 936 3360 praetereantque
986 3300 1118 3339 cum
1161 3284 1436 3338 diaetariis
1492 3283 2023 3355 chrysotriclinium
2065 3294 2119 3342 et

469 3374 860 3446 horologium,
891 3379 948 3428 et
978 3373 1250 3444 aperiunt
1284 3380 1530 3441 portam,
1563 3389 1690 3444 qua:
1721 3390 1788 3428 ex
1823 3373 2118 3447 horologio

468 3463 868 3520 inlausiacum
894 3462 1072 3517 ducit.
1103 3462 1312 3516 Deinde
1333 3461 1601 3532 aperiunt
1623 3479 1756 3516 cum
1784 3465 2119 3534 maglabitis

467 3561 518 3608 et
548 3551 1042 3622 parhebdomariis
1075 3551 1320 3605 hetaeriae
1351 3550 1669 3606 Justiniani
1703 3550 2022 3608 triclinium
2060 3559 2118 3609 et

466 3641 622 3714 scyla
637 3649 690 3697 et
712 3646 960 3711 portam,
987 3656 1114 3711 qua:
1138 3640 1195 3694 in
1220 3641 1437 3694 circum
1465 3646 1638 3710 patet.
1674 3641 1736 3695 Et
1760 3640 1838 3696 ibi
1877 3643 2113 3713 quidem

465 3731 524 3786 in
557 3730 728 3803 scylis
758 3731 1033 3784 sinuntur
1063 3744 1361 3784 remanere
1401 3733 1571 3799 atque
1613 3728 1881 3794 residere,
1913 3732 2012 3800 qui
2045 3733 2116 3786 ad

465 3819 716 3874 mediam
739 3818 1032 3874 heteriam
1053 3817 1359 3890 pertinent.
1387 3817 1771 3874 Hetaariarcha
1791 3835 1922 3874 vero
1946 3824 2115 3891 atque

462 3908 666 3979 papias
698 3912 756 3962 et
785 3909 882 3978 qui
912 3908 981 3962 ad
1005 3923 1280 3978 magnam
1308 3906 1600 3961 hetazriam
1626 3908 1916 3977 pertinent
1939 3915 2113 3979 atque

464 3998 708 4052 dimtarii
751 4003 1143 4054 revertuntur.
1188 3998 1580 4051 Heiaariarcha
1617 3997 1851 4066 quidem
1897 3999 2112 4052 residet

460 4087 520 4141 in
567 4084 816 4141 lausiaco
857 4097 985 4140 ante
1027 4095 1252 4157 portam
1298 4101 1539 4148 azneam,
1584 4100 1709 4152 quas
1751 4084 1810 4136 in
1853 4085 2108 4139 culinam

458 4175 638 4230 ducit.
673 4176 874 4246 Papias
905 4181 1098 4229 autem
1132 4175 1310 4227 intrat
1341 4174 1397 4226 in
1431 4171 1960 4242 chrysotriclinium
2000 4173 2113 4228 cla-

457 4278 675 4332 vesque
710 4262 945 4333 deponit
988 4263 1043 4313 in
1089 4276 1349 4328 scamno,
1387 4262 1539 4329 quod
1572 4262 1684 4313 stat
1731 4259 1883 4314 intra
1913 4259 2104 4316 velum

455 4365 696 4404 camara:
728 4350 813 4404 vel
846 4348 1085 4402 fornicis
1116 4349 1186 4402 ad
1219 4348 1574 4404 occidentem
1608 4349 1924 4418 spectantis
1955 4350 2104 4405 sini-

455 4440 611 4492 atrae.
640 4438 758 4492 Duo
784 4441 976 4491 autem
1002 4437 1238 4493 dizetarii
1262 4454 1527 4508 unusque
1548 4437 1862 4508 maglabita
1881 4439 2099 4494 abeun-

2156 3152 2204 3219 C

2675 1765 3071 1821 ΚΕΦΑΛΑΙΟΝ
3152 1767 3443 1821 ΠΡΩΤΟΝ.

2321 1871 2459 1950 ’ίΟσα
2513 1865 2595 1923 δεῖ
2640 1869 3076 1950 παραφυλάττειν
3158 1875 3291 1950 καθ’-
3361 1871 3588 1944 ἐκαστην
3653 1875 3892 1950 ἡμέραν,

2319 1939 2632 2030 ᾀνοίγιξντος
2696 1939 2811 2030 τοῦς
2859 1941 3128 2030 παλατίου
3205 1944 3295 1998 καὶ
3359 1947 3456 2013 τῆς
3515 1939 3894 2021 καθημερινῆς

2325 2011 2618 2084 ἱσταμένης
2646 2011 3047 2085 προελεύσεως,

2321 2117 2473 2173 Μετὰ
2501 2120 2600 2186 τὴν
2633 2122 2730 2173 τοῦ
2762 2115 2961 2194 ὅρθροο
2994 2119 3261 2175 ἀπόλυσιν
3295 2123 3617 2197 κατέρχεται
3663 2125 3690 2178 6
3751 2126 3893 2181 ἑται-

2247 2206 2509 2282 ρειάρχης
2545 2207 2678 2278 μετὰ
2733 2213 2841 2262 τῶν
2899 2209 3178 2283 ἀρχόντων
3227 2217 3326 2279 τῆς
3359 2211 3624 2284 ἑταιρείας
3656 2214 3752 2268 καὶ
3791 2219 3896 2270 τῶν

2243 2301 2342 2363 τῆς
2377 2296 2642 2370 ἑταιρείας
2695 2291 3061 2371 ἐϐδομαρίων,
3093 2297 3302 2372 ὁμοίως
3342 2299 3486 2354 καὶὸ
3518 2303 3730 2366 παπίας
3764 2307 3894 2376 μετὰ

2244 2387 2350 2437 τῶν
2415 2381 2753 2460 έδὸομαρίων
2812 2383 3127 2461 ὃιαιταρίων
3183 2388 3274 2442 καὶ
3345 2393 3442 2443 τοῦ
3523 2394 3892 2467 πριμικηρὲον

2244 2472 2441 2538 αὐτῶν,
2505 2473 2594 2528 καὶ
2652 2472 2960 2550 ἀνοίγουσιν
3007 2477 3105 2545 τήν
3157 2474 3528 2556 ἐλεφαντίνην,
3568 2479 3662 2533 καὶ
3724 2481 3892 2556 εἰσέρ-

2243 2579 2433 2634 χονται
2466 2562 2516 2616 οἱ
2565 2558 3000 2638 παρεϐδομάριοι
3030 2571 3130 2634 τῆς
3175 2566 3463 2642 ἑταιρείας,
3493 2569 3585 2622 καὶ
3625 2569 3891 2645 ἀνερχον-

2240 2669 2328 2703 ται
2361 2647 2451 2704 διὰ
2477 2655 2573 2705 τοῦ
2603 2649 2862 2727 κοχλιυῦ,
2898 2655 2982 2708 καὶ
3016 2653 3372 2729 κατέρχονται
3402 2660 3500 2710 τοῦ
3532 2657 3779 2732 κοχλιοῦ
3797 2665 3889 2715 τοῦ

2241 2739 2576 2814 κατάγοντος
2626 2739 2702 2802 εἷς
2759 2742 2858 2810 τὴν
2907 2745 3158 2818 γανωτήν
3205 2742 3386 2814 πύλην
3440 2745 3537 2812 τὴν
3569 2745 3889 2823 εῗσᾶγουσαν

2241 2824 2316 2888 είς
2375 2828 2466 2882 τὸν
2529 2828 2845 2900 λαυσιακὸν,
2878 2830 2967 2883 καὶ
3025 2828 3096 2884 δι’
3145 2830 3312 2901 αὐτῆς
3339 2839 3440 2902 τῆς
3476 2835 3663 2904 πύλης
3713 2836 3886 2912 sia-i9.

2239 2935 2430 2991 χονται
2465 2919 2540 2980 εἰς
2597 2921 2688 2974 τὸν
2747 2920 3060 2977 λαυσιακόν.
3099 2924 3158 2979 Ὀ
3209 2920 3266 2977 δὲ
3298 2923 3691 3000 ἑταιρειάρχης
3756 2928 3877 3000 μετᾶ

2235 3009 2330 3059 τοῦ
2389 3007 2592 3061 παπίου
2651 3007 3013 3064 ἀλλάσσουσιν
3070 3011 3137 3065 τὰ
3193 3013 3396 3067 ἑαυτῶν
3477 3017 3859 3091 σκαραμάγγια,

2235 3093 2325 3147 καὶ
2355 3097 2491 3166 μετά
2521 3093 2832 3170 διαιταρίων
2873 3096 3180 3175 διέρχονται
3213 3098 3301 3156 διὰ
3358 3106 3454 3157 τοῦ
3485 3104 3865 3179 ’χρυσοτρικλὶ-

2234 3205 2328 3237 νου
2363 3186 2448 3239 καὶ
2479 3191 2576 3240 τοῦ
2608 3186 2946 3264 ὡρολογίου,
2977 3191 3067 3245 καὶ
3105 3191 3414 3266 ἂνοίγουσιν
3455 3195 3556 3263 τήν
3591 3195 3874 3269 ἐξάγουσον

2226 3272 2408 3342 πύλην
2457 3277 2560 3330 ἀπὸ
2610 3281 2706 3332 τοῦ
2756 3277 3062 3355 ὡρολογίου
3119 3280 3194 3342 εἰς
3245 3282 3335 3336 τὸν
3388 3281 3708 3342 λαυσιακὸν.
3752 3286 3869 3349 Εἴθ’

2227 3361 2399 3423 οὕτως
2435 3365 2570 3436 μετὰ
2635 3372 2741 3420 τῶν
2806 3365 3160 3445 μαγλαϐιτῶν
3213 3373 3303 3425 καὶ
3351 3376 3460 3426 τῶν
3516 3369 3869 3449 παρεϐδομαο

2227 3451 2356 3524 ρίιυν
2413 3460 2513 3522 τῆς
2582 3455 2846 3530 ἑταιρείας
2876 3457 3152 3530 ἀνοίγουσι
3190 3460 3283 3515 τὸν
3336 3461 3723 3518 Ἰουστινιανοῦ
3752 3463 3872 3537 τρί-

2223 3539 2408 3596 κλινον
2435 3544 2524 3596 καὶ
2554 3544 2621 3599 τὰ
2653 3547 2824 3601 σκ·3λα
2852 3547 2940 3602 καὶ
2971 3549 3068 3616 τὴν
3112 3548 3400 3627 ἐξάγουσαν
3430 3550 3508 3614 εἷς
3553 3552 3646 3607 τὸν
3705 3553 3872 3608 ἱππό-

2224 3625 2430 3703 δρομον
2462 3631 2668 3703 πύλην,
2700 3636 2788 3688 καὶ
2822 3636 2872 3689 οἱ
2915 3637 3010 3709 μὲν
3042 3639 3139 3706 τῆς
3173 3625 3342 3710 μέσης
3373 3639 3637 3713 ἑταιρείας
3671 3639 3868 3697 ἐῶνται

2223 3719 2536 3788 καθέζεσθαι
2590 3723 2664 3785 είς
2694 3726 2759 3778 τὰ
2827 3725 2997 3779 σκόλια
3053 3727 3096 3784 ⁴.
3142 3727 3200 3785 Ὀ
3233 3725 3290 3783 δὲ
3347 3729 3738 3809 ἑταιρειάρχης
3776 3735 3868 3786 καὶ

2223 3812 2250 3865 6
2300 3811 2505 3871 παπίας
2555 3815 2642 3866 καὶ
2693 3814 2746 3866 οἱ
2795 3821 2891 3882 τῆς
2946 3813 3191 3890 μεγᾶλης
3240 3817 3506 3891 ἑταιρείας
3558 3821 3693 3893 μετᾶ
3758 3826 3870 3876 τῶν

2222 3898 2536 3974 διαιταρίων
2594 3901 3042 3979 ὑποστρέφουσιν,
3083 3906 3172 3958 καὶ
3232 3906 3259 3960 6
3321 3907 3415 3978 μὲν
3474 3907 3866 3985 ἐταιρειὰρχης

2219 3988 2514 4062 ἐρχόμενος
2543 3993 2817 4060 καθέζεται
2853 3993 2927 4053 εἷς
2956 3993 3046 4048 τὸν
3082 3991 3376 4049 λαυσιακὸν
3417 3997 3523 4070 πρὸ
3561 4005 3662 4067 τῆς
3719 4014 3864 4075 χαλ-

2214 4085 2317 4146 κῆς
2351 4079 2530 4150 πῦλης
2581 4087 2680 4148 τῆς
2739 4079 3064 4155 ἀνοιγούσης
3097 4084 3172 4146 εἰς
3218 4084 3280 4138 τὸ
3317 4091 3646 4160 διαγειρεῖον.
3700 4089 3762 4146 Ὀ
3802 4087 3860 4144 δὲ

2213 4166 2414 4222 παπίας
2447 4169 2750 4243 εἰσέρχεται
2801 4170 2876 4232 εἰς
2926 4172 3016 4225 τὸν
3051 4173 3521 4249 χρυσοτρίκλινον,
3561 4178 3651 4230 καὶ
3675 4178 3858 4248 τίθησι

2210 4255 2277 4308 τὲ
2315 4255 2527 4310 κλειδία
2557 4258 2631 4318 εἷς
2687 4260 2748 4312 τὸ
2801 4259 3039 4334 σκαμνον
3091 4263 3154 4315 τὸ
3215 4263 3501 4334 ἱστάμενον
3552 4260 3700 4320 ἔνδον
3757 4273 3855 4322 τοῦ

2214 4343 2391 4415 βήλου
2448 4353 2546 4414 τῆς
2587 4349 2722 4420 πρὸς
2776 4346 2925 4404 δύσιν
2985 4351 3269 4428 ἀριστερᾶς
3322 4353 3588 4428 καμάρας.
3641 4357 3747 4410 Δύο
3796 4354 3854 4410 δὲ

2210 4429 2505 4508 διαιταριοι
2566 4437 2700 4508 μετὰ
2755 4433 3097 4512 μαγλαϐίτου
3158 4441 3512 4517 ἀπέρχονται,
3564 4444 3653 4499 καὶ
3702 4445 3852 4501 ἀνοί-

450 4531 539 4582 tes
579 4524 739 4580 illinc
780 4525 1048 4596 aperiunt
1090 4528 1431 4583 socretarias
1472 4536 1524 4582 et
1566 4533 1812 4599 portam,
1858 4544 1984 4598 qua:
2029 4530 2097 4583 ad

2235 4543 2391 4577 ὀυσιν
2430 4525 2494 4577 τα
2540 4546 2597 4578 τε
2657 4526 2988 4602 ἆσηκρητεῖα
3035 4528 3124 4583 καὶ
3165 4533 3265 4600 τήν
3315 4529 3609 4608 ἐξάγουσαν
3665 4535 3741 4596 εἰς
3788 4538 3849 4590 τὸ

449 4614 669 4670 idicum
703 4629 805 4668 seu
838 4614 1041 4668 ﬁscum
1074 4616 1294 4670 domini
1339 4617 1684 4684 peculiarem
1720 4618 1896 4671 ducit.
1943 4617 2095 4671 Heb-

449 4701 694 4758 domarii
725 4707 918 4756 autem
952 4703 1193 4756 ccetonis
1225 4709 1524 4770 acceptum
1552 4721 1584 4757 a
1612 4704 1884 4759 vestiario
1906 4721 2093 4762 scara-

449 4790 749 4861 mangium
805 4791 1165 4862 imperatoris
1211 4791 1510 4862 deponunt
1541 4792 1601 4847 in
1643 4810 1896 4859 scamno,
1936 4796 2091 4864 quod

446 4883 536 4934 est
565 4885 726 4935 extra
756 4883 981 4950 portam
1023 4888 1346 4949 argenteam
1386 4881 1617 4937 caetonis
1647 4881 1830 4951 illam,
1864 4897 1986 4952 quas
2030 4883 2087 4937 in

446 4966 972 5036 chrysotriclinium
1054 4969 1264 5023 educit.
1348 4973 1598 5024 Decursa
1667 4971 1848 5040 prima
1922 4971 2086 5037 hora,

441 5056 599 5110 venit
628 5057 1024 5114 diaetariorum
1056 5056 1446 5128 primicerius,
1479 5061 1536 5113 et
1568 5073 1702 5113 cum
1723 5059 1880 5115 clave
1905 5061 2085 5117 obicis

2206 4609 2406 4665 είδικὸν
2457 4612 2658 4683 πύλην·
2704 4615 2754 4668 οἱ
2798 4614 2853 4670 δὲ
2881 4621 2978 4672 τοῦ
3019 4623 3284 4681 κοιτῶνος
3314 4617 3636 4697 ἑϐδομάριοι
3664 4623 3848 4699 α’ίρου-

2206 4721 2286 4753 σιν
2319 4698 2424 4754 ἄπὸ
2471 4705 2567 4755 τοῦ
2621 4703 2927 4777 βεστιαρίου
2973 4706 3035 4761 τὸ
3081 4711 3178 4761 τοῦ
3224 4707 3495 4783 βασιλέως
3527 4698 3847 4788 σκαραμάγ-

2200 4810 2338 4865 γιον,
2389 4791 2478 4844 καὶ
2528 4790 2886 4871 ἀποφέροντες
2933 4794 3167 4850 τιθέασιν
3218 4797 3348 4852 αὐτὸ
3402 4799 3480 4861 εἷς
3509 4801 3571 4855 τὸ
3605 4804 3839 4876 σκάμνον

2199 4878 2261 4932 τὸ
2293 4875 2393 4948 ἔξω
2422 4884 2528 4933 τῶν
2569 4882 2816 4956 ἀργυρῶν
2851 4884 3039 4939 πυλῶν
3094 4891 3191 4941 τοῦ
3241 4893 3500 4950 κοιτῶνος
3533 4890 3840 4964 ἱστάμενον,

2199 4965 2452 5038 δηλονότι
2515 4975 2621 5024 τῶν
2679 4970 2976 5046 ἐξαγόντων
3034 4975 3111 5037 εἰς
3186 4977 3276 5032 τὸν
3357 4980 3836 5056 χρυσοτρίκλινον.

2198 5057 2301 5114 Καὶ
2349 5066 2451 5128 τῆς
2485 5062 2708 5135 πρώτης
2760 5061 2903 5136 ὣρας
2952 5062 3368 5141 πληρουμένης,
3412 5067 3635 5144 ἔρχεται
3677 5073 3704 5125 ὁ
3736 5073 3838 5127 τῶν

1807 5214 2040 5270 νΑῐὶΙᾹΞ
2081 5215 2496 5272 LECTIONES.

502 5337 526 5370 ⁴
557 5338 772 5410 ΣΧΟᾹ,
805 5338 1025 5411 Ἰστέον,
1058 5339 1140 5395 ὅτι
1169 5347 1269 5410 τῆς
1304 5339 1551 5417 μεγάλης
1585 5340 1850 5414 ἑταιρείας
1871 5337 2194 5417 ἐϐδομάριοι
2233 5341 2424 5400 ἐῶνται
2454 5345 2764 5416 καθέζεσθαι
2808 5348 2896 5406 ἐπὶ
2929 5355 3026 5407 τοῦ
3058 5353 3279 5430 ῥαφείου

1473 5498 1670 5554 JOAN.
1712 5497 1855 5555 JAC.
1899 5499 2163 5557 REISKII
2203 5501 2776 5564 COMMENTARIUS.

501 5635 629 5731 £96“).
657 5636 1134 5731 igneas—lipsi—tpsio'o.
1161 5644 1329 5731 Puto
1360 5645 1562 5731 locum
1607 5643 1808 5712 fuisse,
1853 5644 1948 5701 ubi
1997 5653 2245 5704 sartores
2286 5647 2616 5722 imperiales
2661 5655 2954 5714 officinam
2997 5657 3309 5731 habebant,
3353 5661 3448 5717 ubi
3490 5666 3679 5720 vestes
3725 5681 3823 5720 au-

428 5699 550 5757 lica:
583 5699 634 5756 et
663 5699 910 5764 donaria:
941 5699 1467 5770 cbnsarciebantur.
