4172 6300
475 348 591 412 979
1537 345 2061 412 CONSTANTINI
2106 343 2817 408 POBPHYROGENITI
3755 351 3855 409 980

482 499 719 558 quoque
757 497 948 541 coram
989 497 1056 541 eo
1111 483 1459 556 precedens,
1522 483 1790 555 introque
1849 481 2012 537 ducit
2066 481 2125 536 in

2263 477 2532 552 ιογοθέτου
2572 475 2909 541 εἰσελθόντος
2958 472 3119 530 ἔνδον
3156 473 3251 530 τοῖ’)
3289 471 3502 550 βήλου,
3551 474 3725 530 πίπτει
3782 477 3861 532 έπ-

477 571 1036 645 cbrysotriclinium.
1071 573 1195 639 Quo
1225 572 1524 641 ingressus
1552 571 1845 643 logotheta
1871 571 2123 643 procidit

2263 565 2473 645 Sigeon:
2540 569 2873 641 προσκυνῶν,
2931 564 3021 619 καὶ
3073 564 3265 625 εὐθέως
3310 563 3603 639 ἀνέρχεται
3633 564 3758 638 πρὸς
3790 566 3866 620 τὸν

481 663 647 719 humi
676 663 830 719 intra
850 662 1064 732 velum,
1096 666 1156 717 et
1182 663 1385 717 adorat
1433 661 1764 726 dominum,
1807 661 2126 732 statimque

482 768 733 826 surgens
763 752 982 808 accedit
1011 752 1084 806 ad
1137 766 1293 807 eum.
1352 750 1721 820 Tenendum,
1769 748 2126 822 logothetam

481 840 880 913 egredientem
912 844 968 895 et
1016 855 1221 895 rursus
1266 839 1584 895 intrantem
1626 854 1745 895 non
1811 853 2037 908 rursus,
2068 842 2132 891 ut

482 929 675 1000 prima
702 927 827 985 vice
857 927 1196 1000 ingrediens
1242 929 1478 998 fecerat,
1510 929 1819 984 dominum
1868 928 2127 983 adorare.

482 1018 710 1074 Pariter
737 1018 788 1074 si
818 1034 994 1089 quem
1027 1018 1366 1076 archontem
1398 1019 1488 1075 vel
1522 1019 1865 1074 honoratum
1924 1015 2133 1087 palati-

487 1122 630 1162 num
683 1110 786 1163 aut
834 1110 892 1163 et
940 1107 1301 1164 senatorium
1344 1107 1537 1163 videre
1585 1107 1749 1178 cupit
1795 1105 2135 1178 imperator,

488 1195 822 1268 ingreditur
840 1195 962 1265 ille,
978 1201 1376 1268 consuctoque
1396 1197 1566 1253 modo
1589 1197 1794 1252 adorat
1822 1195 1989 1250 humi
2014 1212 2142 1267 pro-

488 1286 710 1355 cidens,
743 1291 801 1342 et
831 1303 1037 1343 rursus
1068 1287 1204 1342 exit.
1236 1292 1312 1340 At
1339 1286 1391 1341 si
1416 1287 1610 1342 denuo
1632 1285 2142 1356 ﬂagitatusintret,

499 1390 616 1430 non
632 1373 806 1431 iterat
818 1374 1238 1432 adorationem.
1265 1376 1330 1430 In
1354 1374 1593 1445 reliquis
1614 1375 1889 1430 omnibus
1913 1374 2146 1440 diebus,

492 1464 729 1533 quando
761 1479 878 1519 non
920 1467 1091 1536 urget
1129 1480 1319 1535 neque
1369 1464 1630 1520 continet
1676 1466 1997 1519 necessitas
2048 1479 2148 1517 cu-

494 1551 665 1607 randi
710 1554 766 1608 et
786 1551 1131 1621 expediundi
1155 1553 1387 1624 publica
1409 1554 1661 1625 negotia,
1690 1553 1909 1609 dantur
1932 1551 2150 1620 missae,

499 1638 648 1695 hora
678 1640 860 1696 tertia
882 1640 1065 1697 ﬁnita.
1102 1642 1357 1699 instante
1378 1646 1573 1697 autem
1601 1641 1742 1699 hora
1763 1640 1852 1698 vel
1874 1646 2153 1712 tempore,

504 1744 619 1800 quo
651 1729 1064 1786 missasdandas
1082 1730 1338 1798 sunt,ait
1367 1730 1686 1802 imperator
1705 1729 1888 1802 papiaa
1912 1746 1926 1784 :
1960 1752 1989 1780 «
2017 1731 2144 1795 Abi,

2246 656 2496 731 βασιλέα.
2529 656 2745 724 Ἱστέον,
2777 654 2885 723 ὅτι,
2916 659 3012 709 τοῦ
3044 652 3340 728 λογοθέτου
3383 651 3743 728 ἐξερχομένου
3792 657 3865 709 καὶ

2236 743 2403 799 πάλιν
2453 745 2868 819 εἰσερχομένου,
2922 744 2989 797 οὗ
3018 747 3337 816 προσκυνεῖ.
3392 739 3620 809 Ἰστέον,
3653 740 3732 796 ὅτι
3773 744 3868 796 οἷόν

2241 854 2359 889 τινα
2380 830 2621 908 ἄρχοντα
2650 832 2684 902 ἢ
2720 830 3084 908 συγκλητικὸν
3116 829 3333 886 κελεύει
3387 831 3417 884 6
3475 828 3733 903 βασιλεὺς
3771 830 3872 884 θεᾶ-

2238 933 2451 991 σασθαι,
2482 921 2867 995 εἰσερχόμενος
2909 920 2937 974 6
2994 924 3242 981 τοιοῦτος
3282 918 3484 973 πίπτει
3516 919 3609 972 καὶ
3658 938 3869 990 προσκν-

2238 1020 2316 1069 νεῖ
2344 1014 2434 1067 καὶ
2482 1011 2783 1091 ἐξέρχεται.
2849 1011 2913 1069 El
2972 1010 3030 1067 δὲ
3058 1011 3221 1067 πάλιν
3287 1009 3557 1086 βουληθῇ
3586 1013 3745 1063 τοῦτο
3775 1008 3878 1072 θεά-

2241 1114 2428 1166 σασθαι
2460 1102 2489 1155 ὁ
2525 1100 2797 1176 βσσιλεὺς,
2828 1100 2880 1155 έν
2910 1098 2990 1171 τῷ
3023 1098 3371 1175 εἲσέρχεσθαι
3400 1102 3604 1153 τοῦτον
3633 1096 3693 1150 ού
3738 1117 3880 1169 προσ-

2239 1195 2410 1246 κυνεῖ.
2439 1190 2658 1258 Ἱστέον,
2690 1188 2772 1243 ὅτι
2831 1187 2882 1243 έν
2922 1193 3042 1252 ταῖς
3087 1186 3362 1263 μεγάλαις
3397 1186 3661 1261 ἡμέραις,
3702 1185 3744 1240 εἰ
3791 1184 3870 1241 οὒκ

2240 1276 2433 1348 ἔστινὴ
2465 1278 2755 1352 ἐπείγουσα
2782 1278 2872 1332 γαὶ
2920 1278 3225 1352 συνέχουσα
3256 1274 3493 1331 δουλεία
3525 1276 3602 1337 εἷς
3650 1277 3746 1345 τὴν
3784 1280 3872 1329 τῶν

2247 1373 2529 1445 δημοσίων
2562 1372 2896 1448 πραγμάτων
2930 1370 3244 1444 ἀντίληψιν,
3276 1368 3534 1425 δίδονται
3555 1368 3737 1443 μῖνσεὶι
3765 1372 3877 1438 (71),

2246 1460 2393 1536 ὥρας
2449 1463 2640 1537 τρίτης
2691 1460 3104 1535 πληρουμένης.
3158 1461 3382 1531 Ἰστέον,
3432 1459 3546 1527 ὅτι,
3607 1464 3704 1527 τῆς
3763 1457 3883 1531 ὥρας

2247 1543 2686 1617 καταλαϐούσης,
2720 1549 2810 1601 ὅτε
2861 1546 3155 1620 μέλλουσιν
3210 1546 3461 1623 γίνεσθαι
3515 1545 3718 1617 μὶνσαι,
3761 1541 3886 1617 λέγει

2250 1637 2278 1691 6
2343 1634 2596 1711 βασιλεὺς
2651 1636 2788 1710 πρὸς
2846 1636 2941 1690 τὸν
2988 1636 3212 1691 ποιειτίαν⁵
3282 1657 3313 1688 ι(
3371 1632 3645 1702 Ἀπελθε,
3685 1632 3886 1702 ποίὴσον

2256 1725 2465 1797 μίνσας.
2501 1748 2530 1777 ι)
2581 1724 2679 1779 Καὶ
2730 1722 2927 1787 εὐθέως
2975 1723 3147 1800 αἴρων
3188 1726 3217 1779 ὁ
3242 1724 3464 1785 παπίας
3498 1723 3608 1777 ἀπὸ
3643 1725 3737 1777 τοῦ
3779 1720 3889 1774 σκά-

500 1820 591 1874 fac
624 1818 859 1875 missas.
893 1840 921 1870 »
970 1819 1174 1888 Papias
1203 1818 1387 1892 igitur
1433 1820 1700 1890 protinus
1753 1818 2074 1891 corripiens
2115 1836 2146 1874 a

2263 1835 2392 1886 μνου
2436 1813 2503 1869 τὰ
2540 1810 2776 1883 κλειδία,
2818 1812 3184 1889 ἐξερχόμενος
3244 1818 3434 1868 ταῦτα
3479 1810 3725 1878 διασείει,
3770 1807 3888 1863 ὥστε

500 1923 743 1965 scamno
773 1906 973 1963 claves
989 1907 1307 1980 egreditur,
1329 1924 1546 1980 easque
1579 1912 1952 1979 conquassat,
1977 1913 2035 1963 et
2063 1908 2146 1963 sic

2263 1908 2325 1975 τῇ
2373 1903 2579 1959 τούτων
2640 1901 2891 1958 διασείσει
2957 1905 3162 1959 κτύπον
3218 1904 3637 1970 ἀποτελεῖσθαι,
3684 1901 3769 1956 ’ἱνα
3819 1897 3889 1954 διὰ

502 1996 810 2067 strepitum
844 1997 1007 2063 facit,
1038 2012 1070 2053 ο
1100 2012 1217 2068 quo
1246 2001 1824 2069 agnoscuntomnes,
1856 1997 2088 2068 papiam
2119 2012 2152 2051 e

501 2084 964 2158 chrysotriclinio
992 2101 1294 2157 egressum
1328 2092 1540 2143 missas
1571 2087 1775 2144 facere.
1809 2086 2150 2143 communi-

503 2176 617 2233 bus
638 2192 735 2232 seu
761 2174 1031 2248 profestis
1053 2176 1260 2233 diebus
1290 2177 1505 2234 residet
1533 2176 1849 2249 imperator
1869 2177 1929 2233 in
1952 2178 2154 2234 dextra

506 2270 672 2337 parte
699 2265 918 2335 throni,
947 2281 1074 2337 quas
1124 2266 1196 2321 ad
1246 2267 1532 2322 orientem
1576 2271 1819 2336 spectat,
1873 2265 1932 2321 in
1982 2282 2155 2322 aurea

508 2369 719 2426 nempe
748 2353 913 2422 sella,
936 2370 1064 2425 quae
1094 2354 1175 2410 ibi
1206 2358 1341 2421 stat,
1367 2355 1515 2410 σοι
1553 2355 1796 2411 indutus
1825 2371 2157 2411 scaraman-

509 2442 604 2513 gio
635 2443 854 2513 absque
886 2457 1024 2513 sago
1057 2458 1198 2497 auro
1229 2447 1584 2514 praetextato.
1607 2442 1826 2499 Verum
1852 2443 1913 2499 in
1945 2444 2156 2499 diebus

512 2528 834 2585 Dominicis
865 2530 1027 2585 sedet
1056 2529 1117 2584 in
1148 2529 1345 2586 throni
1382 2530 1622 2586 sinistra
1668 2536 1831 2599 parte
1878 2530 1940 2586 in
1991 2531 2156 2597 sella,

515 2634 639 2690 quae
667 2618 749 2674 ibi
781 2621 913 2685 stat,
947 2617 1181 2675 blatteis
1207 2618 1471 2689 instrata,
1514 2619 1753 2675 indutus
1800 2624 2009 2692 praeter
2043 2620 2159 2675 alia

519 2707 694 2762 etiam
727 2723 865 2777 sago
894 2723 1036 2762 auro
1091 2707 1500 2782 circumsepto.
1555 2709 1623 2765 Et
1669 2714 1812 2765 tunc
1876 2709 2158 2781 temporis

515 2796 738 2852 intrant
766 2811 881 2852 non
914 2796 1210 2868 logotheta
1239 2799 1485 2870 primus,
1519 2800 1618 2855 sed
1650 2804 1785 2856 ante
1816 2814 1949 2856 eum
1984 2799 2157 2854 mini-

521 2885 649 2952 stri,
684 2885 784 2957 qui
811 2886 881 2941 ad
906 2885 1438 2958 chrysotriclinium
1462 2894 1745 2958 spectant,
1777 2889 2091 2944 introducti
2125 2905 2161 2944 a

518 2976 714 3047 papia,
746 2973 847 3046 qui
876 2990 975 3030 eos
1008 2974 1161 3031 intra
1189 2977 1383 3031 velum
1415 2977 1698 3032 attractile
1722 2978 1780 3031 in
1814 2976 2159 3032 occidentali

517 3062 760 3117 triclinii
791 3067 951 3133 parte
982 3063 1240 3134 pendens
1267 3063 1528 3119 collocat.
1563 3067 1626 3119 In
1671 3064 1873 3119 eadem
1922 3064 2161 3119 sinistra

523 3148 720 3203 throni
763 3153 929 3220 parte
991 3150 1206 3205 residet
1267 3166 1498 3221 quoque
1555 3151 1889 3222 imperator,
1939 3151 1987 3205 si
2038 3151 2162 3207 vult

527 3239 751 3290 exteros
782 3236 1063 3305 quosdam
1094 3238 1165 3292 ad
1198 3252 1260 3293 se
1293 3238 1621 3307 admittere,
1666 3253 1876 3310 sagum
1927 3238 2164 3295 indutus

531 3339 676 3382 auro
707 3322 1187 3396 circumseptum,
1223 3326 1655 3384 introeuntibus
1685 3332 1817 3385 ante
1859 3326 2067 3400 legatis
2110 3332 2168 3385 et

530 3411 821 3468 stantibus
852 3411 1303 3486 chrysotriclinii
1337 3416 1623 3473 ministris
1653 3417 1855 3473 eodem
1911 3418 2081 3473 modo
2110 3420 2168 3473 et

531 3499 775 3568 ibidem,
807 3504 984 3574 atque
1024 3503 1247 3560 dictum
1295 3509 1399 3560 est.
1450 3506 1665 3562 Diebus
1712 3506 2029 3562 Dominicis
2070 3522 2165 3562 ve-

526 3588 701 3645 niunt
753 3591 1018 3662 magistri
1064 3597 1121 3649 et
1167 3594 1396 3666 patricii
1459 3599 1517 3651 et
1572 3594 1850 3651 officiales
1906 3595 1965 3651 in
2007 3594 2164 3667 sagis

528 3678 716 3735 russis
746 3679 818 3735 ad
853 3682 1280 3752 processionem
1311 3683 1393 3755 [id
1423 3687 1510 3740 est
1539 3683 1601 3740 in
1630 3683 1818 3741 aulam
1848 3685 1921 3741 ad
1952 3684 2167 3742 scrinia

534 3769 592 3820 et
619 3768 1018 3837 expeditiones
1049 3770 1299 3843 quisque
1332 3773 1493 3845 suas]
1519 3789 1533 3840 ;
1574 3773 1780 3841 diebus
1806 3778 1996 3829 autem
2026 3790 2167 3845 pro-

534 3852 702 3908 festis
732 3855 794 3910 in
824 3859 1418 3930 scaramangiis.Atsi
1434 3860 1671 3917 voluerit
1702 3863 1973 3918 dominus
1994 3862 2167 3918 etiam

532 3942 806 4012 profestis
849 3945 1152 4017 magistros
1203 3952 1262 4003 et
1306 3949 1580 4020 patricios
1613 3950 1825 4019 videre,
1869 3950 2168 4006 introeunt

534 4030 605 4085 ad
632 4046 765 4088 eum
799 4033 861 4088 in
889 4036 1044 4107 sagis
1075 4036 1282 4094 russis.
1308 4038 1597 4095 Ofﬁciales
1625 4043 1821 4094 autem
1871 4040 2168 4095 introeunt

539 4118 632 4189 [ad
664 4119 993 4194 dominum]
1025 4124 1230 4180 diebus
1260 4127 1495 4195 quidem
1526 4125 1844 4182 Dominicis
1890 4127 1950 4182 in
1983 4127 2165 4183 russis

526 4206 652 4262 suis
682 4208 861 4279 sagis,
888 4211 1157 4280 profestis
1189 4217 1384 4267 autem
1418 4214 1478 4268 in
1509 4215 1941 4287 scaramangiis.
1963 4215 2022 4270 Si
2055 4232 2164 4271 ex-

528 4292 718 4364 cipere
748 4296 1067 4367 imperator
1098 4303 1402 4355 extraneos
1447 4303 1730 4373 quosdam
1761 4303 1820 4359 in
1852 4304 2167 4377 chrysotri-

526 4378 706 4435 clinio
737 4381 861 4437 vult
893 4399 1081 4454 neque
1112 4390 1313 4442 tamen
1347 4389 1520 4461 capiti
1551 4406 1657 4446 suo
1699 4391 1943 4448 infulam
1975 4392 2164 4464 impo-

528 4484 682 4537 nere,
709 4471 901 4526 induit
921 4490 1192 4532 coronam
1218 4493 1367 4546 eam,
1401 4495 1528 4550 quae
1550 4480 1761 4536 dicitur
1780 4482 2162 4549 caesaricium,

2193 3198 2237 3264 C

2259 1997 2356 2049 τοῦ
2402 1993 2608 2048 κτύπου
2665 1997 2836 2066 γνῶσι
2898 1994 3114 2060 πάντες,
3172 1990 3497 2069 ἒξέρχεσθαι
3562 1993 3653 2048 τὸν
3711 1987 3887 2046 παπίαν

2259 2089 2487 2153 ποιῆσαι
2519 2081 2727 2154 μίνσας.
2761 2078 2980 2151 Ἰστέον,
3013 2082 3096 2136 ὃτι
3140 2087 3259 2144 ταῖς
3299 2085 3708 2156 καθημεριναῖς
3736 2079 3763 2132 ὁ
3809 2077 3888 2150 βα-

2262 2170 2444 2233 σιλεὺς
2474 2171 2525 2226 ἐν
2570 2175 2651 2242 τῷ
2688 2171 2826 2244 πρὸς
2863 2168 3131 2233 ἀνατολὰς
3164 2166 3329 2243 δεξιῷ
3374 2172 3537 2244 μέρει
3580 2168 3676 2224 τοῦ
3723 2167 3889 2243 θρόνου

2262 2262 2315 2318 ἐν
2345 2267 2425 2334 τῷ
2471 2261 2642 2317 ἐκεῖσε
2690 2261 2958 2334 ἱσταμένῳ
3006 2265 3197 2337 χρυσῷ
3235 2260 3457 2333 σελλίῳ
3498 2261 3772 2329 καθέζεται
3805 2255 3893 2311 ἀπὸ

2263 2350 2675 2425 σκαραμαγγίου
2735 2347 2858 2404 ἄνευ
2914 2354 3011 2406 τοῦ
3066 2348 3646 2425 χρυσοπερικλείστου
3711 2345 3890 2422 σαγίου’

2265 2441 2317 2497 ἐν
2351 2438 2409 2494 δὲ
2463 2444 2583 2499 ταῖς
2614 2442 2906 2514 Κυριακαῖς
2960 2437 3011 2493 ἒν
3055 2440 3135 2511 τῷ
3183 2439 3466 2514 ἀριστερῴ
3519 2438 3671 2513 μέρει
3698 2440 3788 2490 τοῦ
3816 2432 3893 2487 αύ-

2263 2532 2360 2584 τυῦ
2418 2528 2610 2601 θρόνου
2658 2525 2711 2581 ἐν
2770 2530 2849 2598 τῷ
2904 2525 3075 2582 ἐκεῖσε
3134 2527 3414 2601 ἱσταμένῳ
3486 2523 3889 2601 βλαττοστρώτῳ

2266 2616 2540 2685 καθέζεται
2591 2614 2817 2688 σελλίῳ,
2865 2611 3345 2692 περιϐεϐλημένος
3378 2616 3475 2672 καὶ
3534 2617 3596 2670 τὸ
3654 2631 3891 2689 χρυσοπεε

2270 2704 2571 2782 ρίκλειστον
2614 2704 2814 2781 σαγίον.
2860 2705 2963 2761 Καὶ
3000 2705 3106 2780 πρὸ
3143 2710 3240 2760 τοῦ
3293 2704 3573 2762 εἰσελθεῖν
3619 2705 3709 2759 τὸν
3748 2700 3893 2775 λογο-

2269 2797 2428 2866 θέτην
2471 2792 2809 2869 εἰσέρχονται
2868 2795 2919 2849 οἱ
2957 2798 3054 2850 τοῦ
3111 2794 3606 2871 χρυσοτρικλίνου·
3638 2790 3818 2866 sicci-{st
3845 2784 3891 2841 δὶ

2265 2880 2494 2943 τούτους
2551 2881 2580 2934 ὁ
2636 2880 2864 2947 παπίας,
2921 2879 3011 2934 καὶ
3059 2878 3306 2939 ’ίστανται
3375 2875 3529 2937 ἔνδον
3579 2883 3673 2935 τοῦ
3723 2876 3891 2947 συρτοῦ

2273 2970 2414 3044 πρὸς
2464 2965 2611 3021 δύσιν
2675 2968 2874 3042 βήλου.
2929 2969 3124 3024 Ἰστέον
3173 2968 3280 3042 ὅτι,
3331 2972 3387 3025 εἰ
3444 2967 3694 3046 βουληθῇ
3732 2961 3890 3020 θεάσα-

2270 3059 2388 3112 σθαι
2447 3056 2475 3110 ὁ
2534 3053 2787 3129 βασιλεὺς
2821 3053 3063 3120 ἐθνικούς
3091 3078 3261 3129 τινας,
3285 3057 3339 3114 ἑν
3399 3064 3481 3131 τῷ
3528 3058 3674 3130 αὐτῷ
3709 3055 3891 3130 ἀριστε-

2274 3149 2355 3221 ρῷ
2409 3146 2558 3219 μέρει
2604 3148 2702 3199 τοῦ
2747 3144 2943 3219 θρόνου
2982 3147 3283 3218 καθέζεται,
3323 3144 3793 3225 περιϐεϐλημένος
3818 3141 3890 3195 καὶ

2273 3233 2336 3289 τὸ
2384 3232 2940 3309 χρυσοπερίκλειστον
2995 3235 3200 3311 σαγίον,
3297 3239 3396 3293 καὶ
3472 3235 3888 3313 προεισέρχονται

2273 3321 2480 3395 ὁμοίως
2510 3323 2565 3376 οἱ
2608 3326 2704 3377 τοῦ
2744 3322 3228 3398 χρυσοτρικλίνου,
3277 3326 3373 3381 καὶ
3421 3326 3685 3393 ἵστανται,
3732 3322 3798 3383 ὡς
3826 3316 3887 3374 εἷ’·

2274 3432 2455 3488 ρηται.
2515 3409 2710 3469 Ἰστέον
2760 3412 2843 3468 ὅτι
2900 3418 3020 3478 ταῖς
3076 3421 3373 3489 Κυριακαῖς
3426 3416 3481 3473 o'l
3528 3436 3586 3471 τε
3636 3413 3889 3487 μάγιστροι

2270 3501 2360 3556 καὶ
2390 3501 2671 3577 πατρίκιοι
2710 3502 2798 3556 καὶ
2835 3502 3176 3580 ὁφφικιάλιοι
3223 3503 3359 3576 μετὰ
3399 3503 3606 3561 σαλίων
3633 3503 3758 3577 ῥοῆς
3798 3495 3884 3550 εἰσ·

2272 3591 2528 3667 ἔρχονται
2597 3591 2672 3654 εἷς
2710 3593 2809 3660 τὴν
2850 3592 3192 3667 προέλευσιν,
3246 3600 3366 3657 ταῖς
3419 3594 3476 3652 δὲ
3527 3589 3885 3667 καθημεριναῖς

2273 3680 2378 3739 ἀπὸ
2440 3680 2881 3756 σκαραμαγγίων.
2943 3683 3140 3739 Ἰστὲον
3168 3682 3272 3755 ὃτι,
3305 3683 3351 3738 εἰ
3420 3683 3668 3760 βουληθῇ
3699 3682 3725 3734 ὁ
3756 3679 3884 3755 βασι·

2273 3768 2396 3832 λεὺς
2424 3775 2542 3831 ταῖς
2585 3775 2980 3845 καθημεριναῖς
3010 3771 3246 3846 ἡμέραις
3283 3773 3416 3837 τοὺς
3472 3795 3533 3829 τε
3590 3771 3883 3845 μαγίστρους

2271 3860 2361 3912 καὶ
2417 3857 2733 3933 πατρικίους
2790 3860 3097 3927 θεάσασθαι,
3134 3863 3268 3934 μετὰ
3325 3864 3529 3938 σαγίων
3568 3862 3697 3936 ῥοῆς
3740 3853 3881 3926 εῑσξρ·

2274 3966 2465 4022 χονται
2532 3946 2608 4010 εἰς
2648 3946 2740 4003 τὸν
2791 3946 3041 4022 βασιλέα.
3073 3951 3141 4007 O't
3185 3947 3243 4005 δὲ
3291 3951 3639 4030 ὀφφικιάλιοι
3667 3949 3775 4005 ταῖς

2272 4036 2568 4110 Κυρίακαῖς
2629 4035 2763 4109 μετὰ
2816 4040 2922 4092 τῶν
2974 4036 3150 4093 αὐτῶν
3211 4025 3347 4114 ῥοῆς
3377 4025 3625 4118 navim,
3687 4025 3881 4118 missi

2271 4126 2666 4199 καθημεριναῖς
2724 4125 2828 4181 ἀπὸ
2887 4129 3328 4205 σκαραμαγγίων.
3391 4115 3589 4189 Ἰστὲον
3650 4126 3746 4181 ὅτι.
3799 4115 3879 4172 δο-

2274 4219 2383 4287 χῆς
2415 4213 2466 4268 ἓν
2507 4218 2587 4286 τῷ
2615 4215 3052 4290 χρυσοτρικλίνῳ
3098 4214 3397 4293 γινομένης
3451 4220 3588 4295 πρὸς
3630 4210 3876 4271 16min-

2273 4303 2389 4356 σθαι
2437 4303 2529 4357 τὸν
2591 4302 2820 4378 βασιλέα
2857 4302 3094 4370 έθνικοὺς
3129 4328 3299 4380 τινας,
3330 4308 3377 4363 εἰ
3414 4309 3477 4365 ού
3514 4304 3751 4385 βουληθῇ
3779 4312 3873 4350 στί·

2272 4391 2492 4468 φθῆναι,
2546 4386 2938 4467 περιϐάλλεται
2992 4393 3042 4448 ἐν
3113 4400 3183 4471 τῇ
3247 4396 3465 4474 κεφαλῇ
3515 4397 3606 4452 τὸν
3658 4388 3875 4463 στέφανον

2272 4478 2334 4533 τὸ
2369 4475 2658 4553 λεγόμενον
2705 4481 3039 4556 καισαρίκιον
3090 4484 3179 4539 καὶ
3208 4486 3271 4540 τὸ
3302 4484 3373 4540 δι’
3404 4487 3542 4544 ὅλου
3573 4474 3870 4559 χρυσοδφ²ν’

526 4572 857 4655 sagumque
878 4566 1067 4619 totum
1092 4581 1232 4621 auro
1252 4573 1588 4623 contextum
1620 4574 1679 4625 et
1698 4573 1882 4640 quoad
1915 4587 2044 4627 oras
2076 4572 2155 4627 vel

2269 4588 2361 4622 τον
2411 4569 2590 4643 σαγίον
2634 4569 2696 4623 τὸ
2745 4570 2851 4624 ἀπὸ
2910 4570 3203 4647 μαργᾶρων
3261 4575 3633 4655 ἠμφιεσμένον
3677 4567 3727 4623 ἐν
3775 4563 3869 4616 ταῖς

526 4644 745 4704 limbos
773 4651 1108 4722 margaritis
1138 4659 1568 4724 praetextatum.
1601 4657 1812 4715 Eodem
1858 4661 2029 4717 modo
2055 4666 2159 4717 Sa-

526 4735 824 4797 racenicos
867 4745 1174 4813 magnates
1234 4743 1493 4801 admittit
1556 4747 1893 4820 imperator,
1948 4750 2161 4821 quibus

527 4825 818 4909 primum
848 4827 1116 4904 indulget
1142 4831 1519 4905 colloquium.
1554 4838 1788 4905 Eodem,
1821 4855 1936 4910 quo
1967 4855 2159 4908 mane,

529 4913 648 4971 ritu
677 4916 992 4991 ordinatus
1013 4935 1247 4993 vespere
1261 4938 1492 4995 quoque
1505 4927 1758 4997 aperitur
1789 4928 2088 4999 palatium,
2110 4936 2163 4984 et

524 5000 587 5058 in
618 5002 763 5062 illud
794 5008 1171 5079 proceditur;
1222 5019 1483 5085 excepto,
1516 5017 1669 5084 quod
1703 5032 1871 5073 mane
1923 5017 2158 5088 quidem

523 5107 792 5164 proceres
823 5096 882 5150 in
914 5102 1358 5172 scaramangiis,
1390 5118 1646 5174 vesperae
1675 5112 1865 5160 autem
1924 5106 1983 5160 in
2015 5106 2162 5160 inte-

2272 4655 2474 4732 ὅρναις.
2506 4658 2704 4715 Ἰστέον
2760 4657 2844 4713 ὅτι
2899 4659 2988 4715 καὶ
3036 4658 3379 4741 εἷδικώτερον
3426 4667 3470 4722 εἰ
3506 4656 3746 4741 βουληθῇ
3768 4667 3865 4706 w‘l‘

2271 4751 2460 4822 τυχεῖν
2508 4747 2535 4801 6
2594 4745 2854 4820 βασιλεὺς
2901 4753 3245 4824 Σαρακηνούς
3289 4739 3627 4830 μεγιστᾶνας,
3648 4751 3718 4817 τῷ
3745 4739 3863 4839 σύτᾷέ

2271 4838 2517 4911 σχήματι
2583 4836 2808 4899 τούτους
2868 4838 2986 4912 ὁρᾷ.
3020 4841 3213 4897 ’[στέον
3251 4840 3335 4897 δτί
3384 4845 3520 4901 κατὰ
3589 4856 3742 4894 τυπον
3790 4836 3861 4881 καί

2269 4928 2368 4994 τὴν
2413 4924 2558 4999 τάξιν
2614 4928 2710 4997 τῆς
2766 4933 3008 5001 πρωῖνῆς
3045 4931 3243 5005 γίνεται
3275 4934 3309 5002 ἡ
3342 4933 3634 4995 ἀκολουθία
3669 4915 3859 5005 καὶδεῖς

2272 5012 2399 5087 λης,
2431 5015 2745 5091 ἀνοίγοντος
2773 5020 2870 5070 τοῦ
2901 5014 3189 5077 παλατίου.
3229 5021 3348 5097 Χρή
3390 5019 3446 5077 δὲ
3476 5018 3679 5082 εἰδέναι,
3712 5008 3781 5064 ὅτι
3804 4999 3855 5055 τδ

2273 5103 2368 5177 μὲν
2422 5102 2568 5179 πρωί
2612 5104 2810 5168 πάντες
2866 5105 3228 5182 προέρχονται
3280 5094 3399 5165 *ἀπὸ
3463 5094 3850 5182 σκαραμαγγίωνι

1547 5244 1750 5301 JOAN.
1790 5247 1936 5303 JAC.
1982 5247 2241 5304 REISKII
2283 5248 2883 5307 COMMENTARIUS.

596 5383 706 5463 ('Zl)
730 5381 946 5445 Μίνσαι.
972 5389 1105 5463 Vid.
1136 5390 1327 5449 Vales.
1357 5393 1426 5448 ad
1453 5398 1647 5451 Amm.
1674 5390 1920 5448 Marcell.
1950 5410 2005 5463 p.
2039 5393 2165 5452 3l8.

525 5457 583 5535 et
612 5455 693 5509 Du
710 5464 898 5530 Gange
921 5462 1108 5518 Gloss.
1127 5463 1248 5518 Lat.
1276 5464 1426 5530 h.v.,
1445 5465 1542 5521 ubi
1559 5482 1669 5520 non
1690 5455 2164 5535 praeteriitlocum

522 5539 585 5648 {In
618 5542 676 5583 re
696 5535 1647 5619 praesentiaapitalemLuitprandi
1666 5552 1717 5606 p.
1746 5536 1867 5591 465.
1894 5553 1925 5590 a
1945 5536 2158 5592 Histor.

570 5594 615 5649 Ι·
649 5615 698 5659 c.
729 5605 803 5661 9:
833 5607 1003 5662 Mam
1021 5611 1100 5662 est
1119 5607 1392 5663 valauum
1410 5606 1510 5662 hoc
1536 5606 1873 5663 (CPtanuml
1903 5616 2022 5663 vos!
2044 5626 2158 5663 ma-

530 5606 698 5678 Vl-'c.
729 5606 803 5661 9:
833 5607 1003 5662 Mori:
1021 5606 1100 5662 ert
1116 5607 1392 5676 palatium
1410 5606 1510 5662 hac
1536 5606 1873 5679 (CPtanum)
1902 5616 2022 5676 post
2044 5626 2160 5663 ma-

522 5666 767 5733 tulmum
793 5675 1112 5733 diluculum
1138 5679 1395 5735 omnibus
1421 5682 1624 5750 patere,
1656 5683 1777 5751 post
1796 5682 2014 5737 tertiam
2034 5696 2157 5738 vero

2274 5393 2392 5472 diei
2428 5395 2909 5472 horamaimissis
2937 5399 3209 5467 omnibus,
3242 5401 3367 5459 dato
3413 5399 3580 5472 signa,
3623 5378 3848 5472 θηοῖό-ἔξ

2271 5463 2389 5534 Μίε,
2421 5483 2590 5538 usque
2630 5467 2691 5523 in
2732 5470 2926 5524 horam
2962 5486 3173 5527 nonam
3193 5447 3657 5529 ’δῆἧᾶἱξῖἀίι1αά
3684 5447 3845 5538 ποθ’

2272 5533 2415 5606 bere,
2448 5533 2795 5595 Traductum
2829 5541 2884 5595 id
2918 5557 2948 5596 e
2978 5545 3158 5599 veteri
3188 5560 3346 5600 more
3385 5539 3672 5601 consulum
3701 5533 3842 5606 sens-

2269 5612 2326 5664 tu
2338 5602 2518 5665 m'hac
2539 5612 2790 5666 formula
2805 5612 3134 5671 dimittendi
3161 5614 3347 5672 :Nilu'l
3364 5632 3454 5673 vos
3473 5602 3841 5673 ΜοναηιυνιξξΫ

2266 5658 2393 5737 ir}?
2402 5658 3175 5758 exsugat“.versatas}:
3190 5658 3346 5746 ἳίἶὲἰῖ
3366 5658 3572 5759 Χιῖέῖἷ.
3584 5658 3637 5743 Ἰ,
3665 5685 3714 5742 ρ·
3730 5658 3836 5719 33°-
