  <div class='ocr_page' id='page_1' title='image "/cluster/home/n/w/nwhite01/storage/ocr_20150623/112/mdp.39015034364078/501.png"; bbox 0 0 4120 6306; ppageno 0'>
   <div class='ocr_carea' id='block_1_1' title="bbox 488 342 3922 408">
    <p class='ocr_par' dir='ltr' id='par_1_1' title="bbox 488 342 3922 408">
     <span class='ocr_line' id='line_1_1' title="bbox 488 342 3922 408; baseline 0.001 -2"><span class='ocrx_word' id='word_1_1' title='bbox 488 347 604 406; x_wconf 80' lang='lat'><strong>987</strong></span> <span class='ocrx_word' id='word_1_2' title='bbox 1537 346 1679 406; x_wconf 81' lang='lat' dir='ltr'><strong>CON</strong></span> <span class='ocrx_word' id='word_1_3' title='bbox 1691 343 2051 405; x_wconf 84' lang='lat' dir='ltr'><strong>STANTINI</strong></span> <span class='ocrx_word' id='word_1_4' title='bbox 2087 342 2570 403; x_wconf 81' lang='lat' dir='ltr'><strong>PORPHYROG</strong></span> <span class='ocrx_word' id='word_1_5' title='bbox 2583 343 2784 403; x_wconf 85' lang='lat' dir='ltr'><strong>ENITI</strong></span> <span class='ocrx_word' id='word_1_6' title='bbox 3774 350 3922 408; x_wconf 84' lang='lat'><strong>988</strong></span> 
     </span>
    </p>
   </div>
   <div class='ocr_carea' id='block_1_2' title="bbox 490 473 2150 550">
    <p class='ocr_par' dir='ltr' id='par_1_2' title="bbox 490 476 2131 550">
     <span class='ocr_line' id='line_1_2' title="bbox 490 476 2131 550; baseline -0.002 -19"><span class='ocrx_word' id='word_1_7' title='bbox 490 482 846 548; x_wconf 74' lang='lat' dir='ltr'><strong>casterosque</strong></span> <span class='ocrx_word' id='word_1_8' title='bbox 902 493 1165 550; x_wconf 87' lang='lat' dir='ltr'><strong>proceres</strong></span> <span class='ocrx_word' id='word_1_9' title='bbox 1216 476 1503 547; x_wconf 88' lang='lat' dir='ltr'><strong>palatinos</strong></span> <span class='ocrx_word' id='word_1_10' title='bbox 1550 484 1603 533; x_wconf 91' lang='lat' dir='ltr'><strong>et</strong></span> <span class='ocrx_word' id='word_1_11' title='bbox 1651 490 2026 532; x_wconf 89' lang='lat' dir='ltr'><strong>numerorum</strong></span> <span class='ocrx_word' id='word_1_12' title='bbox 2075 476 2131 529; x_wconf 86' lang='lat' dir='ltr'><strong>et</strong></span> 
     </span>
    </p>
   </div>
   <div class='ocr_carea' id='block_1_3' title="bbox 2263 473 3926 550">
    <p class='ocr_par' dir='ltr' id='par_1_3' title="bbox 2263 473 3926 547">
     <span class='ocr_line' id='line_1_3' title="bbox 2263 473 3926 547; baseline 0.002 -22"><span class='ocrx_word' id='word_1_13' title='bbox 2263 473 2546 546; x_wconf 72' lang='grc' dir='ltr'>(ρώμενοε.</span> <span class='ocrx_word' id='word_1_14' title='bbox 2591 474 2694 529; x_wconf 81' lang='grc' dir='ltr'><strong>Καὶ</strong></span> <span class='ocrx_word' id='word_1_15' title='bbox 2746 474 2836 527; x_wconf 81' lang='grc' dir='ltr'>ὅτε</span> <span class='ocrx_word' id='word_1_16' title='bbox 2889 475 3063 528; x_wconf 85' lang='grc' dir='ltr'>πάντα</span> <span class='ocrx_word' id='word_1_17' title='bbox 3115 479 3282 530; x_wconf 75' lang='grc' dir='ltr'>ταῦτα</span> <span class='ocrx_word' id='word_1_18' title='bbox 3337 474 3692 544; x_wconf 74' lang='grc' dir='ltr'><strong>τελεσθῶσιν,</strong></span> <span class='ocrx_word' id='word_1_19' title='bbox 3755 475 3926 547; x_wconf 74' lang='grc' dir='ltr'><strong>ἐξέρ-</strong></span> 
     </span>
    </p>
   </div>
   <div class='ocr_carea' id='block_1_4' title="bbox 495 560 2150 638">
    <p class='ocr_par' dir='ltr' id='par_1_4' title="bbox 495 569 2135 634">
     <span class='ocr_line' id='line_1_4' title="bbox 495 569 2135 634; baseline -0.003 -11"><span class='ocrx_word' id='word_1_20' title='bbox 495 573 818 624; x_wconf 88' lang='lat' dir='ltr'><strong>castrorum</strong></span> <span class='ocrx_word' id='word_1_21' title='bbox 841 576 1108 624; x_wconf 89' lang='lat' dir='ltr'><strong>rectores.</strong></span> <span class='ocrx_word' id='word_1_22' title='bbox 1134 569 1370 632; x_wconf 84' lang='lat' dir='ltr'><strong>Quando</strong></span> <span class='ocrx_word' id='word_1_23' title='bbox 1393 571 1586 620; x_wconf 90' lang='lat' dir='ltr'><strong>autem</strong></span> <span class='ocrx_word' id='word_1_24' title='bbox 1611 573 1858 634; x_wconf 83' lang='lat' dir='ltr'><strong>quatuor</strong></span> <span class='ocrx_word' id='word_1_25' title='bbox 1880 569 2135 632; x_wconf 85' lang='lat' dir='ltr'><strong>tagmata</strong></span> 
     </span>
    </p>
   </div>
   <div class='ocr_carea' id='block_1_5' title="bbox 2263 560 3928 638">
    <p class='ocr_par' dir='ltr' id='par_1_5' title="bbox 2263 560 3928 638">
     <span class='ocr_line' id='line_1_5' title="bbox 2263 560 3928 638; baseline 0.002 -23"><span class='ocrx_word' id='word_1_26' title='bbox 2263 581 2399 635; x_wconf 60' lang='grc' dir='ltr'>ίεται</span> <span class='ocrx_word' id='word_1_27' title='bbox 2431 563 2458 615; x_wconf 87' lang='grc' dir='ltr'>ὁ</span> <span class='ocrx_word' id='word_1_28' title='bbox 2491 560 2819 632; x_wconf 72' lang='grc' dir='ltr'><strong>ἁρτοκλίνης</strong></span> <span class='ocrx_word' id='word_1_29' title='bbox 2851 567 3034 638; x_wconf 76' lang='grc' dir='ltr'>φορῶν</span> <span class='ocrx_word' id='word_1_30' title='bbox 3067 563 3289 618; x_wconf 73' lang='grc' dir='ltr'>σπαθίον</span> <span class='ocrx_word' id='word_1_31' title='bbox 3328 566 3464 636; x_wconf 79' lang='grc' dir='ltr'>μετὰ</span> <span class='ocrx_word' id='word_1_32' title='bbox 3513 571 3614 619; x_wconf 74' lang='grc' dir='ltr'><strong>τοῦ</strong></span> <span class='ocrx_word' id='word_1_33' title='bbox 3651 573 3760 634; x_wconf 81' lang='grc' dir='ltr'><strong>τῆς</strong></span> <span class='ocrx_word' id='word_1_34' title='bbox 3807 585 3928 618; x_wconf 77' lang='grc' dir='ltr'><strong>κα-</strong></span> 
     </span>
    </p>
   </div>
   <div class='ocr_carea' id='block_1_6' title="bbox 494 651 2150 732">
    <p class='ocr_par' dir='ltr' id='par_1_6' title="bbox 494 655 2134 725">
     <span class='ocr_line' id='line_1_6' title="bbox 494 655 2134 725; baseline -0.004 -12"><span class='ocrx_word' id='word_1_35' title='bbox 494 658 553 713; x_wconf 93' lang='lat' dir='ltr'><strong>in</strong></span> <span class='ocrx_word' id='word_1_36' title='bbox 591 660 731 713; x_wconf 83' lang='lat' dir='ltr'><strong>urbe</strong></span> <span class='ocrx_word' id='word_1_37' title='bbox 762 675 875 715; x_wconf 90' lang='lat' dir='ltr'><strong>non</strong></span> <span class='ocrx_word' id='word_1_38' title='bbox 907 658 1144 722; x_wconf 84' lang='lat' dir='ltr'><strong>adsunt,</strong></span> <span class='ocrx_word' id='word_1_39' title='bbox 1175 657 1411 710; x_wconf 87' lang='lat' dir='ltr'><strong>advocat</strong></span> <span class='ocrx_word' id='word_1_40' title='bbox 1449 655 1755 711; x_wconf 83' lang='lat' dir='ltr'><strong>acoluthus</strong></span> <span class='ocrx_word' id='word_1_41' title='bbox 1784 659 2134 725; x_wconf 83' lang='lat' dir='ltr'><strong>topoteretas</strong></span> 
     </span>
    </p>
   </div>
   <div class='ocr_carea' id='block_1_7' title="bbox 2263 651 3925 732">
    <p class='ocr_par' dir='ltr' id='par_1_7' title="bbox 2263 651 3925 732">
     <span class='ocr_line' id='line_1_7' title="bbox 2263 651 3925 732; baseline 0.004 -29"><span class='ocrx_word' id='word_1_42' title='bbox 2263 651 2545 712; x_wconf 79' lang='grc' dir='ltr'>ταστάσεως</span> <span class='ocrx_word' id='word_1_43' title='bbox 2578 652 2666 705; x_wconf 81' lang='grc' dir='ltr'>καὶ</span> <span class='ocrx_word' id='word_1_44' title='bbox 2715 655 2812 705; x_wconf 74' lang='grc' dir='ltr'><strong>τοῦ</strong></span> <span class='ocrx_word' id='word_1_45' title='bbox 2861 653 3160 728; x_wconf 83' lang='grc' dir='ltr'>ὁστιαρίου,</span> <span class='ocrx_word' id='word_1_46' title='bbox 3209 655 3299 709; x_wconf 72' lang='grc' dir='ltr'><strong>καὶ</strong></span> <span class='ocrx_word' id='word_1_47' title='bbox 3348 651 3612 729; x_wconf 76' lang='grc' dir='ltr'><strong>ἔρχονται</strong></span> <span class='ocrx_word' id='word_1_48' title='bbox 3656 655 3925 732; x_wconf 59' lang='grc' dir='ltr'><strong>ἀμφότε-</strong></span> 
     </span>
    </p>
   </div>
   <div class='ocr_carea' id='block_1_8' title="bbox 495 746 2136 804">
    <p class='ocr_par' dir='ltr' id='par_1_8' title="bbox 495 746 2136 804">
     <span class='ocr_line' id='line_1_8' title="bbox 495 746 2136 804; baseline -0.004 -1"><span class='ocrx_word' id='word_1_49' title='bbox 495 750 648 804; x_wconf 71' lang='lat'><strong>803</strong></span> <span class='ocrx_word' id='word_1_50' title='bbox 681 753 738 801; x_wconf 90' lang='lat' dir='ltr'><strong>et</strong></span> <span class='ocrx_word' id='word_1_51' title='bbox 776 746 1156 801; x_wconf 87' lang='lat' dir='ltr'><strong>ehartularios</strong></span> <span class='ocrx_word' id='word_1_52' title='bbox 1209 761 1586 800; x_wconf 88' lang='lat' dir='ltr'><strong>numerorum</strong></span> <span class='ocrx_word' id='word_1_53' title='bbox 1619 750 1677 800; x_wconf 92' lang='lat' dir='ltr'><strong>et</strong></span> <span class='ocrx_word' id='word_1_54' title='bbox 1706 751 2030 800; x_wconf 88' lang='lat' dir='ltr'><strong>castrorum</strong></span> <span class='ocrx_word' id='word_1_55' title='bbox 2079 747 2136 798; x_wconf 87' lang='lat' dir='ltr'><strong>et</strong></span> 
     </span>
    </p>
   </div>
   <div class='ocr_carea' id='block_1_9' title="bbox 499 833 2137 907">
    <p class='ocr_par' dir='ltr' id='par_1_9' title="bbox 499 833 2137 907">
     <span class='ocr_line' id='line_1_9' title="bbox 499 833 2137 907; baseline -0.003 -15"><span class='ocrx_word' id='word_1_56' title='bbox 499 837 872 907; x_wconf 81' lang='lat' dir='ltr'><strong>magistratus</strong></span> <span class='ocrx_word' id='word_1_57' title='bbox 922 833 1181 903; x_wconf 90' lang='lat' dir='ltr'><strong>arithmi,</strong></span> <span class='ocrx_word' id='word_1_58' title='bbox 1213 835 1314 905; x_wconf 85' lang='lat' dir='ltr'><strong>qui</strong></span> <span class='ocrx_word' id='word_1_59' title='bbox 1357 835 1415 889; x_wconf 91' lang='lat' dir='ltr'><strong>in</strong></span> <span class='ocrx_word' id='word_1_60' title='bbox 1449 834 1874 907; x_wconf 88' lang='lat' dir='ltr'><strong>scaramangiis</strong></span> <span class='ocrx_word' id='word_1_61' title='bbox 1914 835 2137 888; x_wconf 86' lang='lat' dir='ltr'><strong>intrant</strong></span> 
     </span>
    </p>
   </div>
   <div class='ocr_carea' id='block_1_10' title="bbox 2247 739 3924 817">
    <p class='ocr_par' dir='ltr' id='par_1_10' title="bbox 2247 739 3924 817">
     <span class='ocr_line' id='line_1_10' title="bbox 2247 739 3924 817; baseline 0.003 -24"><span class='ocrx_word' id='word_1_62' title='bbox 2247 760 2337 811; x_wconf 82' lang='grc' dir='ltr'><strong>ροι</strong></span> <span class='ocrx_word' id='word_1_63' title='bbox 2377 739 2452 803; x_wconf 87' lang='grc' dir='ltr'><strong>εἰς</strong></span> <span class='ocrx_word' id='word_1_64' title='bbox 2480 745 2572 794; x_wconf 86' lang='grc' dir='ltr'><strong>τὸν</strong></span> <span class='ocrx_word' id='word_1_65' title='bbox 2621 740 3003 813; x_wconf 68' lang='grc' dir='ltr'><strong>πραιπόσιτον,</strong></span> <span class='ocrx_word' id='word_1_66' title='bbox 3054 743 3566 817; x_wconf 76' lang='grc' dir='ltr'>ὑπομιμνήσκοντες</span> <span class='ocrx_word' id='word_1_67' title='bbox 3619 743 3775 814; x_wconf 79' lang='grc' dir='ltr'><strong>αὐτῷ</strong></span> <span class='ocrx_word' id='word_1_68' title='bbox 3817 749 3924 798; x_wconf 65' lang='grc' dir='ltr'><strong>τοῦ</strong></span> 
     </span>
    </p>
   </div>
   <div class='ocr_carea' id='block_1_11' title="bbox 2245 831 3924 909">
    <p class='ocr_par' dir='ltr' id='par_1_11' title="bbox 2245 831 3924 909">
     <span class='ocr_line' id='line_1_11' title="bbox 2245 831 3924 909; baseline 0.002 -25"><span class='ocrx_word' id='word_1_69' title='bbox 2245 831 2490 904; x_wconf 77' lang='grc' dir='ltr'>γενέσθαι</span> <span class='ocrx_word' id='word_1_70' title='bbox 2544 831 2746 903; x_wconf 82' lang='grc' dir='ltr'>μίνσαι.</span> <span class='ocrx_word' id='word_1_71' title='bbox 2805 834 2865 890; x_wconf 88' lang='grc' dir='ltr'>Ὁ</span> <span class='ocrx_word' id='word_1_72' title='bbox 2923 831 2981 888; x_wconf 75' lang='grc' dir='ltr'>δὲ</span> <span class='ocrx_word' id='word_1_73' title='bbox 3039 834 3200 896; x_wconf 81' lang='grc' dir='ltr'><strong>αὐτὸς</strong></span> <span class='ocrx_word' id='word_1_74' title='bbox 3270 833 3607 909; x_wconf 71' lang='grc' dir='ltr'>ἀρτοκλίνης</span> <span class='ocrx_word' id='word_1_75' title='bbox 3682 834 3924 906; x_wconf 74' lang='grc' dir='ltr'>μέλλων</span> 
     </span>
    </p>
   </div>
   <div class='ocr_carea' id='block_1_12' title="bbox 496 922 2138 994">
    <p class='ocr_par' dir='ltr' id='par_1_12' title="bbox 496 922 2138 994">
     <span class='ocr_line' id='line_1_12' title="bbox 496 922 2138 994; baseline -0.003 -14"><span class='ocrx_word' id='word_1_76' title='bbox 496 928 783 994; x_wconf 75' lang='lat' dir='ltr'><strong>gestantes</strong></span> <span class='ocrx_word' id='word_1_77' title='bbox 837 939 972 980; x_wconf 89' lang='lat' dir='ltr'><strong>suas</strong></span> <span class='ocrx_word' id='word_1_78' title='bbox 1011 922 1250 994; x_wconf 79' lang='lat' dir='ltr'><strong>spathae</strong></span> <span class='ocrx_word' id='word_1_79' title='bbox 1292 939 1391 979; x_wconf 90' lang='lat' dir='ltr'><strong>seu</strong></span> <span class='ocrx_word' id='word_1_80' title='bbox 1433 923 1677 994; x_wconf 79' lang='lat' dir='ltr'><strong>gladios,</strong></span> <span class='ocrx_word' id='word_1_81' title='bbox 1708 928 1766 978; x_wconf 92' lang='lat' dir='ltr'><strong>et</strong></span> <span class='ocrx_word' id='word_1_82' title='bbox 1804 922 2138 978; x_wconf 89' lang='lat' dir='ltr'><strong>consistunt</strong></span> 
     </span>
    </p>
   </div>
   <div class='ocr_carea' id='block_1_13' title="bbox 492 1012 2138 1085">
    <p class='ocr_par' dir='ltr' id='par_1_13' title="bbox 492 1012 2138 1085">
     <span class='ocr_line' id='line_1_13' title="bbox 492 1012 2138 1085; baseline -0.002 -16"><span class='ocrx_word' id='word_1_83' title='bbox 492 1031 594 1085; x_wconf 91' lang='lat' dir='ltr'><strong>per</strong></span> <span class='ocrx_word' id='word_1_84' title='bbox 622 1012 992 1069; x_wconf 82' lang='lat' dir='ltr'><strong>latitudinem</strong></span> <span class='ocrx_word' id='word_1_85' title='bbox 1042 1012 1298 1079; x_wconf 91' lang='lat' dir='ltr'><strong>triclinii,</strong></span> <span class='ocrx_word' id='word_1_86' title='bbox 1331 1014 1604 1069; x_wconf 88' lang='lat' dir='ltr'><strong>manibus</strong></span> <span class='ocrx_word' id='word_1_87' title='bbox 1648 1013 1895 1084; x_wconf 81' lang='lat' dir='ltr'><strong>quisque</strong></span> <span class='ocrx_word' id='word_1_88' title='bbox 1928 1012 2138 1082; x_wconf 80' lang='lat' dir='ltr'><strong>pectori</strong></span> 
     </span>
    </p>
   </div>
   <div class='ocr_carea' id='block_1_14' title="bbox 493 1101 2139 1173">
    <p class='ocr_par' dir='ltr' id='par_1_14' title="bbox 493 1101 2139 1173">
     <span class='ocr_line' id='line_1_14' title="bbox 493 1101 2139 1173; baseline -0.002 -14"><span class='ocrx_word' id='word_1_89' title='bbox 493 1103 846 1159; x_wconf 89' lang='lat' dir='ltr'><strong>deeussatim</strong></span> <span class='ocrx_word' id='word_1_90' title='bbox 907 1101 1200 1173; x_wconf 82' lang='lat' dir='ltr'><strong>impositis</strong></span> <span class='ocrx_word' id='word_1_91' title='bbox 1248 1106 1306 1158; x_wconf 89' lang='lat' dir='ltr'><strong>et</strong></span> <span class='ocrx_word' id='word_1_92' title='bbox 1354 1103 1649 1158; x_wconf 83' lang='lat' dir='ltr'><strong>taciturni.</strong></span> <span class='ocrx_word' id='word_1_93' title='bbox 1699 1103 1800 1157; x_wconf 86' lang='lat' dir='ltr'><strong>His</strong></span> <span class='ocrx_word' id='word_1_94' title='bbox 1861 1101 2139 1157; x_wconf 87' lang='lat' dir='ltr'><strong>omnibus</strong></span> 
     </span>
    </p>
   </div>
   <div class='ocr_carea' id='block_1_15' title="bbox 495 1191 2141 1262">
    <p class='ocr_par' dir='ltr' id='par_1_15' title="bbox 495 1191 2141 1262">
     <span class='ocr_line' id='line_1_15' title="bbox 495 1191 2141 1262; baseline -0.002 -15"><span class='ocrx_word' id='word_1_95' title='bbox 495 1192 766 1262; x_wconf 84' lang='lat' dir='ltr'><strong>peractis,</strong></span> <span class='ocrx_word' id='word_1_96' title='bbox 789 1191 904 1246; x_wconf 83' lang='lat' dir='ltr'><strong>exit</strong></span> <span class='ocrx_word' id='word_1_97' title='bbox 927 1192 1264 1247; x_wconf 89' lang='lat' dir='ltr'><strong>artoclinius</strong></span> <span class='ocrx_word' id='word_1_98' title='bbox 1295 1193 1507 1262; x_wconf 85' lang='lat' dir='ltr'><strong>spatha</strong></span> <span class='ocrx_word' id='word_1_99' title='bbox 1537 1193 1831 1246; x_wconf 85' lang='lat' dir='ltr'><strong>accinctus</strong></span> <span class='ocrx_word' id='word_1_100' title='bbox 1862 1207 1980 1245; x_wconf 89' lang='lat' dir='ltr'><strong>una</strong></span> <span class='ocrx_word' id='word_1_101' title='bbox 2009 1205 2141 1244; x_wconf 92' lang='lat' dir='ltr'><strong>cum</strong></span> 
     </span>
    </p>
   </div>
   <div class='ocr_carea' id='block_1_16' title="bbox 504 1280 2141 1348">
    <p class='ocr_par' dir='ltr' id='par_1_16' title="bbox 504 1280 2141 1348">
     <span class='ocr_line' id='line_1_16' title="bbox 504 1280 2141 1348; baseline -0.002 -13"><span class='ocrx_word' id='word_1_102' title='bbox 504 1281 908 1336; x_wconf 89' lang='lat' dir='ltr'><strong>cerimoniario</strong></span> <span class='ocrx_word' id='word_1_103' title='bbox 939 1286 996 1336; x_wconf 90' lang='lat' dir='ltr'><strong>et</strong></span> <span class='ocrx_word' id='word_1_104' title='bbox 1027 1280 1304 1346; x_wconf 87' lang='lat' dir='ltr'><strong>ostiario;</strong></span> <span class='ocrx_word' id='word_1_105' title='bbox 1341 1281 1393 1335; x_wconf 89' lang='lat' dir='ltr'>hi</span> <span class='ocrx_word' id='word_1_106' title='bbox 1428 1281 1596 1335; x_wconf 87' lang='lat' dir='ltr'><strong>ambo</strong></span> <span class='ocrx_word' id='word_1_107' title='bbox 1645 1281 1863 1335; x_wconf 88' lang='lat' dir='ltr'><strong>abeunt</strong></span> <span class='ocrx_word' id='word_1_108' title='bbox 1892 1281 1963 1334; x_wconf 91' lang='lat' dir='ltr'><strong>ad</strong></span> <span class='ocrx_word' id='word_1_109' title='bbox 1998 1295 2141 1348; x_wconf 71' lang='lat' dir='ltr'><strong>pras-</strong></span> 
     </span>
    </p>
   </div>
   <div class='ocr_carea' id='block_1_17' title="bbox 493 1371 2142 1444">
    <p class='ocr_par' dir='ltr' id='par_1_17' title="bbox 493 1371 2142 1444">
     <span class='ocr_line' id='line_1_17' title="bbox 493 1371 2142 1444; baseline -0.002 -17"><span class='ocrx_word' id='word_1_110' title='bbox 493 1373 750 1444; x_wconf 90' lang='lat' dir='ltr'><strong>positum</strong></span> <span class='ocrx_word' id='word_1_111' title='bbox 798 1373 1246 1442; x_wconf 81' lang='lat' dir='ltr'><strong>interrogantes,</strong></span> <span class='ocrx_word' id='word_1_112' title='bbox 1295 1372 1504 1426; x_wconf 81' lang='lat' dir='ltr'><strong>velitne</strong></span> <span class='ocrx_word' id='word_1_113' title='bbox 1545 1372 1752 1426; x_wconf 88' lang='lat' dir='ltr'><strong>missas</strong></span> <span class='ocrx_word' id='word_1_114' title='bbox 1783 1371 1929 1426; x_wconf 87' lang='lat' dir='ltr'><strong>dari.</strong></span> <span class='ocrx_word' id='word_1_115' title='bbox 1976 1373 2142 1424; x_wconf 85' lang='lat' dir='ltr'><strong>Arto-</strong></span> 
     </span>
    </p>
   </div>
   <div class='ocr_carea' id='block_1_18' title="bbox 490 1459 2144 1532">
    <p class='ocr_par' dir='ltr' id='par_1_18' title="bbox 490 1459 2144 1532">
     <span class='ocr_line' id='line_1_18' title="bbox 490 1459 2144 1532; baseline -0.002 -16"><span class='ocrx_word' id='word_1_116' title='bbox 490 1461 700 1517; x_wconf 90' lang='lat' dir='ltr'><strong>elinius</strong></span> <span class='ocrx_word' id='word_1_117' title='bbox 731 1467 926 1516; x_wconf 87' lang='lat' dir='ltr'><strong>autem</strong></span> <span class='ocrx_word' id='word_1_118' title='bbox 962 1477 1307 1532; x_wconf 83' lang='lat' dir='ltr'><strong>egressurus</strong></span> <span class='ocrx_word' id='word_1_119' title='bbox 1347 1462 1552 1516; x_wconf 88' lang='lat' dir='ltr'><strong>adorat</strong></span> <span class='ocrx_word' id='word_1_120' title='bbox 1582 1461 1969 1531; x_wconf 89' lang='lat' dir='ltr'><strong>drungarium</strong></span> <span class='ocrx_word' id='word_1_121' title='bbox 1999 1459 2144 1529; x_wconf 87' lang='lat' dir='ltr'><strong>vigi-</strong></span> 
     </span>
    </p>
   </div>
   <div class='ocr_carea' id='block_1_19' title="bbox 2247 917 3919 997">
    <p class='ocr_par' dir='ltr' id='par_1_19' title="bbox 2247 917 3919 997">
     <span class='ocr_line' id='line_1_19' title="bbox 2247 917 3919 997; baseline -0.006 -12"><span class='ocrx_word' id='word_1_122' title='bbox 2247 917 2578 993; x_wconf 76' lang='grc' dir='ltr'><strong>ἐξέρχεσθαι,</strong></span> <span class='ocrx_word' id='word_1_123' title='bbox 2628 927 2922 995; x_wconf 58' lang='grc' dir='ltr'><strong>προσέοιδεῖ</strong></span> <span class='ocrx_word' id='word_1_124' title='bbox 2968 922 3056 976; x_wconf 88' lang='grc' dir='ltr'>τὸν</span> <span class='ocrx_word' id='word_1_125' title='bbox 3107 919 3463 997; x_wconf 79' lang='grc' dir='ltr'><strong>δρουγγάριον</strong></span> <span class='ocrx_word' id='word_1_126' title='bbox 3517 930 3622 992; x_wconf 79' lang='grc' dir='ltr'><strong>τῆς</strong></span> <span class='ocrx_word' id='word_1_127' title='bbox 3672 922 3919 997; x_wconf 73' lang='grc' dir='ltr'><strong>βίγλης,</strong></span> 
     </span>
    </p>
   </div>
   <div class='ocr_carea' id='block_1_20' title="bbox 2249 1007 3921 1087">
    <p class='ocr_par' dir='ltr' id='par_1_20' title="bbox 2249 1007 3921 1087">
     <span class='ocr_line' id='line_1_20' title="bbox 2249 1007 3921 1087; baseline 0.003 -25"><span class='ocrx_word' id='word_1_128' title='bbox 2249 1009 2360 1063; x_wconf 77' lang='grc' dir='ltr'>εἶτα</span> <span class='ocrx_word' id='word_1_129' title='bbox 2389 1007 2570 1083; x_wconf 74' lang='grc' dir='ltr'>κρᾶζει</span> <span class='ocrx_word' id='word_1_130' title='bbox 2605 1009 2655 1063; x_wconf 84' lang='grc' dir='ltr'>ἐν</span> <span class='ocrx_word' id='word_1_131' title='bbox 2686 1015 2765 1082; x_wconf 77' lang='grc' dir='ltr'><strong>τῷ</strong></span> <span class='ocrx_word' id='word_1_132' title='bbox 2805 1016 2902 1065; x_wconf 80' lang='grc' dir='ltr'>τοῦ</span> <span class='ocrx_word' id='word_1_133' title='bbox 2950 1009 3264 1085; x_wconf 80' lang='grc' dir='ltr'>κλητωρίου</span> <span class='ocrx_word' id='word_1_134' title='bbox 3312 1015 3566 1087; x_wconf 74' lang='grc' dir='ltr'>τομαρίῳ</span> <span class='ocrx_word' id='word_1_135' title='bbox 3616 1017 3743 1067; x_wconf 69' lang='grc' dir='ltr'><strong>κατ’</strong></span> <span class='ocrx_word' id='word_1_136' title='bbox 3786 1012 3921 1067; x_wconf 70' lang='grc' dir='ltr'>δνσ-</span> 
     </span>
    </p>
   </div>
   <div class='ocr_carea' id='block_1_21' title="bbox 2254 1097 3920 1177">
    <p class='ocr_par' dir='ltr' id='par_1_21' title="bbox 2254 1097 3920 1177">
     <span class='ocr_line' id='line_1_21' title="bbox 2254 1097 3920 1177; baseline 0.004 -27"><span class='ocrx_word' id='word_1_137' title='bbox 2254 1118 2326 1169; x_wconf 85' lang='grc' dir='ltr'>μα</span> <span class='ocrx_word' id='word_1_138' title='bbox 2359 1098 2452 1159; x_wconf 75' lang='grc' dir='ltr'><strong>οὕς</strong></span> <span class='ocrx_word' id='word_1_139' title='bbox 2495 1097 2701 1174; x_wconf 69' lang='grc' dir='ltr'>ὀφείλει</span> <span class='ocrx_word' id='word_1_140' title='bbox 2749 1098 3153 1174; x_wconf 80' lang='grc' dir='ltr'>κλητωρεῦσαι,</span> <span class='ocrx_word' id='word_1_141' title='bbox 3203 1104 3293 1156; x_wconf 86' lang='grc' dir='ltr'>καὶ</span> <span class='ocrx_word' id='word_1_142' title='bbox 3341 1103 3468 1177; x_wconf 82' lang='grc' dir='ltr'><strong>παρ’</strong></span> <span class='ocrx_word' id='word_1_143' title='bbox 3515 1101 3652 1156; x_wconf 70' lang='grc' dir='ltr'>αὐτὰ</span> <span class='ocrx_word' id='word_1_144' title='bbox 3704 1097 3920 1156; x_wconf 71' lang='grc' dir='ltr'><strong>ἐκϐάλ-</strong></span> 
     </span>
    </p>
   </div>
   <div class='ocr_carea' id='block_1_22' title="bbox 2253 1184 3921 1266">
    <p class='ocr_par' dir='ltr' id='par_1_22' title="bbox 2253 1184 3921 1266">
     <span class='ocr_line' id='line_1_22' title="bbox 2253 1184 3921 1266; baseline 0.003 -25"><span class='ocrx_word' id='word_1_145' title='bbox 2253 1185 2336 1241; x_wconf 89' lang='grc' dir='ltr'>λει</span> <span class='ocrx_word' id='word_1_146' title='bbox 2396 1188 2423 1240; x_wconf 89' lang='grc' dir='ltr'>ὁ</span> <span class='ocrx_word' id='word_1_147' title='bbox 2474 1184 2836 1263; x_wconf 79' lang='grc' dir='ltr'><strong>δρουγγάριος</strong></span> <span class='ocrx_word' id='word_1_148' title='bbox 2876 1191 2938 1244; x_wconf 88' lang='grc' dir='ltr'><strong>τὸ</strong></span> <span class='ocrx_word' id='word_1_149' title='bbox 2999 1192 3225 1254; x_wconf 81' lang='grc' dir='ltr'>σπαθίον</span> <span class='ocrx_word' id='word_1_150' title='bbox 3277 1190 3463 1260; x_wconf 78' lang='grc' dir='ltr'><strong>αὐτοῦ,</strong></span> <span class='ocrx_word' id='word_1_151' title='bbox 3517 1189 3804 1266; x_wconf 70' lang='grc' dir='ltr'><strong>ἐξέρχεται</strong></span> <span class='ocrx_word' id='word_1_152' title='bbox 3861 1190 3921 1246; x_wconf 67' lang='grc' dir='ltr'>δί</span> 
     </span>
    </p>
   </div>
   <div class='ocr_carea' id='block_1_23' title="bbox 2250 1275 3919 1352">
    <p class='ocr_par' dir='ltr' id='par_1_23' title="bbox 2250 1275 3919 1352">
     <span class='ocr_line' id='line_1_23' title="bbox 2250 1275 3919 1352; baseline -0.006 -9"><span class='ocrx_word' id='word_1_153' title='bbox 2250 1275 2342 1328; x_wconf 67' lang='grc' dir='ltr'>καὶ</span> <span class='ocrx_word' id='word_1_154' title='bbox 2375 1277 2402 1330; x_wconf 78' lang='grc' dir='ltr'><strong>ὁ</strong></span> <span class='ocrx_word' id='word_1_155' title='bbox 2433 1275 2636 1338; x_wconf 84' lang='grc' dir='ltr'>παπίας</span> <span class='ocrx_word' id='word_1_156' title='bbox 2684 1280 2752 1342; x_wconf 80' lang='grc' dir='ltr'>τῆ</span> <span class='ocrx_word' id='word_1_157' title='bbox 2809 1279 2956 1352; x_wconf 78' lang='grc' dir='ltr'>χειρὶ</span> <span class='ocrx_word' id='word_1_158' title='bbox 2990 1279 3142 1333; x_wconf 85' lang='grc' dir='ltr'>σείων</span> <span class='ocrx_word' id='word_1_159' title='bbox 3194 1281 3290 1341; x_wconf 75' lang='grc' dir='ltr'><strong>τὰς</strong></span> <span class='ocrx_word' id='word_1_160' title='bbox 3337 1280 3513 1350; x_wconf 82' lang='grc' dir='ltr'>κλεῖς,</span> <span class='ocrx_word' id='word_1_161' title='bbox 3561 1279 3653 1334; x_wconf 82' lang='grc' dir='ltr'>καὶ</span> <span class='ocrx_word' id='word_1_162' title='bbox 3709 1280 3919 1342; x_wconf 72' lang='grc' dir='ltr'><strong>εὐθέως</strong></span> 
     </span>
    </p>
   </div>
   <div class='ocr_carea' id='block_1_24' title="bbox 2255 1365 3915 1442">
    <p class='ocr_par' dir='ltr' id='par_1_24' title="bbox 2255 1365 3915 1442">
     <span class='ocr_line' id='line_1_24' title="bbox 2255 1365 3915 1442; baseline 0.003 -21"><span class='ocrx_word' id='word_1_163' title='bbox 2255 1365 2406 1442; x_wconf 70' lang='grc' dir='ltr'>λέγει</span> <span class='ocrx_word' id='word_1_164' title='bbox 2439 1369 2464 1421; x_wconf 89' lang='grc' dir='ltr'>ὁ</span> <span class='ocrx_word' id='word_1_165' title='bbox 2499 1368 2860 1442; x_wconf 83' lang='grc' dir='ltr'><strong>σιλεντιάριος</strong></span> <span class='ocrx_word' id='word_1_166' title='bbox 2892 1373 2976 1439; x_wconf 81' lang='grc' dir='ltr'><strong>τὸ,</strong></span> <span class='ocrx_word' id='word_1_167' title='bbox 3012 1395 3039 1422; x_wconf 89' lang='grc'><strong>‹‹</strong></span> <span class='ocrx_word' id='word_1_168' title='bbox 3073 1370 3393 1441; x_wconf 78' lang='grc' dir='ltr'>Κελεύσατε,</span> <span class='ocrx_word' id='word_1_169' title='bbox 3431 1398 3450 1423; x_wconf 75' lang='grc' dir='ltr'>ι</span> <span class='ocrx_word' id='word_1_170' title='bbox 3486 1373 3580 1426; x_wconf 72' lang='grc' dir='ltr'>καὶ</span> <span class='ocrx_word' id='word_1_171' title='bbox 3630 1372 3828 1428; x_wconf 70' lang='grc' dir='ltr'>λύεται</span> <span class='ocrx_word' id='word_1_172' title='bbox 3881 1375 3915 1441; x_wconf 81' lang='grc' dir='ltr'>ἡ</span> 
     </span>
    </p>
   </div>
   <div class='ocr_carea' id='block_1_25' title="bbox 2255 1456 3541 1538">
    <p class='ocr_par' dir='ltr' id='par_1_25' title="bbox 2255 1456 3541 1538">
     <span class='ocr_line' id='line_1_25' title="bbox 2255 1456 3541 1538; baseline 0.005 -28"><span class='ocrx_word' id='word_1_173' title='bbox 2255 1456 2596 1530; x_wconf 76' lang='grc' dir='ltr'>προέλευσις,</span> <span class='ocrx_word' id='word_1_174' title='bbox 2629 1459 2718 1513; x_wconf 83' lang='grc' dir='ltr'><strong>καὶ</strong></span> <span class='ocrx_word' id='word_1_175' title='bbox 2751 1460 3048 1538; x_wconf 75' lang='grc' dir='ltr'><strong>ἀπέρχεται</strong></span> <span class='ocrx_word' id='word_1_176' title='bbox 3077 1459 3302 1524; x_wconf 72' lang='grc' dir='ltr'><strong>ἕκαστος</strong></span> <span class='ocrx_word' id='word_1_177' title='bbox 3335 1459 3541 1518; x_wconf 73' lang='grc' dir='ltr'>οἴκαδε.</span> 
     </span>
    </p>
   </div>
   <div class='ocr_carea' id='block_1_26' title="bbox 492 1547 3917 1623">
    <p class='ocr_par' dir='ltr' id='par_1_26' title="bbox 492 1547 3917 1623">
     <span class='ocr_line' id='line_1_26' title="bbox 492 1547 3917 1623; baseline 0 -17"><span class='ocrx_word' id='word_1_178' title='bbox 492 1551 607 1618; x_wconf 69' lang='lat' dir='ltr'><strong>lim,</strong></span> <span class='ocrx_word' id='word_1_179' title='bbox 665 1553 798 1607; x_wconf 90' lang='lat' dir='ltr'><strong>dein</strong></span> <span class='ocrx_word' id='word_1_180' title='bbox 857 1552 1012 1606; x_wconf 87' lang='lat' dir='ltr'><strong>clara</strong></span> <span class='ocrx_word' id='word_1_181' title='bbox 1067 1567 1265 1606; x_wconf 90' lang='lat' dir='ltr'><strong>voeee</strong></span> <span class='ocrx_word' id='word_1_182' title='bbox 1304 1551 1554 1605; x_wconf 87' lang='lat' dir='ltr'><strong>tomario</strong></span> <span class='ocrx_word' id='word_1_183' title='bbox 1611 1549 1832 1605; x_wconf 92' lang='lat' dir='ltr'><strong>cletorii</strong></span> <span class='ocrx_word' id='word_1_184' title='bbox 1891 1548 2017 1619; x_wconf 88' lang='lat' dir='ltr'><strong>[seu</strong></span> <span class='ocrx_word' id='word_1_185' title='bbox 2074 1547 2369 1603; x_wconf 85' lang='lat' dir='ltr'><strong>volumine</strong></span> <span class='ocrx_word' id='word_1_186' title='bbox 2427 1549 2513 1604; x_wconf 86' lang='lat' dir='ltr'><strong>vel</strong></span> <span class='ocrx_word' id='word_1_187' title='bbox 2571 1550 2834 1606; x_wconf 90' lang='lat' dir='ltr'><strong>codicillo</strong></span> <span class='ocrx_word' id='word_1_188' title='bbox 2894 1553 3368 1623; x_wconf 75' lang='lat' dir='ltr'><strong>nomenclaturaa]</strong></span> <span class='ocrx_word' id='word_1_189' title='bbox 3444 1553 3648 1608; x_wconf 80' lang='lat' dir='ltr'><strong>recitat</strong></span> <span class='ocrx_word' id='word_1_190' title='bbox 3705 1568 3917 1607; x_wconf 90' lang='lat' dir='ltr'><strong>eorum</strong></span> 
     </span>
    </p>
   </div>
   <div class='ocr_carea' id='block_1_27' title="bbox 494 1637 3913 1713">
    <p class='ocr_par' dir='ltr' id='par_1_27' title="bbox 494 1637 3913 1713">
     <span class='ocr_line' id='line_1_27' title="bbox 494 1637 3913 1713; baseline 0.001 -19"><span class='ocrx_word' id='word_1_191' title='bbox 494 1657 639 1712; x_wconf 89' lang='lat' dir='ltr'><strong>quos</strong></span> <span class='ocrx_word' id='word_1_192' title='bbox 697 1641 767 1696; x_wconf 86' lang='lat' dir='ltr'><strong>ad</strong></span> <span class='ocrx_word' id='word_1_193' title='bbox 828 1657 1024 1695; x_wconf 88' lang='lat' dir='ltr'><strong>sacras</strong></span> <span class='ocrx_word' id='word_1_194' title='bbox 1085 1639 1282 1710; x_wconf 85' lang='lat' dir='ltr'><strong>epulas</strong></span> <span class='ocrx_word' id='word_1_195' title='bbox 1341 1637 1587 1693; x_wconf 89' lang='lat' dir='ltr'><strong>invitare</strong></span> <span class='ocrx_word' id='word_1_196' title='bbox 1645 1637 1836 1701; x_wconf 87' lang='lat' dir='ltr'><strong>debet,</strong></span> <span class='ocrx_word' id='word_1_197' title='bbox 1899 1637 2158 1693; x_wconf 90' lang='lat' dir='ltr'><strong>nomina.</strong></span> <span class='ocrx_word' id='word_1_198' title='bbox 2220 1637 2510 1707; x_wconf 87' lang='lat' dir='ltr'><strong>Protinus,</strong></span> <span class='ocrx_word' id='word_1_199' title='bbox 2571 1655 2637 1694; x_wconf 92' lang='lat' dir='ltr'><strong>eo</strong></span> <span class='ocrx_word' id='word_1_200' title='bbox 2691 1639 2859 1706; x_wconf 88' lang='lat' dir='ltr'><strong>facto,</strong></span> <span class='ocrx_word' id='word_1_201' title='bbox 2921 1641 3161 1712; x_wconf 88' lang='lat' dir='ltr'><strong>deponit</strong></span> <span class='ocrx_word' id='word_1_202' title='bbox 3219 1643 3575 1713; x_wconf 83' lang='lat' dir='ltr'><strong>drungarius</strong></span> <span class='ocrx_word' id='word_1_203' title='bbox 3634 1640 3913 1713; x_wconf 81' lang='lat' dir='ltr'><strong>gladium</strong></span> 
     </span>
    </p>
   </div>
   <div class='ocr_carea' id='block_1_28' title="bbox 493 1726 3920 1802">
    <p class='ocr_par' dir='ltr' id='par_1_28' title="bbox 493 1726 3920 1802">
     <span class='ocr_line' id='line_1_28' title="bbox 493 1726 3920 1802; baseline 0 -17"><span class='ocrx_word' id='word_1_204' title='bbox 493 1747 690 1798; x_wconf 89' lang='lat' dir='ltr'><strong>suum,</strong></span> <span class='ocrx_word' id='word_1_205' title='bbox 724 1738 776 1785; x_wconf 91' lang='lat' dir='ltr'><strong>et</strong></span> <span class='ocrx_word' id='word_1_206' title='bbox 807 1731 924 1784; x_wconf 87' lang='lat' dir='ltr'><strong>exit</strong></span> <span class='ocrx_word' id='word_1_207' title='bbox 955 1730 1178 1802; x_wconf 87' lang='lat' dir='ltr'><strong>papias,</strong></span> <span class='ocrx_word' id='word_1_208' title='bbox 1211 1730 1547 1784; x_wconf 84' lang='lat' dir='ltr'><strong>concutiens</strong></span> <span class='ocrx_word' id='word_1_209' title='bbox 1575 1744 1751 1783; x_wconf 87' lang='lat' dir='ltr'><strong>manu</strong></span> <span class='ocrx_word' id='word_1_210' title='bbox 1787 1743 1890 1782; x_wconf 89' lang='lat' dir='ltr'><strong>sua</strong></span> <span class='ocrx_word' id='word_1_211' title='bbox 1919 1726 2130 1792; x_wconf 87' lang='lat' dir='ltr'><strong>claves,</strong></span> <span class='ocrx_word' id='word_1_212' title='bbox 2162 1731 2219 1782; x_wconf 88' lang='lat' dir='ltr'><strong>et</strong></span> <span class='ocrx_word' id='word_1_213' title='bbox 2251 1727 2444 1782; x_wconf 84' lang='lat' dir='ltr'><strong>statim</strong></span> <span class='ocrx_word' id='word_1_214' title='bbox 2491 1727 2632 1782; x_wconf 89' lang='lat' dir='ltr'><strong>dicit</strong></span> <span class='ocrx_word' id='word_1_215' title='bbox 2670 1728 3027 1786; x_wconf 86' lang='lat' dir='ltr'><strong>silentiarius</strong></span> <span class='ocrx_word' id='word_1_216' title='bbox 3055 1747 3068 1785; x_wconf 88' lang='lat'>:</span> <span class='ocrx_word' id='word_1_217' title='bbox 3102 1751 3130 1781; x_wconf 89' lang='lat'><strong>«</strong></span> <span class='ocrx_word' id='word_1_218' title='bbox 3164 1731 3460 1787; x_wconf 88' lang='lat' dir='ltr'><strong>Celeusate</strong></span> <span class='ocrx_word' id='word_1_219' title='bbox 3492 1753 3520 1781; x_wconf 85' lang='lat'>»</span> <span class='ocrx_word' id='word_1_220' title='bbox 3556 1736 3682 1798; x_wconf 87' lang='lat' dir='ltr'><strong>[seu</strong></span> <span class='ocrx_word' id='word_1_221' title='bbox 3718 1754 3748 1781; x_wconf 76' lang='grc' dir='ltr'><strong>(ι</strong></span> <span class='ocrx_word' id='word_1_222' title='bbox 3786 1731 3920 1802; x_wconf 87' lang='lat' dir='ltr'><strong>pla-</strong></span> 
     </span>
    </p>
   </div>
   <div class='ocr_carea' id='block_1_29' title="bbox 493 1817 3739 1894">
    <p class='ocr_par' dir='ltr' id='par_1_29' title="bbox 493 1817 3739 1894">
     <span class='ocr_line' id='line_1_29' title="bbox 493 1817 3739 1894; baseline 0.001 -19"><span class='ocrx_word' id='word_1_223' title='bbox 493 1825 620 1876; x_wconf 89' lang='lat' dir='ltr'><strong>ceat</strong></span> <span class='ocrx_word' id='word_1_224' title='bbox 648 1821 832 1888; x_wconf 87' lang='lat' dir='ltr'><strong>vobis,</strong></span> <span class='ocrx_word' id='word_1_225' title='bbox 867 1842 896 1870; x_wconf 90' lang='grc'><strong>››</strong></span> <span class='ocrx_word' id='word_1_226' title='bbox 929 1838 1136 1892; x_wconf 90' lang='lat' dir='ltr'><strong>nempe</strong></span> <span class='ocrx_word' id='word_1_227' title='bbox 1162 1837 1400 1891; x_wconf 88' lang='lat' dir='ltr'><strong>surgere</strong></span> <span class='ocrx_word' id='word_1_228' title='bbox 1431 1826 1488 1876; x_wconf 89' lang='lat' dir='ltr'><strong>et</strong></span> <span class='ocrx_word' id='word_1_229' title='bbox 1516 1820 1716 1889; x_wconf 85' lang='lat' dir='ltr'><strong>abire].</strong></span> <span class='ocrx_word' id='word_1_230' title='bbox 1750 1819 1840 1874; x_wconf 86' lang='lat' dir='ltr'><strong>Sic</strong></span> <span class='ocrx_word' id='word_1_231' title='bbox 1871 1817 2215 1874; x_wconf 88' lang='lat' dir='ltr'><strong>dissolvitur</strong></span> <span class='ocrx_word' id='word_1_232' title='bbox 2243 1817 2552 1888; x_wconf 86' lang='lat' dir='ltr'><strong>processio,</strong></span> <span class='ocrx_word' id='word_1_233' title='bbox 2588 1823 2645 1874; x_wconf 88' lang='lat' dir='ltr'><strong>et</strong></span> <span class='ocrx_word' id='word_1_234' title='bbox 2674 1820 2798 1875; x_wconf 88' lang='lat' dir='ltr'><strong>abit</strong></span> <span class='ocrx_word' id='word_1_235' title='bbox 2830 1823 3238 1894; x_wconf 88' lang='lat' dir='ltr'><strong>unusquisque</strong></span> <span class='ocrx_word' id='word_1_236' title='bbox 3268 1823 3509 1878; x_wconf 91' lang='lat' dir='ltr'><strong>domum</strong></span> <span class='ocrx_word' id='word_1_237' title='bbox 3542 1839 3739 1878; x_wconf 87' lang='lat' dir='ltr'><strong>suam.</strong></span> 
     </span>
    </p>
   </div>
   <div class='ocr_carea' id='block_1_30' title="bbox 1133 1911 1507 1967">
    <p class='ocr_par' dir='ltr' id='par_1_30' title="bbox 1133 1911 1507 1967">
     <span class='ocr_line' id='line_1_30' title="bbox 1133 1911 1507 1967; baseline 0.003 -1"><span class='ocrx_word' id='word_1_238' title='bbox 1133 1911 1368 1967; x_wconf 89' lang='lat' dir='ltr'><strong>CAPUT</strong></span> <span class='ocrx_word' id='word_1_239' title='bbox 1408 1912 1507 1967; x_wconf 91' lang='lat' dir='ltr'><strong>IlI.</strong></span> 
     </span>
    </p>
   </div>
   <div class='ocr_carea' id='block_1_31' title="bbox 492 1997 2142 2071">
    <p class='ocr_par' dir='ltr' id='par_1_31' title="bbox 492 1997 2142 2071">
     <span class='ocr_line' id='line_1_31' title="bbox 492 1997 2142 2071; baseline -0.002 -15"><span class='ocrx_word' id='word_1_240' title='bbox 492 2001 867 2068; x_wconf 75' lang='lat' dir='ltr'><strong>Obseruando,</strong></span> <span class='ocrx_word' id='word_1_241' title='bbox 925 2000 1147 2071; x_wconf 85' lang='lat' dir='ltr'><strong>quando</strong></span> <span class='ocrx_word' id='word_1_242' title='bbox 1201 2004 1502 2071; x_wconf 83' lang='lat' dir='ltr'><strong>imperator</strong></span> <span class='ocrx_word' id='word_1_243' title='bbox 1554 2000 1870 2055; x_wconf 78' lang='lat' dir='ltr'><strong>domesticos</strong></span> <span class='ocrx_word' id='word_1_244' title='bbox 1926 1997 2142 2071; x_wconf 67' lang='lat' dir='ltr'><strong>schola-</strong></span> 
     </span>
    </p>
   </div>
   <div class='ocr_carea' id='block_1_32' title="bbox 563 2070 2140 2142">
    <p class='ocr_par' dir='ltr' id='par_1_32' title="bbox 563 2070 2140 2142">
     <span class='ocr_line' id='line_1_32' title="bbox 563 2070 2140 2142; baseline -0.003 -16"><span class='ocrx_word' id='word_1_245' title='bbox 563 2089 686 2126; x_wconf 89' lang='lat' dir='ltr'><strong>rum</strong></span> <span class='ocrx_word' id='word_1_246' title='bbox 738 2077 834 2127; x_wconf 84' lang='lat' dir='ltr'><strong>aut</strong></span> <span class='ocrx_word' id='word_1_247' title='bbox 879 2070 1144 2140; x_wconf 74' lang='lat' dir='ltr'><strong>strategus</strong></span> <span class='ocrx_word' id='word_1_248' title='bbox 1190 2070 1309 2141; x_wconf 75' lang='lat' dir='ltr'><strong>[seu</strong></span> <span class='ocrx_word' id='word_1_249' title='bbox 1359 2074 1659 2142; x_wconf 72' lang='lat' dir='ltr'><strong>magistros</strong></span> <span class='ocrx_word' id='word_1_250' title='bbox 1707 2070 1996 2140; x_wconf 76' lang='lat' dir='ltr'><strong>militum],</strong></span> <span class='ocrx_word' id='word_1_251' title='bbox 2041 2072 2140 2123; x_wconf 81' lang='lat' dir='ltr'><strong>aut</strong></span> 
     </span>
    </p>
   </div>
   <div class='ocr_carea' id='block_1_33' title="bbox 565 2143 2146 2214">
    <p class='ocr_par' dir='ltr' id='par_1_33' title="bbox 565 2143 2146 2214">
     <span class='ocr_line' id='line_1_33' title="bbox 565 2143 2146 2214; baseline -0.002 -17"><span class='ocrx_word' id='word_1_252' title='bbox 565 2143 935 2212; x_wconf 82' lang='lat' dir='ltr'><strong>drungarium</strong></span> <span class='ocrx_word' id='word_1_253' title='bbox 963 2146 1174 2214; x_wconf 77' lang='lat' dir='ltr'><strong>classis,</strong></span> <span class='ocrx_word' id='word_1_254' title='bbox 1205 2149 1303 2198; x_wconf 84' lang='lat' dir='ltr'><strong>aut</strong></span> <span class='ocrx_word' id='word_1_255' title='bbox 1349 2147 1606 2214; x_wconf 79' lang='lat' dir='ltr'><strong>genicum</strong></span> <span class='ocrx_word' id='word_1_256' title='bbox 1657 2143 1772 2214; x_wconf 87' lang='lat' dir='ltr'><strong>[seu</strong></span> <span class='ocrx_word' id='word_1_257' title='bbox 1804 2143 2008 2198; x_wconf 77' lang='lat' dir='ltr'><strong>aerarii</strong></span> <span class='ocrx_word' id='word_1_258' title='bbox 2036 2157 2146 2208; x_wconf 85' lang='lat' dir='ltr'><strong>pu-</strong></span> 
     </span>
    </p>
   </div>
   <div class='ocr_carea' id='block_1_34' title="bbox 568 2215 2147 2288">
    <p class='ocr_par' dir='ltr' id='par_1_34' title="bbox 568 2215 2147 2288">
     <span class='ocr_line' id='line_1_34' title="bbox 568 2215 2147 2288; baseline 0 -20"><span class='ocrx_word' id='word_1_259' title='bbox 568 2215 699 2270; x_wconf 77' lang='lat' dir='ltr'><strong>blici</strong></span> <span class='ocrx_word' id='word_1_260' title='bbox 747 2215 1121 2288; x_wconf 79' lang='lat' dir='ltr'><strong>rationalem],</strong></span> <span class='ocrx_word' id='word_1_261' title='bbox 1153 2225 1249 2288; x_wconf 86' lang='lat' dir='ltr'><strong>aut</strong></span> <span class='ocrx_word' id='word_1_262' title='bbox 1297 2217 1672 2283; x_wconf 79' lang='lat' dir='ltr'><strong>sacellarz‘um,</strong></span> <span class='ocrx_word' id='word_1_263' title='bbox 1704 2215 1894 2270; x_wconf 80' lang='lat' dir='ltr'><strong>sacelli</strong></span> <span class='ocrx_word' id='word_1_264' title='bbox 1939 2215 2147 2284; x_wconf 61' lang='lat' dir='ltr'><strong>prae/e-</strong></span> 
     </span>
    </p>
   </div>
   <div class='ocr_carea' id='block_1_35' title="bbox 567 2287 1556 2358">
    <p class='ocr_par' dir='ltr' id='par_1_35' title="bbox 567 2287 1556 2358">
     <span class='ocr_line' id='line_1_35' title="bbox 567 2287 1556 2358; baseline 0 -16"><span class='ocrx_word' id='word_1_265' title='bbox 567 2293 728 2355; x_wconf 86' lang='lat' dir='ltr'><strong>ctum,</strong></span> <span class='ocrx_word' id='word_1_266' title='bbox 761 2288 1066 2358; x_wconf 75' lang='lat' dir='ltr'><strong>reliquosve</strong></span> <span class='ocrx_word' id='word_1_267' title='bbox 1093 2287 1355 2356; x_wconf 74' lang='lat' dir='ltr'><strong>ofﬁciales</strong></span> <span class='ocrx_word' id='word_1_268' title='bbox 1385 2294 1556 2342; x_wconf 75' lang='lat' dir='ltr'><strong>creat.</strong></span> 
     </span>
    </p>
   </div>
   <div class='ocr_carea' id='block_1_36' title="bbox 568 2373 2224 2447">
    <p class='ocr_par' dir='ltr' id='par_1_36' title="bbox 568 2373 2224 2447">
     <span class='ocr_line' id='line_1_36' title="bbox 568 2373 2224 2447; baseline -0.001 -17"><span class='ocrx_word' id='word_1_269' title='bbox 568 2375 822 2446; x_wconf 89' lang='lat' dir='ltr'><strong>Imperat</strong></span> <span class='ocrx_word' id='word_1_270' title='bbox 873 2378 1148 2432; x_wconf 92' lang='lat' dir='ltr'><strong>dominus</strong></span> <span class='ocrx_word' id='word_1_271' title='bbox 1197 2375 1523 2446; x_wconf 81' lang='lat' dir='ltr'><strong>logolhetae,</strong></span> <span class='ocrx_word' id='word_1_272' title='bbox 1573 2384 1636 2430; x_wconf 91' lang='lat' dir='ltr'><strong>ut</strong></span> <span class='ocrx_word' id='word_1_273' title='bbox 1695 2373 2145 2447; x_wconf 87' lang='lat' dir='ltr'><strong>promovendum</strong></span> <span class='ocrx_word' id='word_1_274' title='bbox 2219 2400 2224 2405; x_wconf 60' lang='grc' dir='ltr'><strong><em>η</em></strong></span> 
     </span>
    </p>
   </div>
   <div class='ocr_carea' id='block_1_37' title="bbox 499 2463 2148 2535">
    <p class='ocr_par' dir='ltr' id='par_1_37' title="bbox 499 2463 2148 2535">
     <span class='ocr_line' id='line_1_37' title="bbox 499 2463 2148 2535; baseline -0.003 -15"><span class='ocrx_word' id='word_1_275' title='bbox 499 2479 598 2520; x_wconf 87' lang='lat' dir='ltr'><strong>seu</strong></span> <span class='ocrx_word' id='word_1_276' title='bbox 633 2464 1046 2520; x_wconf 88' lang='lat' dir='ltr'><strong>honorandum</strong></span> <span class='ocrx_word' id='word_1_277' title='bbox 1078 2464 1429 2520; x_wconf 89' lang='lat' dir='ltr'><strong>introducat.</strong></span> <span class='ocrx_word' id='word_1_278' title='bbox 1456 2465 1770 2535; x_wconf 87' lang='lat' dir='ltr'><strong>Egrediens</strong></span> <span class='ocrx_word' id='word_1_279' title='bbox 1796 2463 2148 2534; x_wconf 85' lang='lat' dir='ltr'><strong>igiturlogo-</strong></span> 
     </span>
    </p>
   </div>
   <div class='ocr_carea' id='block_1_38' title="bbox 498 2552 2145 2623">
    <p class='ocr_par' dir='ltr' id='par_1_38' title="bbox 498 2552 2145 2623">
     <span class='ocr_line' id='line_1_38' title="bbox 498 2552 2145 2623; baseline -0.002 -17"><span class='ocrx_word' id='word_1_280' title='bbox 498 2552 655 2607; x_wconf 87' lang='lat' dir='ltr'><strong>theta</strong></span> <span class='ocrx_word' id='word_1_281' title='bbox 674 2553 766 2623; x_wconf 83' lang='lat' dir='ltr'><strong>[ex</strong></span> <span class='ocrx_word' id='word_1_282' title='bbox 791 2553 1281 2623; x_wconf 86' lang='lat' dir='ltr'><strong>chrysotriclinio]</strong></span> <span class='ocrx_word' id='word_1_283' title='bbox 1305 2553 1623 2608; x_wconf 83' lang='lat' dir='ltr'><strong>introducit</strong></span> <span class='ocrx_word' id='word_1_284' title='bbox 1647 2569 1778 2606; x_wconf 89' lang='lat' dir='ltr'><strong>eum</strong></span> <span class='ocrx_word' id='word_1_285' title='bbox 1813 2566 2145 2606; x_wconf 86' lang='lat' dir='ltr'><strong>scaraman-</strong></span> 
     </span>
    </p>
   </div>
   <div class='ocr_carea' id='block_1_39' title="bbox 498 2637 2146 2712">
    <p class='ocr_par' dir='ltr' id='par_1_39' title="bbox 498 2637 2146 2712">
     <span class='ocr_line' id='line_1_39' title="bbox 498 2637 2146 2712; baseline 0 -19"><span class='ocrx_word' id='word_1_286' title='bbox 498 2641 592 2712; x_wconf 92' lang='lat' dir='ltr'><strong>gio</strong></span> <span class='ocrx_word' id='word_1_287' title='bbox 650 2641 967 2708; x_wconf 89' lang='lat' dir='ltr'><strong>indutum;</strong></span> <span class='ocrx_word' id='word_1_288' title='bbox 1004 2642 1112 2696; x_wconf 89' lang='lat' dir='ltr'><strong>nisi</strong></span> <span class='ocrx_word' id='word_1_289' title='bbox 1162 2642 1238 2696; x_wconf 91' lang='lat' dir='ltr'><strong>sit</strong></span> <span class='ocrx_word' id='word_1_290' title='bbox 1286 2642 1411 2696; x_wconf 90' lang='lat' dir='ltr'><strong>dies</strong></span> <span class='ocrx_word' id='word_1_291' title='bbox 1465 2641 1935 2705; x_wconf 89' lang='lat' dir='ltr'><strong>mutatoriorum,</strong></span> <span class='ocrx_word' id='word_1_292' title='bbox 1967 2637 2051 2693; x_wconf 91' lang='lat' dir='ltr'><strong>vel</strong></span> <span class='ocrx_word' id='word_1_293' title='bbox 2085 2638 2146 2693; x_wconf 91' lang='lat' dir='ltr'><strong>in</strong></span> 
     </span>
    </p>
   </div>
   <div class='ocr_carea' id='block_1_40' title="bbox 501 2729 2148 2802">
    <p class='ocr_par' dir='ltr' id='par_1_40' title="bbox 501 2729 2148 2802">
     <span class='ocr_line' id='line_1_40' title="bbox 501 2729 2148 2802; baseline -0.002 -17"><span class='ocrx_word' id='word_1_294' title='bbox 501 2746 616 2801; x_wconf 91' lang='lat' dir='ltr'><strong>quo</strong></span> <span class='ocrx_word' id='word_1_295' title='bbox 649 2747 874 2802; x_wconf 70' lang='lat' dir='ltr'><strong>pompae</strong></span> <span class='ocrx_word' id='word_1_296' title='bbox 921 2731 1099 2797; x_wconf 78' lang='lat' dir='ltr'><strong>gratia</strong></span> <span class='ocrx_word' id='word_1_297' title='bbox 1131 2731 1442 2801; x_wconf 82' lang='lat' dir='ltr'><strong>splendidae</strong></span> <span class='ocrx_word' id='word_1_298' title='bbox 1473 2739 1659 2786; x_wconf 90' lang='lat' dir='ltr'><strong>vestes</strong></span> <span class='ocrx_word' id='word_1_299' title='bbox 1706 2730 2055 2792; x_wconf 89' lang='lat' dir='ltr'><strong>induuntur,</strong></span> <span class='ocrx_word' id='word_1_300' title='bbox 2090 2729 2148 2782; x_wconf 88' lang='lat' dir='ltr'><strong>et</strong></span> 
     </span>
    </p>
   </div>
   <div class='ocr_carea' id='block_1_41' title="bbox 502 2819 2144 2892">
    <p class='ocr_par' dir='ltr' id='par_1_41' title="bbox 502 2819 2144 2892">
     <span class='ocr_line' id='line_1_41' title="bbox 502 2819 2144 2892; baseline 0 -19"><span class='ocrx_word' id='word_1_301' title='bbox 502 2819 872 2876; x_wconf 85' lang='lat' dir='ltr'><strong>honorandus</strong></span> <span class='ocrx_word' id='word_1_302' title='bbox 923 2823 1049 2892; x_wconf 90' lang='lat' dir='ltr'><strong>jam</strong></span> <span class='ocrx_word' id='word_1_303' title='bbox 1106 2821 1369 2877; x_wconf 81' lang='lat' dir='ltr'><strong>ofﬁcialis</strong></span> <span class='ocrx_word' id='word_1_304' title='bbox 1417 2821 1509 2877; x_wconf 90' lang='lat' dir='ltr'><strong>sit.</strong></span> <span class='ocrx_word' id='word_1_305' title='bbox 1564 2822 1642 2876; x_wconf 90' lang='lat' dir='ltr'><strong>Eo</strong></span> <span class='ocrx_word' id='word_1_306' title='bbox 1691 2819 1847 2875; x_wconf 92' lang='lat' dir='ltr'><strong>enim</strong></span> <span class='ocrx_word' id='word_1_307' title='bbox 1897 2819 1954 2872; x_wconf 92' lang='lat' dir='ltr'><strong>in</strong></span> <span class='ocrx_word' id='word_1_308' title='bbox 2005 2834 2144 2873; x_wconf 89' lang='lat' dir='ltr'><strong>casu</strong></span> 
     </span>
    </p>
   </div>
   <div class='ocr_carea' id='block_1_42' title="bbox 503 2911 2144 2986">
    <p class='ocr_par' dir='ltr' id='par_1_42' title="bbox 503 2911 2144 2986">
     <span class='ocr_line' id='line_1_42' title="bbox 503 2911 2144 2986; baseline -0.001 -20"><span class='ocrx_word' id='word_1_309' title='bbox 503 2911 823 2969; x_wconf 88' lang='lat' dir='ltr'><strong>introducit</strong></span> <span class='ocrx_word' id='word_1_310' title='bbox 851 2930 982 2970; x_wconf 85' lang='lat' dir='ltr'><strong>eum</strong></span> <span class='ocrx_word' id='word_1_311' title='bbox 1016 2916 1074 2969; x_wconf 90' lang='lat' dir='ltr'>in</span> <span class='ocrx_word' id='word_1_312' title='bbox 1106 2915 1228 2970; x_wconf 91' lang='lat' dir='ltr'><strong>suis</strong></span> <span class='ocrx_word' id='word_1_313' title='bbox 1258 2913 1368 2986; x_wconf 89' lang='lat' dir='ltr'><strong>ipsi</strong></span> <span class='ocrx_word' id='word_1_314' title='bbox 1398 2912 1862 2984; x_wconf 88' lang='lat' dir='ltr'><strong>competentibus</strong></span> <span class='ocrx_word' id='word_1_315' title='bbox 1890 2916 2144 2966; x_wconf 88' lang='lat' dir='ltr'><strong>mutato-</strong></span> 
     </span>
    </p>
   </div>
   <div class='ocr_carea' id='block_1_43' title="bbox 502 3001 2145 3075">
    <p class='ocr_par' dir='ltr' id='par_1_43' title="bbox 502 3001 2145 3075">
     <span class='ocr_line' id='line_1_43' title="bbox 502 3001 2145 3075; baseline -0.001 -19"><span class='ocrx_word' id='word_1_316' title='bbox 502 3003 628 3058; x_wconf 91' lang='lat' dir='ltr'><strong>riis.</strong></span> <span class='ocrx_word' id='word_1_317' title='bbox 659 3002 869 3058; x_wconf 86' lang='lat' dir='ltr'><strong>Velum</strong></span> <span class='ocrx_word' id='word_1_318' title='bbox 903 3005 1098 3075; x_wconf 88' lang='lat' dir='ltr'><strong>itaque</strong></span> <span class='ocrx_word' id='word_1_319' title='bbox 1129 3004 1582 3074; x_wconf 82' lang='lat' dir='ltr'><strong>chrysotriclinii</strong></span> <span class='ocrx_word' id='word_1_320' title='bbox 1628 3001 1910 3058; x_wconf 86' lang='lat' dir='ltr'><strong>attractile</strong></span> <span class='ocrx_word' id='word_1_321' title='bbox 1955 3006 2145 3055; x_wconf 86' lang='lat' dir='ltr'><strong>trans-</strong></span> 
     </span>
    </p>
   </div>
   <div class='ocr_carea' id='block_1_44' title="bbox 499 3086 2142 3161">
    <p class='ocr_par' dir='ltr' id='par_1_44' title="bbox 499 3086 2142 3161">
     <span class='ocr_line' id='line_1_44' title="bbox 499 3086 2142 3161; baseline -0.002 -19"><span class='ocrx_word' id='word_1_322' title='bbox 499 3105 738 3159; x_wconf 86' lang='lat' dir='ltr'><strong>gressus</strong></span> <span class='ocrx_word' id='word_1_323' title='bbox 789 3090 920 3146; x_wconf 88' lang='lat' dir='ltr'><strong>novi</strong></span> <span class='ocrx_word' id='word_1_324' title='bbox 971 3091 1208 3145; x_wconf 89' lang='lat' dir='ltr'><strong>honoris</strong></span> <span class='ocrx_word' id='word_1_325' title='bbox 1267 3091 1609 3146; x_wconf 86' lang='lat' dir='ltr'><strong>candidatus</strong></span> <span class='ocrx_word' id='word_1_326' title='bbox 1659 3088 1908 3161; x_wconf 90' lang='lat' dir='ltr'><strong>procidit</strong></span> <span class='ocrx_word' id='word_1_327' title='bbox 1953 3086 2142 3155; x_wconf 87' lang='lat' dir='ltr'><strong>humi,</strong></span> 
     </span>
    </p>
   </div>
   <div class='ocr_carea' id='block_1_45' title="bbox 497 3174 2145 3250">
    <p class='ocr_par' dir='ltr' id='par_1_45' title="bbox 497 3174 2145 3250">
     <span class='ocr_line' id='line_1_45' title="bbox 497 3174 2145 3250; baseline 0 -20"><span class='ocrx_word' id='word_1_328' title='bbox 497 3177 744 3234; x_wconf 89' lang='lat' dir='ltr'><strong>adorans</strong></span> <span class='ocrx_word' id='word_1_329' title='bbox 811 3179 1249 3250; x_wconf 85' lang='lat' dir='ltr'><strong>imperatorem,</strong></span> <span class='ocrx_word' id='word_1_330' title='bbox 1312 3179 1445 3234; x_wconf 87' lang='lat' dir='ltr'><strong>dein</strong></span> <span class='ocrx_word' id='word_1_331' title='bbox 1512 3179 1696 3248; x_wconf 86' lang='lat' dir='ltr'><strong>surgit</strong></span> <span class='ocrx_word' id='word_1_332' title='bbox 1759 3183 1813 3232; x_wconf 92' lang='lat' dir='ltr'><strong>et</strong></span> <span class='ocrx_word' id='word_1_333' title='bbox 1879 3174 2145 3246; x_wconf 90' lang='lat' dir='ltr'><strong>sequitur</strong></span> 
     </span>
    </p>
   </div>
   <div class='ocr_carea' id='block_1_46' title="bbox 2171 1911 2219 1975">
    <p class='ocr_par' dir='ltr' id='par_1_46' title="bbox 2171 1911 2219 1975">
     <span class='ocr_line' id='line_1_46' title="bbox 2171 1911 2219 1975; baseline 0 0"><span class='ocrx_word' id='word_1_334' title='bbox 2171 1911 2219 1975; x_wconf 94' lang='lat' dir='ltr'><strong>B</strong></span> 
     </span>
    </p>
   </div>
   <div class='ocr_carea' id='block_1_47' title="bbox 2887 1915 3252 1969">
    <p class='ocr_par' dir='ltr' id='par_1_47' title="bbox 2887 1915 3252 1969">
     <span class='ocr_line' id='line_1_47' title="bbox 2887 1915 3252 1969; baseline 0.016 -6"><span class='ocrx_word' id='word_1_335' title='bbox 2887 1915 3140 1966; x_wconf 83' lang='grc' dir='ltr'><strong>ΚΕΦΑΛ.</strong></span> <span class='ocrx_word' id='word_1_336' title='bbox 3181 1917 3252 1969; x_wconf 90' lang='grc' dir='ltr'><strong>Γ’.</strong></span> 
     </span>
    </p>
   </div>
   <div class='ocr_carea' id='block_1_48' title="bbox 2249 1993 3914 2074">
    <p class='ocr_par' dir='ltr' id='par_1_48' title="bbox 2249 1993 3914 2074">
     <span class='ocr_line' id='line_1_48' title="bbox 2249 1993 3914 2074; baseline 0.001 -22"><span class='ocrx_word' id='word_1_337' title='bbox 2249 1997 2387 2074; x_wconf 71' lang='grc' dir='ltr'>“Οσα</span> <span class='ocrx_word' id='word_1_338' title='bbox 2454 1993 2536 2074; x_wconf 78' lang='grc' dir='ltr'><strong>δεῖ</strong></span> <span class='ocrx_word' id='word_1_339' title='bbox 2599 1997 3057 2074; x_wconf 63' lang='grc' dir='ltr'><strong>πᾳραφυλᾴττειν,</strong></span> <span class='ocrx_word' id='word_1_340' title='bbox 3139 2004 3235 2053; x_wconf 82' lang='grc' dir='ltr'>τοῦ</span> <span class='ocrx_word' id='word_1_341' title='bbox 3323 1995 3914 2074; x_wconf 12' lang='grc' dir='ltr'><strong>βασιλέωςέπροϐαλ-</strong></span> 
     </span>
    </p>
   </div>
   <div class='ocr_carea' id='block_1_49' title="bbox 2329 2065 3914 2145">
    <p class='ocr_par' dir='ltr' id='par_1_49' title="bbox 2329 2065 3914 2145">
     <span class='ocr_line' id='line_1_49' title="bbox 2329 2065 3914 2145; baseline 0.003 -24"><span class='ocrx_word' id='word_1_342' title='bbox 2329 2065 2568 2145; x_wconf 43' lang='grc' dir='ltr'>λομὲνον.</span> <span class='ocrx_word' id='word_1_343' title='bbox 2616 2065 2996 2145; x_wconf 57' lang='grc' dir='ltr'><strong>⁵δὸμέστῖίκους</strong></span> <span class='ocrx_word' id='word_1_344' title='bbox 3046 2065 3051 2067; x_wconf 38' lang='grc'>⁷</span> <span class='ocrx_word' id='word_1_345' title='bbox 3092 2075 3198 2125; x_wconf 82' lang='grc' dir='ltr'>τῶν</span> <span class='ocrx_word' id='word_1_346' title='bbox 3236 2141 3248 2145; x_wconf 83' lang='lat'><em>_</em></span> <span class='ocrx_word' id='word_1_347' title='bbox 3295 2065 3547 2145; x_wconf 32' lang='grc' dir='ltr'><strong>σ’χολῶν.</strong></span> <span class='ocrx_word' id='word_1_348' title='bbox 3595 2072 3633 2141; x_wconf 75' lang='grc' dir='ltr'><strong>ἢ</strong></span> <span class='ocrx_word' id='word_1_349' title='bbox 3702 2065 3914 2145; x_wconf 61' lang='grc' dir='ltr'><strong>’στραττ</strong></span> 
     </span>
    </p>
   </div>
   <div class='ocr_carea' id='block_1_50' title="bbox 2327 2137 3908 2228">
    <p class='ocr_par' dir='ltr' id='par_1_50' title="bbox 2327 2137 3908 2228">
     <span class='ocr_line' id='line_1_50' title="bbox 2327 2137 3908 2228; baseline 0.006 -38"><span class='ocrx_word' id='word_1_350' title='bbox 2327 2137 2568 2228; x_wconf 26' lang='grc' dir='ltr'><strong>ηγὸὺῖςῖνξ</strong></span> <span class='ocrx_word' id='word_1_351' title='bbox 2612 2137 2970 2228; x_wconf 48' lang='grc' dir='ltr'>δροὺχγάριον</span> <span class='ocrx_word' id='word_1_352' title='bbox 3025 2137 3463 2228; x_wconf 32' lang='grc' dir='ltr'><strong>τῶνῃτςλσὶξξθων,</strong></span> <span class='ocrx_word' id='word_1_353' title='bbox 3607 2137 3832 2228; x_wconf 34' lang='lat' dir='ltr'><strong>iamcum</strong></span> <span class='ocrx_word' id='word_1_354' title='bbox 3876 2144 3908 2212; x_wconf 70' lang='grc' dir='ltr'>ἦ</span> 
     </span>
    </p>
   </div>
   <div class='ocr_carea' id='block_1_51' title="bbox 2327 2209 3908 2336">
    <p class='ocr_par' dir='ltr' id='par_1_51' title="bbox 2327 2209 3908 2336">
     <span class='ocr_line' id='line_1_51' title="bbox 2327 2209 3908 2336; baseline 0.003 -72"><span class='ocrx_word' id='word_1_355' title='bbox 2327 2209 2688 2336; x_wconf 52' lang='grc' dir='ltr'>σάκῗλλάριον</span> <span class='ocrx_word' id='word_1_356' title='bbox 2844 2209 2940 2268; x_wconf 65' lang='grc' dir='ltr'><strong>’ἰοῦ</strong></span> <span class='ocrx_word' id='word_1_357' title='bbox 2999 2212 3292 2269; x_wconf 77' lang='grc' dir='ltr'>σακελλίου</span> <span class='ocrx_word' id='word_1_358' title='bbox 3445 2209 3682 2277; x_wconf 58' lang='grc' dir='ltr'>λοιλποῦς</span> <span class='ocrx_word' id='word_1_359' title='bbox 3747 2209 3908 2293; x_wconf 61' lang='grc' dir='ltr'><strong>δῖα-ξιξ</strong></span> 
     </span>
     <span class='ocr_line' id='line_1_52' title="bbox 2327 2304 2597 2336; baseline 0 0"><span class='ocrx_word' id='word_1_360' title='bbox 2327 2304 2597 2336; x_wconf 52' lang='grc' dir='ltr'><strong>κιακρυε.</strong></span> 
     </span>
    </p>
   </div>
   <div class='ocr_carea' id='block_1_52' title="bbox 2325 2304 2597 2346">
    <p class='ocr_par' dir='ltr' id='par_1_52' title="bbox 2325 2304 2597 2346">
     <span class='ocr_line' id='line_1_53' title="bbox 2325 2304 2597 2346; baseline 0.011 -10"><span class='ocrx_word' id='word_1_361' title='bbox 2325 2304 2597 2346; x_wconf 71' lang='grc' dir='ltr'><strong>κιαΛιους.</strong></span> 
     </span>
    </p>
   </div>
   <div class='ocr_carea' id='block_1_53' title="bbox 2333 2371 3908 2448">
    <p class='ocr_par' dir='ltr' id='par_1_53' title="bbox 2333 2371 3908 2448">
     <span class='ocr_line' id='line_1_54' title="bbox 2333 2371 3908 2448; baseline 0.001 -20"><span class='ocrx_word' id='word_1_362' title='bbox 2333 2372 2546 2428; x_wconf 76' lang='grc' dir='ltr'>Κελεύει</span> <span class='ocrx_word' id='word_1_363' title='bbox 2582 2374 2608 2426; x_wconf 89' lang='grc' dir='ltr'>ὁ</span> <span class='ocrx_word' id='word_1_364' title='bbox 2645 2373 2898 2447; x_wconf 67' lang='grc' dir='ltr'>βασιλεὺς</span> <span class='ocrx_word' id='word_1_365' title='bbox 2928 2374 3018 2427; x_wconf 81' lang='grc' dir='ltr'>τὸν</span> <span class='ocrx_word' id='word_1_366' title='bbox 3053 2371 3354 2448; x_wconf 71' lang='grc' dir='ltr'>λογοθέτην</span> <span class='ocrx_word' id='word_1_367' title='bbox 3387 2375 3587 2444; x_wconf 77' lang='grc' dir='ltr'>εἰσάξαι</span> <span class='ocrx_word' id='word_1_368' title='bbox 3618 2376 3718 2429; x_wconf 88' lang='grc' dir='ltr'><strong>τὸν</strong></span> <span class='ocrx_word' id='word_1_369' title='bbox 3762 2375 3908 2448; x_wconf 66' lang='grc' dir='ltr'><strong>ὀφει-</strong></span> 
     </span>
    </p>
   </div>
   <div class='ocr_carea' id='block_1_54' title="bbox 2258 2456 3907 2537">
    <p class='ocr_par' dir='ltr' id='par_1_54' title="bbox 2258 2456 3907 2537">
     <span class='ocr_line' id='line_1_55' title="bbox 2258 2456 3907 2537; baseline 0.002 -24"><span class='ocrx_word' id='word_1_370' title='bbox 2258 2459 2491 2533; x_wconf 78' lang='grc' dir='ltr'>Λόμενον</span> <span class='ocrx_word' id='word_1_371' title='bbox 2523 2456 2931 2534; x_wconf 74' lang='grc' dir='ltr'>προϐληθῆναι,</span> <span class='ocrx_word' id='word_1_372' title='bbox 2978 2463 3038 2518; x_wconf 91' lang='grc' dir='ltr'>Ὁ</span> <span class='ocrx_word' id='word_1_373' title='bbox 3095 2459 3151 2516; x_wconf 73' lang='grc' dir='ltr'><strong>δὲ</strong></span> <span class='ocrx_word' id='word_1_374' title='bbox 3200 2461 3495 2537; x_wconf 75' lang='grc' dir='ltr'>λογοθὲτης</span> <span class='ocrx_word' id='word_1_375' title='bbox 3543 2461 3907 2537; x_wconf 73' lang='grc' dir='ltr'>ἐξερχόμενσς</span> 
     </span>
    </p>
   </div>
   <div class='ocr_carea' id='block_1_55' title="bbox 2256 2548 3906 2625">
    <p class='ocr_par' dir='ltr' id='par_1_55' title="bbox 2256 2548 3906 2625">
     <span class='ocr_line' id='line_1_56' title="bbox 2256 2548 3906 2625; baseline 0.004 -22"><span class='ocrx_word' id='word_1_376' title='bbox 2256 2548 2456 2623; x_wconf 70' lang='grc' dir='ltr'>εἷ’σάγει</span> <span class='ocrx_word' id='word_1_377' title='bbox 2491 2549 2648 2604; x_wconf 80' lang='grc' dir='ltr'>αὐτον</span> <span class='ocrx_word' id='word_1_378' title='bbox 2703 2551 2809 2605; x_wconf 83' lang='grc' dir='ltr'><strong>ἀπὸ</strong></span> <span class='ocrx_word' id='word_1_379' title='bbox 2859 2552 3286 2625; x_wconf 74' lang='grc' dir='ltr'>σκαραμαγγίου.</span> <span class='ocrx_word' id='word_1_380' title='bbox 3321 2551 3382 2604; x_wconf 71' lang='grc' dir='ltr'><strong>Ζῗ</strong></span> <span class='ocrx_word' id='word_1_381' title='bbox 3427 2549 3482 2606; x_wconf 77' lang='grc' dir='ltr'><strong>δέ</strong></span> <span class='ocrx_word' id='word_1_382' title='bbox 3529 2549 3675 2607; x_wconf 75' lang='grc' dir='ltr'>ἐστιν</span> <span class='ocrx_word' id='word_1_383' title='bbox 3727 2553 3906 2625; x_wconf 64' lang='grc' dir='ltr'><strong>ἡμέρα</strong></span> 
     </span>
    </p>
   </div>
   <div class='ocr_carea' id='block_1_56' title="bbox 2256 2637 3902 2719">
    <p class='ocr_par' dir='ltr' id='par_1_56' title="bbox 2256 2637 3902 2719">
     <span class='ocr_line' id='line_1_57' title="bbox 2256 2637 3902 2719; baseline 0.002 -27"><span class='ocrx_word' id='word_1_384' title='bbox 2256 2637 2599 2712; x_wconf 76' lang='grc' dir='ltr'>ἆλλαξίμων,</span> <span class='ocrx_word' id='word_1_385' title='bbox 2650 2640 2736 2695; x_wconf 71' lang='grc' dir='ltr'>ἐὰν</span> <span class='ocrx_word' id='word_1_386' title='bbox 2771 2637 2873 2714; x_wconf 65' lang='grc' dir='ltr'><strong>ἄρα</strong></span> <span class='ocrx_word' id='word_1_387' title='bbox 2920 2642 3009 2695; x_wconf 79' lang='grc' dir='ltr'>καὶ</span> <span class='ocrx_word' id='word_1_388' title='bbox 3069 2637 3210 2696; x_wconf 76' lang='grc' dir='ltr'>ἔστιν</span> <span class='ocrx_word' id='word_1_389' title='bbox 3275 2641 3646 2719; x_wconf 67' lang='grc' dir='ltr'><strong>ὀφφικιάλιος,</strong></span> <span class='ocrx_word' id='word_1_390' title='bbox 3700 2643 3902 2717; x_wconf 75' lang='grc' dir='ltr'><strong>εἰσάγει</strong></span> 
     </span>
    </p>
   </div>
   <div class='ocr_carea' id='block_1_57' title="bbox 2255 2728 3904 2806">
    <p class='ocr_par' dir='ltr' id='par_1_57' title="bbox 2255 2728 3904 2806">
     <span class='ocr_line' id='line_1_58' title="bbox 2255 2728 3904 2806; baseline 0.001 -23"><span class='ocrx_word' id='word_1_391' title='bbox 2255 2730 2416 2784; x_wconf 83' lang='grc' dir='ltr'>αὐτὸν</span> <span class='ocrx_word' id='word_1_392' title='bbox 2450 2730 2585 2802; x_wconf 79' lang='grc' dir='ltr'>μετᾶ</span> <span class='ocrx_word' id='word_1_393' title='bbox 2612 2735 2718 2784; x_wconf 83' lang='grc' dir='ltr'>τῶν</span> <span class='ocrx_word' id='word_1_394' title='bbox 2753 2729 2906 2784; x_wconf 82' lang='grc' dir='ltr'>ἰδίων</span> <span class='ocrx_word' id='word_1_395' title='bbox 2936 2729 3280 2804; x_wconf 81' lang='grc' dir='ltr'><strong>ἀλλαξίμων.</strong></span> <span class='ocrx_word' id='word_1_396' title='bbox 3332 2733 3435 2789; x_wconf 73' lang='grc' dir='ltr'><strong>Καὶ</strong></span> <span class='ocrx_word' id='word_1_397' title='bbox 3485 2734 3786 2806; x_wconf 83' lang='grc' dir='ltr'>γενόμενος</span> <span class='ocrx_word' id='word_1_398' title='bbox 3833 2728 3904 2786; x_wconf 77' lang='grc' dir='ltr'><strong>ἕν-</strong></span> 
     </span>
    </p>
   </div>
   <div class='ocr_carea' id='block_1_58' title="bbox 2257 2816 3898 2898">
    <p class='ocr_par' dir='ltr' id='par_1_58' title="bbox 2257 2816 3898 2898">
     <span class='ocr_line' id='line_1_59' title="bbox 2257 2816 3898 2898; baseline 0.004 -26"><span class='ocrx_word' id='word_1_399' title='bbox 2257 2816 2346 2873; x_wconf 88' lang='grc' dir='ltr'><strong>δον</strong></span> <span class='ocrx_word' id='word_1_400' title='bbox 2378 2823 2473 2873; x_wconf 81' lang='grc' dir='ltr'><strong>τοῦ</strong></span> <span class='ocrx_word' id='word_1_401' title='bbox 2505 2824 2700 2895; x_wconf 83' lang='grc' dir='ltr'>συρτοῦ</span> <span class='ocrx_word' id='word_1_402' title='bbox 2734 2819 2913 2894; x_wconf 77' lang='grc' dir='ltr'>βήλου</span> <span class='ocrx_word' id='word_1_403' title='bbox 2944 2823 3064 2892; x_wconf 85' lang='grc'><strong>(82)</strong></span> <span class='ocrx_word' id='word_1_404' title='bbox 3083 2823 3177 2875; x_wconf 75' lang='grc' dir='ltr'><strong>τοῦ</strong></span> <span class='ocrx_word' id='word_1_405' title='bbox 3202 2819 3684 2898; x_wconf 75' lang='grc' dir='ltr'><strong>χρυσοτρικλίνου,</strong></span> <span class='ocrx_word' id='word_1_406' title='bbox 3719 2821 3898 2878; x_wconf 78' lang='grc' dir='ltr'><strong>πίπτει</strong></span> 
     </span>
    </p>
   </div>
   <div class='ocr_carea' id='block_1_59' title="bbox 2255 2907 3888 2988">
    <p class='ocr_par' dir='ltr' id='par_1_59' title="bbox 2255 2907 3888 2988">
     <span class='ocr_line' id='line_1_60' title="bbox 2255 2907 3888 2988; baseline 0.003 -26"><span class='ocrx_word' id='word_1_407' title='bbox 2255 2907 2338 2962; x_wconf 77' lang='grc' dir='ltr'><strong>ἐπ’</strong></span> <span class='ocrx_word' id='word_1_408' title='bbox 2372 2907 2622 2988; x_wconf 75' lang='grc' dir='ltr'><strong>ἐδάφους,</strong></span> <span class='ocrx_word' id='word_1_409' title='bbox 2655 2915 2971 2984; x_wconf 77' lang='grc' dir='ltr'>προσκυνῶν</span> <span class='ocrx_word' id='word_1_410' title='bbox 3006 2911 3096 2965; x_wconf 84' lang='grc' dir='ltr'><strong>τὸν</strong></span> <span class='ocrx_word' id='word_1_411' title='bbox 3149 2911 3397 2985; x_wconf 71' lang='grc' dir='ltr'><strong>βασιλέα,</strong></span> <span class='ocrx_word' id='word_1_412' title='bbox 3452 2912 3565 2966; x_wconf 73' lang='grc' dir='ltr'>εἶτα</span> <span class='ocrx_word' id='word_1_413' title='bbox 3613 2912 3888 2983; x_wconf 68' lang='grc' dir='ltr'><strong>ἀνιστάμε-</strong></span> 
     </span>
    </p>
   </div>
   <div class='ocr_carea' id='block_1_60' title="bbox 2255 2998 3880 3079">
    <p class='ocr_par' dir='ltr' id='par_1_60' title="bbox 2255 2998 3880 3079">
     <span class='ocr_line' id='line_1_61' title="bbox 2255 2998 3880 3079; baseline 0.002 -28"><span class='ocrx_word' id='word_1_414' title='bbox 2255 3019 2344 3059; x_wconf 87' lang='grc' dir='ltr'><strong>νος</strong></span> <span class='ocrx_word' id='word_1_415' title='bbox 2373 2999 2462 3052; x_wconf 84' lang='grc' dir='ltr'><strong>καὶ</strong></span> <span class='ocrx_word' id='word_1_416' title='bbox 2493 3001 2693 3053; x_wconf 83' lang='grc' dir='ltr'>τούτου</span> <span class='ocrx_word' id='word_1_417' title='bbox 2723 2998 3194 3073; x_wconf 82' lang='grc' dir='ltr'>προπορευόμενος</span> <span class='ocrx_word' id='word_1_418' title='bbox 3225 3001 3252 3054; x_wconf 86' lang='grc' dir='ltr'>ὁ</span> <span class='ocrx_word' id='word_1_419' title='bbox 3303 2998 3632 3076; x_wconf 80' lang='grc' dir='ltr'>λογοθὲτης,</span> <span class='ocrx_word' id='word_1_420' title='bbox 3679 2998 3880 3079; x_wconf 65' lang='grc' dir='ltr'><strong>ἔρχεται</strong></span> 
     </span>
    </p>
   </div>
   <div class='ocr_carea' id='block_1_61' title="bbox 2253 3083 3890 3164">
    <p class='ocr_par' dir='ltr' id='par_1_61' title="bbox 2253 3083 3890 3164">
     <span class='ocr_line' id='line_1_62' title="bbox 2253 3083 3890 3164; baseline 0.003 -26"><span class='ocrx_word' id='word_1_421' title='bbox 2253 3085 2342 3139; x_wconf 84' lang='grc' dir='ltr'>καὶ</span> <span class='ocrx_word' id='word_1_422' title='bbox 2387 3083 2604 3140; x_wconf 64' lang='grc' dir='ltr'>ἵσταται</span> <span class='ocrx_word' id='word_1_423' title='bbox 2653 3087 2756 3140; x_wconf 85' lang='grc' dir='ltr'><strong>ἀπὸ</strong></span> <span class='ocrx_word' id='word_1_424' title='bbox 2810 3086 3003 3162; x_wconf 79' lang='grc' dir='ltr'>ὀλίγου</span> <span class='ocrx_word' id='word_1_425' title='bbox 3053 3086 3426 3160; x_wconf 66' lang='grc' dir='ltr'><strong>διαστήματος</strong></span> <span class='ocrx_word' id='word_1_426' title='bbox 3468 3094 3567 3144; x_wconf 78' lang='grc' dir='ltr'><strong>τοῦ</strong></span> <span class='ocrx_word' id='word_1_427' title='bbox 3604 3090 3890 3164; x_wconf 76' lang='grc' dir='ltr'><strong>βασιλέως.</strong></span> 
     </span>
    </p>
   </div>
   <div class='ocr_carea' id='block_1_62' title="bbox 2251 3171 3897 3252">
    <p class='ocr_par' dir='ltr' id='par_1_62' title="bbox 2251 3171 3897 3252">
     <span class='ocr_line' id='line_1_63' title="bbox 2251 3171 3897 3252; baseline 0 -22"><span class='ocrx_word' id='word_1_428' title='bbox 2251 3176 2311 3230; x_wconf 89' lang='grc' dir='ltr'>Ὁ</span> <span class='ocrx_word' id='word_1_429' title='bbox 2345 3171 2400 3228; x_wconf 75' lang='grc' dir='ltr'><strong>δὲ</strong></span> <span class='ocrx_word' id='word_1_430' title='bbox 2433 3173 2688 3250; x_wconf 74' lang='grc' dir='ltr'>βασιλεὺς</span> <span class='ocrx_word' id='word_1_431' title='bbox 2716 3181 2966 3251; x_wconf 71' lang='grc' dir='ltr'>παραινεῖ</span> <span class='ocrx_word' id='word_1_432' title='bbox 3005 3175 3163 3231; x_wconf 84' lang='grc' dir='ltr'>αὐτὸν</span> <span class='ocrx_word' id='word_1_433' title='bbox 3212 3180 3307 3232; x_wconf 73' lang='grc' dir='ltr'>τοῦ</span> <span class='ocrx_word' id='word_1_434' title='bbox 3360 3179 3497 3250; x_wconf 79' lang='grc' dir='ltr'><strong>μετᾶ</strong></span> <span class='ocrx_word' id='word_1_435' title='bbox 3548 3174 3723 3252; x_wconf 72' lang='grc' dir='ltr'>φόϐου</span> <span class='ocrx_word' id='word_1_436' title='bbox 3773 3181 3897 3234; x_wconf 71' lang='grc' dir='ltr'>Θεοῦ</span> 
     </span>
    </p>
   </div>
   <div class='ocr_carea' id='block_1_63' title="bbox 1541 3300 2864 3359">
    <p class='ocr_par' dir='ltr' id='par_1_63' title="bbox 1541 3300 2864 3359">
     <span class='ocr_line' id='line_1_64' title="bbox 1541 3300 2864 3359; baseline -0.001 -1"><span class='ocrx_word' id='word_1_437' title='bbox 1541 3301 1745 3358; x_wconf 75' lang='lat' dir='ltr'><strong>JOAN.</strong></span> <span class='ocrx_word' id='word_1_438' title='bbox 1785 3301 1932 3358; x_wconf 87' lang='lat' dir='ltr'><strong>JAC.</strong></span> <span class='ocrx_word' id='word_1_439' title='bbox 1978 3301 2246 3357; x_wconf 84' lang='lat' dir='ltr'><strong>REISKII</strong></span> <span class='ocrx_word' id='word_1_440' title='bbox 2287 3300 2864 3359; x_wconf 70' lang='lat' dir='ltr'><strong>COMMENTARIUS</strong></span> 
     </span>
    </p>
   </div>
   <div class='ocr_carea' id='block_1_64' title="bbox 504 3415 3893 3544">
    <p class='ocr_par' dir='ltr' id='par_1_64' title="bbox 504 3415 3893 3544">
     <span class='ocr_line' id='line_1_65' title="bbox 504 3415 3893 3544; baseline 0.001 -72"><span class='ocrx_word' id='word_1_441' title='bbox 504 3417 807 3472; x_wconf 89' lang='lat' dir='ltr'><strong>Persarum</strong></span> <span class='ocrx_word' id='word_1_442' title='bbox 838 3418 988 3473; x_wconf 87' lang='lat' dir='ltr'><strong>aulis</strong></span> <span class='ocrx_word' id='word_1_443' title='bbox 1021 3435 1153 3474; x_wconf 90' lang='lat' dir='ltr'><strong>eum</strong></span> <span class='ocrx_word' id='word_1_444' title='bbox 1189 3418 1515 3474; x_wconf 90' lang='lat' dir='ltr'><strong>obtinuisse</strong></span> <span class='ocrx_word' id='word_1_445' title='bbox 1538 3433 1780 3481; x_wconf 91' lang='lat' dir='ltr'><strong>morem,</strong></span> <span class='ocrx_word' id='word_1_446' title='bbox 1805 3421 1871 3471; x_wconf 93' lang='lat' dir='ltr'><strong>ut</strong></span> <span class='ocrx_word' id='word_1_447' title='bbox 1895 3415 2144 3471; x_wconf 91' lang='lat' dir='ltr'><strong>ministri</strong></span> <span class='ocrx_word' id='word_1_448' title='bbox 2174 3423 2219 3486; x_wconf 74' lang='grc' dir='ltr'>ο</span> <span class='ocrx_word' id='word_1_449' title='bbox 2260 3415 2456 3472; x_wconf 90' lang='lat' dir='ltr'><strong>oculos</strong></span> <span class='ocrx_word' id='word_1_450' title='bbox 2477 3417 2787 3472; x_wconf 89' lang='lat' dir='ltr'><strong>incurrunt</strong></span> <span class='ocrx_word' id='word_1_451' title='bbox 2812 3418 2948 3484; x_wconf 91' lang='lat' dir='ltr'><strong>duo,</strong></span> <span class='ocrx_word' id='word_1_452' title='bbox 2975 3418 3074 3544; x_wconf 58' lang='grc' dir='ltr'>(ιιιιί</span> <span class='ocrx_word' id='word_1_453' title='bbox 3102 3434 3310 3474; x_wconf 90' lang='lat' dir='ltr'><strong>manus</strong></span> <span class='ocrx_word' id='word_1_454' title='bbox 3331 3419 3687 3474; x_wconf 85' lang='lat' dir='ltr'><strong>deeussatim</strong></span> <span class='ocrx_word' id='word_1_455' title='bbox 3719 3437 3893 3490; x_wconf 88' lang='lat' dir='ltr'><strong>super</strong></span> 
     </span>
     <span class='ocr_line' id='line_1_66' title="bbox 506 3490 3893 3544; baseline 0.001 -2"><span class='ocrx_word' id='word_1_456' title='bbox 506 3504 698 3542; x_wconf 87' lang='lat' dir='ltr'><strong>coram</strong></span> <span class='ocrx_word' id='word_1_457' title='bbox 734 3490 967 3544; x_wconf 67' lang='lat' dir='ltr'><strong>regibus</strong></span> <span class='ocrx_word' id='word_1_458' title='bbox 999 3497 1252 3544; x_wconf 89' lang='lat' dir='ltr'><strong>astarent</strong></span> <span class='ocrx_word' id='word_1_459' title='bbox 1286 3491 1558 3544; x_wconf 82' lang='lat' dir='ltr'><strong>manibus</strong></span> <span class='ocrx_word' id='word_1_460' title='bbox 1591 3496 1646 3544; x_wconf 88' lang='lat' dir='ltr'><strong>in</strong></span> <span class='ocrx_word' id='word_1_461' title='bbox 1685 3501 1908 3544; x_wconf 83' lang='lat' dir='ltr'><strong>pectore</strong></span> <span class='ocrx_word' id='word_1_462' title='bbox 1933 3491 2144 3542; x_wconf 91' lang='lat' dir='ltr'><strong>decus-</strong></span> <span class='ocrx_word' id='word_1_463' title='bbox 2259 3495 2490 3544; x_wconf 81' lang='lat' dir='ltr'><strong>pectore</strong></span> <span class='ocrx_word' id='word_1_464' title='bbox 2509 3491 2725 3544; x_wconf 82' lang='lat' dir='ltr'><strong>positas</strong></span> <span class='ocrx_word' id='word_1_465' title='bbox 2746 3497 2976 3544; x_wconf 70' lang='lat' dir='ltr'><strong>gerunt.</strong></span> <span class='ocrx_word' id='word_1_466' title='bbox 3028 3507 3061 3543; x_wconf 94' lang='lat' dir='ltr'><strong>n</strong></span> <span class='ocrx_word' id='word_1_467' title='bbox 3091 3491 3276 3544; x_wconf 88' lang='lat' dir='ltr'><strong>media</strong></span> <span class='ocrx_word' id='word_1_468' title='bbox 3296 3490 3624 3544; x_wconf 88' lang='lat' dir='ltr'><strong>cbirotheca</strong></span> <span class='ocrx_word' id='word_1_469' title='bbox 3649 3491 3893 3544; x_wconf 89' lang='lat' dir='ltr'><strong>eniscooi</strong></span> 
     </span>
    </p>
   </div>
   <div class='ocr_carea' id='block_1_65' title="bbox 506 3490 2144 3559">
    <p class='ocr_par' dir='ltr' id='par_1_65' title="bbox 506 3490 2144 3559">
     <span class='ocr_line' id='line_1_67' title="bbox 506 3490 2144 3559; baseline 0 -17"><span class='ocrx_word' id='word_1_470' title='bbox 506 3504 698 3542; x_wconf 87' lang='lat' dir='ltr'><strong>coram</strong></span> <span class='ocrx_word' id='word_1_471' title='bbox 734 3490 967 3559; x_wconf 88' lang='lat' dir='ltr'><strong>regibus</strong></span> <span class='ocrx_word' id='word_1_472' title='bbox 999 3497 1252 3546; x_wconf 87' lang='lat' dir='ltr'><strong>astarent</strong></span> <span class='ocrx_word' id='word_1_473' title='bbox 1286 3491 1558 3544; x_wconf 82' lang='lat' dir='ltr'><strong>manibus</strong></span> <span class='ocrx_word' id='word_1_474' title='bbox 1591 3496 1646 3559; x_wconf 80' lang='lat' dir='ltr'><strong>in</strong></span> <span class='ocrx_word' id='word_1_475' title='bbox 1685 3501 1908 3558; x_wconf 90' lang='lat' dir='ltr'><strong>pectore</strong></span> <span class='ocrx_word' id='word_1_476' title='bbox 1933 3491 2144 3542; x_wconf 91' lang='lat' dir='ltr'><strong>decus-</strong></span> 
     </span>
    </p>
   </div>
   <div class='ocr_carea' id='block_1_66' title="bbox 505 3557 2147 3632">
    <p class='ocr_par' dir='ltr' id='par_1_66' title="bbox 505 3557 2147 3632">
     <span class='ocr_line' id='line_1_68' title="bbox 505 3557 2147 3632; baseline -0.001 -17"><span class='ocrx_word' id='word_1_477' title='bbox 505 3561 687 3627; x_wconf 87' lang='lat' dir='ltr'><strong>satis;</strong></span> <span class='ocrx_word' id='word_1_478' title='bbox 722 3557 877 3616; x_wconf 79' lang='lat' dir='ltr'><strong>unde</strong></span> <span class='ocrx_word' id='word_1_479' title='bbox 931 3564 1208 3632; x_wconf 82' lang='lat' dir='ltr'><strong>sequitur,</strong></span> <span class='ocrx_word' id='word_1_480' title='bbox 1259 3563 1571 3617; x_wconf 88' lang='lat' dir='ltr'><strong>dictionem</strong></span> <span class='ocrx_word' id='word_1_481' title='bbox 1626 3557 1930 3631; x_wconf 68' lang='grc' dir='ltr'>δεδεμέναις</span> <span class='ocrx_word' id='word_1_482' title='bbox 1991 3559 2147 3632; x_wconf 80' lang='grc' dir='ltr'>χερσὶ</span> 
     </span>
    </p>
   </div>
   <div class='ocr_carea' id='block_1_67' title="bbox 503 3633 2151 3703">
    <p class='ocr_par' dir='ltr' id='par_1_67' title="bbox 503 3633 2151 3703">
     <span class='ocr_line' id='line_1_69' title="bbox 503 3633 2151 3703; baseline -0.001 -16"><span class='ocrx_word' id='word_1_483' title='bbox 503 3646 633 3687; x_wconf 82' lang='lat' dir='ltr'><strong>esse</strong></span> <span class='ocrx_word' id='word_1_484' title='bbox 666 3635 938 3687; x_wconf 89' lang='lat' dir='ltr'><strong>manibus</strong></span> <span class='ocrx_word' id='word_1_485' title='bbox 971 3635 1027 3687; x_wconf 90' lang='lat' dir='ltr'><strong>iu</strong></span> <span class='ocrx_word' id='word_1_486' title='bbox 1061 3633 1251 3688; x_wconf 91' lang='lat' dir='ltr'><strong>crucis</strong></span> <span class='ocrx_word' id='word_1_487' title='bbox 1281 3635 1603 3692; x_wconf 72' lang='lat' dir='ltr'><strong>Andreanze</strong></span> <span class='ocrx_word' id='word_1_488' title='bbox 1637 3636 1880 3688; x_wconf 74' lang='lat' dir='ltr'><strong>formam</strong></span> <span class='ocrx_word' id='word_1_489' title='bbox 1915 3649 2151 3703; x_wconf 89' lang='lat' dir='ltr'><strong>compo-</strong></span> 
     </span>
    </p>
   </div>
   <div class='ocr_carea' id='block_1_68' title="bbox 508 3704 2152 3775">
    <p class='ocr_par' dir='ltr' id='par_1_68' title="bbox 508 3704 2152 3775">
     <span class='ocr_line' id='line_1_70' title="bbox 508 3704 2152 3775; baseline 0.002 -19"><span class='ocrx_word' id='word_1_490' title='bbox 508 3704 634 3757; x_wconf 88' lang='lat' dir='ltr'><strong>sitis</strong></span> <span class='ocrx_word' id='word_1_491' title='bbox 684 3720 859 3774; x_wconf 90' lang='lat' dir='ltr'><strong>super</strong></span> <span class='ocrx_word' id='word_1_492' title='bbox 907 3711 1134 3774; x_wconf 89' lang='lat' dir='ltr'><strong>pectore</strong></span> <span class='ocrx_word' id='word_1_493' title='bbox 1182 3715 1350 3760; x_wconf 85' lang='lat' dir='ltr'><strong>stare.</strong></span> <span class='ocrx_word' id='word_1_494' title='bbox 1396 3705 1624 3761; x_wconf 73' lang='lat' dir='ltr'><strong>Graecos</strong></span> <span class='ocrx_word' id='word_1_495' title='bbox 1655 3712 1845 3760; x_wconf 92' lang='lat' dir='ltr'><strong>autem</strong></span> <span class='ocrx_word' id='word_1_496' title='bbox 1890 3721 2152 3775; x_wconf 88' lang='lat' dir='ltr'><strong>proceres</strong></span> 
     </span>
    </p>
   </div>
   <div class='ocr_carea' id='block_1_69' title="bbox 507 3776 2152 3845">
    <p class='ocr_par' dir='ltr' id='par_1_69' title="bbox 507 3776 2152 3845">
     <span class='ocr_line' id='line_1_71' title="bbox 507 3776 2152 3845; baseline 0.001 -17"><span class='ocrx_word' id='word_1_497' title='bbox 507 3790 702 3829; x_wconf 90' lang='lat' dir='ltr'><strong>coram</strong></span> <span class='ocrx_word' id='word_1_498' title='bbox 735 3777 856 3830; x_wconf 89' lang='lat' dir='ltr'><strong>suis</strong></span> <span class='ocrx_word' id='word_1_499' title='bbox 888 3777 1332 3845; x_wconf 87' lang='lat' dir='ltr'><strong>imperatoribus</strong></span> <span class='ocrx_word' id='word_1_500' title='bbox 1362 3778 1470 3832; x_wconf 87' lang='lat' dir='ltr'><strong>hoc</strong></span> <span class='ocrx_word' id='word_1_501' title='bbox 1505 3779 1674 3832; x_wconf 90' lang='lat' dir='ltr'><strong>modo</strong></span> <span class='ocrx_word' id='word_1_502' title='bbox 1696 3777 1942 3840; x_wconf 89' lang='lat' dir='ltr'><strong>stetisse,</strong></span> <span class='ocrx_word' id='word_1_503' title='bbox 1969 3776 2152 3845; x_wconf 89' lang='lat' dir='ltr'><strong>liquet</strong></span> 
     </span>
    </p>
   </div>
   <div class='ocr_carea' id='block_1_70' title="bbox 508 3845 2150 3918">
    <p class='ocr_par' dir='ltr' id='par_1_70' title="bbox 508 3845 2150 3918">
     <span class='ocr_line' id='line_1_72' title="bbox 508 3845 2150 3918; baseline 0.001 -19"><span class='ocrx_word' id='word_1_504' title='bbox 508 3862 574 3918; x_wconf 81' lang='lat' dir='ltr'><strong>ex</strong></span> <span class='ocrx_word' id='word_1_505' title='bbox 606 3845 861 3914; x_wconf 78' lang='lat' dir='ltr'><strong>imagine</strong></span> <span class='ocrx_word' id='word_1_506' title='bbox 891 3848 1269 3903; x_wconf 89' lang='lat' dir='ltr'><strong>Ceremoniali</strong></span> <span class='ocrx_word' id='word_1_507' title='bbox 1301 3854 1495 3903; x_wconf 87' lang='lat' dir='ltr'><strong>nostro</strong></span> <span class='ocrx_word' id='word_1_508' title='bbox 1521 3851 1772 3918; x_wconf 60' lang='lat' dir='ltr'><strong>pristixa,</strong></span> <span class='ocrx_word' id='word_1_509' title='bbox 1798 3847 2150 3918; x_wconf 79' lang='lat' dir='ltr'><strong>undejntel-</strong></span> 
     </span>
    </p>
   </div>
   <div class='ocr_carea' id='block_1_71' title="bbox 509 3913 2152 3991">
    <p class='ocr_par' dir='ltr' id='par_1_71' title="bbox 509 3913 2152 3991">
     <span class='ocr_line' id='line_1_73' title="bbox 509 3913 2152 3991; baseline 0 -21"><span class='ocrx_word' id='word_1_510' title='bbox 509 3917 678 3987; x_wconf 87' lang='lat' dir='ltr'><strong>ligas,</strong></span> <span class='ocrx_word' id='word_1_511' title='bbox 696 3913 833 3991; x_wconf 81' lang='lat' dir='ltr'><strong>quid</strong></span> <span class='ocrx_word' id='word_1_512' title='bbox 849 3919 959 3972; x_wconf 90' lang='lat' dir='ltr'><strong>sibi</strong></span> <span class='ocrx_word' id='word_1_513' title='bbox 975 3920 1111 3974; x_wconf 90' lang='lat' dir='ltr'><strong>velit</strong></span> <span class='ocrx_word' id='word_1_514' title='bbox 1125 3921 1322 3991; x_wconf 84' lang='lat' dir='ltr'><strong>ﬁctum</strong></span> <span class='ocrx_word' id='word_1_515' title='bbox 1339 3938 1371 3976; x_wconf 92' lang='lat' dir='ltr'><strong>a</strong></span> <span class='ocrx_word' id='word_1_516' title='bbox 1384 3913 1582 3976; x_wconf 76' lang='lat' dir='ltr'><strong>Niceta</strong></span> <span class='ocrx_word' id='word_1_517' title='bbox 1595 3919 1944 3991; x_wconf 68' lang='lat' dir='ltr'><strong>adjectiypm</strong></span> <span class='ocrx_word' id='word_1_518' title='bbox 1962 3913 2152 3991; x_wconf 67' lang='grc' dir='ltr'>δεσμῤ-</span> 
     </span>
    </p>
   </div>
   <div class='ocr_carea' id='block_1_72' title="bbox 510 3985 2148 4062">
    <p class='ocr_par' dir='ltr' id='par_1_72' title="bbox 510 3985 2148 4062">
     <span class='ocr_line' id='line_1_74' title="bbox 510 3985 2148 4062; baseline -0.001 -20"><span class='ocrx_word' id='word_1_519' title='bbox 510 3985 633 4062; x_wconf 57' lang='grc' dir='ltr'>χξερ</span> <span class='ocrx_word' id='word_1_520' title='bbox 662 3985 666 3987; x_wconf 13' lang='grc' dir='ltr'><strong><em>Ὗ</em></strong></span> <span class='ocrx_word' id='word_1_521' title='bbox 693 3985 873 4062; x_wconf 71' lang='lat' dir='ltr'><strong>Issaei</strong></span> <span class='ocrx_word' id='word_1_522' title='bbox 933 3991 1137 4062; x_wconf 84' lang='lat' dir='ltr'><strong>Angeli</strong></span> <span class='ocrx_word' id='word_1_523' title='bbox 1187 3990 1224 4062; x_wconf 88' lang='lat'><strong>1_.</strong></span> <span class='ocrx_word' id='word_1_524' title='bbox 1281 3993 1432 4062; x_wconf 20' lang='lat' dir='ltr'><strong>1,Ap.</strong></span> <span class='ocrx_word' id='word_1_525' title='bbox 1478 3985 1772 4062; x_wconf 24' lang='lat' dir='ltr'><strong>201,‘ed._</strong></span> <span class='ocrx_word' id='word_1_526' title='bbox 1803 3989 2006 4043; x_wconf 91' lang='lat' dir='ltr'><strong>Venet.</strong></span> <span class='ocrx_word' id='word_1_527' title='bbox 2045 3985 2148 4062; x_wconf 33' lang='lat'><strong>:-</strong></span> 
     </span>
    </p>
   </div>
   <div class='ocr_carea' id='block_1_73' title="bbox 506 4055 2154 4134">
    <p class='ocr_par' dir='ltr' id='par_1_73' title="bbox 506 4055 2154 4134">
     <span class='ocr_line' id='line_1_75' title="bbox 506 4055 2154 4134; baseline 0.001 -24"><span class='ocrx_word' id='word_1_528' title='bbox 506 4055 780 4134; x_wconf 43' lang='grc' dir='ltr'><strong>ίθὲςῌὼς</strong></span> <span class='ocrx_word' id='word_1_529' title='bbox 847 4055 1113 4130; x_wconf 71' lang='grc' dir='ltr'>δεσπόσῖην</span> <span class='ocrx_word' id='word_1_530' title='bbox 1193 4055 1548 4134; x_wconf 48' lang='grc' dir='ltr'>δεσμόχειρες</span> <span class='ocrx_word' id='word_1_531' title='bbox 1599 4058 1962 4134; x_wconf 43' lang='grc' dir='ltr'>-ἐθεράῖτευον,</span> <span class='ocrx_word' id='word_1_532' title='bbox 2031 4059 2154 4111; x_wconf 77' lang='grc' dir='ltr'><strong>τοῦ-</strong></span> 
     </span>
    </p>
   </div>
   <div class='ocr_carea' id='block_1_74' title="bbox 503 4128 2152 4212">
    <p class='ocr_par' dir='ltr' id='par_1_74' title="bbox 503 4128 2152 4212">
     <span class='ocr_line' id='line_1_76' title="bbox 503 4128 2152 4212; baseline 0.001 -30"><span class='ocrx_word' id='word_1_533' title='bbox 503 4128 599 4212; x_wconf 54' lang='grc' dir='ltr'>’ὶσν</span> <span class='ocrx_word' id='word_1_534' title='bbox 653 4128 901 4212; x_wconf 54' lang='lat' dir='ltr'><strong>citis-nouat</strong></span> <span class='ocrx_word' id='word_1_535' title='bbox 958 4128 1430 4212; x_wconf 32' lang='grc' dir='ltr'><strong>σήμερονμᾲιιᾴἠι</strong></span> <span class='ocrx_word' id='word_1_536' title='bbox 1463 4128 1609 4212; x_wconf 57' lang='lat' dir='ltr'><strong>&#39;_heri</strong></span> <span class='ocrx_word' id='word_1_537' title='bbox 1664 4128 1725 4184; x_wconf 70' lang='lat' dir='ltr'><strong>ut</strong></span> <span class='ocrx_word' id='word_1_538' title='bbox 1781 4130 1977 4212; x_wconf 53' lang='lat' dir='ltr'><strong>herum</strong></span> <span class='ocrx_word' id='word_1_539' title='bbox 2034 4146 2152 4212; x_wconf 78' lang='lat' dir='ltr'><strong>ma-</strong></span> 
     </span>
    </p>
   </div>
   <div class='ocr_carea' id='block_1_75' title="bbox 507 4201 2152 4270">
    <p class='ocr_par' dir='ltr' id='par_1_75' title="bbox 507 4201 2152 4270">
     <span class='ocr_line' id='line_1_77' title="bbox 507 4201 2152 4270; baseline 0.001 -15"><span class='ocrx_word' id='word_1_540' title='bbox 507 4201 672 4255; x_wconf 80' lang='lat' dir='ltr'><strong>nibus</strong></span> <span class='ocrx_word' id='word_1_541' title='bbox 746 4201 1049 4258; x_wconf 76' lang='lat' dir='ltr'><strong>decussalis</strong></span> <span class='ocrx_word' id='word_1_542' title='bbox 1107 4201 1390 4268; x_wconf 49' lang='lat' dir='ltr'><strong>&quot;colebant,</strong></span> <span class='ocrx_word' id='word_1_543' title='bbox 1461 4202 1606 4256; x_wconf 84' lang='lat' dir='ltr'><strong>hunc</strong></span> <span class='ocrx_word' id='word_1_544' title='bbox 1674 4203 1979 4270; x_wconf 80' lang='lat' dir='ltr'><strong>repudiant</strong></span> <span class='ocrx_word' id='word_1_545' title='bbox 2054 4202 2152 4256; x_wconf 82' lang='lat' dir='ltr'><strong>ho-</strong></span> 
     </span>
    </p>
   </div>
   <div class='ocr_carea' id='block_1_76' title="bbox 509 4271 2152 4342">
    <p class='ocr_par' dir='ltr' id='par_1_76' title="bbox 509 4271 2152 4342">
     <span class='ocr_line' id='line_1_78' title="bbox 509 4271 2152 4342; baseline 0 -16"><span class='ocrx_word' id='word_1_546' title='bbox 509 4271 617 4326; x_wconf 79' lang='lat' dir='ltr'><strong>die.</strong></span> <span class='ocrx_word' id='word_1_547' title='bbox 667 4271 874 4342; x_wconf 86' lang='lat' dir='ltr'><strong>Liquet</strong></span> <span class='ocrx_word' id='word_1_548' title='bbox 919 4275 1092 4326; x_wconf 89' lang='lat' dir='ltr'><strong>etiam</strong></span> <span class='ocrx_word' id='word_1_549' title='bbox 1143 4291 1205 4328; x_wconf 83' lang='lat' dir='ltr'><strong>ex</strong></span> <span class='ocrx_word' id='word_1_550' title='bbox 1261 4273 1357 4327; x_wconf 87' lang='lat' dir='ltr'><strong>illa</strong></span> <span class='ocrx_word' id='word_1_551' title='bbox 1405 4273 1556 4342; x_wconf 87' lang='lat' dir='ltr'><strong>apud</strong></span> <span class='ocrx_word' id='word_1_552' title='bbox 1618 4271 1918 4327; x_wconf 87' lang='lat' dir='ltr'><strong>Horatium</strong></span> <span class='ocrx_word' id='word_1_553' title='bbox 1978 4272 2152 4326; x_wconf 90' lang='lat' dir='ltr'><strong>Blan-</strong></span> 
     </span>
    </p>
   </div>
   <div class='ocr_carea' id='block_1_77' title="bbox 509 4343 2151 4412">
    <p class='ocr_par' dir='ltr' id='par_1_77' title="bbox 509 4343 2151 4412">
     <span class='ocr_line' id='line_1_79' title="bbox 509 4343 2151 4412; baseline 0.002 -17"><span class='ocrx_word' id='word_1_554' title='bbox 509 4357 642 4412; x_wconf 86' lang='lat' dir='ltr'><strong>cum</strong></span> <span class='ocrx_word' id='word_1_555' title='bbox 702 4345 758 4396; x_wconf 88' lang='lat' dir='ltr'><strong>in</strong></span> <span class='ocrx_word' id='word_1_556' title='bbox 818 4344 972 4396; x_wconf 91' lang='lat' dir='ltr'><strong>notis</strong></span> <span class='ocrx_word' id='word_1_557' title='bbox 1030 4344 1098 4396; x_wconf 90' lang='lat' dir='ltr'><strong>ad</strong></span> <span class='ocrx_word' id='word_1_558' title='bbox 1183 4343 1425 4398; x_wconf 87' lang='lat' dir='ltr'><strong>Paulum</strong></span> <span class='ocrx_word' id='word_1_559' title='bbox 1492 4343 1923 4399; x_wconf 83' lang='lat' dir='ltr'><strong>Warnel&#39;ridum</strong></span> <span class='ocrx_word' id='word_1_560' title='bbox 1986 4345 2046 4412; x_wconf 91' lang='lat' dir='ltr'><strong>(t.</strong></span> <span class='ocrx_word' id='word_1_561' title='bbox 2106 4346 2151 4410; x_wconf 95' lang='lat' dir='ltr'><strong>I,</strong></span> 
     </span>
    </p>
   </div>
   <div class='ocr_carea' id='block_1_78' title="bbox 509 4411 2148 4486">
    <p class='ocr_par' dir='ltr' id='par_1_78' title="bbox 509 4411 2148 4486">
     <span class='ocr_line' id='line_1_80' title="bbox 509 4411 2148 4486; baseline 0.004 -22"><span class='ocrx_word' id='word_1_562' title='bbox 509 4411 723 4486; x_wconf 73' lang='lat' dir='ltr'><strong>§eript._</strong></span> <span class='ocrx_word' id='word_1_563' title='bbox 779 4412 905 4468; x_wconf 83' lang='lat' dir='ltr'><strong>Rer.</strong></span> <span class='ocrx_word' id='word_1_564' title='bbox 969 4413 1199 4486; x_wconf 89' lang='lat' dir='ltr'><strong>Italic.),</strong></span> <span class='ocrx_word' id='word_1_565' title='bbox 1259 4433 1382 4482; x_wconf 67' lang='lat' dir='ltr'><strong>quae</strong></span> <span class='ocrx_word' id='word_1_566' title='bbox 1454 4417 1886 4472; x_wconf 88' lang='lat' dir='ltr'><strong>coronationem</strong></span> <span class='ocrx_word' id='word_1_567' title='bbox 1953 4411 2148 4481; x_wconf 74' lang='lat' dir='ltr'><strong>regum</strong></span> 
     </span>
    </p>
   </div>
   <div class='ocr_carea' id='block_1_79' title="bbox 512 4483 2153 4551">
    <p class='ocr_par' dir='ltr' id='par_1_79' title="bbox 512 4483 2153 4551">
     <span class='ocr_line' id='line_1_81' title="bbox 512 4483 2153 4551; baseline 0.002 -13"><span class='ocrx_word' id='word_1_568' title='bbox 512 4483 1076 4551; x_wconf 86' lang='lat' dir='ltr'><strong>Longobardicorum</strong></span> <span class='ocrx_word' id='word_1_569' title='bbox 1121 4483 1258 4543; x_wconf 80' lang='lat' dir='ltr'><strong>dare</strong></span> <span class='ocrx_word' id='word_1_570' title='bbox 1291 4487 1500 4543; x_wconf 85' lang='lat' dir='ltr'><strong>dicitur</strong></span> <span class='ocrx_word' id='word_1_571' title='bbox 1531 4506 1560 4543; x_wconf 91' lang='lat' dir='ltr'><strong>e</strong></span> <span class='ocrx_word' id='word_1_572' title='bbox 1593 4488 1784 4544; x_wconf 87' lang='lat' dir='ltr'><strong>tabula</strong></span> <span class='ocrx_word' id='word_1_573' title='bbox 1828 4504 2153 4542; x_wconf 82' lang='lat' dir='ltr'><strong>marmorea</strong></span> 
     </span>
    </p>
   </div>
   <div class='ocr_carea' id='block_1_80' title="bbox 509 4553 2155 4628">
    <p class='ocr_par' dir='ltr' id='par_1_80' title="bbox 509 4553 2155 4628">
     <span class='ocr_line' id='line_1_82' title="bbox 509 4553 2155 4628; baseline 0.005 -23"><span class='ocrx_word' id='word_1_574' title='bbox 509 4553 768 4628; x_wconf 60' lang='lat' dir='ltr'><strong>Basilica</strong></span> <span class='ocrx_word' id='word_1_575' title='bbox 837 4555 1266 4625; x_wconf 89' lang='lat' dir='ltr'><strong>Modoetiensis,</strong></span> <span class='ocrx_word' id='word_1_576' title='bbox 1328 4561 1500 4615; x_wconf 89' lang='lat' dir='ltr'><strong>modo</strong></span> <span class='ocrx_word' id='word_1_577' title='bbox 1567 4577 1634 4614; x_wconf 88' lang='lat' dir='ltr'><strong>ea</strong></span> <span class='ocrx_word' id='word_1_578' title='bbox 1705 4559 1846 4614; x_wconf 89' lang='lat' dir='ltr'><strong>satis</strong></span> <span class='ocrx_word' id='word_1_579' title='bbox 1915 4561 2155 4628; x_wconf 86' lang='lat' dir='ltr'><strong>antiqua</strong></span> 
     </span>
    </p>
   </div>
   <div class='ocr_carea' id='block_1_81' title="bbox 511 4625 2151 4705">
    <p class='ocr_par' dir='ltr' id='par_1_81' title="bbox 511 4625 2151 4705">
     <span class='ocr_line' id='line_1_83' title="bbox 511 4625 2151 4705; baseline 0.001 -23"><span class='ocrx_word' id='word_1_580' title='bbox 511 4625 610 4705; x_wconf 58' lang='lat' dir='ltr'><strong>sit,</strong></span> <span class='ocrx_word' id='word_1_581' title='bbox 641 4628 706 4678; x_wconf 88' lang='lat' dir='ltr'><strong>ut</strong></span> <span class='ocrx_word' id='word_1_582' title='bbox 733 4630 958 4705; x_wconf 68' lang='lat' dir='ltr'><strong>aetatem</strong></span> <span class='ocrx_word' id='word_1_583' title='bbox 1002 4628 1565 4705; x_wconf 28' lang='lat' dir='ltr'><strong>Longobar-dicorum</strong></span> <span class='ocrx_word' id='word_1_584' title='bbox 1610 4633 1667 4705; x_wconf 82' lang='lat' dir='ltr'><strong>in</strong></span> <span class='ocrx_word' id='word_1_585' title='bbox 1713 4630 1876 4705; x_wconf 75' lang='lat' dir='ltr'><strong>italia</strong></span> <span class='ocrx_word' id='word_1_586' title='bbox 1909 4625 2151 4705; x_wconf 76' lang='lat' dir='ltr'><strong>regnum</strong></span> 
     </span>
    </p>
   </div>
   <div class='ocr_carea' id='block_1_82' title="bbox 511 4698 2154 4771">
    <p class='ocr_par' dir='ltr' id='par_1_82' title="bbox 511 4698 2154 4771">
     <span class='ocr_line' id='line_1_84' title="bbox 511 4698 2154 4771; baseline 0.003 -20"><span class='ocrx_word' id='word_1_587' title='bbox 511 4698 778 4771; x_wconf 75' lang='lat' dir='ltr'><strong>attingat,</strong></span> <span class='ocrx_word' id='word_1_588' title='bbox 811 4698 881 4771; x_wconf 80' lang='lat' dir='ltr'><strong>de</strong></span> <span class='ocrx_word' id='word_1_589' title='bbox 925 4714 1036 4769; x_wconf 92' lang='lat' dir='ltr'><strong>quo</strong></span> <span class='ocrx_word' id='word_1_590' title='bbox 1087 4698 1201 4756; x_wconf 77' lang='lat' dir='ltr'><strong>non</strong></span> <span class='ocrx_word' id='word_1_591' title='bbox 1262 4701 1478 4771; x_wconf 88' lang='lat' dir='ltr'><strong>absque</strong></span> <span class='ocrx_word' id='word_1_592' title='bbox 1523 4718 1583 4756; x_wconf 89' lang='lat' dir='ltr'><strong>re</strong></span> <span class='ocrx_word' id='word_1_593' title='bbox 1630 4703 1947 4756; x_wconf 88' lang='lat' dir='ltr'><strong>dubitatur.</strong></span> <span class='ocrx_word' id='word_1_594' title='bbox 1977 4698 2154 4756; x_wconf 89' lang='lat' dir='ltr'><strong>Varia</strong></span> 
     </span>
    </p>
   </div>
   <div class='ocr_carea' id='block_1_83' title="bbox 511 4767 2154 4844">
    <p class='ocr_par' dir='ltr' id='par_1_83' title="bbox 511 4767 2154 4844">
     <span class='ocr_line' id='line_1_85' title="bbox 511 4767 2154 4844; baseline 0.002 -20"><span class='ocrx_word' id='word_1_595' title='bbox 511 4767 672 4844; x_wconf 81' lang='lat' dir='ltr'><strong>illine</strong></span> <span class='ocrx_word' id='word_1_596' title='bbox 700 4767 1002 4844; x_wconf 68' lang='lat' dir='ltr'><strong>discimus,</strong></span> <span class='ocrx_word' id='word_1_597' title='bbox 1038 4788 1168 4842; x_wconf 80' lang='lat' dir='ltr'><strong>quae</strong></span> <span class='ocrx_word' id='word_1_598' title='bbox 1200 4789 1327 4844; x_wconf 87' lang='lat' dir='ltr'><strong>non</strong></span> <span class='ocrx_word' id='word_1_599' title='bbox 1368 4767 1574 4828; x_wconf 78' lang='lat' dir='ltr'><strong>inutile</strong></span> <span class='ocrx_word' id='word_1_600' title='bbox 1605 4773 1712 4828; x_wconf 87' lang='lat' dir='ltr'><strong>erit</strong></span> <span class='ocrx_word' id='word_1_601' title='bbox 1742 4774 1992 4829; x_wconf 88' lang='lat' dir='ltr'><strong>breviter</strong></span> <span class='ocrx_word' id='word_1_602' title='bbox 2021 4789 2154 4844; x_wconf 85' lang='lat' dir='ltr'><strong>per-</strong></span> 
     </span>
    </p>
   </div>
   <div class='ocr_carea' id='block_1_84' title="bbox 511 4839 2151 4916">
    <p class='ocr_par' dir='ltr' id='par_1_84' title="bbox 511 4839 2151 4916">
     <span class='ocr_line' id='line_1_86' title="bbox 511 4839 2151 4916; baseline 0.002 -20"><span class='ocrx_word' id='word_1_603' title='bbox 511 4839 1109 4916; x_wconf 81' lang='lat' dir='ltr'><strong>stringere._Primum</strong></span> <span class='ocrx_word' id='word_1_604' title='bbox 1158 4843 1425 4916; x_wconf 90' lang='lat' dir='ltr'><strong>videmus</strong></span> <span class='ocrx_word' id='word_1_605' title='bbox 1475 4861 1686 4914; x_wconf 77' lang='lat' dir='ltr'><strong>regem,</strong></span> <span class='ocrx_word' id='word_1_606' title='bbox 1721 4850 1813 4900; x_wconf 91' lang='lat' dir='ltr'><strong>cui</strong></span> <span class='ocrx_word' id='word_1_607' title='bbox 1846 4839 2151 4916; x_wconf 80' lang='lat' dir='ltr'><strong>episcopus</strong></span> 
     </span>
    </p>
   </div>
   <div class='ocr_carea' id='block_1_85' title="bbox 511 4913 2154 4988">
    <p class='ocr_par' dir='ltr' id='par_1_85' title="bbox 511 4913 2154 4988">
     <span class='ocr_line' id='line_1_87' title="bbox 511 4913 2154 4988; baseline 0.001 -20"><span class='ocrx_word' id='word_1_608' title='bbox 511 4929 781 4968; x_wconf 89' lang='lat' dir='ltr'><strong>coronam</strong></span> <span class='ocrx_word' id='word_1_609' title='bbox 831 4913 1102 4988; x_wconf 84' lang='lat' dir='ltr'><strong>imponit.</strong></span> <span class='ocrx_word' id='word_1_610' title='bbox 1137 4915 1311 4988; x_wconf 72' lang='lat' dir='ltr'><strong>Cujus</strong></span> <span class='ocrx_word' id='word_1_611' title='bbox 1350 4917 1406 4969; x_wconf 92' lang='lat' dir='ltr'><strong>id</strong></span> <span class='ocrx_word' id='word_1_612' title='bbox 1453 4917 1676 4986; x_wconf 88' lang='lat' dir='ltr'><strong>agentis</strong></span> <span class='ocrx_word' id='word_1_613' title='bbox 1726 4913 1940 4988; x_wconf 81' lang='lat' dir='ltr'><strong>pedum</strong></span> <span class='ocrx_word' id='word_1_614' title='bbox 1995 4913 2154 4971; x_wconf 83' lang='lat' dir='ltr'><strong>tenet</strong></span> 
     </span>
    </p>
   </div>
   <div class='ocr_carea' id='block_1_86' title="bbox 513 4985 2152 5058">
    <p class='ocr_par' dir='ltr' id='par_1_86' title="bbox 513 4985 2152 5058">
     <span class='ocr_line' id='line_1_88' title="bbox 513 4985 2152 5058; baseline 0.001 -18"><span class='ocrx_word' id='word_1_615' title='bbox 513 5000 663 5055; x_wconf 90' lang='lat' dir='ltr'><strong>pone</strong></span> <span class='ocrx_word' id='word_1_616' title='bbox 685 4992 882 5058; x_wconf 83' lang='lat' dir='ltr'><strong>astans</strong></span> <span class='ocrx_word' id='word_1_617' title='bbox 903 4987 1114 5056; x_wconf 88' lang='lat' dir='ltr'><strong>aliquis</strong></span> <span class='ocrx_word' id='word_1_618' title='bbox 1127 4985 1371 5058; x_wconf 80' lang='lat' dir='ltr'><strong>clericus</strong></span> <span class='ocrx_word' id='word_1_619' title='bbox 1385 4987 1468 5041; x_wconf 89' lang='lat' dir='ltr'><strong>vel</strong></span> <span class='ocrx_word' id='word_1_620' title='bbox 1488 4985 1802 5058; x_wconf 76' lang='lat' dir='ltr'><strong>presbyter.</strong></span> <span class='ocrx_word' id='word_1_621' title='bbox 1824 4989 1973 5042; x_wconf 89' lang='lat' dir='ltr'><strong>Pone</strong></span> <span class='ocrx_word' id='word_1_622' title='bbox 1995 4988 2152 5042; x_wconf 88' lang='lat' dir='ltr'><strong>hunc</strong></span> 
     </span>
    </p>
   </div>
   <div class='ocr_carea' id='block_1_87' title="bbox 514 5054 2152 5128">
    <p class='ocr_par' dir='ltr' id='par_1_87' title="bbox 514 5054 2152 5128">
     <span class='ocr_line' id='line_1_89' title="bbox 514 5054 2152 5128; baseline 0.001 -17"><span class='ocrx_word' id='word_1_623' title='bbox 514 5054 622 5111; x_wconf 72' lang='lat' dir='ltr'><strong>Stat</strong></span> <span class='ocrx_word' id='word_1_624' title='bbox 654 5055 981 5125; x_wconf 85' lang='lat' dir='ltr'><strong>acoluthus,</strong></span> <span class='ocrx_word' id='word_1_625' title='bbox 1001 5054 1308 5125; x_wconf 38' lang='lat' dir='ltr'><strong>&#39;manibus,</strong></span> <span class='ocrx_word' id='word_1_626' title='bbox 1334 5063 1398 5110; x_wconf 91' lang='lat' dir='ltr'><strong>ut</strong></span> <span class='ocrx_word' id='word_1_627' title='bbox 1427 5054 1679 5128; x_wconf 66' lang='lat' dir='ltr'><strong>videtur,</strong></span> <span class='ocrx_word' id='word_1_628' title='bbox 1703 5054 2031 5128; x_wconf 72' lang='grc' dir='ltr'><strong>δεδεμέναις,</strong></span> <span class='ocrx_word' id='word_1_629' title='bbox 2056 5063 2152 5112; x_wconf 88' lang='lat' dir='ltr'><strong>de-</strong></span> 
     </span>
    </p>
   </div>
   <div class='ocr_carea' id='block_1_88' title="bbox 513 5127 2153 5200">
    <p class='ocr_par' dir='ltr' id='par_1_88' title="bbox 513 5127 2153 5200">
     <span class='ocr_line' id='line_1_90' title="bbox 513 5127 2153 5200; baseline 0 -17"><span class='ocrx_word' id='word_1_630' title='bbox 513 5128 768 5183; x_wconf 85' lang='lat' dir='ltr'><strong>cussatis</strong></span> <span class='ocrx_word' id='word_1_631' title='bbox 817 5143 990 5199; x_wconf 90' lang='lat' dir='ltr'><strong>super</strong></span> <span class='ocrx_word' id='word_1_632' title='bbox 1039 5135 1287 5199; x_wconf 90' lang='lat' dir='ltr'><strong>pectore.</strong></span> <span class='ocrx_word' id='word_1_633' title='bbox 1324 5130 1410 5183; x_wconf 88' lang='lat' dir='ltr'><strong>Ab</strong></span> <span class='ocrx_word' id='word_1_634' title='bbox 1436 5127 1616 5200; x_wconf 81' lang='lat' dir='ltr'><strong>altera</strong></span> <span class='ocrx_word' id='word_1_635' title='bbox 1648 5127 2153 5200; x_wconf 21' lang='lat' dir='ltr'><strong>parte’proximus</strong></span> 
     </span>
    </p>
   </div>
   <div class='ocr_carea' id='block_1_89' title="bbox 512 5199 2155 5271">
    <p class='ocr_par' dir='ltr' id='par_1_89' title="bbox 512 5199 2155 5271">
     <span class='ocr_line' id='line_1_91' title="bbox 512 5199 2155 5271; baseline 0 -17"><span class='ocrx_word' id='word_1_636' title='bbox 512 5200 634 5271; x_wconf 80' lang='lat' dir='ltr'><strong>regi</strong></span> <span class='ocrx_word' id='word_1_637' title='bbox 682 5205 978 5268; x_wconf 90' lang='lat' dir='ltr'><strong>sceptrum</strong></span> <span class='ocrx_word' id='word_1_638' title='bbox 1040 5201 1260 5256; x_wconf 90' lang='lat' dir='ltr'><strong>tenenti</strong></span> <span class='ocrx_word' id='word_1_639' title='bbox 1291 5201 1435 5255; x_wconf 90' lang='lat' dir='ltr'><strong>etin</strong></span> <span class='ocrx_word' id='word_1_640' title='bbox 1468 5199 1678 5254; x_wconf 90' lang='lat' dir='ltr'><strong>throno</strong></span> <span class='ocrx_word' id='word_1_641' title='bbox 1728 5199 1968 5258; x_wconf 84' lang='lat' dir='ltr'><strong>sedenti.</strong></span> <span class='ocrx_word' id='word_1_642' title='bbox 2005 5216 2155 5270; x_wconf 91' lang='lat' dir='ltr'><strong>pone</strong></span> 
     </span>
    </p>
   </div>
   <div class='ocr_carea' id='block_1_90' title="bbox 511 5271 2154 5341">
    <p class='ocr_par' dir='ltr' id='par_1_90' title="bbox 511 5271 2154 5341">
     <span class='ocr_line' id='line_1_92' title="bbox 511 5271 2154 5341; baseline -0.001 -15"><span class='ocrx_word' id='word_1_643' title='bbox 511 5272 665 5340; x_wconf 88' lang='lat' dir='ltr'><strong>quod</strong></span> <span class='ocrx_word' id='word_1_644' title='bbox 699 5271 892 5326; x_wconf 90' lang='lat' dir='ltr'><strong>velum</strong></span> <span class='ocrx_word' id='word_1_645' title='bbox 927 5288 1273 5341; x_wconf 87' lang='lat' dir='ltr'><strong>suspensum</strong></span> <span class='ocrx_word' id='word_1_646' title='bbox 1308 5277 1418 5337; x_wconf 89' lang='lat' dir='ltr'><strong>est,</strong></span> <span class='ocrx_word' id='word_1_647' title='bbox 1461 5277 1574 5325; x_wconf 89' lang='lat' dir='ltr'><strong>stat</strong></span> <span class='ocrx_word' id='word_1_648' title='bbox 1623 5271 1771 5325; x_wconf 92' lang='lat' dir='ltr'><strong>alius</strong></span> <span class='ocrx_word' id='word_1_649' title='bbox 1820 5271 2154 5340; x_wconf 86' lang='lat' dir='ltr'><strong>presbyter;</strong></span> 
     </span>
    </p>
   </div>
   <div class='ocr_carea' id='block_1_91' title="bbox 515 5341 2154 5414">
    <p class='ocr_par' dir='ltr' id='par_1_91' title="bbox 515 5341 2154 5414">
     <span class='ocr_line' id='line_1_93' title="bbox 515 5341 2154 5414; baseline 0 -18"><span class='ocrx_word' id='word_1_650' title='bbox 515 5346 640 5397; x_wconf 88' lang='lat' dir='ltr'><strong>tum</strong></span> <span class='ocrx_word' id='word_1_651' title='bbox 675 5341 846 5411; x_wconf 83' lang='lat' dir='ltr'><strong>longo</strong></span> <span class='ocrx_word' id='word_1_652' title='bbox 877 5344 1081 5398; x_wconf 89' lang='lat' dir='ltr'><strong>ordine</strong></span> <span class='ocrx_word' id='word_1_653' title='bbox 1106 5350 1420 5411; x_wconf 89' lang='lat' dir='ltr'><strong>senatores,</strong></span> <span class='ocrx_word' id='word_1_654' title='bbox 1452 5359 1700 5414; x_wconf 89' lang='lat' dir='ltr'><strong>quorum</strong></span> <span class='ocrx_word' id='word_1_655' title='bbox 1735 5342 1833 5414; x_wconf 86' lang='lat' dir='ltr'><strong>alii</strong></span> <span class='ocrx_word' id='word_1_656' title='bbox 1866 5343 2032 5406; x_wconf 90' lang='lat' dir='ltr'><strong>nihil,</strong></span> <span class='ocrx_word' id='word_1_657' title='bbox 2058 5342 2154 5396; x_wconf 89' lang='lat' dir='ltr'><strong>alii</strong></span> 
     </span>
    </p>
   </div>
   <div class='ocr_carea' id='block_1_92' title="bbox 514 5413 2158 5486">
    <p class='ocr_par' dir='ltr' id='par_1_92' title="bbox 514 5413 2158 5486">
     <span class='ocr_line' id='line_1_94' title="bbox 514 5413 2158 5486; baseline 0.001 -20"><span class='ocrx_word' id='word_1_658' title='bbox 514 5417 702 5486; x_wconf 78' lang='lat' dir='ltr'><strong>tomos</strong></span> <span class='ocrx_word' id='word_1_659' title='bbox 739 5414 949 5468; x_wconf 70' lang='lat' dir='ltr'><strong>chartae</strong></span> <span class='ocrx_word' id='word_1_660' title='bbox 981 5422 1201 5482; x_wconf 91' lang='lat' dir='ltr'><strong>tenent,</strong></span> <span class='ocrx_word' id='word_1_661' title='bbox 1228 5416 1326 5486; x_wconf 89' lang='lat' dir='ltr'><strong>qui</strong></span> <span class='ocrx_word' id='word_1_662' title='bbox 1353 5422 1452 5470; x_wconf 84' lang='lat' dir='ltr'><strong>aut</strong></span> <span class='ocrx_word' id='word_1_663' title='bbox 1472 5413 1610 5470; x_wconf 90' lang='lat' dir='ltr'><strong>sunt</strong></span> <span class='ocrx_word' id='word_1_664' title='bbox 1640 5413 1867 5468; x_wconf 85' lang='lat' dir='ltr'><strong>codices</strong></span> <span class='ocrx_word' id='word_1_665' title='bbox 1900 5414 2158 5484; x_wconf 79' lang='lat' dir='ltr'><strong>Evange-</strong></span> 
     </span>
    </p>
   </div>
   <div class='ocr_carea' id='block_1_93' title="bbox 510 5482 2160 5554">
    <p class='ocr_par' dir='ltr' id='par_1_93' title="bbox 510 5482 2160 5554">
     <span class='ocr_line' id='line_1_95' title="bbox 510 5482 2160 5554; baseline 0.001 -18"><span class='ocrx_word' id='word_1_666' title='bbox 510 5482 588 5537; x_wconf 91' lang='lat' dir='ltr'><strong>lio</strong></span> <span class='ocrx_word' id='word_1_667' title='bbox 602 5499 724 5537; x_wconf 91' lang='lat' dir='ltr'><strong>rum</strong></span> <span class='ocrx_word' id='word_1_668' title='bbox 754 5486 1027 5554; x_wconf 86' lang='lat' dir='ltr'><strong>expliciti,</strong></span> <span class='ocrx_word' id='word_1_669' title='bbox 1055 5494 1153 5541; x_wconf 90' lang='lat' dir='ltr'><strong>aut</strong></span> <span class='ocrx_word' id='word_1_670' title='bbox 1178 5482 1476 5542; x_wconf 60' lang='lat' dir='ltr'><strong>continent</strong></span> <span class='ocrx_word' id='word_1_671' title='bbox 1504 5491 1935 5541; x_wconf 87' lang='lat' dir='ltr'><strong>sacramentum</strong></span> <span class='ocrx_word' id='word_1_672' title='bbox 1961 5487 2046 5539; x_wconf 87' lang='lat' dir='ltr'><strong>vel</strong></span> <span class='ocrx_word' id='word_1_673' title='bbox 2067 5482 2160 5539; x_wconf 78' lang='lat' dir='ltr'><strong>ca-</strong></span> 
     </span>
    </p>
   </div>
   <div class='ocr_carea' id='block_1_94' title="bbox 517 5554 2158 5626">
    <p class='ocr_par' dir='ltr' id='par_1_94' title="bbox 517 5554 2158 5626">
     <span class='ocr_line' id='line_1_96' title="bbox 517 5554 2158 5626; baseline 0.002 -20"><span class='ocrx_word' id='word_1_674' title='bbox 517 5554 935 5626; x_wconf 65' lang='lat' dir='ltr'><strong>pitulationem,</strong></span> <span class='ocrx_word' id='word_1_675' title='bbox 961 5559 1048 5612; x_wconf 93' lang='lat' dir='ltr'><strong>cui</strong></span> <span class='ocrx_word' id='word_1_676' title='bbox 1074 5576 1133 5613; x_wconf 91' lang='lat' dir='ltr'><strong>se</strong></span> <span class='ocrx_word' id='word_1_677' title='bbox 1160 5575 1254 5613; x_wconf 86' lang='lat' dir='ltr'><strong>rex</strong></span> <span class='ocrx_word' id='word_1_678' title='bbox 1274 5560 1644 5614; x_wconf 88' lang='lat' dir='ltr'><strong>coronandus</strong></span> <span class='ocrx_word' id='word_1_679' title='bbox 1667 5558 1980 5625; x_wconf 85' lang='lat' dir='ltr'><strong>astringere</strong></span> <span class='ocrx_word' id='word_1_680' title='bbox 2002 5556 2158 5626; x_wconf 85' lang='lat' dir='ltr'><strong>jure-</strong></span> 
     </span>
    </p>
   </div>
   <div class='ocr_carea' id='block_1_95' title="bbox 506 5623 2157 5705">
    <p class='ocr_par' dir='ltr' id='par_1_95' title="bbox 506 5623 2157 5705">
     <span class='ocr_line' id='line_1_97' title="bbox 506 5623 2157 5705; baseline 0.015 -32"><span class='ocrx_word' id='word_1_681' title='bbox 506 5623 757 5705; x_wconf 73' lang='lat' dir='ltr'><strong>jurando</strong></span> <span class='ocrx_word' id='word_1_682' title='bbox 780 5627 982 5705; x_wconf 76' lang='lat' dir='ltr'><strong>debet;</strong></span> <span class='ocrx_word' id='word_1_683' title='bbox 1003 5628 1099 5705; x_wconf 74' lang='lat' dir='ltr'><strong>alii</strong></span> <span class='ocrx_word' id='word_1_684' title='bbox 1119 5635 1316 5705; x_wconf 79' lang='lat' dir='ltr'><strong>tenent</strong></span> <span class='ocrx_word' id='word_1_685' title='bbox 1332 5646 1573 5705; x_wconf 85' lang='lat' dir='ltr'><strong>mappas</strong></span> <span class='ocrx_word' id='word_1_686' title='bbox 1581 5623 2019 5705; x_wconf 48' lang='lat' dir='ltr'><strong>inanipulosvei</strong></span> <span class='ocrx_word' id='word_1_687' title='bbox 2036 5631 2157 5705; x_wconf 60' lang='grc' dir='ltr'>ενι,</span> 
     </span>
    </p>
   </div>
   <div class='ocr_carea' id='block_1_96' title="bbox 512 5696 2158 5772">
    <p class='ocr_par' dir='ltr' id='par_1_96' title="bbox 512 5696 2158 5772">
     <span class='ocr_line' id='line_1_98' title="bbox 512 5696 2158 5772; baseline 0.007 -28"><span class='ocrx_word' id='word_1_688' title='bbox 512 5696 558 5744; x_wconf 86' lang='lat' dir='ltr'><strong>si</strong></span> <span class='ocrx_word' id='word_1_689' title='bbox 610 5696 816 5764; x_wconf 85' lang='lat' dir='ltr'><strong>mavis,</strong></span> <span class='ocrx_word' id='word_1_690' title='bbox 863 5696 1224 5758; x_wconf 85' lang='lat' dir='ltr'><strong>chirothecas</strong></span> <span class='ocrx_word' id='word_1_691' title='bbox 1255 5696 1547 5772; x_wconf 67' lang='lat' dir='ltr'><strong>digitales.</strong></span> <span class='ocrx_word' id='word_1_692' title='bbox 1581 5696 1840 5758; x_wconf 73' lang='lat' dir='ltr'><strong>Tandem</strong></span> <span class='ocrx_word' id='word_1_693' title='bbox 1884 5699 2056 5756; x_wconf 90' lang='lat' dir='ltr'><strong>etiam</strong></span> <span class='ocrx_word' id='word_1_694' title='bbox 2098 5696 2158 5755; x_wconf 84' lang='lat' dir='ltr'>in</span> 
     </span>
    </p>
   </div>
   <div class='ocr_carea' id='block_1_97' title="bbox 2259 3490 3898 3561">
    <p class='ocr_par' dir='ltr' id='par_1_97' title="bbox 2259 3490 3898 3561">
     <span class='ocr_line' id='line_1_99' title="bbox 2259 3490 3898 3561; baseline 0.002 -19"><span class='ocrx_word' id='word_1_695' title='bbox 2259 3495 2490 3559; x_wconf 89' lang='lat' dir='ltr'><strong>pectore</strong></span> <span class='ocrx_word' id='word_1_696' title='bbox 2509 3491 2725 3559; x_wconf 86' lang='lat' dir='ltr'><strong>positas</strong></span> <span class='ocrx_word' id='word_1_697' title='bbox 2746 3497 2976 3560; x_wconf 89' lang='lat' dir='ltr'><strong>gerunt.</strong></span> <span class='ocrx_word' id='word_1_698' title='bbox 2999 3490 3061 3544; x_wconf 90' lang='lat' dir='ltr'><strong>In</strong></span> <span class='ocrx_word' id='word_1_699' title='bbox 3091 3491 3276 3544; x_wconf 88' lang='lat' dir='ltr'><strong>media</strong></span> <span class='ocrx_word' id='word_1_700' title='bbox 3296 3490 3624 3545; x_wconf 87' lang='lat' dir='ltr'><strong>cbirotheca</strong></span> <span class='ocrx_word' id='word_1_701' title='bbox 3649 3491 3898 3561; x_wconf 90' lang='lat' dir='ltr'><strong>episcopi</strong></span> 
     </span>
    </p>
   </div>
   <div class='ocr_carea' id='block_1_98' title="bbox 2262 3561 3896 3632">
    <p class='ocr_par' dir='ltr' id='par_1_98' title="bbox 2262 3561 3896 3632">
     <span class='ocr_line' id='line_1_100' title="bbox 2262 3561 3896 3632; baseline 0.002 -18"><span class='ocrx_word' id='word_1_702' title='bbox 2262 3577 2397 3624; x_wconf 86' lang='lat' dir='ltr'><strong>una,</strong></span> <span class='ocrx_word' id='word_1_703' title='bbox 2418 3577 2544 3630; x_wconf 70' lang='lat' dir='ltr'><strong>quae</strong></span> <span class='ocrx_word' id='word_1_704' title='bbox 2568 3561 2625 3614; x_wconf 90' lang='lat' dir='ltr'><strong>in</strong></span> <span class='ocrx_word' id='word_1_705' title='bbox 2654 3566 3022 3630; x_wconf 90' lang='lat' dir='ltr'><strong>conspectum</strong></span> <span class='ocrx_word' id='word_1_706' title='bbox 3045 3564 3221 3629; x_wconf 88' lang='lat' dir='ltr'><strong>venit,</strong></span> <span class='ocrx_word' id='word_1_707' title='bbox 3248 3562 3503 3616; x_wconf 81' lang='lat' dir='ltr'><strong>foramen</strong></span> <span class='ocrx_word' id='word_1_708' title='bbox 3526 3563 3896 3632; x_wconf 89' lang='lat' dir='ltr'><strong>conspicitur,</strong></span> 
     </span>
    </p>
   </div>
   <div class='ocr_carea' id='block_1_99' title="bbox 2261 3632 3895 3703">
    <p class='ocr_par' dir='ltr' id='par_1_99' title="bbox 2261 3632 3895 3703">
     <span class='ocr_line' id='line_1_101' title="bbox 2261 3632 3895 3703; baseline 0.002 -18"><span class='ocrx_word' id='word_1_709' title='bbox 2261 3634 2411 3702; x_wconf 92' lang='lat' dir='ltr'><strong>quod</strong></span> <span class='ocrx_word' id='word_1_710' title='bbox 2447 3633 2598 3686; x_wconf 90' lang='lat' dir='ltr'><strong>sitne</strong></span> <span class='ocrx_word' id='word_1_711' title='bbox 2629 3633 2806 3687; x_wconf 92' lang='lat' dir='ltr'><strong>errori</strong></span> <span class='ocrx_word' id='word_1_712' title='bbox 2840 3632 3126 3700; x_wconf 88' lang='lat' dir='ltr'><strong>lapidarii,</strong></span> <span class='ocrx_word' id='word_1_713' title='bbox 3160 3650 3232 3687; x_wconf 90' lang='lat' dir='ltr'><strong>an</strong></span> <span class='ocrx_word' id='word_1_714' title='bbox 3281 3639 3448 3703; x_wconf 87' lang='lat' dir='ltr'><strong>rupto</strong></span> <span class='ocrx_word' id='word_1_715' title='bbox 3491 3637 3789 3699; x_wconf 89' lang='lat' dir='ltr'><strong>marmori,</strong></span> <span class='ocrx_word' id='word_1_716' title='bbox 3825 3651 3895 3689; x_wconf 89' lang='lat' dir='ltr'><strong>an</strong></span> 
     </span>
    </p>
   </div>
   <div class='ocr_carea' id='block_1_100' title="bbox 2261 3703 3895 3773">
    <p class='ocr_par' dir='ltr' id='par_1_100' title="bbox 2261 3703 3895 3773">
     <span class='ocr_line' id='line_1_102' title="bbox 2261 3703 3895 3773; baseline 0.002 -17"><span class='ocrx_word' id='word_1_717' title='bbox 2261 3703 2514 3773; x_wconf 91' lang='lat' dir='ltr'><strong>denique</strong></span> <span class='ocrx_word' id='word_1_718' title='bbox 2542 3703 2708 3757; x_wconf 87' lang='lat' dir='ltr'><strong>istius</strong></span> <span class='ocrx_word' id='word_1_719' title='bbox 2738 3703 2933 3758; x_wconf 65' lang='lat' dir='ltr'><strong>saeculi</strong></span> <span class='ocrx_word' id='word_1_720' title='bbox 2959 3704 3108 3757; x_wconf 91' lang='lat' dir='ltr'><strong>mori</strong></span> <span class='ocrx_word' id='word_1_721' title='bbox 3132 3705 3526 3770; x_wconf 87' lang='lat' dir='ltr'><strong>tribuendum,</strong></span> <span class='ocrx_word' id='word_1_722' title='bbox 3555 3711 3820 3772; x_wconf 88' lang='lat' dir='ltr'><strong>pertusas</strong></span> <span class='ocrx_word' id='word_1_723' title='bbox 3841 3707 3895 3760; x_wconf 90' lang='lat' dir='ltr'><strong>in</strong></span> 
     </span>
    </p>
   </div>
   <div class='ocr_carea' id='block_1_101' title="bbox 2260 3775 3891 3846">
    <p class='ocr_par' dir='ltr' id='par_1_101' title="bbox 2260 3775 3891 3846">
     <span class='ocr_line' id='line_1_103' title="bbox 2260 3775 3891 3846; baseline 0.001 -16"><span class='ocrx_word' id='word_1_724' title='bbox 2260 3775 2449 3846; x_wconf 83' lang='lat' dir='ltr'><strong>medio</strong></span> <span class='ocrx_word' id='word_1_725' title='bbox 2481 3791 2693 3846; x_wconf 85' lang='lat' dir='ltr'><strong>manus</strong></span> <span class='ocrx_word' id='word_1_726' title='bbox 2723 3776 2895 3830; x_wconf 90' lang='lat' dir='ltr'><strong>dorso</strong></span> <span class='ocrx_word' id='word_1_727' title='bbox 2929 3775 3289 3830; x_wconf 84' lang='lat' dir='ltr'><strong>chirotheeas</strong></span> <span class='ocrx_word' id='word_1_728' title='bbox 3325 3777 3612 3846; x_wconf 89' lang='lat' dir='ltr'><strong>gestandi,</strong></span> <span class='ocrx_word' id='word_1_729' title='bbox 3645 3778 3891 3832; x_wconf 86' lang='lat' dir='ltr'><strong>viderint</strong></span> 
     </span>
    </p>
   </div>
   <div class='ocr_carea' id='block_1_102' title="bbox 2260 3845 3895 3921">
    <p class='ocr_par' dir='ltr' id='par_1_102' title="bbox 2260 3845 3895 3921">
     <span class='ocr_line' id='line_1_104' title="bbox 2260 3845 3895 3921; baseline 0.003 -22"><span class='ocrx_word' id='word_1_730' title='bbox 2260 3845 2379 3921; x_wconf 83' lang='lat' dir='ltr'><strong>alii.</strong></span> <span class='ocrx_word' id='word_1_731' title='bbox 2404 3845 2516 3900; x_wconf 88' lang='lat' dir='ltr'><strong>Sed</strong></span> <span class='ocrx_word' id='word_1_732' title='bbox 2539 3850 2602 3921; x_wconf 85' lang='lat' dir='ltr'><strong>ut</strong></span> <span class='ocrx_word' id='word_1_733' title='bbox 2625 3848 2854 3901; x_wconf 86' lang='lat' dir='ltr'><strong>redeam</strong></span> <span class='ocrx_word' id='word_1_734' title='bbox 2877 3848 2946 3901; x_wconf 90' lang='lat' dir='ltr'><strong>ad</strong></span> <span class='ocrx_word' id='word_1_735' title='bbox 2972 3847 3277 3921; x_wconf 82' lang='lat' dir='ltr'><strong>antiquum</strong></span> <span class='ocrx_word' id='word_1_736' title='bbox 3304 3845 3522 3921; x_wconf 82' lang='lat' dir='ltr'><strong>morem</strong></span> <span class='ocrx_word' id='word_1_737' title='bbox 3546 3864 3741 3902; x_wconf 87' lang='lat' dir='ltr'><strong>coram</strong></span> <span class='ocrx_word' id='word_1_738' title='bbox 3771 3865 3895 3921; x_wconf 88' lang='lat' dir='ltr'><strong>rege</strong></span> 
     </span>
    </p>
   </div>
   <div class='ocr_carea' id='block_1_103' title="bbox 2259 3918 3895 3988">
    <p class='ocr_par' dir='ltr' id='par_1_103' title="bbox 2259 3918 3895 3988">
     <span class='ocr_line' id='line_1_105' title="bbox 2259 3918 3895 3988; baseline 0.002 -17"><span class='ocrx_word' id='word_1_739' title='bbox 2259 3918 2582 3972; x_wconf 87' lang='lat' dir='ltr'><strong>decussatis</strong></span> <span class='ocrx_word' id='word_1_740' title='bbox 2600 3933 2774 3987; x_wconf 89' lang='lat' dir='ltr'><strong>super</strong></span> <span class='ocrx_word' id='word_1_741' title='bbox 2793 3923 3021 3988; x_wconf 83' lang='lat' dir='ltr'><strong>pectore</strong></span> <span class='ocrx_word' id='word_1_742' title='bbox 3039 3919 3311 3973; x_wconf 88' lang='lat' dir='ltr'><strong>manibus</strong></span> <span class='ocrx_word' id='word_1_743' title='bbox 3332 3920 3810 3985; x_wconf 83' lang='lat' dir='ltr'><strong>standi,manavit</strong></span> <span class='ocrx_word' id='word_1_744' title='bbox 3830 3918 3895 3974; x_wconf 74' lang='lat' dir='ltr'><strong>ex</strong></span> 
     </span>
    </p>
   </div>
   <div class='ocr_carea' id='block_1_104' title="bbox 2259 3988 3890 4060">
    <p class='ocr_par' dir='ltr' id='par_1_104' title="bbox 2259 3988 3890 4060">
     <span class='ocr_line' id='line_1_106' title="bbox 2259 3988 3890 4060; baseline 0.002 -17"><span class='ocrx_word' id='word_1_745' title='bbox 2259 4005 2325 4043; x_wconf 88' lang='lat' dir='ltr'><strong>eo</strong></span> <span class='ocrx_word' id='word_1_746' title='bbox 2357 3989 2505 4042; x_wconf 92' lang='lat' dir='ltr'><strong>ritus</strong></span> <span class='ocrx_word' id='word_1_747' title='bbox 2537 3988 2593 4042; x_wconf 90' lang='lat' dir='ltr'><strong>in</strong></span> <span class='ocrx_word' id='word_1_748' title='bbox 2627 3989 2895 4058; x_wconf 91' lang='lat' dir='ltr'><strong>precibus</strong></span> <span class='ocrx_word' id='word_1_749' title='bbox 2926 4006 3155 4060; x_wconf 91' lang='lat' dir='ltr'><strong>quoque</strong></span> <span class='ocrx_word' id='word_1_750' title='bbox 3185 4006 3414 4045; x_wconf 76' lang='lat' dir='ltr'><strong>cuream</strong></span> <span class='ocrx_word' id='word_1_751' title='bbox 3436 3990 3551 4045; x_wconf 92' lang='lat' dir='ltr'><strong>Deo</strong></span> <span class='ocrx_word' id='word_1_752' title='bbox 3574 3991 3655 4045; x_wconf 89' lang='lat' dir='ltr'><strong>sic</strong></span> <span class='ocrx_word' id='word_1_753' title='bbox 3687 3991 3890 4046; x_wconf 87' lang='lat' dir='ltr'><strong>standi.</strong></span> 
     </span>
    </p>
   </div>
   <div class='ocr_carea' id='block_1_105' title="bbox 2263 4060 3893 4128">
    <p class='ocr_par' dir='ltr' id='par_1_105' title="bbox 2263 4060 3893 4128">
     <span class='ocr_line' id='line_1_107' title="bbox 2263 4060 3893 4128; baseline 0.004 -15"><span class='ocrx_word' id='word_1_754' title='bbox 2263 4060 2442 4127; x_wconf 91' lang='lat' dir='ltr'><strong>[lnter</strong></span> <span class='ocrx_word' id='word_1_755' title='bbox 2463 4060 2610 4113; x_wconf 88' lang='lat' dir='ltr'><strong>ritus</strong></span> <span class='ocrx_word' id='word_1_756' title='bbox 2634 4061 2992 4128; x_wconf 85' lang='lat' dir='ltr'><strong>precantium</strong></span> <span class='ocrx_word' id='word_1_757' title='bbox 3013 4069 3174 4116; x_wconf 89' lang='lat' dir='ltr'><strong>erant</strong></span> <span class='ocrx_word' id='word_1_758' title='bbox 3192 4079 3399 4115; x_wconf 89' lang='lat' dir='ltr'><strong>manus</strong></span> <span class='ocrx_word' id='word_1_759' title='bbox 3421 4062 3752 4117; x_wconf 76' lang='lat' dir='ltr'><strong>cancellatss</strong></span> <span class='ocrx_word' id='word_1_760' title='bbox 3769 4071 3893 4119; x_wconf 87' lang='lat' dir='ltr'><strong>ante</strong></span> 
     </span>
    </p>
   </div>
   <div class='ocr_carea' id='block_1_106' title="bbox 2261 4130 3888 4203">
    <p class='ocr_par' dir='ltr' id='par_1_106' title="bbox 2261 4130 3888 4203">
     <span class='ocr_line' id='line_1_108' title="bbox 2261 4130 3888 4203; baseline 0.002 -18"><span class='ocrx_word' id='word_1_761' title='bbox 2261 4137 2478 4203; x_wconf 89' lang='lat' dir='ltr'><strong>pectus.</strong></span> <span class='ocrx_word' id='word_1_762' title='bbox 2503 4133 2650 4203; x_wconf 82' lang='lat' dir='ltr'><strong>Ordo</strong></span> <span class='ocrx_word' id='word_1_763' title='bbox 2680 4130 2926 4188; x_wconf 81' lang='lat' dir='ltr'><strong>Roman.</strong></span> <span class='ocrx_word' id='word_1_764' title='bbox 2949 4132 3096 4186; x_wconf 82' lang='lat' dir='ltr'><strong>XIV.</strong></span> <span class='ocrx_word' id='word_1_765' title='bbox 3122 4150 3176 4202; x_wconf 95' lang='lat' dir='ltr'><strong>p.</strong></span> <span class='ocrx_word' id='word_1_766' title='bbox 3199 4133 3349 4203; x_wconf 82' lang='lat'><strong>305.]</strong></span> <span class='ocrx_word' id='word_1_767' title='bbox 3373 4134 3451 4187; x_wconf 89' lang='lat' dir='ltr'><strong>Eo</strong></span> <span class='ocrx_word' id='word_1_768' title='bbox 3473 4150 3706 4203; x_wconf 89' lang='lat' dir='ltr'><strong>quoque</strong></span> <span class='ocrx_word' id='word_1_769' title='bbox 3729 4137 3888 4190; x_wconf 90' lang='lat' dir='ltr'><strong>modo</strong></span> 
     </span>
    </p>
   </div>
   <div class='ocr_carea' id='block_1_107' title="bbox 2251 4201 3882 4272">
    <p class='ocr_par' dir='ltr' id='par_1_107' title="bbox 2251 4201 3882 4272">
     <span class='ocr_line' id='line_1_109' title="bbox 2251 4201 3882 4272; baseline 0.002 -16"><span class='ocrx_word' id='word_1_770' title='bbox 2251 4201 2490 4272; x_wconf 89' lang='lat' dir='ltr'><strong>junctas</strong></span> <span class='ocrx_word' id='word_1_771' title='bbox 2514 4202 2724 4256; x_wconf 85' lang='lat' dir='ltr'><strong>habere</strong></span> <span class='ocrx_word' id='word_1_772' title='bbox 2741 4219 2970 4270; x_wconf 88' lang='lat' dir='ltr'><strong>manus,</strong></span> <span class='ocrx_word' id='word_1_773' title='bbox 2988 4201 3663 4260; x_wconf 77' lang='lat' dir='ltr'><strong>utJanitzariTurearum</strong></span> <span class='ocrx_word' id='word_1_774' title='bbox 3683 4206 3882 4261; x_wconf 83' lang='lat' dir='ltr'><strong>habere</strong></span> 
     </span>
    </p>
   </div>
   <div class='ocr_carea' id='block_1_108' title="bbox 2261 4274 3886 4346">
    <p class='ocr_par' dir='ltr' id='par_1_108' title="bbox 2261 4274 3886 4346">
     <span class='ocr_line' id='line_1_110' title="bbox 2261 4274 3886 4346; baseline 0.003 -19"><span class='ocrx_word' id='word_1_775' title='bbox 2261 4275 2470 4339; x_wconf 90' lang='lat' dir='ltr'><strong>solent,</strong></span> <span class='ocrx_word' id='word_1_776' title='bbox 2485 4275 2540 4327; x_wconf 88' lang='lat' dir='ltr'><strong>id</strong></span> <span class='ocrx_word' id='word_1_777' title='bbox 2567 4274 2743 4327; x_wconf 89' lang='lat' dir='ltr'><strong>etiam</strong></span> <span class='ocrx_word' id='word_1_778' title='bbox 2765 4280 2854 4328; x_wconf 88' lang='lat' dir='ltr'><strong>est</strong></span> <span class='ocrx_word' id='word_1_779' title='bbox 2871 4279 3017 4329; x_wconf 85' lang='lat' dir='ltr'><strong>stare</strong></span> <span class='ocrx_word' id='word_1_780' title='bbox 3037 4278 3292 4330; x_wconf 74' lang='lat' dir='ltr'><strong>manibus</strong></span> <span class='ocrx_word' id='word_1_781' title='bbox 3312 4276 3762 4346; x_wconf 75' lang='lat' dir='ltr'><strong>ligatis,seilicet</strong></span> <span class='ocrx_word' id='word_1_782' title='bbox 3782 4294 3886 4332; x_wconf 89' lang='lat' dir='ltr'><strong>non</strong></span> 
     </span>
    </p>
   </div>
   <div class='ocr_carea' id='block_1_109' title="bbox 2260 4347 3888 4418">
    <p class='ocr_par' dir='ltr' id='par_1_109' title="bbox 2260 4347 3888 4418">
     <span class='ocr_line' id='line_1_111' title="bbox 2260 4347 3888 4418; baseline 0.002 -19"><span class='ocrx_word' id='word_1_783' title='bbox 2260 4360 2436 4418; x_wconf 84' lang='lat' dir='ltr'><strong>super</strong></span> <span class='ocrx_word' id='word_1_784' title='bbox 2465 4353 2690 4414; x_wconf 87' lang='lat' dir='ltr'><strong>pectore</strong></span> <span class='ocrx_word' id='word_1_785' title='bbox 2723 4363 2957 4400; x_wconf 88' lang='lat' dir='ltr'><strong>sursum</strong></span> <span class='ocrx_word' id='word_1_786' title='bbox 2982 4363 3191 4418; x_wconf 89' lang='lat' dir='ltr'><strong>versus</strong></span> <span class='ocrx_word' id='word_1_787' title='bbox 3213 4347 3571 4418; x_wconf 88' lang='lat' dir='ltr'><strong>compositis,</strong></span> <span class='ocrx_word' id='word_1_788' title='bbox 3596 4349 3694 4402; x_wconf 90' lang='lat' dir='ltr'><strong>sed</strong></span> <span class='ocrx_word' id='word_1_789' title='bbox 3720 4365 3888 4418; x_wconf 86' lang='lat' dir='ltr'><strong>super</strong></span> 
     </span>
    </p>
   </div>
   <div class='ocr_carea' id='block_1_110' title="bbox 2260 4416 3885 4489">
    <p class='ocr_par' dir='ltr' id='par_1_110' title="bbox 2260 4416 3885 4489">
     <span class='ocr_line' id='line_1_112' title="bbox 2260 4416 3885 4489; baseline 0.003 -20"><span class='ocrx_word' id='word_1_790' title='bbox 2260 4416 2571 4489; x_wconf 81' lang='lat' dir='ltr'><strong>abdomine</strong></span> <span class='ocrx_word' id='word_1_791' title='bbox 2592 4422 2880 4471; x_wconf 87' lang='lat' dir='ltr'><strong>deorsum.</strong></span> <span class='ocrx_word' id='word_1_792' title='bbox 2897 4417 3048 4471; x_wconf 89' lang='lat' dir='ltr'><strong>Talis</strong></span> <span class='ocrx_word' id='word_1_793' title='bbox 3070 4435 3286 4473; x_wconf 90' lang='lat' dir='ltr'><strong>manuu</strong></span> <span class='ocrx_word' id='word_1_794' title='bbox 3299 4416 3500 4474; x_wconf 16' lang='lat' dir='ltr'><strong>micom</strong></span> <span class='ocrx_word' id='word_1_795' title='bbox 3514 4416 3810 4489; x_wconf 81' lang='lat' dir='ltr'><strong>positionis</strong></span> <span class='ocrx_word' id='word_1_796' title='bbox 3833 4421 3885 4475; x_wconf 89' lang='lat' dir='ltr'><strong>in</strong></span> 
     </span>
    </p>
   </div>
   <div class='ocr_carea' id='block_1_111' title="bbox 2260 4487 3886 4560">
    <p class='ocr_par' dir='ltr' id='par_1_111' title="bbox 2260 4487 3886 4560">
     <span class='ocr_line' id='line_1_113' title="bbox 2260 4487 3886 4560; baseline 0.003 -20"><span class='ocrx_word' id='word_1_797' title='bbox 2260 4487 2358 4560; x_wconf 90' lang='lat' dir='ltr'><strong>illo</strong></span> <span class='ocrx_word' id='word_1_798' title='bbox 2392 4488 2613 4560; x_wconf 69' lang='lat' dir='ltr'><strong>militiae</strong></span> <span class='ocrx_word' id='word_1_799' title='bbox 2641 4504 2847 4556; x_wconf 81' lang='lat' dir='ltr'><strong>genere</strong></span> <span class='ocrx_word' id='word_1_800' title='bbox 2877 4491 3129 4544; x_wconf 88' lang='lat' dir='ltr'><strong>occurrit</strong></span> <span class='ocrx_word' id='word_1_801' title='bbox 3159 4491 3465 4560; x_wconf 84' lang='lat' dir='ltr'><strong>aliquoties</strong></span> <span class='ocrx_word' id='word_1_802' title='bbox 3496 4487 3687 4556; x_wconf 76' lang='lat' dir='ltr'><strong>imago</strong></span> <span class='ocrx_word' id='word_1_803' title='bbox 3719 4492 3774 4545; x_wconf 89' lang='lat' dir='ltr'><strong>in</strong></span> <span class='ocrx_word' id='word_1_804' title='bbox 3797 4493 3886 4545; x_wconf 89' lang='lat' dir='ltr'><strong>illa</strong></span> 
     </span>
    </p>
   </div>
   <div class='ocr_carea' id='block_1_112' title="bbox 2260 4558 3884 4632">
    <p class='ocr_par' dir='ltr' id='par_1_112' title="bbox 2260 4558 3884 4632">
     <span class='ocr_line' id='line_1_114' title="bbox 2260 4558 3884 4632; baseline 0.003 -19"><span class='ocrx_word' id='word_1_805' title='bbox 2260 4558 2590 4632; x_wconf 83' lang='lat' dir='ltr'><strong>tabularum</strong></span> <span class='ocrx_word' id='word_1_806' title='bbox 2624 4561 3073 4632; x_wconf 75' lang='lat' dir='ltr'><strong>Ferriolensium</strong></span> <span class='ocrx_word' id='word_1_807' title='bbox 3115 4558 3475 4627; x_wconf 38' lang='lat' dir='ltr'><strong>colle—ctione,</strong></span> <span class='ocrx_word' id='word_1_808' title='bbox 3507 4579 3633 4632; x_wconf 71' lang='lat' dir='ltr'><strong>qua:</strong></span> <span class='ocrx_word' id='word_1_809' title='bbox 3665 4563 3884 4618; x_wconf 83' lang='lat' dir='ltr'><strong>Parisiis</strong></span> 
     </span>
    </p>
   </div>
   <div class='ocr_carea' id='block_1_113' title="bbox 2261 4630 3041 4700">
    <p class='ocr_par' dir='ltr' id='par_1_113' title="bbox 2261 4630 3041 4700">
     <span class='ocr_line' id='line_1_115' title="bbox 2261 4630 3041 4700; baseline 0.003 -17"><span class='ocrx_word' id='word_1_810' title='bbox 2261 4630 2473 4700; x_wconf 89' lang='lat' dir='ltr'><strong>prodiit</strong></span> <span class='ocrx_word' id='word_1_811' title='bbox 2505 4631 2685 4694; x_wconf 71' lang='lat'><strong>1714.,</strong></span> <span class='ocrx_word' id='word_1_812' title='bbox 2713 4637 2776 4684; x_wconf 91' lang='lat' dir='ltr'><strong>ut</strong></span> <span class='ocrx_word' id='word_1_813' title='bbox 2807 4632 2921 4684; x_wconf 90' lang='lat' dir='ltr'><strong>tab.</strong></span> <span class='ocrx_word' id='word_1_814' title='bbox 2953 4633 3041 4685; x_wconf 84' lang='lat'><strong>29.</strong></span> 
     </span>
    </p>
   </div>
   <div class='ocr_carea' id='block_1_114' title="bbox 2327 4700 3886 4790">
    <p class='ocr_par' dir='ltr' id='par_1_114' title="bbox 2327 4700 3886 4790">
     <span class='ocr_line' id='line_1_116' title="bbox 2327 4700 3886 4790; baseline 0.005 -36"><span class='ocrx_word' id='word_1_815' title='bbox 2327 4701 2438 4771; x_wconf 86' lang='lat'><strong>(82)</strong></span> <span class='ocrx_word' id='word_1_816' title='bbox 2472 4700 2646 4790; x_wconf 59' lang='lat' dir='ltr'><strong>Erant</strong></span> <span class='ocrx_word' id='word_1_817' title='bbox 2693 4702 3141 4790; x_wconf 32' lang='lat' dir='ltr'><strong>quaedﬁamvvelav</strong></span> <span class='ocrx_word' id='word_1_818' title='bbox 3156 4702 3500 4790; x_wconf 34' lang='grc' dir='ltr'><strong>συρδτξκίιυιξ</strong></span> <span class='ocrx_word' id='word_1_819' title='bbox 3530 4720 3638 4790; x_wconf 74' lang='lat' dir='ltr'><strong>ope</strong></span> <span class='ocrx_word' id='word_1_820' title='bbox 3672 4705 3886 4790; x_wconf 74' lang='lat' dir='ltr'><strong>funicu-</strong></span> 
     </span>
    </p>
   </div>
   <div class='ocr_carea' id='block_1_115' title="bbox 2186 4767 3887 4863">
    <p class='ocr_par' dir='ltr' id='par_1_115' title="bbox 2186 4767 3887 4863">
     <span class='ocr_line' id='line_1_117' title="bbox 2186 4767 3887 4863; baseline 0.004 -37"><span class='ocrx_word' id='word_1_821' title='bbox 2186 4798 2230 4863; x_wconf 68' lang='grc' dir='ltr'>Β</span> <span class='ocrx_word' id='word_1_822' title='bbox 2263 4767 2450 4863; x_wconf 76' lang='lat' dir='ltr'><strong>lorum</strong></span> <span class='ocrx_word' id='word_1_823' title='bbox 2483 4767 3041 4863; x_wconf 38' lang='grc' dir='ltr'><strong>ἱιξ.(ΙίνειξξδἏδιιχῶις2</strong></span> <span class='ocrx_word' id='word_1_824' title='bbox 3083 4774 3200 4828; x_wconf 84' lang='grc' dir='ltr'>οῖον</span> <span class='ocrx_word' id='word_1_825' title='bbox 3223 4767 3497 4863; x_wconf 58' lang='grc' dir='ltr'>δεξίὰἠᾳὶ</span> <span class='ocrx_word' id='word_1_826' title='bbox 3529 4767 3800 4863; x_wconf 46' lang='lat' dir='ltr'><strong>asparagi,</strong></span> <span class='ocrx_word' id='word_1_827' title='bbox 3831 4781 3887 4832; x_wconf 88' lang='lat' dir='ltr'><strong>ut</strong></span> 
     </span>
    </p>
   </div>
   <div class='ocr_carea' id='block_1_116' title="bbox 2263 4845 3885 4919">
    <p class='ocr_par' dir='ltr' id='par_1_116' title="bbox 2263 4845 3885 4919">
     <span class='ocr_line' id='line_1_118' title="bbox 2263 4845 3885 4919; baseline 0.001 -21"><span class='ocrx_word' id='word_1_828' title='bbox 2263 4849 2460 4919; x_wconf 78' lang='lat' dir='ltr'><strong>noster</strong></span> <span class='ocrx_word' id='word_1_829' title='bbox 2488 4847 2564 4919; x_wconf 75' lang='lat' dir='ltr'><strong>ait</strong></span> <span class='ocrx_word' id='word_1_830' title='bbox 2597 4861 2652 4914; x_wconf 94' lang='lat' dir='ltr'><strong>p.</strong></span> <span class='ocrx_word' id='word_1_831' title='bbox 2688 4845 3043 4919; x_wconf 74' lang='lat' dir='ltr'><strong>15._dis_trahi</strong></span> <span class='ocrx_word' id='word_1_832' title='bbox 3079 4852 3362 4919; x_wconf 83' lang='lat' dir='ltr'><strong>poterant,</strong></span> <span class='ocrx_word' id='word_1_833' title='bbox 3397 4848 3512 4902; x_wconf 81' lang='lat' dir='ltr'><strong>alia</strong></span> <span class='ocrx_word' id='word_1_834' title='bbox 3543 4845 3885 4919; x_wconf 74' lang='grc' dir='ltr'>ᾇνελκόμενα,</span> 
     </span>
    </p>
   </div>
   <div class='ocr_carea' id='block_1_117' title="bbox 2259 4915 3888 4992">
    <p class='ocr_par' dir='ltr' id='par_1_117' title="bbox 2259 4915 3888 4992">
     <span class='ocr_line' id='line_1_119' title="bbox 2259 4915 3888 4992; baseline 0.005 -25"><span class='ocrx_word' id='word_1_835' title='bbox 2259 4931 2382 4992; x_wconf 61' lang='lat' dir='ltr'><strong>quae</strong></span> <span class='ocrx_word' id='word_1_836' title='bbox 2407 4915 2629 4992; x_wconf 81' lang='lat' dir='ltr'><strong>funium</strong></span> <span class='ocrx_word' id='word_1_837' title='bbox 2655 4915 3035 4992; x_wconf 77' lang='lat' dir='ltr'><strong>opeinallum</strong></span> <span class='ocrx_word' id='word_1_838' title='bbox 3061 4917 3496 4992; x_wconf 83' lang='lat' dir='ltr'><strong>attollebantur,</strong></span> <span class='ocrx_word' id='word_1_839' title='bbox 3514 4915 3888 4992; x_wconf 81' lang='lat' dir='ltr'><strong>aliadenique</strong></span> 
     </span>
    </p>
   </div>
   <div class='ocr_carea' id='block_1_118' title="bbox 2261 4983 3887 5059">
    <p class='ocr_par' dir='ltr' id='par_1_118' title="bbox 2261 4983 3887 5059">
     <span class='ocr_line' id='line_1_120' title="bbox 2261 4983 3887 5059; baseline 0.005 -21"><span class='ocrx_word' id='word_1_840' title='bbox 2261 4983 2522 5059; x_wconf 77' lang='grc' dir='ltr'><strong>αἰρόμενα</strong></span> <span class='ocrx_word' id='word_1_841' title='bbox 2542 4986 2629 5042; x_wconf 87' lang='lat' dir='ltr'><strong>vel</strong></span> <span class='ocrx_word' id='word_1_842' title='bbox 2656 4983 3050 5059; x_wconf 70' lang='grc' dir='ltr'>βᾶσταζόμενα,</span> <span class='ocrx_word' id='word_1_843' title='bbox 3075 5004 3202 5057; x_wconf 64' lang='lat' dir='ltr'><strong>quae</strong></span> <span class='ocrx_word' id='word_1_844' title='bbox 3225 4983 3492 5044; x_wconf 77' lang='lat' dir='ltr'><strong>manibus</strong></span> <span class='ocrx_word' id='word_1_845' title='bbox 3516 4983 3887 5046; x_wconf 64' lang='lat' dir='ltr'><strong>subleVaiban-</strong></span> 
     </span>
    </p>
   </div>
   <div class='ocr_carea' id='block_1_119' title="bbox 2261 5059 3884 5135">
    <p class='ocr_par' dir='ltr' id='par_1_119' title="bbox 2261 5059 3884 5135">
     <span class='ocr_line' id='line_1_121' title="bbox 2261 5059 3884 5135; baseline 0 -23"><span class='ocrx_word' id='word_1_846' title='bbox 2261 5069 2388 5135; x_wconf 80' lang='lat' dir='ltr'><strong>tur_;</strong></span> <span class='ocrx_word' id='word_1_847' title='bbox 2413 5060 2529 5114; x_wconf 89' lang='lat' dir='ltr'><strong>vid.</strong></span> <span class='ocrx_word' id='word_1_848' title='bbox 2552 5059 2639 5135; x_wconf 85' lang='lat'><strong>38_,</strong></span> <span class='ocrx_word' id='word_1_849' title='bbox 2678 5059 3040 5135; x_wconf 48' lang='lat'><strong>107,108.}:1</strong></span> <span class='ocrx_word' id='word_1_850' title='bbox 3068 5076 3322 5135; x_wconf 82' lang='lat' dir='ltr'><strong>quorum</strong></span> <span class='ocrx_word' id='word_1_851' title='bbox 3348 5061 3542 5135; x_wconf 81' lang='lat' dir='ltr'><strong>primo</strong></span> <span class='ocrx_word' id='word_1_852' title='bbox 3565 5061 3689 5117; x_wconf 89' lang='lat' dir='ltr'><strong>loco</strong></span> <span class='ocrx_word' id='word_1_853' title='bbox 3724 5059 3884 5135; x_wconf 74' lang='grc' dir='ltr'>βήλσν</span> 
     </span>
    </p>
   </div>
   <div class='ocr_carea' id='block_1_120' title="bbox 2262 5127 3888 5204">
    <p class='ocr_par' dir='ltr' id='par_1_120' title="bbox 2262 5127 3888 5204">
     <span class='ocr_line' id='line_1_122' title="bbox 2262 5127 3888 5204; baseline 0.005 -23"><span class='ocrx_word' id='word_1_854' title='bbox 2262 5128 2572 5204; x_wconf 82' lang='grc' dir='ltr'>αἰρόμενον,</span> <span class='ocrx_word' id='word_1_855' title='bbox 2606 5130 2686 5204; x_wconf 85' lang='lat' dir='ltr'><strong>i_n_</strong></span> <span class='ocrx_word' id='word_1_856' title='bbox 2714 5131 2895 5204; x_wconf 73' lang='lat' dir='ltr'><strong>altero</strong></span> <span class='ocrx_word' id='word_1_857' title='bbox 2948 5127 3121 5204; x_wconf 71' lang='grc' dir='ltr'>βῆλόν</span> <span class='ocrx_word' id='word_1_858' title='bbox 3177 5127 3364 5204; x_wconf 70' lang='grc' dir='ltr'>συρτὸῦ</span> <span class='ocrx_word' id='word_1_859' title='bbox 3415 5127 3733 5202; x_wconf 69' lang='grc' dir='ltr'>συρόμενον’</span> <span class='ocrx_word' id='word_1_860' title='bbox 3764 5127 3888 5203; x_wconf 74' lang='lat' dir='ltr'><strong>legi-</strong></span> 
     </span>
    </p>
   </div>
   <div class='ocr_carea' id='block_1_121' title="bbox 2264 5199 3889 5271">
    <p class='ocr_par' dir='ltr' id='par_1_121' title="bbox 2264 5199 3889 5271">
     <span class='ocr_line' id='line_1_123' title="bbox 2264 5199 3889 5271; baseline 0.002 -17"><span class='ocrx_word' id='word_1_861' title='bbox 2264 5199 2414 5266; x_wconf 85' lang='lat' dir='ltr'><strong>mus,</strong></span> <span class='ocrx_word' id='word_1_862' title='bbox 2469 5203 2526 5255; x_wconf 89' lang='lat' dir='ltr'><strong>in</strong></span> <span class='ocrx_word' id='word_1_863' title='bbox 2584 5201 2791 5271; x_wconf 84' lang='lat' dir='ltr'><strong>ultimo</strong></span> <span class='ocrx_word' id='word_1_864' title='bbox 2841 5199 2890 5269; x_wconf 81' lang='grc' dir='ltr'><strong>ἐξ</strong></span> <span class='ocrx_word' id='word_1_865' title='bbox 2948 5199 3070 5254; x_wconf 61' lang='grc' dir='ltr'>ἴσου</span> <span class='ocrx_word' id='word_1_866' title='bbox 3118 5199 3436 5264; x_wconf 76' lang='grc' dir='ltr'><strong>τανύσαντες</strong></span> <span class='ocrx_word' id='word_1_867' title='bbox 3483 5199 3720 5271; x_wconf 80' lang='lat' dir='ltr'><strong>[nempe</strong></span> <span class='ocrx_word' id='word_1_868' title='bbox 3774 5199 3889 5264; x_wconf 70' lang='grc' dir='ltr'>τσὺς</span> 
     </span>
    </p>
   </div>
   <div class='ocr_carea' id='block_1_122' title="bbox 2261 5269 3887 5363">
    <p class='ocr_par' dir='ltr' id='par_1_122' title="bbox 2261 5269 3887 5363">
     <span class='ocr_line' id='line_1_124' title="bbox 2261 5269 3887 5363; baseline 0.005 -40"><span class='ocrx_word' id='word_1_869' title='bbox 2261 5271 2490 5363; x_wconf 38' lang='lat' dir='ltr'><strong>limina;</strong></span> <span class='ocrx_word' id='word_1_870' title='bbox 2514 5269 3214 5363; x_wconf 45' lang='lat' dir='ltr'><strong>tmvnﬂrﬁhov].ai&#39;pouoth&#39;ta</strong></span> <span class='ocrx_word' id='word_1_871' title='bbox 3250 5269 3887 5363; x_wconf 42' lang='lat' dir='ltr'><strong>§_i)ta;&#39;§llr¥so.‘sto&#39;mus</strong></span> 
     </span>
    </p>
   </div>
   <div class='ocr_carea' id='block_1_123' title="bbox 2263 5342 3888 5418">
    <p class='ocr_par' dir='ltr' id='par_1_123' title="bbox 2263 5342 3888 5418">
     <span class='ocr_line' id='line_1_125' title="bbox 2263 5342 3888 5418; baseline 0.002 -22"><span class='ocrx_word' id='word_1_872' title='bbox 2263 5342 2592 5418; x_wconf 58' lang='grc' dir='ltr'>ἀνελκόμενα</span> <span class='ocrx_word' id='word_1_873' title='bbox 2624 5342 2978 5418; x_wconf 25' lang='grc' dir='ltr'><strong>βῆλαᾼῇιίῠθῒξ</strong></span> <span class='ocrx_word' id='word_1_874' title='bbox 3004 5347 3059 5398; x_wconf 84' lang='grc' dir='ltr'><strong>ἱῐ]</strong></span> <span class='ocrx_word' id='word_1_875' title='bbox 3094 5345 3192 5418; x_wconf 78' lang='lat' dir='ltr'><strong>illo</strong></span> <span class='ocrx_word' id='word_1_876' title='bbox 3220 5342 3380 5418; x_wconf 66' lang='grc' dir='ltr'>ι’δταν</span> <span class='ocrx_word' id='word_1_877' title='bbox 3407 5342 3538 5418; x_wconf 57' lang='grc' dir='ltr'><strong>τξδῃς</strong></span> <span class='ocrx_word' id='word_1_878' title='bbox 3568 5342 3888 5418; x_wconf 77' lang='grc' dir='ltr'>ἆνελκόμενα</span> 
     </span>
    </p>
   </div>
   <div class='ocr_carea' id='block_1_124' title="bbox 2261 5413 3888 5489">
    <p class='ocr_par' dir='ltr' id='par_1_124' title="bbox 2261 5413 3888 5489">
     <span class='ocr_line' id='line_1_126' title="bbox 2261 5413 3888 5489; baseline 0.004 -24"><span class='ocrx_word' id='word_1_879' title='bbox 2261 5414 2329 5489; x_wconf 51' lang='lat' dir='ltr'><strong>fit</strong></span> <span class='ocrx_word' id='word_1_880' title='bbox 2370 5413 2654 5489; x_wconf 49' lang='lat' dir='ltr'><strong>dupieupat</strong></span> <span class='ocrx_word' id='word_1_881' title='bbox 2692 5415 2840 5489; x_wconf 80' lang='lat' dir='ltr'><strong>[vela</strong></span> <span class='ocrx_word' id='word_1_882' title='bbox 2883 5417 3179 5489; x_wconf 61' lang='lat' dir='ltr'><strong>tribunes],</strong></span> <span class='ocrx_word' id='word_1_883' title='bbox 3206 5416 3328 5470; x_wconf 84' lang='grc' dir='ltr'>τότε</span> <span class='ocrx_word' id='word_1_884' title='bbox 3375 5413 3600 5488; x_wconf 71' lang='grc' dir='ltr'>νόμισον</span> <span class='ocrx_word' id='word_1_885' title='bbox 3631 5413 3888 5489; x_wconf 67' lang='grc' dir='ltr'><strong>διαστέλ-</strong></span> 
     </span>
    </p>
   </div>
   <div class='ocr_carea' id='block_1_125' title="bbox 2265 5482 3888 5557">
    <p class='ocr_par' dir='ltr' id='par_1_125' title="bbox 2265 5482 3888 5557">
     <span class='ocr_line' id='line_1_127' title="bbox 2265 5482 3888 5557; baseline 0.004 -19"><span class='ocrx_word' id='word_1_886' title='bbox 2265 5482 2823 5557; x_wconf 58' lang='grc' dir='ltr'>λεσθάίτὸνόὐρᾶνὸν</span> <span class='ocrx_word' id='word_1_887' title='bbox 2847 5556 2851 5557; x_wconf 17' lang='grc' dir='ltr'><em>ν</em></span> <span class='ocrx_word' id='word_1_888' title='bbox 2878 5484 3099 5543; x_wconf 79' lang='grc' dir='ltr'>ἄνωθεν.</span> <span class='ocrx_word' id='word_1_889' title='bbox 3135 5482 3254 5553; x_wconf 78' lang='lat' dir='ltr'><strong>Quo</strong></span> <span class='ocrx_word' id='word_1_890' title='bbox 3303 5482 3493 5543; x_wconf 75' lang='lat' dir='ltr'><strong>tamen</strong></span> <span class='ocrx_word' id='word_1_891' title='bbox 3537 5490 3594 5542; x_wconf 86' lang='lat' dir='ltr'><strong>in</strong></span> <span class='ocrx_word' id='word_1_892' title='bbox 3630 5487 3754 5543; x_wconf 89' lang='lat' dir='ltr'><strong>loco</strong></span> <span class='ocrx_word' id='word_1_893' title='bbox 3790 5492 3888 5544; x_wconf 85' lang='lat' dir='ltr'><strong>du-</strong></span> 
     </span>
    </p>
   </div>
   <div class='ocr_carea' id='block_1_126' title="bbox 2265 5556 3884 5622">
    <p class='ocr_par' dir='ltr' id='par_1_126' title="bbox 2265 5556 3884 5622">
     <span class='ocr_line' id='line_1_128' title="bbox 2265 5556 3884 5622; baseline 0.004 -12"><span class='ocrx_word' id='word_1_894' title='bbox 2265 5557 2424 5611; x_wconf 88' lang='lat' dir='ltr'><strong>bium</strong></span> <span class='ocrx_word' id='word_1_895' title='bbox 2448 5563 2556 5621; x_wconf 90' lang='lat' dir='ltr'><strong>est,</strong></span> <span class='ocrx_word' id='word_1_896' title='bbox 2579 5556 2729 5613; x_wconf 88' lang='lat' dir='ltr'><strong>sitne</strong></span> <span class='ocrx_word' id='word_1_897' title='bbox 2751 5556 2991 5613; x_wconf 76' lang='grc' dir='ltr'>ἀνὲλκειν</span> <span class='ocrx_word' id='word_1_898' title='bbox 3014 5575 3269 5622; x_wconf 88' lang='lat' dir='ltr'><strong>sursum,</strong></span> <span class='ocrx_word' id='word_1_899' title='bbox 3291 5578 3362 5614; x_wconf 91' lang='lat' dir='ltr'><strong>an</strong></span> <span class='ocrx_word' id='word_1_900' title='bbox 3389 5563 3445 5614; x_wconf 89' lang='lat' dir='ltr'><strong>in</strong></span> <span class='ocrx_word' id='word_1_901' title='bbox 3472 5559 3626 5614; x_wconf 89' lang='lat' dir='ltr'><strong>latus</strong></span> <span class='ocrx_word' id='word_1_902' title='bbox 3651 5562 3884 5618; x_wconf 88' lang='lat' dir='ltr'><strong>trahere.</strong></span> 
     </span>
    </p>
   </div>
   <div class='ocr_carea' id='block_1_127' title="bbox 2264 5627 3866 5703">
    <p class='ocr_par' dir='ltr' id='par_1_127' title="bbox 2264 5627 3866 5703">
     <span class='ocr_line' id='line_1_129' title="bbox 2264 5627 3866 5703; baseline 0.001 -20"><span class='ocrx_word' id='word_1_903' title='bbox 2264 5631 2397 5703; x_wconf 66' lang='lat' dir='ltr'><strong>Quae</strong></span> <span class='ocrx_word' id='word_1_904' title='bbox 2431 5629 2885 5703; x_wconf 10' lang='lat' dir='ltr'><strong>rdemitterentur</strong></span> <span class='ocrx_word' id='word_1_905' title='bbox 2933 5648 3002 5686; x_wconf 84' lang='lat' dir='ltr'><strong>ex</strong></span> <span class='ocrx_word' id='word_1_906' title='bbox 3053 5633 3166 5686; x_wconf 87' lang='lat' dir='ltr'><strong>alto</strong></span> <span class='ocrx_word' id='word_1_907' title='bbox 3215 5627 3866 5703; x_wconf 7' lang='lat' dir='ltr'><strong>dicebanturgxalaaOat</strong></span> 
     </span>
    </p>
   </div>
   <div class='ocr_carea' id='block_1_128' title="bbox 2264 5698 3607 5773">
    <p class='ocr_par' dir='ltr' id='par_1_128' title="bbox 2264 5698 3607 5773">
     <span class='ocr_line' id='line_1_130' title="bbox 2264 5698 3607 5773; baseline 0.001 -19"><span class='ocrx_word' id='word_1_908' title='bbox 2264 5698 2395 5755; x_wconf 90' lang='lat' dir='ltr'><strong>Vid.</strong></span> <span class='ocrx_word' id='word_1_909' title='bbox 2429 5700 2626 5756; x_wconf 82' lang='lat' dir='ltr'><strong>Nostri</strong></span> <span class='ocrx_word' id='word_1_910' title='bbox 2652 5717 2710 5773; x_wconf 89' lang='lat' dir='ltr'><strong>p.</strong></span> <span class='ocrx_word' id='word_1_911' title='bbox 2739 5703 2867 5773; x_wconf 87' lang='lat'><strong>257,</strong></span> <span class='ocrx_word' id='word_1_912' title='bbox 2894 5707 2949 5758; x_wconf 91' lang='lat' dir='ltr'><strong>et</strong></span> <span class='ocrx_word' id='word_1_913' title='bbox 2983 5707 3065 5756; x_wconf 95' lang='lat' dir='ltr'><strong>Du</strong></span> <span class='ocrx_word' id='word_1_914' title='bbox 3096 5703 3288 5773; x_wconf 84' lang='lat' dir='ltr'><strong>Gange</strong></span> <span class='ocrx_word' id='word_1_915' title='bbox 3317 5719 3370 5758; x_wconf 91' lang='lat' dir='ltr'><strong>v.</strong></span> <span class='ocrx_word' id='word_1_916' title='bbox 3405 5701 3607 5773; x_wconf 80' lang='grc' dir='ltr'><strong>Συρτή.</strong></span> 
     </span>
    </p>
   </div>
  </div>
