4120 6306
246 303 371 366 993

1136 296 1238 357 DE
1280 294 1738 359 CERIMONIIS
1779 291 2016 358 AULzE
2054 292 2533 358 BYZANTINIE
2576 296 2726 359 LIB.
2771 298 2848 360 ΙΙ.

3547 309 3668 369 994

254 434 391 509 μνὸν
435 428 866 510 χρυσοΰφαντον,
916 423 1126 490 πλάτος
1176 422 1306 502 ἔχον
1354 427 1483 481 ὡσεὶ
1533 424 1818 484 δακτύλων
1850 423 1915 498 δ’,

2050 431 2322 498 uentum,
2352 430 2510 503 quod
2539 430 2906 489 rectoricium
2937 431 3289 506 appellatur,
3320 435 3434 509 ipsi
3462 440 3663 498 tradit.

250 524 347 579 καὶ
401 522 596 597 μικρόν
640 522 692 576 τὶ
742 516 831 573 ἒπὶ
879 521 998 579 τοῖς
1055 512 1236 591 ὤμοις
1294 514 1735 588 ἐπεκτεινόμενον
1783 515 1920 589 μετὰ

257 615 354 669 καὶ
412 609 795 687 ἀκρομανίκων
854 605 1288 683 χρυσοῦφάντων
1352 608 1565 680 σεμνῶν
1608 605 1700 659 καὶ
1757 605 1919 680 ὅρνας

254 702 733 782 χρυσοῦφάντους.
794 696 1051 754 Γονάτεια
1081 693 1141 750 δὲ
1177 694 1277 750 οὐκ
1324 692 1463 774 ἔχει,
1513 695 1692 759 καθὼς
1738 695 1922 751 καὶτὰ

256 799 372 851 τῶν
423 789 702 866 εὐνούχων
768 784 1271 863 πρωτοσπαθαρίων
1322 786 1409 840 καὶ
1473 784 1541 838 τὰ
1587 788 1695 839 τῶν
1759 783 1922 860 μαγί-

262 903 440 959 στρων
474 880 751 956 στιχάρια.
803 878 905 935 Καὶ
955 879 1118 932 τοῦτο
1166 872 1228 930 ἐκ
1280 875 1466 950 χειρὸς
1505 878 1603 929 τοῦ
1649 871 1921 948 βασιλέως

264 971 557 1045 δεξάμενος
587 968 674 1025 ἐπὶ
703 974 804 1038 τῆς
834 974 941 1043 γῆς
970 969 1283 1041 προσκυνεῖ,
1311 964 1401 1019 καὶ
1423 963 1575 1042 φιλεῖ
1592 963 1718 1026 τοὺς
1749 959 1920 1025 πόδας

266 1060 367 1118 τοῦ
403 1057 672 1135 βασιλέως
719 1057 810 1114 καὶ
862 1056 930 1112 τά
968 1057 1189 1130 γόνατα,
1231 1053 1439 1128 ὁμοίως
1468 1053 1558 1109 καὶ
1592 1058 1688 1109 τοῦ
1722 1055 1919 1127 μικροῦ

272 1148 570 1229 βασιλέως·
619 1149 708 1204 καὶ
765 1147 900 1220 μετά
944 1146 1111 1200 ταῦτα
1155 1141 1433 1220 ἐξάγουσιν
1480 1142 1640 1199 αὐτὸν
1679 1143 1731 1197 οἱ
1761 1161 1926 1217 πραι-

267 1240 488 1296 πόσιτοι
520 1237 595 1300 εἰς
635 1237 699 1292 τὸ
748 1235 924 1312 βῆλον
966 1234 1029 1290 τὸ
1080 1233 1215 1309 πρὸς
1258 1232 1321 1288 τὸ
1368 1233 1756 1308 ἀριστητήριον
1787 1234 1926 1304 (87),

267 1330 440 1406 ἤγουν
499 1325 801 1403 ἔμπροσθεν
874 1328 971 1379 τοῦ
1042 1326 1322 1390 κοιτῶνος,
1383 1321 1601 1377 κάκεῖσε
1656 1318 1930 1377 ἐνδύουσιν

270 1418 434 1474 αὐτὸν
462 1415 526 1472 τὸ
554 1418 802 1471 τοιοῦτον
853 1412 1099 1488 ἱμάτιον,
1138 1410 1228 1466 καὶ
1270 1409 1436 1467 πάλιν
1491 1410 1793 1488 εἷ’σάγουσιν
1830 1409 1928 1465 αὖ·

268 1508 367 1563 τὸν
400 1508 476 1569 εἱς
506 1505 600 1560 τὸν
634 1501 884 1580 βασιλέα,
931 1504 1023 1557 καὶ
1072 1500 1286 1556 πίπτων
1336 1504 1630 1576 προσκυνεῖ
1656 1501 1747 1555 καὶ
1778 1502 1929 1573 φιλεῖ

269 1596 407 1660 τοὺς
452 1591 623 1657 πόδας
672 1592 762 1649 καὶ
809 1593 877 1647 τά
922 1590 1122 1666 γόνατα
1187 1593 1285 1645 τοῦ
1338 1587 1581 1665 μεγάλου
1636 1587 1929 1665 βασιλέως,

274 1683 488 1759 ὁμοίως
537 1681 628 1740 καί
676 1686 775 1737 τοῦ
828 1684 1050 1756 μικροῦ,
1098 1680 1187 1734 καὶ
1238 1675 1469 1733 ἐπιδιδει
1517 1679 1676 1734 αὐτὸν
1706 1678 1733 1733 6
1778 1679 1931 1742 βασι-

2028 517 2127 574 Est
2152 523 2348 576 autem
2381 521 2527 578 illud
2576 521 2911 591 candidum,
2942 522 3165 580 habens
3195 525 3487 598 pbialium
3536 528 3664 602 [seu

2025 613 2258 680 tegmen
2289 612 2518 684 capitis]
2543 629 2820 684 perquam
2846 612 3388 685 splendidum,auro
3416 621 3664 689 textum,

2028 700 2098 754 ad
2132 705 2383 771 quatuor
2411 703 2727 774 digitorum
2751 703 3209 773 latitudinem,in
3241 707 3501 766 humeris
3524 726 3669 768 non-

2031 787 2176 842 nihil
2207 788 2428 861 largius
2457 807 2791 850 excurrens.
2816 795 3002 850 Habet
3029 795 3181 853 idem
3211 813 3447 871 quoque
3476 798 3666 856 mani-

2030 891 2230 932 carum
2261 879 2677 949 extremitates,
2707 899 2848 939 auro
2878 887 3061 941 textas
3092 901 3372 959 perquam
3403 888 3669 960 splendi-

2032 965 2161 1030 das,
2191 974 2246 1020 et
2293 966 2506 1023 limbos
2551 970 2731 1026 vestis
2777 986 2917 1028 auro
2966 978 3174 1031 textos.
3220 976 3504 1034 Genualia
3548 994 3693 1036 non‘

2031 1053 2725 1126 babet,quemadmodum
2745 1075 2934 1131 neque
2950 1064 3351 1121 cunuchorum
3372 1072 3671 1139 protospa-

2031 1143 2380 1211 thariorum,
2429 1160 2619 1217 neque
2659 1147 3069 1219 magistrorum
3128 1154 3411 1210 sticharia
3453 1173 3518 1212 ea
3566 1157 3671 1214 ba-

2035 1231 2612 1290 bent.Indumentum
2637 1234 2744 1291 hoc
2774 1252 2806 1291 e
2831 1251 3005 1293 manu
3034 1239 3400 1311 imperatoris
3429 1245 3672 1302 senioris

2032 1324 2475 1384 nactus.adorat
2503 1339 2637 1380 eum
2671 1325 3157 1398 bumi,pedesque
3177 1333 3236 1385 et
3264 1345 3455 1400 genua
3482 1333 3672 1405 ipsius

2034 1411 2349 1480 osculatur,
2378 1417 2436 1469 et
2466 1413 2739 1486 deinceps
2780 1414 2938 1470 idem
2970 1431 3203 1488 quoque
3224 1417 3445 1488 juniori
3478 1420 3674 1492 impe-

2036 1501 2215 1557 ratori
2266 1501 2443 1568 facit;
2480 1509 2538 1558 et
2582 1502 2669 1559 sic
2718 1503 2977 1560 educunt
3024 1505 3215 1575 ipsum
3272 1508 3564 1582 prapositi
3614 1508 3676 1565 in

2036 1590 2252 1661 velum,
2282 1591 2438 1664 quod
2469 1592 2540 1647 ad
2571 1591 2961 1649 aristeterium
3005 1608 3107 1651 seu
3138 1597 3510 1666 pransorium
3538 1613 3678 1670 spe-

2039 1683 2177 1745 ctat,
2211 1682 2312 1736 aut
2359 1681 2515 1752 quod
2563 1687 2695 1738 ante
2742 1685 3029 1739 centonem
3076 1688 3185 1740 est.
3228 1685 3314 1742 Ibi
3363 1691 3677 1760 postquam

276 1772 409 1838 λεὺς
455 1773 518 1829 τὸ
563 1768 1120 1847 χρυσοπερίκλειστον
1166 1767 1413 1842 μαντίον,
1469 1767 1559 1822 καὶ
1596 1762 1929 1843 περιϐάλλε-

2050 1769 2361 1866 tnduerunt
2409 1769 2541 1866 ipsi,
2600 1771 2755 1842 quod
2801 1772 2974 1827 modo
3018 1773 3456 1846 descripsimus,
3503 1777 3680 1832 indu-

278 1885 372 1921 ται
418 1862 548 1918 αὐτὸ
594 1862 741 1937 παρά
785 1863 882 1916 τοῦ
935 1857 1320 1933 πραιποσίτου,
1372 1856 1462 1913 καὶ
1508 1855 1674 1913 πάλιν
1720 1857 1935 1913 πίπτων

285 1954 578 2028 προσκυνεῖ
621 1949 711 2006 καὶ
761 1948 912 2030 φιλεῖ
961 1946 1089 2010 τοὺς
1137 1945 1307 2010 πόδας
1349 1946 1440 2001 καὶ
1490 1947 1557 2002 τὰ
1603 1946 1807 2021 γόνατά
1840 1949 1936 2001 τοῦ

293 2040 532 2117 μεγάλου
567 2037 854 2117 βασιλέως,
889 2036 1095 2111 ὁμοίως
1138 2036 1230 2091 καὶ
1275 2040 1373 2092 τοῦ
1407 2038 1624 2111 μικροῦ.
1657 2035 1792 2092 Εἶτα
1821 2034 1937 2090 ἐπι-

291 2129 512 2189 δίδωσιν
546 2130 707 2185 αὐτὸν
736 2128 764 2183 6
798 2124 1051 2204 βατιλεὺς
1101 2125 1365 2204 μαφόριον
1417 2127 1528 2199 (88)
1577 2124 1696 2195 ὀξὺν
1727 2145 1938 2202 πορφυ-

292 2226 437 2299 ροῦν,
469 2216 597 2296 ἔχον
638 2216 707 2274 δι’
761 2217 894 2274 ὅλου
932 2215 1353 2301 χρυσοκέντητα
1382 2211 1515 2292 ῥόδα
1541 2212 1701 2285 δίκην
1733 2213 1944 2286 λουπη-

287 2309 505 2384 ναρίων.
554 2306 775 2376 Ἰστέον,
823 2305 907 2362 ὅτι
954 2305 1045 2361 καὶ
1090 2305 1155 2361 τὸ
1207 2303 1424 2378 μαντίον
1456 2303 1548 2358 καὶ
1576 2305 1641 2358 τὸ
1673 2303 1940 2380 μαφόριον

289 2401 318 2456 6
349 2396 710 2476 πραιπόσιτος
765 2392 995 2452 ἐπιδίδει
1044 2395 1137 2449 τὸν
1204 2391 1450 2469 βασιλέα.
1481 2392 1551 2447 Τὸ
1601 2390 1659 2447 δὲ
1693 2396 1944 2448 τοιοῦτον

292 2487 566 2564 μαφόριον
617 2485 670 2540 ὲν
717 2488 788 2558 τῇ
840 2479 1093 2560 προϐολῇ
1137 2482 1276 2558 πρὸς
1326 2483 1460 2552 ἅπαξ
1508 2482 1600 2537 καὶ
1649 2481 1833 2555 μόνον.
1867 2480 1944 2538 Οὐ

289 2572 686 2651 περιϐάλλεται
717 2570 774 2628 δὲ
804 2569 927 2628 οὔτε
972 2572 1022 2627 ἐν
1059 2575 1128 2647 τῇ
1178 2571 1523 2648 προελεύσει,
1555 2571 1680 2627 οὔτε
1710 2570 1762 2627 ἐν
1796 2569 1943 2645 ἄλλῃ

293 2669 446 2740 ᾗτινι
492 2663 552 2719 ἂν
584 2665 608 2699 ⁸
639 2660 730 2718 οὖν
783 2660 978 2738 ἡμέρᾳ.
1028 2661 1132 2718 Καὶ
1181 2657 1577 2737 περιϐάλλεται
1623 2661 1687 2717 τὸ
1731 2664 1947 2717 τοιοῦτο

308 2754 574 2831 μαφόριον
623 2752 769 2826 παρὰ
813 2754 919 2806 τῶν
968 2751 1338 2824 πραιποσίτων
1387 2750 1494 2805 ἀπὸ
1541 2756 1641 2819 τῆς
1681 2749 1949 2829 κεφαλῆς,

308 2841 449 2899 ὥστε
492 2841 554 2896 τὸ
601 2845 704 2896 πᾶν
738 2840 904 2895 αὐτοῦ
953 2843 1112 2913 σῶμα
1159 2836 1662 2914 συγκαλύπτεσθααι
1721 2839 1826 2894 ὑπὸ
1853 2841 1951 2894 τοῦ

304 2928 560 2987 τοιούτου
593 2928 879 3006 μαφορίου.
932 2928 1035 2987 Καὶ
1085 2927 1249 2984 πάλιν
1295 2928 1508 2983 πίπτων
1548 2932 1835 3003 προσκυνεῖ
1862 2926 1952 2983 καὶ

307 3020 460 3098 φιλεῖ
482 3020 608 3081 τοὺς
645 3016 816 3080 πόδας
863 3019 955 3073 καὶ
1001 3018 1068 3074 τὰ
1114 3019 1315 3095 γόνατα
1361 3022 1457 3073 τοῦ
1508 3017 1749 3094 μεγάλου
1801 3017 1953 3093 βασι-

309 3108 473 3178 λέως,
505 3107 712 3182 ὁμοίως
742 3107 832 3163 καὶ
864 3111 961 3162 τοῦ
995 3111 1215 3182 μικροῦ,
1264 3107 1353 3161 καὶ
1402 3107 1500 3162 εἶθ’
1530 3107 1703 3168 οὕτως
1734 3107 1954 3182 ἐξάγου-

303 3221 385 3255 σιν
418 3198 576 3253 αὐτὸν
629 3198 682 3252 οἱ
729 3196 1086 3271 πραιπόσιτοι
1136 3193 1225 3251 διὰ
1269 3193 1367 3251 τοῦ
1416 3196 1724 3272 ὡρολογίου
1757 3194 1833 3259 εἷς
1860 3195 1950 3251 τὸν
1985 3181 2029 3248 C

303 3289 615 3363 λαυσιακὸν,
672 3288 763 3344 καὶ
817 3287 1206 3363 ἀπευχαριστεῖ
1258 3291 1403 3342 πᾶσα
1448 3288 1485 3356 ἡ
1531 3285 1832 3358 σύγκλητος
1858 3286 1950 3340 τὸν

308 3377 557 3457 βασιλέα,
627 3378 718 3435 καὶ
786 3378 1077 3448 ἀσπάζεται
1126 3378 1310 3446 αὐτὸν,
1382 3376 1471 3431 καὶ
1542 3374 1953 3450 συγκαθέξεσθαι

306 3468 392 3527 δεῖ
438 3470 595 3525 αὐτὸν
647 3469 698 3524 ἐν
745 3474 825 3543 τῷ
870 3467 1153 3543 λαυσιακῷ
1195 3473 1317 3531 τοῖς
1362 3466 1745 3544 πραιποσίτοις
1796 3465 1847 3520 ἐν
1884 3470 1956 3540 τῇ

307 3559 422 3633 ἰδίᾳ
474 3561 638 3616 αὐτοῦ
685 3560 851 3633 τάξει.
901 3558 1119 3627 Ἰστὲον,
1186 3559 1269 3614 ὅτι
1319 3557 1401 3613 ἀεὶ
1462 3558 1490 3612 6
1549 3555 1784 3633 ῥαίκτωρ
1839 3559 1956 3617 τοῖς

305 3649 690 3727 πραιποσίτοις
719 3650 1099 3727 συγκαθέζεται
1129 3647 1183 3703 ἐν
1232 3651 1302 3721 τῇ
1354 3644 1674 3723 προελεύσει
1703 3648 1799 3700 τοῦ
1829 3642 1962 3700 λαυι-

309 3737 501 3795 σιακοῦ
530 3737 620 3794 καὶ
660 3737 715 3795 ἒν
744 3744 864 3802 ταῖς
895 3737 1116 3801 λοιπαῖς
1146 3735 1517 3816 προελεύσεσι.

2045 1859 2714 1928 mentum,introducunt
2742 1875 2878 1917 eum
2908 1877 3115 1918 rursus
3136 1863 3208 1918 ad
3240 1863 3677 1936 imperatorem.

2045 1952 2218 2020 Cujus
2249 1949 2368 2016 ille,
2403 1949 2568 2004 humi
2592 1949 2822 2021 jacens,
2855 1951 3029 2023 pedes
3060 1952 3355 2011 osculatur
3384 1959 3557 2026 atque
3585 1969 3682 2028 ge-

2048 2055 2185 2103 nua,
2239 2037 2482 2094 senioris
2538 2040 2796 2110 primum
2853 2044 2911 2095 et
2964 2051 3385 2114 consequenter
3425 2043 3683 2115 junioris

2049 2142 2299 2199 quoque.
2330 2127 2479 2183 Tum
2512 2127 2689 2184 tradit
2718 2127 2831 2200 ipsi
2881 2129 3154 2187 dominus
3204 2148 3346 2189 auro
3376 2133 3686 2190 circumse-

2050 2226 2214 2290 ptum
2248 2220 2536 2273 mantium
2577 2218 2668 2274 vel
2716 2217 2982 2290 pallium,
3010 2221 3166 2292 quod
3213 2221 3326 2291 ipsi
3355 2221 3618 2293 protinus
3649 2238 3685 2279 ο,

2052 2307 2360 2378 praeposito
2389 2306 2826 2378 circumjicitur.
2859 2310 2983 2374 Quo
3021 2310 3192 2379 facto,
3220 2310 3472 2381 procidit
3501 2310 3685 2383 bumi,

2053 2397 2279 2465 adorat,
2311 2399 2369 2452 et
2411 2396 2709 2451 osculatur
2751 2396 2929 2467 pedes
2977 2405 3149 2470 atque
3198 2414 3392 2470 genua
3437 2401 3687 2457 senioris
3737 2400 3750 2419 '

2052 2483 2424 2556 imperatoris
2455 2486 2512 2539 et
2547 2483 2798 2555 junioris
2831 2484 3065 2556 pariter.
3097 2486 3316 2544 Deinde
3358 2489 3534 2545 tradit
3577 2489 3691 2561 ipsi

2053 2572 2374 2645 imperator
2403 2572 2770 2645 mapborium
2803 2573 2928 2646 [seu
2974 2574 3294 2649 bumerale]
3327 2593 3693 2651 purpureum

2054 2663 2236 2721 vividi
2301 2661 2569 2727 luminis,
2630 2667 2817 2718 totum
2873 2663 3025 2719 rosis
3090 2666 3279 2722 aureis
3334 2683 3442 2723 acu
3501 2667 3690 2739 pictis,

2056 2750 2215 2810 velut
2244 2750 2468 2823 lupinis
2493 2750 2757 2821 totidem,
2790 2753 3063 2811 obsitum.
3092 2753 3211 2810 Hoc
3242 2756 3609 2828 mapborium
3639 2766 3695 2815 et

2060 2840 2347 2898 mentium
2376 2841 2557 2896 tradit
2582 2842 2931 2913 praepositus
2975 2843 3350 2916 imperatori;
3384 2847 3693 2920 induitque

2060 2931 2372 2987 honoratus
2402 2929 2774 3001 mapborium
2805 2934 3214 2990 tantummodo
3244 2934 3447 3002 semel,
3475 2935 3535 2991 in
3568 2953 3697 3009 pro-

2063 3022 2321 3076 motione
2361 3018 2640 3075 nimirum
2667 3043 2683 3087 ;
2716 3020 2989 3092 deinceps
3020 3027 3211 3078 autem
3253 3040 3441 3095 neque
3470 3024 3530 3081 in
3565 3041 3697 3097 pro-

2065 3110 2351 3177 cessione,
2384 3123 2573 3179 neque
2602 3107 2722 3164 ullo
2753 3108 2866 3165 alio
2914 3110 3009 3166 die
3038 3111 3093 3165 id
3128 3111 3341 3170 induit.
3373 3113 3470 3169 Sic
3497 3119 3698 3170 autem

2066 3199 2123 3255 id
2155 3199 2267 3271 ipsi
2301 3207 2438 3255 tunc
2485 3197 2944 3254 circumvolvunt
2974 3201 3258 3270 prepositi
3309 3201 3463 3258 circa
3503 3207 3700 3274 caput,

2065 3296 2127 3343 ut
2156 3294 2341 3344 totum
2371 3287 2500 3359 ejus
2530 3303 2743 3358 corpus
2772 3303 2839 3345 eo
2866 3287 3110 3345 veletur.
3140 3289 3258 3347 Hoc
3290 3290 3460 3360 facto,
3493 3308 3700 3350 rursus

2066 3376 2315 3450 procidit
2339 3381 2397 3432 et
2425 3376 2727 3432 osculatur
2755 3378 2933 3449 pedes
2965 3383 3021 3434 et
3049 3395 3238 3449 genus
3282 3380 3701 3453 imperatorum

2066 3466 2392 3522 successive
2441 3465 2748 3521 amborum
2791 3482 2805 3534 ;
2865 3470 2922 3521 et
2974 3470 3100 3521 tum
3159 3468 3399 3524 tandem
3447 3471 3702 3526 educunt

2065 3554 2262 3627 ipsum
2320 3553 2614 3625 praepositi
2672 3568 2771 3623 per
2839 3553 3205 3626 horologium
3251 3555 3311 3613 in
3358 3556 3699 3614 lausiacum.

2066 3643 2242 3699 Totus
2276 3645 2509 3698 senatus
2540 3642 2695 3698 800
2726 3641 2799 3697 ad
2830 3641 2954 3698 haec
2974 3643 3193 3715 gratias
3221 3644 3343 3716 agit
3372 3645 3703 3717 imperatori

2069 3748 2174 3806 pro
2205 3733 2338 3788 dato
2368 3735 2609 3800 rectore,
2635 3737 2690 3788 et
2719 3729 2931 3787 salutat
2979 3730 3348 3799 honoratum,
3377 3734 3476 3805 qui
3505 3751 3612 3792 sua
3641 3735 3703 3792 in

311 3832 452 3888 sede
506 3835 565 3888 et
616 3829 821 3886 ordine
867 3829 1200 3903 praepositis
1230 3830 1293 3885 in
1340 3828 1598 3885 lausiaco
1657 3825 1894 3883 assidet.
1925 3825 2168 3897 Semper
2221 3819 2375 3879 enim
2418 3819 2640 3876 assidet
2681 3824 2870 3877 rector
2914 3821 3259 3893 praepositis,
3292 3826 3414 3881 tam
3464 3822 3522 3880 in
3570 3839 3706 3880 con-

313 3927 490 3979 ventu
518 3922 577 3978 in
607 3921 952 3992 lausiacum,
984 3939 1160 3992 quam
1189 3921 1251 3978 in
1283 3920 1412 3977 aliis
1439 3918 1933 3992 processionibus.

946 4012 1207 4070 ΚΕΦΑΛ.
1260 4012 1332 4068 E’.

313 4102 457 4161 ’Ὀσα
504 4098 587 4156 δεῖ
631 4099 1066 4177 παραφυλάττειν
1134 4100 1222 4156 ἐπὶ
1286 4100 1587 4175 προαγωγῇ
1636 4094 1960 4171 συγκέλλου.

390 4190 615 4248 Κελεόει
681 4191 709 4245 6
787 4189 1042 4266 βασιλεὺς
1118 4194 1197 4262 τῷ
1262 4186 1807 4264 παραδυναστεόοντι,
1874 4184 1964 4241 καὶ

2717 4002 2947 4060 CAPUT
2983 4004 3055 4062 Ἴ.

2373 4093 2726 4155 Observanda
2756 4095 2815 4148 in
2844 4093 3117 4151 creatione
3143 4094 3409 4168 Syncelli.

2142 4187 2312 4242 Jussu
2333 4183 2701 4257 imperatoris
2723 4182 3037 4240 introducit
3058 4187 3566 4258 paradynastenon
3582 4188 3712 4260 [seu

317 4278 522 4356 εἰσάγει
595 4280 686 4336 τὸν
761 4277 1118 4355 ὀφειλόμενον
1174 4274 1560 4355 προϐληθῆναι
1637 4273 1937 4351 σόγκελλον

2071 4274 2300 4347 imperii
2331 4273 2590 4346 consors]
2621 4289 2779 4345 eum,
2824 4273 2925 4346 qui
2954 4273 3128 4330 debet
3169 4274 3464 4348 syncellus
3506 4275 3711 4337 creari.

1674 4423 1915 4481 VARIZE
1953 4418 2370 4480 LECTIONES.

390 4531 414 4568 ⁸
440 4531 551 4590 Sic.
578 4531 729 4604 conj.
761 4531 851 4599 3.,
885 4525 1032 4603 ἄλλῃ
1062 4527 1243 4583 τοίνυν
1274 4526 1337 4582 ἂν
1366 4528 1491 4585 cod.

1352 4646 1551 4704 JOAN.
1590 4645 1741 4704 JAC.
1790 4639 2053 4700 REISKH
2091 4634 2690 4695 COMMENTARIUS.

324 4765 439 4815 tur.
470 4786 539 4798 -
568 4757 834 4826 Amictus,
867 4769 972 4827 quo
1002 4753 1439 4827 sacerdos-caput
1468 4750 1971 4827 obnubitotporri-

323 4827 677 4903 gatur‘hinci
695 4824 856 4903 locus
876 4824 1200 4903 innocenti
1232 4824 1347 4903 lli,
1366 4824 1757 4903 de_myst_eriis
1785 4824 1971 4903 Missas

325 4892 478 4972 apud
515 4900 594 4956 Du
640 4900 927 4971 Cangium
956 4897 995 4953 l.
1037 4912 1090 4955 ο.
1142 4897 1377 4972 Legitur
1421 4896 1501 4952 ibi
1584 4896 1697 4972 duo
1736 4892 1968 4972 vasculi,

2150 4744 2262 4815 (87)
2318 4739 3183 4815 Pra_nsorium_dptctgptovLut
3235 4744 3384 4813 apud
3445 4748 3528 4799 Du
3578 4743 3723 4800 Can-

2081 4812 2344 4891 giumlag
2377 4813 2540 4891 Alex.
2567 4829 2623 4884 p.
2657 4812 2860 4891 4ιι·,θι
2888 4812 3017 4891 CPI_.
3050 4812 3468 4891 CbristﬁpJZt
3506 4817 3563 4869 et
3591 4815 3719 4891 123.

2149 4886 2265 4960 (8’8)
2296 4887 2398 4942 Est
2444 4886 2816 4960 depravatum
2862 4900 2931 4942 ex
2975 4884 3313 4960 cbpogpéptov_.
3343 4884 3608 4960 _Appare_t
3653 4902 3725 4942 ex

327 4954 527 5044 quibus
554 4954 960 5044 amictusl‘ante
999 4954 1190 5044 pectus
1219 4954 1455 5044 figatur,
1496 4970 1608 5044 etc.
1660 4954 1970 5044 Durandus
2078 4954 2257 5044 paulo
2288 4960 2421 5044 post
2449 4954 3078 5044 sequentibusgvestem‘
3106 4954 3254 5040 hanc
3278 4954 3464 5044 fuisse
3483 4956 3723 5043 pallam,

327 5036 617 5113 funiculo:
645 5036 1067 5113 autchordulos
1086 5036 1511 5112 appellat.Ergo
1542 5037 1855 5113 legendum
1885 5036 1974 5113 est

330 5106 438 5171 duo
469 5112 893 5169 nastutiﬂastel
920 5118 1006 5169 est
1038 5106 1282 5184 longum
1311 5117 1373 5184 et
1396 5106 1773 5184 tenuelorum
1797 5106 1973 5184 coria-

328 5198 646 5258 oeum,quo
675 5200 725 5240 e.
759 5199 810 5241 c.
841 5184 1020 5241 calcei
1047 5181 1207 5258 apud
1232 5182 1503 5258 rusticos,
1535 5181 1676 5236 item
1709 5182 1972 5258 pectora-

330 5257 411 5314 lia
435 5250 720 5314 iuvenum
760 5260 818 5311 et
845 5259 1033 5311 mitra:
1067 5250 1246 5312 costis
1292 5253 1652 5310 balaenarum
1707 5250 1971 5314 differtus,

326 5318 545 5401 quibus
577 5326 901 5401 domicellaa
933 5326 1225 5401 mamilius
1253 5324 1684 5401 castig_ant,die
1713 5318 1977 5401 schnier-

330 5394 520 5467 l'ciber,
554 5416 656 5470 per
686 5399 976 5456 foramina
1007 5399 1288 5469 utrinque
1335 5394 1538 5454 crebra
1568 5394 1811 5470 trajecto
1836 5409 1978 5470 con-

246 5508 253 5513 ς
328 5464 748 5544 stringuntan
779 5470 927 5544 Hinc
956 5470 1131 5527 Nam!
1180 5464 1467 5544 Knﬁpfen,
1500 5464 1718 5544 nodum
1764 5465 1822 5544 in
1855 5464 1976 5544 ἰοί-ο

332 5536 682 5613 {accrescit}
702 5542 886 5613 Necte!
917 5558 1033 5613 pro,
1053 5547 1204 5599 reste
1237 5536 1550 5613 patibulari
1579 5537 1719 5613 olim
1751 5536 1981 5613 d_ieeb_a-

331 5606 609 5684 tur._Vid_.
634 5612 721 5668 Du
754 5606 947 5684 Gange
972 5606 1307 5684 ,Gloss.Lat.
1334 5629 1391 5671 v.
1423 5609 1645 5668 Nastuli
1675 5614 1731 5666 et
1758 5606 1975 5667 Friscb.

336 5681 531 5741 Lexic.
567 5682 844 5739 German.
872 5681 927 5740 ὗ.
959 5682 1155 5740 Nestel.

2082 5024 2210 5102 quis
2242 5024 2417 5085 totum
2441 5024 2657 5102 corpus
2681 5027 2950 5102 ambiret,
2980 5027 3087 5102 ἀπὸ
3118 5028 3219 5091 τῆς
3247 5024 3585 5102 κεφαλῆᾐςίτὸ
3617 5024 3720 5102 πᾶν

2082 5096 2260 5174 αὐτοῦ,
2279 5102 2440 5172 σῶμα
2470 5096 2960 5174 συγκαλύπτεσθαι.
2991 5101 3263 5174 ᾼόεοιιυθ
3309 5096 3531 5174 fuitjd,
3565 5099 3723 5170 quod

2079 5172 2266 5230 Latini
2295 5169 2971 5243 cloccam'appellabant.
3004 5170 3108 5225 Est
3136 5177 3350 5243 autem
3393 5169 3593 5243 clocca’
3618 5185 3726 5243 vox

2082 5244 2448 5310 Germanica,
2475 5239 2819 5313 campanam
2853 5241 3151 5305 notans,et
3171 5239 3245 5313 ad
3273 5240 3403 5310 ejus
3432 5241 3619 5313 instar
3647 5242 3729 5297 fa-

2085 5327 2240 5374 ctum
2268 5309 2501 5389 pallium
2530 5309 2683 5389 circa
2713 5312 2923 5389 collum
2955 5309 3650 5389 angu_slius,int‘_ra_latius
3672 5316 3730 5389 et

2085 5381 2430 5461 perofbe‘mA
2466 5385 2767 5461 ambiens;
2955 5386 3044 5461 Du
3075 5384 3276 5461 ,ϐαιτερ
3322 5383 3393 5438 ad
3445 5381 3602 5461 dies.
3653 5383 3728 5461 a‘d

2087 5449 2146 5531 ί).
2178 5459 2306 5527 3'29,
2336 5455 2568 5523 330,ubi
2599 5454 2753 5531 quod
2780 5450 2911 5531 aliis
2941 5449 3377 5531 estﬁpoc'dptov
3405 5451 3730 5531 {ﬁgam-56.-

2086 5522 2211 5599 κου,
2240 5522 2485 5601 aliisest
2521 5522 2812 5601 HtlééptOV,
2842 5522 2988 5580 item
3024 5522 3273 5582 Salmas.
3308 5526 3378 5583 ad
3410 5523 3618 5597 Script.
3651 5524 3726 5580 ΙΙ.

2088 5604 2232 5675 Aug.
2275 5604 2318 5657 t.
2352 5599 2425 5666 II,
2458 5598 2672 5672 p.542.
