  <div class='ocr_page' id='page_1' title='image "/cluster/home/n/w/nwhite01/storage/ocr_20150623/112/mdp.39015034364078/509.png"; bbox 0 0 4120 6306; ppageno 0'>
   <div class='ocr_carea' id='block_1_1' title="bbox 503 411 660 472">
    <p class='ocr_par' dir='ltr' id='par_1_1' title="bbox 503 411 660 472">
     <span class='ocr_line' id='line_1_1' title="bbox 503 411 660 472; baseline -0.013 0"><span class='ocrx_word' id='word_1_1' title='bbox 503 411 660 472; x_wconf 86' lang='grc'><strong>1003</strong></span> 
     </span>
    </p>
   </div>
   <div class='ocr_carea' id='block_1_2' title="bbox 504 604 2144 702">
    <p class='ocr_par' dir='ltr' id='par_1_2' title="bbox 504 604 2144 702">
     <span class='ocr_line' id='line_1_2' title="bbox 504 604 2144 702; baseline -0.022 -8"><span class='ocrx_word' id='word_1_2' title='bbox 504 604 643 694; x_wconf 65' lang='lat' dir='ltr'><strong>simi</strong></span> <span class='ocrx_word' id='word_1_3' title='bbox 672 631 761 690; x_wconf 85' lang='lat' dir='ltr'><strong>vel</strong></span> <span class='ocrx_word' id='word_1_4' title='bbox 793 629 1130 702; x_wconf 62' lang='lat' dir='ltr'><strong>septimana:</strong></span> <span class='ocrx_word' id='word_1_5' title='bbox 1165 614 1576 682; x_wconf 88' lang='lat' dir='ltr'><strong>renovationis,</strong></span> <span class='ocrx_word' id='word_1_6' title='bbox 1608 612 1667 668; x_wconf 88' lang='lat' dir='ltr'>id</span> <span class='ocrx_word' id='word_1_7' title='bbox 1695 616 1784 667; x_wconf 83' lang='lat' dir='ltr'><strong>est</strong></span> <span class='ocrx_word' id='word_1_8' title='bbox 1819 604 2144 672; x_wconf 77' lang='lat' dir='ltr'><strong>Paschalis,</strong></span> 
     </span>
    </p>
   </div>
   <div class='ocr_carea' id='block_1_3' title="bbox 505 695 2148 798">
    <p class='ocr_par' dir='ltr' id='par_1_3' title="bbox 505 695 2148 798">
     <span class='ocr_line' id='line_1_3' title="bbox 505 695 2148 798; baseline -0.021 -14"><span class='ocrx_word' id='word_1_9' title='bbox 505 739 686 798; x_wconf 88' lang='lat' dir='ltr'><strong>quam</strong></span> <span class='ocrx_word' id='word_1_10' title='bbox 717 695 1017 777; x_wconf 82' lang='lat' dir='ltr'><strong>Dominica</strong></span> <span class='ocrx_word' id='word_1_11' title='bbox 1051 707 1415 782; x_wconf 88' lang='lat' dir='ltr'><strong>antipascha,</strong></span> <span class='ocrx_word' id='word_1_12' title='bbox 1461 703 1549 760; x_wconf 88' lang='lat' dir='ltr'><strong>vel</strong></span> <span class='ocrx_word' id='word_1_13' title='bbox 1605 717 1730 774; x_wconf 62' lang='lat' dir='ltr'><strong>qua:</strong></span> <span class='ocrx_word' id='word_1_14' title='bbox 1780 697 2038 771; x_wconf 82' lang='lat' dir='ltr'><strong>proxime</strong></span> <span class='ocrx_word' id='word_1_15' title='bbox 2069 695 2148 750; x_wconf 83' lang='lat' dir='ltr'><strong>fe-</strong></span> 
     </span>
    </p>
   </div>
   <div class='ocr_carea' id='block_1_4' title="bbox 503 785 2152 872">
    <p class='ocr_par' dir='ltr' id='par_1_4' title="bbox 503 785 2152 872">
     <span class='ocr_line' id='line_1_4' title="bbox 503 785 2152 872; baseline -0.019 -1"><span class='ocrx_word' id='word_1_16' title='bbox 503 785 658 872; x_wconf 59' lang='lat' dir='ltr'><strong>stum</strong></span> <span class='ocrx_word' id='word_1_17' title='bbox 704 805 1001 866; x_wconf 89' lang='lat' dir='ltr'><strong>Paschatis</strong></span> <span class='ocrx_word' id='word_1_18' title='bbox 1055 799 1337 869; x_wconf 79' lang='lat' dir='ltr'><strong>sequitur.</strong></span> <span class='ocrx_word' id='word_1_19' title='bbox 1395 791 1764 850; x_wconf 74' lang='lat' dir='ltr'><strong>Descendunt</strong></span> <span class='ocrx_word' id='word_1_20' title='bbox 1820 785 2152 872; x_wconf 13' lang='lat' dir='ltr'><strong>dominiiex</strong></span> 
     </span>
    </p>
   </div>
   <div class='ocr_carea' id='block_1_5' title="bbox 499 871 2151 973">
    <p class='ocr_par' dir='ltr' id='par_1_5' title="bbox 499 871 2151 973">
     <span class='ocr_line' id='line_1_5' title="bbox 499 871 2151 973; baseline -0.019 -15"><span class='ocrx_word' id='word_1_21' title='bbox 499 901 665 973; x_wconf 86' lang='lat' dir='ltr'><strong>equis</strong></span> <span class='ocrx_word' id='word_1_22' title='bbox 695 899 756 954; x_wconf 91' lang='lat' dir='ltr'><strong>in</strong></span> <span class='ocrx_word' id='word_1_23' title='bbox 786 897 948 966; x_wconf 84' lang='lat' dir='ltr'><strong>porta</strong></span> <span class='ocrx_word' id='word_1_24' title='bbox 982 893 1321 947; x_wconf 88' lang='lat' dir='ltr'><strong>sanctorum</strong></span> <span class='ocrx_word' id='word_1_25' title='bbox 1351 880 1766 955; x_wconf 79' lang='lat' dir='ltr'><strong>Apostolorum</strong></span> <span class='ocrx_word' id='word_1_26' title='bbox 1805 877 1874 932; x_wconf 89' lang='lat' dir='ltr'><strong>ad</strong></span> <span class='ocrx_word' id='word_1_27' title='bbox 1914 871 2151 931; x_wconf 88' lang='lat' dir='ltr'><strong>horolo-</strong></span> 
     </span>
    </p>
   </div>
   <div class='ocr_carea' id='block_1_6' title="bbox 501 961 2153 1062">
    <p class='ocr_par' dir='ltr' id='par_1_6' title="bbox 501 961 2153 1062">
     <span class='ocr_line' id='line_1_6' title="bbox 501 961 2153 1062; baseline -0.018 -17"><span class='ocrx_word' id='word_1_28' title='bbox 501 961 665 1062; x_wconf 75' lang='lat' dir='ltr'><strong>gium</strong></span> <span class='ocrx_word' id='word_1_29' title='bbox 697 961 959 1056; x_wconf 66' lang='lat' dir='ltr'><strong>ejusdem</strong></span> <span class='ocrx_word' id='word_1_30' title='bbox 1000 975 1258 1036; x_wconf 64' lang='lat' dir='ltr'><strong>ecclesiae</strong></span> <span class='ocrx_word' id='word_1_31' title='bbox 1291 975 1562 1040; x_wconf 82' lang='lat' dir='ltr'><strong>ducente,</strong></span> <span class='ocrx_word' id='word_1_32' title='bbox 1603 974 1661 1026; x_wconf 92' lang='lat' dir='ltr'><strong>et</strong></span> <span class='ocrx_word' id='word_1_33' title='bbox 1699 967 1854 1036; x_wconf 90' lang='lat' dir='ltr'><strong>inde,</strong></span> <span class='ocrx_word' id='word_1_34' title='bbox 1885 961 2084 1036; x_wconf 76' lang='lat' dir='ltr'><strong>stipati</strong></span> <span class='ocrx_word' id='word_1_35' title='bbox 2117 976 2153 1016; x_wconf 93' lang='lat' dir='ltr'><strong>a</strong></span> 
     </span>
    </p>
   </div>
   <div class='ocr_carea' id='block_1_7' title="bbox 500 1057 2152 1137">
    <p class='ocr_par' dir='ltr' id='par_1_7' title="bbox 500 1057 2152 1137">
     <span class='ocr_line' id='line_1_7' title="bbox 500 1057 2152 1137; baseline -0.018 -2"><span class='ocrx_word' id='word_1_36' title='bbox 500 1057 769 1135; x_wconf 72' lang='lat' dir='ltr'><strong>cubiculo</strong></span> <span class='ocrx_word' id='word_1_37' title='bbox 797 1076 856 1130; x_wconf 92' lang='lat' dir='ltr'><strong>et</strong></span> <span class='ocrx_word' id='word_1_38' title='bbox 885 1067 1184 1128; x_wconf 86' lang='lat' dir='ltr'><strong>consuetis</strong></span> <span class='ocrx_word' id='word_1_39' title='bbox 1213 1061 1570 1137; x_wconf 85' lang='lat' dir='ltr'><strong>proceribus,</strong></span> <span class='ocrx_word' id='word_1_40' title='bbox 1603 1057 1898 1115; x_wconf 80' lang='lat' dir='ltr'><strong>declinant</strong></span> <span class='ocrx_word' id='word_1_41' title='bbox 1947 1067 2152 1109; x_wconf 90' lang='lat' dir='ltr'><strong>versus</strong></span> 
     </span>
    </p>
   </div>
   <div class='ocr_carea' id='block_1_8' title="bbox 500 1147 2147 1233">
    <p class='ocr_par' dir='ltr' id='par_1_8' title="bbox 500 1147 2147 1233">
     <span class='ocr_line' id='line_1_8' title="bbox 500 1147 2147 1233; baseline -0.018 -7"><span class='ocrx_word' id='word_1_42' title='bbox 500 1170 790 1232; x_wconf 86' lang='lat' dir='ltr'><strong>dextram,</strong></span> <span class='ocrx_word' id='word_1_43' title='bbox 818 1162 1176 1233; x_wconf 86' lang='lat' dir='ltr'><strong>trajectoque</strong></span> <span class='ocrx_word' id='word_1_44' title='bbox 1225 1155 1501 1212; x_wconf 88' lang='lat' dir='ltr'><strong>narthece</strong></span> <span class='ocrx_word' id='word_1_45' title='bbox 1553 1147 1756 1221; x_wconf 87' lang='lat' dir='ltr'><strong>templi</strong></span> <span class='ocrx_word' id='word_1_46' title='bbox 1809 1149 2147 1203; x_wconf 89' lang='lat' dir='ltr'><strong>sanctorum</strong></span> 
     </span>
    </p>
   </div>
   <div class='ocr_carea' id='block_1_9' title="bbox 501 1235 2155 1325">
    <p class='ocr_par' dir='ltr' id='par_1_9' title="bbox 501 1235 2155 1325">
     <span class='ocr_line' id='line_1_9' title="bbox 501 1235 2155 1325; baseline -0.018 -9"><span class='ocrx_word' id='word_1_47' title='bbox 501 1257 790 1325; x_wconf 88' lang='lat' dir='ltr'><strong>omnium,</strong></span> <span class='ocrx_word' id='word_1_48' title='bbox 818 1247 1221 1310; x_wconf 88' lang='lat' dir='ltr'><strong>ascenduntin</strong></span> <span class='ocrx_word' id='word_1_49' title='bbox 1251 1238 1693 1301; x_wconf 90' lang='lat' dir='ltr'><strong>catechumenia</strong></span> <span class='ocrx_word' id='word_1_50' title='bbox 1722 1235 1986 1309; x_wconf 87' lang='lat' dir='ltr'><strong>ejusdem</strong></span> <span class='ocrx_word' id='word_1_51' title='bbox 2017 1237 2155 1288; x_wconf 86' lang='lat' dir='ltr'><strong>tem-</strong></span> 
     </span>
    </p>
   </div>
   <div class='ocr_carea' id='block_1_10' title="bbox 502 1323 2155 1421">
    <p class='ocr_par' dir='ltr' id='par_1_10' title="bbox 502 1323 2155 1421">
     <span class='ocr_line' id='line_1_10' title="bbox 502 1323 2155 1421; baseline -0.018 -17"><span class='ocrx_word' id='word_1_52' title='bbox 502 1348 607 1421; x_wconf 88' lang='lat' dir='ltr'><strong>pli,</strong></span> <span class='ocrx_word' id='word_1_53' title='bbox 638 1350 696 1404; x_wconf 91' lang='lat' dir='ltr'><strong>et</strong></span> <span class='ocrx_word' id='word_1_54' title='bbox 721 1323 944 1400; x_wconf 84' lang='lat' dir='ltr'><strong>intrant</strong></span> <span class='ocrx_word' id='word_1_55' title='bbox 971 1340 1128 1396; x_wconf 89' lang='lat' dir='ltr'><strong>intra</strong></span> <span class='ocrx_word' id='word_1_56' title='bbox 1155 1335 1348 1393; x_wconf 90' lang='lat' dir='ltr'><strong>velum</strong></span> <span class='ocrx_word' id='word_1_57' title='bbox 1380 1331 1460 1388; x_wconf 91' lang='lat' dir='ltr'><strong>ibi</strong></span> <span class='ocrx_word' id='word_1_58' title='bbox 1492 1341 1868 1401; x_wconf 89' lang='lat' dir='ltr'><strong>suspensum,</strong></span> <span class='ocrx_word' id='word_1_59' title='bbox 1895 1323 2155 1393; x_wconf 87' lang='lat' dir='ltr'><strong>ﬁuntque</strong></span> 
     </span>
    </p>
   </div>
   <div class='ocr_carea' id='block_1_11' title="bbox 502 1409 2154 1504">
    <p class='ocr_par' dir='ltr' id='par_1_11' title="bbox 502 1409 2154 1504">
     <span class='ocr_line' id='line_1_11' title="bbox 502 1409 2154 1504; baseline -0.019 -9"><span class='ocrx_word' id='word_1_60' title='bbox 502 1409 730 1502; x_wconf 50' lang='lat' dir='ltr'><strong>cetera,</strong></span> <span class='ocrx_word' id='word_1_61' title='bbox 790 1426 1278 1504; x_wconf 86' lang='lat' dir='ltr'><strong>quemadmodum</strong></span> <span class='ocrx_word' id='word_1_62' title='bbox 1334 1437 1461 1477; x_wconf 89' lang='lat' dir='ltr'><strong>mos</strong></span> <span class='ocrx_word' id='word_1_63' title='bbox 1513 1421 1604 1475; x_wconf 88' lang='lat' dir='ltr'><strong>est</strong></span> <span class='ocrx_word' id='word_1_64' title='bbox 1661 1415 1783 1472; x_wconf 82' lang='lat' dir='ltr'><strong>fieri</strong></span> <span class='ocrx_word' id='word_1_65' title='bbox 1823 1414 1883 1469; x_wconf 92' lang='lat' dir='ltr'><strong>in</strong></span> <span class='ocrx_word' id='word_1_66' title='bbox 1915 1409 2154 1482; x_wconf 88' lang='lat' dir='ltr'><strong>reliquis</strong></span> 
     </span>
    </p>
   </div>
   <div class='ocr_carea' id='block_1_12' title="bbox 503 1504 2153 1600">
    <p class='ocr_par' dir='ltr' id='par_1_12' title="bbox 503 1504 2153 1600">
     <span class='ocr_line' id='line_1_12' title="bbox 503 1504 2153 1600; baseline -0.018 -16"><span class='ocrx_word' id='word_1_67' title='bbox 503 1521 1001 1600; x_wconf 85' lang='lat' dir='ltr'><strong>processionibus,</strong></span> <span class='ocrx_word' id='word_1_68' title='bbox 1034 1532 1135 1590; x_wconf 92' lang='lat' dir='ltr'><strong>per</strong></span> <span class='ocrx_word' id='word_1_69' title='bbox 1165 1529 1311 1587; x_wconf 87' lang='lat' dir='ltr'><strong>quas</strong></span> <span class='ocrx_word' id='word_1_70' title='bbox 1340 1506 1667 1600; x_wconf 68' lang='lat' dir='ltr'><strong>dominiad</strong></span> <span class='ocrx_word' id='word_1_71' title='bbox 1716 1506 1952 1600; x_wconf 79' lang='lat' dir='ltr'><strong>sanctos</strong></span> <span class='ocrx_word' id='word_1_72' title='bbox 2001 1504 2153 1570; x_wconf 86' lang='lat' dir='ltr'><strong>Apo-</strong></span> 
     </span>
    </p>
   </div>
   <div class='ocr_carea' id='block_1_13' title="bbox 509 1589 2154 1680">
    <p class='ocr_par' dir='ltr' id='par_1_13' title="bbox 509 1589 2154 1680">
     <span class='ocr_line' id='line_1_13' title="bbox 509 1589 2154 1680; baseline -0.018 -9"><span class='ocrx_word' id='word_1_73' title='bbox 509 1589 693 1671; x_wconf 68' lang='lat' dir='ltr'><strong>stolos</strong></span> <span class='ocrx_word' id='word_1_74' title='bbox 722 1611 781 1666; x_wconf 90' lang='lat' dir='ltr'><strong>in</strong></span> <span class='ocrx_word' id='word_1_75' title='bbox 823 1607 990 1680; x_wconf 86' lang='lat' dir='ltr'><strong>equis</strong></span> <span class='ocrx_word' id='word_1_76' title='bbox 1021 1589 1330 1661; x_wconf 73' lang='lat' dir='ltr'><strong>vehuntur.</strong></span> <span class='ocrx_word' id='word_1_77' title='bbox 1372 1595 1699 1654; x_wconf 79' lang='lat' dir='ltr'><strong>Adveniens</strong></span> <span class='ocrx_word' id='word_1_78' title='bbox 1747 1589 1980 1648; x_wconf 86' lang='lat' dir='ltr'><strong>interim</strong></span> <span class='ocrx_word' id='word_1_79' title='bbox 2022 1602 2154 1644; x_wconf 91' lang='lat' dir='ltr'><strong>cum</strong></span> 
     </span>
    </p>
   </div>
   <div class='ocr_carea' id='block_1_14' title="bbox 503 1677 2155 1772">
    <p class='ocr_par' dir='ltr' id='par_1_14' title="bbox 503 1677 2155 1772">
     <span class='ocr_line' id='line_1_14' title="bbox 503 1677 2155 1772; baseline -0.018 -12"><span class='ocrx_word' id='word_1_80' title='bbox 503 1703 671 1760; x_wconf 89' lang='lat' dir='ltr'><strong>turba</strong></span> <span class='ocrx_word' id='word_1_81' title='bbox 696 1677 1121 1772; x_wconf 70' lang='lat' dir='ltr'><strong>processionale</strong></span> <span class='ocrx_word' id='word_1_82' title='bbox 1144 1687 1472 1764; x_wconf 75' lang='lat' dir='ltr'><strong>patriarcha</strong></span> <span class='ocrx_word' id='word_1_83' title='bbox 1497 1680 1765 1741; x_wconf 75' lang='lat' dir='ltr'><strong>consistit</strong></span> <span class='ocrx_word' id='word_1_84' title='bbox 1793 1680 1946 1734; x_wconf 89' lang='lat' dir='ltr'><strong>intra</strong></span> <span class='ocrx_word' id='word_1_85' title='bbox 1973 1677 2155 1733; x_wconf 67' lang='lat' dir='ltr'><strong>aedem</strong></span> 
     </span>
    </p>
   </div>
   <div class='ocr_carea' id='block_1_15' title="bbox 506 1766 2159 1861">
    <p class='ocr_par' dir='ltr' id='par_1_15' title="bbox 506 1766 2159 1861">
     <span class='ocr_line' id='line_1_15' title="bbox 506 1766 2159 1861; baseline -0.019 -13"><span class='ocrx_word' id='word_1_86' title='bbox 506 1791 604 1848; x_wconf 89' lang='lat' dir='ltr'><strong>SS.</strong></span> <span class='ocrx_word' id='word_1_87' title='bbox 637 1766 1038 1861; x_wconf 78' lang='lat' dir='ltr'><strong>Apostolorum</strong></span> <span class='ocrx_word' id='word_1_88' title='bbox 1070 1783 1233 1836; x_wconf 83' lang='lat' dir='ltr'><strong>extra</strong></span> <span class='ocrx_word' id='word_1_89' title='bbox 1252 1773 1546 1834; x_wconf 77' lang='lat' dir='ltr'><strong>cancellos</strong></span> <span class='ocrx_word' id='word_1_90' title='bbox 1568 1766 1992 1831; x_wconf 82' lang='lat' dir='ltr'><strong>sacriﬁcatorii,</strong></span> <span class='ocrx_word' id='word_1_91' title='bbox 2015 1767 2159 1819; x_wconf 90' lang='lat' dir='ltr'><strong>tem-</strong></span> 
     </span>
    </p>
   </div>
   <div class='ocr_carea' id='block_1_16' title="bbox 503 1853 2154 1952">
    <p class='ocr_par' dir='ltr' id='par_1_16' title="bbox 503 1853 2154 1952">
     <span class='ocr_line' id='line_1_16' title="bbox 503 1853 2154 1952; baseline -0.018 -14"><span class='ocrx_word' id='word_1_92' title='bbox 503 1853 760 1952; x_wconf 70' lang='lat' dir='ltr'><strong>poreque</strong></span> <span class='ocrx_word' id='word_1_93' title='bbox 789 1876 1114 1946; x_wconf 87' lang='lat' dir='ltr'><strong>opportuno</strong></span> <span class='ocrx_word' id='word_1_94' title='bbox 1145 1867 1471 1940; x_wconf 87' lang='lat' dir='ltr'><strong>ingruente,</strong></span> <span class='ocrx_word' id='word_1_95' title='bbox 1505 1863 1726 1918; x_wconf 88' lang='lat' dir='ltr'><strong>intrant</strong></span> <span class='ocrx_word' id='word_1_96' title='bbox 1755 1853 2051 1931; x_wconf 74' lang='lat' dir='ltr'><strong>praepositi</strong></span> <span class='ocrx_word' id='word_1_97' title='bbox 2083 1853 2154 1909; x_wconf 92' lang='lat' dir='ltr'><strong>ad</strong></span> 
     </span>
    </p>
   </div>
   <div class='ocr_carea' id='block_1_17' title="bbox 499 1946 2154 2042">
    <p class='ocr_par' dir='ltr' id='par_1_17' title="bbox 499 1946 2154 2042">
     <span class='ocr_line' id='line_1_17' title="bbox 499 1946 2154 2042; baseline -0.018 -15"><span class='ocrx_word' id='word_1_98' title='bbox 499 1946 822 2042; x_wconf 52' lang='lat' dir='ltr'><strong>Augustos,</strong></span> <span class='ocrx_word' id='word_1_99' title='bbox 836 1969 894 2021; x_wconf 90' lang='lat' dir='ltr'><strong>et</strong></span> <span class='ocrx_word' id='word_1_100' title='bbox 912 1961 1197 2019; x_wconf 88' lang='lat' dir='ltr'><strong>amiciunt</strong></span> <span class='ocrx_word' id='word_1_101' title='bbox 1217 1973 1314 2014; x_wconf 88' lang='lat' dir='ltr'><strong>eos</strong></span> <span class='ocrx_word' id='word_1_102' title='bbox 1331 1955 1592 2025; x_wconf 90' lang='lat' dir='ltr'><strong>ipsorum</strong></span> <span class='ocrx_word' id='word_1_103' title='bbox 1616 1949 1846 2006; x_wconf 84' lang='lat' dir='ltr'><strong>tunicis.</strong></span> <span class='ocrx_word' id='word_1_104' title='bbox 1868 1946 2154 2002; x_wconf 82' lang='lat' dir='ltr'><strong>Exeuntes</strong></span> 
     </span>
    </p>
   </div>
   <div class='ocr_carea' id='block_1_18' title="bbox 507 2037 2152 2118">
    <p class='ocr_par' dir='ltr' id='par_1_18' title="bbox 507 2037 2152 2118">
     <span class='ocr_line' id='line_1_18' title="bbox 507 2037 2152 2118; baseline -0.02 -1"><span class='ocrx_word' id='word_1_105' title='bbox 507 2037 670 2118; x_wconf 63' lang='lat' dir='ltr'><strong>extra</strong></span> <span class='ocrx_word' id='word_1_106' title='bbox 715 2053 908 2112; x_wconf 89' lang='lat' dir='ltr'><strong>velum</strong></span> <span class='ocrx_word' id='word_1_107' title='bbox 939 2048 1208 2107; x_wconf 88' lang='lat' dir='ltr'><strong>dominos</strong></span> <span class='ocrx_word' id='word_1_108' title='bbox 1235 2042 1534 2116; x_wconf 82' lang='lat' dir='ltr'><strong>excipiunt</strong></span> <span class='ocrx_word' id='word_1_109' title='bbox 1562 2042 1619 2096; x_wconf 91' lang='lat' dir='ltr'><strong>et</strong></span> <span class='ocrx_word' id='word_1_110' title='bbox 1650 2037 1996 2094; x_wconf 84' lang='lat' dir='ltr'><strong>venerantur</strong></span> <span class='ocrx_word' id='word_1_111' title='bbox 2027 2046 2152 2086; x_wconf 85' lang='lat' dir='ltr'><strong>ma-</strong></span> 
     </span>
    </p>
   </div>
   <div class='ocr_carea' id='block_1_19' title="bbox 502 2120 2156 2222">
    <p class='ocr_par' dir='ltr' id='par_1_19' title="bbox 502 2120 2156 2222">
     <span class='ocr_line' id='line_1_19' title="bbox 502 2120 2156 2222; baseline -0.018 -18"><span class='ocrx_word' id='word_1_112' title='bbox 502 2146 671 2222; x_wconf 87' lang='lat' dir='ltr'><strong>gistri</strong></span> <span class='ocrx_word' id='word_1_113' title='bbox 719 2149 778 2200; x_wconf 91' lang='lat' dir='ltr'><strong>et</strong></span> <span class='ocrx_word' id='word_1_114' title='bbox 825 2139 1078 2215; x_wconf 80' lang='lat' dir='ltr'><strong>patricii,</strong></span> <span class='ocrx_word' id='word_1_115' title='bbox 1113 2136 1291 2206; x_wconf 85' lang='lat' dir='ltr'><strong>ﬁtque</strong></span> <span class='ocrx_word' id='word_1_116' title='bbox 1319 2132 1399 2190; x_wconf 92' lang='lat' dir='ltr'><strong>ibi</strong></span> <span class='ocrx_word' id='word_1_117' title='bbox 1431 2128 1616 2187; x_wconf 89' lang='lat' dir='ltr'><strong>doche</strong></span> <span class='ocrx_word' id='word_1_118' title='bbox 1656 2142 1759 2184; x_wconf 87' lang='lat' dir='ltr'><strong>seu</strong></span> <span class='ocrx_word' id='word_1_119' title='bbox 1808 2120 2070 2194; x_wconf 84' lang='lat' dir='ltr'><strong>exceptio</strong></span> <span class='ocrx_word' id='word_1_120' title='bbox 2099 2122 2156 2176; x_wconf 88' lang='lat' dir='ltr'><strong>et</strong></span> 
     </span>
    </p>
   </div>
   <div class='ocr_carea' id='block_1_20' title="bbox 501 2217 2154 2295">
    <p class='ocr_par' dir='ltr' id='par_1_20' title="bbox 501 2217 2154 2295">
     <span class='ocr_line' id='line_1_20' title="bbox 501 2217 2154 2295; baseline -0.019 0"><span class='ocrx_word' id='word_1_121' title='bbox 501 2217 898 2295; x_wconf 65' lang='lat' dir='ltr'><strong>consalutatio</strong></span> <span class='ocrx_word' id='word_1_122' title='bbox 920 2229 1290 2285; x_wconf 89' lang='lat' dir='ltr'><strong>dominorum</strong></span> <span class='ocrx_word' id='word_1_123' title='bbox 1321 2227 1378 2280; x_wconf 91' lang='lat' dir='ltr'><strong>et</strong></span> <span class='ocrx_word' id='word_1_124' title='bbox 1407 2232 1738 2292; x_wconf 88' lang='lat' dir='ltr'><strong>procerum,</strong></span> <span class='ocrx_word' id='word_1_125' title='bbox 1761 2231 1877 2285; x_wconf 90' lang='lat' dir='ltr'><strong>qua</strong></span> <span class='ocrx_word' id='word_1_126' title='bbox 1907 2217 2154 2285; x_wconf 90' lang='lat' dir='ltr'><strong>peracta,</strong></span> 
     </span>
    </p>
   </div>
   <div class='ocr_carea' id='block_1_21' title="bbox 504 2299 2153 2384">
    <p class='ocr_par' dir='ltr' id='par_1_21' title="bbox 504 2299 2153 2384">
     <span class='ocr_line' id='line_1_21' title="bbox 504 2299 2153 2384; baseline -0.019 0"><span class='ocrx_word' id='word_1_127' title='bbox 504 2327 716 2384; x_wconf 86' lang='lat' dir='ltr'><strong>clamat</strong></span> <span class='ocrx_word' id='word_1_128' title='bbox 754 2315 1224 2384; x_wconf 88' lang='lat' dir='ltr'><strong>cerimoniarius,</strong></span> <span class='ocrx_word' id='word_1_129' title='bbox 1266 2319 1408 2369; x_wconf 88' lang='lat' dir='ltr'><strong>nutu</strong></span> <span class='ocrx_word' id='word_1_130' title='bbox 1443 2305 1738 2382; x_wconf 73' lang='lat' dir='ltr'><strong>praepositi</strong></span> <span class='ocrx_word' id='word_1_131' title='bbox 1772 2299 2104 2359; x_wconf 83' lang='lat' dir='ltr'><strong>admonitus</strong></span> <span class='ocrx_word' id='word_1_132' title='bbox 2138 2313 2153 2353; x_wconf 86' lang='lat'><strong>:</strong></span> 
     </span>
    </p>
   </div>
   <div class='ocr_carea' id='block_1_22' title="bbox 510 2389 2155 2480">
    <p class='ocr_par' dir='ltr' id='par_1_22' title="bbox 510 2389 2155 2480">
     <span class='ocr_line' id='line_1_22' title="bbox 510 2389 2155 2480; baseline -0.015 -12"><span class='ocrx_word' id='word_1_133' title='bbox 510 2439 540 2468; x_wconf 75' lang='grc' dir='ltr'>ι(</span> <span class='ocrx_word' id='word_1_134' title='bbox 572 2415 868 2472; x_wconf 88' lang='lat' dir='ltr'><strong>Celeusate</strong></span> <span class='ocrx_word' id='word_1_135' title='bbox 893 2431 922 2460; x_wconf 89' lang='lat'>»</span> <span class='ocrx_word' id='word_1_136' title='bbox 950 2407 1069 2480; x_wconf 88' lang='lat' dir='ltr'><strong>[seu</strong></span> <span class='ocrx_word' id='word_1_137' title='bbox 1104 2421 1118 2460; x_wconf 88' lang='lat'><strong>:</strong></span> <span class='ocrx_word' id='word_1_138' title='bbox 1146 2426 1174 2455; x_wconf 87' lang='grc'><strong>‹‹</strong></span> <span class='ocrx_word' id='word_1_139' title='bbox 1208 2399 1395 2458; x_wconf 83' lang='lat' dir='ltr'><strong>velitis</strong></span> <span class='ocrx_word' id='word_1_140' title='bbox 1427 2411 1654 2453; x_wconf 89' lang='lat' dir='ltr'><strong>movere</strong></span> <span class='ocrx_word' id='word_1_141' title='bbox 1686 2392 1761 2464; x_wconf 73' lang='lat' dir='ltr'><strong>n].</strong></span> <span class='ocrx_word' id='word_1_142' title='bbox 1791 2391 1882 2446; x_wconf 90' lang='lat' dir='ltr'><strong>Sic</strong></span> <span class='ocrx_word' id='word_1_143' title='bbox 1913 2389 2155 2445; x_wconf 89' lang='lat' dir='ltr'><strong>descen-</strong></span> 
     </span>
    </p>
   </div>
   <div class='ocr_carea' id='block_1_23' title="bbox 505 2479 2158 2573">
    <p class='ocr_par' dir='ltr' id='par_1_23' title="bbox 505 2479 2158 2573">
     <span class='ocr_line' id='line_1_23' title="bbox 505 2479 2158 2573; baseline -0.018 -12"><span class='ocrx_word' id='word_1_144' title='bbox 505 2507 654 2561; x_wconf 86' lang='lat' dir='ltr'><strong>dunt</strong></span> <span class='ocrx_word' id='word_1_145' title='bbox 684 2518 787 2573; x_wconf 88' lang='lat' dir='ltr'><strong>per</strong></span> <span class='ocrx_word' id='word_1_146' title='bbox 815 2479 1112 2554; x_wconf 80' lang='lat' dir='ltr'><strong>cochleam</strong></span> <span class='ocrx_word' id='word_1_147' title='bbox 1145 2497 1202 2548; x_wconf 90' lang='lat' dir='ltr'><strong>et</strong></span> <span class='ocrx_word' id='word_1_148' title='bbox 1233 2488 1564 2545; x_wconf 88' lang='lat' dir='ltr'><strong>narthecem</strong></span> <span class='ocrx_word' id='word_1_149' title='bbox 1599 2501 1614 2551; x_wconf 89' lang='lat'><strong>;</strong></span> <span class='ocrx_word' id='word_1_150' title='bbox 1647 2487 1703 2538; x_wconf 92' lang='lat' dir='ltr'><strong>et</strong></span> <span class='ocrx_word' id='word_1_151' title='bbox 1732 2479 2096 2552; x_wconf 80' lang='lat' dir='ltr'><strong>egredientes</strong></span> <span class='ocrx_word' id='word_1_152' title='bbox 2127 2492 2158 2532; x_wconf 91' lang='lat' dir='ltr'><strong>e</strong></span> 
     </span>
    </p>
   </div>
   <div class='ocr_carea' id='block_1_24' title="bbox 505 2570 2159 2650">
    <p class='ocr_par' dir='ltr' id='par_1_24' title="bbox 505 2570 2159 2650">
     <span class='ocr_line' id='line_1_24' title="bbox 505 2570 2159 2650; baseline -0.019 -1"><span class='ocrx_word' id='word_1_153' title='bbox 505 2570 780 2650; x_wconf 80' lang='lat' dir='ltr'><strong>narthece</strong></span> <span class='ocrx_word' id='word_1_154' title='bbox 809 2588 1151 2641; x_wconf 86' lang='lat' dir='ltr'><strong>Sanctorum</strong></span> <span class='ocrx_word' id='word_1_155' title='bbox 1184 2576 1448 2634; x_wconf 90' lang='lat' dir='ltr'><strong>omnium</strong></span> <span class='ocrx_word' id='word_1_156' title='bbox 1480 2570 1695 2642; x_wconf 84' lang='lat' dir='ltr'><strong>excipit</strong></span> <span class='ocrx_word' id='word_1_157' title='bbox 1724 2573 1893 2638; x_wconf 87' lang='lat' dir='ltr'><strong>atque</strong></span> <span class='ocrx_word' id='word_1_158' title='bbox 1917 2581 2159 2622; x_wconf 87' lang='lat' dir='ltr'><strong>venera-</strong></span> 
     </span>
    </p>
   </div>
   <div class='ocr_carea' id='block_1_25' title="bbox 505 2651 2158 2751">
    <p class='ocr_par' dir='ltr' id='par_1_25' title="bbox 505 2651 2158 2751">
     <span class='ocr_line' id='line_1_25' title="bbox 505 2651 2158 2751; baseline -0.017 -15"><span class='ocrx_word' id='word_1_159' title='bbox 505 2686 604 2736; x_wconf 88' lang='lat' dir='ltr'><strong>tur</strong></span> <span class='ocrx_word' id='word_1_160' title='bbox 634 2675 927 2751; x_wconf 87' lang='lat' dir='ltr'><strong>peraticus</strong></span> <span class='ocrx_word' id='word_1_161' title='bbox 959 2672 1168 2727; x_wconf 91' lang='lat' dir='ltr'><strong>demus</strong></span> <span class='ocrx_word' id='word_1_162' title='bbox 1199 2667 1326 2738; x_wconf 91' lang='lat' dir='ltr'><strong>[seu</strong></span> <span class='ocrx_word' id='word_1_163' title='bbox 1357 2663 1695 2719; x_wconf 86' lang='lat' dir='ltr'><strong>suburbana</strong></span> <span class='ocrx_word' id='word_1_164' title='bbox 1723 2674 1754 2713; x_wconf 96' lang='lat' dir='ltr'><strong>e</strong></span> <span class='ocrx_word' id='word_1_165' title='bbox 1784 2655 1926 2712; x_wconf 90' lang='lat' dir='ltr'><strong>Pera</strong></span> <span class='ocrx_word' id='word_1_166' title='bbox 1962 2651 2158 2723; x_wconf 81' lang='lat' dir='ltr'><strong>factio]</strong></span> 
     </span>
    </p>
   </div>
   <div class='ocr_carea' id='block_1_26' title="bbox 505 2742 2158 2826">
    <p class='ocr_par' dir='ltr' id='par_1_26' title="bbox 505 2742 2158 2826">
     <span class='ocr_line' id='line_1_26' title="bbox 505 2742 2158 2826; baseline -0.018 -2"><span class='ocrx_word' id='word_1_167' title='bbox 505 2742 864 2826; x_wconf 68' lang='lat' dir='ltr'><strong>Venetorum</strong></span> <span class='ocrx_word' id='word_1_168' title='bbox 897 2776 1026 2817; x_wconf 91' lang='lat' dir='ltr'><strong>cum</strong></span> <span class='ocrx_word' id='word_1_169' title='bbox 1055 2755 1378 2814; x_wconf 89' lang='lat' dir='ltr'><strong>domestico</strong></span> <span class='ocrx_word' id='word_1_170' title='bbox 1400 2750 1731 2808; x_wconf 83' lang='lat' dir='ltr'><strong>scholarum</strong></span> <span class='ocrx_word' id='word_1_171' title='bbox 1755 2742 2008 2801; x_wconf 89' lang='lat' dir='ltr'><strong>dominis</strong></span> <span class='ocrx_word' id='word_1_172' title='bbox 2027 2743 2158 2798; x_wconf 87' lang='lat' dir='ltr'><strong>udo-</strong></span> 
     </span>
    </p>
   </div>
   <div class='ocr_carea' id='block_1_27' title="bbox 508 2832 2160 2919">
    <p class='ocr_par' dir='ltr' id='par_1_27' title="bbox 508 2832 2160 2919">
     <span class='ocr_line' id='line_1_27' title="bbox 508 2832 2160 2919; baseline -0.017 -5"><span class='ocrx_word' id='word_1_173' title='bbox 508 2861 636 2915; x_wconf 89' lang='lat' dir='ltr'><strong>rata</strong></span> <span class='ocrx_word' id='word_1_174' title='bbox 657 2861 814 2912; x_wconf 86' lang='lat' dir='ltr'><strong>serta</strong></span> <span class='ocrx_word' id='word_1_175' title='bbox 842 2851 992 2907; x_wconf 88' lang='lat' dir='ltr'><strong>rosis</strong></span> <span class='ocrx_word' id='word_1_176' title='bbox 1022 2846 1272 2919; x_wconf 83' lang='lat' dir='ltr'><strong>implexa</strong></span> <span class='ocrx_word' id='word_1_177' title='bbox 1293 2841 1575 2899; x_wconf 84' lang='lat' dir='ltr'><strong>tradente.</strong></span> <span class='ocrx_word' id='word_1_178' title='bbox 1607 2834 1788 2894; x_wconf 90' lang='lat' dir='ltr'><strong>Paulo</strong></span> <span class='ocrx_word' id='word_1_179' title='bbox 1817 2832 1982 2890; x_wconf 90' lang='lat' dir='ltr'><strong>illinc</strong></span> <span class='ocrx_word' id='word_1_180' title='bbox 2002 2833 2160 2888; x_wconf 87' lang='lat' dir='ltr'><strong>ante-</strong></span> 
     </span>
    </p>
   </div>
   <div class='ocr_carea' id='block_1_28' title="bbox 505 2919 2161 3020">
    <p class='ocr_par' dir='ltr' id='par_1_28' title="bbox 505 2919 2161 3020">
     <span class='ocr_line' id='line_1_28' title="bbox 505 2919 2161 3020; baseline -0.018 -17"><span class='ocrx_word' id='word_1_181' title='bbox 505 2961 682 3020; x_wconf 89' lang='lat' dir='ltr'><strong>quam</strong></span> <span class='ocrx_word' id='word_1_182' title='bbox 709 2939 1110 3015; x_wconf 80' lang='lat' dir='ltr'><strong>ingrediantur</strong></span> <span class='ocrx_word' id='word_1_183' title='bbox 1128 2931 1350 2991; x_wconf 89' lang='lat' dir='ltr'><strong>domini</strong></span> <span class='ocrx_word' id='word_1_184' title='bbox 1374 2932 1433 2987; x_wconf 90' lang='lat' dir='ltr'><strong>in</strong></span> <span class='ocrx_word' id='word_1_185' title='bbox 1455 2925 1844 2998; x_wconf 77' lang='lat' dir='ltr'><strong>horologium,</strong></span> <span class='ocrx_word' id='word_1_186' title='bbox 1863 2919 2161 2992; x_wconf 82' lang='lat' dir='ltr'><strong>excipiunt</strong></span> 
     </span>
    </p>
   </div>
   <div class='ocr_carea' id='block_1_29' title="bbox 506 3009 2159 3091">
    <p class='ocr_par' dir='ltr' id='par_1_29' title="bbox 506 3009 2159 3091">
     <span class='ocr_line' id='line_1_29' title="bbox 506 3009 2159 3091; baseline -0.017 0"><span class='ocrx_word' id='word_1_187' title='bbox 506 3009 606 3091; x_wconf 72' lang='lat' dir='ltr'><strong>eos</strong></span> <span class='ocrx_word' id='word_1_188' title='bbox 653 3032 711 3088; x_wconf 92' lang='lat' dir='ltr'><strong>in</strong></span> <span class='ocrx_word' id='word_1_189' title='bbox 758 3009 904 3087; x_wconf 57' lang='lat' dir='ltr'><strong>atrio</strong></span> <span class='ocrx_word' id='word_1_190' title='bbox 940 3023 1293 3082; x_wconf 86' lang='lat' dir='ltr'><strong>demarchus</strong></span> <span class='ocrx_word' id='word_1_191' title='bbox 1332 3023 1686 3076; x_wconf 87' lang='lat' dir='ltr'><strong>Venetorum</strong></span> <span class='ocrx_word' id='word_1_192' title='bbox 1727 3027 1862 3069; x_wconf 90' lang='lat' dir='ltr'><strong>cum</strong></span> <span class='ocrx_word' id='word_1_193' title='bbox 1912 3009 2159 3066; x_wconf 81' lang='lat' dir='ltr'><strong>factione</strong></span> 
     </span>
    </p>
   </div>
   <div class='ocr_carea' id='block_1_30' title="bbox 509 3099 2157 3192">
    <p class='ocr_par' dir='ltr' id='par_1_30' title="bbox 509 3099 2157 3192">
     <span class='ocr_line' id='line_1_30' title="bbox 509 3099 2157 3192; baseline -0.016 -13"><span class='ocrx_word' id='word_1_194' title='bbox 509 3124 665 3192; x_wconf 90' lang='lat' dir='ltr'><strong>alba,</strong></span> <span class='ocrx_word' id='word_1_195' title='bbox 691 3126 846 3178; x_wconf 87' lang='lat' dir='ltr'><strong>serta</strong></span> <span class='ocrx_word' id='word_1_196' title='bbox 871 3123 927 3174; x_wconf 91' lang='lat' dir='ltr'><strong>et</strong></span> <span class='ocrx_word' id='word_1_197' title='bbox 955 3118 1076 3188; x_wconf 89' lang='lat' dir='ltr'><strong>ipse</strong></span> <span class='ocrx_word' id='word_1_198' title='bbox 1101 3126 1329 3185; x_wconf 92' lang='lat' dir='ltr'><strong>quoque</strong></span> <span class='ocrx_word' id='word_1_199' title='bbox 1368 3106 1691 3178; x_wconf 83' lang='lat' dir='ltr'><strong>porrigens.</strong></span> <span class='ocrx_word' id='word_1_200' title='bbox 1729 3100 1999 3158; x_wconf 88' lang='lat' dir='ltr'><strong>Dominos</strong></span> <span class='ocrx_word' id='word_1_201' title='bbox 2034 3099 2157 3169; x_wconf 87' lang='lat' dir='ltr'><strong>jam</strong></span> 
     </span>
    </p>
   </div>
   <div class='ocr_carea' id='block_1_31' title="bbox 512 3189 2160 3282">
    <p class='ocr_par' dir='ltr' id='par_1_31' title="bbox 512 3189 2160 3282">
     <span class='ocr_line' id='line_1_31' title="bbox 512 3189 2160 3282; baseline -0.016 -15"><span class='ocrx_word' id='word_1_202' title='bbox 512 3189 701 3282; x_wconf 82' lang='lat' dir='ltr'><strong>ipsam</strong></span> <span class='ocrx_word' id='word_1_203' title='bbox 737 3204 1014 3274; x_wconf 81' lang='lat' dir='ltr'><strong>horologii</strong></span> <span class='ocrx_word' id='word_1_204' title='bbox 1046 3202 1143 3258; x_wconf 92' lang='lat' dir='ltr'><strong>SS.</strong></span> <span class='ocrx_word' id='word_1_205' title='bbox 1177 3196 1585 3271; x_wconf 87' lang='lat' dir='ltr'><strong>Apostolorum</strong></span> <span class='ocrx_word' id='word_1_206' title='bbox 1618 3194 1846 3264; x_wconf 86' lang='lat' dir='ltr'><strong>portam</strong></span> <span class='ocrx_word' id='word_1_207' title='bbox 1879 3189 2160 3243; x_wconf 84' lang='lat' dir='ltr'><strong>intrantes</strong></span> 
     </span>
    </p>
   </div>
   <div class='ocr_carea' id='block_1_32' title="bbox 515 3279 2159 3369">
    <p class='ocr_par' dir='ltr' id='par_1_32' title="bbox 515 3279 2159 3369">
     <span class='ocr_line' id='line_1_32' title="bbox 515 3279 2159 3369; baseline -0.015 -15"><span class='ocrx_word' id='word_1_208' title='bbox 515 3279 728 3369; x_wconf 76' lang='lat' dir='ltr'><strong>excipit</strong></span> <span class='ocrx_word' id='word_1_209' title='bbox 757 3293 1066 3351; x_wconf 86' lang='lat' dir='ltr'><strong>excubitus</strong></span> <span class='ocrx_word' id='word_1_210' title='bbox 1096 3292 1215 3361; x_wconf 89' lang='lat' dir='ltr'><strong>(seu</strong></span> <span class='ocrx_word' id='word_1_211' title='bbox 1250 3285 1549 3360; x_wconf 67' lang='lat' dir='ltr'><strong>praefectus</strong></span> <span class='ocrx_word' id='word_1_212' title='bbox 1579 3279 2006 3338; x_wconf 74' lang='lat' dir='ltr'><strong>excubitorum)</strong></span> <span class='ocrx_word' id='word_1_213' title='bbox 2025 3291 2159 3330; x_wconf 91' lang='lat' dir='ltr'><strong>cum</strong></span> 
     </span>
    </p>
   </div>
   <div class='ocr_carea' id='block_1_33' title="bbox 517 3365 2160 3458">
    <p class='ocr_par' dir='ltr' id='par_1_33' title="bbox 517 3365 2160 3458">
     <span class='ocr_line' id='line_1_33' title="bbox 517 3365 2160 3458; baseline -0.016 -12"><span class='ocrx_word' id='word_1_214' title='bbox 517 3365 687 3445; x_wconf 46' lang='lat' dir='ltr'><strong>dem-0</strong></span> <span class='ocrx_word' id='word_1_215' title='bbox 722 3383 972 3458; x_wconf 89' lang='lat' dir='ltr'><strong>peratico</strong></span> <span class='ocrx_word' id='word_1_216' title='bbox 1003 3379 1401 3442; x_wconf 89' lang='lat' dir='ltr'><strong>Prasinorum,</strong></span> <span class='ocrx_word' id='word_1_217' title='bbox 1430 3381 1486 3430; x_wconf 91' lang='lat' dir='ltr'><strong>et</strong></span> <span class='ocrx_word' id='word_1_218' title='bbox 1514 3373 1640 3444; x_wconf 89' lang='lat' dir='ltr'><strong>ipse</strong></span> <span class='ocrx_word' id='word_1_219' title='bbox 1661 3383 1892 3443; x_wconf 88' lang='lat' dir='ltr'><strong>quoque</strong></span> <span class='ocrx_word' id='word_1_220' title='bbox 1912 3365 2160 3423; x_wconf 88' lang='lat' dir='ltr'><strong>corollas</strong></span> 
     </span>
    </p>
   </div>
   <div class='ocr_carea' id='block_1_34' title="bbox 515 3457 2157 3533">
    <p class='ocr_par' dir='ltr' id='par_1_34' title="bbox 515 3457 2157 3533">
     <span class='ocr_line' id='line_1_34' title="bbox 515 3457 2157 3533; baseline -0.015 1"><span class='ocrx_word' id='word_1_221' title='bbox 515 3457 774 3533; x_wconf 81' lang='lat' dir='ltr'><strong>tradens.</strong></span> <span class='ocrx_word' id='word_1_222' title='bbox 809 3478 875 3529; x_wconf 89' lang='lat' dir='ltr'><strong>Et</strong></span> <span class='ocrx_word' id='word_1_223' title='bbox 925 3471 1162 3528; x_wconf 89' lang='lat' dir='ltr'><strong>tandem</strong></span> <span class='ocrx_word' id='word_1_224' title='bbox 1210 3467 1494 3523; x_wconf 89' lang='lat' dir='ltr'><strong>intrantes</strong></span> <span class='ocrx_word' id='word_1_225' title='bbox 1544 3459 1812 3517; x_wconf 87' lang='lat' dir='ltr'><strong>dominos</strong></span> <span class='ocrx_word' id='word_1_226' title='bbox 1845 3457 1902 3511; x_wconf 92' lang='lat' dir='ltr'><strong>in</strong></span> <span class='ocrx_word' id='word_1_227' title='bbox 1936 3457 2157 3528; x_wconf 87' lang='lat' dir='ltr'><strong>portam</strong></span> 
     </span>
    </p>
   </div>
   <div class='ocr_carea' id='block_1_35' title="bbox 511 3545 2162 3638">
    <p class='ocr_par' dir='ltr' id='par_1_35' title="bbox 511 3545 2162 3638">
     <span class='ocr_line' id='line_1_35' title="bbox 511 3545 2162 3638; baseline -0.014 -15"><span class='ocrx_word' id='word_1_228' title='bbox 511 3564 887 3638; x_wconf 63' lang='lat' dir='ltr'><strong>gynaeconitin</strong></span> <span class='ocrx_word' id='word_1_229' title='bbox 906 3577 1009 3618; x_wconf 88' lang='lat' dir='ltr'><strong>seu</strong></span> <span class='ocrx_word' id='word_1_230' title='bbox 1033 3556 1296 3616; x_wconf 85' lang='lat' dir='ltr'><strong>stationis</strong></span> <span class='ocrx_word' id='word_1_231' title='bbox 1323 3551 1632 3610; x_wconf 90' lang='lat' dir='ltr'><strong>mulierum</strong></span> <span class='ocrx_word' id='word_1_232' title='bbox 1664 3549 1724 3604; x_wconf 94' lang='lat' dir='ltr'><strong>in</strong></span> <span class='ocrx_word' id='word_1_233' title='bbox 1755 3547 1874 3603; x_wconf 67' lang='lat' dir='ltr'><strong>ade</strong></span> <span class='ocrx_word' id='word_1_234' title='bbox 1900 3545 1999 3602; x_wconf 92' lang='lat' dir='ltr'><strong>SS.</strong></span> <span class='ocrx_word' id='word_1_235' title='bbox 2020 3546 2162 3616; x_wconf 83' lang='lat' dir='ltr'><strong>Apo-</strong></span> 
     </span>
    </p>
   </div>
   <div class='ocr_carea' id='block_1_36' title="bbox 512 3635 2158 3724">
    <p class='ocr_par' dir='ltr' id='par_1_36' title="bbox 512 3635 2158 3724">
     <span class='ocr_line' id='line_1_36' title="bbox 512 3635 2158 3724; baseline -0.015 -12"><span class='ocrx_word' id='word_1_236' title='bbox 512 3657 818 3724; x_wconf 84' lang='lat' dir='ltr'><strong>stolorum,</strong></span> <span class='ocrx_word' id='word_1_237' title='bbox 848 3650 1060 3722; x_wconf 80' lang='lat' dir='ltr'><strong>excipit</strong></span> <span class='ocrx_word' id='word_1_238' title='bbox 1089 3645 1435 3704; x_wconf 83' lang='lat' dir='ltr'><strong>demarchus</strong></span> <span class='ocrx_word' id='word_1_239' title='bbox 1468 3639 1838 3696; x_wconf 89' lang='lat' dir='ltr'><strong>Prasinorum</strong></span> <span class='ocrx_word' id='word_1_240' title='bbox 1869 3651 2003 3692; x_wconf 93' lang='lat' dir='ltr'><strong>cum</strong></span> <span class='ocrx_word' id='word_1_241' title='bbox 2038 3635 2158 3690; x_wconf 79' lang='lat' dir='ltr'><strong>fac-</strong></span> 
     </span>
    </p>
   </div>
   <div class='ocr_carea' id='block_1_37' title="bbox 511 3725 2158 3809">
    <p class='ocr_par' dir='ltr' id='par_1_37' title="bbox 511 3725 2158 3809">
     <span class='ocr_line' id='line_1_37' title="bbox 511 3725 2158 3809; baseline -0.015 -8"><span class='ocrx_word' id='word_1_242' title='bbox 511 3745 668 3801; x_wconf 87' lang='lat' dir='ltr'><strong>tione</strong></span> <span class='ocrx_word' id='word_1_243' title='bbox 699 3759 883 3809; x_wconf 88' lang='lat' dir='ltr'><strong>russa,</strong></span> <span class='ocrx_word' id='word_1_244' title='bbox 925 3739 1160 3796; x_wconf 89' lang='lat' dir='ltr'><strong>tradens</strong></span> <span class='ocrx_word' id='word_1_245' title='bbox 1190 3741 1247 3793; x_wconf 91' lang='lat' dir='ltr'><strong>et</strong></span> <span class='ocrx_word' id='word_1_246' title='bbox 1287 3735 1433 3807; x_wconf 87' lang='lat' dir='ltr'><strong>ipse,</strong></span> <span class='ocrx_word' id='word_1_247' title='bbox 1458 3747 1586 3803; x_wconf 73' lang='lat' dir='ltr'><strong>quis</strong></span> <span class='ocrx_word' id='word_1_248' title='bbox 1615 3726 1827 3784; x_wconf 64' lang='lat' dir='ltr'><strong>ceteri.</strong></span> <span class='ocrx_word' id='word_1_249' title='bbox 1861 3725 1956 3782; x_wconf 91' lang='lat' dir='ltr'><strong>Sic</strong></span> <span class='ocrx_word' id='word_1_250' title='bbox 1987 3738 2158 3796; x_wconf 89' lang='lat' dir='ltr'><strong>porro</strong></span> 
     </span>
    </p>
   </div>
   <div class='ocr_carea' id='block_1_38' title="bbox 511 3812 2158 3903">
    <p class='ocr_par' dir='ltr' id='par_1_38' title="bbox 511 3812 2158 3903">
     <span class='ocr_line' id='line_1_38' title="bbox 511 3812 2158 3903; baseline -0.015 -12"><span class='ocrx_word' id='word_1_251' title='bbox 511 3834 692 3890; x_wconf 87' lang='lat' dir='ltr'><strong>libere</strong></span> <span class='ocrx_word' id='word_1_252' title='bbox 739 3832 960 3903; x_wconf 88' lang='lat' dir='ltr'><strong>absque</strong></span> <span class='ocrx_word' id='word_1_253' title='bbox 1000 3826 1420 3898; x_wconf 89' lang='lat' dir='ltr'><strong>impedimento</strong></span> <span class='ocrx_word' id='word_1_254' title='bbox 1465 3820 1842 3893; x_wconf 83' lang='lat' dir='ltr'><strong>procedentes</strong></span> <span class='ocrx_word' id='word_1_255' title='bbox 1891 3812 2158 3870; x_wconf 87' lang='lat' dir='ltr'><strong>dominos</strong></span> 
     </span>
    </p>
   </div>
   <div class='ocr_carea' id='block_1_39' title="bbox 511 3901 2158 3994">
    <p class='ocr_par' dir='ltr' id='par_1_39' title="bbox 511 3901 2158 3994">
     <span class='ocr_line' id='line_1_39' title="bbox 511 3901 2158 3994; baseline -0.014 -15"><span class='ocrx_word' id='word_1_256' title='bbox 511 3923 728 3994; x_wconf 86' lang='lat' dir='ltr'><strong>excipit</strong></span> <span class='ocrx_word' id='word_1_257' title='bbox 775 3901 1098 3992; x_wconf 81' lang='lat' dir='ltr'><strong>patriarcha</strong></span> <span class='ocrx_word' id='word_1_258' title='bbox 1141 3921 1305 3972; x_wconf 86' lang='lat' dir='ltr'><strong>extra</strong></span> <span class='ocrx_word' id='word_1_259' title='bbox 1350 3909 1637 3968; x_wconf 87' lang='lat' dir='ltr'><strong>cancellos</strong></span> <span class='ocrx_word' id='word_1_260' title='bbox 1691 3905 1875 3963; x_wconf 88' lang='lat' dir='ltr'><strong>sancti</strong></span> <span class='ocrx_word' id='word_1_261' title='bbox 1916 3901 2158 3959; x_wconf 85' lang='lat' dir='ltr'><strong>bematis</strong></span> 
     </span>
    </p>
   </div>
   <div class='ocr_carea' id='block_1_40' title="bbox 509 3991 2159 4082">
    <p class='ocr_par' dir='ltr' id='par_1_40' title="bbox 509 3991 2159 4082">
     <span class='ocr_line' id='line_1_40' title="bbox 509 3991 2159 4082; baseline -0.013 -15"><span class='ocrx_word' id='word_1_262' title='bbox 509 4010 624 4082; x_wconf 86' lang='lat' dir='ltr'><strong>(vel</strong></span> <span class='ocrx_word' id='word_1_263' title='bbox 644 3991 1012 4080; x_wconf 74' lang='lat' dir='ltr'><strong>tribunalis),</strong></span> <span class='ocrx_word' id='word_1_264' title='bbox 1041 4005 1362 4075; x_wconf 89' lang='lat' dir='ltr'><strong>osculoque</strong></span> <span class='ocrx_word' id='word_1_265' title='bbox 1393 3999 1553 4072; x_wconf 88' lang='lat' dir='ltr'><strong>pacis</strong></span> <span class='ocrx_word' id='word_1_266' title='bbox 1587 3995 1839 4052; x_wconf 89' lang='lat' dir='ltr'><strong>invicem</strong></span> <span class='ocrx_word' id='word_1_267' title='bbox 1873 3994 2028 4057; x_wconf 89' lang='lat' dir='ltr'><strong>dato,</strong></span> <span class='ocrx_word' id='word_1_268' title='bbox 2059 3991 2159 4046; x_wconf 90' lang='lat' dir='ltr'><strong>in-</strong></span> 
     </span>
    </p>
   </div>
   <div class='ocr_carea' id='block_1_41' title="bbox 509 4078 2156 4156">
    <p class='ocr_par' dir='ltr' id='par_1_41' title="bbox 509 4078 2156 4156">
     <span class='ocr_line' id='line_1_41' title="bbox 509 4078 2156 4156; baseline -0.016 1"><span class='ocrx_word' id='word_1_269' title='bbox 509 4078 669 4156; x_wconf 88' lang='lat' dir='ltr'><strong>trant</strong></span> <span class='ocrx_word' id='word_1_270' title='bbox 715 4097 890 4154; x_wconf 86' lang='lat' dir='ltr'><strong>simul</strong></span> <span class='ocrx_word' id='word_1_271' title='bbox 934 4078 995 4151; x_wconf 89' lang='lat' dir='ltr'><strong>in</strong></span> <span class='ocrx_word' id='word_1_272' title='bbox 1027 4090 1531 4152; x_wconf 79' lang='lat' dir='ltr'><strong>sacriﬁcatorium,</strong></span> <span class='ocrx_word' id='word_1_273' title='bbox 1577 4084 1732 4139; x_wconf 75' lang='lat'><strong>810</strong></span> <span class='ocrx_word' id='word_1_274' title='bbox 1785 4080 1884 4136; x_wconf 93' lang='lat' dir='ltr'><strong>ubi</strong></span> <span class='ocrx_word' id='word_1_275' title='bbox 1933 4078 2156 4134; x_wconf 88' lang='lat' dir='ltr'><strong>domini</strong></span> 
     </span>
    </p>
   </div>
   <div class='ocr_carea' id='block_1_42' title="bbox 510 4173 2154 4257">
    <p class='ocr_par' dir='ltr' id='par_1_42' title="bbox 510 4173 2154 4257">
     <span class='ocr_line' id='line_1_42' title="bbox 510 4173 2154 4257; baseline -0.013 -13"><span class='ocrx_word' id='word_1_276' title='bbox 510 4189 784 4257; x_wconf 82' lang='lat' dir='ltr'><strong>endytam</strong></span> <span class='ocrx_word' id='word_1_277' title='bbox 835 4202 937 4242; x_wconf 91' lang='lat' dir='ltr'><strong>seu</strong></span> <span class='ocrx_word' id='word_1_278' title='bbox 986 4185 1238 4253; x_wconf 89' lang='lat' dir='ltr'><strong>tapetem</strong></span> <span class='ocrx_word' id='word_1_279' title='bbox 1283 4175 1446 4232; x_wconf 87' lang='lat' dir='ltr'><strong>altari</strong></span> <span class='ocrx_word' id='word_1_280' title='bbox 1497 4173 1809 4226; x_wconf 89' lang='lat' dir='ltr'><strong>instratum</strong></span> <span class='ocrx_word' id='word_1_281' title='bbox 1842 4175 1894 4224; x_wconf 90' lang='lat' dir='ltr'><strong>et</strong></span> <span class='ocrx_word' id='word_1_282' title='bbox 1926 4183 2154 4223; x_wconf 85' lang='lat' dir='ltr'><strong>sacrum</strong></span> 
     </span>
    </p>
   </div>
   <div class='ocr_carea' id='block_1_43' title="bbox 507 4261 2156 4344">
    <p class='ocr_par' dir='ltr' id='par_1_43' title="bbox 507 4261 2156 4344">
     <span class='ocr_line' id='line_1_43' title="bbox 507 4261 2156 4344; baseline -0.013 -14"><span class='ocrx_word' id='word_1_283' title='bbox 507 4275 886 4344; x_wconf 85' lang='lat' dir='ltr'><strong>Evangelium</strong></span> <span class='ocrx_word' id='word_1_284' title='bbox 916 4269 1276 4333; x_wconf 86' lang='lat' dir='ltr'><strong>osculantur,</strong></span> <span class='ocrx_word' id='word_1_285' title='bbox 1309 4261 1634 4336; x_wconf 86' lang='lat' dir='ltr'><strong>patriarcha</strong></span> <span class='ocrx_word' id='word_1_286' title='bbox 1663 4262 1980 4328; x_wconf 87' lang='lat' dir='ltr'><strong>utrumque</strong></span> <span class='ocrx_word' id='word_1_287' title='bbox 2023 4272 2156 4328; x_wconf 83' lang='lat' dir='ltr'><strong>pro-</strong></span> 
     </span>
    </p>
   </div>
   <div class='ocr_carea' id='block_1_44' title="bbox 507 4345 2155 4415">
    <p class='ocr_par' dir='ltr' id='par_1_44' title="bbox 507 4345 2155 4415">
     <span class='ocr_line' id='line_1_44' title="bbox 507 4345 2155 4415; baseline -0.01 0"><span class='ocrx_word' id='word_1_288' title='bbox 507 4360 784 4415; x_wconf 91' lang='lat' dir='ltr'><strong>tendente</strong></span> <span class='ocrx_word' id='word_1_289' title='bbox 812 4363 870 4415; x_wconf 91' lang='lat' dir='ltr'><strong>et</strong></span> <span class='ocrx_word' id='word_1_290' title='bbox 914 4357 1000 4412; x_wconf 90' lang='lat' dir='ltr'><strong>ori</strong></span> <span class='ocrx_word' id='word_1_291' title='bbox 1033 4356 1391 4412; x_wconf 87' lang='lat' dir='ltr'><strong>admovente.</strong></span> <span class='ocrx_word' id='word_1_292' title='bbox 1425 4349 1644 4405; x_wconf 84' lang='lat' dir='ltr'><strong>Exinde</strong></span> <span class='ocrx_word' id='word_1_293' title='bbox 1673 4345 1982 4403; x_wconf 88' lang='lat' dir='ltr'><strong>ordiuntur</strong></span> <span class='ocrx_word' id='word_1_294' title='bbox 2009 4361 2155 4415; x_wconf 80' lang='lat' dir='ltr'><strong>sup—</strong></span> 
     </span>
    </p>
   </div>
   <div class='ocr_carea' id='block_1_45' title="bbox 509 4432 2149 4520">
    <p class='ocr_par' dir='ltr' id='par_1_45' title="bbox 509 4432 2149 4520">
     <span class='ocr_line' id='line_1_45' title="bbox 509 4432 2149 4520; baseline -0.007 -20"><span class='ocrx_word' id='word_1_295' title='bbox 509 4447 922 4520; x_wconf 87' lang='lat' dir='ltr'><strong>plicabundam</strong></span> <span class='ocrx_word' id='word_1_296' title='bbox 974 4442 1428 4515; x_wconf 89' lang='lat' dir='ltr'><strong>processionem,</strong></span> <span class='ocrx_word' id='word_1_297' title='bbox 1473 4437 1623 4496; x_wconf 89' lang='lat' dir='ltr'><strong>clero</strong></span> <span class='ocrx_word' id='word_1_298' title='bbox 1667 4439 1910 4493; x_wconf 86' lang='lat' dir='ltr'><strong>canente</strong></span> <span class='ocrx_word' id='word_1_299' title='bbox 1957 4432 2149 4490; x_wconf 87' lang='lat' dir='ltr'><strong>illud:</strong></span> 
     </span>
    </p>
   </div>
   <div class='ocr_carea' id='block_1_46' title="bbox 509 4524 2153 4604">
    <p class='ocr_par' dir='ltr' id='par_1_46' title="bbox 509 4524 2153 4604">
     <span class='ocr_line' id='line_1_46' title="bbox 509 4524 2153 4604; baseline -0.005 -16"><span class='ocrx_word' id='word_1_300' title='bbox 509 4557 540 4587; x_wconf 85' lang='lat'><strong>«</strong></span> <span class='ocrx_word' id='word_1_301' title='bbox 571 4535 764 4590; x_wconf 89' lang='lat' dir='ltr'><strong>Gloria</strong></span> <span class='ocrx_word' id='word_1_302' title='bbox 792 4535 921 4604; x_wconf 89' lang='lat' dir='ltr'><strong>tibi,</strong></span> <span class='ocrx_word' id='word_1_303' title='bbox 952 4534 1177 4592; x_wconf 79' lang='lat' dir='ltr'><strong>Christe</strong></span> <span class='ocrx_word' id='word_1_304' title='bbox 1221 4532 1397 4592; x_wconf 87' lang='lat' dir='ltr'><strong>Deus.</strong></span> <span class='ocrx_word' id='word_1_305' title='bbox 1430 4554 1459 4584; x_wconf 85' lang='lat'>»</span> <span class='ocrx_word' id='word_1_306' title='bbox 1511 4528 1743 4585; x_wconf 88' lang='lat' dir='ltr'><strong>Domini</strong></span> <span class='ocrx_word' id='word_1_307' title='bbox 1777 4527 1882 4582; x_wconf 90' lang='lat' dir='ltr'><strong>hac</strong></span> <span class='ocrx_word' id='word_1_308' title='bbox 1921 4524 1981 4579; x_wconf 91' lang='lat' dir='ltr'><strong>in</strong></span> <span class='ocrx_word' id='word_1_309' title='bbox 2022 4539 2153 4596; x_wconf 93' lang='lat' dir='ltr'><strong>pro-</strong></span> 
     </span>
    </p>
   </div>
   <div class='ocr_carea' id='block_1_47' title="bbox 1544 331 2822 454">
    <p class='ocr_par' dir='ltr' id='par_1_47' title="bbox 1544 331 2822 454">
     <span class='ocr_line' id='line_1_47' title="bbox 1544 331 2822 454; baseline -0.013 0"><span class='ocrx_word' id='word_1_310' title='bbox 1544 381 2078 454; x_wconf 82' lang='lat' dir='ltr'><strong>CONSTANTINI</strong></span> <span class='ocrx_word' id='word_1_311' title='bbox 2122 331 2822 442; x_wconf 62' lang='lat' dir='ltr'><strong>PORPHYltOGENITI</strong></span> 
     </span>
    </p>
   </div>
   <div class='ocr_carea' id='block_1_48' title="bbox 503 519 2230 619">
    <p class='ocr_par' dir='ltr' id='par_1_48' title="bbox 503 519 2230 619">
     <span class='ocr_line' id='line_1_48' title="bbox 503 519 2230 619; baseline -0.021 -15"><span class='ocrx_word' id='word_1_312' title='bbox 503 563 620 619; x_wconf 89' lang='lat' dir='ltr'><strong>quo</strong></span> <span class='ocrx_word' id='word_1_313' title='bbox 653 558 805 600; x_wconf 88' lang='lat' dir='ltr'><strong>nunc</strong></span> <span class='ocrx_word' id='word_1_314' title='bbox 848 538 1209 597; x_wconf 86' lang='lat' dir='ltr'><strong>celebrantur</strong></span> <span class='ocrx_word' id='word_1_315' title='bbox 1248 539 1361 587; x_wconf 89' lang='lat' dir='ltr'><strong>tam</strong></span> <span class='ocrx_word' id='word_1_316' title='bbox 1393 526 1650 585; x_wconf 87' lang='lat' dir='ltr'><strong>secunda</strong></span> <span class='ocrx_word' id='word_1_317' title='bbox 1681 521 1825 578; x_wconf 84' lang='lat' dir='ltr'><strong>feria</strong></span> <span class='ocrx_word' id='word_1_318' title='bbox 1863 519 2143 574; x_wconf 79' lang='lat' dir='ltr'><strong>diacaene~</strong></span> <span class='ocrx_word' id='word_1_319' title='bbox 2175 519 2230 583; x_wconf 84' lang='grc' dir='ltr'><strong>Α</strong></span> 
     </span>
    </p>
   </div>
   <div class='ocr_carea' id='block_1_49' title="bbox 3746 370 3924 433">
    <p class='ocr_par' dir='ltr' id='par_1_49' title="bbox 3746 370 3924 433">
     <span class='ocr_line' id='line_1_49' title="bbox 3746 370 3924 433; baseline -0.006 -1"><span class='ocrx_word' id='word_1_320' title='bbox 3746 370 3924 433; x_wconf 73' lang='grc'><strong>1004</strong></span> 
     </span>
    </p>
   </div>
   <div class='ocr_carea' id='block_1_50' title="bbox 2263 499 3929 584">
    <p class='ocr_par' dir='ltr' id='par_1_50' title="bbox 2263 499 3929 584">
     <span class='ocr_line' id='line_1_50' title="bbox 2263 499 3929 584; baseline -0.004 -19"><span class='ocrx_word' id='word_1_321' title='bbox 2263 531 2367 584; x_wconf 87' lang='grc' dir='ltr'><strong>μου</strong></span> <span class='ocrx_word' id='word_1_322' title='bbox 2397 511 2486 565; x_wconf 77' lang='grc' dir='ltr'><strong>καὶ</strong></span> <span class='ocrx_word' id='word_1_323' title='bbox 2522 512 2557 578; x_wconf 74' lang='grc' dir='ltr'>ἡ</span> <span class='ocrx_word' id='word_1_324' title='bbox 2591 508 2834 584; x_wconf 77' lang='grc' dir='ltr'>Κυριακὴ</span> <span class='ocrx_word' id='word_1_325' title='bbox 2865 509 2963 560; x_wconf 72' lang='grc' dir='ltr'><strong>τοῦ</strong></span> <span class='ocrx_word' id='word_1_326' title='bbox 3024 501 3382 578; x_wconf 85' lang='grc' dir='ltr'>Ἀντίπασχα.</span> <span class='ocrx_word' id='word_1_327' title='bbox 3424 499 3806 576; x_wconf 85' lang='grc' dir='ltr'>Κατέρχονται</span> <span class='ocrx_word' id='word_1_328' title='bbox 3862 500 3929 558; x_wconf 71' lang='grc' dir='ltr'>δὲ</span> 
     </span>
    </p>
   </div>
   <div class='ocr_carea' id='block_1_51' title="bbox 2261 590 3932 666">
    <p class='ocr_par' dir='ltr' id='par_1_51' title="bbox 2261 590 3932 666">
     <span class='ocr_line' id='line_1_51' title="bbox 2261 590 3932 666; baseline -0.006 -11"><span class='ocrx_word' id='word_1_329' title='bbox 2261 600 2314 655; x_wconf 81' lang='lat' dir='ltr'><strong>o&#39;t</strong></span> <span class='ocrx_word' id='word_1_330' title='bbox 2344 596 2600 655; x_wconf 77' lang='grc' dir='ltr'><strong>δεσπόται</strong></span> <span class='ocrx_word' id='word_1_331' title='bbox 2650 597 2755 652; x_wconf 85' lang='grc' dir='ltr'>ἀπὸ</span> <span class='ocrx_word' id='word_1_332' title='bbox 2801 599 2911 650; x_wconf 89' lang='grc' dir='ltr'><strong>τῶν</strong></span> <span class='ocrx_word' id='word_1_333' title='bbox 2953 592 3138 649; x_wconf 70' lang='grc' dir='ltr'>’ίππων</span> <span class='ocrx_word' id='word_1_334' title='bbox 3171 590 3224 649; x_wconf 78' lang='grc' dir='ltr'><strong>ἐν</strong></span> <span class='ocrx_word' id='word_1_335' title='bbox 3264 595 3333 658; x_wconf 76' lang='grc' dir='ltr'><strong>τῇ</strong></span> <span class='ocrx_word' id='word_1_336' title='bbox 3384 591 3534 666; x_wconf 79' lang='grc' dir='ltr'>πύλῃ</span> <span class='ocrx_word' id='word_1_337' title='bbox 3562 594 3674 646; x_wconf 88' lang='grc' dir='ltr'><strong>τῶν</strong></span> <span class='ocrx_word' id='word_1_338' title='bbox 3705 592 3932 666; x_wconf 83' lang='grc' dir='ltr'>Ἀγίων</span> 
     </span>
    </p>
   </div>
   <div class='ocr_carea' id='block_1_52' title="bbox 2261 679 3928 761">
    <p class='ocr_par' dir='ltr' id='par_1_52' title="bbox 2261 679 3928 761">
     <span class='ocr_line' id='line_1_52' title="bbox 2261 679 3928 761; baseline -0.006 -16"><span class='ocrx_word' id='word_1_339' title='bbox 2261 687 2614 746; x_wconf 85' lang='grc' dir='ltr'>Ἀποστόλων</span> <span class='ocrx_word' id='word_1_340' title='bbox 2667 691 2736 761; x_wconf 80' lang='grc' dir='ltr'><strong>τῇ</strong></span> <span class='ocrx_word' id='word_1_341' title='bbox 2795 683 3080 759; x_wconf 81' lang='grc' dir='ltr'>εἰσαγούσῃ</span> <span class='ocrx_word' id='word_1_342' title='bbox 3117 683 3255 758; x_wconf 85' lang='grc' dir='ltr'>πρὸς</span> <span class='ocrx_word' id='word_1_343' title='bbox 3312 682 3377 737; x_wconf 82' lang='grc' dir='ltr'>τὸ</span> <span class='ocrx_word' id='word_1_344' title='bbox 3439 679 3754 754; x_wconf 79' lang='grc' dir='ltr'><strong>ὡρολόγιον</strong></span> <span class='ocrx_word' id='word_1_345' title='bbox 3811 688 3928 750; x_wconf 81' lang='grc' dir='ltr'><strong>τῆς</strong></span> 
     </span>
    </p>
   </div>
   <div class='ocr_carea' id='block_1_53' title="bbox 2259 769 3926 848">
    <p class='ocr_par' dir='ltr' id='par_1_53' title="bbox 2259 769 3926 848">
     <span class='ocr_line' id='line_1_53' title="bbox 2259 769 3926 848; baseline -0.005 -16"><span class='ocrx_word' id='word_1_346' title='bbox 2259 776 2428 848; x_wconf 82' lang='grc' dir='ltr'>αὐτῆς</span> <span class='ocrx_word' id='word_1_347' title='bbox 2488 774 2802 844; x_wconf 75' lang='grc' dir='ltr'><strong>ἐκκλησίας,</strong></span> <span class='ocrx_word' id='word_1_348' title='bbox 2859 773 3102 838; x_wconf 83' lang='grc' dir='ltr'>κάκεῖθεν</span> <span class='ocrx_word' id='word_1_349' title='bbox 3162 769 3591 848; x_wconf 83' lang='grc' dir='ltr'>δηριγευόμενος</span> <span class='ocrx_word' id='word_1_350' title='bbox 3654 770 3737 843; x_wconf 87' lang='lat'><strong>(8)</strong></span> <span class='ocrx_word' id='word_1_351' title='bbox 3813 770 3926 825; x_wconf 73' lang='grc' dir='ltr'>ὑπὸ</span> 
     </span>
    </p>
   </div>
   <div class='ocr_carea' id='block_1_54' title="bbox 2259 857 3930 934">
    <p class='ocr_par' dir='ltr' id='par_1_54' title="bbox 2259 857 3930 934">
     <span class='ocr_line' id='line_1_54' title="bbox 2259 857 3930 934; baseline -0.004 -13"><span class='ocrx_word' id='word_1_352' title='bbox 2259 871 2361 920; x_wconf 76' lang='grc' dir='ltr'><strong>τοῦ</strong></span> <span class='ocrx_word' id='word_1_353' title='bbox 2391 861 2787 921; x_wconf 82' lang='grc' dir='ltr'>κουϐουκλείου</span> <span class='ocrx_word' id='word_1_354' title='bbox 2815 861 2906 918; x_wconf 83' lang='grc' dir='ltr'><strong>καὶ</strong></span> <span class='ocrx_word' id='word_1_355' title='bbox 2953 866 3063 916; x_wconf 90' lang='grc' dir='ltr'><strong>τῶν</strong></span> <span class='ocrx_word' id='word_1_356' title='bbox 3102 861 3154 934; x_wconf 69' lang='grc' dir='ltr'>ἐξ</span> <span class='ocrx_word' id='word_1_357' title='bbox 3195 858 3347 922; x_wconf 78' lang='grc' dir='ltr'>ἔθους</span> <span class='ocrx_word' id='word_1_358' title='bbox 3386 859 3676 934; x_wconf 81' lang='grc' dir='ltr'><strong>ἀρχόντων</strong></span> <span class='ocrx_word' id='word_1_359' title='bbox 3725 857 3930 914; x_wconf 76' lang='grc' dir='ltr'>ἐκτεύο</span> 
     </span>
    </p>
   </div>
   <div class='ocr_carea' id='block_1_55' title="bbox 2262 947 3922 1030">
    <p class='ocr_par' dir='ltr' id='par_1_55' title="bbox 2262 947 3922 1030">
     <span class='ocr_line' id='line_1_55' title="bbox 2262 947 3922 1030; baseline -0.005 -19"><span class='ocrx_word' id='word_1_360' title='bbox 2262 977 2380 1011; x_wconf 90' lang='grc' dir='ltr'>ουσι</span> <span class='ocrx_word' id='word_1_361' title='bbox 2439 953 2605 1026; x_wconf 79' lang='grc' dir='ltr'>δεξιὰ,</span> <span class='ocrx_word' id='word_1_362' title='bbox 2662 953 2753 1008; x_wconf 86' lang='grc' dir='ltr'><strong>καὶ</strong></span> <span class='ocrx_word' id='word_1_363' title='bbox 2820 949 3131 1030; x_wconf 76' lang='grc' dir='ltr'>διέρχονται</span> <span class='ocrx_word' id='word_1_364' title='bbox 3189 947 3280 1006; x_wconf 69' lang='grc' dir='ltr'><strong>διὰ</strong></span> <span class='ocrx_word' id='word_1_365' title='bbox 3328 954 3426 1006; x_wconf 86' lang='lat'><strong>106</strong></span> <span class='ocrx_word' id='word_1_366' title='bbox 3463 951 3744 1026; x_wconf 77' lang='grc' dir='ltr'>νάρθηκος</span> <span class='ocrx_word' id='word_1_367' title='bbox 3805 954 3922 1004; x_wconf 78' lang='grc' dir='ltr'><strong>τῶν</strong></span> 
     </span>
    </p>
   </div>
   <div class='ocr_carea' id='block_1_56' title="bbox 2260 1039 3926 1122">
    <p class='ocr_par' dir='ltr' id='par_1_56' title="bbox 2260 1039 3926 1122">
     <span class='ocr_line' id='line_1_56' title="bbox 2260 1039 3926 1122; baseline -0.004 -24"><span class='ocrx_word' id='word_1_368' title='bbox 2260 1043 2465 1122; x_wconf 71' lang='grc' dir='ltr'>Ἁγίων</span> <span class='ocrx_word' id='word_1_369' title='bbox 2497 1043 2734 1110; x_wconf 84' lang='grc' dir='ltr'>πάντων,</span> <span class='ocrx_word' id='word_1_370' title='bbox 2778 1043 2868 1097; x_wconf 81' lang='grc' dir='ltr'><strong>καὶ</strong></span> <span class='ocrx_word' id='word_1_371' title='bbox 2912 1040 3232 1120; x_wconf 78' lang='grc' dir='ltr'>ἂνέρχονται</span> <span class='ocrx_word' id='word_1_372' title='bbox 3264 1039 3316 1096; x_wconf 88' lang='grc' dir='ltr'><strong>ἐν</strong></span> <span class='ocrx_word' id='word_1_373' title='bbox 3375 1045 3492 1101; x_wconf 91' lang='grc' dir='ltr'>τοῖς</span> <span class='ocrx_word' id='word_1_374' title='bbox 3546 1058 3926 1113; x_wconf 65' lang='grc' dir='ltr'>κατηχουμε-</span> 
     </span>
    </p>
   </div>
   <div class='ocr_carea' id='block_1_57' title="bbox 2260 1121 3924 1204">
    <p class='ocr_par' dir='ltr' id='par_1_57' title="bbox 2260 1121 3924 1204">
     <span class='ocr_line' id='line_1_57' title="bbox 2260 1121 3924 1204; baseline -0.006 -14"><span class='ocrx_word' id='word_1_375' title='bbox 2260 1133 2394 1196; x_wconf 86' lang='grc' dir='ltr'>νίοις</span> <span class='ocrx_word' id='word_1_376' title='bbox 2420 1140 2521 1204; x_wconf 82' lang='grc' dir='ltr'>τῆς</span> <span class='ocrx_word' id='word_1_377' title='bbox 2553 1131 2720 1202; x_wconf 81' lang='grc' dir='ltr'>αὐτῆς</span> <span class='ocrx_word' id='word_1_378' title='bbox 2752 1129 3066 1201; x_wconf 80' lang='grc' dir='ltr'><strong>ἐκκλησίας,</strong></span> <span class='ocrx_word' id='word_1_379' title='bbox 3105 1129 3197 1185; x_wconf 82' lang='grc' dir='ltr'><strong>καὶ</strong></span> <span class='ocrx_word' id='word_1_380' title='bbox 3229 1128 3571 1203; x_wconf 79' lang='grc' dir='ltr'>εἰσέρχονται</span> <span class='ocrx_word' id='word_1_381' title='bbox 3603 1121 3765 1182; x_wconf 73' lang='grc' dir='ltr'>ἔνδον</span> <span class='ocrx_word' id='word_1_382' title='bbox 3819 1130 3924 1182; x_wconf 73' lang='grc' dir='ltr'><strong>τοῦ</strong></span> 
     </span>
    </p>
   </div>
   <div class='ocr_carea' id='block_1_58' title="bbox 2261 1214 3923 1297">
    <p class='ocr_par' dir='ltr' id='par_1_58' title="bbox 2261 1214 3923 1297">
     <span class='ocr_line' id='line_1_58' title="bbox 2261 1214 3923 1297; baseline -0.004 -19"><span class='ocrx_word' id='word_1_383' title='bbox 2261 1222 2432 1279; x_wconf 82' lang='grc' dir='ltr'>ἐκεῖσε</span> <span class='ocrx_word' id='word_1_384' title='bbox 2461 1222 2806 1297; x_wconf 72' lang='grc' dir='ltr'>κρεμαμένου</span> <span class='ocrx_word' id='word_1_385' title='bbox 2843 1219 3042 1294; x_wconf 75' lang='grc' dir='ltr'>βήλου,</span> <span class='ocrx_word' id='word_1_386' title='bbox 3074 1220 3163 1274; x_wconf 83' lang='grc' dir='ltr'><strong>καὶ</strong></span> <span class='ocrx_word' id='word_1_387' title='bbox 3196 1219 3262 1273; x_wconf 77' lang='grc' dir='ltr'><strong>τὰ</strong></span> <span class='ocrx_word' id='word_1_388' title='bbox 3300 1219 3424 1287; x_wconf 74' lang='grc' dir='ltr'><strong>ἑξῆς</strong></span> <span class='ocrx_word' id='word_1_389' title='bbox 3454 1214 3797 1272; x_wconf 72' lang='grc' dir='ltr'>ἐπιτελεῖται</span> <span class='ocrx_word' id='word_1_390' title='bbox 3824 1237 3923 1271; x_wconf 80' lang='grc' dir='ltr'>κα-</span> 
     </span>
    </p>
   </div>
   <div class='ocr_carea' id='block_1_59' title="bbox 2263 1304 3924 1382">
    <p class='ocr_par' dir='ltr' id='par_1_59' title="bbox 2263 1304 3924 1382">
     <span class='ocr_line' id='line_1_59' title="bbox 2263 1304 3924 1382; baseline -0.005 -14"><span class='ocrx_word' id='word_1_391' title='bbox 2263 1312 2370 1374; x_wconf 85' lang='grc' dir='ltr'>θὼς</span> <span class='ocrx_word' id='word_1_392' title='bbox 2400 1310 2488 1366; x_wconf 81' lang='grc' dir='ltr'>καί</span> <span class='ocrx_word' id='word_1_393' title='bbox 2518 1311 2568 1366; x_wconf 84' lang='grc' dir='ltr'><strong>ἐν</strong></span> <span class='ocrx_word' id='word_1_394' title='bbox 2591 1316 2708 1373; x_wconf 87' lang='grc' dir='ltr'>ταῖς</span> <span class='ocrx_word' id='word_1_395' title='bbox 2751 1308 2973 1371; x_wconf 88' lang='grc' dir='ltr'>λοιπαῖς</span> <span class='ocrx_word' id='word_1_396' title='bbox 3000 1304 3405 1382; x_wconf 87' lang='grc' dir='ltr'>προελεύσεσιν,</span> <span class='ocrx_word' id='word_1_397' title='bbox 3436 1304 3488 1360; x_wconf 83' lang='grc' dir='ltr'><strong>ἐν</strong></span> <span class='ocrx_word' id='word_1_398' title='bbox 3516 1307 3604 1368; x_wconf 83' lang='grc' dir='ltr'>αἶς</span> <span class='ocrx_word' id='word_1_399' title='bbox 3639 1304 3924 1380; x_wconf 78' lang='grc' dir='ltr'>ἀπέρχον-</span> 
     </span>
    </p>
   </div>
   <div class='ocr_carea' id='block_1_60' title="bbox 2262 1394 3917 1474">
    <p class='ocr_par' dir='ltr' id='par_1_60' title="bbox 2262 1394 3917 1474">
     <span class='ocr_line' id='line_1_60' title="bbox 2262 1394 3917 1474; baseline -0.005 -16"><span class='ocrx_word' id='word_1_400' title='bbox 2262 1424 2350 1458; x_wconf 88' lang='grc' dir='ltr'><strong>ται</strong></span> <span class='ocrx_word' id='word_1_401' title='bbox 2382 1403 2434 1457; x_wconf 82' lang='lat' dir='ltr'><strong>o&#39;t</strong></span> <span class='ocrx_word' id='word_1_402' title='bbox 2467 1400 2722 1457; x_wconf 81' lang='grc' dir='ltr'>δεσπόται</span> <span class='ocrx_word' id='word_1_403' title='bbox 2749 1395 2975 1474; x_wconf 74' lang='grc' dir='ltr'>ἔφιπποι</span> <span class='ocrx_word' id='word_1_404' title='bbox 3009 1397 3086 1460; x_wconf 84' lang='grc' dir='ltr'><strong>είς</strong></span> <span class='ocrx_word' id='word_1_405' title='bbox 3113 1398 3241 1460; x_wconf 78' lang='grc' dir='ltr'>τοὺς</span> <span class='ocrx_word' id='word_1_406' title='bbox 3266 1398 3481 1471; x_wconf 80' lang='grc' dir='ltr'>’Δγίους</span> <span class='ocrx_word' id='word_1_407' title='bbox 3505 1394 3917 1457; x_wconf 82' lang='grc' dir='ltr'>Ἀποστόλους.</span> 
     </span>
    </p>
   </div>
   <div class='ocr_carea' id='block_1_61' title="bbox 2263 1481 3922 1572">
    <p class='ocr_par' dir='ltr' id='par_1_61' title="bbox 2263 1481 3922 1572">
     <span class='ocr_line' id='line_1_61' title="bbox 2263 1481 3922 1572; baseline -0.008 -19"><span class='ocrx_word' id='word_1_408' title='bbox 2263 1496 2324 1553; x_wconf 91' lang='grc' dir='ltr'>Ὁ</span> <span class='ocrx_word' id='word_1_409' title='bbox 2357 1493 2414 1550; x_wconf 74' lang='grc' dir='ltr'>δὲ</span> <span class='ocrx_word' id='word_1_410' title='bbox 2443 1495 2791 1572; x_wconf 80' lang='grc' dir='ltr'>πατριάρχης</span> <span class='ocrx_word' id='word_1_411' title='bbox 2836 1493 2970 1566; x_wconf 84' lang='grc' dir='ltr'><strong>μετά</strong></span> <span class='ocrx_word' id='word_1_412' title='bbox 2996 1493 3094 1560; x_wconf 79' lang='grc' dir='ltr'><strong>τῆς</strong></span> <span class='ocrx_word' id='word_1_413' title='bbox 3123 1489 3285 1559; x_wconf 85' lang='grc' dir='ltr'>λιτῆς</span> <span class='ocrx_word' id='word_1_414' title='bbox 3334 1481 3662 1543; x_wconf 84' lang='grc' dir='ltr'>καταλαϐὼν</span> <span class='ocrx_word' id='word_1_415' title='bbox 3691 1485 3922 1543; x_wconf 71' lang='grc' dir='ltr'>ἵσταται</span> 
     </span>
    </p>
   </div>
   <div class='ocr_carea' id='block_1_62' title="bbox 2263 1572 3924 1656">
    <p class='ocr_par' dir='ltr' id='par_1_62' title="bbox 2263 1572 3924 1656">
     <span class='ocr_line' id='line_1_62' title="bbox 2263 1572 3924 1656; baseline -0.004 -18"><span class='ocrx_word' id='word_1_416' title='bbox 2263 1579 2416 1639; x_wconf 78' lang='grc' dir='ltr'>ἔνδον</span> <span class='ocrx_word' id='word_1_417' title='bbox 2446 1587 2552 1637; x_wconf 89' lang='grc' dir='ltr'><strong>τῶν</strong></span> <span class='ocrx_word' id='word_1_418' title='bbox 2587 1579 2790 1656; x_wconf 87' lang='grc' dir='ltr'>Ἀγίων</span> <span class='ocrx_word' id='word_1_419' title='bbox 2820 1577 3181 1636; x_wconf 84' lang='grc' dir='ltr'>Ἀποστύλων</span> <span class='ocrx_word' id='word_1_420' title='bbox 3203 1572 3304 1648; x_wconf 79' lang='grc' dir='ltr'>ἔξω</span> <span class='ocrx_word' id='word_1_421' title='bbox 3332 1581 3439 1632; x_wconf 91' lang='grc' dir='ltr'><strong>τῶν</strong></span> <span class='ocrx_word' id='word_1_422' title='bbox 3471 1573 3780 1652; x_wconf 81' lang='grc' dir='ltr'>κιγκλίδων</span> <span class='ocrx_word' id='word_1_423' title='bbox 3818 1579 3924 1631; x_wconf 80' lang='grc' dir='ltr'><strong>τοῦ</strong></span> 
     </span>
    </p>
   </div>
   <div class='ocr_carea' id='block_1_63' title="bbox 2265 1661 3925 1746">
    <p class='ocr_par' dir='ltr' id='par_1_63' title="bbox 2265 1661 3925 1746">
     <span class='ocr_line' id='line_1_63' title="bbox 2265 1661 3925 1746; baseline -0.005 -18"><span class='ocrx_word' id='word_1_424' title='bbox 2265 1672 2672 1746; x_wconf 78' lang='grc' dir='ltr'>θυσιαστηρίου,</span> <span class='ocrx_word' id='word_1_425' title='bbox 2703 1671 2792 1726; x_wconf 83' lang='grc' dir='ltr'><strong>καὶ</strong></span> <span class='ocrx_word' id='word_1_426' title='bbox 2824 1673 2922 1726; x_wconf 82' lang='grc' dir='ltr'><strong>τοῦ</strong></span> <span class='ocrx_word' id='word_1_427' title='bbox 2951 1666 3141 1744; x_wconf 80' lang='grc' dir='ltr'>καιροῦ</span> <span class='ocrx_word' id='word_1_428' title='bbox 3179 1661 3607 1734; x_wconf 88' lang='grc' dir='ltr'>καταλαϐόντος,</span> <span class='ocrx_word' id='word_1_429' title='bbox 3630 1664 3925 1740; x_wconf 70' lang='grc' dir='ltr'>εἰσέρχον-</span> 
     </span>
    </p>
   </div>
   <div class='ocr_carea' id='block_1_64' title="bbox 2265 1751 3923 1835">
    <p class='ocr_par' dir='ltr' id='par_1_64' title="bbox 2265 1751 3923 1835">
     <span class='ocr_line' id='line_1_64' title="bbox 2265 1751 3923 1835; baseline -0.005 -18"><span class='ocrx_word' id='word_1_430' title='bbox 2265 1783 2354 1817; x_wconf 85' lang='grc' dir='ltr'><strong>ται</strong></span> <span class='ocrx_word' id='word_1_431' title='bbox 2376 1762 2427 1817; x_wconf 76' lang='lat' dir='ltr'><strong>o&#39;t</strong></span> <span class='ocrx_word' id='word_1_432' title='bbox 2458 1761 2808 1835; x_wconf 85' lang='grc' dir='ltr'>πραιπόσιτοι</span> <span class='ocrx_word' id='word_1_433' title='bbox 2831 1757 2920 1813; x_wconf 83' lang='grc' dir='ltr'><strong>καὶ</strong></span> <span class='ocrx_word' id='word_1_434' title='bbox 2943 1752 3340 1833; x_wconf 80' lang='grc' dir='ltr'>περιϐάλλουσι</span> <span class='ocrx_word' id='word_1_435' title='bbox 3369 1753 3494 1818; x_wconf 79' lang='grc' dir='ltr'>τοὺς</span> <span class='ocrx_word' id='word_1_436' title='bbox 3529 1751 3798 1817; x_wconf 81' lang='grc' dir='ltr'>δεσπότας</span> <span class='ocrx_word' id='word_1_437' title='bbox 3819 1753 3923 1817; x_wconf 72' lang='grc' dir='ltr'>τὰς</span> 
     </span>
    </p>
   </div>
   <div class='ocr_carea' id='block_1_65' title="bbox 2185 1841 3922 1942">
    <p class='ocr_par' dir='ltr' id='par_1_65' title="bbox 2185 1841 3922 1942">
     <span class='ocr_line' id='line_1_65' title="bbox 2185 1841 3922 1942; baseline -0.005 -36"><span class='ocrx_word' id='word_1_438' title='bbox 2185 1875 2234 1942; x_wconf 83' lang='grc' dir='ltr'><strong>Β</strong></span> <span class='ocrx_word' id='word_1_439' title='bbox 2266 1850 2467 1906; x_wconf 74' lang='grc' dir='ltr'>ἑαυτῶν</span> <span class='ocrx_word' id='word_1_440' title='bbox 2517 1846 2803 1924; x_wconf 80' lang='grc' dir='ltr'>χλανίδας·</span> <span class='ocrx_word' id='word_1_441' title='bbox 2844 1844 3218 1924; x_wconf 66' lang='grc' dir='ltr'>ἐξερχομένων</span> <span class='ocrx_word' id='word_1_442' title='bbox 3259 1842 3316 1900; x_wconf 73' lang='grc' dir='ltr'>δὲ</span> <span class='ocrx_word' id='word_1_443' title='bbox 3343 1848 3451 1900; x_wconf 85' lang='grc' dir='ltr'><strong>τῶν</strong></span> <span class='ocrx_word' id='word_1_444' title='bbox 3493 1841 3776 1900; x_wconf 80' lang='grc' dir='ltr'>δεσποτῶν</span> <span class='ocrx_word' id='word_1_445' title='bbox 3821 1846 3922 1898; x_wconf 84' lang='lat'><strong>106</strong></span> 
     </span>
    </p>
   </div>
   <div class='ocr_carea' id='block_1_66' title="bbox 2267 1933 3918 2016">
    <p class='ocr_par' dir='ltr' id='par_1_66' title="bbox 2267 1933 3918 2016">
     <span class='ocr_line' id='line_1_66' title="bbox 2267 1933 3918 2016; baseline -0.005 -20"><span class='ocrx_word' id='word_1_446' title='bbox 2267 1939 2468 2016; x_wconf 78' lang='grc' dir='ltr'>βήλου,</span> <span class='ocrx_word' id='word_1_447' title='bbox 2492 1937 2747 2014; x_wconf 82' lang='grc' dir='ltr'>δέχονται</span> <span class='ocrx_word' id='word_1_448' title='bbox 2767 1937 2993 2000; x_wconf 78' lang='grc' dir='ltr'>τούτους</span> <span class='ocrx_word' id='word_1_449' title='bbox 3014 1934 3069 1991; x_wconf 68' lang='grc' dir='ltr'>οἵ</span> <span class='ocrx_word' id='word_1_450' title='bbox 3095 1957 3153 1992; x_wconf 87' lang='grc' dir='ltr'><strong>τε</strong></span> <span class='ocrx_word' id='word_1_451' title='bbox 3172 1936 3464 2012; x_wconf 83' lang='grc' dir='ltr'>μάγιστροι</span> <span class='ocrx_word' id='word_1_452' title='bbox 3487 1934 3576 1989; x_wconf 84' lang='grc' dir='ltr'><strong>καὶ</strong></span> <span class='ocrx_word' id='word_1_453' title='bbox 3608 1933 3918 2008; x_wconf 75' lang='grc' dir='ltr'>πατρίκιοι,</span> 
     </span>
    </p>
   </div>
   <div class='ocr_carea' id='block_1_67' title="bbox 2261 2023 3922 2106">
    <p class='ocr_par' dir='ltr' id='par_1_67' title="bbox 2261 2023 3922 2106">
     <span class='ocr_line' id='line_1_67' title="bbox 2261 2023 3922 2106; baseline -0.005 -22"><span class='ocrx_word' id='word_1_454' title='bbox 2261 2030 2351 2084; x_wconf 82' lang='grc' dir='ltr'><strong>καὶ</strong></span> <span class='ocrx_word' id='word_1_455' title='bbox 2380 2032 2585 2106; x_wconf 85' lang='grc' dir='ltr'>γίνεται</span> <span class='ocrx_word' id='word_1_456' title='bbox 2615 2027 2786 2083; x_wconf 72' lang='grc' dir='ltr'>ἐκεῖσε</span> <span class='ocrx_word' id='word_1_457' title='bbox 2817 2024 2987 2102; x_wconf 75' lang='grc' dir='ltr'>δοχή,</span> <span class='ocrx_word' id='word_1_458' title='bbox 3016 2025 3106 2081; x_wconf 83' lang='grc' dir='ltr'><strong>καὶ</strong></span> <span class='ocrx_word' id='word_1_459' title='bbox 3138 2024 3244 2080; x_wconf 69' lang='grc' dir='ltr'>ἀπὸ</span> <span class='ocrx_word' id='word_1_460' title='bbox 3263 2023 3530 2096; x_wconf 73' lang='grc' dir='ltr'>νεύματος</span> <span class='ocrx_word' id='word_1_461' title='bbox 3555 2026 3654 2079; x_wconf 79' lang='grc' dir='ltr'>τοῦ</span> <span class='ocrx_word' id='word_1_462' title='bbox 3683 2042 3922 2098; x_wconf 85' lang='grc' dir='ltr'>πραιπο-</span> 
     </span>
    </p>
   </div>
   <div class='ocr_carea' id='block_1_68' title="bbox 2264 2112 3920 2194">
    <p class='ocr_par' dir='ltr' id='par_1_68' title="bbox 2264 2112 3920 2194">
     <span class='ocr_line' id='line_1_68' title="bbox 2264 2112 3920 2194; baseline -0.005 -19"><span class='ocrx_word' id='word_1_463' title='bbox 2264 2120 2412 2175; x_wconf 86' lang='grc' dir='ltr'>σίτου</span> <span class='ocrx_word' id='word_1_464' title='bbox 2442 2117 2592 2194; x_wconf 83' lang='grc' dir='ltr'>λέγει</span> <span class='ocrx_word' id='word_1_465' title='bbox 2616 2117 2644 2172; x_wconf 93' lang='lat'><strong>6</strong></span> <span class='ocrx_word' id='word_1_466' title='bbox 2674 2123 2774 2187; x_wconf 83' lang='grc' dir='ltr'><strong>τῆς</strong></span> <span class='ocrx_word' id='word_1_467' title='bbox 2800 2115 3196 2177; x_wconf 81' lang='grc' dir='ltr'>καταστάσεως.</span> <span class='ocrx_word' id='word_1_468' title='bbox 3231 2138 3258 2166; x_wconf 91' lang='grc'><strong>‹‹</strong></span> <span class='ocrx_word' id='word_1_469' title='bbox 3294 2112 3767 2169; x_wconf 81' lang='grc' dir='ltr'>Κέλεὸσατε.››Καὶ</span> <span class='ocrx_word' id='word_1_470' title='bbox 3791 2132 3920 2167; x_wconf 85' lang='grc' dir='ltr'>κατ-</span> 
     </span>
    </p>
   </div>
   <div class='ocr_carea' id='block_1_69' title="bbox 2264 2199 3922 2287">
    <p class='ocr_par' dir='ltr' id='par_1_69' title="bbox 2264 2199 3922 2287">
     <span class='ocr_line' id='line_1_69' title="bbox 2264 2199 3922 2287; baseline -0.005 -23"><span class='ocrx_word' id='word_1_471' title='bbox 2264 2207 2523 2287; x_wconf 89' lang='grc' dir='ltr'>έρχονται</span> <span class='ocrx_word' id='word_1_472' title='bbox 2556 2205 2645 2263; x_wconf 88' lang='grc' dir='ltr'><strong>διά</strong></span> <span class='ocrx_word' id='word_1_473' title='bbox 2686 2227 2744 2261; x_wconf 87' lang='grc' dir='ltr'><strong>τε</strong></span> <span class='ocrx_word' id='word_1_474' title='bbox 2770 2209 2867 2262; x_wconf 82' lang='grc' dir='ltr'><strong>τοῦ</strong></span> <span class='ocrx_word' id='word_1_475' title='bbox 2897 2203 3136 2281; x_wconf 88' lang='grc' dir='ltr'>κοχλιοῦ</span> <span class='ocrx_word' id='word_1_476' title='bbox 3165 2204 3253 2259; x_wconf 83' lang='grc' dir='ltr'><strong>καὶ</strong></span> <span class='ocrx_word' id='word_1_477' title='bbox 3284 2206 3382 2258; x_wconf 84' lang='grc' dir='ltr'><strong>τοῦ</strong></span> <span class='ocrx_word' id='word_1_478' title='bbox 3410 2200 3804 2278; x_wconf 80' lang='grc' dir='ltr'>νάρθηκος,καὶ</span> <span class='ocrx_word' id='word_1_479' title='bbox 3829 2199 3922 2256; x_wconf 80' lang='grc' dir='ltr'>ἐκ·</span> 
     </span>
    </p>
   </div>
   <div class='ocr_carea' id='block_1_70' title="bbox 2263 2287 3918 2372">
    <p class='ocr_par' dir='ltr' id='par_1_70' title="bbox 2263 2287 3918 2372">
     <span class='ocr_line' id='line_1_70' title="bbox 2263 2287 3918 2372; baseline -0.004 -18"><span class='ocrx_word' id='word_1_480' title='bbox 2263 2294 2556 2354; x_wconf 87' lang='grc' dir='ltr'>ϐαινόντων</span> <span class='ocrx_word' id='word_1_481' title='bbox 2591 2297 2683 2354; x_wconf 84' lang='grc' dir='ltr'>τὸν</span> <span class='ocrx_word' id='word_1_482' title='bbox 2754 2297 2997 2372; x_wconf 88' lang='grc' dir='ltr'>νάρθηκα</span> <span class='ocrx_word' id='word_1_483' title='bbox 3035 2299 3143 2352; x_wconf 84' lang='grc' dir='ltr'><strong>τῶν</strong></span> <span class='ocrx_word' id='word_1_484' title='bbox 3194 2293 3398 2369; x_wconf 76' lang='grc' dir='ltr'>Ἃγίων</span> <span class='ocrx_word' id='word_1_485' title='bbox 3430 2287 3789 2350; x_wconf 77' lang='grc' dir='ltr'>Ἀποστὸλων</span> <span class='ocrx_word' id='word_1_486' title='bbox 3818 2294 3918 2366; x_wconf 80' lang='grc'><strong>(9),</strong></span> 
     </span>
    </p>
   </div>
   <div class='ocr_carea' id='block_1_71' title="bbox 2266 2381 3918 2463">
    <p class='ocr_par' dir='ltr' id='par_1_71' title="bbox 2266 2381 3918 2463">
     <span class='ocr_line' id='line_1_71' title="bbox 2266 2381 3918 2463; baseline -0.005 -19"><span class='ocrx_word' id='word_1_487' title='bbox 2266 2385 2482 2463; x_wconf 76' lang='grc' dir='ltr'>δέχεται</span> <span class='ocrx_word' id='word_1_488' title='bbox 2523 2387 2749 2451; x_wconf 89' lang='grc' dir='ltr'>τούτους</span> <span class='ocrx_word' id='word_1_489' title='bbox 2779 2387 2807 2442; x_wconf 97' lang='lat'><strong>6</strong></span> <span class='ocrx_word' id='word_1_490' title='bbox 2835 2385 3124 2460; x_wconf 87' lang='grc' dir='ltr'>περατικὸς</span> <span class='ocrx_word' id='word_1_491' title='bbox 3162 2381 3339 2456; x_wconf 85' lang='grc' dir='ltr'>δῆμος</span> <span class='ocrx_word' id='word_1_492' title='bbox 3367 2386 3475 2437; x_wconf 87' lang='grc' dir='ltr'><strong>τῶν</strong></span> <span class='ocrx_word' id='word_1_493' title='bbox 3510 2381 3748 2437; x_wconf 88' lang='grc' dir='ltr'>Βενέτων</span> <span class='ocrx_word' id='word_1_494' title='bbox 3784 2381 3918 2454; x_wconf 82' lang='grc' dir='ltr'>μετᾶ</span> 
     </span>
    </p>
   </div>
   <div class='ocr_carea' id='block_1_72' title="bbox 2264 2469 3917 2553">
    <p class='ocr_par' dir='ltr' id='par_1_72' title="bbox 2264 2469 3917 2553">
     <span class='ocr_line' id='line_1_72' title="bbox 2264 2469 3917 2553; baseline -0.005 -19"><span class='ocrx_word' id='word_1_495' title='bbox 2264 2479 2354 2534; x_wconf 87' lang='grc' dir='ltr'><strong>καὶ</strong></span> <span class='ocrx_word' id='word_1_496' title='bbox 2403 2482 2501 2533; x_wconf 89' lang='lat'><strong>106</strong></span> <span class='ocrx_word' id='word_1_497' title='bbox 2559 2475 2884 2550; x_wconf 80' lang='grc' dir='ltr'>δομεστίκου</span> <span class='ocrx_word' id='word_1_498' title='bbox 2937 2479 3047 2530; x_wconf 85' lang='grc' dir='ltr'><strong>τῶν</strong></span> <span class='ocrx_word' id='word_1_499' title='bbox 3100 2471 3349 2553; x_wconf 82' lang='grc' dir='ltr'>σχολῶν,</span> <span class='ocrx_word' id='word_1_500' title='bbox 3399 2472 3490 2528; x_wconf 85' lang='grc' dir='ltr'><strong>καὶ</strong></span> <span class='ocrx_word' id='word_1_501' title='bbox 3520 2469 3845 2527; x_wconf 80' lang='grc' dir='ltr'>ἐπιδίδωσιν</span> <span class='ocrx_word' id='word_1_502' title='bbox 3890 2472 3917 2525; x_wconf 88' lang='lat'><strong>6</strong></span> 
     </span>
    </p>
   </div>
   <div class='ocr_carea' id='block_1_73' title="bbox 2267 2559 3919 2641">
    <p class='ocr_par' dir='ltr' id='par_1_73' title="bbox 2267 2559 3919 2641">
     <span class='ocr_line' id='line_1_73' title="bbox 2267 2559 3919 2641; baseline -0.004 -19"><span class='ocrx_word' id='word_1_503' title='bbox 2267 2565 2594 2641; x_wconf 84' lang='grc' dir='ltr'>δομέστικος</span> <span class='ocrx_word' id='word_1_504' title='bbox 2621 2571 2733 2621; x_wconf 92' lang='grc' dir='ltr'><strong>τῶν</strong></span> <span class='ocrx_word' id='word_1_505' title='bbox 2773 2562 2995 2640; x_wconf 88' lang='grc' dir='ltr'>σχολῶν</span> <span class='ocrx_word' id='word_1_506' title='bbox 3026 2568 3144 2626; x_wconf 91' lang='grc' dir='ltr'>τοῖς</span> <span class='ocrx_word' id='word_1_507' title='bbox 3177 2559 3464 2624; x_wconf 87' lang='grc' dir='ltr'>δεσπόταις</span> <span class='ocrx_word' id='word_1_508' title='bbox 3494 2562 3562 2616; x_wconf 82' lang='grc' dir='ltr'>τὰ</span> <span class='ocrx_word' id='word_1_509' title='bbox 3591 2559 3919 2638; x_wconf 81' lang='grc' dir='ltr'>ῥοδόπλακα</span> 
     </span>
    </p>
   </div>
   <div class='ocr_carea' id='block_1_74' title="bbox 2267 2648 3917 2732">
    <p class='ocr_par' dir='ltr' id='par_1_74' title="bbox 2267 2648 3917 2732">
     <span class='ocr_line' id='line_1_74' title="bbox 2267 2648 3917 2732; baseline -0.004 -21"><span class='ocrx_word' id='word_1_510' title='bbox 2267 2653 2555 2732; x_wconf 67' lang='grc' dir='ltr'>ὀσφράδια.</span> <span class='ocrx_word' id='word_1_511' title='bbox 2590 2656 2693 2713; x_wconf 86' lang='grc' dir='ltr'>Καὶ</span> <span class='ocrx_word' id='word_1_512' title='bbox 2737 2655 2854 2728; x_wconf 83' lang='grc' dir='ltr'>μετ’</span> <span class='ocrx_word' id='word_1_513' title='bbox 2908 2651 3101 2730; x_wconf 80' lang='grc' dir='ltr'>ὀλίγον</span> <span class='ocrx_word' id='word_1_514' title='bbox 3132 2652 3238 2726; x_wconf 86' lang='grc' dir='ltr'><strong>πρὸ</strong></span> <span class='ocrx_word' id='word_1_515' title='bbox 3284 2654 3384 2706; x_wconf 87' lang='lat'><strong>106</strong></span> <span class='ocrx_word' id='word_1_516' title='bbox 3433 2648 3699 2714; x_wconf 82' lang='grc' dir='ltr'>εἰσελθεῖν</span> <span class='ocrx_word' id='word_1_517' title='bbox 3744 2649 3823 2712; x_wconf 77' lang='grc' dir='ltr'>εἷς</span> <span class='ocrx_word' id='word_1_518' title='bbox 3854 2651 3917 2706; x_wconf 79' lang='grc' dir='ltr'>τὸ</span> 
     </span>
    </p>
   </div>
   <div class='ocr_carea' id='block_1_75' title="bbox 2266 2737 3917 2821">
    <p class='ocr_par' dir='ltr' id='par_1_75' title="bbox 2266 2737 3917 2821">
     <span class='ocr_line' id='line_1_75' title="bbox 2266 2737 3917 2821; baseline -0.004 -22"><span class='ocrx_word' id='word_1_519' title='bbox 2266 2743 2574 2821; x_wconf 84' lang='grc' dir='ltr'>ὡρολόγιον</span> <span class='ocrx_word' id='word_1_520' title='bbox 2621 2741 2837 2818; x_wconf 88' lang='grc' dir='ltr'>δέχεται</span> <span class='ocrx_word' id='word_1_521' title='bbox 2896 2741 2972 2806; x_wconf 84' lang='grc' dir='ltr'><strong>είς</strong></span> <span class='ocrx_word' id='word_1_522' title='bbox 3026 2741 3089 2796; x_wconf 85' lang='grc' dir='ltr'>τὸ</span> <span class='ocrx_word' id='word_1_523' title='bbox 3147 2740 3358 2814; x_wconf 79' lang='grc' dir='ltr'>ἐξάερον</span> <span class='ocrx_word' id='word_1_524' title='bbox 3392 2739 3421 2794; x_wconf 84' lang='lat'><strong>6</strong></span> <span class='ocrx_word' id='word_1_525' title='bbox 3466 2737 3765 2814; x_wconf 75' lang='grc' dir='ltr'>δήμαρχος</span> <span class='ocrx_word' id='word_1_526' title='bbox 3811 2743 3917 2794; x_wconf 85' lang='grc' dir='ltr'><strong>τῶν</strong></span> 
     </span>
    </p>
   </div>
   <div class='ocr_carea' id='block_1_76' title="bbox 2271 2828 3911 2908">
    <p class='ocr_par' dir='ltr' id='par_1_76' title="bbox 2271 2828 3911 2908">
     <span class='ocr_line' id='line_1_76' title="bbox 2271 2828 3911 2908; baseline -0.004 -17"><span class='ocrx_word' id='word_1_527' title='bbox 2271 2835 2502 2891; x_wconf 82' lang='grc' dir='ltr'>Βενέτων</span> <span class='ocrx_word' id='word_1_528' title='bbox 2534 2834 2669 2908; x_wconf 81' lang='grc' dir='ltr'>μετὰ</span> <span class='ocrx_word' id='word_1_529' title='bbox 2697 2837 2795 2889; x_wconf 82' lang='grc' dir='ltr'><strong>τοῦ</strong></span> <span class='ocrx_word' id='word_1_530' title='bbox 2827 2830 2891 2904; x_wconf 84' lang='grc' dir='ltr'><strong>δή</strong></span> <span class='ocrx_word' id='word_1_531' title='bbox 2905 2853 3010 2905; x_wconf 89' lang='grc' dir='ltr'><strong>μου</strong></span> <span class='ocrx_word' id='word_1_532' title='bbox 3039 2834 3135 2886; x_wconf 90' lang='lat'><strong>106</strong></span> <span class='ocrx_word' id='word_1_533' title='bbox 3179 2828 3400 2900; x_wconf 79' lang='grc' dir='ltr'>λευκοῦ,</span> <span class='ocrx_word' id='word_1_534' title='bbox 3450 2828 3540 2884; x_wconf 86' lang='grc' dir='ltr'><strong>καὶ</strong></span> <span class='ocrx_word' id='word_1_535' title='bbox 3597 2829 3765 2893; x_wconf 77' lang='grc' dir='ltr'>αὐτὸς</span> <span class='ocrx_word' id='word_1_536' title='bbox 3794 2828 3911 2886; x_wconf 80' lang='grc' dir='ltr'>’ἐπι-</span> 
     </span>
    </p>
   </div>
   <div class='ocr_carea' id='block_1_77' title="bbox 2269 2915 3905 2996">
    <p class='ocr_par' dir='ltr' id='par_1_77' title="bbox 2269 2915 3905 2996">
     <span class='ocr_line' id='line_1_77' title="bbox 2269 2915 3905 2996; baseline -0.003 -17"><span class='ocrx_word' id='word_1_537' title='bbox 2269 2921 2452 2987; x_wconf 83' lang='grc' dir='ltr'>διδοὺς</span> <span class='ocrx_word' id='word_1_538' title='bbox 2473 2923 2685 2996; x_wconf 89' lang='grc' dir='ltr'>ὁμοίως</span> <span class='ocrx_word' id='word_1_539' title='bbox 2714 2925 2830 2984; x_wconf 91' lang='grc' dir='ltr'>τοῖς</span> <span class='ocrx_word' id='word_1_540' title='bbox 2880 2917 3190 2982; x_wconf 87' lang='grc' dir='ltr'>δεσπόταις.</span> <span class='ocrx_word' id='word_1_541' title='bbox 3223 2918 3321 2974; x_wconf 83' lang='grc' dir='ltr'><strong>Καὶ</strong></span> <span class='ocrx_word' id='word_1_542' title='bbox 3361 2916 3643 2974; x_wconf 76' lang='grc' dir='ltr'>εἲσιόντων</span> <span class='ocrx_word' id='word_1_543' title='bbox 3669 2922 3779 2974; x_wconf 87' lang='grc' dir='ltr'><strong>τῶν</strong></span> <span class='ocrx_word' id='word_1_544' title='bbox 3823 2915 3905 2974; x_wconf 73' lang='lat'><strong>65-</strong></span> 
     </span>
    </p>
   </div>
   <div class='ocr_carea' id='block_1_78' title="bbox 2271 3006 3890 3084">
    <p class='ocr_par' dir='ltr' id='par_1_78' title="bbox 2271 3006 3890 3084">
     <span class='ocr_line' id='line_1_78' title="bbox 2271 3006 3890 3084; baseline -0.004 -16"><span class='ocrx_word' id='word_1_545' title='bbox 2271 3017 2484 3068; x_wconf 87' lang='grc' dir='ltr'>σποτῶν</span> <span class='ocrx_word' id='word_1_546' title='bbox 2533 3009 2611 3073; x_wconf 71' lang='grc' dir='ltr'>εἷς</span> <span class='ocrx_word' id='word_1_547' title='bbox 2667 3012 2768 3080; x_wconf 75' lang='grc' dir='ltr'><strong>τήν</strong></span> <span class='ocrx_word' id='word_1_548' title='bbox 2824 3010 2986 3084; x_wconf 83' lang='grc' dir='ltr'>θύραν</span> <span class='ocrx_word' id='word_1_549' title='bbox 3044 3007 3119 3070; x_wconf 84' lang='grc' dir='ltr'>ὡς</span> <span class='ocrx_word' id='word_1_550' title='bbox 3173 3007 3310 3083; x_wconf 85' lang='grc' dir='ltr'>πρὸς</span> <span class='ocrx_word' id='word_1_551' title='bbox 3347 3007 3411 3062; x_wconf 88' lang='grc' dir='ltr'>τὸ</span> <span class='ocrx_word' id='word_1_552' title='bbox 3449 3006 3751 3084; x_wconf 84' lang='grc' dir='ltr'>ὡρολόγιον</span> <span class='ocrx_word' id='word_1_553' title='bbox 3791 3011 3890 3062; x_wconf 82' lang='grc' dir='ltr'><strong>τῶν</strong></span> 
     </span>
    </p>
   </div>
   <div class='ocr_carea' id='block_1_79' title="bbox 2269 3093 3902 3177">
    <p class='ocr_par' dir='ltr' id='par_1_79' title="bbox 2269 3093 3902 3177">
     <span class='ocr_line' id='line_1_79' title="bbox 2269 3093 3902 3177; baseline -0.005 -18"><span class='ocrx_word' id='word_1_554' title='bbox 2269 3101 2470 3177; x_wconf 79' lang='grc' dir='ltr'>Ἀγίων</span> <span class='ocrx_word' id='word_1_555' title='bbox 2511 3098 2888 3168; x_wconf 84' lang='grc' dir='ltr'>Ἀποστόλων,</span> <span class='ocrx_word' id='word_1_556' title='bbox 2922 3096 3138 3173; x_wconf 86' lang='grc' dir='ltr'>δέχεται</span> <span class='ocrx_word' id='word_1_557' title='bbox 3189 3098 3218 3153; x_wconf 93' lang='lat'><strong>6</strong></span> <span class='ocrx_word' id='word_1_558' title='bbox 3263 3093 3574 3167; x_wconf 74' lang='grc' dir='ltr'>ἐξκούϐιτος</span> <span class='ocrx_word' id='word_1_559' title='bbox 3631 3107 3768 3171; x_wconf 74' lang='grc' dir='ltr'>μετα</span> <span class='ocrx_word' id='word_1_560' title='bbox 3810 3099 3902 3152; x_wconf 80' lang='lat'><strong>106</strong></span> 
     </span>
    </p>
   </div>
   <div class='ocr_carea' id='block_1_80' title="bbox 2270 3183 3905 3265">
    <p class='ocr_par' dir='ltr' id='par_1_80' title="bbox 2270 3183 3905 3265">
     <span class='ocr_line' id='line_1_80' title="bbox 2270 3183 3905 3265; baseline -0.003 -20"><span class='ocrx_word' id='word_1_561' title='bbox 2270 3193 2560 3265; x_wconf 78' lang='grc' dir='ltr'>περατικοῢ</span> <span class='ocrx_word' id='word_1_562' title='bbox 2592 3186 2776 3262; x_wconf 81' lang='grc' dir='ltr'>δήμου</span> <span class='ocrx_word' id='word_1_563' title='bbox 2832 3191 2940 3243; x_wconf 89' lang='grc' dir='ltr'><strong>τῶν</strong></span> <span class='ocrx_word' id='word_1_564' title='bbox 2992 3185 3294 3264; x_wconf 84' lang='grc' dir='ltr'>Ιῐρασίνων,</span> <span class='ocrx_word' id='word_1_565' title='bbox 3323 3186 3415 3242; x_wconf 86' lang='grc' dir='ltr'><strong>καὶ</strong></span> <span class='ocrx_word' id='word_1_566' title='bbox 3477 3183 3771 3242; x_wconf 84' lang='grc' dir='ltr'>ἐπιδίδωσι</span> <span class='ocrx_word' id='word_1_567' title='bbox 3819 3188 3905 3240; x_wconf 82' lang='grc' dir='ltr'><strong>καὶ</strong></span> 
     </span>
    </p>
   </div>
   <div class='ocr_carea' id='block_1_81' title="bbox 2269 3272 3907 3353">
    <p class='ocr_par' dir='ltr' id='par_1_81' title="bbox 2269 3272 3907 3353">
     <span class='ocr_line' id='line_1_81' title="bbox 2269 3272 3907 3353; baseline -0.001 -20"><span class='ocrx_word' id='word_1_568' title='bbox 2269 3279 2433 3342; x_wconf 78' lang='grc' dir='ltr'>αὐτὸς</span> <span class='ocrx_word' id='word_1_569' title='bbox 2479 3278 2705 3353; x_wconf 88' lang='grc' dir='ltr'>ὁμοίως.</span> <span class='ocrx_word' id='word_1_570' title='bbox 2757 3276 2857 3332; x_wconf 87' lang='grc' dir='ltr'><strong>Καὶ</strong></span> <span class='ocrx_word' id='word_1_571' title='bbox 2913 3275 3080 3332; x_wconf 83' lang='grc' dir='ltr'>πάλιν</span> <span class='ocrx_word' id='word_1_572' title='bbox 3139 3276 3412 3332; x_wconf 75' lang='grc' dir='ltr'>εἰσιόντων</span> <span class='ocrx_word' id='word_1_573' title='bbox 3459 3279 3567 3331; x_wconf 87' lang='grc' dir='ltr'><strong>τῶν</strong></span> <span class='ocrx_word' id='word_1_574' title='bbox 3630 3272 3907 3332; x_wconf 80' lang='grc' dir='ltr'>δεσποτῶν</span> 
     </span>
    </p>
   </div>
   <div class='ocr_carea' id='block_1_82' title="bbox 2270 3365 3912 3444">
    <p class='ocr_par' dir='ltr' id='par_1_82' title="bbox 2270 3365 3912 3444">
     <span class='ocr_line' id='line_1_82' title="bbox 2270 3365 3912 3444; baseline -0.002 -21"><span class='ocrx_word' id='word_1_575' title='bbox 2270 3368 2345 3430; x_wconf 69' lang='grc' dir='ltr'>εἷς</span> <span class='ocrx_word' id='word_1_576' title='bbox 2381 3369 2483 3438; x_wconf 84' lang='grc' dir='ltr'><strong>τήν</strong></span> <span class='ocrx_word' id='word_1_577' title='bbox 2523 3368 2687 3444; x_wconf 83' lang='grc' dir='ltr'>θύραν</span> <span class='ocrx_word' id='word_1_578' title='bbox 2724 3371 2824 3423; x_wconf 88' lang='lat'><strong>106</strong></span> <span class='ocrx_word' id='word_1_579' title='bbox 2871 3365 3183 3443; x_wconf 87' lang='grc' dir='ltr'>γυναικίτου</span> <span class='ocrx_word' id='word_1_580' title='bbox 3229 3370 3337 3422; x_wconf 85' lang='grc' dir='ltr'><strong>τῶν</strong></span> <span class='ocrx_word' id='word_1_581' title='bbox 3387 3365 3589 3440; x_wconf 70' lang='grc' dir='ltr'>Ἁγίων</span> <span class='ocrx_word' id='word_1_582' title='bbox 3642 3366 3912 3421; x_wconf 83' lang='grc' dir='ltr'>’Δποστό-</span> 
     </span>
    </p>
   </div>
   <div class='ocr_carea' id='block_1_83' title="bbox 2271 3452 3910 3532">
    <p class='ocr_par' dir='ltr' id='par_1_83' title="bbox 2271 3452 3910 3532">
     <span class='ocr_line' id='line_1_83' title="bbox 2271 3452 3910 3532; baseline -0.002 -20"><span class='ocrx_word' id='word_1_583' title='bbox 2271 3455 2408 3526; x_wconf 89' lang='grc' dir='ltr'>λων,</span> <span class='ocrx_word' id='word_1_584' title='bbox 2441 3453 2661 3532; x_wconf 87' lang='grc' dir='ltr'>δέχεται</span> <span class='ocrx_word' id='word_1_585' title='bbox 2693 3457 2721 3510; x_wconf 88' lang='lat'><strong>6</strong></span> <span class='ocrx_word' id='word_1_586' title='bbox 2749 3452 3044 3532; x_wconf 77' lang='grc' dir='ltr'>δήμαρχος</span> <span class='ocrx_word' id='word_1_587' title='bbox 3072 3458 3180 3509; x_wconf 85' lang='grc' dir='ltr'><strong>τῶν</strong></span> <span class='ocrx_word' id='word_1_588' title='bbox 3215 3453 3491 3528; x_wconf 88' lang='grc' dir='ltr'>Πρασίνων</span> <span class='ocrx_word' id='word_1_589' title='bbox 3528 3456 3662 3528; x_wconf 84' lang='grc' dir='ltr'>μετᾶ</span> <span class='ocrx_word' id='word_1_590' title='bbox 3693 3455 3784 3510; x_wconf 85' lang='grc' dir='ltr'>καί</span> <span class='ocrx_word' id='word_1_591' title='bbox 3813 3459 3910 3510; x_wconf 80' lang='grc' dir='ltr'><strong>τοῦ</strong></span> 
     </span>
    </p>
   </div>
   <div class='ocr_carea' id='block_1_84' title="bbox 2270 3540 3905 3623">
    <p class='ocr_par' dir='ltr' id='par_1_84' title="bbox 2270 3540 3905 3623">
     <span class='ocr_line' id='line_1_84' title="bbox 2270 3540 3905 3623; baseline -0.003 -20"><span class='ocrx_word' id='word_1_592' title='bbox 2270 3543 2451 3620; x_wconf 76' lang='grc' dir='ltr'>δήμου</span> <span class='ocrx_word' id='word_1_593' title='bbox 2478 3551 2576 3603; x_wconf 88' lang='lat'><strong>106</strong></span> <span class='ocrx_word' id='word_1_594' title='bbox 2609 3545 2852 3623; x_wconf 75' lang='grc' dir='ltr'>ῥουσίου,</span> <span class='ocrx_word' id='word_1_595' title='bbox 2874 3545 2964 3600; x_wconf 85' lang='grc' dir='ltr'><strong>καὶ</strong></span> <span class='ocrx_word' id='word_1_596' title='bbox 2999 3540 3284 3599; x_wconf 84' lang='grc' dir='ltr'>ἐπιδίδωσι</span> <span class='ocrx_word' id='word_1_597' title='bbox 3313 3543 3402 3598; x_wconf 80' lang='grc' dir='ltr'>καὶ</span> <span class='ocrx_word' id='word_1_598' title='bbox 3452 3543 3612 3606; x_wconf 81' lang='grc' dir='ltr'>αὐτὸς</span> <span class='ocrx_word' id='word_1_599' title='bbox 3671 3545 3905 3616; x_wconf 86' lang='grc' dir='ltr'>ὁμοίως.</span> 
     </span>
    </p>
   </div>
   <div class='ocr_carea' id='block_1_85' title="bbox 2268 3630 3906 3710">
    <p class='ocr_par' dir='ltr' id='par_1_85' title="bbox 2268 3630 3906 3710">
     <span class='ocr_line' id='line_1_85' title="bbox 2268 3630 3906 3710; baseline -0.002 -19"><span class='ocrx_word' id='word_1_600' title='bbox 2268 3637 2367 3691; x_wconf 84' lang='grc' dir='ltr'>Καὶ</span> <span class='ocrx_word' id='word_1_601' title='bbox 2400 3637 2498 3701; x_wconf 81' lang='grc' dir='ltr'><strong>εἶθ’</strong></span> <span class='ocrx_word' id='word_1_602' title='bbox 2534 3635 2709 3697; x_wconf 77' lang='grc' dir='ltr'>οὕτως</span> <span class='ocrx_word' id='word_1_603' title='bbox 2745 3634 3080 3710; x_wconf 75' lang='grc' dir='ltr'>ἀπέρχονται</span> <span class='ocrx_word' id='word_1_604' title='bbox 3119 3634 3172 3687; x_wconf 80' lang='grc' dir='ltr'>οἱ</span> <span class='ocrx_word' id='word_1_605' title='bbox 3231 3630 3505 3701; x_wconf 88' lang='grc' dir='ltr'>δεσπόται,</span> <span class='ocrx_word' id='word_1_606' title='bbox 3538 3635 3625 3688; x_wconf 80' lang='grc' dir='ltr'><strong>καὶ</strong></span> <span class='ocrx_word' id='word_1_607' title='bbox 3687 3630 3906 3708; x_wconf 84' lang='grc' dir='ltr'>δέχεται</span> 
     </span>
    </p>
   </div>
   <div class='ocr_carea' id='block_1_86' title="bbox 2264 3719 3905 3800">
    <p class='ocr_par' dir='ltr' id='par_1_86' title="bbox 2264 3719 3905 3800">
     <span class='ocr_line' id='line_1_86' title="bbox 2264 3719 3905 3800; baseline -0.002 -19"><span class='ocrx_word' id='word_1_608' title='bbox 2264 3725 2544 3788; x_wconf 89' lang='grc' dir='ltr'>τούτουςὸ</span> <span class='ocrx_word' id='word_1_609' title='bbox 2591 3723 2939 3800; x_wconf 83' lang='grc' dir='ltr'>πατριάρχης</span> <span class='ocrx_word' id='word_1_610' title='bbox 2979 3721 3080 3793; x_wconf 79' lang='grc' dir='ltr'><strong>ἔξω</strong></span> <span class='ocrx_word' id='word_1_611' title='bbox 3127 3726 3234 3777; x_wconf 84' lang='grc' dir='ltr'><strong>τῶν</strong></span> <span class='ocrx_word' id='word_1_612' title='bbox 3282 3719 3576 3799; x_wconf 86' lang='grc' dir='ltr'>κιγκλίδων</span> <span class='ocrx_word' id='word_1_613' title='bbox 3619 3725 3720 3777; x_wconf 87' lang='lat'><strong>106</strong></span> <span class='ocrx_word' id='word_1_614' title='bbox 3754 3722 3905 3798; x_wconf 76' lang='grc' dir='ltr'>ἁγίου</span> 
     </span>
    </p>
   </div>
   <div class='ocr_carea' id='block_1_87' title="bbox 2271 3810 3904 3892">
    <p class='ocr_par' dir='ltr' id='par_1_87' title="bbox 2271 3810 3904 3892">
     <span class='ocr_line' id='line_1_87' title="bbox 2271 3810 3904 3892; baseline -0.002 -22"><span class='ocrx_word' id='word_1_615' title='bbox 2271 3815 2543 3892; x_wconf 79' lang='grc' dir='ltr'>βήματος,</span> <span class='ocrx_word' id='word_1_616' title='bbox 2575 3813 2666 3868; x_wconf 84' lang='grc' dir='ltr'>καὶ</span> <span class='ocrx_word' id='word_1_617' title='bbox 2725 3813 3046 3882; x_wconf 81' lang='grc' dir='ltr'>ἀσπάζονται</span> <span class='ocrx_word' id='word_1_618' title='bbox 3100 3810 3406 3884; x_wconf 76' lang='grc' dir='ltr'>ἀλλήλους,</span> <span class='ocrx_word' id='word_1_619' title='bbox 3437 3811 3526 3866; x_wconf 80' lang='grc' dir='ltr'><strong>καὶ</strong></span> <span class='ocrx_word' id='word_1_620' title='bbox 3567 3811 3904 3887; x_wconf 76' lang='grc' dir='ltr'>εἰσέρχονται</span> 
     </span>
    </p>
   </div>
   <div class='ocr_carea' id='block_1_88' title="bbox 2267 3898 3904 3978">
    <p class='ocr_par' dir='ltr' id='par_1_88' title="bbox 2267 3898 3904 3978">
     <span class='ocr_line' id='line_1_88' title="bbox 2267 3898 3904 3978; baseline -0.001 -20"><span class='ocrx_word' id='word_1_621' title='bbox 2267 3906 2380 3978; x_wconf 76' lang='grc' dir='ltr'>ἅμα</span> <span class='ocrx_word' id='word_1_622' title='bbox 2409 3903 2484 3965; x_wconf 86' lang='grc' dir='ltr'><strong>εἰς</strong></span> <span class='ocrx_word' id='word_1_623' title='bbox 2507 3903 2571 3958; x_wconf 89' lang='grc' dir='ltr'>τὸ</span> <span class='ocrx_word' id='word_1_624' title='bbox 2611 3903 3012 3976; x_wconf 81' lang='grc' dir='ltr'>θυσιαστήριον,</span> <span class='ocrx_word' id='word_1_625' title='bbox 3043 3901 3133 3956; x_wconf 79' lang='grc' dir='ltr'><strong>καὶ</strong></span> <span class='ocrx_word' id='word_1_626' title='bbox 3183 3899 3509 3970; x_wconf 76' lang='grc' dir='ltr'>ἀσπάζονται</span> <span class='ocrx_word' id='word_1_627' title='bbox 3558 3900 3607 3955; x_wconf 80' lang='lat' dir='ltr'><strong>oi</strong></span> <span class='ocrx_word' id='word_1_628' title='bbox 3651 3898 3904 3956; x_wconf 84' lang='grc' dir='ltr'>δεσπόται</span> 
     </span>
    </p>
   </div>
   <div class='ocr_carea' id='block_1_89' title="bbox 2263 3985 3902 4070">
    <p class='ocr_par' dir='ltr' id='par_1_89' title="bbox 2263 3985 3902 4070">
     <span class='ocr_line' id='line_1_89' title="bbox 2263 3985 3902 4070; baseline 0 -23"><span class='ocrx_word' id='word_1_629' title='bbox 2263 3993 2364 4062; x_wconf 80' lang='grc' dir='ltr'>τὴν</span> <span class='ocrx_word' id='word_1_630' title='bbox 2391 3989 2617 4061; x_wconf 78' lang='grc' dir='ltr'>ἐνδυτῆν</span> <span class='ocrx_word' id='word_1_631' title='bbox 2643 3991 2734 4070; x_wconf 61' lang='grc' dir='ltr'><strong>καῖ</strong></span> <span class='ocrx_word' id='word_1_632' title='bbox 2772 3990 2835 4046; x_wconf 86' lang='grc' dir='ltr'>τὸ</span> <span class='ocrx_word' id='word_1_633' title='bbox 2892 3991 3048 4066; x_wconf 77' lang='grc' dir='ltr'>ἅγιον</span> <span class='ocrx_word' id='word_1_634' title='bbox 3097 3989 3452 4065; x_wconf 84' lang='grc' dir='ltr'>Εὐαγγέλιον,</span> <span class='ocrx_word' id='word_1_635' title='bbox 3493 3985 3754 4061; x_wconf 90' lang='grc' dir='ltr'>δηλονότι</span> <span class='ocrx_word' id='word_1_636' title='bbox 3804 3991 3902 4047; x_wconf 76' lang='grc' dir='ltr'><strong>ὑπὸ</strong></span> 
     </span>
    </p>
   </div>
   <div class='ocr_carea' id='block_1_90' title="bbox 2264 4075 3901 4157">
    <p class='ocr_par' dir='ltr' id='par_1_90' title="bbox 2264 4075 3901 4157">
     <span class='ocr_line' id='line_1_90' title="bbox 2264 4075 3901 4157; baseline -0.001 -23"><span class='ocrx_word' id='word_1_637' title='bbox 2264 4083 2362 4135; x_wconf 88' lang='lat'><strong>106</strong></span> <span class='ocrx_word' id='word_1_638' title='bbox 2390 4080 2734 4154; x_wconf 76' lang='grc' dir='ltr'>πατριάρχου</span> <span class='ocrx_word' id='word_1_639' title='bbox 2767 4076 3201 4157; x_wconf 76' lang='grc' dir='ltr'>προσφερόμενα,</span> <span class='ocrx_word' id='word_1_640' title='bbox 3233 4077 3323 4132; x_wconf 82' lang='grc' dir='ltr'><strong>καὶ</strong></span> <span class='ocrx_word' id='word_1_641' title='bbox 3361 4075 3607 4152; x_wconf 72' lang='grc' dir='ltr'>αἴρουσιν</span> <span class='ocrx_word' id='word_1_642' title='bbox 3655 4078 3761 4133; x_wconf 81' lang='grc' dir='ltr'>ἀπὸ</span> <span class='ocrx_word' id='word_1_643' title='bbox 3796 4082 3901 4134; x_wconf 84' lang='grc' dir='ltr'><strong>τῶν</strong></span> 
     </span>
    </p>
   </div>
   <div class='ocr_carea' id='block_1_91' title="bbox 2265 4163 3900 4240">
    <p class='ocr_par' dir='ltr' id='par_1_91' title="bbox 2265 4163 3900 4240">
     <span class='ocr_line' id='line_1_91' title="bbox 2265 4163 3900 4240; baseline -0.001 -16"><span class='ocrx_word' id='word_1_644' title='bbox 2265 4168 2436 4224; x_wconf 82' lang='grc' dir='ltr'>ἐκεῖσε</span> <span class='ocrx_word' id='word_1_645' title='bbox 2464 4167 2564 4237; x_wconf 82' lang='grc' dir='ltr'><strong>τήν</strong></span> <span class='ocrx_word' id='word_1_646' title='bbox 2611 4166 2793 4239; x_wconf 76' lang='grc' dir='ltr'>λιτὴν,</span> <span class='ocrx_word' id='word_1_647' title='bbox 2825 4163 3134 4240; x_wconf 78' lang='grc' dir='ltr'>ψάλλοντος</span> <span class='ocrx_word' id='word_1_648' title='bbox 3180 4170 3278 4221; x_wconf 89' lang='lat'><strong>106</strong></span> <span class='ocrx_word' id='word_1_649' title='bbox 3333 4164 3546 4240; x_wconf 78' lang='grc' dir='ltr'>κλήρου</span> <span class='ocrx_word' id='word_1_650' title='bbox 3572 4167 3656 4238; x_wconf 86' lang='grc' dir='ltr'>τὸ,</span> <span class='ocrx_word' id='word_1_651' title='bbox 3691 4190 3716 4221; x_wconf 75' lang='grc' dir='ltr'>ι</span> <span class='ocrx_word' id='word_1_652' title='bbox 3770 4166 3900 4238; x_wconf 85' lang='grc' dir='ltr'>Δόξα</span> 
     </span>
    </p>
   </div>
   <div class='ocr_carea' id='block_1_92' title="bbox 2265 4251 3896 4332">
    <p class='ocr_par' dir='ltr' id='par_1_92' title="bbox 2265 4251 3896 4332">
     <span class='ocr_line' id='line_1_92' title="bbox 2265 4251 3896 4332; baseline -0.001 -20"><span class='ocrx_word' id='word_1_653' title='bbox 2265 4257 2372 4325; x_wconf 85' lang='grc' dir='ltr'>σοὶ,</span> <span class='ocrx_word' id='word_1_654' title='bbox 2405 4257 2608 4332; x_wconf 72' lang='grc' dir='ltr'>Χριστὶ</span> <span class='ocrx_word' id='word_1_655' title='bbox 2639 4257 2666 4312; x_wconf 93' lang='lat'><strong>6</strong></span> <span class='ocrx_word' id='word_1_656' title='bbox 2706 4256 2858 4318; x_wconf 89' lang='grc' dir='ltr'>Θεός.</span> <span class='ocrx_word' id='word_1_657' title='bbox 2894 4276 2918 4308; x_wconf 74' lang='grc' dir='ltr'><strong>ι</strong></span> <span class='ocrx_word' id='word_1_658' title='bbox 2960 4259 3079 4310; x_wconf 87' lang='grc' dir='ltr'>Τῶν</span> <span class='ocrx_word' id='word_1_659' title='bbox 3118 4251 3176 4310; x_wconf 70' lang='grc' dir='ltr'>δὲ</span> <span class='ocrx_word' id='word_1_660' title='bbox 3207 4251 3480 4311; x_wconf 85' lang='grc' dir='ltr'>δεσποτῶν</span> <span class='ocrx_word' id='word_1_661' title='bbox 3529 4253 3896 4331; x_wconf 80' lang='grc' dir='ltr'>ἐξερχομένων</span> 
     </span>
    </p>
   </div>
   <div class='ocr_carea' id='block_1_93' title="bbox 2261 4339 3897 4422">
    <p class='ocr_par' dir='ltr' id='par_1_93' title="bbox 2261 4339 3897 4422">
     <span class='ocr_line' id='line_1_93' title="bbox 2261 4339 3897 4422; baseline 0.001 -21"><span class='ocrx_word' id='word_1_662' title='bbox 2261 4346 2324 4401; x_wconf 83' lang='grc' dir='ltr'>τὸ</span> <span class='ocrx_word' id='word_1_663' title='bbox 2363 4346 2539 4422; x_wconf 85' lang='grc' dir='ltr'>βῆμα,</span> <span class='ocrx_word' id='word_1_664' title='bbox 2589 4339 2924 4418; x_wconf 86' lang='grc' dir='ltr'>λαμϐάνουσι</span> <span class='ocrx_word' id='word_1_665' title='bbox 2977 4343 3126 4420; x_wconf 84' lang='grc' dir='ltr'><strong>παρᾶ</strong></span> <span class='ocrx_word' id='word_1_666' title='bbox 3161 4347 3270 4400; x_wconf 84' lang='grc' dir='ltr'><strong>τῶν</strong></span> <span class='ocrx_word' id='word_1_667' title='bbox 3310 4344 3687 4420; x_wconf 86' lang='grc' dir='ltr'>πραιποσίτων</span> <span class='ocrx_word' id='word_1_668' title='bbox 3735 4347 3897 4421; x_wconf 85' lang='grc' dir='ltr'>κηρία</span> 
     </span>
    </p>
   </div>
   <div class='ocr_carea' id='block_1_94' title="bbox 2264 4433 3898 4510">
    <p class='ocr_par' dir='ltr' id='par_1_94' title="bbox 2264 4433 3898 4510">
     <span class='ocr_line' id='line_1_94' title="bbox 2264 4433 3898 4510; baseline -0.001 -19"><span class='ocrx_word' id='word_1_669' title='bbox 2264 4435 2560 4504; x_wconf 87' lang='grc' dir='ltr'>λιτανίκια,</span> <span class='ocrx_word' id='word_1_670' title='bbox 2589 4435 2680 4491; x_wconf 82' lang='grc' dir='ltr'><strong>καὶ</strong></span> <span class='ocrx_word' id='word_1_671' title='bbox 2737 4435 2850 4508; x_wconf 75' lang='grc' dir='ltr'>ἅμα</span> <span class='ocrx_word' id='word_1_672' title='bbox 2877 4439 2976 4490; x_wconf 81' lang='grc' dir='ltr'><strong>τοῦ</strong></span> <span class='ocrx_word' id='word_1_673' title='bbox 3017 4435 3364 4510; x_wconf 86' lang='grc' dir='ltr'>πατριάρχου</span> <span class='ocrx_word' id='word_1_674' title='bbox 3413 4433 3750 4491; x_wconf 86' lang='grc' dir='ltr'>λιτανεύουσι</span> <span class='ocrx_word' id='word_1_675' title='bbox 3805 4435 3898 4510; x_wconf 76' lang='grc' dir='ltr'><strong>μὲ-</strong></span> 
     </span>
    </p>
   </div>
   <div class='ocr_carea' id='block_1_95' title="bbox 2263 4522 3897 4609">
    <p class='ocr_par' dir='ltr' id='par_1_95' title="bbox 2263 4522 3897 4609">
     <span class='ocr_line' id='line_1_95' title="bbox 2263 4522 3897 4609; baseline 0 -31"><span class='ocrx_word' id='word_1_676' title='bbox 2263 4543 2360 4604; x_wconf 82' lang='grc' dir='ltr'><strong>χρι</strong></span> <span class='ocrx_word' id='word_1_677' title='bbox 2419 4529 2526 4580; x_wconf 90' lang='grc' dir='ltr'><strong>τῶν</strong></span> <span class='ocrx_word' id='word_1_678' title='bbox 2575 4523 2773 4609; x_wconf 83' lang='grc' dir='ltr'>Ἀγίων</span> <span class='ocrx_word' id='word_1_679' title='bbox 2829 4525 3064 4593; x_wconf 85' lang='grc' dir='ltr'>πάντων,</span> <span class='ocrx_word' id='word_1_680' title='bbox 3123 4524 3213 4579; x_wconf 84' lang='grc' dir='ltr'><strong>καὶ</strong></span> <span class='ocrx_word' id='word_1_681' title='bbox 3261 4531 3363 4594; x_wconf 86' lang='grc' dir='ltr'><strong>τῆς</strong></span> <span class='ocrx_word' id='word_1_682' title='bbox 3421 4522 3749 4588; x_wconf 75' lang='grc' dir='ltr'>ἀκολουθίας</span> <span class='ocrx_word' id='word_1_683' title='bbox 3797 4529 3897 4582; x_wconf 85' lang='grc' dir='ltr'><strong>τῶν</strong></span> 
     </span>
    </p>
   </div>
   <div class='ocr_carea' id='block_1_96' title="bbox 507 4609 2154 4696">
    <p class='ocr_par' dir='ltr' id='par_1_96' title="bbox 507 4617 2145 4696">
     <span class='ocr_line' id='line_1_96' title="bbox 507 4617 2145 4696; baseline -0.007 -15"><span class='ocrx_word' id='word_1_684' title='bbox 507 4625 772 4682; x_wconf 88' lang='lat' dir='ltr'><strong>cessione</strong></span> <span class='ocrx_word' id='word_1_685' title='bbox 811 4641 842 4681; x_wconf 93' lang='lat' dir='ltr'><strong>e</strong></span> <span class='ocrx_word' id='word_1_686' title='bbox 881 4625 1111 4681; x_wconf 88' lang='lat' dir='ltr'><strong>bemate</strong></span> <span class='ocrx_word' id='word_1_687' title='bbox 1139 4623 1503 4696; x_wconf 86' lang='lat' dir='ltr'><strong>egredientes</strong></span> <span class='ocrx_word' id='word_1_688' title='bbox 1533 4617 1829 4689; x_wconf 90' lang='lat' dir='ltr'><strong>accipiunt</strong></span> <span class='ocrx_word' id='word_1_689' title='bbox 1859 4632 1892 4670; x_wconf 87' lang='lat' dir='ltr'><strong>a</strong></span> <span class='ocrx_word' id='word_1_690' title='bbox 1921 4629 2145 4686; x_wconf 71' lang='lat' dir='ltr'><strong>praepo-</strong></span> 
     </span>
    </p>
   </div>
   <div class='ocr_carea' id='block_1_97' title="bbox 2263 4609 3894 4696">
    <p class='ocr_par' dir='ltr' id='par_1_97' title="bbox 2263 4611 3894 4692">
     <span class='ocr_line' id='line_1_97' title="bbox 2263 4611 3894 4692; baseline 0.001 -23"><span class='ocrx_word' id='word_1_691' title='bbox 2263 4613 2502 4687; x_wconf 72' lang='grc' dir='ltr'>ὶνοίξεων</span> <span class='ocrx_word' id='word_1_692' title='bbox 2557 4613 2925 4684; x_wconf 85' lang='grc' dir='ltr'>τελεσθείσης,</span> <span class='ocrx_word' id='word_1_693' title='bbox 2993 4611 3162 4691; x_wconf 76' lang='grc' dir='ltr'>ἤγουν</span> <span class='ocrx_word' id='word_1_694' title='bbox 3233 4618 3340 4669; x_wconf 86' lang='grc' dir='ltr'><strong>τῶν</strong></span> <span class='ocrx_word' id='word_1_695' title='bbox 3417 4612 3735 4692; x_wconf 81' lang='grc' dir='ltr'>ἐγκαινίων,</span> <span class='ocrx_word' id='word_1_696' title='bbox 3793 4613 3894 4670; x_wconf 67' lang='grc' dir='ltr'>εἴσ-</span> 
     </span>
    </p>
   </div>
   <div class='ocr_carea' id='block_1_98' title="bbox 506 4703 2150 4786">
    <p class='ocr_par' dir='ltr' id='par_1_98' title="bbox 506 4703 2150 4786">
     <span class='ocr_line' id='line_1_98' title="bbox 506 4703 2150 4786; baseline -0.009 -14"><span class='ocrx_word' id='word_1_697' title='bbox 506 4714 633 4772; x_wconf 89' lang='lat' dir='ltr'><strong>sitis</strong></span> <span class='ocrx_word' id='word_1_698' title='bbox 650 4729 845 4771; x_wconf 89' lang='lat' dir='ltr'><strong>cereos</strong></span> <span class='ocrx_word' id='word_1_699' title='bbox 868 4713 1347 4786; x_wconf 83' lang='lat' dir='ltr'><strong>processionales,</strong></span> <span class='ocrx_word' id='word_1_700' title='bbox 1367 4713 1424 4764; x_wconf 91' lang='lat' dir='ltr'><strong>et</strong></span> <span class='ocrx_word' id='word_1_701' title='bbox 1444 4707 1547 4776; x_wconf 84' lang='lat' dir='ltr'><strong>sio,</strong></span> <span class='ocrx_word' id='word_1_702' title='bbox 1570 4705 1884 4763; x_wconf 86' lang='lat' dir='ltr'><strong>comitante</strong></span> <span class='ocrx_word' id='word_1_703' title='bbox 1906 4703 2150 4776; x_wconf 87' lang='lat' dir='ltr'><strong>patriar-</strong></span> 
     </span>
    </p>
   </div>
   <div class='ocr_carea' id='block_1_99' title="bbox 506 4793 2152 4875">
    <p class='ocr_par' dir='ltr' id='par_1_99' title="bbox 506 4793 2152 4875">
     <span class='ocr_line' id='line_1_99' title="bbox 506 4793 2152 4875; baseline -0.007 -16"><span class='ocrx_word' id='word_1_704' title='bbox 506 4803 635 4872; x_wconf 89' lang='lat' dir='ltr'><strong>cha,</strong></span> <span class='ocrx_word' id='word_1_705' title='bbox 653 4803 974 4875; x_wconf 86' lang='lat' dir='ltr'><strong>procedunt</strong></span> <span class='ocrx_word' id='word_1_706' title='bbox 991 4803 1288 4857; x_wconf 85' lang='lat' dir='ltr'><strong>cantantes</strong></span> <span class='ocrx_word' id='word_1_707' title='bbox 1303 4802 1533 4868; x_wconf 90' lang='lat' dir='ltr'><strong>Deoque</strong></span> <span class='ocrx_word' id='word_1_708' title='bbox 1545 4793 1944 4866; x_wconf 87' lang='lat' dir='ltr'><strong>supplicantes</strong></span> <span class='ocrx_word' id='word_1_709' title='bbox 1967 4807 2152 4862; x_wconf 88' lang='lat' dir='ltr'><strong>usque</strong></span> 
     </span>
    </p>
   </div>
   <div class='ocr_carea' id='block_1_100' title="bbox 503 4886 2150 4956">
    <p class='ocr_par' dir='ltr' id='par_1_100' title="bbox 503 4886 2150 4956">
     <span class='ocr_line' id='line_1_100' title="bbox 503 4886 2150 4956; baseline -0.009 -6"><span class='ocrx_word' id='word_1_710' title='bbox 503 4895 574 4950; x_wconf 90' lang='lat' dir='ltr'><strong>ad</strong></span> <span class='ocrx_word' id='word_1_711' title='bbox 605 4895 789 4950; x_wconf 66' lang='lat' dir='ltr'><strong>aedem</strong></span> <span class='ocrx_word' id='word_1_712' title='bbox 835 4896 1180 4950; x_wconf 81' lang='lat' dir='ltr'><strong>Sanctorum</strong></span> <span class='ocrx_word' id='word_1_713' title='bbox 1217 4888 1481 4944; x_wconf 90' lang='lat' dir='ltr'><strong>omnium</strong></span> <span class='ocrx_word' id='word_1_714' title='bbox 1515 4905 1530 4956; x_wconf 91' lang='lat'><strong>;</strong></span> <span class='ocrx_word' id='word_1_715' title='bbox 1563 4887 1661 4941; x_wconf 90' lang='lat' dir='ltr'><strong>ubi</strong></span> <span class='ocrx_word' id='word_1_716' title='bbox 1694 4887 1823 4955; x_wconf 86' lang='lat' dir='ltr'><strong>post</strong></span> <span class='ocrx_word' id='word_1_717' title='bbox 1857 4886 2150 4954; x_wconf 89' lang='lat' dir='ltr'><strong>peractum</strong></span> 
     </span>
    </p>
   </div>
   <div class='ocr_carea' id='block_1_101' title="bbox 507 4973 2152 5052">
    <p class='ocr_par' dir='ltr' id='par_1_101' title="bbox 507 4973 2152 5052">
     <span class='ocr_line' id='line_1_101' title="bbox 507 4973 2152 5052; baseline -0.008 -13"><span class='ocrx_word' id='word_1_718' title='bbox 507 4999 784 5039; x_wconf 74' lang='lat' dir='ltr'><strong>anmxeon</strong></span> <span class='ocrx_word' id='word_1_719' title='bbox 823 4999 924 5038; x_wconf 87' lang='lat' dir='ltr'><strong>seu</strong></span> <span class='ocrx_word' id='word_1_720' title='bbox 958 4980 1344 5052; x_wconf 84' lang='lat' dir='ltr'><strong>apertionum,</strong></span> <span class='ocrx_word' id='word_1_721' title='bbox 1385 4975 1497 5044; x_wconf 92' lang='lat' dir='ltr'><strong>vel,</strong></span> <span class='ocrx_word' id='word_1_722' title='bbox 1531 4975 1683 5047; x_wconf 92' lang='lat' dir='ltr'><strong>quod</strong></span> <span class='ocrx_word' id='word_1_723' title='bbox 1716 4973 1871 5028; x_wconf 89' lang='lat' dir='ltr'><strong>idem</strong></span> <span class='ocrx_word' id='word_1_724' title='bbox 1903 4975 2010 5041; x_wconf 88' lang='lat' dir='ltr'><strong>est,</strong></span> <span class='ocrx_word' id='word_1_725' title='bbox 2042 4987 2152 5027; x_wconf 88' lang='lat' dir='ltr'><strong>en-</strong></span> 
     </span>
    </p>
   </div>
   <div class='ocr_carea' id='block_1_102' title="bbox 507 5064 2148 5138">
    <p class='ocr_par' dir='ltr' id='par_1_102' title="bbox 507 5064 2148 5138">
     <span class='ocr_line' id='line_1_102' title="bbox 507 5064 2148 5138; baseline -0.009 -10"><span class='ocrx_word' id='word_1_726' title='bbox 507 5074 821 5128; x_wconf 66' lang='lat' dir='ltr'><strong>caeniorum</strong></span> <span class='ocrx_word' id='word_1_727' title='bbox 854 5071 1132 5132; x_wconf 83' lang='lat' dir='ltr'><strong>olﬁcium,</strong></span> <span class='ocrx_word' id='word_1_728' title='bbox 1167 5069 1246 5138; x_wconf 89' lang='lat' dir='ltr'><strong>(id</strong></span> <span class='ocrx_word' id='word_1_729' title='bbox 1281 5071 1369 5121; x_wconf 86' lang='lat' dir='ltr'><strong>est</strong></span> <span class='ocrx_word' id='word_1_730' title='bbox 1401 5067 1529 5136; x_wconf 90' lang='lat' dir='ltr'><strong>post</strong></span> <span class='ocrx_word' id='word_1_731' title='bbox 1560 5064 1746 5117; x_wconf 88' lang='lat' dir='ltr'><strong>dictas</strong></span> <span class='ocrx_word' id='word_1_732' title='bbox 1775 5076 1996 5133; x_wconf 89' lang='lat' dir='ltr'><strong>preces,</strong></span> <span class='ocrx_word' id='word_1_733' title='bbox 2022 5076 2148 5131; x_wconf 65' lang='lat' dir='ltr'><strong>quae</strong></span> 
     </span>
    </p>
   </div>
   <div class='ocr_carea' id='block_1_103' title="bbox 501 5149 2150 5217">
    <p class='ocr_par' dir='ltr' id='par_1_103' title="bbox 501 5149 2150 5217">
     <span class='ocr_line' id='line_1_103' title="bbox 501 5149 2150 5217; baseline -0.008 -2"><span class='ocrx_word' id='word_1_734' title='bbox 501 5161 561 5216; x_wconf 88' lang='lat' dir='ltr'><strong>in</strong></span> <span class='ocrx_word' id='word_1_735' title='bbox 588 5161 890 5217; x_wconf 88' lang='lat' dir='ltr'><strong>annuatim</strong></span> <span class='ocrx_word' id='word_1_736' title='bbox 919 5158 1246 5215; x_wconf 86' lang='lat' dir='ltr'><strong>renovanda</strong></span> <span class='ocrx_word' id='word_1_737' title='bbox 1268 5155 1544 5211; x_wconf 70' lang='lat' dir='ltr'><strong>dedicatae</strong></span> <span class='ocrx_word' id='word_1_738' title='bbox 1567 5152 1736 5206; x_wconf 85' lang='lat' dir='ltr'><strong>istius</strong></span> <span class='ocrx_word' id='word_1_739' title='bbox 1757 5149 1899 5204; x_wconf 67' lang='lat' dir='ltr'><strong>tedis</strong></span> <span class='ocrx_word' id='word_1_740' title='bbox 1931 5163 2150 5204; x_wconf 88' lang='lat' dir='ltr'><strong>memo-</strong></span> 
     </span>
    </p>
   </div>
   <div class='ocr_carea' id='block_1_104' title="bbox 501 5237 2148 5321">
    <p class='ocr_par' dir='ltr' id='par_1_104' title="bbox 501 5237 2148 5321">
     <span class='ocr_line' id='line_1_104' title="bbox 501 5237 2148 5321; baseline -0.009 -16"><span class='ocrx_word' id='word_1_741' title='bbox 501 5253 589 5307; x_wconf 86' lang='lat' dir='ltr'><strong>ria</strong></span> <span class='ocrx_word' id='word_1_742' title='bbox 609 5250 722 5305; x_wconf 91' lang='lat' dir='ltr'><strong>dici</strong></span> <span class='ocrx_word' id='word_1_743' title='bbox 745 5249 954 5317; x_wconf 87' lang='lat' dir='ltr'><strong>solent,</strong></span> <span class='ocrx_word' id='word_1_744' title='bbox 974 5253 1029 5306; x_wconf 87' lang='lat' dir='ltr'><strong>et</strong></span> <span class='ocrx_word' id='word_1_745' title='bbox 1051 5265 1153 5321; x_wconf 92' lang='lat' dir='ltr'><strong>per</strong></span> <span class='ocrx_word' id='word_1_746' title='bbox 1173 5263 1322 5320; x_wconf 86' lang='lat' dir='ltr'><strong>quas</strong></span> <span class='ocrx_word' id='word_1_747' title='bbox 1344 5241 1564 5300; x_wconf 87' lang='lat' dir='ltr'><strong>nemini</strong></span> <span class='ocrx_word' id='word_1_748' title='bbox 1585 5239 1657 5295; x_wconf 90' lang='lat' dir='ltr'><strong>ad</strong></span> <span class='ocrx_word' id='word_1_749' title='bbox 1680 5238 1941 5294; x_wconf 89' lang='lat' dir='ltr'><strong>clausam</strong></span> <span class='ocrx_word' id='word_1_750' title='bbox 1967 5237 2148 5292; x_wconf 62' lang='lat' dir='ltr'><strong>adem</strong></span> 
     </span>
    </p>
   </div>
   <div class='ocr_carea' id='block_1_105' title="bbox 2263 4698 3890 4780">
    <p class='ocr_par' dir='ltr' id='par_1_105' title="bbox 2263 4698 3890 4780">
     <span class='ocr_line' id='line_1_105' title="bbox 2263 4698 3890 4780; baseline 0.002 -24"><span class='ocrx_word' id='word_1_751' title='bbox 2263 4698 2507 4756; x_wconf 88' lang='grc' dir='ltr'>οδεύουσι</span> <span class='ocrx_word' id='word_1_752' title='bbox 2558 4701 2648 4756; x_wconf 84' lang='grc' dir='ltr'>καὶ</span> <span class='ocrx_word' id='word_1_753' title='bbox 2690 4701 3029 4780; x_wconf 74' lang='grc' dir='ltr'>εἰσέρχονται</span> <span class='ocrx_word' id='word_1_754' title='bbox 3086 4700 3140 4758; x_wconf 89' lang='grc' dir='ltr'><strong>ἐν</strong></span> <span class='ocrx_word' id='word_1_755' title='bbox 3195 4707 3277 4775; x_wconf 77' lang='grc' dir='ltr'><strong>τῷ</strong></span> <span class='ocrx_word' id='word_1_756' title='bbox 3340 4702 3572 4778; x_wconf 82' lang='grc' dir='ltr'>βήματι,</span> <span class='ocrx_word' id='word_1_757' title='bbox 3630 4704 3811 4767; x_wconf 83' lang='grc' dir='ltr'>καθὼς</span> <span class='ocrx_word' id='word_1_758' title='bbox 3860 4704 3890 4773; x_wconf 75' lang='grc' dir='ltr'>ἦ</span> 
     </span>
    </p>
   </div>
   <div class='ocr_carea' id='block_1_106' title="bbox 2259 4785 3890 4868">
    <p class='ocr_par' dir='ltr' id='par_1_106' title="bbox 2259 4785 3890 4868">
     <span class='ocr_line' id='line_1_106' title="bbox 2259 4785 3890 4868; baseline 0.001 -23"><span class='ocrx_word' id='word_1_759' title='bbox 2259 4793 2516 4862; x_wconf 76' lang='grc' dir='ltr'>συνήθεια</span> <span class='ocrx_word' id='word_1_760' title='bbox 2545 4785 2684 4865; x_wconf 79' lang='grc' dir='ltr'>ἔχει,</span> <span class='ocrx_word' id='word_1_761' title='bbox 2717 4790 2806 4845; x_wconf 87' lang='grc' dir='ltr'><strong>καὶ</strong></span> <span class='ocrx_word' id='word_1_762' title='bbox 2858 4791 2964 4847; x_wconf 85' lang='grc' dir='ltr'>ἀπὸ</span> <span class='ocrx_word' id='word_1_763' title='bbox 2991 4796 3097 4847; x_wconf 84' lang='grc' dir='ltr'><strong>τῶν</strong></span> <span class='ocrx_word' id='word_1_764' title='bbox 3141 4791 3310 4847; x_wconf 72' lang='grc' dir='ltr'>ἐκεῖσε</span> <span class='ocrx_word' id='word_1_765' title='bbox 3354 4789 3446 4847; x_wconf 70' lang='grc' dir='ltr'><strong>διὰ</strong></span> <span class='ocrx_word' id='word_1_766' title='bbox 3471 4797 3568 4848; x_wconf 84' lang='grc' dir='ltr'>τοῦ</span> <span class='ocrx_word' id='word_1_767' title='bbox 3597 4793 3737 4868; x_wconf 85' lang='grc' dir='ltr'>πρὸς</span> <span class='ocrx_word' id='word_1_768' title='bbox 3766 4793 3890 4848; x_wconf 80' lang='grc' dir='ltr'>ἀνα-</span> 
     </span>
    </p>
   </div>
   <div class='ocr_carea' id='block_1_107' title="bbox 2258 4875 3891 4959">
    <p class='ocr_par' dir='ltr' id='par_1_107' title="bbox 2258 4875 3891 4959">
     <span class='ocr_line' id='line_1_107' title="bbox 2258 4875 3891 4959; baseline 0.001 -25"><span class='ocrx_word' id='word_1_769' title='bbox 2258 4878 2430 4950; x_wconf 75' lang='grc' dir='ltr'>τολὴν</span> <span class='ocrx_word' id='word_1_770' title='bbox 2481 4875 2656 4950; x_wconf 83' lang='grc' dir='ltr'>δεξιοῦ</span> <span class='ocrx_word' id='word_1_771' title='bbox 2706 4881 2906 4955; x_wconf 75' lang='grc' dir='ltr'>μέρους</span> <span class='ocrx_word' id='word_1_772' title='bbox 2953 4880 3288 4959; x_wconf 76' lang='grc' dir='ltr'>εῗσέρχονται</span> <span class='ocrx_word' id='word_1_773' title='bbox 3351 4882 3405 4936; x_wconf 83' lang='grc' dir='ltr'><strong>ἐν</strong></span> <span class='ocrx_word' id='word_1_774' title='bbox 3473 4887 3554 4956; x_wconf 80' lang='grc' dir='ltr'>τῷ</span> <span class='ocrx_word' id='word_1_775' title='bbox 3627 4881 3891 4958; x_wconf 75' lang='grc' dir='ltr'>εὖκτηρίῳ</span> 
     </span>
    </p>
   </div>
   <div class='ocr_carea' id='block_1_108' title="bbox 2257 4967 3889 5048">
    <p class='ocr_par' dir='ltr' id='par_1_108' title="bbox 2257 4967 3889 5048">
     <span class='ocr_line' id='line_1_108' title="bbox 2257 4967 3889 5048; baseline 0.001 -24"><span class='ocrx_word' id='word_1_776' title='bbox 2257 4975 2357 5039; x_wconf 79' lang='grc' dir='ltr'>τῆς</span> <span class='ocrx_word' id='word_1_777' title='bbox 2391 4968 2558 5040; x_wconf 80' lang='grc' dir='ltr'>αὐτῆς</span> <span class='ocrx_word' id='word_1_778' title='bbox 2604 4967 2898 5041; x_wconf 76' lang='grc' dir='ltr'>ἐκκλησίας</span> <span class='ocrx_word' id='word_1_779' title='bbox 2954 4975 3050 5028; x_wconf 86' lang='lat'><strong>106</strong></span> <span class='ocrx_word' id='word_1_780' title='bbox 3106 4971 3265 5048; x_wconf 81' lang='grc' dir='ltr'>ἁγίου</span> <span class='ocrx_word' id='word_1_781' title='bbox 3325 4973 3601 5047; x_wconf 83' lang='grc' dir='ltr'>μάρτυρος</span> <span class='ocrx_word' id='word_1_782' title='bbox 3643 4973 3889 5041; x_wconf 79' lang='grc' dir='ltr'>Λέοντος,</span> 
     </span>
    </p>
   </div>
   <div class='ocr_carea' id='block_1_109' title="bbox 2255 5056 3893 5136">
    <p class='ocr_par' dir='ltr' id='par_1_109' title="bbox 2255 5056 3893 5136">
     <span class='ocr_line' id='line_1_109' title="bbox 2255 5056 3893 5136; baseline 0.001 -21"><span class='ocrx_word' id='word_1_783' title='bbox 2255 5060 2470 5115; x_wconf 86' lang='grc' dir='ltr'>κάκεῖσε</span> <span class='ocrx_word' id='word_1_784' title='bbox 2501 5056 2590 5114; x_wconf 83' lang='grc' dir='ltr'><strong>διὰ</strong></span> <span class='ocrx_word' id='word_1_785' title='bbox 2633 5067 2733 5130; x_wconf 80' lang='grc' dir='ltr'>τῆς</span> <span class='ocrx_word' id='word_1_786' title='bbox 2765 5059 2990 5133; x_wconf 80' lang='grc' dir='ltr'>τρίσσῆς</span> <span class='ocrx_word' id='word_1_787' title='bbox 3034 5063 3170 5135; x_wconf 85' lang='grc' dir='ltr'>μετᾶ</span> <span class='ocrx_word' id='word_1_788' title='bbox 3209 5066 3317 5118; x_wconf 87' lang='grc' dir='ltr'><strong>τῶν</strong></span> <span class='ocrx_word' id='word_1_789' title='bbox 3375 5065 3561 5136; x_wconf 88' lang='grc' dir='ltr'>κηρῶν</span> <span class='ocrx_word' id='word_1_790' title='bbox 3600 5061 3893 5135; x_wconf 71' lang='grc' dir='ltr'>προσκυνή-</span> 
     </span>
    </p>
   </div>
   <div class='ocr_carea' id='block_1_110' title="bbox 2259 5147 3891 5227">
    <p class='ocr_par' dir='ltr' id='par_1_110' title="bbox 2259 5147 3891 5227">
     <span class='ocr_line' id='line_1_110' title="bbox 2259 5147 3891 5227; baseline 0.001 -24"><span class='ocrx_word' id='word_1_791' title='bbox 2259 5168 2394 5212; x_wconf 89' lang='grc' dir='ltr'>σεως</span> <span class='ocrx_word' id='word_1_792' title='bbox 2451 5147 2945 5224; x_wconf 79' lang='grc' dir='ltr'>ἀπευχαριστοῦσιν</span> <span class='ocrx_word' id='word_1_793' title='bbox 3001 5154 3081 5222; x_wconf 85' lang='grc' dir='ltr'>τῷ</span> <span class='ocrx_word' id='word_1_794' title='bbox 3137 5154 3274 5222; x_wconf 82' lang='grc' dir='ltr'>Θεῷ,</span> <span class='ocrx_word' id='word_1_795' title='bbox 3305 5149 3396 5205; x_wconf 84' lang='grc' dir='ltr'><strong>καὶ</strong></span> <span class='ocrx_word' id='word_1_796' title='bbox 3428 5147 3628 5214; x_wconf 76' lang='grc' dir='ltr'>εὐθέως</span> <span class='ocrx_word' id='word_1_797' title='bbox 3657 5150 3891 5227; x_wconf 77' lang='grc' dir='ltr'>ἀποχαι-</span> 
     </span>
    </p>
   </div>
   <div class='ocr_carea' id='block_1_111' title="bbox 2259 5237 3889 5315">
    <p class='ocr_par' dir='ltr' id='par_1_111' title="bbox 2259 5237 3889 5315">
     <span class='ocr_line' id='line_1_111' title="bbox 2259 5237 3889 5315; baseline 0 -22"><span class='ocrx_word' id='word_1_798' title='bbox 2259 5237 2528 5311; x_wconf 81' lang='grc' dir='ltr'>ρετίζουσι</span> <span class='ocrx_word' id='word_1_799' title='bbox 2577 5239 2670 5294; x_wconf 86' lang='grc' dir='ltr'>τὸν</span> <span class='ocrx_word' id='word_1_800' title='bbox 2727 5239 3100 5315; x_wconf 85' lang='grc' dir='ltr'>πατριάρχην,</span> <span class='ocrx_word' id='word_1_801' title='bbox 3129 5243 3324 5295; x_wconf 76' lang='grc' dir='ltr'>τοῦτον</span> <span class='ocrx_word' id='word_1_802' title='bbox 3366 5237 3752 5313; x_wconf 82' lang='grc' dir='ltr'>ἀσπαζόμενοι.</span> <span class='ocrx_word' id='word_1_803' title='bbox 3796 5237 3889 5296; x_wconf 80' lang='grc' dir='ltr'>Καὶ</span> 
     </span>
    </p>
   </div>
   <div class='ocr_carea' id='block_1_112' title="bbox 1533 5391 2844 5453">
    <p class='ocr_par' dir='ltr' id='par_1_112' title="bbox 1533 5391 2844 5453">
     <span class='ocr_line' id='line_1_112' title="bbox 1533 5391 2844 5453; baseline -0.001 0"><span class='ocrx_word' id='word_1_804' title='bbox 1533 5391 1737 5453; x_wconf 79' lang='lat' dir='ltr'><strong>JOAN.</strong></span> <span class='ocrx_word' id='word_1_805' title='bbox 1776 5393 1919 5448; x_wconf 79' lang='lat' dir='ltr'><strong>JAC.</strong></span> <span class='ocrx_word' id='word_1_806' title='bbox 1961 5391 2221 5448; x_wconf 78' lang='lat' dir='ltr'><strong>REISKII</strong></span> <span class='ocrx_word' id='word_1_807' title='bbox 2261 5393 2844 5452; x_wconf 80' lang='lat' dir='ltr'><strong>COMMENTARIUS.</strong></span> 
     </span>
    </p>
   </div>
   <div class='ocr_carea' id='block_1_113' title="bbox 572 5515 3886 5603">
    <p class='ocr_par' dir='ltr' id='par_1_113' title="bbox 572 5515 3886 5603">
     <span class='ocr_line' id='line_1_113' title="bbox 572 5515 3886 5603; baseline -0.002 -18"><span class='ocrx_word' id='word_1_808' title='bbox 572 5530 648 5603; x_wconf 91' lang='lat'>(8)</span> <span class='ocrx_word' id='word_1_809' title='bbox 679 5531 764 5587; x_wconf 86' lang='lat' dir='ltr'><strong>Ita</strong></span> <span class='ocrx_word' id='word_1_810' title='bbox 793 5535 883 5587; x_wconf 90' lang='lat' dir='ltr'><strong>est</strong></span> <span class='ocrx_word' id='word_1_811' title='bbox 911 5529 970 5586; x_wconf 93' lang='lat' dir='ltr'><strong>in</strong></span> <span class='ocrx_word' id='word_1_812' title='bbox 1002 5526 1354 5603; x_wconf 82' lang='lat' dir='ltr'><strong>membranis</strong></span> <span class='ocrx_word' id='word_1_813' title='bbox 1371 5539 1485 5603; x_wconf 92' lang='lat' dir='ltr'><strong>_pro</strong></span> <span class='ocrx_word' id='word_1_814' title='bbox 1503 5516 1956 5603; x_wconf 57' lang='lat' dir='ltr'><strong>_§np_v.yeodpsyoz,</strong></span> <span class='ocrx_word' id='word_1_815' title='bbox 1989 5515 2141 5588; x_wconf 92' lang='lat' dir='ltr'><strong>quod</strong></span> <span class='ocrx_word' id='word_1_816' title='bbox 2253 5515 2572 5603; x_wconf 81' lang='lat' dir='ltr'><strong>imperator</strong></span> <span class='ocrx_word' id='word_1_817' title='bbox 2599 5535 2668 5575; x_wconf 80' lang='lat' dir='ltr'><strong>ex</strong></span> <span class='ocrx_word' id='word_1_818' title='bbox 2706 5521 2827 5603; x_wconf 64' lang='lat' dir='ltr'><strong>ede</strong></span> <span class='ocrx_word' id='word_1_819' title='bbox 2857 5521 2953 5603; x_wconf 76' lang='lat' dir='ltr'><strong>SS.</strong></span> <span class='ocrx_word' id='word_1_820' title='bbox 2984 5520 3259 5603; x_wconf 77' lang='lat' dir='ltr'><strong>omnium</strong></span> <span class='ocrx_word' id='word_1_821' title='bbox 3301 5521 3358 5577; x_wconf 91' lang='lat' dir='ltr'><strong>in</strong></span> <span class='ocrx_word' id='word_1_822' title='bbox 3379 5522 3569 5600; x_wconf 9' lang='lat' dir='ltr'><strong>vadem</strong></span> <span class='ocrx_word' id='word_1_823' title='bbox 3601 5521 3703 5578; x_wconf 88' lang='lat' dir='ltr'><strong>SS.</strong></span> <span class='ocrx_word' id='word_1_824' title='bbox 3737 5523 3886 5592; x_wconf 82' lang='lat' dir='ltr'><strong>Apo-</strong></span> 
     </span>
    </p>
   </div>
   <div class='ocr_carea' id='block_1_114' title="bbox 499 5592 1892 5671">
    <p class='ocr_par' dir='ltr' id='par_1_114' title="bbox 499 5592 1892 5671">
     <span class='ocr_line' id='line_1_114' title="bbox 499 5592 1892 5671; baseline -0.009 -16"><span class='ocrx_word' id='word_1_825' title='bbox 499 5592 883 5670; x_wconf 72' lang='lat' dir='ltr'><strong>préeéedentia</strong></span> <span class='ocrx_word' id='word_1_826' title='bbox 909 5604 967 5656; x_wconf 89' lang='lat' dir='ltr'><strong>et</strong></span> <span class='ocrx_word' id='word_1_827' title='bbox 996 5599 1302 5671; x_wconf 88' lang='lat' dir='ltr'><strong>sequentia</strong></span> <span class='ocrx_word' id='word_1_828' title='bbox 1331 5592 1892 5671; x_wconf 30' lang='lat' dir='ltr'><strong>pluraliaiﬂagitant.</strong></span> 
     </span>
    </p>
   </div>
   <div class='ocr_carea' id='block_1_115' title="bbox 571 5662 2140 5739">
    <p class='ocr_par' dir='ltr' id='par_1_115' title="bbox 571 5662 2140 5739">
     <span class='ocr_line' id='line_1_115' title="bbox 571 5662 2140 5739; baseline -0.006 -16"><span class='ocrx_word' id='word_1_829' title='bbox 571 5670 648 5739; x_wconf 84' lang='lat'><strong>(9)</strong></span> <span class='ocrx_word' id='word_1_830' title='bbox 681 5672 770 5726; x_wconf 89' lang='lat' dir='ltr'><strong>Ita</strong></span> <span class='ocrx_word' id='word_1_831' title='bbox 825 5662 1199 5727; x_wconf 47' lang='lat' dir='ltr'><strong>membra-nae.</strong></span> <span class='ocrx_word' id='word_1_832' title='bbox 1238 5662 1568 5739; x_wconf 54' lang='lat' dir='ltr'><strong>Contentus</strong></span> <span class='ocrx_word' id='word_1_833' title='bbox 1589 5662 1788 5739; x_wconf 76' lang='lat' dir='ltr'><strong>tamen</strong></span> <span class='ocrx_word' id='word_1_834' title='bbox 1823 5662 2140 5739; x_wconf 59' lang='lat' dir='ltr'><strong>monstrat,</strong></span> 
     </span>
    </p>
   </div>
   <div class='ocr_carea' id='block_1_116' title="bbox 500 5729 2140 5812">
    <p class='ocr_par' dir='ltr' id='par_1_116' title="bbox 500 5729 2140 5812">
     <span class='ocr_line' id='line_1_116' title="bbox 500 5729 2140 5812; baseline -0.005 -16"><span class='ocrx_word' id='word_1_835' title='bbox 500 5729 815 5810; x_wconf 70' lang='lat' dir='ltr'><strong>legendum</strong></span> <span class='ocrx_word' id='word_1_836' title='bbox 863 5756 991 5798; x_wconf 85' lang='lat' dir='ltr'><strong>esse</strong></span> <span class='ocrx_word' id='word_1_837' title='bbox 1021 5741 1290 5812; x_wconf 79' lang='grc' dir='ltr'>ἁπάντων,</span> <span class='ocrx_word' id='word_1_838' title='bbox 1322 5746 1384 5797; x_wconf 82' lang='grc' dir='ltr'><strong>ιιι</strong></span> <span class='ocrx_word' id='word_1_839' title='bbox 1435 5737 1496 5794; x_wconf 89' lang='lat' dir='ltr'><strong>in</strong></span> <span class='ocrx_word' id='word_1_840' title='bbox 1543 5734 1760 5792; x_wconf 84' lang='lat' dir='ltr'><strong>Latinis</strong></span> <span class='ocrx_word' id='word_1_841' title='bbox 1807 5730 1960 5790; x_wconf 88' lang='lat' dir='ltr'><strong>dedi.</strong></span> <span class='ocrx_word' id='word_1_842' title='bbox 1991 5729 2140 5788; x_wconf 87' lang='lat' dir='ltr'><strong>Nam</strong></span> 
     </span>
    </p>
   </div>
   <div class='ocr_carea' id='block_1_117' title="bbox 2253 5592 3886 5676">
    <p class='ocr_par' dir='ltr' id='par_1_117' title="bbox 2253 5592 3886 5676">
     <span class='ocr_line' id='line_1_117' title="bbox 2253 5592 3886 5676; baseline 0.004 -34"><span class='ocrx_word' id='word_1_843' title='bbox 2253 5592 2531 5676; x_wconf 40' lang='lat' dir='ltr'><strong>stolo‘rufm</strong></span> <span class='ocrx_word' id='word_1_844' title='bbox 2565 5592 2934 5676; x_wconf 62' lang='lat' dir='ltr'><strong>procedebat,</strong></span> <span class='ocrx_word' id='word_1_845' title='bbox 2958 5593 3286 5676; x_wconf 60' lang='lat' dir='ltr'><strong>patriarcha</strong></span> <span class='ocrx_word' id='word_1_846' title='bbox 3313 5598 3504 5676; x_wconf 46' lang='lat' dir='ltr'><strong>ve&#39;ro‘e</strong></span> <span class='ocrx_word' id='word_1_847' title='bbox 3535 5593 3886 5665; x_wconf 84' lang='lat' dir='ltr'><strong>patriarcbeo</strong></span> 
     </span>
    </p>
   </div>
   <div class='ocr_carea' id='block_1_118' title="bbox 2250 5659 3556 5740">
    <p class='ocr_par' dir='ltr' id='par_1_118' title="bbox 2250 5659 3556 5740">
     <span class='ocr_line' id='line_1_118' title="bbox 2250 5659 3556 5740; baseline 0.004 -24"><span class='ocrx_word' id='word_1_848' title='bbox 2250 5659 2337 5716; x_wconf 87' lang='lat' dir='ltr'><strong>vel</strong></span> <span class='ocrx_word' id='word_1_849' title='bbox 2370 5661 2430 5718; x_wconf 88' lang='lat' dir='ltr'><strong>S.</strong></span> <span class='ocrx_word' id='word_1_850' title='bbox 2461 5659 2677 5734; x_wconf 84' lang='lat' dir='ltr'><strong>Sophia</strong></span> <span class='ocrx_word' id='word_1_851' title='bbox 2705 5659 2976 5737; x_wconf 68' lang='lat' dir='ltr'><strong>protinus</strong></span> <span class='ocrx_word' id='word_1_852' title='bbox 3000 5666 3072 5723; x_wconf 91' lang='lat' dir='ltr'><strong>ad</strong></span> <span class='ocrx_word' id='word_1_853' title='bbox 3100 5666 3196 5723; x_wconf 77' lang='lat' dir='ltr'><strong>BS.</strong></span> <span class='ocrx_word' id='word_1_854' title='bbox 3232 5659 3556 5740; x_wconf 65' lang='lat' dir='ltr'><strong>Apostolos&#39;.</strong></span> 
     </span>
    </p>
   </div>
  </div>
