4120 6306
296 407 455 468 1005

1152 404 1252 462 DE
1293 403 1741 467 GERIMONIIS
1787 405 2016 468 AULIE
2058 404 2526 467 BYZANTINxE
2566 407 2711 468 LIB.
2761 410 2838 470 Il.

3542 417 3565 476 1
3577 415 3696 478 006

292 541 322 594 6
359 540 454 614 μὲν
491 537 843 614 πατριάρχης
900 533 1196 608 ἀπέρχεται
1236 534 1312 594 εἷς
1370 533 1496 595 τοὺς
1552 535 1767 609 Ἀγίους
1807 537 1976 604 πάνυ4

2069 537 2241 593 iditus
2270 542 2475 609 patet,)
2506 539 2763 595 inferunt
2803 541 3030 612 pedem,
3062 546 3120 598 et
3154 545 3601 616 progrediuntur
3630 549 3689 605 in

289 649 409 689 τας.
440 629 509 686 Οἱ
557 624 614 682 δὲ
647 625 902 681 δεσπόται
935 620 1026 678 διὰ
1071 626 1170 677 τοῦ
1209 617 1359 677 ἔνδον
1408 627 1504 678 τοῦ
1565 625 1811 697 βήματος
1853 647 1944 680 κο.

290 717 456 772 κλίου
515 715 852 793 ἀπέρχονται
906 712 982 775 είς
1037 713 1100 766 τὸ
1149 711 1434 786 εύκτήρίον
1482 718 1584 781 τῆς
1643 715 1796 787 ἁγίας
1852 713 1944 768 καὶ

298 802 585 882 βασιλίδος
617 807 945 881 Θεοφανοῢς.
1005 800 1234 858 Κάκείσε
1263 799 1677 856 ἀπαλλάσσουσι
1706 803 1772 856 τὰ
1794 802 1942 876 χλα-

292 894 458 964 νίδια,
503 895 596 950 καὶ
652 893 972 963 καθέζονται
1043 887 1397 964 ἐκδεχόμενοι
1453 891 1553 960 τήν
1632 895 1730 946 τοῦ
1789 892 1943 966 ἁγίου

298 982 636 1060 Εὐαγγελίου
688 981 1006 1056 ἀνάγνωσιν.
1079 983 1189 1034 Τοῦ
1257 976 1314 1033 δὲ
1383 977 1537 1052 ἁγίου
1605 979 1944 1055 Εὐαγγελίου

304 1071 608 1147 μέλλοντος
638 1071 1109 1146 ἀναγινώσκεσθαι,
1140 1068 1452 1143 ἐξέρχονται
1490 1066 1592 1141 ἕξω
1635 1073 1731 1124 τοῦ
1779 1067 1945 1124 αἱ)τοῦ

301 1162 614 1236 εὐκτηρίου,
670 1160 761 1217 καὶ
813 1159 1067 1215 τίστανται
1123 1161 1236 1231 (10)
1267 1155 1416 1213 ἔνδον
1442 1163 1540 1213 τοῖ’)
1587 1157 1762 1214 ἒλεῖσε
1807 1159 1946 1214 ἀπο-

297 1252 648 1327 κρεμαμὲνου
690 1250 868 1326 βήλου
899 1249 973 1310 ὡς
1017 1247 1156 1323 πρὸς
1185 1247 1248 1302 τὸ
1311 1248 1486 1323 βῆμα,
1516 1248 1606 1302 καὶ
1663 1251 1945 1304 ποιοῦνται

301 1343 404 1409 τὴν
453 1344 555 1394 τοῦ
602 1338 761 1415 ἁγίου
807 1335 1141 1412 Εὗαγγελίου
1190 1334 1469 1409 ἀκρόασιν,
1521 1336 1612 1390 καὶ
1665 1339 1800 1408 μετὰ
1844 1337 1944 1405 τήν

302 1426 588 1484 τελείωσιν
617 1431 714 1483 τοῦ
734 1425 894 1501 ἇγίου
933 1421 1276 1498 Εὐαγγελίου
1326 1424 1659 1500 εἰσέρχονται
1693 1425 1860 1480 πάλιν
1891 1425 1944 1480 ἐν

303 1521 384 1590 τῷ
435 1517 582 1589 αὐτῷ
635 1515 913 1590 εύκτηρίῳ
957 1520 1058 1583 τῆς
1117 1512 1268 1589 ἁγίας
1314 1518 1639 1589 Θεοφανοῦς,
1689 1514 1780 1568 καὶ
1823 1524 1950 1577 καθ-

307 1607 556 1678 εζόμενοι
587 1607 869 1678 ποχιοῦσι
899 1603 962 1658 τὸ
991 1601 1323 1675 κλητώριον,
1354 1602 1445 1656 καὶ
1494 1603 1595 1666 εἷθ’
1644 1604 1819 1665 οὕτως
1859 1623 1948 1658 πε·

307 1690 670 1770 ριϐάλλονται
698 1695 767 1749 τὰ
798 1689 1329 1771 χρυσοπερίκλειστα
1359 1693 1537 1767 σαγία,
1568 1693 1660 1746 καὶ
1691 1690 1952 1768 διέρχον-

299 1805 391 1841 ται
451 1782 542 1839 διὰ
595 1788 693 1839 τοῦ
739 1782 1008 1856 νάρθηκος
1065 1784 1163 1835 τοῦ
1215 1781 1504 1855 εύκτηρίου
1579 1786 1678 1836 τοῦ
1755 1783 1948 1857 Ἀγίου

2052 626 2181 695 ejus
2210 626 2350 682 tedis
2381 628 2572 695 bema,
2605 633 2776 699 prout
2800 645 2923 686 mos
2949 634 3076 699 est;
3104 636 3161 687 et
3189 633 3396 689 exinde
3427 651 3528 706 per
3559 637 3693 692 dex-

2051 716 2202 770 tram
2233 715 2539 772 tribunalis
2568 716 2911 774 orientalem
2957 718 3186 790 plagam
3216 721 3435 780 intrant
3467 723 3526 779 in
3561 742 3689 780 cra-

2052 802 2292 868 torium,
2323 805 2477 875 quod
2527 806 2743 862 ibidem
2792 811 2900 873 est,
2945 809 3005 865 S.
3057 809 3259 867 Leonis
3305 813 3596 884 martyris,
3637 819 3697 870 et

2049 892 2209 946 trina
2237 907 2372 947 cum
2403 895 2583 950 cereis
2612 896 2950 953 adcratione
2975 899 3152 954 Deum
3176 900 3255 956 ibi
3279 903 3698 975 venerati,pro-

2049 978 2210 1033 tinus
2240 979 2570 1037 valedicunt
2599 988 2655 1039 et
2670 985 2932 1041 osculum
2963 987 3122 1057 pacis
3154 989 3295 1044 dant
3325 989 3690 1061 patriarchas.

2052 1065 2120 1121 Et
2149 1066 2474 1136 patriarcha
2502 1071 2737 1141 quidem
2769 1073 2886 1129 abit
2907 1075 2966 1130 in
2991 1077 3172 1132 aedem
3197 1077 3538 1136 Sanctorum
3571 1098 3693 1137 cm-

2054 1155 2217 1212 nium
2254 1173 2268 1211 :
2317 1157 2541 1214 domini
2569 1167 2763 1216 autem
2814 1178 2916 1233 per
2944 1164 3215 1235 cyclium,
3248 1183 3375 1238 quas
3425 1174 3511 1226 est
3541 1171 3696 1228 intra

2055 1245 2247 1312 bema,
2299 1246 2515 1303 abeunt
2554 1248 2626 1302 ad
2675 1250 2996 1306 eucterium
3042 1258 3260 1310 sanctae
3309 1257 3696 1329 imperatricis

2053 1333 2500 1406 Tbecphanonis
2532 1336 2711 1407 [quod
2744 1342 2832 1393 est
2861 1338 2922 1394 in
2951 1340 3072 1396 aede
3099 1340 3204 1397 SS.
3245 1344 3696 1420 Apostolorum],

2054 1423 2252 1495 ibique
2299 1424 2576 1496 depositis
2624 1425 2858 1494 tunicis,
2908 1431 3249 1500 exspectant
3296 1435 3550 1505 tempus,
3583 1454 3698 1507 quo

2057 1513 2287 1569 recitari
2329 1517 2598 1570 sanctum
2648 1515 3028 1587 Evangelium
3077 1518 3265 1574 debet.
3300 1522 3379 1576 Ec
3428 1521 3702 1592 instante,

2058 1607 2272 1660 exeunt
2321 1602 2596 1670 oratorio,
2641 1607 2698 1658 et
2728 1609 2884 1660 stant
2925 1606 3080 1662 intra
3123 1607 3316 1664 velum
3374 1610 3586 1668 ibidem
3639 1630 3705 1669 ea

2060 1697 2242 1763 parte,
2274 1707 2404 1762 quae
2434 1691 2605 1748 bema
2642 1692 2896 1764 respicit,
2928 1712 3300 1767 suspensum,
3333 1700 3701 1774 audiuntque

2067 1784 2117 1847 [a
2177 1779 2408 1835 nemine
2457 1781 2777 1852 conspecti]
2809 1781 3114 1838 lectionem
3157 1786 3343 1840 sancti
3384 1788 3701 1863 Evangelii.

301 1872 560 1928 Ὑπατίου
607 1871 695 1927 καὶ
750 1875 847 1926 τοῦ
877 1870 1050 1924 ἐκεῖσε
1102 1868 1376 1942 ἐξάγοντος
1430 1869 1671 1943 ἐζαέρου,
1702 1870 1792 1924 καὶ
1844 1871 1949 1926 ἀπὸ

2069 1871 2184 1935 Qua
2213 1869 2399 1936 finita,
2433 1871 2674 1924 redeunt
2703 1869 2761 1924 in
2799 1870 2950 1926 idem
2983 1876 3199 1928 sanctae
3249 1874 3703 1949 Thecpbancnis

303 1966 414 2018 τῶν
438 1960 612 2017 ἐκεῖσε
670 1960 996 2036 ἀνέρχονται
1041 1955 1131 2013 διὰ
1176 1965 1278 2027 τῆς
1325 1956 1548 2031 ξυλίνης
1607 1957 1810 2021 σκάλας
1851 1965 1950 2029 τῆς

2069 1956 2406 2026 eucterium,
2458 1957 2657 2029 ibique
2699 1958 3023 2016 residentes
3066 1962 3339 2019 ordinant
3395 1966 3702 2024 cletorium

305 2050 604 2126 ἐξαγούσης
633 2047 734 2120 ἔξω
762 2053 860 2104 τοῦ
893 2047 1084 2122 Ἀγίου
1134 2047 1544 2102 Κωνσταντίνου
1590 2054 1690 2116 τῆς
1723 2045 1951 2122 ἀναγού-

306 2161 406 2212 σης
453 2139 530 2201 είς
587 2138 656 2194 τὰ
708 2135 1101 2214 κατηχούμενα
1137 2140 1244 2190 τῶν
1308 2135 1509 2213 ιΛγίων
1568 2135 1944 2206 Ἀποστόλων,

305 2229 396 2285 καὶ
429 2230 534 2284 ἀπὸ
592 2231 700 2284 τῶν
752 2226 922 2282 ἐκεῖσε
971 2223 1282 2299 διέρχονται
1322 2222 1412 2279 διὰ
1440 2229 1549 2280 τῶν
1595 2247 1948 2304 κατηχούμε-

304 2320 434 2373 νίων
489 2321 598 2372 τῶν
649 2316 846 2390 Ἀγίων
907 2312 1278 2380 Ἀποστόλων,
1342 2313 1432 2368 καὶ
1473 2314 1810 2389 εἰσέρχονται
1869 2313 1948 2376 εἷς

302 2408 372 2463 τὰ
415 2404 674 2462 παλάτια.
736 2406 968 2462 Κάκεῖσε
1016 2403 1372 2477 ηὐτρέπισται
1432 2404 1467 2471 ἡ
1543 2402 1703 2476 τιμία
1768 2404 1944 2459 αὐτῶν

301 2498 562 2570 τράπεζα·
605 2495 685 2553 Τὰ
717 2491 773 2549 δὲ
827 2492 914 2549 ἐπὶ
968 2499 1068 2561 τῆς
1106 2489 1380 2568 τραπέζης
1424 2489 1729 2564 τελούμενα
1759 2492 1848 2546 καὶ
1879 2494 1945 2547 τὰ

301 2593 404 2654 τῆς
432 2582 674 2650 δειλινῆς
705 2581 1100 2656 προελεύσεως,
1131 2581 1312 2645 καθὼς
1349 2579 1695 2656 προείρηται,
1736 2581 1946 2654 ὁμοίως

305 2681 408 2743 τῆς
447 2671 699 2747 δευτέρας
739 2675 838 2736 τῆς
892 2668 1309 2742 διακαινησίμου
1365 2669 1454 2725 καὶ
1500 2676 1601 2740 τῆς
1658 2668 1780 2735 νέας
1835 2674 1947 2728 Κυ-

311 2768 529 2837 ριακῆς,
561 2760 757 2828 καθὼς,
787 2761 855 2816 τὰ
882 2765 973 2815 νῦν
1006 2758 1400 2817 ἐπιτελοῦνται.

2059 2048 2140 2118 [id
2171 2051 2261 2102 est
2291 2046 2640 2103 nominatim
2672 2047 2980 2120 designant
3007 2054 3065 2106 et
3094 2067 3128 2106 a
3156 2053 3587 2112 nomenclalore
3615 2059 3703 2115 ci-

2057 2135 2168 2191 tari
2191 2134 2422 2206 jubent,
2473 2151 2619 2206 quos
2659 2151 2724 2191 eo
2755 2136 2846 2192 die
2884 2136 2997 2193 sibi
3041 2139 3246 2195 volunt
3289 2143 3558 2200 convivas
3607 2162 3703 2202 ac-

2056 2225 2373 2292 cumbere].
2406 2224 2554 2280 Tum
2604 2224 2798 2282 induti
2825 2226 2982 2298 sagis
3013 2244 3154 2285 auro
3186 2231 3365 2301 septis
3397 2240 3703 2292 transeunt

2059 2329 2160 2385 per
2191 2313 2528 2371 narthecem
2559 2315 2796 2370 eucterii
2829 2330 2929 2371 seu
2963 2317 3158 2373 sacelli
3192 2319 3485 2393 S.Hypatii
3518 2331 3572 2379 et
3602 2341 3705 2395 per

2058 2404 2275 2460 atrium
2308 2403 2391 2459 illi
2423 2408 2772 2476 praetensum
2799 2423 2813 2474 ;
2838 2406 2973 2462 inde
3001 2410 3327 2467 ascendunt
3353 2428 3456 2483 per
3485 2414 3703 2471 scalam

2059 2492 2334 2565 ligneam,
2366 2508 2497 2564 quae
2547 2510 2615 2548 ex
2643 2494 2764 2549 aede
2786 2499 2840 2548 8.
2895 2496 3262 2552 Constantini
3313 2505 3590 2558 exeuntes
3644 2503 3704 2559 in

2057 2582 2496 2640 oatechumenia
2527 2582 2623 2638 SS.
2657 2583 3063 2655 Apostolorum
3097 2586 3296 2658 ducit;
3325 2591 3695 2663 traiectisque

2059 2672 2232 2728 modo
2253 2672 2422 2728 dictis
2442 2671 2960 2742 SS.Apcslolorum
2992 2675 3701 2749 catechumeniis,intrant

2057 2763 2118 2817 in
2151 2760 2427 2832 palatium
2460 2761 2578 2831 [isti
2603 2761 2713 2816 aedi
2737 2763 3125 2836 adstructum]
3153 2782 3166 2834 ;
3193 2765 3292 2821 ubi
3324 2773 3527 2839 parata
3559 2769 3700 2841 ipsis

313 2859 406 2909 est
435 2870 602 2910 sacra
634 2870 849 2910 mensa.
884 2853 1046 2908 Ritus
1080 2861 1276 2908 autem
1306 2855 1366 2907 in
1399 2853 1665 2924 prandio,
1697 2853 1834 2909 item
1865 2852 1924 2908 in
1972 2851 2338 2925 processione
2365 2850 2779 2920 pomeridiana,
2830 2853 3169 2910 observandi
3217 2861 3374 2925 sunt,
3427 2863 3491 2914 ut
3543 2878 3700 2918 nunc

314 2942 548 3013 quidem
583 2942 747 3009 fiunt,
781 2940 1024 3012 [similes
1058 2941 1218 3013 illis,]
1252 2958 1394 3013 quos
1426 2943 1485 2997 in
1514 2941 1905 3013 descriptione
1936 2939 2317 3014 processionis
2347 2939 2502 2995 feriae
2539 2941 2802 2996 secundae
2834 2943 3221 3000 diacaenesimi
3267 2947 3392 3017 [seu
3425 2949 3700 3020 proxima

309 3047 346 3086 a
377 3029 674 3087 Pascbatis
706 3032 894 3103 festo],
929 3036 988 3088 et
1015 3048 1174 3087 nove
1208 3031 1519 3088 Dominicis
1553 3031 1704 3103 [seu,
1731 3031 1880 3103 ejus,
1911 3048 2037 3104 quae
2067 3031 2127 3086 in
2159 3029 2310 3086 albis
2345 3027 2606 3100 dicitur,]
2637 3030 3030 3100 exposuimus.

930 3131 1194 3185 ΚΕΦΑΛ.
1229 3129 1308 3186 ll'.

307 3220 448 3276 ’Ὀσα
495 3215 576 3274 δεῖ
638 3217 1082 3300 παραφυλάττειν
1137 3222 1204 3292 τῇ
1271 3220 1464 3300 πρώτῃ

383 3310 512 3362 στου
574 3290 768 3362 μηνὸς,
801 3290 913 3344 ’τοῦ
960 3290 1150 3362 τιμίου
1183 3290 1189 3292 “
1217 3291 1306 3344 καὶ

385 3361 583 3435 ἐξερχο
588 3363 682 3434 μὲν
691 3382 773 3414 ου.

383 3449 603 3521 Ἰπὲον,
636 3449 742 3519 ὅτι,
773 3448 828 3503 αἱ
865 3448 958 3520 μὶν
981 3446 1134 3526 λάχῃ
1167 3450 1201 3517 ἡ
1237 3449 1429 3524 πρώτη
1487 3452 1584 3504 τοῦ
1633 3449 1955 3522 Αὐγούστου

311 3538 368 3596 ἒν
397 3543 668 3613 Κυριακῇ,
702 3536 911 3616 ὀφείλει
960 3537 1281 3612 ἐξὲὦχεσθαι
1311 3538 1418 3594 ἀπὸ
1484 3541 1580 3592 τοῖ’)
1619 3539 1956 3615 σκευοφυλα-

313 3628 439 3684 κίου
459 3631 556 3684 τοῦ
599 3624 846 3702 μεγάλου
878 3625 1148 3682 παλατίου
1176 3628 1289 3700 (11)
1349 3627 1377 3682 6
1415 3625 1600 3699 τίμιος
1629 3627 1858 3701 σταυρὸς
1886 3629 1956 3700 τῇ

1557 3225 1654 3276 τοῦ
1733 3221 1948 3296 Αύγούέ

1381 3296 1654 3359 ζωοποιοῦ
1718 3295 1951 3366 σταυροῦ

317 3717 542 3774 ὄπισθεν
573 3721 838 3792 Κυριακῇ,
871 3717 1042 3793 ἤγουν
1084 3717 1189 3792 πρὸ
1240 3716 1374 3772 ἒπτὰ
1432 3717 1654 3790 ἡμερῶν
1687 3722 1788 3785 τῆς
1816 3713 1962 3790 πρώ-

316 3827 420 3877 της
450 3810 549 3862 τοῦ
579 3805 920 3882 Αὐγούστου,
951 3805 1262 3882 Ἐξέρχεται
1295 3805 1353 3861 δὲ
1389 3804 1700 3879 ψάλλοντος
1738 3807 1836 3859 τοῦ
1868 3799 1963 3878 ὄρ-

322 3899 454 3972 Θρου
485 3895 610 3970 περὶ
640 3895 830 3970 τρίτην
863 3895 898 3965 ἢ
926 3897 1014 3951 καὶ
1060 3892 1225 3966 ἕκτην
1275 3893 1446 3968 ᾠδὴν,
1511 3893 1602 3949 καὶ
1645 3892 1959 3958 ἀποτίθεται

324 3985 378 4042 ἐν
423 3989 502 4057 τῷ
559 3983 996 4059 σκευοφυλακίῳ,
1027 3984 1115 4039 καὶ
1162 3985 1264 4040 ὑπὸ
1320 3988 1412 4040 τοῦ
1449 3983 1792 4059 πρωτοπάπα
1827 3979 1964 4059 βαλ-

326 4073 692 4148 σαμιζόμενος
750 4076 863 4147 (12)
912 4075 1225 4147 προτίθεται
1273 4073 1325 4128 ἐν
1400 4077 1470 4138 τῆ
1546 4071 1810 4143 ἐκκλησίᾳ
1888 4071 1966 4134 εἰς

323 4163 688 4238 προσκύνησιν
737 4163 976 4218 πάντων.
1030 4162 1134 4219 Καὶ
1199 4161 1335 4235 μετὰ
1385 4163 1486 4231 τήν
1545 4160 1808 4217 ἀπόλυσιν
1869 4163 1967 4216 τοῦ

327 4252 526 4328 ὄρθρου
559 4251 882 4327 παρίσταται
913 4253 1051 4314 ἅπας
1084 4253 1112 4305 ὁ
1165 4249 1440 4314 Βασιλειος
1479 4248 1688 4324 κλῆρος
1737 4248 1964 4323 ψάλλων

323 4341 392 4396 τὰ
444 4343 649 4412 συνήθη
701 4342 1074 4415 σταυρώσιμα,
1107 4341 1196 4396 καὶ
1249 4340 1338 4396 ὅτε
1385 4338 1732 4395 κελεύσουσιν
1791 4339 1842 4393 οἱ
1883 4335 1967 4393 δε-

2585 3127 2677 3182 81
2693 3129 2733 3182 Ι
2780 3129 3018 3187 CAPUT
3060 3131 3180 3187 VIII

2059 3215 2712 3296 Observayidc_Kolendz:s
2741 3217 3310 3296 Augusti,_prodeunt_e
3340 3224 3401 3279 in
3423 3225 3707 3296 publicum

2132 3288 2437 3432 penﬁrabiti
2465 3293 2518 3345 et
2545 3288 2765 3360 viviﬁca
2793 3288 2951 3347 cruce
2983 3292 3064 3363 [in
3094 3308 3207 3364 qua
3230 3288 3488 3352 Christi“
3515 3313 3708 3369 passus

2161 3373 2242 3416 uu
2273 3402 2286 3416 .

2161 3373 2242 3416 ιιιι
2257 3373 2286 3416 Ι.

2134 3449 2194 3503 Si
2225 3449 2518 3504 Kalendas
2550 3449 2770 3506 mensis
2799 3452 3046 3521 Augusti
3078 3453 3137 3508 in
3161 3454 3314 3511 diem
3335 3456 3703 3516 Dcminicum

2069 3535 2324 3591 incidere
2364 3537 2852 3606 contingat,debet
2880 3549 3082 3596 sancta
3110 3558 3252 3597 crux
3282 3547 3541 3614 proxime
3571 3565 3712 3619 prae-

2069 3624 2305 3678 cedente
2333 3625 2426 3678 die
2456 3623 2758 3680 Dominica
2786 3642 2888 3682 seu
2911 3628 3006 3682 die
3028 3633 3180 3684 retro
3211 3631 3460 3701 septimo
3492 3650 3523 3689 e
3552 3651 3714 3691 sceu-

2070 3709 2372 3782 ophylacic
2404 3711 2512 3782 [vel
2545 3711 2900 3768 custodiario
2933 3717 3319 3787 pretiosorum
3348 3736 3618 3778 vasorum
3651 3730 3711 3780 et

2071 3814 2368 3855 sacrarum
2418 3799 2817 3870 reliquiarum]
2873 3804 3073 3875 magni
3123 3804 3320 3876 palatii
3368 3810 3618 3880 expromi
3658 3820 3714 3867 et

2071 3888 2454 3959 produci,quo
2469 3892 2730 3960 tempore
2744 3891 3066 3948 matutinas
3079 3895 3478 3965 uanunt,intra
3491 3899 3714 3955 tertiam

2071 3981 2366 4033 sextamve
2397 3976 2586 4032 odam.
2619 3980 2686 4032 Et
2708 3977 2954 4047 primum
2983 3981 3363 4054 deprcmptus
3385 3999 3414 4040 e
3438 3986 3575 4041 sede
3605 4003 3714 4044 sua

2072 4069 2130 4122 et
2158 4064 2454 4136 depositus
2487 4065 2650 4120 humi
2682 4066 2742 4121 in
2791 4069 3260 4142 sceuopbylacic,
3294 4071 3714 4130 balsamisatur

2073 4156 2161 4213 vel
2189 4155 2495 4228 inungitur
2522 4156 2702 4212 sacris
2726 4159 3043 4230 unguentis
3073 4177 3108 4215 a
3137 4161 3296 4232 [cleri
3327 4165 3493 4236 regii]
3527 4173 3717 4237 proto-

2076 4262 2221 4318 papa
2247 4264 2262 4316 ;
2294 4245 2426 4300 dein
2449 4247 2786 4316 proponitur
2801 4248 2886 4302 sic
2907 4248 2967 4303 in
2989 4247 3232 4305 ecclesia
3253 4251 3467 4321 [magni
3492 4253 3714 4324 palatii,

2077 4336 2335 4408 Deiparae
2368 4336 2562 4401 Phari,
2614 4341 2676 4390 ut
2724 4336 2972 4406 videtur,
3024 4344 3125 4394 aut
3155 4344 3212 4395 et
3258 4342 3389 4413 nea]
3423 4345 3714 4399 communi
3757 4362 3760 4364 ‘

326 4429 543 4496 σπόται,
601 4428 939 4505 εῗσέρχονται
1013 4428 1102 4484 καὶ
1189 4428 1518 4498 ἀσπάζονται
1606 4426 1791 4495 αὐτὸν,
1878 4426 1968 4482 καὶ

2078 4425 2341 4482 omnium
2373 4423 2874 4481 adorationi.Tum
2905 4431 3034 4497 post
3066 4427 3289 4484 finitum
3309 4430 3566 4487 ofﬁcium
3599 4449 3720 4490 ma-

327 4500 1059 4594 &REPX6pEVOt-2—aOéCOVTat
1098 4517 1185 4574 ἐπὶ
1237 4522 1334 4574 τοῦ
1390 4513 1851 4594 χρυσοτρικλίνου
1891 4513 1968 4576 εἷς

2075 4515 2331 4570 tutinum
2363 4513 2588 4568 accedit
2616 4513 2689 4568 ad
2723 4529 2853 4569 eam
2875 4521 3143 4571 auctam
3177 4524 3492 4590 crucem,et
3520 4535 3716 4576 coram

1364 4618 1567 4676 JOAN.
1607 4617 1755 4674 JAC.
1797 4614 2066 4673 REISKII
2103 4609 2680 4669 COMMENTARIUS

399 4709 887 4794 (£0).Ste'tiss_e.a_d
914 4710 1205 4794 Evangelii
1231 4709 1972 4794 lectionemmifmperat'ores,

330 4796 361 4836 e
389 4779 564 4837 variis
611 4781 803 4838 Nostri
844 4783 988 4837 locis
1020 4779 1212 4853 pa'tet;
1243 4782 1366 4837 vid.
1416 4799 1471 4852 p.
1519 4781 1624 4836 308
1660 4779 1970 4853 ‘ﬁn._Fidej

329 4853 414 4908 les
442 4869 675 4924 quoque
705 4855 857 4909 idem
892 4849 1119 4915 fecisse,
1154 4849 1576 4924 demonstravit
1598 4851 1870 4924 Yalesius
1901 4849 1972 4904 ad

328 4922 820 4995 Philostorg.rll[,
849 4923 1473 4995 6.Conf.LecﬁAllatius
1495 4923 1566 4978 de
1597 4922 1763 4978 libris
1792 4922 1969 4977 Graec.

331 4996 550 5052 Eccles.
587 4994 730 5050 Bibl.
761 4999 857 5050 Gr.
892 4995 1061 5066 Fabr.
1095 4999 1136 5050 t.
1168 4994 1238 5060 V,
1270 5010 1329 5066 p.
1358 4994 1447 5048 24.

400 5069 517 5138 (11)
548 5066 819 5137 Magnum
861 5065 1144 5138 palatium
1188 5060 1290 5138 est‘
1325 5063 1616 5138 ordinaria
1661 5060 1976 5138 resi‘dentia

329 5133 750 5210 imperatorum
784 5141 840 5192 et
855 5133 1168 5208 opponitur
1192 5136 1320 5192 aliis
1352 5135 1593 5191 urbanis
1614 5139 1670 5190 et
1698 5133 1974 5189 suburba-

332 5210 444 5265 nis.
497 5207 644 5272 Quia
689 5224 822 5264 vero
870 5208 1382 5272 sceuopbylacium
1432 5210 1522 5261 est
1569 5203 1974 5260 tantummodo

332 5225 444 5265 IIIS.
497 5224 644 5265 U018
689 5224 822 5264 vero
870 5224 1317 5265 εοθυουονιεοιυ

335 5225 444 5265 ms.
497 5225 644 5272 uma
689 5225 822 5264 vero
870 5225 1382 5279 sceuopnyiacium
1432 5225 1522 5261 est
1569 5225 1974 5260 tantummcuc

335 5282 549 5336 aedium
574 5281 1075 5345 sacrarum,debet
1105 5279 1198 5335 hic
1210 5294 1440 5351 quoque
1453 5277 1696 5351 ecclesia
1719 5274 1975 5351 palatina

331 5352 603 5424 intelligi,
652 5357 711 5408 et
757 5353 996 5424 quidem
1040 5346 1296 5424 Deipara
1332 5346 1527 5424 Phari,
1577 5354 1642 5424 u_t
1671 5346 1806 5424 eip‘.
1846 5346 1971 5424 312,

371 5417 904 5496 atet.'Quapropter
932 5423 1110 5496 verba
1138 5417 1233 5479 dat
1261 5429 1313 5479 ει
1342 5424 1466 5478 Nec
1515 5421 1573 5476 in
1607 5417 1828 5476 Latinis
1859 5417 1972 5474 hu-

371 5439 508 5480 οισι.
541 5439 904 5496 quapropter
932 5439 1110 5480 verba
1138 5439 1233 5479 aut
1261 5445 1270 5479 ‹

323 5439 427 5566 fus
456 5498 679 5564 paginas
703 5496 830 5564 311,
863 5495 1041 5552 deleri
1073 5496 1270 5551 velim.

401 5559 512 5638 (12)
534 5559 825 5638 Magnam
867 5583 1069 5624 curam
1101 5567 1340 5624 adhibet
1371 5566 1564 5638 Graeca
1613 5561 1881 5638 Ecclesia
1913 5559 1973 5616 in

331 5633 619 5709 idolorum
639 5633 894 5694 'suorum
925 5639 1105 5706 cultu,
1140 5654 1325 5709 neque
1355 5637 1551 5693 minus
1585 5636 1801 5692 Latina.
1835 5633 1973 5689 Ter-

333 5705 566 5786 gebant,
600 5709 895 5786 ungebant
917 5705 1258 5786 _ea_singulis
1289 5709 1976 5786 annis,ncva_r_r_i_.qucque

332 5775 551 5836 stolam
581 5775 888 5836 annuatim
915 5775 1508 5852 induunt,ccncedere
1529 5775 1844 5852 gentilibus
1871 5775 1978 5830 im-

2081 4703 2244 4776 pium
2302 4702 2594 4776 ducentes.
2643 4702 2795 4776 Ordo
2845 4704 3088 4761 Roman.
3139 4721 3196 4776 p.
3252 4707 3359 4762 572
3408 4723 3421 4761 :
3473 4708 3624 4765 Crux
3663 4726 3719 4767 es

2081 4773 2312 4842 desuper
2362 4773 2588 4828 inuncta
2644 4773 2882 4847 balsamo
2925 4783 2978 4831 et
3023 4773 3260 4847 sing—uiis
3307 4780 3474 4834 annis
3529 4781 3722 4836 eadem

2082 4848 2267 4917 unctio
2299 4852 2616 4913 renovatur,
2643 4845 2857 4914 quando
2897 4845 3152 4903 dominus
3182 4854 3334 4917 Papa
3379 4865 3504 4904 cum
3530 4851 3720 4906 cardi-

2081 4916 2304 4970 naiibus
2331 4917 2470 4984 facit
2507 4919 2907 4986 processionem
2939 4919 2997 4973 in
3027 4916 3378 4976 Exaltatione
3405 4920 3462 4976 S.
3507 4920 3717 4976 Crucis.

2081 4988 2434 5062 Sic‘quogue
2473 4987 2708 5062 pagani,
2743 4989 2866 5059 qui,
2915 4993 3069 5062 teste
3093 4991 3454 5062 Artemidoro
3506 5009 3559 5062 p.
3595 4994 3718 5060 122,

2083 5073 2132 5132 ο.
2165 5057 2254 5132 34,
2287 5058 2442 5113 idola
2468 5057 2890 5132 :suasolebant
2933 5057 3242 5132 ἐκμάσσειν,
3282 5061 3453 5117 siccis
3506 5057 3722 5132 pannis

2083 5129 2269 5184 laneis
2318 5133 2420 5205 aut
2458 5127 2664 5205 [linteis
2708 5127 3020 5205 extergere,
3068 5127 3573 5205 xaeztpetv,_aqua,
3624 5151 3721 5190 sa-

2084 5216 2253 5272 pone,
2288 5200 2573 5272 scalptris,
2605 5205 2745 5258 setis
2777 5200 3033 5272 pofcinis
3058 5200 3258 5259 sordes
3290 5200 3521 5272 ablue—rc
3548 5212 3601 5272 et
3634 5222 3720 5260 re-

2082 5268 2309 5345 vellere,
2337 5268 2599 5345 ἀλείφειν,
2645 5268 2881 5345 ungere,
2924 5275 3074 5343 quod
3107 5274 3314 5345 Noster
3364 5271 3718 5345 βαλσαμίζειν

2082 5342 2358 5418 appellat,
2392 5342 2699 5418 cap06v__t&
2730 5342 2854 5418 me
2891 5342 2997 5396 τῶν
3036 5347 3184 5418 ’νεῶν
3223 5344 3314 5398 καὶ
3343 5342 3409 5398 τὰ
3456 5342 3561 5418 πρὸ
3609 5342 3717 5399 τῶν

2083 5412 2436 5490 ἀγαλμάτων.
2460 5412 2843 5490 'Oujbusdam
2878 5415 3162 5490 _ge_n_ti_lis_
3178 5433 3287 5490 ea_
3301 5421 3423 5490 erat
3470 5412 3722 5490 dignitas

2084 5480 2144 5542 et
2170 5480 2311 5543 cura
2333 5480 2920 5560 ungendietlavandi
2949 5485 3226 5560 idol_a.Sic
3257 5487 3476 5560 Phidiae
3505 5480 3720 5560 ἔκγονοι

2081 5563 2248 5634 erant
2295 5553 2610 5634 φαιδρυνται
2648 5555 2805 5634 iovis
2850 5555 3122 5634 Olympii,
3168 5562 3314 5634 teste
3338 5553 3624 5634 Pausania
3653 5559 3712 5614 in

2085 5626 2510 5700 Eleis,quorum
2543 5631 2664 5700 erat
2696 5626 2944 5681 statuam
2977 5626 3136 5681 illam
3169 5627 3598 5685 celeberrimam
3632 5646 3720 5687 se-

2087 5699 2199 5757 mel
2231 5699 2334 5772 per
2364 5715 2584 5756 annum
2617 5699 2947 5770 abstergere
2976 5701 3033 5754 et
3065 5714 3292 5758 ornare.
