4120 6306
454 357 603 424 10H

1514 347 2044 409 CONSTANTINI
2089 341 2784 408 PORPHYROGENITI

3697 345 3879 406 1012

453 488 685 563 pergit;
718 487 918 560 ibique
946 504 980 542 a
1012 489 1133 542 toto
1165 486 1371 541 senatu
1403 482 1711 552 excipitur,
1753 481 1852 552 qui
1901 497 2095 537 scara-

2221 478 2561 554 ἐκδεχόμενοι
2621 479 2711 534 τὸν
2757 473 3003 552 βασιλέα.
3045 479 3151 532 Τοῦ
3201 473 3258 531 δὲ
3300 471 3570 551 βασιλέως
3617 473 3874 548 ἐξιόντος

457 578 710 650 mangiis
739 578 981 632 indutus
1013 581 1170 630 extra
1196 575 1418 645 portam
1445 571 1821 625 cceliomenen
1847 571 1971 641 [seu
1997 570 2093 625 de-

456 685 716 741 pressam
749 677 803 723 et
829 669 886 721 in
919 663 1197 720 humilius
1227 661 1563 726 deductam;
1597 659 1654 713 id
1679 659 1727 716 ei
1755 675 1966 714 nomen
1988 659 2096 730 est]

459 760 517 814 in
541 758 734 813 littore
747 755 1279 822 sedet,exspectans
1293 748 1513 804 domini
1536 749 1606 804 ad
1615 755 1869 803 ventum.
1887 749 1955 803 Et
1975 763 2098 802 exs-

459 846 801 902 cendentem
827 841 1058 913 quidem
1078 856 1109 894 θ
1127 839 1427 894 dromonio
1451 838 1749 910 excipiunt
1764 837 2055 909 praepositi
2080 851 2095 890 :

457 933 757 1005 aliquanto
787 939 979 986 autem
1010 927 1171 984 illinc
1203 926 1450 983 ulterius
1482 926 1743 999 magistri
1782 933 1836 981 et
1869 924 2098 996 patricii

457 1020 799 1079 etofﬁciales
818 1019 1124 1075 adorantes
1146 1032 1593 1088 eum,porroque
1611 1015 2098 1071 comitantureum

460 1126 696 1168 sursum
727 1124 827 1182 per
839 1107 1134 1164 cochleam
1149 1105 1224 1161 ad
1235 1104 1672 1162 catechumenia
1685 1102 1874 1175 Magni
1896 1101 2100 1174 templi

460 1196 954 1272 [blachernensis]
985 1197 1315 1251 ducentem.
1351 1194 1488 1250 Inde
1543 1194 1784 1263 trajecto
1841 1191 2100 1247 triclinio

462 1292 678 1344 sanctis
701 1285 816 1343 sori
836 1286 944 1355 [vel
959 1282 1285 1352 conditorii,
1308 1283 1364 1336 in
1381 1299 1495 1353 quo
1507 1281 1834 1352 B.Virginis
1848 1279 2101 1337 amictus

458 1377 633 1448 jacet]
664 1373 925 1432 ascendit
951 1374 1269 1444 imperator
1299 1387 1400 1443 per
1429 1369 1738 1426 bisalotum
1763 1371 1885 1442 [seu
1905 1369 2100 1425 lateri-

463 1466 574 1520 bus
605 1463 781 1520 coctis
808 1465 1208 1518 constructum
1241 1458 1582 1529 triclinium]
1605 1462 1661 1512 et
1683 1475 1783 1529 per
1808 1457 2101 1513 cochleam

467 1553 530 1608 in
561 1551 880 1608 triclinium
913 1549 1245 1606 Danubium
1295 1549 1537 1603 dictum.
1597 1548 1674 1602 Eo
1734 1546 2099 1614 transmisso,

467 1638 730 1710 procedit
751 1639 808 1692 in
833 1637 1124 1708 porticum
1154 1635 1519 1706 Josephicam
1543 1635 1758 1691 dictam
1789 1638 1846 1689 et
1867 1635 2102 1690 tandem

470 1742 657 1798 usque
677 1727 747 1782 ad
775 1733 1079 1795 catonem,
1104 1723 1511 1780 comitantibus
1535 1722 1877 1796 praepositis.
1904 1723 2102 1779 Rema-

468 1819 606 1872 nent
635 1819 825 1870 autem
859 1813 1124 1884 magistri
1171 1821 1225 1868 et
1270 1813 1496 1883 patricii
1543 1816 1600 1868 et
1648 1817 1802 1867 totus
1862 1817 2101 1868 senatus

469 1905 735 1959 sedentes
768 1904 826 1957 in
858 1901 1144 1966 Danubio,
1168 1905 1224 1956 et
1252 1901 1503 1956 induunt
1534 1901 1840 1956 mutatoria
1864 1917 2105 1968 sua,ex-

469 1996 852 2063 spectantque
865 1991 1179 2046 adventum
1197 1988 1990 2061 temporis,quo]surgendum
2004 1994 2108 2046 est.

478 2082 582 2138 Illo
613 2081 971 2146 adveniente,
1004 2079 1225 2134 indicat
1271 2076 1715 2134 cerimoniarius
1765 2079 2111 2149 praepositis,

475 2171 698 2226 instare
728 2173 997 2240 tempus;
1032 2167 1091 2222 hi
1128 2168 1197 2222 ad
1231 2167 1535 2222 dominum
1587 2167 2016 2239 intrant,eaque
2045 2169 2116 2223 de

479 2275 542 2315 re
576 2261 832 2313 monent.
867 2255 1149 2311 Dominus
1191 2255 1368 2326 igitur
1400 2271 1431 2310 e
1477 2258 1700 2310 cmtone
1749 2257 2008 2327 procedit
2055 2255 2116 2312 in

480 2343 922 2401 Anastasiacum
961 2341 1302 2408 triclinium,
1353 2341 1590 2397 indutus
1649 2343 1931 2400 dibelesio
1987 2361 2117 2413 suo,

480 2434 682 2505 ibique
712 2433 883 2488 stanti
914 2446 1038 2487 sese
1067 2429 1204 2486 hinc
1235 2435 1290 2486 et
1319 2431 1712 2499 illinc,dextra
1742 2433 2116 2505 sinistraque,

483 2526 798 2594 aggregent
827 2535 1092 2592 proceres
1123 2519 1414 2587 cubiculi;
1453 2536 1603 2590 pone
1635 2521 1739 2576 hos
1785 2526 1943 2577 stant
1983 2539 2120 2592 spa-

484 2607 1025 2675 tharocubicularii;
1079 2607 1528 2678 protospatharii
1592 2609 1847 2663 eunuchi
1929 2615 2118 2666 autem

481 2703 640 2755 stant
671 2712 819 2770 pone
847 2696 1378 2767 dominum.Itaque
1399 2697 1945 2764 ordinatis,advocat
1975 2717 2118 2771 pre-

483 2788 704 2859 positus
719 2785 1042 2852 vestitores,
1056 2785 1154 2855 qui
1172 2791 1481 2858 postquam
1497 2787 1734 2842 domino
1756 2787 2117 2861 chlamydem

484 2878 612 2947 ejus
641 2877 1412 2946 circumposuerunt,rursus
1433 2877 1976 2947 egrediuntur.Post
1998 2879 2118 2935 haee

484 2965 1061 3022 descenditostiarius
1075 2963 1146 3019 ad
1161 2963 1582 3036 velum,ibique
1595 2966 1918 3022 subsistens
1936 2967 2118 3038 [extra

481 3054 695 3122 velum]
725 3069 842 3107 una
870 3068 1002 3108 cum
1031 3052 1432 3108 cerimoniario
1481 3051 1703 3107 dirimit
1744 3058 1802 3108 et
1849 3056 2118 3111 secedere

477 3141 649 3210 jubet
669 3155 836 3195 suam
865 3141 1227 3211 quemquein
1253 3139 1843 3209 classem,magistros
1864 3145 1921 3196 et
1951 3142 2119 3212 patri-

2207 569 2312 622 ἄπὸ
2358 573 2454 623 τοῦ
2513 565 2802 642 δρόμονος,
2853 563 3101 640 δέχονται
3148 564 3306 620 αὐτὸν
3355 566 3411 618 οἱ
3473 564 3871 638 πραιπόσιτοι·

2205 659 2550 736 παρακατιὼν
2601 659 2711 729 (19)
2763 655 2839 725 δὲ,
2889 653 3141 730 δέχονται
3197 655 3354 709 αὐτὸν
3404 655 3699 728 μάγιστροι
3768 656 3875 708 καὶ

2205 750 2483 824 πατρίκιοι
2535 745 2625 801 καὶ
2671 743 3013 824 ὀφφικιάλιοι
3057 745 3482 817 προσκυνοῦντες
3533 742 3722 811 αὐτὸν,
3767 743 3874 796 καὶ

2206 835 2562 915 ἀναφέρουσιν
2617 833 2774 888 αὐτὸν
2817 832 2868 887 ἐν
2928 837 3006 904 τῷ
3055 830 3262 906 κοχλιᾳ
3299 836 3377 902 τῷ
3435 831 3742 908 εἰσφέροντι
3783 830 3872 892 εἰς

2205 927 2273 982 τὰ
2325 923 2740 1000 κατηχουμένια
2774 927 2870 977 τοῦ
2919 918 3157 995 μεγάλου
3205 925 3354 978 ναοῦ.
3411 922 3507 977 Καὶ
3575 918 3874 994 διέρχεται

2210 1014 2298 1072 διὰ
2342 1019 2440 1069 τοῦ
2489 1013 2771 1088 τρικλίνου
2810 1017 2908 1080 τῆς
2968 1011 3122 1086 ἁγίας
3177 1013 3366 1083 σοροῦ,
3425 1009 3516 1063 καὶ
3565 1007 3871 1087 ἀνέρχεται

2210 1101 2299 1160 διὰ
2336 1106 2432 1158 τοῦ
2485 1099 2794 1176 βισαλωτοῦ
2840 1099 2928 1154 καὶ
2961 1102 3061 1153 τοῦ
3104 1096 3362 1172 κοχλιοῦ,
3413 1095 3730 1153 διακόπτων
3771 1099 3872 1152 τὸν

2207 1192 2486 1267 τρίκλινον
2516 1191 2607 1246 τὸν
2649 1187 2988 1262 καλούμενον
3023 1182 3338 1244 Λανούϐιον,
3390 1187 3493 1244 Καὶ
3544 1186 3871 1262 ἐξέρχονται

2216 1281 2292 1342 εἷς
2349 1281 2440 1334 τὸν
2501 1277 2734 1351 πόρτικα
2781 1278 2872 1332 τὸν
2956 1276 3254 1350 λεγόμενον
3315 1276 3696 1352 Ἰωσηφιακὸν,
3773 1276 3870 1331 καὶ

2211 1371 2563 1446 ἀναφέρουσιν
2594 1366 2752 1422 αὐτὸν
2785 1366 2838 1421 οἱ
2881 1364 3236 1440 πραιπὸσιτοι
3285 1363 3391 1426 ἓως
3423 1369 3520 1419 τοῦ
3569 1369 3870 1428 κοιτῶνος,

2211 1460 2280 1517 O't
2319 1459 2376 1537 9‘s
2435 1457 2728 1532 μάγιστροι
2765 1456 2856 1510 καὶ
2904 1457 2939 1523 ἡ
2991 1451 3299 1528 σύγκλητος
3323 1473 3342 1526 φ
3369 1454 3551 1508 ἅπασα
3603 1454 3872 1523 καθέζον-

2209 1569 2298 1602 ται
2328 1546 2379 1600 ἐν
2405 1550 2485 1618 τῷ
2542 1539 2842 1616 Δανουϐίῳ,
2881 1541 2971 1597 καὶ
3032 1541 3398 1598 ἀλλάσσουσιν
3455 1543 3524 1597 τά
3576 1540 3876 1617 ἀλλάξιμα

2212 1636 2406 1706 αὐτῶν,
2463 1636 2554 1690 καὶ
2606 1635 2923 1702 καθέζονται
2982 1633 3154 1686 ἐκεῖσε
3191 1628 3546 1706 ἐκδεχόμενοι
3575 1635 3679 1703 τὴν
3705 1631 3873 1688 ἕλευ-

2213 1747 2294 1780 σιν
2341 1728 2438 1780 τοῦ
2490 1726 2701 1797 καιροῦ.
2762 1720 3044 1782 Ἐλθόντος
3103 1717 3161 1775 δὲ
3199 1725 3296 1775 τοῦ
3342 1727 3443 1790 τῆς
3481 1722 3874 1787 καταστάσεως

2213 1815 2302 1870 καὶ
2362 1812 2699 1886 μηνύσαντος
2755 1816 2874 1873 τοῖς
2918 1811 3324 1886 πραιποσίτοις,
3364 1811 3439 1874 ὡς
3481 1809 3563 1866 ὅτι
3605 1813 3634 1866 6
3672 1815 3872 1888 καιρὸς

2219 1899 2460 1981 ἔφθασεν,
2519 1903 2859 1981 εἰσέρχονται
2926 1902 2977 1955 οἱ
3034 1901 3387 1974 πραιπόσιτοι
3437 1898 3878 1969 δηλοποιοῦντες

2217 1996 2308 2049 τὸν
2356 1993 2602 2068 βασιλέα.
2643 1994 2704 2050 '0
2737 1989 2798 2046 δὲ
2833 1988 3090 2065 βασιλεὺς
3136 1989 3365 2060 ἐξελθών
3394 1988 3455 2045 ἐκ
3515 1994 3612 2045 τοῦ
3659 1997 3872 2046 κοιτῶ-

2221 2105 2312 2146 νος
2353 2082 2514 2138 αὐτοῦ
2545 2080 2850 2156 εἰσέρχεται
2899 2080 2950 2134 έν
2994 2084 3074 2151 τῷ
3135 2080 3540 2151 Ἀναστασιακῷ
3575 2079 3873 2155 τρικλίνῳ,

2225 2176 2407 2248 φορῶν
2447 2172 2507 2226 τὸ
2557 2166 2877 2241 διϐητήσιον
2920 2168 3086 2224 αὐτοῦ
3142 2167 3232 2222 καὶ
3282 2171 3410 2230 στὰς
3445 2167 3636 2236 ἐκεῖσε,
3681 2169 3878 2224 ἰσταν-

2223 2281 2314 2317 ται
2346 2261 2397 2315 οἰ
2430 2259 2687 2336 ἄρχοντες
2731 2263 2827 2314 τοῦ
2874 2253 3267 2313 κουϐουκλείου
3316 2255 3460 2312 ἔνθεν
3503 2256 3778 2322 κάκεῖθεν.
3811 2260 3877 2314 Οἳ

2228 2347 2286 2404 δὲ
2335 2343 3030 2423 σπαθαροκουϐικουλάριοι
3086 2343 3336 2401 ἵστανται
3388 2345 3604 2410 ὄπισθεν
3667 2345 3873 2401 αὐτῶν.

2228 2439 2295 2496 Οἱ
2355 2435 2412 2492 δὲ
2464 2435 2946 2512 πρωτοσπαθάριοι
3013 2431 3270 2508 εὖνοῦγοι
3339 2431 3582 2489 ’ίστανται
3647 2429 3873 2499 ὄπισθεν

2227 2530 2323 2582 τοῦ
2375 2524 2666 2602 βασιλέως.
2725 2523 3119 2599 Προσκαλεῖται
3170 2521 3228 2578 δὲ
3278 2523 3307 2578 6
3338 2523 3702 2596 πραιπόσιτος
3744 2522 3876 2587 τοὺς

2231 2617 2587 2690 βεστήτορας,
2617 2615 2709 2670 καὶ
2739 2609 3213 2690 περιϐαλλόμενος
3246 2613 3273 2667 6
3305 2610 3560 2686 βασιλεὺς
3588 2614 3691 2683 τὴν
3724 2611 3875 2688 χλα-

2233 2700 2375 2776 μύδα
2427 2703 2595 2758 αὐτοῦ
2663 2700 2732 2758 δι’
2780 2701 2978 2774 αὐτῶν,
3035 2700 3366 2779 ἐξέρχονται.
3418 2701 3552 2757 Εἶτα
3591 2701 3869 2757 κατελθὼν

2229 2792 2504 2867 ὀστιάριος
2534 2793 2747 2848 ἵσταται
2774 2792 2824 2847 ἐν
2855 2795 2936 2864 τῷ
2978 2789 3159 2867 βήλῳ,
3201 2791 3292 2845 καὶ
3334 2787 3570 2861 διίστησι
3613 2793 3730 2864 ἅμα
3776 2797 3872 2847 τοῦ

2226 2885 2328 2948 τῆς
2387 2883 2762 2944 καταστάσεως
2825 2880 3155 2955 μαγίστρους
3235 2880 3322 2934 καὶ
3396 2879 3723 2954 πατρικίους
3780 2882 3868 2935 καί

2229 2969 2566 3044 στρατηγοὺς
2613 2969 2702 3024 καὶ
2763 2968 3171 3048 ὁφφικισλίους.
3230 2968 3330 3023 Καὶ
3396 2967 3774 3048 εἷσερχόμενος
3826 2970 3855 3024 ὁ

2233 3059 2508 3132 ὀπιάριος
2543 3058 2747 3112 ἵσταται
2779 3058 2930 3112 κάτω
2963 3058 3014 3113 ἐν
3051 3061 3129 3129 τῷ
3161 3055 3342 3132 βήλῳ,
3387 3058 3579 3120 νεύσας
3612 3057 3670 3113 δὲ
3698 3060 3726 3114 6
3767 3059 3863 3132 βα-

2228 3148 2410 3209 σιλεὺς
2455 3153 2537 3221 τῷ
2593 3148 2939 3225 πραιποσίτῳ
2998 3150 3027 3204 6
3059 3146 3115 3204 δὲ
3180 3150 3540 3224 πραιπόσιτος
3579 3151 3661 3222 τῷ
3691 3151 3872 3206 ὀστια-

484 3229 920 3300 cios,strategos
942 3233 998 3284 et
1019 3228 1580 3284 ofﬁciales.Peractis
1602 3227 2109 3300 his,rursusintra1

2229 3237 2354 3312 ρίῳ,
2414 3236 2617 3313 εἰσάγει
2661 3237 2993 3315 μαγίστρους
3053 3238 3143 3293 καὶ
3191 3237 3508 3312 πατρικίους
3576 3239 3669 3294 καὶ
3708 3259 3870 3313 στρα-

485 3316 757 3372 ostiarius
781 3317 837 3371 in
862 3318 1317 3385 Anastasiacum,
1342 3319 1439 3374 sed
1477 3323 1735 3374 remanet
1774 3319 1926 3376 infra
1955 3325 2120 3377 stans

483 3406 635 3460 intra
665 3404 880 3461 velum.
913 3408 1070 3474 Quod
1102 3407 1306 3462 videns
1354 3407 1692 3477 imperator,
1755 3412 1964 3464 nutum
2021 3410 2120 3465 dat

482 3495 808 3566 praeposito,
835 3497 894 3549 et
923 3495 1016 3549 hic
1039 3511 1206 3566 porro
1230 3497 1327 3550 dat
1347 3496 1586 3552 ostiario
1610 3515 1625 3564 ;
1653 3496 1745 3552 hic
1785 3501 2000 3566 autem,
2051 3515 2118 3554 eo

482 3593 739 3654 accepto,
772 3581 1085 3638 introducit
1114 3585 1426 3655 magistros
1458 3591 1511 3638 et
1532 3585 1806 3655 patricios
1863 3590 1920 3641 et
1967 3594 2116 3642 stra-

481 3674 645 3742 tegos
674 3675 732 3726 et
759 3670 1172 3738 ofﬁciales.Qui
1205 3671 1454 3744 ingressi
1483 3672 1661 3728 humo
1689 3674 2016 3745 procidunt.
2042 3674 2117 3732 Ut

480 3765 678 3815 autem
703 3761 1429 3827 resurrexerunt,monitus
1445 3767 1587 3817 nutu
1604 3763 1756 3834 regis
1770 3780 1884 3834 pra:
1891 3765 2114 3836 positus

478 3847 558 3903 ait
589 3863 602 3903 :
637 3870 666 3898 «
698 3847 994 3904 Celeusate
1024 3869 1053 3897 ››
1086 3849 1166 3920 [id
1197 3857 1279 3906 est
1309 3871 1339 3899 «
1371 3849 1590 3920 placeat
1620 3851 1804 3917 vobis,
1837 3872 1867 3902 »
1902 3868 2114 3925 nempe

479 3940 753 4011 movere].
785 3941 910 3995 Exit
939 3944 1062 3995 tum
1087 3941 1419 4011 imperator,
1439 3942 1684 4011 stipatus
1715 3960 1746 3997 a
1777 3945 2113 4013 proceribus

479 4033 752 4100 cubiculi,
788 4033 1040 4102 patriciis
1079 4036 1136 4088 et
1166 4035 1432 4104 strategis
1466 4034 1524 4088 in
1558 4033 1878 4089 triclinium
1918 4035 2109 4091 Danu-

477 4121 673 4176 bium:
699 4121 792 4176 8I
805 4125 854 4176 4
869 4123 936 4176 ad
953 4122 1124 4192 cujus
1137 4121 1456 4191 ingressum
1471 4122 1541 4175 ab
1558 4125 1801 4191 utraque
1817 4127 1976 4192 parte
1988 4125 2114 4179 bar-

478 4209 598 4264 bati
625 4209 1072 4279 protospatharii
1095 4225 1227 4263 cum
1251 4208 1559 4278 drungario
1585 4208 1796 4280 vigiliae
1814 4216 1990 4268 stant.
2008 4213 2110 4270 Hic

478 4297 666 4352 denuo
698 4297 1005 4368 procidunt
1025 4297 1082 4352 in
1106 4313 1294 4368 genua
1312 4297 1803 4371 patricii,strategi
1834 4304 2110 4375 totusque

477 4389 738 4441 senatus.
760 4385 831 4440 Ut
853 4389 1246 4453 surrexerunt,
1275 4388 1482 4459 accipit
1513 4393 1658 4444 nutu
1685 4390 1840 4462 regis
1875 4394 2110 4448 manda-

475 4477 599 4528 tum
614 4473 1082 4545 prepositus,qui
1095 4491 1260 4545 porro
1273 4477 1676 4534 cerimoniario
1690 4481 2109 4552 communicat;

2229 3326 2451 3400 τηγοὺς,
2510 3327 2600 3382 καὶ
2657 3326 2954 3390 εἶσεθόντες
3026 3327 3335 3384 πίπτουσιν.
3394 3328 3769 3385 Ἀναστάντων
3814 3326 3874 3383 δὲ

2227 3415 2428 3482 αὐτῶν,
2471 3411 2739 3489 λαμϐάνει
2770 3421 2938 3491 νεῦμα
2978 3418 3006 3471 6
3045 3417 3404 3479 ποαιπόσιτος
3445 3417 3590 3491 παρὰ
3627 3422 3728 3472 τοῦ
3771 3419 3870 3491 βα-

2227 3503 2446 3579 σιλέως,
2479 3505 2570 3561 καὶ
2601 3505 2753 3585 λέγει
2797 3508 2987 3578 ἐκεῖσε,
3029 3532 3058 3560 ‹‹
3100 3507 3422 3566 Κελεύσατε.
3451 3531 3480 3559 ››
3521 3509 3582 3567 Ὁ
3621 3505 3681 3563 δὲ
3713 3509 3870 3584 βασις

2227 3593 2354 3658 λεὺς
2394 3593 2822 3673 δηριγευόμενος
2861 3598 2964 3653 ὑπὸ
3013 3619 3071 3654 τε
3102 3602 3209 3654 τῶν
3261 3599 3543 3672 ἀρχόντων
3593 3603 3692 3654 τοῦ
3740 3620 3868 3654 κου-

2230 3683 2548 3760 βουκλείου,
2605 3687 2903 3762 πατρικίων
2934 3708 2992 3742 τε
3034 3687 3124 3742 καὶ
3193 3692 3528 3763 στρατηγῶν,
3592 3687 3868 3764 ἐξέρχεται

2224 3771 2276 3826 ἐν
2330 3777 2409 3846 τῷ
2467 3770 2746 3848 Δανουϐίῳ
2787 3774 3068 3849 τρικλίνῳ.
3113 3778 3381 3832 Ἵστανται
3435 3773 3493 3830 δὲ
3536 3777 3587 3830 οἱ
3625 3797 3685 3831 τε
3736 3777 3864 3852 βαρ-

2224 3855 2379 3914 ϐάτοι
2410 3863 2892 3939 πρωτοσπαθάριοι
2941 3865 3031 3919 καὶ
3065 3865 3092 3919 ὁ
3151 3862 3514 3939 δρουγγάριος
3540 3871 3638 3934 τῆς
3673 3863 3867 3940 βίγλης

2223 3945 2362 4004 ἔνθεν
2390 3951 2480 4004 καὶ
2538 3946 2684 4007 ἔνθεν
2726 3952 2966 4024 πλησίον
3025 3960 3128 4022 τῆς
3176 3952 3360 4024 θύρας.
3393 3953 3460 4010 Οἱ
3495 3949 3554 4008 δὲ
3586 3957 3860 4028 πατρίκιοι

2219 4038 2309 4092 καὶ
2368 4042 2659 4116 στρατηγοὶ
2720 4042 2833 4114 ἅμα
2881 4041 2951 4116 τῇ
3005 4041 3298 4117 συγκλήτῳ
3339 4041 3647 4111 πίπτουσιν,
3708 4044 3861 4098 Ἀνα-

2221 4127 2450 4182 στάνεωι
2507 4126 2564 4183 δὲ
2610 4127 2809 4202 αὒτῶν,
2881 4125 3148 4203 λαμϐάνει
3194 4130 3365 4203 νεῦμα
3445 4132 3474 4185 6
3505 4133 3859 4205 πραιπὸσιτος

2218 4215 2363 4289 παρά
2381 4221 2478 4272 τοῦ
2509 4216 2806 4294 βασιλέως,
2849 4219 2939 4274 καὶ
2988 4220 3151 4280 αὐτὸς
3195 4217 3385 4274 δίδωσι
3420 4220 3510 4276 τὸν
3567 4227 3667 4290 τῆς
3697 4242 3858 4277 κατα-

2223 4309 2482 4379 στάσεως,
2531 4310 2620 4364 καὶ
2681 4308 2846 4385 λέγει’
2896 4335 2924 4363 ‹‹
2969 4307 3288 4369 Κελεόσασε.
3348 4335 3376 4364 ››
3429 4315 3857 4387 Δηριγευόμενος

2223 4391 2279 4449 δὲ
2309 4397 2336 4450 6
2398 4395 2650 4472 βασιλεὺς
2703 4399 2792 4454 ὑπ’
2839 4399 3012 4455 αὐτῶν
3060 4396 3459 4475 διέρχεταιὶέως
3501 4399 3736 4470 πλησίον
3767 4407 3857 4457 τοῦ

2221 4484 2426 4539 κιονίου
2482 4491 2578 4541 τοῦ
2625 4489 2877 4562 κειμένου
2935 4489 3235 4564 ἐγκαρσίως
3281 4488 3334 4544 ἐν
3379 4495 3457 4562 τῷ
3522 4491 3855 4565 πληρώματι

476 4568 531 4618 et
559 4561 654 4617 hic
680 4561 901 4617 tandem
933 4563 1184 4621 clamat:
1223 4587 1250 4616 «
1281 4565 1602 4624 Celeusate.
1632 4589 1660 4618 »
1686 4569 1825 4625 Inde
1855 4572 2109 4640 procedit

2221 4577 2313 4627 τοῦ
2371 4570 2640 4646 ἐμϐόλου,
2697 4576 2788 4632 καὶ
2849 4576 3067 4652 δέχεται
3133 4577 3306 4634 ἐκεῖσε
3356 4579 3448 4634 τὸν
3516 4581 3856 4656 πατριάρχην

1505 4675 1707 4732 JOAN.
1747 4677 1887 4735 JAC.
1929 4678 2191 4738 REISKII
2229 4682 2821 4742 COMMENTARIUS.

549 4768 662 4848 (19)
719 4767 781 4848 Id
841 4773 933 4848 est
985 4769 1444 4848 _napaxutto'v'toc
1492 4773 1614 4848 rivel
1693 4775 2117 4848 παρακατιόντα,

475 4838 761 4918 aliquanto
819 4838 1061 4897 ulterius
1095 4838 1400 4918 "progresso
1443 4847 1554 4918 illo
1596 4851 1698 4902 aut
1725 4838 2119 4918 progressum}

477 4912 668 4988 quoad
730 4927 969 4988 sensum
1027 4912 1345 4988 παρκαάτω,
1397 4917 1690 4988 aliquanto
1725 4912 1983 4988 inferius
2027 4920 2114 4976 vel

478 4983 748 5058 alterius:
796 4983 925 5058 yid:
981 4985 1060 5058 ad,
1107 4983 1168 5058 ipf.
1245 4986 1367 5058 332,
1454 4983 1551 5041 ubi
1625 4983 1930 5044 ὑποκατιὼν
2013 5007 2114 5058 pro

483 5055 757 5129 ὑποκάτω.
793 5056 856 5111 In
886 5054 1466 5129 Graecis'Latinisque
1524 5059 1902 5129 scriptoribus
1958 5054 2112 5116 anti-

480 5127 610 5198 quis
669 5135 723 5182 et
782 5129 945 5201 novis
999 5128 1322 5201 frequentia
1369 5129 1547 5199 hujus
1589 5127 1880 5201 enallages
1912 5147 2111 5188 occur-

479 5196 648 5273 rbnt__
673 5196 973 5273 exempla,
1005 5204 1067 5273 et
1097 5196 1264 5255 nemo
1297 5199 1359 5273 in
1389 5196 1463 5273 eo
1486 5214 1694 5270 genere
1724 5196 2110 5273 na'taxopécra-

481 5287 573 5340 ρος
603 5267 806 5323 Nostro
837 5267 893 5323 et
917 5269 1280 5326 Philostrato.
1313 5269 1412 5326 Vel
1446 5267 1626 5325 unum
1664 5272 1865 5326 saltem
1917 5267 2108 5329 locum

479 5339 766 5413 adducam
800 5355 872 5413 ex_
897 5339 1115 5395 Alberti
1148 5342 1585 5413 Argentinensis
1615 5341 1895 5397 Chronico
1929 5344 2000 5398 ad
2042 5347 2104 5399 A.

478 5414 536 5464 C.
575 5410 714 5464 1356
751 5425 763 5462 :
822 5411 1103 5484 electores_
1132 5421 1182 5467 et
1225 5410 1515 5482 b/ﬁciales
1565 5413 1792 5484 imperii
1821 5413 2112 5470 veniebant

478 5494 810 5557 sapere:un
840 5496 1006 5557 usque
1036 5482 1104 5536 ad
1135 5500 1378 5540 mensam
1397 5501 1418 5545 ,·
1448 5482 1822 5557 descendentes
1851 5501 1972 5540 vero
2031 5486 2109 5557 (id

483 5556 572 5627 est
605 5555 665 5627 u_t
704 5555 893 5627 autem
925 5553 1434 5610 descenderantex
1458 5556 1644 5627 equis)
1672 5553 2112 5614 histrionibus'et

486 5620 670 5698 _mimis
697 5620 1160 5698 dabatunequurs.
1197 5627 1288 5683 Sic
1318 5628 1468 5698 apud
1496 5620 1758 5698 nostrum
1783 5627 1948 5698 paulo
1979 5633 2111 5698 post

484 5688 640 5745 hunc
697 5691 888 5747 locum
949 5688 1053 5750 ha'c
1109 5697 1234 5767 ipsa
1298 5688 1527 5769 pagina,
1581 5695 1704 5757 στᾶς
1780 5688 2112 5758 ἒκεῖσεέεί

2273 4781 2637 4860 Γοαστάντος,
2719 4787 2778 4860 et
2858 4781 3331 4860 περιϐαλλόμενος
3399 4803 3547 4860 prof
3595 4781 3854 4860 περιϐαλ-

2270 4851 2468 4927 ομένου
2526 4857 2602 4921 et,
2661 4851 2849 4927 νεύσας
2895 4851 2994 4927 pro
3053 4851 3340 4926 νεήσαντος
3375 4851 3488 4926 ς’β.
3523 4851 3852 4922 314,’ἀσπα-

2225 4921 2444 5004 σοξμενοι
2503 4939 2603 5004 pro
2662 4921 3055 5004 écn‘ncaéévmy
3129 4921 3184 4984 et
3260 4947 3316 5002 p.
3379 4921 3524 5004 ⁷356,Δ
3595 4932 3674 5000 τῷ
3750 4931 3850 5004 βα-

2223 4990 2366 5074 σιλεῖ
2404 4990 2605 5074 ,τεχθέν
2653 4990 2892 5074 παι’δίον’
2940 4996 3098 5074 ἄρῥεν
3197 4990 3330 5074 pro
3381 4990 3668 5074 τεχθέντος
3730 4990 3852 5055 παι-

2223 5062 2341 5143 Sino
2399 5062 2640 5143 ᾇίρῤἐνος.
2700 5062 3265 5143 Possent'esempla
3318 5062 3558 5143 inte'g'ris
3632 5062 3846 5130 acervis

2221 5137 2441 5193 effundi
2470 5137 2485 5192 Ξ
2522 5153 2700 5194 unum
2732 5146 2924 5196 tamen
2954 5142 3144 5197 adhuc
3161 5137 3372 5198 addam
3398 5137 3848 5201 m'emorabileex

2219 5209 2442 5285 Georgii
2477 5208 2794 5285 Hamartoli
2825 5213 3106 5285 Chronico
3139 5212 3308 5268 misto
3355 5213 3534 5285 (apud
3583 5214 3668 5268 Du
3701 5215 3844 5272 Can-

2221 5278 2389 5352 gium‘
2432 5297 2484 5352 ν.
2537 5279 2764 5352 Κόρτη,
2798 5283 2899 5352 ubi
2945 5284 3014 5338 de
3063 5278 3441 5338 Constantino
3483 5284 3840 5352 M.dicitur:

2218 5350 2402 5427 κτίσας
2432 5349 2655 5427 ἱππικὸν
2683 5351 2771 5404 καὶ
2803 5350 3092 5427 ,παλατιον-
3120 5353 3210 5427 καί
3248 5354 3373 5427 τοὺ-ς
3439 5351 3708 5427 μεγάλους
3730 5354 3840 5427 έμ-

2219 5413 2434 5498 6όλομς-
2461 5418 2550 5474 καὶ
2581 5421 2696 5498 “τὸ.ν
2747 5421 2915 5498 φόρον
2963 5423 3013 5498 ἐν
3064 5425 3110 5496 ᾧ
3147 5423 3300 5498 τόπῳ
3332 5413 3564 5498 ἔστησεν
3593 5427 3626 5493 ἡ
3676 5413 3835 5498 κὸρτη

2221 5488 2385 5561 αὑτοῦ
2417 5488 2724 5568 ἐπανελθὼν
2759 5488 3143 5568 ’(Ξιτὲὸ-,Ῥώμης⁷
3171 5488 3521 5568 Duo__hoc'in
3552 5488 3676 5552 loco
3709 5488 3838 5553 sunt

2219 5564 2612 5638 memoranda,
2648 5582 2821 5638 unum
2854 5561 3086 5638 ,ἔστησεν
3146 5585 3249 5638 ρτο
3304 5561 3454 5636 ἔστη,
3511 5574 3568 5624 et
3598 5571 3833 5624 alterum

2217 5629 2525 5706 ἐπανελθὼν
2560 5629 2661 5706 pro
2692 5629 3079 5700 ἐπανελθόντος
3113 5629 3344 5706 {nolim
3386 5629 3569 5695 tamen
3611 5639 3680 5696 de
3724 5656 3830 5696 non

2219 5704 2475 5769 admisso
2507 5704 2758 5780 quodam
2793 5708 3012 5768 librarii
3041 5704 3275 5784 peccato
3305 5724 3519 5769 cavere.
