4120 6306
382 338 539 402 1013

1229 341 1329 402 DE
1372 341 1825 404 CEBIMONIIS
1885 343 2116 407 ΑΠΙιῶ
2161 343 2630 407 BYZANTlN/E
2675 346 2821 408 LIB.
2867 344 2948 407 ll.

3629 345 3787 411 1014

383 473 518 548 μετὰ
549 473 641 528 καὶ
674 477 775 543 τῆς
806 472 987 543 λιτῆς.
1023 465 1216 526 Λαϐὼν
1250 469 1307 527 δὲ
1353 443 1518 550 κηρία
1566 476 1711 550 παρὰ
1751 479 1848 530 τοῦ
1878 497 2016 552 πραιι

2148 477 2462 552 imperator
2509 481 2582 537 ab
2611 480 2817 538 iisdem
2857 480 3111 554 stipatus
3141 496 3328 553 usque
3366 483 3782 554 propemodum

377 562 610 619 ποσίτου
669 560 758 617 καὶ
817 560 1124 635 εὐξάμενος,
1179 557 1493 616 ἐπιδίδωσιν
1551 562 1685 618 αὐτὰ
1737 562 1902 620 πάλιν
1954 570 2032 639 τῷ

2141 569 2214 626 ad
2245 570 2579 627 columnam
2611 571 2986 628 transversim
3012 569 3256 642 positam
3280 569 3339 626 in
3358 569 3476 626 ﬁne
3504 570 3784 642 porticus,

376 651 748 727 πραιποσίτῳ,
805 651 1186 725 προσκυνήσας
1230 647 1288 705 δὶ
1328 651 1391 705 τὸ
1453 648 1726 726 ἄχραντον
1786 653 2016 730 Εὐαγγέ-

2140 657 2340 731 ibique
2369 661 2581 732 excipit
2611 661 2993 732 patriarcbam
3019 676 3151 716 cum
3175 659 3277 716 lite
3306 675 3408 716 seu
3440 659 3615 716 turba
3646 675 3783 732 sup-

379 743 501 798 λιον
548 739 638 797 καί
685 741 777 796 τὸν
817 740 1088 810 ζωοποιὸν
1137 739 1386 815 σταυρὸν,
1418 744 1807 815 προσκυνοῦσιν
1851 741 2031 821 ἀμφό-

372 849 526 904 τεροι
555 827 866 900 ἀλλήλους,
890 829 920 882 6'
948 847 1007 882 τε
1038 825 1295 903 βασιλεὺς
1326 827 1416 882 καὶ
1461 829 1488 882 6
1537 829 1909 906 πατριάρχης,
1940 829 2030 884 καὶ

375 918 770 992 ἀσπασάμενοι,
826 911 1094 990 Λαμὸἀνει
1144 917 1174 972 6
1221 915 1477 991 βασιλεὺς
1523 921 1668 992 παρά
1716 922 1814 974 τοῦ
1870 939 2029 993 πραι-

371 1007 598 1063 ποσίτου
655 1004 848 1083 κηρίον
900 1003 1220 1075 λιτανίκιον,
1269 1006 1358 1062 καὶ
1415 1005 1751 1082 ὑποστρέψας
1812 1004 2027 1087 διέρχε-

372 1118 464 1154 ται
495 1095 584 1152 διὰ
631 1100 728 1152 τοῦ
778 1096 943 1152 αὐτοῦ
991 1090 1258 1169 ἐμϐόλου.
1291 1103 1555 1172 ’Ἂρχεται
1589 1094 1646 1152 δὲ
1677 1098 1704 1152 6
1733 1105 1835 1168 τῆς
1861 1118 2028 1153 κατα-

373 1187 612 1248 στάσεως
657 1187 977 1260 τροποὶριον.
1039 1208 1068 1237 ι(
1119 1185 1207 1242 'Ev
1257 1189 1325 1260 τῇ
1375 1187 1619 1263 γεννήσει
1675 1187 1774 1256 τήν
1831 1189 2028 1262 παρθε-

373 1274 490 1330 νίαν
542 1272 828 1350 ἐφύλαεας.
881 1297 909 1328 »
963 1270 1285 1336 Ψάλλοντες
1337 1271 1394 1329 δὲ
1439 1275 1502 1330 τὸ
1544 1273 1673 1330 αὐτὸ
1730 1277 2024 1352 τροπάριον

377 1364 430 1418 o't
475 1370 576 1434 τῆς
617 1361 995 1438 προελεύσεως
1044 1363 1290 1434 ἅπαντες,
1325 1361 1666 1444 εἷ’σὲρχονται
1707 1363 1761 1420 ἂν
1791 1386 1870 1437 τῳ
1899 1366 2027 1440 νάρ-

375 1465 503 1524 θηκι
559 1457 658 1508 τοῦ
716 1449 974 1529 Μεγάλου
1033 1455 1187 1508 ναοῦ.
1247 1451 1325 1508 Τὰ
1382 1449 1440 1507 δὲ
1497 1450 1665 1508 λοιπὰ
1710 1453 1883 1509 πάντα
1925 1460 2028 1524 τῆς

372 1543 573 1613 τάξεως
606 1540 967 1620 φυλάττονται
1007 1539 1059 1595 ἐν
1105 1544 1174 1615 τῇ
1223 1541 1363 1615 αὐτῇ
1409 1541 1595 1616 ἑορτῇ,
1625 1543 1803 1605 καθὼς
1834 1543 1922 1598 καὶ
1955 1546 2024 1618 τῇ

375 1633 684 1706 ὑπαπαντῇ.
731 1627 946 1700 ’Ῑστέον,
998 1630 1081 1685 ὅτι
1132 1631 1160 1684 ὁ
1201 1627 1502 1705 λογοθέτης
1549 1635 1646 1686 τοῦ
1687 1628 1895 1706 δρόμου
1933 1631 2023 1687 καὶ

373 1722 400 1776 6
431 1719 666 1798 ῥαίκτωρ
698 1719 790 1774 καὶ
819 1719 848 1774 6
878 1720 1392 1794 πρωτοασηκρήτης
1436 1720 1528 1774 καὶ
1559 1721 1588 1774 6
1625 1721 1880 1792 μυστικὸς
1911 1723 2023 1796 (20)

377 1809 514 1884 μετᾶ
555 1814 667 1864 τῶν
716 1806 1244 1888 χρυσοτρικλινιτῶν
1289 1810 1792 1886 πρωτοσπαθαρίων
1844 1807 2022 1866 ⁹ίστανο

368 1919 456 1956 ται
487 1898 540 1954 ἓν
571 1902 650 1970 τῲ
679 1901 1028 1971 Ἰωσηφιακῷ
1058 1895 1300 1972 πόρτικι,

2141 747 2483 819 plicantium
2508 765 2643 805 eum
2666 751 2972 806 comitante
2992 774 3007 819 ;
3027 751 3384 822 sumptisque
3396 750 3579 806 cereis
3594 765 3627 803 a
3643 765 3784 821 pm-

2140 836 2325 907 posito
2341 839 2643 908 porrectis,
2660 840 2795 894 facit
2809 855 3002 910 preces
3018 839 3301 910 factisque
3315 855 3517 894 rursus
3529 854 3628 895 eos
3642 856 3781 910 prae-

2140 925 2325 996 posito
2344 927 2556 993 reddit;
2579 928 2832 984 adoratis
2851 930 3124 1000 deinceps
3139 927 3518 984 immaculato
3535 929 3778 1000 Evange-

2137 1010 2214 1068 lio
2245 1017 2300 1068 et
2331 1013 2758 1081 viviﬁoacruce,
2781 1017 3212 1073 adorantambo
3231 1033 3356 1074 sese
3378 1018 3641 1083 invicem,
3668 1018 3778 1072 im-

2139 1104 2372 1172 perator
2394 1101 2606 1158 scilicet
2620 1109 2676 1160 et
2689 1105 3035 1174 patriarcha,
3050 1106 3326 1178 pacisque
3340 1106 3602 1162 osculum
3626 1106 3779 1162 inter

2137 1205 2197 1246 se
2209 1194 2594 1258 commutant,
2614 1195 2810 1248 ettum
2837 1193 3126 1263 accipiens
3157 1211 3190 1250 a
3212 1195 3518 1266 praeposito
3541 1210 3774 1251 cereum

2138 1279 2623 1351 processionalem
2641 1279 2720 1336 im
2730 1281 3368 1354 peratorlegitvestigia
3389 1301 3494 1339 sua
3513 1300 3611 1353 per
3621 1299 3776 1340 eam-

2137 1368 2269 1424 dem
2295 1369 2576 1440 porticum
2599 1389 2614 1439 ;
2638 1368 3081 1426 cerimoniarius
3104 1374 3296 1425 autem
3313 1371 3386 1426 ad
3399 1371 3519 1427 hinc
3551 1373 3773 1428 intonat

2135 1457 2458 1529 troparium
2477 1473 2489 1513 :
2505 1481 2532 1508 ‹‹
2550 1462 2614 1513 In
2638 1463 2738 1514 tuo
2758 1462 2921 1528 partu
2937 1460 3292 1514 conservasti
3315 1459 3725 1530 virginitatem.
3744 1483 3766 1512 ι

2135 1545 2372 1615 Omnes,
2399 1545 2497 1618 qui
2524 1546 2881 1619 processioni
2902 1546 3039 1602 huic
3068 1547 3381 1612 intersunt,
3405 1547 3555 1602 idem
3577 1554 3772 1619 tropa-

2133 1634 2288 1690 rium
2320 1639 2592 1692 canentes
2620 1636 2841 1691 intrant
2871 1636 2928 1691 in
2971 1635 3308 1693 narthecem
3343 1635 3538 1708 Magni
3570 1635 3774 1706 templi

2133 1722 2652 1796 [blacbernarum].
2675 1723 3066 1796 Reliquiritus
3092 1727 3286 1780 autem
3305 1739 3371 1779 eo
3392 1724 3485 1779 die
3504 1723 3650 1779 festo
3662 1724 3775 1779 ob-

2135 1812 2407 1868 servandi
2447 1817 2586 1868 sunt
2631 1811 2854 1869 similes
2885 1812 3096 1868 ritibus
3126 1812 3472 1884 bypapantaa
3502 1827 3607 1867 seu
3639 1812 3770 1868 festi

2052 1875 2100 1941 Β
2130 1901 2562 1958 Purificationis
2592 1901 2780 1958 Beate
2803 1900 3081 1975 Virginis.
3102 1875 3304 1956 Adbuc
3335 1901 3395 1956 id
3423 1899 3766 1971 tenendum,

370 1987 727 2062 logothetam
758 1988 950 2044 dromi
981 1991 1038 2044 et
1084 1991 1366 2044 rectorem
1397 1996 1453 2045 et
1496 1993 1983 2062 protoasecretam
2027 1992 2086 2046 et
2116 1989 2432 2061 mysticum
2483 2005 2596 2046 una
2632 2005 2768 2048 cum
2809 1987 3262 2062 protospatharii
3309 1988 3766 2060 cbrysotriclinii

369 2079 429 2134 in
464 2077 689 2151 porticu
709 2076 1017 2150 Josepbica
1047 2081 1217 2134 stare.

1005 2172 1266 2225 ΚΕΦΔΛ.
1321 2167 1378 2225 I'.

368 2263 480 2315 Οσα
511 2253 595 2332 δεῖ
621 2255 1059 2332 παραφυλάττειν
1109 2261 1177 2331 τῇ
1297 2263 1399 2327 τῆς
1441 2258 1664 2332 πρώτης
1696 2253 2019 2332 ἑϐδομάδος,

436 2333 533 2384 τοῦ
567 2325 836 2406 βασιλέως
868 2325 1326 2405 δημηγοροῦντος
1354 2325 1589 2402 ’(21)’ἑπὶ
1619 2325 1717 2385 τοῦ
1747 2325 2018 2386 σιλεντίου

436 2408 537 2471 τῆς
568 2402 890 2476 μανναύρας.

437 2490 568 2566 Περὶ
601 2489 742 2565 ὥραν
774 2493 966 2564 τρίτην
1015 2485 1226 2545 δίδοται
1271 2487 1689 2563 μεταστάσιμον,
1719 2490 1810 2546 καὶ
1850 2488 2016 2564 ἀπέρ-

367 2600 528 2656 χεται
559 2581 734 2636 ἅπασα
789 2581 825 2648 ἡ
887 2577 1219 2652 σύγκλητος,
1277 2579 1368 2635 καὶ
1419 2577 1665 2635 ’ίστανται
1709 2580 1860 2636 κάτω
1905 2583 2015 2635 τῶν

369 2666 691 2744 γραδηλίων
739 2675 840 2737 τῆς
894 2667 1190 2742 μανναύρας
1237 2666 1291 2723 ο⁹ί
1335 2689 1393 2725 τε
1453 2669 1745 2743 μάγιστροι
1775 2669 1867 2724 καὶ
1910 2688 2013 2723 πα-

369 2756 572 2833 τρίκιοι
612 2757 700 2812 καὶ
749 2758 800 2812 οἱ
850 2755 1122 2831 βασιλικοὶ
1178 2758 1373 2819 πάντες
1422 2754 1698 2832 ἅνθρωποι
1728 2757 1818 2811 καὶ
1848 2760 1954 2818 πᾶς
1985 2756 2014 2810 6

371 2844 657 2908 πολιτικὸς
707 2841 903 2922 ὄχλος,
951 2845 983 2902 6'
1017 2866 1074 2901 τε
1119 2844 1472 2922 δρουγγάριος
1507 2851 1606 2914 τῆς
1641 2842 1848 2919 βίγλης
1880 2845 2014 2918 μετὰ

369 2935 457 2988 καὶ
507 2939 604 2990 τοῦ
647 2936 921 3012 τάγματος
968 2934 1132 2992 αὐτοῦ
1178 2935 1270 2991 καὶ
1317 2941 1417 3006 τῆς
1469 2933 1761 3010 βασιλικῆς
1792 2953 2015 3008 περιου-⁹

364 3022 483 3084 σίας
515 3025 645 3096 (22),
687 3024 778 3080 καὶ
826 3025 854 3080 6
905 3022 1269 3102 δρουγγάριος
1316 3029 1416 3080 τοῦ
1461 3023 1707 3098 πλοΐμου
1759 3023 1894 3097 μετὰ
1921 3021 2012 3078 καὶ

360 3116 467 3167 τῶν
519 3112 606 3168 ὑπ’
661 3113 810 3187 αὐτῷ
867 3115 1108 3171 πάντων.
1167 3116 1234 3172 0i.
1288 3111 1346 3170 δὲ
1391 3112 1646 3172 δεσπόται
1698 3111 2012 3190 ἐξέρχονται

361 3200 467 3255 ἀπὸ
522 3203 976 3277 σκαραμαγγίων,
1047 3207 1336 3278 φοροῦντες
1410 3205 1500 3258 καὶ
1557 3203 1624 3259 τὰ
1678 3203 2007 3279 χρυσοπερί-
2040 3238 2085 3308 c

395 3288 415 3308 κ
655 3289 669 3308 ,
718 3294 746 3306 ..
933 3289 946 3308 ι
1109 3291 1123 3308 ε
1176 3288 1202 3308 ει
1240 3289 1251 3308 ρ
1304 3291 1325 3308 ι
1535 3289 1560 3308 ε.
1595 3293 1609 3308 .
1787 3296 1814 3308 ..
1893 3289 1916 3308 ε.

359 3288 584 3345 κλειστα
612 3289 786 3346 αὐτῶν
820 3289 1003 3365 σαγία,
1034 3291 1126 3344 καὶ
1174 3288 1482 3363 διέριονται
1513 3289 1622 3344 ’διὰ
1649 3311 1708 3346 τε
1747 3296 1855 3347 τῶν
1889 3289 2010 3347 διαο

360 3373 601 3433 ϐατίκῶν
630 3383 738 3432 τῶν
771 3377 941 3452 ἁγίων
995 3384 1048 3450 μ’
1098 3378 1189 3432 καὶ
1239 3381 1336 3432 τοῦ
1366 3379 1632 3453 σίγματπ
1663 3380 1753 3433 καὶ
1784 3386 1884 3447 τῆς
1913 3384 2010 3434 τοῦ

362 3465 564 3538 Κυρίου
619 3463 932 3537 ἔκκλησίας,
988 3466 1078 3520 καὶ
1131 3466 1389 3520 ἅπτουσιν
1446 3464 1618 3520 ἐκεῖσε
1662 3467 1889 3540 κηροὺς,
1919 3466 2009 3520 καὶ

361 3554 468 3611 ἀπὸ
497 3558 604 3609 τῶν
645 3553 814 3610 ἐκεῖσε
864 3551 1179 3631 διέρχονται
1228 3552 1317 3609 διὰ
1359 3574 1418 3610 τε
1466 3555 1565 3623 τῆς
1615 3551 1889 3624 σακέλλης
1919 3555 2009 3608 καὶ

359 3647 456 3699 τοῦ
503 3643 684 3699 ὠάτου
733 3643 822 3698 καὶ
868 3647 968 3698 τοῦ
1014 3643 1303 3720 ἀνάγοντος
1350 3641 1624 3698 στενωποῦ
1671 3642 1748 3707 είς
1783 3641 1876 3697 τὸν
1906 3645 2006 3707 τῆς

365 3733 669 3807 μανναόρας
710 3730 965 3802 ἡλιακὸν,
1014 3733 1104 3787 καὶ
1163 3729 1502 3808 εἰσέρχονται
1553 3730 1606 3787 ἒν
1649 3735 1729 3804 τῷ
1782 3728 2008 3807 μεγάλῳ

358 3819 650 3895 τρικλίνῳ,
701 3818 959 3891 δηλονότι
1014 3818 1432 3898 δηριγευόμενοι
1483 3821 1587 3877 ὑπό
1633 3841 1691 3878 τε
1735 3825 1831 3876 τοῦ
1877 3841 2008 3876 κου-

361 3906 652 3967 ϐουκλείου
697 3910 788 3967 καὶ
853 3916 960 3968 τῶν
1031 3907 1380 3986 μαγλαϐιτῶν
1425 3911 1514 3966 καὶ
1561 3913 1660 3981 τῆς
1718 3909 2005 3987 ἑταιρείας.

361 4001 568 4057 Ἐκεῖσε
622 4001 727 4077 γὰρ
785 3999 836 4054 ἐν
893 4005 972 4073 τῷ
1032 3998 1257 4074 μὲγάλῳ
1324 3999 1588 4075 τρικλίνῳ
1644 4000 1884 4064 κάτωθεν
1907 4005 2006 4069 τῆς

360 4087 593 4164 πλαγίας
638 4089 888 4164 καμάρας
943 4095 1044 4158 τῆς
1095 4085 1268 4159 δεξιᾶς
1323 4089 1460 4164 πρὸς
1516 4087 1788 4157 ἀνατολὴν
1819 4089 2007 4144 ἵσταν-

360 4197 448 4233 ται
476 4181 584 4232 τῶν
635 4173 912 4234 δεσποτῶν
969 4182 1149 4253 χρυσᾶ
1202 4175 1416 4233 σελλία.
1478 4178 1699 4233 Κάκεῖσε
1731 4177 1926 4254 μικρόν
1953 4197 2006 4233 τι

359 4266 738 4340 καθεζόμενοι,
767 4263 871 4329 ἓως
904 4265 963 4321 ἂν
1008 4266 1111 4322 ὑπὸ
1149 4270 1247 4322 τοῦ
1295 4267 1655 4340 πραιποσίτου
1700 4267 1873 4322 πάντα
1909 4287 2007 4322 κα-

363 4353 473 4418 λῶς
529 4355 950 4431 εὖτρεπισθῶσιν
1011 4355 1221 4430 (ἰκνικᾷ
1257 4356 1282 4392 ⁹
1339 4357 1442 4432 γὰρ
1497 4357 1559 4412 τὸ
1615 4357 1828 4412 καθῖσαι
1881 4357 2008 4419 τοὺς

2779 2169 3013 2227 CAPUT
3048 2169 3114 2226 X.

2131 2257 2482 2332 Observganda
2518 2259 2609 2332 die
2634 2259 2884 2332 secunda
2930 2260 3134 2332 prim
3177 2258 3498 2332 septimanae
3545 2259 3769 2331 [jejunii

2199 2330 2740 2403 quadragesimalis],
2789 2330 3011 2387 domino
3052 2332 3114 2387 in
3157 2331 3386 2387 silentio
3439 2330 3766 2402 magnaurz

2197 2418 2505 2458 sermonem
2529 2403 2948 2475 pronuntiante.

2199 2490 2364 2547 Circa
2402 2489 2630 2547 tertiam
2681 2491 2885 2547 horam
2933 2491 3106 2548 datur
3151 2489 3615 2548 metastasimum
3659 2505 3762 2546 seu

2126 2579 2380 2636 abeundi
2410 2595 2481 2634 ex
2516 2578 2650 2635 aula
2673 2583 2731 2635 et
2769 2579 3016 2651 negotiis
3056 2577 3372 2636 curialibus
3416 2577 3670 2645 licentia,
3701 2580 3762 2634 et

2125 2668 2249 2725 abit
2278 2673 2437 2726 totus
2467 2673 2728 2735 senatus,
2765 2667 3149 2738 consistitque
3189 2667 3342 2724 intra
3379 2667 3596 2737 gradus
3633 2680 3764 2720 ma-

2124 2774 2382 2831 gnaura',
2398 2757 2620 2813 scilicet
2636 2756 2897 2827 magistri
2919 2760 2976 2814 et
2998 2755 3227 2828 patricii
3241 2760 3296 2812 et
3313 2754 3541 2811 basilici
3562 2769 3763 2811 omnes

2123 2847 2381 2903 etomnis
2393 2845 2642 2920 populus
2658 2847 2932 2916 urbanus,
2945 2845 3292 2916 drungarius
3318 2843 3524 2916 vigilia:
3536 2858 3661 2899 cum
3671 2858 3763 2898 co-

2123 2936 2288 2993 borte
2309 2951 2410 2992 sua
2443 2939 2500 2991 et
2545 2950 2708 2990 sacra
2752 2933 3006 3006 periusia
3046 2935 3172 3006 [seu
3215 2931 3553 2990 comitativa
3588 2947 3762 3003 pecu-

2121 3027 2308 3100 liare],
2340 3028 2479 3084 item
2501 3027 2854 3098 drungarius
2884 3025 3084 3097 ploimi
3112 3023 3199 3083 vel
3229 3024 3435 3081 classis
3464 3039 3599 3080 cum
3631 3039 3758 3080 om-

2121 3117 2296 3173 nibus
2317 3117 2390 3172 ab
2412 3131 2581 3172 suam
2615 3114 3038 3185 inspectionem
3056 3112 3502 3186 pertinentibus.
3527 3110 3756 3168 Domini

2121 3211 2316 3264 autem
2348 3206 2637 3278 prodeunt
2661 3204 2716 3276 [ο
2735 3219 2947 3276 magno
2977 3202 3212 3275 palatio]
3244 3202 3304 3257 in
3334 3199 3757 3272 scaramangiis

2121 3301 2178 3353 et
2207 3297 2362 3367 sagis
2392 3295 2517 3352 suis
2557 3310 2698 3352 auro
2747 3294 2960 3366 septis;
3012 3291 3389 3363 trajectisque
3436 3287 3756 3362 porticibus

2117 3388 2464 3444 Sanctorum
2499 3385 2886 3459 quadraginta
2934 3384 3302 3456 [martyrum]
3337 3386 3396 3438 et
3425 3381 3670 3453 sigmate
3699 3384 3758 3436 et

2118 3474 2351 3530 Domini
2382 3475 2644 3539 ecclesia,
2667 3474 2725 3528 in
2757 3490 2874 3546 qua
2893 3488 3088 3530 cereos
3116 3471 3463 3540 accendunt,
3494 3473 3550 3526 et
3580 3467 3762 3526 sacel-

2119 3561 2174 3618 lo
2205 3567 2262 3618 et
2291 3567 2456 3617 ovato
2486 3566 2542 3617 et
2573 3562 2878 3632 angiportu
2907 3561 3168 3628 tandem,
3219 3559 3320 3630 qui
3367 3559 3439 3612 ad
3471 3557 3752 3614 solarium

2118 3665 2448 3721 magnauraa
2494 3649 2674 3716 ducit,
2725 3649 2947 3704 intrant
2995 3648 3056 3704 in
3107 3662 3379 3718 magnum
3435 3644 3754 3702 triclinium

2118 3737 2268 3795 8Ιῦ
2303 3737 2498 3808 stipati
2527 3742 2586 3794 et
2632 3736 2905 3792 conducti
2933 3752 2967 3792 a
3004 3735 3293 3803 cubiculo,
3334 3731 3669 3805 maglabitis
3697 3737 3756 3788 et

2120 3825 2374 3883 hetaeria.
2411 3825 2492 3882 lbi
2541 3839 2855 3898 parumper
2901 3823 3167 3880 desident
3211 3822 3271 3878 in
3316 3819 3611 3877 collocatis
3641 3819 3752 3877 sub

2117 3914 2343 3972 laterali
2375 3915 2577 3971 dextro
2600 3914 2673 3969 ad
2699 3912 2981 3968 orientem
3015 3910 3230 3968 fornice
3261 3909 3458 3982 magni
3487 3907 3749 3979 triclinii,

2117 4003 2277 4060 sellis
2307 4001 2517 4069 aureis,
2548 4002 2707 4073 (nam
2734 3999 2935 4056 stricte
2965 4000 3020 4055 id
3050 3999 3496 4064 observandum,
3527 4000 3584 4052 et
3621 4011 3750 4052 mos

2114 4099 2377 4164 receptus
2404 4091 2601 4162 exigit,
2626 4096 2688 4145 ut
2711 4089 3088 4161 imperatores
3104 4103 3406 4159 nunquam
3438 4085 3541 4141 diu
3571 4087 3748 4140 stent.

2114 4181 2215 4238 sed
2247 4195 2476 4252 semper
2506 4177 2793 4248 sedeant,)
2818 4177 3002 4233 donec
3028 4193 3063 4232 a
3093 4175 3398 4248 preposito
3431 4176 3750 4245 praeparata

2116 4269 2322 4326 fuerint
2340 4269 2552 4324 omnia.
2580 4267 2683 4323 Hic
2699 4265 2854 4322 enim
2885 4267 3002 4320 exit
3033 4282 3150 4321 una
3177 4279 3310 4320 cum
3341 4260 3747 4320 cerimoniario

2117 4359 2188 4415 ad
2211 4357 2567 4415 ordinandos
2587 4358 2876 4414 asecretas
2889 4359 2944 4411 et
2969 4353 3191 4426 reliqua
3209 4352 3426 4414 omnia.
3458 4367 3583 4423 qua:
3602 4351 3746 4408 ceri-

1702 4483 1942 4542 VABIA'J
1983 4483 2393 4542 LECTIONES.

431 4591 456 4634 9
482 4589 662 4661 ἐκνικᾷ
690 4593 844 4665 conj.
879 4597 968 4664 R.,
999 4592 1162 4662 ἡνίκα
1189 4593 1318 4652 cod.

1403 4718 1605 4776 JOAN.
1643 4719 1784 4776 JAC.
1817 4717 2076 4776 REISKII
2111 4717 2693 4774 COMMENTARIUS.

429 4834 544 4905 (20)
575 4831 864 4917 l"_ueritne_
879 4831 1182 4917 peculiaris
1223 4833 1410 4917 aulica
1439 4833 1695 4917 dignitas
1719 4833 1986 4916 .Mystici,
2019 4838 2066 4904 D
2097 4833 2361 4917 bambec.
2393 4832 2582 4917 J
2741 4849 2779 4903 ι,
2829 4831 2888 4888 L.
2922 4831 3090 4904 VII.)'
3129 4831 3296 4889 Conf.
3334 4831 3418 4887 Du
3459 4829 3650 4902 Gange
3679 4845 3732 4885 v.

360 4903 446 4961 an
465 4903 790 4977 appellatus
819 4903 968 4977 sic__a
996 4903 1166 4977 vulgo
1204 4907 1262 4960 et
1289 4903 1612 4977 historicis,
1634 4904 1748 4977 qui
1764 4903 1989 4977 amicus

359 4974 728 5048 imperatoris
764 4974 1120 5048 familiarior
1150 4977 1323 5042 esset,
1359 4974 1669 5031 interioris
1683 4975 1994 5048 admissio-

361 5046 474 5118 nis,
505 5063 622 5118 non
655 5046 805 5102 novi.
838 5046 992 5118 Satis
1013 5047 1342 5118 frequenter
1369 5053 1727 5101 memoratur
1754 5046 1998 5118 Scripto-

361 5117 523 5174 ribus
587 5117 939 5189 Byzantinis.
1006 5118 1172 5188 Apud
1238 5116 1486 5189 Leonem
1541 5116 1894 5189 Grammatf
1938 5134 1995 5189 p.

359 5191 484 5258 480,
534 5187 774 5244 τειῖιιυὶι
828 5189 996 5243 Goar.
1057 5187 1251 5244 vocem
1293 5187 1551 5258 Graecam
1621 5187 1878 5258 Mysticu:
1934 5187 1994 5242 in

361 5261 602 5328 Latinis,
659 5259 731 5315 ad
803 5261 1124 5314 Cedrenum
1182 5275 1314 5314 vero
1375 5275 1428 5321 p.
1495 5257 1620 5324 599,
1676 5257 1998 5328 adscripsit

359 5331 420 5387 in
470 5329 754 5397 margine,
801 5334 1110 5386 senatorem
1157 5331 1462 5385 secretioris
1518 5328 1784 5386 consilii:
1845 5345 1992 5386 esse.

361 5402 522 5458 Conf.
580 5400 812 5474 ,Script.
888 5406 1020 5470 post
1078 5400 1412 5474 Tbeopban.
1491 5416 1546 5472 p.
1622 5401 1749 5474 224,
1819 5405 1874 5474 et
1935 5417 1992 5472 p.

361 5474 488 5545 πε,
534 5473 631 5526 ubi
675 5469 1045 5545 memoratur
1097 5469 1306 5545 aliquis
1345 5471 1392 5545 _6
1452 5469 1710 5545 μῦστικᾷς
1760 5469 1850 5545 καί
1898 5469 1996 5524 πα-

367 5534 790 5615 ραδυναστεόων.
857 5545 1079 5598 Ibidem
1153 5534 1211 5615 p:
1260 5543 1388 5611 2'76,
1427 5534 1740 5615 ,δείξαι-τίῑῄ
1781 5541 1993 5615 aliquis

372 5610 758 5688 pontiﬁcatui
823 5610 1299 5688 mﬁnynfrﬁc'jﬁiv
1332 5610 1671 5688 _<pt7tocéawv
1704 5613 1743 5688 _"
1779 5610 1993 5688 (Joan-

369 5682 474 5738 nes
505 5682 771 5740 Nicotaus
801 5682 1144 5756 cognomine
1173 5682 1450 5758 Mystic‘us
1492 5685 1747 5744 occurrit
1774 5682 1830 5742 in
1863 5686 1988 5744 cod.

2108 4903 2384 4965 Μυστικὸς
2416 4908 2474 4959 et
2505 4903 2730 4959 Histico.

2175 4976 2286 5041 (21)
2305 4975 2384 5030 De
2397 4975 2504 5030 bac
2525 4973 2766 5030 selemni
2789 4974 3048 5030 oratione
3063 4990 3116 5029 v.
3133 4971 3634 5043 dictasuperiusp.
3646 4971 3738 5026 91.

2175 5047 2288 5117 (22)
2319 5046 2569 5111 Quinam
2603 5045 2661 5100 bi
2683 5047 2824 5112 sint,
2856 5062 2970 5102 non
3003 5049 3252 5117 exputo.‘
3263 5043 3492 5117 Debent
3519 5044 3589 5098 de
3611 5057 3744 5117 pro-

2105 5111 2385 5188 tectorum
2414 5131 2624 5188 genere
2655 5133 2807 5188 esse,
2838 5117 2958 5173 sive
3005 5111 3276 5172 sebolarii
3301 5114 3428 5184 jam
3449 5113 3585 5180 sint,
3616 5111 3740 5188 sive

2104 5187 2369 5260 Barangi,
2403 5185 2520 5244 s'ive
2549 5190 2618 5260 de
2647 5187 2758 5244 alio
2791 5202 3140 5260 quocunque
3170 5200 3398 5260 genere,
3440 5199 3586 5260 quos
3626 5185 3738 5238 im-

2104 5256 2334 5330 perato'r
2358 5256 2603 5330 elegerit
2632 5260 2742 5316 sibi
2799 5256 3104 5330 perpetuos
3135 5257 3377 5330 comites
3405 5256 3734 5330 scutit'eros,

2102 5322 2199 5400 qui
2232 5331 2384 5408 circa
2403 5322 2626 5408 sefsint,
2651 5322 3021 5408 q_uocum:que
3041 5333 3155 5408 eat.
3177 5327 3330 5408 _Hi_n_c
3363 5323 3492 5408 λαὸς
3508 5322 3730 5408 περιορὲ

2102 5396 2218 5462 σιος
2263 5406 2351 5457 est
2398 5401 2602 5456 militia
2649 5396 2843 5466 chara,
2885 5396 3104 5456 delecta
3139 5402 3195 5453 et
3241 5396 3468 5464 dilecta,
3514 5396 3723 5452 militia

2100 5475 2199 5546 τῇς
2231 5469 2563 5546 περιουσίας,
2597 5471 2810 5546 peculii
2857 5487 2959 5546 seu
2977 5468 3313 5546 _pec_ul_iaris
3337 5467 3497 5546 ;_vi_d.
3529 5469 3717 5546 Theo-

2145 5538 2366 5613 ban.'p.
2399 5544 2524 5608 305,
2557 5538 2674 5613 ubi
2711 5542 2791 5613 ait
2854 5538 3727 5613 de_Jus_ti_niano_Rbinotmeto:

2122 5607 2452 5703 Εστράτξυσε
2489 5607 2747 5740 χᾶλιηάδας
2779 5609 2826 5665 λ’
2860 5609 2959 5701 ’καὶ
3000 5609 3229 5670 ὁπλίσας
3276 5607 3470 5671 αὐτοὺς
3519 5609 3728 5664 επωνό-

2122 5704 2269 5740 ιασεν
2303 5703 2500 5740 αυτους
2567 5703 2661 5739 αον
2689 5701 3018 5740 περιουσιον.

2105 5681 2269 5759 μασέν
2303 5681 2661 5750 αὐτοὺςλαὸν
2689 5681 3018 5761 περιούσιον.
