4172 6300
301 419 460 478 1017
1185 418 1282 478 DE
1325 418 1781 480 GERIMONIIS
1831 418 2066 479 AULE
2104 417 2592 480 BYZANTIN/E
2631 419 2778 481 LIB.
2824 419 2898 481 ll.
3558 419 3714 480 1018

305 569 441 622 μιος
499 548 750 623 σταυρός.
823 548 919 606 Καὶ
977 545 1044 618 δὴ
1091 552 1189 602 τοῦ
1253 549 1599 624 πατριάρχου
1647 550 1993 622 θυμιῶντοςη

2102 552 2212 608 lum
2243 552 2315 608 ab
2341 551 2470 624 ipso
2493 569 2562 608 ex
2593 569 2750 610 more
2781 553 3186 620 incensantur,
3208 551 3409 609 osculo
3437 551 3603 623 pacis
3630 566 3718 606 ve-

303 639 446 693 κατὰ
476 638 568 693 τὸν
627 635 795 692 τύπόν
855 638 982 700 τοὺς
1042 634 1327 704 δεσπότας,
1386 635 1713 706 ἀσπάζονται
1771 638 1955 708 αὐτὸν,

2108 649 2360 698 erantur.
2388 642 2537 698 Tum
2595 647 2846 714 pergunt
2895 659 2997 713 per
3046 647 3273 713 portam
3330 641 3401 697 ad
3445 641 3715 697 dextram

305 727 402 782 καὶ
453 727 552 783 εἶθ’
591 725 764 789 οὕτως
817 725 1158 802 εἰσέρχονται
1208 722 1296 779 διὰ
1348 732 1451 794 τῆς
1491 724 1661 780 ἐκεῖσε
1681 725 1961 803 εἰσφερού-

2102 730 2295 803 ιιοεοω
2327 732 2614 801 hamatis;
2649 733 2748 788 ubi
2781 733 3058 789 senatorii
3105 748 3310 789 omnes
3363 735 3421 786 et
3469 731 3715 803 palatini

305 839 414 889 σης
469 817 651 888 πύλης
710 819 848 892 πρὸς
904 818 966 872 τὸ
1023 813 1193 886 δεξιὸν
1274 816 1436 890 μέρος
1521 819 1616 870 τοῦ
1687 817 1958 891 βήματος.

2102 819 2326 874 ainistri
2346 825 2405 875 et
2425 820 2762 876 cubicularii
2788 825 2978 876 astant
3000 821 3258 876 dominis
3284 821 3714 878 benedicentes.

306 909 530 966 Ἐκεῖσε
569 909 671 982 γὰρ
707 909 758 962 οἱ
785 913 887 976 τῆς
919 904 1236 984 συγκλήτου
1283 905 1478 968 πάντες
1522 905 1769 962 ’ίστανται
1829 907 1962 980 μετὰ

2102 906 2135 961 li
2169 923 2270 977 per
2300 924 2497 963 sacras
2520 909 2672 965 iores
2692 909 3082 966 cancellorum
3107 909 3360 980 ingressi
3383 909 3719 964 accendunt

309 998 547 1052 καὶτῶν
609 995 913 1071 βασιλικῶν
939 997 1030 1049 καὶ
1084 999 1182 1050 τοῦ
1228 990 1608 1064 κουϐουλείου,
1647 995 1962 1070 ἐπευχόμε-

2103 1009 2286 1064 ereos,
2321 1001 2388 1051 ut
2419 1013 2545 1053 mos
2593 1003 2698 1059 est,
2730 1003 2788 1053 et
2827 1002 3030 1054 cetera
3059 1014 3293 1070 quoque
3321 1014 3387 1054 ex
3437 999 3550 1053 ritu
3584 1014 3718 1070 per-

306 1106 399 1141 νοι
448 1084 576 1148 τοὺς
623 1081 904 1148 δεσπότας.
939 1084 1039 1138 Καὶ
1086 1083 1194 1139 ἀπὸ
1249 1087 1356 1138 τῶν
1407 1082 1578 1139 ἐκεῖσε
1623 1083 1962 1160 εἰσέρχονται

2106 1087 2266 1155 gunt.
2300 1084 2559 1140 Tandem
2593 1090 2896 1157 acceptum
2926 1103 2957 1143 e
2988 1103 3163 1143 manu
3197 1087 3516 1143 castrensis
3539 1089 3720 1158 patri-

309 1174 391 1237 είς
421 1175 489 1230 τὰ
525 1173 592 1228 τὰ
650 1175 773 1250 ἅγια
802 1173 982 1249 θύρια.
1024 1173 1114 1228 καὶ
1168 1173 1429 1229 ἅπτουσιν
1483 1172 1688 1250 κηροὺς
1737 1174 1872 1229 κατᾶ
1901 1175 1964 1229 τὸ

2102 1171 2248 1228 .rcha
2270 1171 2638 1229 thuribulum
2661 1175 2841 1230 tradit
2859 1175 3210 1246 imperatori.
3235 1176 3338 1231 Hic
3360 1179 3542 1232 totam
3565 1175 3719 1232 circa

312 1265 534 1334 εἰωθὸς,
591 1265 682 1319 καὶ
737 1265 807 1320 τὰ
861 1265 986 1334 ἑξῆς
1039 1265 1178 1320 κατὰ
1206 1264 1296 1318 τὸν
1325 1265 1494 1320 τύπον
1537 1263 1811 1323 τελοῦσιν.
1861 1265 1966 1320 Καὶ

2105 1277 2300 1317 acram
2328 1277 2588 1317 mensam
2620 1262 2877 1318 incensat
2903 1280 2916 1331 ;
2949 1269 3007 1318 et
3036 1268 3160 1318 tum
3190 1268 3401 1320 exeunt
3431 1263 3651 1320 domini
3683 1280 3719 1320 a

309 1355 417 1410 εἶθ’
449 1355 625 1416 οὕτως
655 1348 1074 1426 παραλαμϐάνει
1116 1352 1222 1408 ἀπο
1273 1354 1458 1428 χειρὸς
1495 1357 1591 1409 τοῦ
1633 1353 1966 1428 καστρησίου

2102 1357 2272 1408 Lextra
2304 1353 2552 1409 bematis
2585 1370 2703 1409 una
2733 1369 2866 1409 cum
2917 1354 3247 1425 patriarcha
3289 1371 3392 1426 per
3440 1355 3716 1426 minores,

312 1444 343 1498 6
406 1443 762 1518 πατριάρχης
816 1441 910 1496 τὸν
982 1441 1270 1515 θυμιατὸν,
1354 1443 1446 1496 καὶ
1526 1439 1812 1497 ἐπιδίδωσι
1887 1445 1969 1514 τῷ

2102 1458 2202 1514 [ua
2232 1442 2311 1498 ibi
2341 1447 2498 1512 sunt,
2525 1457 2714 1499 sacras
2747 1443 2919 1513 fores,
2951 1446 3008 1498 et
3037 1457 3225 1514 usque
3254 1443 3322 1498 ad
3355 1443 3716 1515 porphyreti-

312 1531 558 1607 βασιλεῖ,
588 1530 679 1586 καὶ
711 1535 882 1604 θυμιᾷ
913 1531 945 1584 ἆ
977 1528 1234 1606 βασιλεὺς
1265 1530 1417 1603 πέριξ
1474 1537 1575 1600 τῆς
1624 1532 1784 1606 ἁγίας
1834 1550 1969 1605 τρα-

2102 1547 2171 1586 as
2190 1531 2490 1588 columnas
2515 1533 2830 1604 procedunt
2851 1533 3044 1589 ambo.
3067 1533 3151 1588 Ibi
3175 1535 3371 1588 autem
3393 1531 3724 1587 valedicunt

311 1622 512 1691 πέζης,
552 1619 640 1674 καὶ
671 1619 771 1674 εἶθ’
828 1617 1005 1680 οὕτως
1036 1617 1126 1673 διὰ
1153 1623 1252 1674 τοῦ
1296 1615 1472 1689 δεξιοῦ
1507 1621 1704 1695 μέρους
1733 1623 1831 1674 τοῦ
1865 1621 1970 1695 βή-

2102 1627 2130 1675 ει
2184 1621 2448 1676 osculum
2489 1621 2647 1692 pacis
2690 1622 3036 1694 impertiunt
3097 1620 3464 1693 patriarchae.
3509 1620 3581 1676 Et
3628 1619 3723 1676 hic

319 1729 497 1786 ματος
527 1709 635 1764 ἀπὸ
663 1712 770 1762 τῶν
830 1707 1001 1763 ἐκεῖσε
1035 1712 1244 1783 μικρῶν
1284 1707 1454 1783 ἁγίων
1497 1710 1675 1782 θυρῶν
1716 1706 1972 1784 ἰξὲρχον-

2102 1709 2312 1781 [uidem
2344 1709 2496 1765 redit
2529 1711 2587 1764 in
2621 1709 2812 1775 bema,
2839 1709 3214 1777 tritohecten,
3242 1710 3298 1764 id
3331 1713 3420 1765 est
3461 1707 3722 1765 ofﬁcium

315 1820 412 1856 ται
434 1799 492 1852 οἱ
549 1795 807 1853 δεσπόται
849 1797 961 1870 ἅμα
1008 1801 1104 1852 τοῦ
1160 1797 1505 1873 πατριάρχου
1560 1793 1666 1859 ἕως
1692 1801 1798 1852 τῶν
1832 1817 1973 1872 πορ-

2102 1803 2226 1856 nter
2257 1798 2488 1854 tertiam
2537 1803 2593 1854 et
2637 1805 2857 1855 sextam
2899 1799 3101 1856 horam
3149 1799 3722 1872 peragendum,per-

320 1890 510 1968 φυρῶν
592 1885 812 1952 κιόνων,

325 1973 702 2050 πατριάρχην,
731 1978 923 2030 τοῦτον
963 1974 1352 2048 ἀσπαζόμενοι,
1385 1973 1487 2032 Καὶ
1520 1976 1548 2030 6
1582 1975 1676 2048 μὲν
1708 1975 1978 2049 πατριάρ-

329 2085 445 2145 χης
486 2064 788 2141 εἰσέρχεται
834 2062 912 2125 είς
959 2063 1022 2118 τὸ
1063 2065 1220 2138 βῆμα
1265 2061 1560 2119 ἐκτελέσων
1596 2065 1696 2134 τὴν
1738 2065 1977 2140 τριτοέκ-

327 2172 450 2225 την·
497 2154 550 2210 οἱ
590 2150 648 2208 δι
695 2150 948 2208 δεσπόται
998 2151 1340 2230 είσὲρχονται
1389 2151 1441 2207 ἐν
1485 2157 1566 2226 τῷ
1618 2153 1975 2230 μητατωρίῳ,

331 2243 425 2300 καὶ
480 2243 615 2317 μετὰ
657 2244 758 2312 τήν
826 2249 931 2312 τῆς
966 2240 1282 2315 τριτοέκτης
1339 2241 1604 2298 ἃπόλυσιν
1652 2243 1978 2322 ἆνὲρχονται

338 2336 614 2408 μυστικῶς
647 2328 738 2386 διὰ
765 2335 864 2388 τοῦ
905 2331 1076 2385 ἐκεῖσε
1129 2334 1227 2385 τοῦ
1282 2332 1692 2406 μητατωρικίου
1739 2331 1979 2406 κοχλιοῦ

337 2423 414 2485 εἷς
434 2421 502 2476 τὰ
541 2420 954 2496 κατηχούμενα,
988 2419 1078 2474 καὶ
1130 2417 1220 2474 διὰ
1263 2425 1374 2474 τῶν
1439 2415 1766 2475 διαϐατικῶν
1809 2419 1979 2493 είσὲρ-

338 2531 533 2588 χονται
583 2513 856 2585 μυστικῶς
917 2505 1338 2585 δηριγευόμενοι
1388 2509 1492 2564 ὑπό
1539 2529 1599 2565 τε
1625 2514 1732 2564 τῶν
1778 2509 1985 2584 μαγλα-

341 2596 509 2656 ϐιτῶν
555 2599 646 2656 καὶ
689 2605 790 2668 τῆς
839 2597 1104 2674 ἑταιρείας
1153 2598 1228 2660 εἰς
1280 2598 1343 2652 τὸ
1392 2597 1758 2677 θεοφύλακτον
1803 2597 1983 2655 παλά-

341 2707 481 2746 τιον’
533 2689 584 2744 οἲ
612 2686 668 2744 δὶ
707 2695 807 2758 τῆς
864 2687 1180 2763 συγκλήτου
1219 2687 1412 2749 πάντες
1462 2689 1552 2742 καὶ
1610 2690 1662 2743 οἱ
1717 2693 1814 2744 τοῦ
1852 2709 1986 2744 κου-

348 2773 644 2833 ϐουκλείου
687 2777 776 2831 καὶ
819 2777 872 2832 οἱ
927 2774 1208 2852 βασιλικοὶ
1257 2774 1529 2848 ἅνθρωποι
1575 2776 1711 2848 μετά
1739 2777 1838 2844 τήν
1883 2782 1982 2846 τῆς

349 2865 666 2941 τριτοὲκτης
715 2862 975 2920 ἀπόλυσιν
1012 2864 1117 2918 ἄπὸ
1165 2867 1272 2919 τῶν
1323 2863 1519 2936 ἆκεῖσε,
1549 2861 1717 2938 ἤγουν
1749 2864 1856 2919 ἀπὸ
1885 2871 1986 2934 τῆς

349 2953 507 3028 ἁγίας
552 2952 772 3031 Σοφίας,
816 2953 1113 3029 ἀπέρχεται
1161 2949 1386 3016 ἕκαστος
1439 2952 1516 3015 είς
1571 2953 1640 3008 τὰ
1703 2949 1838 3008 ἴδια.
1890 2953 1988 3008 Διὰ

345 3042 446 3120 γὰρ
490 3042 552 3099 τὸ
605 3043 743 3099 εἶναι
793 3043 892 3112 τὴν
943 3043 1151 3118 ἡμέραν
1206 3043 1408 3114 ταύτην
1461 3045 1710 3118 παγανῆν
1760 3042 1839 3106 εἷς
1885 3045 1985 3113 τήν

347 3133 694 3212 ὑποστροφὴν
718 3131 780 3188 o6
812 3129 1188 3208 δηριγεύουσιν
1219 3133 1370 3188 οὗτοι
1390 3131 1519 3195 τοὺς
1549 3129 1833 3196 δεσπότας.

982 3224 1214 3279 ΚΕΦΑΛ
1255 3222 1361 3280 ΙΑ’.

915 1885 1004 1940 καί
1074 1883 1245 1940 ἐκεῖσε
1327 1885 1808 1962 ἀποχαιρετίζουσι
1878 1887 1971 1941 τὸν

2102 1895 2358 1958 lcturus;
2393 1887 2616 1945 domini
2647 1893 2844 1944 autem
2874 1888 3098 1945 intrant
3136 1889 3195 1944 in
3241 1887 3636 1953 metatoriam,
3667 1890 3726 1943 et

2082 1978 2244 2036 illinc
2275 1983 2406 2049 post
2437 1977 2860 2034 absolutionem
2895 1978 2983 2034 vel
3034 1978 3208 2034 ﬁnem
3252 1977 3587 2033 tritohectes
3632 1992 3722 2032 as-

2083 2068 2340 2123 cendunt
2369 2067 2614 2139 mystice
2642 2065 2732 2122 vel
2771 2065 2918 2122 clam
2951 2066 3180 2122 arbitris
3208 2070 3266 2122 et
3310 2081 3445 2121 cum
3497 2064 3726 2123 intimis

2083 2155 2288 2212 amicis
2318 2159 2378 2211 et
2406 2154 2752 2212 custodibus
2783 2172 2886 2227 per
2914 2154 3208 2211 cochleam
3243 2170 3273 2211 e
3323 2153 3622 2210 metatorio
3651 2152 3726 2209 ad

2083 2244 2523 2302 catechumenia
2549 2245 2887 2310 ducentem;
2915 2251 2972 2300 et
3000 2243 3250 2316 denique
3291 2256 3391 2315 per
3436 2241 3728 2299 diabatica

2083 2335 2172 2391 vel
2198 2338 2379 2391 tectas
2409 2335 2668 2407 porticus
2698 2335 2945 2390 redeunt
2965 2333 3024 2390 in
3055 2334 3356 2406 palatium,
3388 2333 3541 2405 quod
3571 2331 3727 2389 Deus

2087 2425 2396 2494 custodiat,
2429 2417 2626 2497 stipati
2653 2442 2686 2480 a
2719 2422 3050 2496 maglabitis
3081 2431 3132 2479 el
3161 2422 3418 2478 hetaeria.
3439 2421 3730 2479 Senatorii

2088 2517 2281 2570 autem
2338 2529 2541 2569 omnes
2594 2516 2650 2568 et
2679 2511 3018 2567 cubicularii
3075 2515 3132 2567 et
3187 2511 3428 2581 palatini
3468 2510 3728 2566 ministri

2089 2609 2218 2674 post
2248 2601 2573 2657 absolutam
2607 2600 2974 2656 tritohectam
3006 2599 3224 2655 abeunt
3268 2597 3448 2665 illinc,
3476 2597 3537 2652 id
3580 2603 3671 2654 est
3698 2611 3731 2654 e

2088 2694 2292 2748 sancta
2323 2690 2558 2761 Sophia,
2591 2691 2662 2746 ad
2695 2707 2804 2746 sua
2832 2689 3099 2761 quisque.
3133 2691 3367 2760 Pagana
3406 2687 3562 2743 enim
3596 2702 3732 2743 cum

2090 2781 2170 2838 sit
2199 2780 2299 2835 illa
2328 2781 2452 2836 dies
2504 2779 2583 2852 [id
2615 2783 2704 2836 est
2752 2778 3001 2835 solemni
3034 2782 3092 2833 et
3139 2777 3476 2833 solemniter
3503 2775 3737 2832 indictis

2093 2868 2448 2942 processioni
2481 2884 2595 2923 non
2625 2867 2860 2939 dicata},
2913 2883 3032 2924 non
3080 2865 3434 2922 comitantur
3464 2863 3733 2920 dominos

2090 2961 2153 3016 in
2182 2956 2459 3031 palatium
2487 2957 2819 3013 redeuntes.

2643 3211 2738 3268 81
2753 3211 2794 3265 7
2829 3208 3064 3266 CAPUT
3102 3209 3206 3266 XI.

344 3313 459 3371 Οσα
542 3308 624 3367 δεῖ
709 3332 786 3367 πα
824 3332 855 3365 α
899 3260 1362 3381 01561:;2“
1455 3309 1656 3384 τιμίων
1751 3316 1992 3385 σταυρῶν

419 3381 734 3454 μελλόντων
791 3329 989 3454 ἱξὲναι
1046 3385 1116 3454 τῇ
1178 3380 1314 3454 μέσῃ
1370 3377 1638 3454 ἓϐδομάδι
1692 3390 1792 3453 τῆς
1834 3385 1992 3454 ἁγίας

2157 3302 2532 3372 Obseruando,
2564 3300 2780 3374 quando
2809 3315 2999 3356 cruces
3027 3299 3318 3372 efferenaae
3348 3299 3478 3353 sunt
3506 3295 3687 3354 media

2395 3378 2703 3447 septimana
2729 3378 2932 3428 sanctae
2962 3371 3444 3442 Quadragesim.

419 3381 734 3457 μελλόντων

415 3475 855 3530 τεσσαρακοστης
865 3499 878 3512 .

417 3546 640 3614 Ἰστεον,
663 3542 748 3599 ὅτι
777 3548 847 3618 τῇ
879 3542 1036 3619 τρίτῃ
1073 3545 1316 3617 Κυριακῇ
1351 3547 1455 3611 τῆς
1506 3541 1660 3617 ἁγίας
1703 3543 1781 3614 μ’,
1830 3539 1998 3617 ἤγουν

343 3631 453 3689 ἀπὸ
500 3636 598 3703 τῆς
649 3630 988 3709 όρθοδοξίας,
1045 3632 1179 3706 μετᾶ
1217 3632 1408 3705 τρίτην
1441 3631 1477 3701 ἢ
1528 3630 1619 3686 καὶ
1646 3627 1812 3700 ἕκτην
1845 3629 1994 3704 ᾠδὴν

338 3727 444 3780 τοῦ
482 3719 702 3799 ὄρθρου,
752 3721 1032 3798 ἐξάγονται
1089 3721 1143 3776 οἱ
1209 3720 1386 3794 τίμιοι
1415 3721 1506 3775 καὶ
1559 3720 1824 3791 ζωοποιοὶ
1852 3725 2000 3794 τρεῖς

343 3813 595 3888 σταυροὶ,
643 3814 732 3868 καὶ
794 3811 1137 3876 αποτίθενται
1184 3808 1237 3866 ἐν
1275 3813 1356 3866 τῶ
1423 3808 1859 3889 σκευοφυλακίῳ,
1908 3809 2000 3866 καὶ

341 3903 446 3960 εἷθ’
477 3902 654 3965 οὕτως
685 3902 790 3956 ὑπὸ
841 3904 941 3956 τοῦ
994 3899 1340 3975 πρωτοπάπα
1371 3898 1834 3974 βαλσαμιζόμενοι
1865 3919 2001 3974 προ-

342 3992 588 4048 τίθενται
618 3989 670 4045 ἒν
702 3994 772 4064 τῇ
803 3987 1070 4060 ἐκκλησίᾳ
1101 3989 1180 4051 εἴς
1223 3987 1586 4063 προσκύνησιν
1619 3989 1832 4043 πάντων
1860 3990 2000 4064 (25),

338 4079 439 4136 καὶ
493 4080 626 4153 μετὰ
665 4081 766 4147 τὴν
822 4077 1088 4134 ἀπόλυσιν
1154 4081 1256 4133 τοῦ
1312 4073 1514 4152 ὄρθρου
1567 4075 1768 4153 ἄνοίγει
1797 4079 1861 4132 τὸ
1900 4086 1999 4148 τῆς

342 4169 471 4231 νέας
519 4163 830 4236 ἆναϐάσιον,
888 4167 979 4222 καὶ
1036 4165 1322 4242 ἀνέρχεται
1374 4167 1403 4221 6
1452 4172 1553 4234 τῆς
1601 4165 1722 4230 νέας
1767 4164 1998 4243 κλῆρος,

901 3404 989 3438 ναι
1046 3385 1116 3456 τῇ
1155 3377 1314 3456 ⁷μέσῃ
1370 3377 1638 3456 ἑϐδομάδι
1692 3390 1792 3453 τῆς
1834 3377 1992 3461 ἁγίας

343 4258 442 4315 καὶ
471 4256 588 4330 ἅμα
642 4261 738 4312 τοῦ
797 4255 1081 4331 βασιλείου
1127 4254 1341 4330 κλήρου
1389 4259 1486 4310 τοῦ
1542 4253 1814 4310 παλατίου
1861 4277 2004 4332 παρ-

343 4348 595 4402 ἱστανται
652 4343 961 4420 ψάλλοντες
1005 4347 1072 4401 τὰ
1121 4346 1330 4416 συνήθη
1373 4344 1746 4419 σταυρώσιμα.
1772 4345 1877 4401 Καὶ
1909 4343 2001 4402 ὅτε

345 4432 669 4490 κελεύουσιν
702 4435 756 4488 οἱ
815 4431 1095 4500 δεσπόται,
1139 4432 1475 4508 εἷσὲρχονται
1529 4431 1622 4486 καὶ
1673 4432 2000 4502 ἀσπάζονται

351 4523 480 4584 τοὺς
533 4520 751 4594 τιμίους
788 4521 878 4576 καὶ
935 4519 1239 4592 ζωοποιους
1302 4518 1587 4592 σταυρούς.
1656 4520 1773 4577 Εἶθ’
1820 4522 2000 4584 οὕτως

2395 3371 2703 3447 septimana
2729 3378 2932 3428 sanctae
2962 3371 3444 3442 Quadragesimz.

2175 3539 2472 3596 Dominica
2503 3544 2715 3593 sanctae
2746 3533 3210 3607 quadragesima
3239 3531 3410 3588 tertia
3440 3546 3566 3597 seu,
3591 3531 3745 3601 quod

2101 3629 2256 3684 idem
2287 3633 2398 3697 est,
2433 3627 2602 3682 tertia
2632 3643 2666 3681 a
2695 3627 2842 3681 festo
2871 3624 3224 3681 orthodoxiaa
3255 3630 3309 3677 et
3341 3621 3744 3676 restitutarum

2103 3732 2404 3773 sacrarum
2436 3715 2789 3788 imaginum,
2820 3720 2949 3786 post
2980 3712 3213 3769 tertium
3238 3714 3586 3782 sextumque
3615 3725 3748 3766 can-

2103 3807 2282 3862 ticum
2313 3804 2557 3860 canonis
2603 3803 3026 3859 matutinarum
3059 3801 3480 3872 expromantur
3526 3802 3747 3854 saneta!

2103 3900 2160 3952 et
2188 3895 2425 3950 viviﬁcaa
2459 3897 2578 3948 tres
2610 3908 2811 3949 cruces
2841 3893 2896 3964 [e
2925 3891 3064 3946 sede
3091 3897 3148 3946 et
3177 3888 3300 3945 basi
3327 3903 3435 3943 sua
3479 3887 3539 3943 in
3587 3886 3750 3959 pala-

2105 3984 2208 4056 tio]
2241 3991 2296 4040 et
2325 3984 2704 4055 deponuntur
2734 3981 2792 4036 in
2825 3977 3140 4053 [ejusdem]
3192 3974 3660 4046 sceuophylacio,
3693 3982 3749 4031 et

2105 4072 2382 4144 deinceps
2405 4070 2795 4127 balsamisataa
2816 4068 2901 4124 vel
2928 4068 3182 4123 inuncta:
3212 4081 3246 4120 a
3276 4068 3594 4136 protopapa
3625 4078 3749 4135 pro-

2105 4166 2404 4233 ponuntur
2462 4160 2519 4214 in
2578 4158 2821 4214 ecclesia
2888 4153 3110 4228 [palatii
3172 4169 3273 4209 seu
3334 4152 3465 4224 nea]
3521 4150 3751 4223 vulgari

2103 4251 2367 4307 omnium
2389 4247 2732 4306 adorationi.
2749 4247 2888 4303 Post
2906 4243 3242 4300 absolutum
3261 4249 3456 4298 autem
3477 4239 3748 4297 orthrum

2104 4355 2203 4396 seu
2233 4340 2490 4394 ofﬁcium
2525 4336 2880 4392 matutinum
2905 4333 3222 4389 recluditur
3243 4329 3588 4387 anabasium
3620 4329 3749 4402 [seu

2103 4429 2342 4500 gradus,
2388 4443 2490 4499 per
2539 4441 2688 4497 quos
2752 4426 2823 4481 ad
2881 4419 3325 4480 catechumenia
3372 4418 3751 4492 ascenditur,]

2105 4533 2225 4573 nea
2283 4517 2416 4590 [seu
2475 4515 2645 4573 Nova
2690 4515 2751 4569 in
2779 4512 3010 4585 palatio
3056 4510 3360 4582 ecclesia],
3392 4513 3449 4566 et
3489 4507 3755 4564 ascendit

358 4611 732 4687 ἀπερχόμενοι
775 4609 1092 4680 καθέζονται
1135 4610 1224 4666 επὶ
1271 4614 1368 4665 τοῦ
1417 4607 1876 4685 χρυσοτρικλίνου
1909 4611 1993 4674 εἰς

2103 4606 2243 4662 illuc
2278 4622 2394 4660 ηοω
2425 4603 2616 4660 clerus
2649 4619 2766 4658 una
2791 4617 2920 4656 cum
2949 4601 3102 4656 clero
3129 4598 3388 4687 palatino
3411 4614 3426 4664 ;
3449 4600 3532 4687 et
3557 4599 3754 4652 astant

353 4701 454 4770 τήν
497 4702 702 4771 συνήθη
734 4700 824 4755 καὶ
870 4702 1241 4772 καθημερινὴν
1281 4699 1624 4774 προὲλευσιν.
1677 4699 1778 4757 Καὶ
1828 4700 1857 4754 6
1901 4702 1995 4773 μὲν

354 4790 435 4853 εἷς
490 4787 780 4865 αἲρόμενος
827 4789 930 4844 ὑπὸ
985 4791 1084 4844 τοῦ
1141 4786 1387 4850 διάκονος
1432 4794 1537 4858 τῆς
1593 4789 1714 4850 νέας
1751 4789 1842 4843 καὶ
1875 4789 1999 4864 ὀψια-

353 4879 645 4952 κευόμενος
703 4877 810 4934 ὑπὸ
847 4874 946 4933 τοῦ
975 4875 1189 4949 ςταύτης
1251 4875 1486 4950 κλήρου,
1537 4877 1861 4952 κατέρχεται
1911 4878 2000 4934 καὶ

355 4966 668 5042 προτίθεται
704 4963 759 5020 ἐν
801 4967 872 5039 τῇ
922 4965 1062 5038 αὐτῇ
1121 4964 1233 5034 Νὲᾳ
1291 4962 1581 5034 ὶκκλησίᾳ.
1613 4964 1678 5021 Ὀ
1729 4961 1786 5020 δὶ
1811 4961 1999 5040 ’ἔτερος

352 5054 651 5129 αἲρόμενος
725 5053 815 5109 καὶ
883 5053 1287 5130 βασταζόμενος
1338 5052 1441 5106 ὑπὸ
1501 5055 1599 5108 τοῦ
1647 5051 1852 5108 παπίου
1899 5058 1999 5109 τοῦ

349 5141 615 5220 Μεγάλου
675 5141 970 5214 παλατίου,
1029 5147 1328 5224 φοροῦντος
1375 5143 1544 5198 αὐτοῦ
1591 5143 2000 5219 σκαραμάγγιον

353 5232 448 5288 καὶ
469 5231 657 5308 σαγίον
706 5229 990 5302 ἀληθινὸν,
1022 5233 1419 5307 ὀψικευόμενος
1447 5231 1554 5286 611:6
1581 5233 1680 5286 τοῦ
1714 5231 2000 5302 βασιλείου

353 5321 570 5399 κλήρου
614 5324 705 5380 καί
745 5323 842 5376 τοῦ
888 5321 1232 5397 πρωτοπάπα
1277 5327 1377 5392 τῆς
1415 5320 1630 5396 Δᾶφνης
1676 5325 1778 5376 τοῦ
1818 5319 2000 5392 ⁹Λγίου

2110 4699 2384 4752 canentes
2401 4697 2686 4750 consueta
2706 4689 3064 4748 staurusima
3080 4703 3180 4744 seu
3201 4686 3430 4743 cantica
3447 4685 3505 4740 in
3519 4683 3751 4740 laudem

2110 4783 2320 4841 crucis.
2354 4781 2603 4850 Domini,
2642 4782 2689 4836 si
2719 4779 2899 4849 lubet,
2933 4778 3157 4834 intrant
3193 4775 3277 4848 [in
3311 4771 3613 4829 ecclesiam
3647 4786 3750 4842 pa-

2115 4875 2233 4931 latii
2267 4889 2473 4930 novam
2507 4876 2564 4928 et
2594 4874 2942 4927 venerantur
2971 4872 3206 4924 sanctas
3237 4872 3290 4921 et
3319 4862 3572 4919 viviﬁcas
3614 4876 3752 4917 cru-

2112 4981 2206 5021 ces
2231 4982 2246 5034 ;
2279 4962 2490 5020 deinde
2521 4961 2768 5035 digressi
2791 4959 3048 5016 resident
3068 4958 3128 5013 in
3150 4950 3589 5027 chrysotriclino
3619 4966 3756 5006 con-

2112 5057 2291 5110 sueta
2313 5051 2665 5124 quotidiana
2686 5047 3075 5122 proceesionis
3095 5043 3304 5117 gratia.
3332 5041 3532 5098 Trium
3559 5043 3754 5096 autem

2111 5143 2345 5200 illarum
2374 5141 2636 5198 crucium
2662 5157 2775 5196 una
2797 5138 3034 5210 quidem
3057 5151 3092 5190 a
3121 5133 3362 5188 diacono
3389 5145 3508 5185 nec
3529 5127 3756 5184 sublata

2111 5231 2407 5290 descendit
2439 5232 2495 5304 [e
2525 5225 2981 5286 eatechumeniis
3000 5221 3166 5294 neas],
3189 5219 3401 5276 comite
3417 5216 3570 5273 clero
3600 5217 3756 5288 ejus-

2109 5323 2241 5380 dem
2286 5338 2408 5380 neaa
2451 5336 2553 5377 seu
2597 5319 2767 5375 Novae
2797 5313 3076 5381 ecclesia,
3125 5315 3184 5369 et
3210 5307 3520 5380 exponitur
3548 5305 3608 5363 in
3657 5321 3754 5360 ea-

1393 5478 1592 5537 JOAN.
1632 5477 1779 5538 JAC.
1821 5478 2090 5537 REISKII
2128 5472 2711 5538 COMMENTARIUS.

428 5627 542 5698 (25)
572 5627 872 5683 Dominica
915 5627 1091 5684 tertia
1135 5625 1612 5698 quadragesima
1638 5639 1738 5698 seu
1788 5623 2001 5698 jejunii

359 5695 912 5827 gu‘adragesimalis,
941 5697 1098 5771 quod
1136 5695 1343 5768 incipit
1366 5695 1422 5751 'a
1452 5696 1755 5752 Dominica
1786 5695 2002 5786 Qrtho-

403 5785 544 5827 οιιω
616 5773 753 5827 icta.
784 5769 997 5827 Gmcis
1037 5767 1367 5827 annellatur
1408 5784 1998 5827 σταυροπροςοιυνησις,

403 5768 544 5828 οιὶω
575 5767 753 5839 dicta,
784 5767 997 5828 Graecis
1037 5767 1367 5842 appellatur
1408 5767 1998 5842 σταυροπροσκύνησις,

2112 5623 2250 5694 (vid.
2310 5624 2396 5678 Du
2454 5619 2648 5694 Gange
2821 5613 2902 5672 v.1
2961 5618 3019 5666 et
3072 5627 3307 5694 κυριακη
3367 5625 3471 5694 τὶηις
3513 5624 3755 5692 προσκυ-

2111 5678 2340 5763 Mago...
2371 5693 2510 5762 quia
2539 5678 2718 5763 artaci
2750 5691 2893 5763 tunc
2924 5678 3281 5757 propositam
3313 5678 3542 5754 publice
3560 5678 3630 5737 in
3663 5694 3754 5737 ec-

2110 5759 2307 5825 clesiis
2333 5759 2564 5822 crucem
2598 5759 2857 5818 adorant.
