4172 6300
476 353 629 412 1019

1543 339 2057 405 CONSTANTINI
2099 338 2850 401 PHORPHYROGENITI

3764 348 3912 410 1020

473 489 606 546 dem
634 487 763 560 ipsa
785 485 943 543 Nova
989 483 1255 541 ecclesia.
1289 482 1484 536 Altera
1508 495 1641 534 vero
1691 476 1922 533 sublata
1948 492 1981 530 a
2014 491 2114 548 pa-

2233 472 2508 549 Στεφάνου
2537 471 2625 526 καὶ
2659 469 2972 548 διαιταρίων
3002 475 3098 528 τοῦ
3147 472 3458 543 παλατίου,
3527 472 3760 530 πάντων
3816 499 3911 550 κη-

474 579 572 650 pia
601 575 790 648 magni
822 575 1040 647 palatii,
1068 574 1163 644 qui
1190 569 1663 642 scaramangium
1687 571 1742 621 et
1763 581 1965 636 sagum
1991 580 2121 637 pur-

475 683 722 739 pureum
756 680 990 735 corpore
1020 662 1188 732 gerit,
1220 664 1276 716 et
1321 659 1534 730 stipata
1581 674 1614 711 a
1662 656 1815 712 clero
1861 653 2116 726 palatino

474 765 529 810 et
555 773 583 808 a
617 761 936 826 prolopapa
965 751 1024 805 S.
1059 749 1339 820 Stephani
1376 747 1646 819 Daphnes
1676 750 1733 801 et
1780 763 1812 800 a
1843 743 2119 799 diaetariis

473 843 693 914 palatii,
727 841 1004 898 omnibus
1035 839 1155 895 illis
1189 854 1384 894 cereos
1436 835 1825 909 gestantibus,
1858 838 2119 906 permeat

470 950 572 1004 per
619 932 906 987 heliacum
947 932 1079 1002 [seu
1140 927 1440 999 solarium]
1471 931 1527 981 et
1583 922 2114 996 chrysotriclinum,

468 1026 525 1076 et
554 1020 714 1076 illinc
765 1037 934 1092 porro
985 1019 1177 1075 ablata
1221 1016 1530 1088 exponitur
1571 1013 1891 1070 adorationi
1940 1010 2117 1067 totius

470 1115 711 1167 senatus
765 1111 822 1164 in
882 1108 1138 1165 lausiaco
1197 1107 1268 1163 ad
1321 1105 1639 1170 sinistram,
1709 1117 1900 1156 coram
1952 1104 2116 1172 porta

469 1199 710 1256 eucterii
745 1198 855 1271 [vel
888 1198 1108 1269 sacelli]
1138 1202 1195 1252 Β.
1224 1195 1446 1250 Basilii.
1483 1193 1588 1248 Ubi
1631 1197 1942 1265 postquam
1973 1191 2115 1248 satis

473 1290 710 1345 adorata
741 1290 936 1356 fuerit,
964 1287 1220 1342 aufertur
1257 1299 1460 1340 rursus
1508 1300 1541 1338 a
1579 1282 1748 1352 papia
1794 1283 1854 1336 in
1912 1281 2115 1337 eodem

470 1378 775 1446 comitatu,
808 1386 860 1432 et
890 1375 1200 1446 exponitur
1229 1374 1288 1427 in
1321 1370 1534 1444 palatio
1562 1370 1832 1442 Daphnes
1871 1370 1930 1425 in
1962 1373 2114 1424 tem-

473 1466 593 1538 plo,
621 1467 778 1537 quod
814 1464 893 1520 ibi
914 1468 1021 1531 est,
1065 1464 1124 1520 S.
1169 1459 1615 1532 Protomartyris
1635 1458 1912 1530 Stephani
1937 1457 2120 1531 [illius

473 1570 693 1625 nempe,
728 1552 828 1624 qui
865 1551 1087 1624 primus
1122 1553 1442 1621 martyrum
1476 1547 1743 1603 omnium
1777 1562 2115 1617 supremum

470 1642 831 1714 supplicium
863 1641 1090 1712 subiit].
1125 1640 1317 1695 Altero
1348 1638 1440 1692 die
1471 1637 1736 1708 ejusdem
1772 1637 2115 1707 septimana:

471 1736 602 1804 post
634 1731 814 1786 factas
846 1731 1055 1786 missas
1085 1729 1203 1784 exit
1226 1727 1426 1800 papias
1459 1735 1510 1782 et
1540 1724 1693 1781 tollit
1722 1741 1849 1781 eam
1883 1740 2114 1780 crucem

2223 562 2350 636 ροὺς
2391 559 2790 636 βασταζόντων,
2847 557 3122 635 διέρχεται
3181 557 3267 616 δια
3293 582 3352 616 τε
3388 563 3502 616 τοῦ
3539 563 3792 632 ἡλιακοῦ
3823 568 3907 622 καὶ

2218 652 2316 703 τοῦ
2372 648 2848 724 χρυσοτρικλίνου,
2891 648 2978 703 καὶ
3029 648 3375 723 ἀπαγόμενος
3445 651 3793 724 προτίθεται
3835 652 3906 716 εἷς

2220 741 2586 814 προσκύνησιν
2643 739 2820 809 πάσης
2848 746 2948 808 τῆς
2998 738 3300 815 συγκλήτου
3344 739 3406 795 ἐν
3471 745 3563 814 τῷ
3630 739 3905 818 λαυσιακῷ

2220 827 2271 884 ἐν
2304 834 2383 902 τῷ
2413 829 2684 904 ἀριστερῷ
2718 831 2868 903 μέρει
2899 830 3004 903 πρὸ
3035 837 3132 899 τῆς
3184 828 3375 901 πύλης
3433 831 3544 884 τοὺ
3608 830 3902 906 εὖκτηρίου

2217 922 2314 972 τοῦ
2370 918 2553 992 Ἀγίου
2616 917 2920 991 βασιλείου,
2982 917 3070 972 καὶ
3132 919 3266 992 μετᾶ
3320 920 3437 987 τὴν
3535 919 3903 995 ηροσκύνησιν

2219 1004 2385 1061 πάλιν
2447 1007 2768 1082 βαστάζεται
2818 1006 2964 1083 παρὰ
3019 1010 3116 1061 τοῦ
3167 1006 3404 1078 παπίου,
3446 1004 3741 1079 δηλονότι
3784 1010 3896 1084 ὀψι-

2218 1095 2510 1170 κευόμενος
2571 1087 2672 1150 ὑπὸ
2739 1100 2849 1150 τῶν
2907 1094 3344 1170 προειρημένων,
3429 1097 3534 1150 καὶ
3615 1096 3898 1163 ἂποτίθετα

2219 1183 2380 1256 ἐειτῷ
2436 1184 2690 1258 παλατίῳ
2754 1187 2852 1254 τῆς
2901 1183 3112 1263 Δάφνης
3155 1185 3206 1241 ἐν
3260 1191 3337 1258 τῷ
3395 1190 3523 1259 ναῷ
3578 1191 3684 1242 τοῦ
3719 1188 3895 1265 ’Δγίου

2219 1273 2694 1350 Πρωτομάρτυρος
2730 1274 3019 1352 Στεφάνου.
3053 1275 3156 1331 Καὶ
3187 1278 3256 1349 τῇ
3288 1271 3537 1350 δευτέρᾳ
3580 1283 3692 1346 τῆς
3749 1276 3901 1348 αὐτῆς

2219 1357 2525 1436 ἑϐδομάδος
2557 1363 2692 1434 μετᾶ
2720 1363 2783 1418 τὸ
2826 1364 3064 1438 γενέσθαι
3102 1363 3290 1436 μίνσας
3351 1363 3669 1443 ἐξέρχεται
3728 1367 3756 1420 ὁ
3799 1387 3889 1420 πα-

2218 1453 2367 1525 πίας,
2399 1453 2486 1508 καὶ
2515 1453 2652 1528 αἳρει
2681 1453 2774 1508 τόν
2808 1453 3036 1528 σταυρὸν
3097 1453 3202 1509 ἀπὸ
3251 1458 3346 1509 τοῦ
3407 1455 3627 1531 Ἀγίου
3689 1457 3888 1532 Στεφᾶ-

2219 1565 2337 1613 νου,
2375 1544 2464 1600 καὶ
2495 1545 2752 1620 ἀποφέρει
2787 1544 2944 1600 αὐτὸν
2975 1544 3025 1600 ἐν
3065 1549 3132 1620 τῇ
3185 1546 3410 1624 μεγάλῃ
3471 1545 3758 1618 ἐκκλησίᾳ
3801 1553 3889 1616 τῆς

2221 1636 2394 1711 Δγίας
2437 1634 2660 1711 Σοφίας.
2719 1636 2779 1692 Ὀ
2813 1635 2870 1690 δὲ
2924 1635 3110 1711 ’ἑτερος
3179 1637 3417 1712 σταυρὸς
3483 1633 3886 1710 ἐναπομένειέν

2220 1729 2300 1796 τῷ
2343 1725 2474 1800 ἱερῷ
2523 1721 2792 1796 παλατίῳ.
2853 1724 3068 1793 Ἰστέον,
3112 1723 3197 1780 ὅτι
3247 1729 3318 1799 τῇ
3387 1728 3732 1798 παρασκευῇ
3799 1730 3886 1798 τῇς

468 1837 500 1878 e
528 1821 582 1875 S.
617 1820 936 1892 Stephano,
963 1824 1018 1874 et
1043 1821 1253 1892 profert
1270 1831 1398 1871 eam
1423 1815 1483 1870 in
1512 1830 1784 1887 magnam
1811 1812 2112 1869 ecclesiam

2225 1811 2394 1882 αὐτῆς
2460 1812 2628 1886 μέσης
2688 1808 2997 1886 ἑϐδομάδος
3059 1818 3160 1888 τῇς
3214 1813 3368 1888 ἁγίας
3436 1817 3888 1888 Τεσσαρακοστῆς

470 1910 528 1966 S.
563 1909 811 1982 Sophim.
843 1910 1037 1965 Tertia
1068 1923 1275 1980 nempe
1305 1921 1443 1962 crux
1475 1921 1505 1960 θ
1537 1921 1699 1959 sacro
1751 1902 1962 1976 palatio
1996 1918 2112 1958 non

2228 1900 2362 1974 μετᾶ
2392 1901 2491 1970 τὴν
2545 1897 2807 1956 ἀπόλυσιν
2883 1903 2983 1970 τῆς
3012 1899 3208 1972 ἐνάτης
3252 1901 3473 1976 εἰσάγει
3509 1902 3539 1956 ὁ
3573 1902 3780 1962 παπίας
3809 1901 3886 1956 τὸν

465 2000 720 2057 effertur.
751 2003 1070 2054 Parasceve
1100 2001 1294 2054 autem
1327 2011 1425 2050 seu
1458 1997 1620 2049 sexta
1654 1991 1794 2048 feria
1836 1991 2101 2062 ejusdem

2219 1992 2405 2064 τίμιον
2463 1991 2688 2064 σταυρὸν
2727 1990 2780 2046 ἐν
2824 1995 2903 2063 τῷ
2934 1992 3067 2064 ἱερῴ
3111 1991 3388 2064 παλατίῳ.
3428 1990 3692 2065 Ὁμοίως
3742 1989 3887 2044 καἷοὶ

470 2088 673 2144 mediae
714 2088 773 2142 in
823 2091 1029 2144 sancta
1075 2083 1534 2154 Quadragesima
1581 2081 1944 2154 septimanae,
1989 2087 2114 2152 post

2219 2087 2320 2150 τῆς
2368 2079 2486 2142 νέας
2543 2079 2816 2155 κληρικοὶ
2868 2079 3177 2157 εῗσάγουσιν
3227 2079 3316 2134 καὶ
3384 2079 3556 2135 αὐτοὶ
3618 2083 3689 2153 τῇ
3763 2077 3881 2150 αὐτῇ

469 2176 891 2234 absolutionem
917 2192 1082 2232 nona:
1106 2175 1252 2248 [odas
1275 2172 1496 2229 scilicet
1527 2169 1699 2226 ofﬁcii
1721 2169 1874 2225 circa
1896 2186 2109 2226 nonam

2221 2168 2403 2244 ἡμέρᾳ
2469 2169 2560 2224 τὸν
2623 2166 2804 2244 ἓτερον
2868 2171 3095 2244 σταυρὸν
3137 2170 3271 2243 μετά
3324 2172 3438 2239 τὴν
3476 2168 3750 2226 ἀπόλυσιν
3803 2175 3888 2238 τῆς

471 2267 668 2322 horam
700 2265 923 2321 cantari
974 2263 1176 2335 soliti],
1210 2260 1363 2320 318
1422 2262 1594 2316 infert
1644 2276 1852 2316 rursus
1911 2259 2113 2332 papias

2223 2257 2436 2330 ἐνάτης.
2489 2258 2587 2315 Καὶ
2652 2262 2720 2332 τῇ
2790 2260 3032 2332 Κυριακῇ
3066 2261 3205 2330 μετὰ
3232 2258 3436 2334 τρίτην
3473 2258 3590 2314 ε’ίτε
3618 2258 3710 2314 καί
3739 2257 3877 2327 ’ἕκτην

467 2361 730 2411 sanctam
758 2370 989 2410 crucem
1019 2369 1050 2409 e
1081 2353 1141 2410 S.
1177 2351 1396 2422 Sophia
1443 2349 1502 2404 in
1544 2365 1777 2405 sacrum
1810 2347 2111 2420 palatium.

2224 2345 2373 2420 ᾠδὴν
2421 2351 2515 2402 τοῦ
2565 2343 2763 2423 ὄρθρου
2833 2347 2934 2403 ὑπὸ
3000 2351 3103 2405 ιτοῦ
3179 2349 3549 2423 πρωτοποὶπα
3637 2347 3723 2402 καὶ
3798 2348 3879 2400 τοῦ

464 2443 743 2500 Similiter
765 2459 1000 2515 quoque
1051 2457 1169 2498 neas
1219 2439 1414 2496 clerici
1458 2437 1714 2494 inferunt
1747 2452 1944 2494 rursus
1969 2438 2114 2493 alte-

2227 2434 2632 2513 σκευοφύλακος
2701 2435 3099 2511 ἐκμασσόμενοι
3178 2437 3572 2504 κατατίθενται
3680 2435 3729 2491 ἐν
3810 2436 3876 2504 τῷ

466 2548 592 2588 ram
623 2548 854 2588 crucem
905 2547 937 2586 e
966 2547 1078 2586 sua
1126 2529 1370 2584 ecclesia
1417 2529 1618 2584 eodem
1645 2526 1735 2582 die
1764 2533 1936 2598 atque
1966 2530 2114 2582 tem-

2225 2526 2377 2598 αὖτῷ
2400 2525 2836 2604 σκευοφυλακίῳσ

470 2620 918 2693 pore.Proxima
939 2624 1134 2677 autem
1154 2617 1630 2675 Dominicaintra
1652 2616 1876 2672 tertiam
1901 2620 1957 2672 et
1980 2620 2204 2673 sextam
2235 2618 2406 2674 odam
2439 2617 2621 2674 orthri
2655 2625 3017 2690 reponuntur
3046 2635 3252 2676 rursus
3281 2635 3502 2676 cruces
3522 2636 3556 2676 a
3580 2619 3873 2692 protopaps

474 2717 531 2767 et
587 2709 1005 2783 sceuophylace
1058 2709 1118 2765 in
1167 2709 1396 2777 eodem,
1454 2723 1566 2780 quo
1601 2707 1766 2779 prius
1811 2707 2376 2779 asservatal'uerant,
2433 2707 2781 2766 custodiario
2839 2724 3129 2777 vasorum,
3157 2709 3322 2782 prius
3383 2710 3543 2766 bene
3598 2707 3871 2782 probeque

474 2805 731 2858 exterae.

1099 2885 1334 2944 CAPUT
1374 2885 1495 2942 Xll.

2833 2887 3096 2941 ΚΕΦΛΛ.
3160 2886 3260 2942 ΙΒ’.

545 2977 921 3045 Obseruantia,
945 2976 1165 3050 quando
1193 2976 1405 3033 domini
1435 2976 1604 3032 totum
1631 2974 1702 3030 ad
1724 2975 2048 3032 blachcrnas

2227 2974 2368 3029 ’Ὀσα
2454 2970 2537 3026 δεῖ
2609 2969 3254 3050 παραφυλαττε-ιν,μτῶν
3333 2971 3632 3031 δεσποτῶν
3706 2967 3867 3024 ἀπιόν-

1215 3051 1365 3104 eunt.
2520 3063 2629 3096 των
2661 3041 2953 3098 λούσασθαι
2987 3043 3039 3099 ἐν
3061 3041 3422 3122 ’Βλαχέρναις
3456 3049 3591 3121 (26).

542 3135 852 3189 Parascsve
882 3149 986 3188 seu
1017 3131 1162 3189 feria
1189 3137 1352 3187 sexta
1377 3146 1546 3187 mane
1563 3130 1823 3202 procedit
1843 3147 1945 3186 seu
1977 3145 2114 3187 con-

2300 3133 2383 3204 Τῇ
2423 3136 2734 3207 παρασκευῇ
2761 3129 2927 3197 ’ἔωθεν
2976 3133 3304 3210 προέρχεται
3335 3133 3531 3192 ἅπασα
3583 3137 3618 3206 ἠ
3652 3128 3865 3206 σύγκλη-

467 3221 618 3276 venit
640 3220 1064 3292 scaramangiis
1088 3221 1501 3275 indutustotus
1526 3223 1764 3275 senatus
1787 3220 1843 3274 in
1864 3218 2114 3276 blacher-

2226 3237 2319 3279 τος
2359 3218 2465 3273 ἀπὸ
2505 3221 2936 3296 σκαραμαγγίων
2986 3221 3040 3277 ἐν
3085 3223 3428 3299 βλαχέρναις
3477 3223 3584 3296 ’ἐξω
3628 3224 3724 3287 τῆς
3756 3217 3863 3292 πόρ-

469 3311 560 3364 nis
589 3318 751 3364 extra
781 3317 1004 3380 portam
1037 3307 1234 3378 palatii
1261 3308 1339 3363 ibi
1374 3307 1506 3369 loci.
1535 3307 1636 3364 ubi
1668 3307 1888 3363 domini
1919 3308 2114 3380 appel-

2223 3329 2340 3378 τας,
2378 3307 2430 3364 ἒν
2463 3310 2508 3382 ᾦ
2551 3309 2704 3384 τόπῳ
2739 3313 2983 3387 ὁρμῶσιν
3017 3314 3068 3368 οἰ
3110 3312 3396 3376 δεσπόται·
3434 3317 3488 3371 οἱ
3531 3313 3590 3370 δὶ
3637 3307 3864 3368 δεσπόται

467 3397 584 3452 lere
599 3413 730 3452 cum
748 3397 1014 3452 dromone
1027 3396 1583 3453 solent.Pariterind
1595 3397 1676 3452 uti
1693 3397 2114 3469 scaramangiis

2224 3397 2567 3477 εἰσέρχονται
2635 3401 2741 3455 ἀπὸ
2820 3404 3244 3478 σκαραμαγγίων
3321 3404 3409 3468 εἷς
3467 3405 3562 3460 τὸν
3649 3399 3860 3475 δρόμονα

467 3483 694 3540 intrant
737 3484 960 3542 domini
992 3486 1050 3541 in
1083 3487 1428 3542 dromonem
1461 3501 1575 3541 una
1605 3499 1737 3540 cum
1768 3484 1990 3557 privato
2020 3487 2114 3542 sui

2227 3488 2364 3559 μετὰ
2419 3495 2519 3558 τῆς
2586 3489 2791 3552 οἰκείας
2851 3493 3029 3546 αὐτῶν
3072 3491 3382 3567 Θεραπείας,
3430 3497 3531 3548 τοῦ
3567 3512 3626 3546 τε
3668 3483 3862 3562 λογοθέ-

467 3573 720 3646 corporis
751 3575 1076 3632 ministerio
1107 3583 1161 3632 et
1188 3575 1485 3650 logotheta
1513 3575 1700 3632 dromi
1729 3581 1787 3632 et
1817 3581 2113 3649 protoase-

2222 3596 2318 3638 του
2365 3581 2463 3632 τοῦ
2521 3574 2732 3652 δρόμου
2783 3581 2874 3636 καὶ
2931 3583 3030 3635 τοῦ
3089 3585 3613 3659 πρωτοασηκρήτου
3657 3575 3855 3632 καὶτοῦ

467 3665 642 3722 cretis
675 3672 729 3720 et
761 3665 1029 3734 praefecto
1074 3665 1590 3737 supplicationum,
1644 3665 2030 3722 hetaariarcha
2059 3670 2114 3722 et

2225 3661 2312 3746 ἐπὶ
2361 3668 2468 3720 τῶν
2521 3662 2758 3736 δεήσεων
2823 3668 2957 3740 μετὰ
3009 3672 3105 3723 τοῦ
3171 3668 3566 3746 ἐταιρειάρχου
3633 3665 3718 3722 καὶ
3771 3662 3857 3716 τοῦ

467 3754 781 3826 drungario
812 3753 1043 3827 vigilias.
1078 3734 1395 3828 Appellunt
1423 3758 1621 3811 autem
1661 3755 1736 3811 ad
1766 3759 2016 3827 portam,
2040 3756 2110 3812 ad

2225 3734 2613 3830 δρουγγαρίουν
2648 3762 2750 3824 τῆς
2814 3734 3026 3832 βίγλας.
3087 3734 3363 3834 Ὀρμῶσιν
3417 3734 3582 3824 aget;
3612 3757 3704 3825 τήν
3732 3751 3854 3822 πόρ-

469 3858 648 3914 quam
674 3851 913 3901 senatus
942 3860 1042 3901 eos
1072 3848 1402 3916 exspectat;
1434 3849 1491 3899 et
1523 3844 1696 3916 primi
1726 3845 1964 3917 quidem
1997 3861 2113 3901 ma-

2221 3863 2342 3910 ταν,
2394 3839 2518 3898 ἔνθα
2585 3845 2619 3912 ἡ
2681 3844 2990 3919 σύγκλητος
3046 3847 3272 3910 τούτους
3336 3847 3649 3924 ἐκδέχεται.
3693 3841 3754 3901 οἳ
3805 3834 3852 3891 δὲ

2225 3931 2518 4015 μάγιστροι
2588 3933 2679 3987 καὶ
2737 3933 3011 4008 πατρίκιοι
3060 3934 3150 3991 καὶ
3217 3936 3582 4015 ἆφφικιάλιοι
3621 3933 3715 4004 ἔξω
3765 3931 3848 3994 τῆς

2220 4022 2428 4094 πόρπης
2467 4022 2546 4094 τῷ
2594 4018 2753 4094 διξιῷ
2795 4024 2947 4098 μέρει
2996 4031 3097 4095 τῆς
3142 4025 3444 4100 βασιλικῆς
3471 4021 3653 4082 διόδου
3681 4017 3844 4100 δέχονέ

2219 4131 2306 4164 ται
2371 4108 2499 4172 τοὺς
2560 4107 2844 4180 δεσπότας,
2887 4112 2938 4166 ἐν
2999 4110 3057 4169 δὲ
3102 4118 3181 4186 τῷ
3219 4114 3492 4190 ἀριστερῷ
3537 4098 3840 4168 ἵστανταιτᾶ

2223 4196 2480 4273 βασιλικὰ
2538 4198 2820 4274 σελλάρια.
2871 4203 2968 4257 Καὶ
3021 4201 3073 4258 ἐν
3120 4207 3201 4276 τῷ
3229 4202 3536 4275 πλησιάσαι
3583 4199 3712 4276 πρὸς
3752 4191 3833 4246 αὖ·

469 3931 660 4003 gistri,
693 3932 924 4003 patricii
971 3937 1028 3990 et
1073 3934 1356 3990 officiales
1405 3941 1560 3990 extra
1592 3939 1819 4004 portam
1851 3951 1884 3990 a
1913 3935 2112 3990 dextra

469 4025 629 4090 parte
658 4021 786 4090 vias,
808 4038 927 4094 qua
947 4022 1166 4078 domini
1184 4025 1492 4078 transeunt
1516 4039 1529 4090 ;
1553 4023 1622 4077 ad
1651 4022 1947 4078 sinistram
1977 4039 2112 4079 vero

467 4110 622 4182 regia
653 4115 812 4166 stant
833 4110 1068 4166 sellaria
1089 4112 1214 4182 [seu
1235 4111 1370 4182 equi
1399 4108 1660 4166 sellatiet
1683 4110 1752 4165 ad
1777 4110 2110 4183 inequitan-

466 4199 610 4254 dum
643 4198 937 4269 accincti].
972 4203 1260 4265 Proceres,
1293 4197 1395 4252 ubi
1428 4196 1682 4252 dominis
1732 4215 1909 4271 prope
1938 4199 2107 4267 ﬁunt,

467 4286 713 4341 adorant
739 4286 904 4341 humi
939 4285 1339 4357 procidentes;
1379 4285 1592 4342 domini
1622 4291 1817 4344 autem
1847 4289 2047 4361 stipati
2075 4306 2111 4346 a

2219 4288 2344 4350 τοὺς
2403 4290 2531 4350 τοὺς
2587 4287 2848 4354 δεσπότας
2903 4293 3164 4350 πίπτουσι
3223 4298 3670 4371 προσκυνοῦντες.
3700 4283 3757 4344 Oi
3785 4277 3832 4334 δὲ

468 4374 796 4446 praepositis
817 4373 1066 4432 cubiculi
1113 4378 1172 4431 et
1213 4374 1568 4447 maglabitis,
1617 4376 1872 4434 basilicis
1919 4384 1976 4435 et
2005 4378 2110 4437 he-

2220 4374 2472 4433 δεσπόται
2496 4375 2920 4454 δηριγευόμενοι
2954 4383 3057 4438 ὑπό
3089 4404 3146 4438 τε
3196 4370 3304 4440 τῶν
3355 4379 3714 4460 πραιποσίτων
3749 4370 3830 4423 τοῦ

469 4463 649 4528 traria,
672 4461 892 4519 intrant
922 4463 979 4519 in
1010 4463 1318 4522 ecclesiam
1365 4465 1453 4541 [S.
1483 4465 1586 4522 Dei
1627 4467 1950 4540 genitricis]
2008 4486 2112 4542 per

2219 4462 2609 4524 κουϐουκλείου
2640 4470 2731 4524 καὶ
2772 4476 2880 4526 τῶν
2911 4468 3292 4549 μαγλαϐιτῶν,
3326 4455 3626 4549 βασιλικῶν
3661 4484 3713 4520 τε
3752 4455 3827 4513 καὶ

469 4552 650 4620 viam,
669 4567 798 4622 qua
819 4549 958 4608 illuc
979 4551 1159 4610 ducit.
1175 4553 1450 4611 Dominos
1472 4570 1576 4626 per
1592 4561 1815 4626 portam
1837 4557 2109 4615 extimum

2219 4559 2324 4610 τῶν
2381 4563 2482 4626 τῆς
2524 4557 2814 4632 ἑταιρείας,
2873 4559 3212 4641 ἀπέρχονται
3259 4560 3352 4626 διᾲ
3409 4569 3508 4633 τῆς
3545 4549 3825 4628 ἀπαγοῦσης

468 4641 772 4713 ingressos
793 4641 1230 4712 subsequuntur
1251 4643 1542 4716 magistri,
1566 4645 1792 4715 patricii
1814 4649 1870 4702 et
1890 4647 2109 4704 ofﬁcia-

2219 4641 2347 4700 ὁδοῦ
2377 4645 2512 4718 πρὸς
2580 4647 2680 4715 τὴν
2719 4645 3030 4720 ἐκκλησίαν.
3071 4652 3285 4723 Ἰστὲον,
3334 4651 3442 4724 ὅτι,
3490 4653 3594 4707 τῶν
3655 4642 3825 4704 δίαιθ’

466 4730 574 4788 les.
599 4730 665 4787 In
685 4729 969 4802 propyleo
991 4729 1446 4804 seufanteportali
1467 4736 1661 4790 autem
1681 4734 1935 4792 ecclesia
1955 4736 2109 4794 exci-

2219 4738 2322 4801 τῶν
2365 4731 2641 4789 εἰσιόντων
2689 4736 2788 4806 τὴν
2842 4739 3065 4814 πόρταν,
3096 4739 3586 4806 κατακολουθοῦσιν
3633 4732 3819 4789 ὄπισθεν

470 4820 550 4893 pit
572 4818 846 4877 dominos
868 4818 1264 4892 sceuophylax
1284 4821 1411 4892 [seu
1429 4823 1821 4880 custodiarius
1834 4840 2110 4882 vasorum

2222 4821 2275 4878 o'i
2303 4844 2360 4879 τε
2409 4825 2700 4900 μάγιστροι
2751 4827 2842 4882 καὶ
2897 4829 3176 4904 πατρίκιοι
3234 4831 3322 4886 καὶ
3363 4815 3817 4910 ὀφφικιάλιοιηέξν

465 4913 522 4965 et
541 4925 845 4968 sacrarum
863 4908 1240 4980 reliquiarum
1260 4908 1321 4966 in
1337 4924 1406 4965 ea
1415 4909 1535 4967 aede
1552 4914 1958 4986 repositarum]
1979 4930 2114 4972 cum

2225 4911 2283 4985 δὲ
2309 4917 2389 4986 τῷ
2430 4915 2758 4990 προπυλαίῳ
2805 4925 2904 4988 τῆς
2947 4901 3117 4990 αὐτῆς
3160 4901 3460 4991 ἐκκλησίας·
3497 4916 3698 4994 δέχεται
3738 4901 3820 4962 αὖ·

1517 5007 1715 5066 JOAN.
1756 5012 1893 5067 JAC.
1935 5011 2196 5070 REISKII
2234 5012 2812 5073 COMMENTARIUS.

537 5098 654 5182 (2Q)
684 5097 986 5182 Habebant
1040 5098 1422 5182 imperatores
1481 5099 1657 5182 Graeci
1699 5100 1973 5182 balneum
2003 5104 2109 5182 d_o-
2221 5101 2438 5178 λοῦσμα
2463 5105 3106 5182 appellaturladibant.
3131 5111 3291 5182 Quod
3323 5110 3374 5168 si
3406 5109 3578 5182 ﬁeret,
3610 5096 3814 5182 quibus:

467 5167 868 5255 mesticumet
897 5170 1101 5255 procul
1126 5167 1310 5254 dubio
1334 5168 1506 5241 plura
1534 5171 1592 5226 in
1627 5187 1839 5255 magno
1871 5175 2108 5255 palatio,
2221 5167 2770 5255 cum'__cetfe'moniis_
2791 5167 2991 5255 'ﬁeret,
3024 5167 3169 5255 Δ1ιίιῖ
3183 5167 3501 5255 exponitur.
3521 5167 3814 5255 heiulans:

512 5258 594 5297 uae
627 5229 916 5326 quotidie.
949 5247 1052 5326 aut
1081 5241 1295 5326 saepius
1327 5229 1429 5313 pro
1460 5259 1622 5326 more
1651 5229 1821 5326 istius
1856 5229 2110 5326 nationis
2219 5229 2772 5305 ίέἱξΒιὲιῐιᾱᾶιίἔιῖὧ
2808 5229 3811 5326 iidfiti't'én6"é'siTi’Jépti:65231'1‘

471 5306 928 5385 frequentarent.
994 5306 1414 5371 Blachernense
1470 5315 1650 5386 igitur
1680 5313 1822 5370 illud
1853 5318 2109 5372 tantum-
2219 5325 2644 5388 commentum,
2719 5324 2829 5378 uod
2857 5306 3583 5380 *habeht'idisiiiaﬁih'nni
3613 5311 3675 5367 ad
3707 5306 3809 5361 Pro-

471 5387 643 5440 modo
670 5384 1008 5442 ceremonizs
1041 5401 1233 5449 causa,
1291 5402 1360 5442 ex
1388 5391 1574 5443 vetere
1632 5385 1770 5449 ritu,
1803 5386 1977 5442 semel
2011 5405 2111 5449 per
2219 5391 2449 5449 conium
2485 5407 2540 5449 D.
2576 5338 2842 5449 83.31am
2879 5400 3085 5449 praeter
3115 5396 3299 5449 ineius
3326 5395 3406 5449 rei
3434 5383 3806 5448 absurditatem

472 5405 643 5440 mouo
670 5405 1008 5442 ceremoniw
1041 5405 1233 5468 causa,
1291 5405 1360 5442 ex
1388 5405 1574 5443 vetere
1632 5405 1770 5457 mu,
1803 5405 1977 5442 semel
2011 5405 2111 5460 per
2219 5405 2449 5461 captum
2484 5407 2540 5462 ρ.
2576 5405 2664 5448 83.
2698 5405 2842 5450 Nam
2879 5405 3085 5466 preter
3115 5405 3299 5466 ipsius
3326 5405 3406 5452 rei
3434 5405 3802 5462 absuralfuww

472 5471 715 5521 annum,
748 5461 850 5512 aut
897 5461 1049 5513 certe
1099 5458 1311 5528 oppido
1369 5474 1498 5540 raro
1534 5461 1624 5540 tut
1679 5459 1751 5514 ad
1807 5457 2108 5540 balneum,
2217 5461 2296 5517 im
2344 5461 2492 5533 ingit
2519 5463 2692 5519 homo
2724 5481 2957 5537 quoque
3003 5467 3063 5522 in
3116 5465 3544 5538 chronologicas
3570 5457 3802 5522 ratione?-

472 5529 625 5585 αυοᾱ
656 5527 809 5582 haud
841 5529 1138 5585 vulaarem
1197 5536 1644 5585 sanctimoniam
1681 5531 1974 5585 utentibus
2005 5533 2108 5585 ad-
2219 5479 2498 5585 Barneum
2523 5534 2666 5585 illud
2691 5537 3118 5585 Blachernensa
3150 5537 3247 5585 diu
3284 5543 3409 5585 nnnt
3427 5529 3698 5585 Iustinum
3718 5512 3802 5574 Ῑυιτ

468 5529 625 5649 good
656 5512 809 5582 haud
841 5512 1154 5598 vulgarem.
1178 5512 1644 5585 lsanctimoniam
1681 5512 1976 5585 utentibus
1995 5512 2108 5586 3’61

509 5606 650 5656 erat.
680 5604 736 5652 et
777 5599 1233 5655 benedictionem
1289 5601 1844 5656 prosperitatemque
1874 5602 2112 5656 laraire-

2219 5512 3254 5656 Egigéguii—llud'Biachleine-n-sevditi
3265 5512 3698 5612 ⁵ἰινὸξῗᾶἶιῖιίιιιιιῐι
3718 5512 3804 5574 fuit

635 5641 650 5666 ,
680 5604 736 5652 et
777 5604 1233 5672 benedictionem
1287 5604 1844 5672 prosperitatemque
1874 5604 2112 5667 largire-
2223 5604 2546 5660 conditum.

469 5667 588 5734 tur,
647 5675 998 5741 quapropter
1053 5670 1228 5727 etiam
1287 5667 1460 5728 'inl'ra
1514 5687 1568 5744 p.
1648 5667 1772 5742 320—,
1831 5673 1892 5727 τὸ
1959 5673 2108 5750 ἅγιον
