4172 6300
511 391 666 453 102⁸7

1566 385 2097 449 CONSTANTINI
2139 381 2837 447 PORPHYROGENITI

3746 392 3877 452 1028

510 529 677 586 Illinc
707 529 928 586 abeunt
957 529 1029 584 ad
1048 521 1484 592 sinistram,ubi
1502 538 1714 578 manus
1739 522 1990 594 Deiparaa
2010 538 2157 577 mar-

2270 518 2497 594 χόμενοι
2530 517 2787 573 ἅπτουσιν
2833 518 3038 593 κηροὺς
3083 509 3384 592 ἔμπροσθεν
3435 523 3537 587 τῆς
3569 522 3880 596 μαρμαρίνης

511 635 670 676 more
701 635 971 691 expressa
1000 617 1092 674 sui
1122 615 1354 672 exhibet
1385 613 1653 683 formam,
1685 615 1958 684 argenteo
2001 626 2160 665 mar-

512 708 645 781 gine
674 709 1081 776 circumsepla.
1124 704 1330 759 Cereos
1361 705 1416 758 et
1438 701 1517 756 ibi
1547 702 1872 757 accendunt
1900 717 1913 760 :
1947 703 2005 755 et
2035 699 2156 771 pri-

507 814 638 854 mus
666 813 767 853 seu
802 799 992 866 major
1018 793 1330 864 imperator
1360 791 1596 862 propria
1644 806 1822 845 manu
1873 788 2156 861 aleiptum

509 901 613 942 seu
645 885 1049 942 sufﬁmentum
1080 882 1138 936 in
1190 879 1584 949 tburibulum,
1627 880 1782 952 quod
1830 878 1908 933 ibi
1966 878 2154 946 adest,

505 973 718 1044 injicit,
748 990 780 1028 a
811 971 1120 1045 praeposito
1179 971 1465 1026 traditum
1510 974 1738 1025 nactus.
1777 966 1942 1023 Illinc
1966 982 2154 1021 rever-

503 1067 692 1118 tentes
721 1060 964 1128 domini,
997 1059 1408 1132 ingrediuntnr
1438 1059 1498 1112 in
1529 1056 1812 1113 sacellum
1831 1056 2152 1112 S.Photini.

510 1153 662 1223 quod
691 1156 780 1207 est
805 1151 862 1206 in
895 1150 1164 1206 interiore
1195 1147 1375 1203 tholo.
1410 1147 1578 1202 Illinc
1597 1145 1854 1218 degressi
1878 1159 2155 1202 accensos

509 1242 693 1313 ﬁgunt
735 1255 930 1296 cereos
966 1253 1161 1296 coram
1216 1251 1542 1292 marmorea
1581 1235 1835 1304 imagine
1873 1233 2150 1306 Πείρεω-ω,

510 1347 636 1403 quae
669 1330 887 1385 sanctis
918 1329 1089 1384 suise
1120 1327 1394 1382 manibus
1423 1325 1551 1397 ipsa
1587 1324 1829 1381 eﬁ'undit
1852 1323 2155 1394 bagiasma

509 1435 613 1476 seu
646 1434 859 1490 aquam
902 1416 1286 1472 benedictum.
1339 1417 1476 1470 Post
1513 1429 1786 1470 accensos
1835 1413 1914 1468 ibi
1959 1429 2156 1469 cereos

508 1509 716 1578 accipit
759 1505 1107 1578 prapositus
1165 1504 1431 1560 traditam
1483 1521 1516 1559 a
1563 1502 1882 1558 balneariis
1929 1518 2154 1558 sacram

508 1601 730 1652 stacten
761 1611 864 1650 seu
889 1610 1115 1651 sacrum
1146 1592 1430 1660 lixivium,
1463 1596 1520 1647 et
1544 1591 1800 1647 dominis
1831 1591 2154 1646 communi-

511 1688 624 1740 cat.
661 1683 727 1737 Hi
758 1682 883 1738 suis
915 1681 1190 1737 manibus
1213 1696 1278 1735 eo
1325 1696 1449 1735 sese
1475 1678 1782 1735 cruciatim
1815 1678 2073 1749 signant,
2101 1681 2157 1733 et

511 1773 804 1841 lavantur,
828 1771 1080 1843 egressis
1104 1769 1346 1826 ceteris.
1381 1769 1505 1825 Loti
1537 1773 1746 1825 exeunt
1777 1769 1834 1822 in
1868 1766 2154 1823 minorem

511 1862 854 1920 exteriorem
887 1859 1132 1927 tholum,
1164 1858 1488 1930 positisque
1520 1856 1644 1913 suis
1667 1857 2156 1924 linteis,induunt

509 1953 622 2009 alia
652 1968 794 2008 auro
827 1950 1069 2006 intexta.
1119 1948 1609 2004 Protembatarius
1649 1952 1841 2003 autem
1884 1963 1983 2002 seu
2024 1947 2154 2002 solii

515 2041 792 2110 magister
823 2044 986 2094 stans
1003 2055 1198 2094 coram
1221 2037 1484 2109 colymbo
1505 2036 1644 2092 facit
1666 2035 2154 2101 benedictionem;

515 2130 661 2187 821
699 2145 825 2201 quis
849 2129 987 2183 dum
1011 2127 1244 2197 dicitur,
1268 2127 1643 2182 introducunt
1665 2125 1829 2181 lustre
1861 2142 1893 2180 a
1923 2125 2157 2180 sinistra

510 2219 762 2291 colymbi
798 2221 960 2289 parte
985 2217 1297 2273 duodecim
1329 2217 1620 2272 bastactas
1638 2231 1740 2270 seu
1767 2214 2152 2286 aquigerulos,

513 2309 612 2382 qui
640 2311 940 2380 postquam
981 2305 1340 2361 transierunt
1387 2319 1582 2360 coram
1620 2303 1891 2358 inferiore
1937 2303 2156 2359 concha

510 2397 812 2467 orientale,
855 2398 1130 2452 ordinant
1151 2411 1276 2452 sese
1307 2395 1367 2450 in
1399 2395 1702 2450 stationem
1739 2394 1795 2448 in
1826 2393 2029 2449 dextra
2060 2409 2152 2448 re-

509 2487 681 2558 gione
711 2485 984 2554 colymbi.
1024 2487 1146 2550 Quo
1168 2484 1448 2538 intrantes
1463 2481 1680 2537 domini
1702 2497 1766 2535 su
1779 2481 2157 2548 bsistuunt,et

510 2577 731 2648 primus
763 2575 1172 2643 maximusque
1202 2571 1517 2642 imperator
1545 2570 1641 2624 dat
1662 2568 1908 2640 singulis
1940 2568 2154 2640 bajulis

508 2664 772 2737 singulos
803 2679 1007 2720 aureos
1037 2676 1332 2717 nummos.
1361 2659 1540 2714 Debet
1568 2662 1761 2714 autem
1811 2658 2156 2730 praepositus

510 2771 753 2811 manum
811 2753 1096 2824 cujusque
1128 2751 1394 2806 bastactm
1431 2764 1532 2804 seu
1566 2747 2004 2820 bajulipriusin
2027 2763 2154 2804 eam

511 2844 756 2900 formam
775 2841 1194 2914 composuisse,
1227 2844 1291 2894 ut
1331 2855 1464 2895 cum
1527 2839 1729 2894 decore
1761 2842 1937 2910 atque
1966 2838 2154 2909 gratia

2269 607 2476 670 εἰκόνος
2505 614 2609 678 τῆς
2641 609 2932 675 Θεοτόκου,
2984 607 3106 676 ἥτις
3155 607 3215 663 ἐκ
3241 611 3344 662 τῶν
3391 611 3493 676 τῆς
3543 608 3703 676 αὐτῆς
3739 612 3877 686 ἁγῐων

2269 703 2469 772 χειρῶν
2511 702 2712 772 προχεῖ
2761 697 2824 752 τὸ
2871 697 3135 772 ἁγίασμα.
3187 696 3288 753 Καὶ
3339 696 3476 770 μετὰ
3525 697 3586 750 τὸ
3631 699 3752 771 ἅψαι
3778 700 3880 764 τοὺς

2265 787 2470 864 κηροὺς
2524 785 2790 862 λαμϐάνει
2838 790 2940 858 τήν
2992 788 3145 863 ἁγίαν
3197 790 3427 858 στακτὴν
3487 789 3516 843 6
3562 791 3883 862 πραιπόσιτος

2265 881 2410 954 παρὰ
2440 884 2536 935 τοῦ
2572 879 2948 954 βαλνιαρίτου,
2997 879 3087 934 καὶ
3137 876 3418 934 ἐπιδίδωσι
3450 885 3571 942 τοῖς
3612 877 3880 945 δεσπόταις.

2264 969 2331 1026 Οἱ
2383 965 2440 1023 δὶ
2493 965 2751 1024 δεσπόται
2801 968 3024 1030 οἶκείαις
3068 969 3259 1044 χερσὶν
3308 969 3536 1030 ἑαυτοὺς
3596 966 3884 1047 ἐπισφραγί-

2266 1065 2472 1131 ζουσιν,
2520 1060 2610 1114 καὶ
2666 1058 2892 1130 ἐξιόντες
2949 1058 3225 1118 λούονται.
3273 1061 3370 1117 Καὶ
3437 1061 3573 1131 μετὰ
3619 1061 3681 1116 τὸ
3711 1061 3884 1117 λοῦσα-

2265 1161 2387 1213 σθαι
2435 1148 2748 1223 ἐξέρχονται
2790 1149 2867 1212 εἷς
2912 1149 3006 1204 τὸν
3055 1148 3311 1222 ἐξώτερον
3363 1149 3564 1221 μικρὸν
3607 1148 3778 1218 θόλον,
3811 1151 3884 1206 καί

2266 1236 2626 1298 ἆλλάσσοντες
2671 1237 2738 1292 τά
2789 1237 2997 1292 τούτων
3047 1235 3227 1292 λέντια
3277 1233 3708 1312 περιϐάλλονται
3757 1237 3886 1316 ἓτερα

2264 1324 2663 1404 χρυσοῦφαντα.
2767 1328 2830 1382 Ὁ
2935 1323 2990 1380 δὲ
3077 1322 3563 1401 προτεμϐατάριος
3637 1328 3882 1400 ἱστάμενος

2264 1415 2370 1488 πρὸ
2424 1418 2522 1469 τοῦ
2578 1410 2890 1486 κολύμϐου,
2950 1412 3099 1488 λέγει
3155 1416 3256 1484 τήν
3312 1415 3511 1494 εὐχήν.
3554 1414 3766 1483 Ἰστέον,
3801 1417 3886 1486 ὅτι,

2261 1511 2361 1573 τῆς
2395 1504 2564 1578 εὐχῆς
2619 1501 2943 1577 λεγομένης,
3005 1503 3058 1558 οἱ
3114 1502 3339 1558 λοῦσται
3398 1502 3707 1581 εῗσάγουσιν
3744 1505 3889 1580 τὰιβ¹

2269 1593 2538 1667 βαστακτὰ
2595 1596 2704 1665 (3‘2)
2749 1593 2854 1647 ἀπὸ
2903 1597 3004 1647 τοῦ
3061 1593 3349 1667 ἀριστεροῦ
3418 1596 3619 1667 μέρους
3662 1599 3754 1648 τοῦ
3813 1614 3892 1649 κο-

2265 1677 2506 1755 λύμϐου,
2565 1680 2654 1735 καὶ
2714 1677 3026 1758 διέρχονται
3075 1684 3181 1756 πρὸ
3229 1688 3328 1750 τῆς
3375 1682 3528 1738 κάτω
3574 1685 3620 1722 ¹²
3668 1683 3890 1740 ἀνατολι-

2263 1777 2366 1838 κῆς
2417 1773 2528 1844 (33)
2577 1771 2818 1844 κόγχης,
2869 1771 2960 1824 καὶ
3005 1768 3254 1826 ’ἵστανται
3305 1770 3382 1834 εἷς
3429 1772 3496 1827 τὸ
3545 1770 3711 1843 δεξιὸν
3753 1773 3890 1848 μέρος

2189 1863 2359 1963 Βτοῦ
2415 1854 2724 1930 κολύμϐου,
2785 1859 2852 1915 Οἱ
2907 1857 2964 1914 δὲ
3023 1857 3277 1914 δεσπόται
3337 1859 3602 1924 εἰσιόντες
3654 1859 3887 1931 ἵστανται,

2336 1948 2349 1963 ι
2414 1949 2426 1963 .
2565 1952 2590 1962 -
2753 1948 2782 1963 η
2881 1945 2902 1963 κ
2950 1947 2963 1963 .
3061 1947 3076 1963 ς
3155 1946 3235 1963 κ...
3425 1951 3439 1963 ,
3505 1951 3516 1963 .
3713 1955 3737 1963 -
3817 1952 3841 1963 ..

2264 1948 2350 2002 καὶ
2406 1949 2433 2002 6
2482 1952 2698 2021 πρῶτος
2753 1945 3009 2023 βασιλεὺς
3059 1946 3374 2004 ἐπιδίδωσιν
3425 1951 3635 2024 ἑκάστῳ
3675 1955 3773 2006 τῶν
3817 1952 3890 2026 βα-

2262 2041 2503 2092 στακτῶν
2555 2037 2654 2091 ἀνά
2699 2039 3040 2110 νομίσματος
3113 2039 3254 2102 ένός.
3326 2043 3448 2116 Χρὴ
3504 2037 3560 2096 δὲ
3616 2041 3703 2096 τὸν
3753 2060 3888 2115 πραι-

2261 2127 2483 2181 πόσιτον
2561 2128 2661 2195 τήν
2735 2132 2899 2202 χεῖρα
2988 2131 3085 2181 τοῦ
3191 2129 3500 2200 βαστακτοῦ
3576 2128 3890 2204 προευτρεπῖ-

2266 2220 2370 2284 ζειν
2405 2218 2519 2288 (34)
2551 2216 2686 2288 πρὸς
2715 2217 2814 2285 τὴν
2853 2222 2955 2284 τῆς
3005 2213 3297 2290 βασιλικῆς
3345 2213 3556 2292 δωρεᾶς
3613 2216 3886 2292 ὑποδοχήν.

2263 2304 2360 2358 Καὶ
2441 2302 2575 2375 μετὰ
2629 2304 2729 2371 τήν
2786 2301 3183 2378 συμπλήρωσιν
3234 2311 3336 2374 τῆς
3388 2303 3658 2378 διανομῆς
3714 2307 3888 2379 ἁγιάζει

2267 2393 2400 2465 μετᾶ
2437 2397 2534 2448 τοῦ
2579 2393 2810 2467 σταυροῦ
2859 2394 2887 2447 6
2935 2389 3426 2469 πρωτεμϐατάριος
3478 2397 3571 2451 τὸν
3620 2389 3886 2468 κόλυμϐον,

2262 2479 2538 2544 ἐπιδιδοὺς
2570 2489 2688 2544 τοῖς
2721 2479 3002 2545 δεσπόταις
3055 2483 3159 2538 ἀπὸ
3207 2489 3307 2538 τοῦ
3358 2479 3654 2558 κολύμϐου
3679 2484 3888 2561 ἀγίασμα

2267 2571 2400 2643 μετᾶ
2447 2575 2544 2625 τοῦ
2595 2572 2762 2626 αὐτοῦ
2821 2576 3054 2647 σταυροῦ
3111 2575 3245 2646 (35).
3307 2575 3377 2631 Οἱ
3439 2571 3496 2630 δὲ
3554 2569 3887 2648 λαμϐάνοντες

2258 2659 2322 2713 τὸ
2371 2658 2610 2734 ἁγίασμα
2658 2659 2999 2736 εἰσέρχονται
3057 2661 3132 2723 εἰς
3167 2662 3259 2716 τὸν
3315 2659 3632 2736 κόλυμϐον,
3679 2661 3761 2717 καὶ
3805 2667 3886 2729 τῆς

2261 2747 2502 2812 ἐκτενοῦς
2547 2748 2860 2823 γίνομένης,
2911 2747 3236 2806 καταδύουσι
3297 2751 3512 2823 τρίτον,
3562 2752 3652 2806 καὶ
3697 2749 3888 2824 ἐξερχό-

2265 2860 2415 2914 μενοι
2465 2839 2788 2913 ἀνέρχονται
2850 2838 2901 2893 ἐν
2947 2844 3026 2912 τῷ
3080 2837 3358 2913 ἀποδότῳ,
3401 2841 3496 2896 καὶ
3527 2838 3885 2920 ἀμφιασθέντες

509 2949 821 2990 nummum
854 2931 1107 2986 inditum
1139 2946 1172 2983 a
1203 2926 1440 2983 domino
1463 2926 1726 2999 accipiat.
1762 2927 1898 2982 Post
1929 2926 2151 2982 finitam

2263 2930 2396 2985 κατὰ
2427 2931 2490 2984 τὸ
2521 2928 2712 2990 εἰωθὸς
2745 2928 3055 3004 ἐξέρχονται
3091 2930 3225 3002 μετᾶ
3271 2936 3376 2998 τῆς
3431 2936 3693 3005 μυστικῆς
3736 2926 3887 2982 αὐτῶν

511 3023 660 3078 hanc
674 3041 707 3079 n
719 3037 1048 3079 ummorum
1063 3017 1462 3089 elargitionem
1479 3021 1650 3086 atque
1679 3015 2149 3071 distributionem

2263 3021 2478 3091 τάξεως.
2513 3017 2733 3087 Ἰστέον,
2779 3017 2862 3072 ὅτι
2914 3012 3014 3087 ἔξω
3066 3024 3162 3074 τοῦ
3214 3021 3548 3095 μονοθόρου,
3577 3019 3628 3075 ἐν
3659 3018 3700 3091 ᾦ
3727 3017 3884 3071 ἳσταν-

508 3111 831 3167 sanctiﬁcat
878 3107 1365 3180 protembatarius
1418 3106 1610 3161 lacum
1662 3103 2012 3160 natatorium
2044 3120 2151 3160 sua

2263 3129 2343 3162 ται
2374 3107 2427 3162 οἱ
2456 3107 2810 3178 πραιπόσιτοι
2858 3105 3221 3182 ἐπευχόμενοι
3265 3109 3398 3172 τούς
3447 3105 3880 3175 δεσπότας,⁶ἰστα-

507 3214 700 3265 cruce,
734 3201 955 3253 etcum
987 3194 1190 3250 eadem
1228 3193 1473 3264 porrigit
1515 3191 1768 3247 dominis
1825 3207 1856 3247 θ
1895 3190 2148 3263 colymbo

2263 3217 2343 3252 ται
2393 3196 2420 3250 ὁ
2470 3198 2576 3250 τῶν
2625 3194 2883 3271 Εὖγενίου
2932 3215 3292 3271 γηρωκομος,
3343 3196 3624 3262 ἐπιδιδοὺς
3668 3200 3774 3256 τοῖς
3809 3189 3882 3247 δε-

510 3263 804 3356 bagiasma
835 3301 935 3341 seu
953 3263 1376 3339 sanctiﬁcatam
1401 3263 1500 3338 aut
1527 3280 1895 3337 lienedictam
1911 3297 2142 3352 aquam.

2263 3286 2478 3349 σπόταις
2528 3263 2908 3360 διερχομένοις
2947 3263 3057 3346 ’τάς
3117 3263 3396 3362 εὐλογίας.
3463 3291 3575 3346 Γῶν
3625 3283 3679 3340 δὲ
3719 3281 3881 3338 δεσπο-

508 3373 759 3443 Domini,
781 3372 1143 3443 hagiasmate
1173 3374 1427 3442 accepto,
1458 3370 1677 3426 intrant
1709 3369 1766 3424 in
1789 3367 2144 3441 colymbum,

2263 3378 2362 3430 τῶν
2423 3371 2810 3450 διερχομένων,
2879 3380 3190 3451 συγκινοῦσι
3257 3377 3718 3452 προπορευόμενοι
3785 3374 3874 3423 τῶν

510 3468 568 3520 et
610 3464 746 3518 dum
805 3463 872 3517 ﬁt
917 3467 1174 3529 extensa,
1231 3461 1592 3531 immergunt
1649 3473 1776 3514 sese
1834 3467 1952 3527 ter;
2013 3459 2144 3514 dein

2263 3461 2558 3534 δεσποτῶν,
2611 3463 2700 3536 ἀφ’
2751 3463 2826 3517 ὧν
2884 3463 3067 3519 τόπων
3111 3462 3379 3535 ἵστανται,
3435 3467 3488 3521 οἱ
3533 3468 3630 3521 τοῦ
3675 3454 3876 3517 κουϐου-

509 3557 772 3609 exeunte
795 3551 1059 3624 colymbo
1091 3555 1147 3606 et
1177 3551 1496 3606 ascendunt
1528 3549 1587 3603 in
1621 3549 1886 3620 apodyta,
1920 3564 2152 3603 rursus-

2263 3550 2444 3606 κλείου
2478 3551 2567 3606 καὶ
2627 3551 2677 3604 οἱ
2740 3547 3074 3625 μαγλαϐἷται
3131 3553 3221 3607 καὶ
3277 3555 3380 3621 τῆς
3443 3542 3876 3625 ὲταιρείας.οἱδὶ

507 3661 616 3715 que
647 3643 772 3700 suis
800 3641 987 3699 solitis
1008 3641 1261 3696 vestibus
1283 3639 1480 3696 amicti
1512 3642 1722 3695 exeunt
1751 3654 1883 3694 cum
1905 3639 2151 3710 mystico

2263 3639 2517 3696 δεσπόται
2575 3639 2621 3694 εἷ
2682 3641 2776 3712 μὲν
2835 3639 3146 3696 κελεύουσιν
3215 3643 3477 3698 ἱππεῦσαι
3531 3641 3617 3697 καὶ
3654 3635 3874 3699 ἀπελθεῖν

509 3750 611 3790 seu
670 3732 891 3804 privato
952 3731 1044 3787 sui
1093 3729 1354 3801 corporis
1414 3727 1759 3784 ministerio.
1818 3729 1964 3783 Dum
2016 3743 2152 3784 vero

2263 3729 2372 3786 sifts
2417 3728 2470 3785 ἒν
2520 3733 2588 3804 τῇ
2641 3732 2822 3806 πηγῇ,
2882 3727 2989 3785 εἷ’τε
3035 3729 3313 3806 ἀλλαχοῦ,
3361 3737 3529 3788 τοῦτο
3559 3732 3806 3786 ποιοῦσιν·
3836 3721 3876 3776 εἴ

509 3830 718 3879 exeunt
749 3820 975 3878 domini
1007 3837 1105 3892 per
1135 3825 1363 3892 portam
1398 3819 1777 3891 singularem,
1809 3835 2003 3875 coram
2036 3834 2154 3890 qua

2264 3818 2322 3876 δὲ
2372 3821 2540 3894 μήγε,
2591 3817 2967 3894 εἰσερχόμενοι
3017 3817 3093 3882 εἷς
3141 3819 3235 3875 τὸν
3286 3817 3531 3895 δρόμονα
3579 3817 3875 3890 εἰσέρχονται

506 3912 679 3984 paulo
700 3915 833 3967 ante
863 3911 1196 3967 dicebamus
1237 3909 1427 3965 solere
1454 3908 1792 3980 praepositos
1832 3909 2024 3963 fausta
2051 3907 2152 3962 do-

2264 3909 2338 3971 εἷς
2390 3909 2453 3964 τὸ
2505 3907 2792 3978 παλάτιον,
2851 3910 2885 3980 ἢ
2939 3910 3029 3965 καὶ
3079 3906 3358 3984 ἀλλαχοῦ,
3407 3910 3546 3967 ὅπου
3595 3904 3876 3983 βούλονται,

509 4003 679 4060 minis
701 4007 1082 4076 apprecantes
1126 4002 1468 4068 subsistere,
1502 4003 1655 4056 astat
1676 3999 1890 4055 ibidem
1919 4015 2150 4071 quoque

2265 3997 2618 4074 ἀπέρχονται.

504 4108 845 4160 gerocomus
878 4090 1184 4162 hospitalis
1212 4089 1476 4159 Eugenii,
1507 4087 1848 4157 impertiens
1892 4087 2146 4142 dominis
2194 4090 2676 4158 praetereuntibus
2709 4089 2968 4162 eulogias
3010 4106 3106 4146 scu
3142 4091 3602 4150 benedictiones.
3635 4077 3862 4143 Dominis

501 4187 696 4238 autem
729 4182 881 4251 apud
913 4196 1202 4251 quemque
1257 4179 1518 4233 ordinem
1571 4191 1794 4242 eorum,
1827 4192 1974 4246 quos
2014 4175 2074 4230 in
2133 4178 2382 4249 apodyta
2438 4179 2755 4250 ingressuri
2803 4181 2954 4238 fores
2987 4185 3215 4237 stantes
3265 4181 3641 4254 reliquerant,
3671 4175 3869 4248 praeter-

505 4272 798 4338 euntibus,
816 4269 1103 4339 incipiunt
1135 4267 1192 4322 hi
1222 4282 1284 4322 se
1318 4281 1545 4337 quoque
1573 4265 1750 4322 simul
1783 4280 2145 4324 commovere
2183 4272 2240 4324 et
2260 4285 2451 4326 coram
2480 4271 2836 4328 abeuntibus
2884 4270 3132 4328 dominis
3184 4274 3511 4344 praecedere
3553 4285 3616 4328 eo
3668 4281 3730 4323 ex
3766 4261 3868 4316 loco

1689 4447 1691 4449 ι
1860 4381 2099 4441 VARI/E
2135 4385 2527 4443 LECTIONES

581 4481 628 4516 1³
663 4477 810 4534 κάτω
842 4481 996 4554 conj.
1031 4481 1120 4548 R.,
1151 4479 1289 4536 κατά
1319 4483 1446 4538 cod.
1488 4485 1545 4540 et
1575 4483 1666 4539 ed.

1538 4591 1744 4647 JOAN.
1784 4591 1930 4647 JAC.
1976 4591 2243 4649 REISKII
2282 4592 2880 4652 COMMENTARIUS.

2339 4684 2452 4754 (33)
2501 4685 2585 4754 lt_a
2631 4690 2722 4740 est
2777 4684 2832 4738 in
2896 4685 3270 4741 membranis.
3349 4686 3462 4743 Sed
3507 4686 3611 4753 leg.
3665 4678 3756 4734 aut
3795 4678 3866 4754 1}"

2267 4737 2355 4807 m;
2377 4737 2719 4827 ἀςιιιτελίικξετςτ
2759 4737 2857 4811 ἀοι
2883 4737 3664 4827 δεξιά-τιτάῖᾼῑήνῖίῑιεειξιιιρ
3708 4737 3862 4827 apag-

2269 4843 2404 4908 nam
2437 4814 3100 4897 borum'amplecterer,
3152 4814 3316 4900 prius
3365 4814 3583 4902 arripui
3640 4822 3694 4876 in
3722 4814 3861 4870 ’ωι-

2267 4913 2381 4952 n18.

2339 4968 2451 5041 (34)
2481 4969 2568 5025 Ad
2596 4985 2796 5026 aurum
2819 4986 3027 5042 nempe
3073 4973 3284 5028 cavati:
3331 4958 3857 5042 dexterishacﬂpfff'

2265 5026 2453 5136 (illini:
2475 5045 2677 5136 utrait
2732 5046 2918 5126 A_mm.
2958 5026 3473 5136 'lMarcellfpflti
3511 5026 3856 5136 (19),ρῶξέἓὶ

2267 5097 2472 5238 (ἱερήια.
2504 5113 2662 5170 Alias
2691 5115 2846 5171 enim
2868 5097 3153 5185 protenso
3172 5097 3359 5171 ’vesiis
3387 5097 3832 5173 sinu‘ac'cipieban

2268 5200 2297 5238 ο
2369 5201 2398 5236 a
2431 5201 2482 5238 a.

2268 5200 2482 5238 emata.

2341 5255 2452 5326 (35)
2485 5256 2633 5326 Ergo
2655 5272 2792 5311 crux
2823 5255 2923 5312 illa
2952 5255 3038 5312 sic
3053 5261 3176 5313 erat
3205 5257 3472 5323 formata,
3505 5257 3565 5326 ut
3585 5250 3638 5326 ξῐι
3659 5239 3853 5326 ευῗῖᾞο

2270 5312 2526 5381 extremo
2557 5312 2798 5398 Haberet
2818 5343 3048 5397 parvam
3065 5312 3334 5398 patinam
3367 5312 3624 5398 nonnihil
3646 5312 3849 5398 fﬂffﬂ

2271 5413 2389 5475 qua
2427 5414 2497 5468 aq
2508 5375 2592 5452 ua—
2600 5375 3854 5475 inihiirgia'ri‘ﬁg's'éi'E‘ErQBia‘EoetiJgggg

2272 5443 2764 5557 ἓέῧηὶῖῗαειῖιῖέ
2772 5443 3495 5557 ἐξιξῖδὲέῐῖᾷῗίυέιᾶὶῖὲἶέ
3507 5443 3656 5557 «iis
3676 5443 3852 5557 ἐξ,ξῆ

2273 5530 2622 5614 fninumLut
2651 5557 2718 5596 ex
2749 5540 2924 5597 allato
2971 5541 3142 5614 Angli
3189 5544 3493 5614 cujusdam
3539 5530 3794 5614 1ροοέξέ

2273 5589 2640 5694 rarus—ags
2649 5589 3712 5694 ᾦειῖίιῖῑδι-ίιῑαῖρηξῑεξῖᾱιῑῑῑοο-ετιτυτί,
3727 5589 3851 5645 hunc

2274 5682 2502 5754 egregie
2525 5682 2777 5740 illustrat
2807 5688 2864 5741 et
2891 5685 3142 5743 conferri
3172 5682 3447 5744 meretur.

577 4680 692 4756 (32)
723 4683 836 4735 Aut
867 4679 950 4756 sic
974 4679 1233 4756 positum
1280 4680 1393 4736 fuit
1423 4697 1526 4756 pro
1569 4679 1697 4740 τοὺς
1737 4673 1803 4733 ιϐ“
1835 4680 2157 4756 βαστακτὰς,
2192 4690 2236 4756 D

513 4749 835 4823 bajuli,aut
865 4751 931 4804 τὰ
971 4749 1242 4826 βάστάκτα
1287 4749 1440 4826 sunt
1464 4753 1622 4807 idem
1669 4749 1844 4826 atque
1862 4753 1927 4805 τά
1961 4752 2159 4826 βάστα-

506 4842 660 4896 κτρα,
697 4833 881 4896 vectes,
915 4824 1128 4895 quibus
1158 4837 1252 4879 res
1282 4824 1640 4896 deferuntur
1665 4825 1765 4896 (ν.
1812 4826 1883 4880 ad
1946 4824 2000 4894 p.
2049 4826 2156 4879 267

508 4894 704 4965 dicta).
767 4894 1092 4951 Poste’riore
1159 4895 1336 4967 modo
1422 4895 1469 4948 si
1551 4894 1827 4967 explices,
1913 4896 2154 4952 habebit

510 4963 868 5039 metonymia
907 4967 1118 5039 locum,
1148 4963 1574 5039 instrumentum
1609 4963 1710 5038 pro
1740 4972 1932 5023 utente
1963 4968 2152 5022 nomi-

502 5054 670 5095 nans.
705 5037 770 5094 Hi
805 5038 988 5111 bajuli
1029 5042 1278 5108 possunt
1318 5037 1444 5108 jam
1489 5037 1623 5092 esse
1657 5042 1758 5092 aut
1806 5039 2154 5111 aquigeruli,

502 5112 600 5182 qui
634 5127 848 5182 aquam
873 5109 931 5164 in
955 5109 1146 5182 lacum
1181 5113 1505 5182 congerunt
1536 5113 1659 5182 _aut
1707 5109 1974 5180 egerunt,
2003 5129 2155 5182 νερο-

505 5179 718 5256 φόρους⁸
748 5181 962 5237 Graecis
1002 5180 1208 5256 dictos,
1241 5182 1355 5256 vid.
1400 5179 1478 5234 du
1520 5180 1708 5256 Gange
1758 5179 1810 5233 'v.
1852 5179 2154 5256 Aquarius,

510 5251 610 5308 aut
624 5253 721 5325 qui
733 5255 1120 5325 corpusAugu
1131 5253 1202 5325 sti
1218 5257 1273 5308 et
1285 5255 1560 5323 Augustae
1573 5251 1766 5325 del‘eru
1778 5258 1836 5325 οι
1850 5251 1906 5305 in
1923 5253 2157 5318 lecticis,

519 5321 868 5395 aut—mulos
916 5321 1236 5379 lecticarios
1295 5321 1497 5395 agunt,
1538 5327 1596 5395 et
1643 5322 1702 5378 in
1725 5321 2062 5395 universum
2089 5325 2159 5395 τῇ

519 5394 758 5469 βασταγῇ
793 5396 1057 5453 sarcinas
1106 5393 1440 5466 imperiales
1468 5399 1527 5469 et
1549 5393 2162 5469 impedimenlasacra

512 5465 775 5534 onerant,
805 5471 1140 5531 exonerant,
1174 5465 1405 5533 curant,
1431 5465 1774 5533 observant;
1805 5465 1922 5521 vid.
1956 5465 2027 5520 de
2059 5466 2159 5521 ba-

509 5539 686 5610 slagis
719 5543 775 5594 et
795 5539 1144 5610 baslagariis
1193 5538 1429 5610 Gutber.
1474 5555 1530 5609 p.
1568 5538 1808 5610 730,7du
1848 5536 2039 5610 Gange
2070 5536 2158 5610 Gil.

509 5556 686 5608 magis
719 5556 775 5594 et
795 5556 1144 5664 naslagarns
1193 5556 1429 5594 uutner.
1474 5556 1530 5609 p.
1579 5556 1697 5602 mu,
1731 5556 1808 5593 nu
1848 5556 2039 5610 uange
2070 5556 2158 5594 ul.

507 5609 624 5681 Lat.
653 5609 707 5681 ιτ,
739 5625 791 5663 ν.
851 5615 909 5666 et
1004 5610 1144 5667 ales.
1186 5609 1266 5681 ad
1315 5611 1612 5681 Ammian.
1673 5608 1951 5677 Marcell.,
1981 5626 2038 5681 p.
2070 5608 2161 5681 83,

507 5678 942 5804 ιὼίτβασταγήν
994 5679 1229 5754 eXponit
1277 5702 1307 5733 κ
1356 5680 1670 5737 sarcinalia
1725 5678 2001 5753 principii
2065 5679 2163 5752 ju-

507 5763 626 5804 men
657 5764 710 5804 a.
747 5770 774 5796 ››

503 5763 710 5805 menta.
747 5770 774 5796 ³)
