4120 6306
326 390 480 454 1029
1166 387 1270 448 DE
1312 384 1774 450 CERIMONIIS
1817 389 1981 451 AUL.

2095 387 2568 452 BYZANTINIE
2609 391 2758 454 LIB.
2802 392 2883 454 ΙΙ.
3569 398 3724 460 {030

321 537 380 587 et
401 523 673 594 statiOne,
701 542 874 599 quam
907 523 1156 598 quisque
1201 523 1447 592 obtinet,
1495 524 1669 596 primi
1711 525 2053 583 cubicularii
2083 543 2113 583 e
2143 543 2270 597 sua,
2302 532 2429 582 tum
2472 526 2813 596 inagiabitze,
2844 525 3080 583 tandem
3109 527 3353 584 hetaeriae
3398 532 3657 605 ascripti,
3688 549 3720 590 e

321 613 451 678 suis
482 615 701 692 quique
731 613 1104 672 stationibus.
1135 611 1300 670 Illinc
1330 629 1522 686 porro,
1556 613 1604 668 si
1637 612 1840 685 placet,
1887 614 2215 672 evehuntur
2271 615 2495 673 domini
2521 615 2582 674 in
2629 617 2794 689 equis
2851 616 2921 672 ad
2979 631 3185 688 pegam
3236 616 3319 689 [id
3379 622 3467 675 est
3509 621 3580 676 ad
3622 638 3724 692 pa-

324 710 536 768 latium
569 723 862 782 paganum
893 712 948 762 et
978 704 1286 778 Deiparam
1309 702 1529 775 fontis],
1565 702 1770 774 aliove,
1802 720 1914 776 quo
1943 703 2213 777 libuerit;
2249 707 2459 781 quodsi
2489 723 2621 764 vero
2669 705 2926 779 equitare
2970 706 3281 778 noluerint,
3337 712 3438 764 aut
3467 708 3580 766 alio
3612 726 3726 782 quo

323 803 416 858 ire
447 799 702 867 libuerit,
733 799 973 854 abeunt.

950 887 1216 944 ΚΕΦΑΛ.
1257 885 1355 942 Il".

2698 889 2928 947 CAPUT
2963 891 3117 947 XIII.

319 981 491 1064 "Oa‘a‘
513 973 596 1033 δεῖ
657 973 1096 1064 παραφρλᾴττειν
1151 973 1219 1064 ἐνῖ
1240 975 1473 1064 ὶπναγανῇ
1532 975 1802 1064 Κουριαέιῇ,
1841 969 1877 1041 ἤ
1907 972 1971 1060 ἐν

2095 973 2447 1064 Obseruantia,
2485 979 2703 1064 guandp
2725 978 2796 1064 in.
2816 979 3353 1064 Dominicapuganu
3367 989 3464 1064 aut
3481 983 3606 1064 alia
3627 984 3724 1064 die

395 1048 542 1124 ᾅλλίῃ
611 1041 770 1124 κοινῇ
819 1041 1040 1124 ξὴμὲριᾳ,
1075 1041 1459 1124 [μελλόντων
1527 1041 1632 1124 τῶν
1700 1041 1975 1124 δεσποτῶν

393 1114 604 1192 ἀπιέναι
645 1114 755 1174 εἲτὲ
793 1114 1036 1192 etiam:
1075 1114 1285 1192 Ἀγίους
1325 1114 1722 1184 ’Λποστόλου;,
1753 1115 1860 1170 ε’ἓτε
1898 1116 1974 1176 εἰς

391 1190 575 1268 ἓτερον
615 1192 741 1246 ναὸν
783 1187 1052 1260 εὔξασθαι.

398 1282 513 1357 Πρὸ
549 1285 674 1354 μιᾶς
720 1277 934 1355 ἡμέρας
989 1274 1197 1332 δίδοται
1251 1274 1493 1350 μανδάτα
1524 1281 1604 1349 τῷ
1633 1276 1977 1352 πραιποσίτῳ

319 1369 414 1426 καὶ
461 1374 541 1442 τῷ
588 1367 870 1424 κατεπάνω
924 1371 1030 1421 τῶν
1088 1364 1412 1440 βασιλικῶν,
1470 1371 1539 1440 τῇ
1596 1363 1760 1422 ἕωθεν
1802 1365 1977 1430 ἐλθεῖν

322 1459 558 1521 ἅπαντας
610 1458 715 1513 ἀπὸ
773 1454 1225 1532 σκαραμαγγίων,
1285 1455 1478 1519 ὁπόθεν
1533 1454 1595 1509 ἃν
1642 1453 1973 1510 κελεύσωσιν

321 1547 378 1603 o't
433 1544 688 1602 δεσπόται
739 1546 1019 1601 ἱππεῦσαι.
1078 1543 1186 1598 Καὶ
1254 1546 1324 1617 τῇ
1390 1542 1553 1599 ἓωθεν
1607 1541 1974 1618 προέρχονται

325 1637 556 1698 ἅπαντες
624 1635 729 1690 ἀπὸ
815 1632 1257 1708 σκαραμαγγίων,
1331 1632 1423 1688 καὶ
1507 1630 1838 1707 εἰσέρχονται
1925 1631 1977 1685 oi

322 1724 681 1800 πραιπόσιτοι
725 1724 859 1797 μετά
905 1727 1003 1778 τοῦ
1050 1716 1470 1790 κουϐουκλείου,
1537 1722 1647 1776 ε’ἰτε
1721 1721 1828 1776 ἀπὸ
1884 1723 1974 1776 τὸν

324 1810 720 1889 καϐαλλάριον,
771 1810 880 1867 εἴτε
928 1809 1034 1865 ὰπὸ
1081 1811 1181 1879 τὴν
1233 1814 1334 1864 τοῦ
1401 1811 1602 1884 κυρίου
1661 1807 1975 1880 ἐκκλησίαν,

329 1903 439 1958 εἲτε
467 1901 574 1958 ἀπὸ
601 1901 694 1956 τὸν
726 1897 1092 1971 ἱππόδρομον,
1126 1896 1230 1953 ε’ἰτε
1260 1898 1364 1954 ἀπὸ
1390 1899 1454 1954 τὸ
1473 1896 1978 1974 τζουκανισδήριον,

330 1992 442 2047 εἲτε
470 1990 578 2047 ἀπὸ
605 1996 706 2060 τῆς
755 1988 989 2065 Δάφνης.
1039 1988 1173 2044 Ἀπὸ
1222 1987 1430 2042 τούτων
1479 1989 1586 2064 γὰρ
1615 1992 1721 2042 τῶν
1752 1985 1976 2043 εἷσοδων

330 2080 580 2136 εἰώθασιν
627 2078 709 2134 ἀεὶ
749 2076 996 2133 ἱππεύειν
1043 2076 1095 2130 οἱ
1143 2073 1396 2132 δεσπόται
1429 2080 1496 2136 1³.
1529 2077 1596 2134 Οἱ
1628 2075 1686 2132 δὲ
1725 2073 1980 2133 δεσπόται

331 2168 645 2246 ἐξέρχονται
711 2167 818 2223 ἀπὸ
899 2167 1323 2244 σκαραμαγγίων
1405 2168 1693 2245 φοροῦντες
1759 2166 1851 2222 καὶ
1914 2167 1982 2222 τὰ

2153 1047 2437 1123 communi
2465 1047 2688 1123 domini
2704 1051 2898 1123 volunt
2928 1057 3027 1105 aut
3060 1047 3255 1123 ad'SS.
3301 1053 3575 1123 Apostolos
3621 1063 3721 1110 aut

2153 1117 2435 1245 ggmaliiutz
2468 1120 2688 1190 aliquod
2730 1122 2993 1191 templum
3042 1117 3353 1180 devotionis"
3395 1126 3724 1198 peragenda

2289 1206 2323 1244 a
2372 1207 2402 1244 r
2441 1231 2455 1245 .

2289 1206 2323 1244 a
2350 1206 2455 1246 11⁸6.

2155 1278 2518 1336 Pracedente
2560 1279 2654 1335 die
2724 1281 2941 1336 dantur
2987 1283 3260 1339 mandata
3315 1287 3623 1357 praeposito
3668 1292 3726 1345 et

2083 1367 2784 1439 catopanobasilioorum,
2823 1372 2890 1422 ut
2944 1368 3124 1425 altero
3181 1386 3351 1427 mane
3403 1389 3606 1430 omnes
3664 1377 3722 1431 in

2087 1458 2502 1528 scaramangiis
2532 1458 2669 1514 illuc
2698 1458 3066 1528 conveniant,
3091 1459 3245 1516 unde
3275 1461 3499 1519 domini
3529 1465 3728 1522 decre-

2084 1551 2295 1601 verunt
2322 1551 2380 1602 et
2421 1547 2658 1602 edicunt
2730 1547 3081 1618 exequitare.
3136 1549 3333 1620 Itaque
3377 1553 3729 1609 conveniunt

2086 1651 2288 1692 omnes
2318 1637 2376 1692 in
2407 1637 2831 1708 scaramangiis
2873 1639 3065 1694 statim
3116 1655 3308 1708 mane,
3344 1644 3404 1695 et
3431 1643 3728 1715 praepositi

2090 1738 2204 1779 una
2232 1739 2369 1780 cum
2402 1725 2668 1781 cubiculo
2691 1725 2844 1782 822
2875 1741 2907 1781 θ
2936 1725 3153 1796 palatio
3176 1728 3478 1797 prodeunt,
3512 1732 3631 1786 sive
3655 1732 3726 1788 ad

2089 1812 2466 1868 caballarium
2499 1813 2581 1884 [id
2630 1819 2717 1869 est
2761 1813 3166 1870 catadromum
3216 1817 3304 1872 vel
3347 1818 3726 1877 domitorium

2088 1904 2419 1974 equorum],
2452 1903 2574 1959 sive
2602 1904 2675 1960 ad
2707 1904 2940 1960 Domini
2983 1904 3319 1976 Ecclesium,
3351 1907 3468 1964 sive
3508 1911 3578 1966 ad
3615 1911 3728 1966 cir-

2090 2007 2248 2061 cum,
2280 1992 2398 2050 sive
2427 1993 2499 2048 ad
2537 1993 3015 2050 tzucanisterium
3060 1994 3141 2065 [id
3187 2003 3277 2051 est
3317 2013 3511 2054 aream
3569 2015 3733 2056 exer-

2089 2081 2289 2137 cendae
2308 2081 2591 2150 equestris
2632 2081 2808 2153 pilae],
2857 2083 2979 2139 sive
3027 2085 3098 2138 ad
3131 2083 3435 2156 Daphnen.
3493 2085 3578 2142 Ab
3641 2088 3732 2145 his

2090 2171 2246 2226 enim
2297 2172 2368 2226 ad
2423 2171 2703 2242 palatium
2761 2172 3022 2229 aditibus
3081 2174 3270 2230 solent
3325 2176 3727 2247 imperatores,

328 2260 536 2317 τούτων
585 2259 802 2329 σπαθία,
850 2257 941 2314 καὶ
991 2255 1404 2332 δηριγευόμενοι
1457 2258 1561 2313 ὑπό
1590 2277 1648 2312 τε
1676 2261 1786 2313 τῶν
1814 2277 1977 2332 πραι-

2095 2260 2323 2332 quando
2353 2261 2704 2332 exequitant,
2748 2277 2979 2334 semper
3014 2262 3204 2330 avehi,
3247 2264 3357 2335 ipsi
3389 2269 3583 2322 autem
3615 2269 3728 2322 do-

329 2350 568 2406 ποσίτων
632 2347 723 2404 καὶ
777 2351 876 2402 τοῦ
939 2341 1338 2406 κουϐουκλείου
1395 2346 1736 2403 ἱππεύουσιν.
1787 2347 1855 2403 Οἳ
1921 2343 1980 2401 δὶ

329 2437 680 2516 πραιπόσιτοι
727 2437 818 2492 καὶ
867 2437 918 2491 οἱ
965 2439 1064 2491 τοῦ
1109 2429 1502 2490 κουϐουκλείου
1548 2435 1640 2490 καὶ
1683 2434 1837 2491 αὐτοὶ
1876 2436 1977 2490 ἱπ-

329 2530 585 2590 πεύοντες
615 2524 1051 2601 προπορεύονται
1091 2529 1198 2579 τῶν
1246 2521 1544 2582 δεσποτῶν.
1577 2525 1640 2580 0i
1671 2521 1729 2578 δὲ
1761 2522 1980 2601 μαγλα-

333 2614 482 2674 ϐἷται
513 2617 602 2672 καὶ
634 2617 686 2671 οἱ
735 2614 1011 2690 βασιλικοὶ
1058 2614 1248 2677 πάντες
1297 2613 1575 2690 ἄνθρωποι
1621 2614 1756 2689 μετά
1787 2634 1981 2690 σκαρα-

341 2705 591 2781 μαγγίων
638 2704 726 2760 καὶ
776 2703 1010 2759 σπαθίων
1055 2705 1131 2768 είς
1180 2707 1280 2774 τὴν
1329 2705 1522 2760 ἑαυτοῦ
1567 2701 1790 2766 ἕκαστος
1839 2724 1978 2779 προ-

338 2791 623 2868 πορεύεται
652 2793 818 2862 τάξιν.
857 2793 923 2850 0i
975 2789 1031 2848 δὲ
1081 2792 1373 2868 μάγιστροι
1420 2794 1512 2848 καὶ
1558 2793 1856 2848 ἀνθύπατοι
1887 2793 1978 2847 καὶ

340 2882 615 2959 πατρίκιοι
641 2885 727 2938 καὶ
763 2881 1102 2961 ὀφφικιάλιοι
1152 2883 1369 2949 ὄπισθεν
1409 2887 1508 2938 τοῦ
1551 2882 1797 2957 ἅρματος
1845 2884 1981 2955 μετᾶ

337 2976 433 3027 τοῦ
493 2969 848 3050 δρουγγαρίου
903 2979 1003 3044 τῆς
1065 2971 1270 3049 βίγλης
1319 2973 1408 3028 καὶ
1460 2976 1558 3028 τοῦ
1615 2969 1980 3048 δρουγγαρίου

331 3064 440 3116 τῶν
467 3059 748 3136 πλοΐμων,
780 3060 1211 3117 ἐπακολουθοῦσι
1256 3066 1375 3124 τοῖς
1423 3058 1728 3123 δεσπόταις.
1781 3059 1878 3115 Καὶ
1912 3057 1978 3129 δὴ

329 3154 440 3206 τῶν
472 3147 746 3208 δεσποτῶν
795 3151 1064 3207 ἀπιόντων
1117 3151 1196 3216 εἰς
1241 3152 1334 3208 τὸν
1383 3153 1510 3207 ναὸν
1542 3151 1631 3207 καὶ
1659 3155 1768 3206 τῶν
1792 3147 1979 3205 ’ίππων

331 3234 761 3312 ἀποϐαινόντων,
826 3239 1064 3303 τίθενται
1137 3238 1350 3307 σελλία,
1426 3237 1683 3311 δηλονότι
1747 3238 1814 3294 τὰ
1879 3240 1982 3295 ὑπὸ

328 3333 437 3384 τῶν
504 3325 1096 3404 ἂρχοντογεννημάτων
1167 3327 1559 3401 βασταζόμενα,
1629 3328 1736 3382 εἲτε
1786 3328 1839 3382 ἐν
1905 3332 1982 3400 τῷ

330 3415 666 3492 προπῦλαίῳ
719 3418 819 3485 τῆς
873 3414 1040 3485 αὐτῆς
1102 3413 1418 3484 ἐκκλησίας,
1477 3416 1584 3469 ε’ἰτε
1640 3414 1691 3468 ἐν
1741 3419 1822 3487 τῷ
1857 3416 1984 3490 vip-

331 3506 484 3574 θηκι,
541 3504 632 3559 καὶ
688 3503 739 3558 ἐν
796 3506 1011 3565 τούτοις
1077 3501 1389 3571 καθέζονται
1447 3502 1500 3556 οἱ
1562 3500 1836 3570 δεσπόται,
1897 3503 1986 3556 καὶ

336 3593 441 3648 ὑπὸ
537 3599 640 3662 τῆς
721 3593 1129 3666 μυπικωτέρας
1200 3593 1307 3645 τῶν
1377 3593 1713 3645 κοιτωνιτῶν
1785 3590 1985 3659 τάξεως

331 3680 728 3754 κυκλευόμενοι
757 3681 895 3757 πρὸς
927 3681 989 3736 τὸ
1025 3681 1102 3754 μὴ
1134 3677 1338 3754 ῥᾳδίως
1366 3683 1473 3734 τῶν
1506 3680 1554 3715 ί*
1597 3677 1824 3734 πολλῶν
1859 3680 1987 3751 ὁρᾶ-

335 3775 479 3839 σθαι,
520 3769 888 3826 ἀλλάσσουσιν
939 3771 1075 3844 ἅπερ
1127 3770 1384 3848 φοροῦσιν
1435 3766 1781 3842 ὑποδήματα,
1834 3789 1987 3842 περι-

335 3859 677 3936 ϐαλλόμενοι
720 3860 962 3938 στρίκτα.
1014 3862 1234 3930 Ἰστὲον,
1267 3859 1350 3916 ὅτι
1381 3860 1434 3915 ἐν
1478 3864 1558 3933 τῷ
1604 3860 1835 3934 νάρθηκι
1886 3865 1987 3928 τῆς

334 3950 628 4023 ἐκκλησίας
692 3951 782 4007 καὶ
867 3953 924 4006 οἱ
1007 3951 1361 4024 πραιπόσιτοι
1427 3945 1862 4024 περεϐἀλλονται
1921 3951 1989 4005 τὰ

335 4041 510 4096 αὐτῶν
572 4042 754 4117 σαγία.
815 4040 919 4098 Καὶ
979 4041 1076 4096 εἶθ’
1146 4037 1320 4102 οὕτως
1375 4038 1712 4112 ἀνιστάμενοι
1776 4039 1866 4093 καὶ
1919 4039 1987 4093 τὰ

333 4132 537 4198 ἑαυτῶν
637 4130 1166 4206 χρυσοπερίκλειστα
1266 4125 1729 4206 περιϐαλλόμενοι
1804 4128 1984 4204 σαγία,

332 4219 589 4295 ἔρχονται
654 4223 794 4296 πρὸς
846 4219 942 4281 τὰς
987 4218 1276 4296 βασιλικὰς
1325 4217 1524 4288 πύλας,
1574 4218 1668 4274 καὶ
1725 4219 1828 4274 ὑπὸ
1880 4223 1987 4274 τῶν

331 4309 710 4383 πραιποσίτων
792 4303 1139 4382 λαμϐάνουσι
1214 4306 1444 4383 κηροὺς,
1517 4306 1609 4362 καὶ
1685 4307 1986 4380 ἀπευχαρι-

333 4401 549 4453 στοῦσιν
593 4401 674 4471 τῷ
719 4402 834 4471 Θεῷ
880 4395 969 4454 διὰ
1018 4405 1119 4469 τῆς
1164 4404 1390 4473 τρισσῆς
1442 4398 1558 4470 μετ’
1607 4395 1778 4452 αὐτῶν
1819 4415 1986 4469 προσ-

331 4488 628 4559 κυνήσεως.
706 4487 805 4543 Καὶ
873 4487 970 4543 εἷθ’
1037 4487 1212 4549 οὕτως
1263 4486 1628 4562 εἰσέρχονται,
1684 4487 1773 4542 καὶ
1845 4482 1986 4561 διέρ-

335 4596 534 4654 χονται
591 4574 679 4631 διὰ
740 4575 906 4650 μέσου
963 4581 1061 4633 τοῦ
1119 4580 1250 4632 ναοῦ
1296 4576 1387 4631 καὶ
1443 4582 1544 4646 τῆς
1603 4573 1864 4645 σωλαίας,
1897 4576 1988 4631 καὶ

332 4664 608 4738 ἱστάμενοι
658 4659 760 4738 ἔξω
796 4670 906 4721 τῶν
950 4665 1114 4740 ἁγίων
1151 4669 1248 4720 τοῦ
1299 4667 1552 4740 βήματος
1602 4668 1778 4740 θυρῶν
1820 4662 1987 4719 πάλιν

333 4751 703 4827 λαμϐάνουσιν
750 4754 964 4830 ἒτὲρους
1012 4753 1217 4826 κηροῦς
1263 4756 1408 4830 παρὰ
1443 4759 1552 4810 τῶν
1585 4753 1982 4828 πραιποσίτων,

330 4843 424 4897 καὶ
469 4841 676 4916 ὁμοίως
723 4848 992 4899 ποιοῦσιν.
1045 4842 1176 4899 Εἶτα
1223 4841 1601 4919 εἰσερχόμενοι
1631 4842 1708 4904 εἷς
1735 4843 1799 4897 τὸ
1829 4843 1983 4919 ἅγιον

332 4914 715 5006 θυσιαστήριον
745 4931 1075 5002 ἂσπάζονται
1123 4932 1222 5001 τήν
1267 4914 1557 5005 τὴν-*ἁγίαν
1592 4927 1839 5002 ἐνδυτήν.
1873 4914 1991 4987 Em‘

2087 2349 2230 2404 mini
2265 2350 2586 2421 procedunt
2612 2351 2673 2405 in
2695 2351 3138 2423 scaramangiis,
3171 2357 3467 2423 gestantes
3493 2357 3733 2425 spathae

2087 2453 2248 2508 suas,
2265 2443 2320 2494 et
2339 2439 2400 2494 in
2422 2439 2703 2510 obsequio
2737 2441 3180 2511 praepositorum
3193 2446 3250 2496 et
3270 2443 3520 2499 cubiculi
3545 2445 3736 2502 cabal-

2085 2525 2286 2585 licant.
2322 2527 2643 2598 prapositis
2676 2543 2888 2599 nempe
2930 2535 3106 2599 atque
3149 2531 3420 2587 cubiculo
3472 2534 3529 2588 in
3564 2537 3732 2605 equis

2087 2615 2358 2671 dominos
2387 2617 2804 2688 praeeuntibus;
2829 2624 2884 2672 at
2917 2618 3246 2689 maglabitze
3264 2624 3320 2675 et
3350 2619 3577 2677 basilici
3608 2639 3733 2678 om-

2086 2720 2188 2761 nes
2203 2705 2465 2761 homines
2477 2721 2611 2762 cum
2627 2706 3038 2778 scaramangiis
3052 2706 3473 2779 etspathis,suo
3487 2712 3738 2784 quisque

2086 2793 2147 2848 in
2177 2794 2402 2860 ordine,
2420 2794 2860 2864 praaambulant.
2880 2795 3139 2867 Magistri
3158 2796 3733 2870 tandem,proconsu-

2087 2881 2170 2937 les
2201 2882 2427 2952 patricii
2449 2890 2502 2938 et
2534 2882 2836 2951 officiales,
2867 2883 3122 2955 itemque
3139 2885 3491 2956 drungarius
3523 2889 3733 2960 vigilite

2089 2976 2146 3026 et
2167 2971 2516 3042 drungarius
2537 2971 2888 3042 ploimornm
2913 2988 3016 3028 seu
3034 2973 3462 3030 classiariorum
3481 2992 3738 3048 sequun-

2091 3064 2186 3116 tur
2213 3061 2478 3116 dominos
2511 3075 2660 3133 pone
2702 3065 2991 3117 armatum
3042 3079 3145 3118 seu
3185 3063 3736 3134 spatharocandida-

2088 3152 2178 3205 tos
2210 3149 2553 3222 scutigeros,
2587 3151 2883 3221 proximos
2905 3151 3280 3208 dominorum
3309 3152 3732 3211 satellites.Do-

2091 3238 2232 3295 mini
2248 3240 2520 3309 itaquead
2543 3240 2850 3296 ecclesiam
2873 3239 3049 3295 delati
3070 3241 3519 3298 descenduntex
3543 3245 3731 3314 equis,

2090 3333 2144 3383 et
2175 3327 2432 3384 resident
2463 3329 2524 3384 in
2553 3329 2669 3385 illis
2696 3329 2876 3401 sellis,
2917 3347 3060 3402 quas
3104 3329 3423 3388 attulerunt
3460 3339 3516 3389 et
3547 3338 3649 3390 aut
3670 3335 3729 3390 in

2091 3416 2382 3487 propylaea
2407 3417 2578 3473 istius
2603 3419 2826 3490 templi,
2853 3421 3020 3474 autin
3038 3421 3732 3493 narthece,deposuerunt

2093 3502 2722 3573 arohontogennemata
2763 3524 2862 3562 seu
2897 3508 3210 3566 nobiliores
3257 3511 3428 3566 valeti
3463 3513 3732 3581 juvenes.

2093 3591 2184 3645 Sic
2215 3592 2584 3648 considentes
2597 3609 2698 3649 eos
2711 3596 3050 3650 circumstat
3071 3597 3219 3652 facta
3241 3599 3396 3652 velut
3417 3603 3729 3672 testudine,

2094 3685 2151 3735 et
2179 3679 2443 3750 impedit,
2469 3696 2539 3735 ne
2566 3699 2598 3736 a
2630 3681 2796 3751 vulgo
2818 3683 3274 3753 conspiciantur,
3301 3685 3542 3742 intimus
3556 3693 3733 3744 costo-

2094 3768 2347 3822 nitarum
2381 3769 2556 3838 ordo;
2599 3769 2932 3840 intereaque
2963 3771 3184 3826 domini
3217 3789 3362 3842 pone
3411 3775 3517 3831 hoc
3565 3777 3732 3847 quasi

2088 3853 2282 3910 velum
2327 3858 2578 3924 mutant,
2626 3871 2775 3926 quos
2824 3861 3052 3927 gerunt,
3114 3858 3356 3930 calceos,
3397 3866 3455 3917 et
3484 3863 3734 3921 induunt

2093 3943 2310 4000 stricta.
2343 3943 2587 4015 (Ibidem
2620 3959 2866 4016 quoque,
2897 3945 2957 4000 in
2990 3947 3263 4003 narthece
3290 3953 3447 4020 puta,
3479 3951 3737 4011 induunt

2093 4033 2388 4106 prapositi
2446 4049 2552 4088 sua
2599 4034 2780 4104 saga.)
2828 4033 3076 4090 Calceati
3120 4042 3374 4108 surgunt
3407 4040 3646 4110 domini,
3680 4048 3738 4100 et

2093 4122 2350 4179 induunt
2377 4139 2518 4180 auro
2550 4128 2714 4196 septa
2743 4139 2848 4180 sua
2886 4141 3049 4197 saga,
3081 4132 3136 4182 et
3163 4129 3447 4185 accedunt
3485 4131 3559 4186 ad
3603 4148 3734 4202 por-

2093 4219 2214 4268 tam
2246 4211 2572 4283 basilicam,
2604 4212 2705 4268 ubi
2735 4228 2933 4270 cereos
2962 4233 2994 4269 a
3042 4215 3370 4287 praepositis
3402 4217 3737 4292 accipiunt;

2095 4303 2452 4377 quibuscum
2483 4307 2572 4358 ter
2605 4303 2784 4359 Deum
2818 4305 3084 4361 adorant.
3112 4305 3186 4360 Eo
3210 4306 3381 4376 facto,
3403 4307 3625 4365 intrant
3638 4325 3739 4381 per

2095 4408 2223 4448 eam
2255 4395 2482 4463 portam
2513 4390 2574 4446 in
2604 4389 2934 4460 ecclesiam,
2963 4395 3275 4448 transeunt
3298 4410 3400 4464 per
3436 4411 3564 4451 eam
3615 4413 3738 4454 me-

2095 4481 2252 4536 diam
2281 4483 2337 4536 et
2365 4495 2468 4550 per
2496 4477 2737 4546 soleam,
2767 4483 2824 4535 et
2855 4479 3185 4536 consistunt
3212 4485 3370 4538 extra
3401 4499 3596 4541 sacras
3636 4487 3738 4542 be-

2095 4569 2263 4625 malis
2291 4569 2465 4636 fores,
2482 4566 2584 4622 ubi
2616 4584 2819 4623 rursus
2840 4568 3133 4640 accipiunt
3153 4587 3186 4626 a
3202 4573 3510 4643 praeposito
3541 4590 3738 4632 cereos

2095 4659 2257 4718 alios.
2292 4657 2644 4728 quibuscum
2659 4657 2890 4713 eosdem
2910 4657 3053 4714 ritus
3070 4657 3414 4732 devotionis,
3432 4679 3581 4734 quos
3600 4679 3733 4720 cum

2099 4745 2580 4820 praecedentibus,
2614 4750 2917 4817 peragunt.
2948 4745 3089 4803 Dein
3136 4764 3370 4805 sacrum
3419 4750 3478 4806 in
3511 4752 3734 4807 sacrifi-

2097 4837 2377 4895 catorium
2408 4836 2649 4903 intrant,
2681 4834 2781 4889 ubi
2814 4850 3035 4892 sacram
3059 4838 3330 4908 endytam
3353 4839 3552 4895 osculo
3573 4856 3737 4895 vene-

2099 4930 2317 4983 rantur.
2351 4923 2490 4979 Deiu
2514 4923 2723 4995 accipit
2782 4925 3072 4980 maximus
3119 4927 3435 4998 imperator
3471 4945 3502 4982 e
3559 4944 3734 4984 manu

333 5018 508 5083 οὕτως
562 5019 834 5092 λαμοάνει
882 5022 910 5076 ὁ
959 5023 1179 5094 πρῶτος
1241 5016 1493 5093 βασιλεὺς
1539 5020 1599 5075 ἐκ
1645 5019 1833 5094 χειρὸς
1888 5023 1981 5074 τοῦ

2097 5013 2392 5090 praepositi
2421 4983 2814 5080 thuribulum,
2839 5017 2895 5070 et
2911 4983 3244 5071 sufﬁmentis
3269 5015 3393 5071 suis
3411 5016 3536 5088 ipse
3555 4983 3739 5073 mani;

329 5108 695 5184 πραιποσίτου
740 5109 832 5164 τὸν
892 5109 1154 5182 θυμιατὸν
1212 5107 1304 5164 καὶ
1371 5106 1624 5176 ἀλειπτά,
1674 5107 1764 5164 καὶ
1814 5106 1990 5180 οἰκείᾳ

1164 5202 1193 5214 ο

329 5197 481 5275 χειρὶ
512 5198 772 5261 ἐπιτιθεὶς
817 5201 887 5274 τῇ
936 5199 1196 5273 ἀνθρακιᾷ
1232 5199 1278 5235 1⁸
1325 5199 1439 5272 (36)
1490 5199 1659 5272 θυμιᾷ
1703 5197 1856 5272 πέριξ
1885 5201 1988 5264 τῆς

2099 5106 2212 5162 bus
2233 5102 2478 5174 imponit
2498 5103 2702 5174 prunis
2726 5103 3084 5173 ardentibus,
3099 5119 3322 5159 sacram
3341 5120 3602 5161 mensam
3626 5107 3738 5162 cir-

2101 5195 2393 5249 cumcirca
2444 5193 2728 5261 incensat,
2800 5207 2984 5263 eoque
3040 5193 3209 5264 facto,
3277 5209 3483 5250 rursus
3553 5195 3745 5251 reddit

1691 5318 1926 5374 VABIIE
1983 5311 2389 5372 LECTlONES.

415 5412 462 5496 is
492 5411 702 5496 ξιΧρΛ,
740 5411 973 5496 ΖΙστξρνι
997 5408 1080 5496 ἔτι
1109 5409 1138 5496 ρ
1175 5405 1432 5496 βασιλεὺς
1462 5407 1582 5496 ᾅνξυ
1613 5408 2026 5496 σκαραμαγγίου
2055 5406 2145 5463 καὶ
2175 5405 2462 5480 χιώματος
2485 5401 2634 5475 πρωῒ
2653 5397 2709 5455 ἒδ
2733 5399 2996 5473 ἐκκλησίᾳ
3016 5402 3337 5460 ἀποστόλων
3368 5403 3475 5480 ούχ
3503 5403 3743 5465 ἱππεύει.

333 5481 383 5519 ¹⁴
415 5481 520 5538 ὑπὸ
549 5486 660 5538 τῶν
691 5484 782 5541 ed.
861 5484 910 5524 ‘5
937 5481 1132 5558 ἄνθραξ
1165 5481 1293 5540 cod.
1326 5499 1430 5555 pro
1457 5481 1736 5556 ἀνθρακιᾷ.

1374 5598 1578 5657 JOAN.
1617 5600 1762 5657 JAC.
1805 5597 2077 5656 REISKII
2115 5588 2705 5656 COMMENTARIUS.

411 5687 528 5765 (39)
583 5689 729 5747 Cum
811 5691 873 5750 in
909 5689 1300 5765 __membrani_s
1383 5691 1698 5764 reperirem
1775 5687 1986 5765 ἄνθραξ,

340 5759 518 5834 quod
550 5776 666 5818 non
725 5777 852 5820 esse
899 5759 1116 5837 ἄνθραξ,
1154 5762 1339 5832 carbo,
1412 5759 1470 5819 ei
1522 5777 1736 5822 sensus
1783 5766 1840 5822 et
1871 5759 1991 5820 "de-

2101 5690 2288 5746 fectus
2319 5685 2598 5759 accentus
2639 5680 3070 5759 monstrabant,
3119 5683 3382 5759 liquebat
3438 5685 3614 5759 mihi,
3649 5686 3750 5745 lit-

2099 5763 2284 5820 teram
2317 5753 2586 5813 ultimam
2643 5767 2760 5812 non
2818 5753 3313 5829 simplicemfsed
3356 5758 3750 5832 compositam
