4172 6300
462 336 613 399 1031
1539 331 2085 395 CONSTANTINI
2128 333 2821 397 PORPHYROGENITI
3709 331 3867 395 1032

462 467 770 539 praeposito
784 464 1172 532 thuribulum,
1188 468 1247 520 et
1261 463 1471 520 transit
1483 464 1605 536 [per
1619 465 1810 534 bema]
1827 481 1892 519 ea
1915 469 2099 536 parte,

2217 461 2374 539 ἁγίας
2414 463 2707 537 τραπέζης,
2758 465 2869 519 εἶτα
2908 461 3193 520 ἐπιδίδωσι
3237 461 3317 537 τῷ
3364 462 3716 535 πραιποσίτῳ
3775 462 3864 516 τὸν

462 572 579 626 qua
608 571 741 612 eum
766 554 920 612 exire
951 554 1240 627 congruit.
1290 554 1544 610 Tandem
1586 553 1678 609 his
1742 553 2009 625 peractis,
2061 553 2109 609 si

2219 554 2500 625 θυμιατόν.
2544 553 2829 632 Διέρχεται
2879 551 2951 608 δι’
2995 552 3114 608 οἴου
3165 554 3358 628 μέρους
3406 552 3641 626 ἁρμόζει
3670 554 3865 606 τοῦτον

462 646 667 701 volunt
696 646 755 701 in
787 662 853 701 eo
883 644 1099 717 templo
1132 644 1434 716 prandere,
1488 644 1554 699 ﬁt
1596 642 1740 698 illud
1772 663 1788 712 ;
1822 643 1975 699 828
2019 643 2109 698 sin

2223 637 2429 709 ἐξιέναι.
2496 643 2594 696 Καὶ
2653 642 2698 696 εἰ
2759 644 2853 715 μὲν
2908 640 3234 697 κελεύσωσιν
3293 644 3344 696 οἱ
3385 640 3642 696 δεσπόται
3702 639 3870 694 ἐκεῖσε

466 736 682 803 minus,
715 736 958 791 redeunt
987 736 1317 806 equitantes
1362 733 1421 789 in
1465 734 1744 806 palatium
1792 736 1992 790 eodem
2025 750 2113 790 or-

2223 731 2502 805 γεύσασθαι
2553 733 2687 803 (37),
2740 730 2942 806 γίνεται
2999 736 3160 787 τοῦτο
3218 733 3395 791 καθως
3442 727 3760 805 βούλονται,
3813 729 3870 784 Ei

462 824 621 890 dine,
653 840 792 895 quo,
824 829 889 879 ut
919 824 1203 891 diximus,
1253 823 1415 879 illinc
1446 822 1505 878 in
1567 823 1847 893 templum
1898 824 2109 895 pariter

2224 815 2278 872 δὲ
2329 821 2494 893 μήγε,
2546 820 2651 874 ὰπὸ
2700 824 2807 874 τῶν
2858 819 3029 875 ἐκεῖσε
3078 821 3397 881 ἱππεύοντες
3446 817 3871 896 ὑποστρέφουσιν

463 913 795 984 equitantes
824 919 1207 969 excesserant.
1241 913 1297 966 εἰ
1329 913 1384 967 in
1401 912 1856 981 Quadragesima
1886 912 2110 967 domini

2221 908 2354 961 κατὰ
2405 909 2505 976 τήν
2569 907 2999 982 προειρημένην,
3057 910 3130 969 ὡς
3190 903 3413 987 ἔφαμεν,
3468 915 3574 976 τῆς
3631 904 3867 980 προόδου

464 1002 669 1057 volunt
690 1001 847 1057 abire
876 1003 946 1057 ad
980 1001 1307 1069 ecclesiam,
1340 1005 1481 1057 tunc
1528 1001 1593 1056 fit
1626 999 2111 1068 metastasimum,

2225 996 2365 1068 τάξιν
2417 996 2493 1059 εἷς
2541 998 2603 1051 τὸ
2649 994 2936 1053 παλάτιον.
2987 998 3206 1065 Ἰστέον,
3254 998 3361 1066 ὅτι,
3408 997 3457 1051 εἷ’
3499 995 3552 1051 ἒν
3610 1016 3872 1066 τεσσαρα-

463 1106 563 1146 seu
579 1091 856 1147 indicitur
876 1091 1209 1147 discedendi
1224 1090 1430 1146 ecuria
1452 1097 1505 1145 et
1525 1090 1772 1161 negotiis
1794 1088 2110 1145 curialibus

2223 1088 2390 1157 κοστῇ
2451 1084 2779 1140 κελεύσωσιν
2828 1085 3039 1141 ἀπιέναι
3086 1088 3138 1140 οἱ
3179 1082 3434 1140 δεσπόται
3485 1084 3537 1139 ἐν
3585 1084 3870 1155 ἐκκλησίᾳ,

465 1179 655 1245 venia,
684 1195 798 1250 quo
818 1184 1078 1249 tempore
1092 1179 1391 1233 tritoheote
1412 1179 1469 1232 in
1494 1177 1774 1245 lausiaco,
1795 1183 1853 1233 et
1874 1178 2112 1249 quidem

2225 1174 2328 1227 ἀπὸ
2371 1174 2471 1241 τὴς
2524 1171 2884 1247 ψαλλομένης
2928 1175 3250 1247 τριτοέκτης
3300 1173 3350 1229 ἐν
3399 1178 3479 1245 τῷ
3511 1173 3796 1245 λαυσιακῷ
3820 1176 3872 1227 ἓν

463 1268 523 1322 in
554 1267 787 1323 oraculo
827 1268 885 1323 S.
931 1266 1150 1335 Basilii,
1184 1269 1337 1337 quod
1369 1266 1447 1321 ibi
1495 1269 1603 1332 est,
1663 1266 1913 1323 canitur.
1968 1266 2110 1323 Data

2232 1266 2300 1333 τῷ
2330 1262 2599 1338 εὐκτηρίῳ
2645 1267 2741 1317 τοῦ
2793 1262 2954 1339 ἁγίου
2997 1262 3312 1330 Βασιλείου,
3360 1262 3562 1337 γίνεται
3610 1263 3879 1335 μεταστά-

464 1354 720 1419 licentia,
753 1355 971 1411 abeunt
999 1370 1202 1411 omnes
1234 1354 1396 1420 illuc,
1432 1355 1585 1409 unde
1620 1355 1882 1410 futurum
1906 1359 2017 1421 est,
2054 1357 2111 1409 ut

2231 1373 2408 1425 σιμον,
2439 1353 2528 1407 καὶ
2559 1352 2890 1430 ἀπέρχονται
2939 1353 3156 1423 πάντες,
3206 1353 3344 1406 ὅπου
3393 1349 3474 1406 δεῖ
3516 1352 3647 1412 τοὺς
3680 1348 3878 1406 δεσπό-

463 1442 683 1499 domini
713 1443 1067 1513 exequitent.
1100 1443 1496 1514 Congregatis,
1529 1443 2110 1510 inscenduntdomini

2229 1461 2317 1502 τας
2365 1442 2642 1497 ἱππεῦσαι.
2695 1442 2792 1494 Καὶ
2836 1440 2933 1505 εἶθ’
2989 1441 3164 1504 οὕτως
3214 1440 3532 1495 ἱππεύουσιν
3578 1441 3632 1494 οἱ
3685 1438 3876 1494 δεσπό-

464 1534 526 1588 in
562 1548 763 1603 equos,
795 1537 853 1587 et
884 1531 1093 1587 abitur.
1110 1534 1324 1589 Mensis
1348 1532 1541 1588 Martii
1568 1532 1662 1589 die
1687 1550 1839 1590 nono
1860 1534 2111 1590 celebra-

2226 1550 2312 1584 ται
2361 1531 2449 1584 καὶ
2510 1530 2865 1604 ἀπέρχονται.
2923 1530 3069 1597 Μήνί
3129 1530 3360 1603 Μαρτίῳ
3420 1530 3463 1582 θ’
3527 1528 3735 1600 ἰστέον,
3794 1528 3873 1583 ὅτι

465 1626 561 1676 tur
592 1621 876 1676 memoria
906 1620 1001 1676 SS.
1043 1619 1441 1693 Quadraginta
1490 1620 1832 1694 Martyrum,
1864 1623 2112 1679 dominis

2229 1620 2358 1673 κατὰ
2402 1619 2495 1673 τὸν
2553 1618 2930 1693 προρρηθέντα
2981 1618 3149 1673 τύπον
3198 1625 3298 1688 τῆς
3356 1618 3586 1695 ἀφίξεως
3641 1623 3754 1673 τῶν
3793 1615 3876 1673 δε-

463 1709 520 1764 in
553 1725 755 1766 eorum
786 1710 1096 1766 ecclesiam
1151 1710 1533 1777 venientibus,
1577 1712 1781 1768 eodem
1822 1713 1959 1779 ritu,
2014 1714 2110 1784 qui

2232 1711 2439 1761 σποτῶν
2484 1704 2534 1759 ἐν
2581 1711 2699 1767 ταῖς
2757 1705 2931 1781 ἁγίαις
2988 1704 3304 1775 ἐκκλησίαις
3357 1710 3474 1767 ταῖς
3516 1703 3569 1759 ἐν
3617 1712 3741 1768 ταῖς
3773 1702 3879 1761 πό-

462 1798 822 1866 observatur,
855 1800 1091 1870 quando
1124 1798 1347 1855 domini
1396 1800 1468 1855 ad
1514 1802 1821 1856 ecclesiam
1854 1800 2106 1872 aliquam

2233 1802 2343 1849 Αεσι
2391 1793 2716 1849 ἐπιτελεῖται
2766 1796 2855 1849 καὶ
2906 1798 2941 1864 ἡ
2995 1798 3186 1867 μνήμη
3236 1800 3344 1850 τῶν
3391 1795 3563 1868 ἁγίων
3619 1796 3673 1868 μ’
3722 1798 3880 1869 Μὰρ-

463 1888 743 1944 urbanam
775 1887 1141 1954 caballicant,
1185 1892 1241 1943 et
1281 1904 1456 1960 quem
1500 1889 1671 1944 modo
1705 1890 2106 1961 exposuimus.

2228 1885 2411 1958 τύρων,
2461 1888 2568 1937 τῶν
2620 1880 2897 1937 δεσποτῶν
2953 1883 3229 1938 ἀπιόντων
3278 1882 3330 1937 ἐν
3377 1884 3456 1955 τῷ
3503 1885 3649 1957 ἁγίῳ
3699 1884 3875 1939 αὐτῶν

460 1975 735 2031 Kalendis
757 1977 978 2032 mensis
1007 1975 1149 2032 Julii
1175 1976 1496 2032 celebratur
1519 1977 1902 2033 memoriaSS.
1937 1980 2107 2033 Anar-

2225 1976 2342 2043 θαῷ.
2404 1971 2551 2040 Μηνὶ
2606 1970 2823 2042 Ἰουλίῳ
2880 1973 2946 2027 α’.
3009 1972 3227 2041 Ἰστέον,
3284 1973 3368 2027 ὅτι
3426 1972 3636 2043 ὁμοίως
3694 1973 3872 2027 ἐπιτε-

460 2080 763 2136 gyrorum,
786 2064 1039 2120 dominis
1059 2065 1129 2120 ad
1151 2064 1540 2121 venerabilem
1562 2082 1759 2122 eorum
1783 2065 2107 2135 ecclesiam,

2227 2063 2393 2116 λεῖται
2450 2060 2537 2113 καὶ
2588 2062 2622 2129 ἡ
2685 2061 2877 2132 μνήμη
2936 2066 3045 2115 τῶν
3105 2062 3269 2135 ἁγίων
3330 2060 3680 2135 Ἀναργύρων

462 2168 587 2222 quas
619 2152 784 2208 estin
827 2154 950 2208 vico
1003 2153 1256 2220 Paulini,
1303 2158 1475 2225 prout
1537 2154 1833 2223 placuerit,
1885 2155 2003 2210 sive
2049 2155 2106 2217 in

2229 2154 2338 2207 Γῶν
2401 2146 2677 2203 δεσποτῶν
2743 2148 3017 2205 ἀπιόντων
3070 2149 3145 2211 εἷς
3202 2152 3296 2205 τὸν
3348 2144 3639 2222 σεὲάσμιον
3700 2152 3876 2205 αὐτῶν

460 2241 653 2311 equis,
687 2241 805 2297 sive
835 2241 894 2297 in
926 2244 1225 2311 dromone,
1259 2243 1654 2313 pergentibus.
1679 2243 1902 2299 Ordoet
1928 2244 2107 2300 series

2230 2239 2340 2293 ναὸν
2388 2238 2464 2299 εἰς
2508 2238 2574 2292 τὰ
2627 2236 2901 2294 Ιιαυλίνου
2948 2241 3083 2312 (39),
3132 2239 3469 2315 ἀπέρχονται
3511 2240 3564 2293 οἱ
3596 2236 3877 2311 δεσπόται,

460 2329 844 2399 processionis
871 2333 963 2385 est
994 2333 1058 2385 ut
1086 2346 1283 2401 supra.
1306 2329 1638 2387 Notandum
1670 2336 1867 2388 tamen
1899 2332 1970 2387 de
2000 2332 2107 2390 hoc

2232 2325 2529 2381 ιελεύουσιν
2585 2324 2834 2404 ἔφιπποι,
2891 2326 3205 2383 κελεύουσιν
3262 2325 3422 2384 πλοΐ.
3481 2325 3565 2383 Τὰ
3628 2324 3688 2381 δὲ
3754 2328 3879 2398 ἑξῆς

464 2420 610 2473 festo
634 2426 930 2489 praeterea,
964 2434 1316 2491 quocunque
1338 2419 1571 2474 tandem
1606 2421 1777 2475 modo
1807 2422 2030 2477 domini
2050 2420 2109 2476 in

2223 2423 2312 2484 τῆς
2389 2414 2765 2487 προελεύσεως
2847 2414 3199 2487 ἐπιτελεῖται,
3270 2418 3450 2481 καθὼς
3526 2416 3870 2493 προείρηται.

460 2505 651 2561 vicum
687 2506 914 2561 Paulini
944 2514 1207 2578 pergant,
1260 2507 1380 2561 sive
1426 2507 1485 2562 in
1521 2508 1710 2577 equis,
1740 2509 1862 2564 sive
1891 2510 1948 2563 in
1970 2509 2107 2565 dro-

2235 2504 2437 2575 Ιστέον,
2490 2505 2574 2559 δτι
2635 2506 2686 2559 o't
2746 2502 3002 2560 δεσπόται
3059 2504 3309 2567 ἀπιόντες
3365 2505 3441 2566 εἰς
3490 2506 3558 2561 τὰ
3597 2504 3876 2561 Παυλίνου

464 2609 658 2661 mone,
692 2608 920 2663 semper
950 2609 1047 2649 eos
1072 2594 1828 2665 scaramangisuti;deinde
1858 2596 1988 2665 hoc,
2012 2597 2108 2653 do-

2229 2593 2305 2647 ιαὶ
2335 2592 2469 2648 πλο⁵ι
2498 2593 2589 2647 καὶ
2648 2588 2876 2669 ἔφιπποι
2941 2595 3075 2666 μετὰ
3128 2593 3552 2669 σκαραμαγγίων
3598 2593 3876 2670 ἀπέρχον-

464 2681 680 2751 minos,
713 2686 1021 2752 postquam
1054 2698 1246 2738 coram
1270 2684 1453 2738 sacris
1476 2682 1866 2739 cancellorum
1884 2684 2109 2742 foribus

2225 2704 2322 2738 rat.
2357 2680 2576 2750 Ἰστέον,
2633 2682 2715 2737 δτι
2774 2683 2908 2756 μετά
2963 2682 3026 2737 τὸ
3085 2682 3330 2753 εὔξασθαι
3368 2683 3501 2756 μετὰ
3543 2689 3651 2738 τῶν
3684 2689 3872 2758 κηρῶν

463 2770 826 2827 devotionem
852 2786 1022 2826 suam
1069 2786 1202 2826 cum
1255 2771 1437 2828 cereis
1482 2773 1826 2842 peregerint,
1850 2774 1909 2830 in
1940 2774 2110 2831 bema

2228 2770 2341 2831 τοὺς
2401 2768 2665 2833 δεσπότας
2744 2765 3044 2847 ἔμπροσθεν
3110 2776 3217 2827 τῶν
3273 2772 3441 2847 ἁγίων
3503 2774 3706 2847 θυρῶν,
3776 2774 3875 2838 εἶθ’

463 2860 701 2933 quidem
736 2877 849 2916 non
876 2860 1091 2916 intrare
1122 2861 1202 2933 (id
1240 2860 1394 2916 enim
1446 2877 1513 2918 eo
1544 2860 1637 2918 die
1668 2863 1791 2919 ﬁeri
1837 2880 1962 2919 mos
1994 2881 2107 2921 non

2226 2860 2390 2921 δῦτως
2471 2864 2870 2924 προσκυνοῦσιν
2951 2860 3017 2914 τὰ
3106 2861 3234 2935 ἅγια
3318 2859 3568 2935 λείψανα,
3609 2862 3873 2924 ἅπτοντες

462 2950 596 3021 est),
620 2951 720 3005 sed
754 2964 951 3006 coram
1000 2949 1272 3006 cancellis
1324 2966 1518 3006 sacras
1550 2951 1644 3006 SS.
1677 2953 2108 3025 Anargyrorum

2231 2951 2439 3021 ιηροὺς,
2486 2951 2573 3004 καὶ
2627 2949 2976 3023 ἐξερχόμενοι
3026 2945 3127 3021 ἔξω
3176 2951 3252 3012 εἷς
3298 2950 3360 3005 τὸ
3409 2951 3640 3026 ἐξάερον,
3674 2951 3878 3017 ἐκεῖθεν

461 3039 744 3110 reliquias
786 3040 1049 3107 adorare,
1096 3048 1150 3096 et
1201 3045 1331 3112 post
1386 3056 1656 3095 accensos
1720 3041 1801 3095 ibi
1848 3041 2108 3113 ﬁxosque

2222 3040 2559 3108 ἱππεύουσιν,
2644 3038 2734 3091 καὶ
2821 3039 3246 3117 ὑποστρέφουσιν
3326 3042 3379 3096 ἐν
3451 3045 3532 3114 τῷ
3597 3040 3869 3116 παλατίῳ,

457 3129 721 3183 cereosin
746 3144 1017 3182 exeerum
1034 3143 1136 3183 seu
1159 3130 1368 3183 atrium
1394 3127 1566 3192 exire,
1584 3128 1682 3183 ubi
1700 3130 2101 3185 conscendunt

2227 3125 2527 3181 ιελεύουσιν
2592 3125 2840 3203 ἔφιπποι,
2925 3126 3238 3185 κελεύουσιν
3298 3128 3453 3187 πλοῖ.
3496 3129 3777 3194 Πολλᾶκις
3820 3131 3874 3188 δὲ

454 3214 511 3267 in
546 3230 730 3285 equos
751 3216 1062 3270 etreditum
1081 3216 1151 3270 ad
1170 3215 1445 3285 palatium
1469 3179 1788 3271 instituunt
1812 3236 1826 3285 ;
1851 3217 2097 3287 sivejam

2927 3179 3232 3185 __----------
3496 3179 3775 3194 _-----_.--,
3823 3179 3868 3188 -_

2221 3220 2591 3271 συνεστιῶνται
2662 3221 2782 3278 τοῖς
2851 3213 3115 3291 ἄρχουσιν
3180 3220 3233 3274 έν
3299 3224 3377 3292 τῷ
3442 3217 3697 3292 παλατίῳ
3760 3227 3868 3277 τῶν

456 3300 515 3355 in
548 3303 717 3372 equis
748 3301 1003 3372 redeant,
1047 3302 1165 3356 sive
1209 3302 1268 3357 in
1296 3303 1592 3359 dromone.
1627 3308 1785 3375 Saepe
1813 3314 2005 3361 autem
2033 3307 2099 3363 ﬁt

2216 3304 2556 3380 βλαχερνῶν,
2608 3304 2697 3359 καὶ
2747 3303 2935 3376 δείλης
2976 3307 3312 3382 εἰσέρχονται
3365 3309 3439 3371 εἷς
3480 3310 3541 3363 τὸ
3572 3308 3863 3366 παλάτιον.

455 3390 514 3444 in
548 3390 655 3446 hac
691 3390 929 3462 quidem
956 3391 1340 3463 processione,
1393 3396 1456 3447 ut
1505 3408 1639 3449 cum
1672 3394 2007 3464 proceribus
2037 3398 2096 3451 in

2213 3393 2422 3461 Ἰστέον,
2491 3394 2573 3449 ὅτι
2640 3394 2810 3469 ταύτῃ
2868 3398 2938 3469 τῇ
2998 3396 3179 3471 ἡμέρᾳ
3237 3397 3337 3453 οὐκ
3400 3398 3741 3473 εἶσέρχονται
3810 3400 3860 3454 οἱ

454 3478 671 3549 palatio
704 3479 1151 3535 blaehernarum
1182 3479 1513 3552 epulentur,
1544 3486 1601 3537 et
1621 3483 1705 3537 sic
1725 3483 1959 3539 demum
1977 3500 2100 3541 ves-

2215 3481 2464 3537 δεσπόται
2524 3484 2598 3545 εἰς
2663 3484 2725 3538 τὸ
2784 3485 2936 3560 ἅγιον
2979 3486 3385 3561 θυσιαστήριον.
3439 3488 3586 3557 Μηνὶ
3644 3487 3862 3560 ἸουΑἱῳ

454 3584 604 3639 peras
665 3568 725 3623 in
775 3567 1057 3639 palatium
1110 3570 1365 3625 redeant.
1402 3570 1620 3626 Mensis
1650 3572 1785 3627 Julii
1825 3572 1917 3629 die
1946 3574 2095 3643 vige-

2214 3574 2306 3641 κζ’,
2338 3571 2537 3643 ἰστέον,
2588 3572 2671 3628 ὅτι
2723 3572 2933 3646 ὁμοίως
2980 3571 3309 3629 ἐπιτελεῖται
3348 3576 3438 3630 καὶ
3472 3577 3505 3644 ἡ
3543 3578 3735 3649 μνήμη
3768 3581 3861 3631 τοῦ

454 3658 605 3714 simo
632 3657 876 3727 septimo
899 3657 1173 3713 similiter
1201 3658 1498 3730 peragitur
1538 3662 1816 3717 memoria
1855 3663 1915 3717 S.
1949 3668 2098 3717 Pan-

2214 3659 2364 3735 Ξιγίου
2420 3659 2865 3733 Παντελεήμονος
2914 3664 3048 3735 (40),
3098 3667 3208 3717 τῶν
3267 3661 3542 3719 δεσποτῶν
3586 3665 3861 3719 ἀπιόντων

451 3744 1083 3815 teleemonis,dominis
1113 3747 1170 3800 in
1193 3747 1585 3804 venerabilem
1608 3750 1737 3818 ejus
1762 3751 2095 3819 ecclesiam,

2216 3750 2282 3811 εἰς
2327 3750 2419 3804 τὸν
2479 3744 2771 3823 σεϐάσμιον
2825 3750 3020 3805 τούτου
3060 3753 3183 3806 ναὸν
3236 3751 3315 3814 είς
3373 3753 3441 3807 τὰ
3499 3754 3739 3827 Ναρσοῦ.
3798 3753 3863 3810 Εἴ

454 3851 579 3907 quae
607 3840 693 3890 est
721 3834 780 3889 in
810 3837 1160 3892 monasterio
1191 3836 1281 3892 vel
1316 3842 1498 3892 tractu
1536 3837 1811 3908 Narsetis,
1856 3840 2095 3896 caballi-

2208 3837 2266 3893 δὲ
2331 3833 2584 3912 ϐουληθῇ
2642 3840 2671 3893 ὁ
2734 3838 2991 3914 βασιλεὺς
3048 3838 3301 3904 ἀπελθεῖν
3352 3839 3510 3912 πλοῖ,
3568 3843 3774 3916 γίνεται
3822 3846 3855 3913 ἡ

452 3924 743 3979 cantibus.
771 3925 987 3988 Quodsi
1014 3941 1145 3981 vero
1178 3926 1433 3981 dominis
1466 3927 1751 3998 placuerit
1789 3930 1919 3985 navi
1958 3930 2097 3986 illuc

2212 3926 2505 3992 ἀκολουθία
2567 3928 2657 3983 καὶ
2723 3931 2757 3998 ἡ
2824 3928 2969 3999 τάξις
3038 3928 3231 3991 οὕτως.
3302 3931 3453 4006 Πρωὶ
3525 3932 3859 4007 προέρχεται

450 4014 553 4083 ire,
580 4014 644 4068 fit
665 4014 807 4069 ordo
840 4018 1014 4084 atque
1063 4015 1244 4070 series
1293 4015 1352 4070 in
1403 4015 1559 4070 hunc
1611 4016 1845 4071 modum
1880 4034 1893 4073 ε
1930 4018 2097 4075 Mane

2214 4023 2347 4071 πᾶσα
2392 4019 2426 4086 ἠ
2480 4015 2786 4092 σύγκλητος
2834 4017 2924 4073 καὶ
2975 4018 3039 4073 τὸ
3084 4013 3474 4075 κουϐούκλειον
3523 4019 3629 4075 ὰπὸ
3660 4042 3861 4095 σκαρα-

449 4102 708 4172 procedit
730 4105 887 4158 totus
902 4107 1138 4158 senatus
1162 4108 1295 4157 etcu
1309 4102 1564 4157 biculum
1590 4104 1648 4157 in
1672 4107 2094 4177 scaramangiis

2215 4106 2455 4180 μαγγίων
2496 4106 2571 4168 εἰς
2599 4106 2665 4162 τὰ
2714 4107 3057 4177 Κανικλείου,
3109 4109 3200 4162 καὶ
3250 4109 3278 4163 ὁ
3331 4108 3586 4183 βασιλεὺς
3619 4110 3862 4190 εἰσέρχε-

449 4193 509 4243 in
535 4196 785 4245 tractum
810 4190 895 4245 vel
923 4191 1344 4244 monasterium
1363 4188 1616 4244 Caniclei
1639 4192 1883 4257 dictum,
1916 4201 1970 4248 et
1989 4196 2094 4249 im-

2216 4214 2291 4248 ται
2336 4194 2442 4249 ἀπὸ
2471 4202 2534 4250 τό
2563 4196 2827 4250 παΛάτιον
2878 4195 2953 4258 εἷς
2995 4197 3085 4251 τὸν
3141 4195 3414 4273 βασίλειον
3447 4196 3693 4271 δρόμονα
3728 4188 3863 4273 μετὰ

450 4282 681 4346 perator
693 4292 723 4331 e
740 4277 953 4347 palatio
965 4276 1145 4331 intrat
1164 4276 1221 4330 in
1238 4277 1313 4330 im
1322 4276 1592 4346 perialem
1608 4277 1949 4336 dromonem
1963 4296 2095 4338 cum

2211 4290 2301 4353 τῆς
2350 4282 2552 4346 οἰκείας
2606 4283 2769 4339 αὐτοῦ
2820 4285 3103 4360 θεραπείας
3156 4286 3247 4341 καὶ
3295 4290 3391 4342 τοῦ
3436 4286 3740 4361 λογοθέτου
3767 4290 3858 4344 καὶ

454 4362 677 4434 privato
708 4379 814 4418 suo
847 4362 1169 4420 ministerio
1190 4370 1246 4421 et
1268 4364 1561 4437 logotheta
1581 4366 1820 4441 [dromi]
1876 4374 1935 4426 et
1965 4388 2096 4443 pro-

2209 4376 2299 4427 τοῦ
2347 4376 2854 4449 πρωτοασηκρήτου
2902 4375 2992 4429 καὶ
3040 4377 3136 4430 τοῦ
3184 4375 3271 4431 ἐπὶ
3321 4380 3429 4433 τῶν
3476 4374 3711 4448 δεήσεων
3766 4377 3856 4433 καὶ

452 4454 791 4520 toasecreta,
816 4451 1090 4523 magistro
1113 4454 1605 4527 supplicationum
1637 4463 1692 4513 et
1722 4460 2099 4518 hetaeriarcha

2291 4461 2715 4539 ἱέταιρειάρχου
2771 4464 2859 4519 καὶ
2918 4467 3016 4520 τοῦ
3074 4461 3439 4541 δρουγγαρίου
3487 4472 3589 4537 τῆς
3638 4466 3854 4543 βίγλας,

1507 4612 1712 4670 JOAN.
1744 4614 1885 4674 JAC.
1922 4618 2183 4676 REISKII
2216 4618 2809 4675 COMMENTARIUS.

444 4741 1412 4839 Ξθῗε.⁸9ητῖἓξξ¹ἷ,ῗ-ξῗίῖ¹ἓὲῗίῗῖιέίᾶι
1439 4751 1847 4839 ἐὲἓβιῆμιοά,
1872 4752 2096 4839 ﬁt???"
2130 4761 2175 4827 D
2205 4754 2369 4839 ἀΡεΞ·
2425 4771 2491 4839 P;
2531 4753 2658 4823 502:
2696 4752 3055 4839 39.90999“:
3089 4772 3204 4839 .P-.
3235 4758 3362 4827 3‘8»
3421 4762 3479 4813 οι
3510 4758 3623 4839 “ibi
3681 4756 3851 4839 9081'-

446 4814 539 4867 κιά
562 4814 1026 4883 interpretabar:
1061 4815 1417 4885 aptiusnibil
1439 4814 1774 4891 inveniens;
1800 4814 2098 4881 vidfdi'cta
2130 4814 2171 4827 ”
2205 4829 2262 4881 et
2310 4825 2394 4880 Du
2425 4814 2657 4895 'Cange'
2693 4825 2830 4880 CPl.
2879 4814 3136 4883 ‘Christ:
3190 4827 3228 4884 1.
3262 4814 3362 4896 iv,'
3393 4845 3450 4899 p.
3502 4830 3620 4885 184.
3686 4814 3853 4903 δμο-

446 4887 519 4943 ad
551 4904 606 4956 p.
636 4886 763 4940 256.
885 4955 889 4956 ί
2205 4913 2543 4956 aravrorum
2579 4896 2797 4956 templa
2826 4896 2927 4952 Dei
2959 4898 3231 4954 Genitrici
3265 4904 3321 4954 et
3352 4900 3692 4956 Blacbernis
3722 4919 3848 4956 nro-

446 4904 519 4943 aa
551 4904 606 4957 p.
637 4904 763 4940 zoo.
881 4955 891 4966 .
2205 4913 2543 4969 argyrorum
2579 4904 2797 4967 templa
2826 4904 2927 4952 Dei
2959 4904 3231 4954 Genitrici
3265 4904 3321 4954 et
3352 4904 3692 4957 Blacbernis
3722 4919 3848 4973 pro-

483 4958 628 5040 _(37_)
714 4956 894 5040 Graeci
953 4960 1173 5040 veteres
1246 4958 1494 5040 γεύεσθαι
1548 4964 1761 5040 ientare
1820 4965 2095 5022 dicebant
2199 4968 2565 5040 ximaeranl.
2600 4967 2979 5040 Wagnereck.
3034 4971 3106 5025 ad
3150 4974 3490 5027 sanctorum
3542 4975 3764 5028 Cosme
3795 4978 3851 5028 et

446 5037 502 5119 (Et
530 5030 732 5119 γεξμιτίιι
753 5028 1115 5119 ᾔεγιίαεαιιέπξ,
1174 5028 1308 5119 nov‘i
1340 5047 1441 5119 pro
1483 5035 1875 5119 ρνανλᾷςνθηει
1915 5056 2093 5108 pran-

2203 5039 2685 5119 Qamjaniyitam
2710 5028 2949 5119 υι).“28ε]ξ
2972 5041 3273 5119 Templum
3320 5042 3428 5119 hoc
3468 5048 3599 5119 erat
3622 5044 3850 5119 inipsis

444 5100 841 5182 ρίοςειᾱοὶοεοι
872 5119 887 5167 ;
920 5116 973 5153 v.
1001 5100 1261 5182 Salinas;
1281 5105 1325 5155 t.
1361 5100 1723 5182 μηροερςᾷ
1747 5100 2090 5182 _I_iist.'Aug.
2200 5110 2541 5182 Blacbernis
2571 5126 2672 5167 seu
2705 5100 2983 5182 s'uburbio
3016 5100 3313 5169 aic'dicto.
3365 5113 3429 5170 In
3462 5100 3746 5170 dictione.
3773 5112 3848 5174 εἰς

441 5171 716 5259 Pallrariret:
752 5171 993 5259 Observ.
1021 5173 1089 5259 ad
1215 5172 1282 5228 T.
1319 5171 1560 5259 adActa
1589 5176 1709 5259 XX,
1738 5178 1825 5259 t1,
1880 5254 1888 5259 Δ
2033 5171 2066 5182 “’
2199 5181 2290 5259 τᾲ,
2314 5183 2545 5259 quando
2580 5183 2686 5259 boc
2715 5199 2887 5259 sensu
2920 5181 3088 5259 debet
3128 5183 3333 5259 accipi,
3355 5258 3361 5259 ί
3385 5171 3849 5259 subintelligitur

513 5244 626 5325 (38)
679 5244 970 5325 Anq‘rgyri
1017 5244 1154 5325 dicti
1188 5247 1397 5325 ,ρωποιί
1447 5247 1692 5325 aliquot,
1724 5255 1782 5304 et
1812 5252 2095 5325 interueos

1742 5255 1782 5303 at
1812 5252 2095 5325 interueos
2201 5244 2485 5324 οἰκήματα
2508 5253 2597 5308 vel
2630 5251 2875 5325 συνοίκια
2903 5253 2988 5309 vel
3013 5254 3203 5310 simile
3231 5244 3389 5325 quid.

446 5318 735 5397 praecipue
784 5314 1022 5397 Cosmas
1070 5319 1128 5397 et
1166 5314 2096 5397 .D‘amianusf’quipauperibus
2200 5394 2227 5397 ᾗ
2272 5314 2384 5397 (ΑΟ)
2418 5325 2547 5380 Fuit
2567 5332 2620 5379 et
2647 5324 2741 5380 hic
2799 5329 3039 5397 sanctus
3070 5314 3375 5395 medicus;
3408 5327 3524 5382 vid.
3559 5327 3839 5397 Menolog.

446 5387 799 5469 medicinam
834 5387 1031 5469 gratis
1071 5387 1397 5469 faciebant:
1432 5406 1509 5469 _v._
1694 5387 1883 5469 pange
1907 5393 2090 5450 Gloss.
2200 5387 2378 5469 B‘a'sil.’
2407 5402 2449 5450 t.
2484 5397 2685 5469 Ill,‘ad
2719 5397 2874 5469 diem
2903 5395 3045 5469 Julii
3084 5399 3175 5455 27.
3214 5387 3424 5469 Script.
3470 5405 3600 5469 post
3654 5387 3843 5455 Theo—

444 5457 640 5540 Gr.‘l_iA.
666 5474 718 5510 v.
753 5463 809 5511 et
834 5456 1037 5511 Ricaul
1072 5457 1450 5530 Etatprésent
1480 5456 2093 5536 del’Eglisegrecque,
2199 5466 2379 5540 phan.
2434 5484 2487 5536 p.
2546 5456 2704 5540 269,_
2758 5468 2853 5540 ubi
2923 5468 3146 5540 dicitur
3225 5456 3523 5527 Romanus
3601 5470 3842 5540 Lecape.

445 5547 504 5601 P-
542 5529 662 5582 “8'
998 5597 1010 5610 ,
1129 5598 1140 5610 ,
1218 5529 1266 5613 ν,
1336 5601 1348 5613 ο
1665 5529 1681 5533 ’
1821 5529 1851 5535 ’
1979 5529 1993 5536 ’
2080 5529 2087 5531 ﬁ
2198 5529 2519 5609 ilusipsius
2552 5529 2771 5593 nomini
2820 5538 3123 5596 ecclesiam
3172 5545 3228 5596 et
3259 5542 3681 5597 monasterium
3713 5529 3841 5596 con-

458 5600 708 5685 L(39).ln
750 5601 1057 5685 tractuhiu
1093 5603 1526 5685 vico,‘1.n_1n.sula
1558 5603 1784 5685 Paulini
1816 5606 2092 5685 dicta,yel
2199 5608 2439 5685 didisse,
2469 5609 2588 5665 vid.
2656 5608 2741 5665 Du
2782 5609 2978 5684 Cange
3032 5611 3163 5667 (ΞΡΙὶ
3200 5611 3413 5669 Christ.
3475 5612 3571 5681 IV,
3628 5630 3685 5685 p.
3747 5611 3844 5668 173

442 5668 759 5725 άοωὰὼυιι
790 5669 1085 5739 quondam
1117 5668 1342 5729 Paulini
1360 5674 1445 5730 sic
1492 5675 1811 5748 appellata;
1838 5668 2093 5736 vid/Ce-
2198 5678 2332 5736 ﬂne.
