4172 6300
559 345 710 406 1035

1621 319 2145 386 CONSTANTINI
2191 314 2504 378 PORPHY
2515 311 2897 378 ROGENITI

3766 313 3888 377 {036

555 482 710 538 cium
744 477 872 533 fuit.
903 473 961 527 Si
1001 487 1102 543 per
1138 467 1332 524 sinum
1373 461 1555 520 maris
1572 459 1794 516 domini
1819 458 2192 518 revertantur,

2316 470 2513 524 εροπον
2576 449 2868 521 εἰρήκαμεν
2915 448 3013 517 τὴν
3077 447 3283 502 τούτων
3328 444 3526 525 ὂὶιριξιν.
3576 447 3774 514 ’ῐστὲον,
3809 450 3892 522 ὅτι,

555 571 778 626 intrant
807 541 1070 635 ipsorum
1099 575 1167 615 ex
1222 554 1501 612 mandato
1532 553 1592 608 in
1633 550 1976 604 dromonem
2021 541 2201 599 simul

555 675 689 717 cum
714 655 859 726 ipsis
890 655 1172 724 quotquot
1201 645 1313 717 ipsi
1333 640 1626 698 voluerint
1651 638 2046 709 jusserintque
2078 649 2204 704 pro-

556 721 754 803 cerum
783 759 848 799 eo
865 721 957 797 die
988 751 1187 794 secum
1209 730 1453 803 epulari.
1488 727 1698 784 Mensis
1721 722 2082 798 Septembris
2112 721 2205 778 die

555 835 836 907 vigesimo
893 831 1051 884 sexto
1110 822 1379 880 similiter
1428 818 1755 874 celebratur
1803 810 2080 868 memoria
2143 813 2201 864 8.

552 898 798 980 Joannis
829 914 1130 986 Theologi,
1163 909 1419 967 dominis
1451 923 1518 962 eo
1557 906 1650 961 die
1688 905 1760 959 ad
1809 898 2201 958 venerabilem

554 1018 685 1087 ejus
723 1009 1048 1077 ecclesiam,
1093 1019 1220 1075 quaa
1263 1003 1323 1056 in
1373 996 1636 1070 dihippio
1676 999 1788 1063 est,
1826 989 2200 1049 abeuntibus.

554 1077 832 1161 Iialendis
864 1095 1081 1154 mensis
1110 1088 1454 1148 Novembris
1487 1085 1782 1158 peragitur
1811 1081 1990 1138 simili
2035 1077 2204 1133 modo

556 1189 839 1248 memoria
857 1187 959 1242 SS.
983 1187 1440 1253 Anargyrorum,
1454 1173 1708 1232 dominis
1730 1173 1800 1228 ad
1815 1166 2202 1227 venerabilem

557 1296 759 1337 eorum
817 1274 1143 1335 ecclesiam,
1186 1284 1310 1340 quas
1368 1267 1429 1320 in
1479 1267 1662 1319 tractu
1712 1260 1801 1316 vel
1850 1254 2203 1314 monasterio

564 1365 834 1426 Basilisci
863 1367 971 1429 est,
1005 1358 1378 1416 abeuntibus.
1411 1352 1623 1408 Mensis
1651 1349 1895 1421 Augusti
1931 1345 2023 1401 die
2051 1345 2205 1415 vige-

568 1460 720 1515 simo
750 1470 904 1511 nono
934 1448 1201 1506 similiter
1229 1445 1554 1501 celebratur
1593 1438 1874 1496 memoria
1911 1433 2206 1506 decapita-

557 1545 735 1600 tionis
765 1547 821 1597 S.
845 1538 1085 1597 Joannis
1101 1531 1503 1596 Praecursoris,
1518 1529 1666 1586 825
1685 1526 1940 1582 dominis
1962 1524 2032 1580 ad
2047 1536 2205 1578 vene-

559 1634 802 1690 randam
833 1632 960 1701 ejus
998 1628 1202 1693 edem,
1235 1639 1358 1694 qua:
1391 1621 1448 1676 in
1476 1616 1828 1676 monasterio
1868 1612 2057 1670 Studii
2095 1616 2200 1677 est,

559 1720 909 1780 abeuntibus
948 1717 1151 1772 eodem
1175 1714 1312 1780 ritu,
1345 1725 1514 1782 quem
1547 1707 1605 1762 in
1638 1704 1922 1762 memoria
1942 1719 2042 1759 seu
2061 1701 2204 1757 l‘esto

560 1813 619 1869 S.
660 1805 1122 1866 Panteleemonis
1166 1816 1344 1874 supra
1390 1796 1790 1871 exposuimus.
1854 1792 2000 1848 Nam
2050 1794 2206 1846 totus

560 1905 799 1958 senatus
828 1900 888 1954 ln
910 1891 1333 1964 scaramangiis
1355 1887 1622 1946 convenit
1644 1900 1814 1940 mane
1835 1883 1895 1938 in
1917 1886 2205 1937 monaste-

560 1992 710 2047 rium
763 1986 994 2054 Studii;
1027 1981 1411 2055 magistrique
1459 1982 1515 2032 et
1546 1973 1777 2048 patricii
1826 1976 1883 2028 et
1929 1967 2207 2025 ofﬁciales

560 2085 716 2137 stant
747 2082 908 2133 extra
940 2078 1188 2146 portam,
1222 2086 1350 2142 quas
1383 2069 1452 2122 ad
1488 2080 1647 2121 mare
1676 2061 1909 2134 respicit
1932 2078 1946 2128 ;
1969 2058 2207 2115 cubicu-

560 2172 683 2228 lum
716 2173 910 2225 autem
941 2171 1000 2222 et
1045 2161 1272 2219 basilici
1313 2165 1372 2216 et
1410 2155 1739 2229 maglabitre
1783 2162 1836 2209 et
1876 2149 2115 2208 heteria
2151 2150 2210 2203 et

561 2257 1191 2328 archontogennemata
1222 2252 1378 2306 stant
1409 2247 1468 2302 in
1502 2250 1694 2317 portu,
1736 2241 1838 2298 ubi
1871 2242 2074 2296 dromo
2105 2252 2210 2308 ap-

560 2349 742 2421 pellit.
766 2325 1026 2402 Mohachi
1051 2345 1249 2398 autem
1271 2337 1430 2392 illius
1453 2331 1788 2391 monasterii
1807 2328 2037 2386 stantin
2061 2325 2210 2382 serie

564 2414 821 2508 gemina,
867 2433 1062 2490 dextra
1109 2429 1487 2496 sinistraque,
1530 2423 1602 2478 ab
1650 2420 1752 2476 illa
1805 2419 1943 2473 inde
1992 2414 2212 2472 extima

563 2501 734 2598 porta
765 2501 950 2594 usque
980 2521 1050 2576 ad
1085 2521 1340 2590 portum.
1377 2514 1438 2569 In
1467 2527 1582 2584 quo
1605 2508 1961 2580 appellentes
1986 2501 2212 2559 domini

563 2631 697 2671 cum
732 2613 935 2670 eodem
979 2589 1260 2666 comitatu
1293 2607 1350 2659 et
1399 2601 1599 2658 eodem
1650 2597 1876 2663 ordine,
1925 2607 2101 2665 quem
2148 2589 2210 2645 in

565 2703 844 2760 memoria
883 2701 942 2756 S.
984 2691 1443 2754 Panteleemonis
1481 2687 1758 2755 diximus,
1803 2682 2142 2756 egressique
2181 2695 2212 2736 e

563 2809 724 2862 nave,
759 2789 1084 2863 procedunt
1109 2786 1168 2839 in
1193 2779 1472 2853 obsequio
1494 2776 1752 2834 cubiculi
1780 2777 1838 2830 et
1869 2770 2213 2843 maglabita-

564 2858 777 2939 rum'et
795 2879 1051 2945 heterias,
1078 2871 1540 2947 precedentibus
1571 2863 1912 2922 monasterii
1945 2858 2213 2916 Studiani

565 2971 892 3042 hegumeno
925 2963 1290 3022 thuribulum
1316 2961 1548 3015 fumans
1570 2959 1807 3027 gerente
1828 2961 1879 3008 et
1906 2948 2212 3006 monachis

566 3041 700 3114 cum
730 3057 909 3112 cereis
939 3052 1303 3109 ardentibus.
1346 3047 1648 3107 Dominos,
1689 3047 1755 3096 ut
1793 3041 1863 3094 ad
1907 3054 2031 3092 eam
2073 3053 2215 3106 por-

565 3153 681 3200 tam
714 3143 1278 3216 appropinquarunt,
1312 3136 1370 3188 in
1403 3151 1515 3202 qua
1546 3127 2008 3198 stantmagistri,
2035 3125 2214 3195 patri-

2311 541 2446 594 πλοί
2504 537 2950 614 ὑποστρειρὸντων
3015 542 3122 592 τῶν
3183 533 3479 603 δεσποτῶν,
3537 535 3688 596 ὅσους
3737 535 3786 592 ἂν
3827 560 3895 594 κι-

2314 627 2577 684 λεόσωσιν
2635 633 3043 695 συνεστιαθῆναι
3099 630 3206 681 τῶν
3263 624 3572 702 ἀρχόντων,
3629 629 3694 698 τῇ
3732 627 3897 682 τούτων

2312 715 2556 772 κελεύσει
2627 715 3057 794 συνεισέρχονται
3134 714 3314 776 αὐτοῖς
3386 714 3465 774 εἷς
3537 715 3628 768 τὸν
3684 711 3896 789 δρόμονα.

2311 807 2458 874 Μηνὶ
2516 801 2875 880 Σεπτεμϐρίῳ
2949 806 3028 869 κς’
3108 805 3303 874 ἰστέον,
3359 803 3446 858 ὅτι
3506 802 3706 878 ὁμοίως
3764 803 3902 862 ἐπιτε-

2314 896 2487 952 λεῖται
2519 895 2609 950 καὶ
2653 897 2687 964 ἡ
2741 898 2931 969 μνήμη
2989 899 3086 951 τοῦ
3143 896 3296 969 ἁγίου
3343 893 3594 950 Ἰωάννου
3623 897 3712 949 τοῦ
3737 895 3900 950 Θεολό-

2312 1005 2436 1058 γου,
2469 988 2576 1039 τῶν
2609 981 2886 1040 δεσποτῶν
2916 983 3186 1039 ἀπιόντων
3236 982 3287 1038 ἐν
3335 986 3417 1054 τῷ
3467 977 3737 1055 σεϐασμίῳ
3779 982 3902 1038 αὐτοῦ

2311 1079 2420 1146 ναῶ
2469 1078 2548 1144 τῷ
2602 1072 2655 1129 ἐν
2711 1078 2793 1146 τῶ
2845 1071 3095 1145 διιππίῳ.
3154 1072 3302 1142 Μηνὶ
3360 1068 3655 1145 Νοεμϐριῳ
3684 1071 3903 1141 α’ἶστέον,

2313 1163 2397 1218 ὅτι
2454 1162 2662 1234 ὁμοίως
2717 1161 3046 1217 ἐπιτελεῖται
3103 1161 3194 1216 καὶ
3258 1163 3292 1230 ἡ
3350 1163 3548 1234 μνήμη
3615 1165 3716 1214 τῶν
3778 1159 3904 1233 ἁγίων

2311 1251 2688 1327 Ἀναργύρων,
2745 1255 2852 1306 τῶν
2903 1248 3181 1306 δεσποτῶν
3240 1251 3515 1304 ἀπιόντων
3564 1249 3638 1308 εἷς
3687 1249 3769 1303 τὸν
3794 1249 3909 1323 ’ἅγιον

2313 1339 2491 1395 αὐτῶν
2539 1341 2664 1395 ναὸν
2721 1341 2798 1403 είς
2854 1342 2921 1394 τὰ
2973 1338 3325 1396 Βασιλίσκου.
3374 1339 3523 1407 Νηνὶ
3561 1335 3832 1412 Αὐγούστῳ
3854 1340 3910 1392 ιϐ’

2313 1429 2508 1502 ῒστέον,
2541 1429 2625 1484 ὅτι
2677 1428 2888 1503 ὁμοίως
2938 1427 3268 1485 ἐπιτελεῖται
3312 1427 3403 1482 καί
3453 1430 3491 1496 ἡ
3541 1426 3808 1498 Ἀποτομὴ
3842 1429 3912 1480 τοῦ

2316 1520 2474 1595 ἁγίου
2552 1519 2803 1576 Ἰωάννου
2887 1521 2982 1573 τοῦ
3075 1515 3427 1592 Προδρόμου,
3504 1520 3612 1570 τῶν
3688 1513 3914 1570 δεσποτῶν

2315 1607 2582 1663 ἀπιόντων
2641 1606 2693 1663 ἓν
2751 1612 2830 1678 τῷ
2887 1606 3026 1680 ἁγίῳ
3083 1607 3250 1662 αὐτοῦ
3303 1611 3419 1678 ναῷ
3468 1606 3544 1666 είς
3591 1604 3656 1659 τὰ
3699 1601 3915 1659 Στουδίου

2313 1697 2450 1752 κατὰ
2510 1697 2602 1752 τὸν
2665 1694 3038 1770 προρρηθέντα
3118 1693 3286 1750 τόπον
3355 1694 3410 1749 ἐν
3478 1697 3548 1767 τῇ
3618 1694 3794 1765 μνήμῃ
3844 1695 3915 1746 τοῦ

2314 1785 2475 1860 ἁγίου
2538 1783 3012 1856 Παντελεήμονος.
3087 1787 3164 1858 Τῇ
3239 1779 3406 1839 ἕωθεν
3471 1782 3574 1857 γὰρ
3638 1780 3917 1856 προέρχεται

2315 1878 2458 1929 πᾶσα
2508 1876 2542 1942 ἡ
2591 1871 2902 1948 σύγκλητος
2959 1873 3064 1927 ἀπὸ
3117 1871 3549 1947 σκαραμαγγίων
3600 1869 3760 1932 εἰςτὰ
3786 1875 3922 1923 Στουο

2317 1961 2455 2018 δίου.
2499 1961 2604 2018 Καὶ
2654 1962 2705 2017 οἱ
2759 1963 2854 2034 μὲν
2907 1963 3199 2037 μάγιστροι
3238 1961 3328 2016 καὶ
3380 1958 3922 2036 πάτρίκιοικαῖὀοφι-

2314 2051 2527 2108 κιάλιοι
2571 2051 2819 2106 ’ἰστανται
2869 2049 2972 2123 ἔξω
3018 2057 3119 2120 τῆς
3166 2051 3304 2124 πρὸς
3352 2049 3627 2105 θάλασσαν
3657 2045 3922 2122 πόρπης-οἱ

2319 2139 2376 2196 δὲ
2411 2144 2509 2195 τοῦ
2557 2134 2953 2195 κουϐουκλείου
3021 2141 3109 2194 καὶ
3178 2140 3234 2192 οἱ
3304 2137 3594 2213 βασιλικοὶ
3656 2136 3923 2191 καὶοὶτοῦ

2321 2223 2631 2302 μαγλαϐίου
2684 2228 2773 2283 καὶ
2814 2235 2915 2296 τῆς
2970 2226 3232 2303 ἑταιρείας
3279 2228 3376 2282 καὶ
3424 2228 3494 2281 τὰ
3549 2222 3923 2301 ἆρχοντογεννή·

2321 2319 2463 2392 μάτα
2520 2318 2596 2380 εἷς
2635 2319 2727 2374 τὸν
2777 2315 2973 2392 ὅρμον,
3022 2313 3144 2372 ἔνθα
3187 2317 3215 2370 ὁ
3260 2313 3491 2390 δρόμων
3543 2316 3703 2390 ὁρμᾷ.
3750 2310 3924 2373 Ἰστέον,

2318 2407 2400 2464 ὅτι
2433 2409 2487 2463 οἱ
2517 2411 2617 2473 τῆς
2654 2414 2827 2481 μονῆς
2885 2401 3116 2468 ἆϐϐἀδες
3163 2405 3269 2460 ἀπὸ
3319 2413 3427 2476 τῆς
3474 2407 3681 2480 πόρτης
3725 2399 3818 2461 ἓως
3852 2401 3926 2453 τοῦ

2321 2496 2498 2572 ὅρμου
2543 2494 2794 2552 ἵστανται
2847 2493 3113 2574 στιχηδὸν
3153 2492 3299 2566 δεξιᾷ
3331 2495 3428 2551 καὶ
3466 2494 3730 2569 ἀριστερᾷ.
3758 2492 3860 2547 Τῶν
3882 2483 3923 2540 δὶ

2322 2584 2596 2641 δεσποτῶν
2659 2584 2798 2640 πλολί
2859 2584 3176 2661 ἒρχομὲνων
3233 2586 3382 2640 κατὰ
3445 2585 3539 2640 τὸν
3604 2575 3924 2661 προρῥηθίνια

2318 2675 2487 2730 τόπον
2535 2678 2632 2730 τοῦ
2682 2673 2838 2749 ἁγίου
2883 2660 3334 2747 Παντελεήμονος
3375 2674 3597 2741 καὶτῆς
3623 2669 3746 2738 νηὸς
3774 2660 3923 2721 ἐκϐάν-

2319 2785 2446 2838 των,
2479 2762 2862 2839 δηριγεύονται
2913 2764 3016 2818 ὑπό
3063 2783 3121 2818 τε
3165 2766 3263 2818 τοῦ
3309 2757 3706 2818 κουὸουκλείου
3743 2755 3925 2811 καὶτῶν

2327 2849 2683 2930 μαγλαϐιτῶν
2740 2854 2833 2909 καὶ
2889 2858 2998 2909 τῶν
3045 2857 3146 2919 τῆς
3193 2853 3490 2928 ἑταιρείας,
3562 2848 3800 2922 δηλονότι
3852 2844 3924 2898 τοῦ

2320 2925 2629 3019 ἦγουμένου
2677 2944 3158 3016 προπορευομὲνου
3215 2925 3355 3016 μετᾶ
3415 2943 3674 3016 θυμιατοῦ
3736 2937 3815 2992 καὶ
3857 2925 3927 2986 ἁϐ-

2321 3029 2500 3086 ϐἀδων
2555 3032 2688 3104 μετὰ
2743 3036 2951 3106 κηρῶν.
2996 3034 3120 3088 Τῶν
3181 3029 3238 3087 δὲ
3296 3030 3579 3089 δεσποτῶν
3635 3023 3928 3098 πλησιασάν-

2319 3142 2428 3174 των
2486 3124 2555 3192 τῇ
2613 3121 2808 3194 πόρτῃ,
2866 3118 2988 3174 ἔνθα
3031 3117 3282 3176 ’ίστανται
3337 3124 3396 3177 οἳ
3451 3142 3508 3177 τε
3567 3108 3926 3195 μάγιστροικαί

569 3231 642 3287 cii
684 3202 1076 3293 ct‘ofﬁciales,
1118 3224 1363 3277 adorant
1402 3220 1461 3273 hi
1503 3219 1682 3272 humo
1728 3214 2112 3284 procidentes,
2154 3215 2207 3265 et

2319 3208 2598 3283 πατρίκιοι
2629 3210 2715 3263 καὶ
2751 3210 3120 3285 όφφικιάλιοι,
3169 3211 3464 3267 πίπτουσιν
3513 3210 3564 3265 οἱ
3611 3207 3750 3262 αὐτοὶ
3795 3218 3926 3275 προσ-

563 3317 797 3376 relevati
841 3315 1274 3386 prosequuntur
1319 3325 1420 3364 eos
1473 3306 1674 3362 iidem.
1735 3302 1829 3358 Sic
1887 3307 2207 3372 praeeuntes

2318 3300 2604 3359 κυνοῦντες
2675 3295 2804 3356 τοὺς
2909 3294 3188 3370 δεσπότας,
3253 3298 3346 3353 καὶ
3429 3297 3757 3368 ἀνιστάμενοι
3821 3307 3916 3342 συν·

561 3403 786 3463 domini
818 3382 922 3475 per
949 3382 1158 3455 atrium
1197 3395 1520 3452 ascendunt
1549 3395 1605 3447 et
1620 3394 1932 3445 transeunt
1952 3387 2207 3459 porticus

2317 3384 2710 3475 axolouooﬁatv
2748 3382 2965 3442 ὄπισθεν
3001 3388 3200 3442 αὐτῶν.
3245 3388 3313 3444 Οἱ
3360 3386 3421 3443 δὲ
3469 3385 3712 3442 δεσπόται
3740 3394 3915 3452 προπο-

562 3515 688 3569 quss
719 3496 799 3551 ibi
834 3496 997 3560 sunt,
1029 3494 1085 3546 et
1115 3489 1198 3544 sic
1232 3484 1578 3558 perveniunt
1615 3482 1673 3536 in
1718 3482 1974 3536 dextram
2017 3479 2206 3534 orien-

559 3588 732 3644 talem
757 3588 983 3657 partem
1028 3576 1344 3643 narthecis,
1389 3572 1489 3629 ubi
1530 3589 1674 3644 saga
1713 3587 1823 3625 sua
1863 3585 2003 3624 auro
2046 3572 2213 3639 septa

560 3677 835 3742 induunt,
867 3676 925 3727 et
952 3683 1229 3725 accensos
1272 3665 1459 3735 figunt
1498 3677 1694 3718 cereos
1735 3677 1748 3727 ;
1791 3672 2077 3731 porroque
2119 3658 2212 3712 in-

559 3766 742 3824 terius
775 3779 891 3819 una
921 3775 1053 3814 cum
1076 3753 1475 3813 sacerdotibus
1496 3754 1670 3818 [intra
1693 3748 1912 3818 navim]
1941 3749 2224 3818 pergunt,

559 3857 660 3914 ubi
698 3869 905 3910 rursus
943 3863 1140 3905 cereos
1175 3842 1516 3901 accendunt.
1562 3843 1682 3904 Quo
1723 3838 1893 3906 facto,
1943 3835 2211 3908 protinus

561 3947 627 4001 fit
655 3943 930 3999 introitus
963 3939 1088 4010 [seu
1120 3935 1355 3990 initium
1386 3930 1567 3986 divini
1598 3927 1798 3998 ofﬁcii]
1828 3944 1842 3994 ;
1869 3925 2212 3996 praepositus

559 4032 936 4089 thuribulum
970 4025 1152 4081 tradit
1178 4018 1515 4092 imperatori
1547 4015 1786 4082 seniori,
1807 4014 1905 4084 qui
1928 4014 1985 4067 id
2009 4019 2211 4068 tenens

561 4124 826 4178 incensat
851 4137 866 4186 ς
886 4117 1020 4172 inde
1040 4115 1291 4185 pergunt
1308 4110 1378 4164 ad
1399 4110 1655 4162 dextram
1686 4108 1910 4174 partem
1936 4103 2208 4171 tribunus,

560 4211 657 4266 ubi
690 4212 865 4280 caput
894 4204 1077 4260 sancti
1113 4197 1493 4255 Praecursoris
1526 4192 1852 4261 expositum
1887 4194 1978 4245 est
2013 4190 2208 4260 ;quod

563 4277 824 4365 religiose
871 4289 1129 4346 venerati
1179 4287 1392 4340 exeunt
1422 4284 1480 4337 in
1511 4279 1907 4340 metatoriam,
1942 4280 2096 4349 quod
2132 4277 2211 4335 ibi

564 4391 672 4455 est,
697 4387 914 4440 exuunt
944 4373 1368 4445 scaramangia,
1395 4371 1650 4427 induunt
1678 4369 1923 4439 colobia,
1947 4370 2212 4441 trajecta-

565 4489 679 4546 que
707 4475 869 4543 parte
891 4467 1259 4532 feminarum,
1284 4461 1615 4518 consistunt
1633 4460 1692 4516 in
1712 4460 1908 4515 dextra
1933 4459 2204 4515 orientali

2321 3474 2602 3552 ρευόμενοι
2652 3473 2741 3530 διὰ
2786 3479 2883 3530 τοῦ
2933 3473 3145 3550 ἒξαὲρου
3193 3475 3544 3551 ἀνέρχονται,
3588 3472 3672 3528 καὶ
3717 3467 3794 3524 δια
3832 3466 3915 3518 τῶν

2319 3563 2489 3620 ἐκεῖσε
2528 3559 2854 3620 διαϐατικῶν
2914 3563 3249 3641 εἰσέρχονται
3311 3564 3410 3622 διὰ
3461 3569 3559 3621 τοῦ
3608 3561 3734 3635 πρὸς
3765 3557 3916 3610 ἀνατο⁶

2320 3652 2423 3722 λήν
2453 3651 2626 3725 δεξιοῦ
2661 3652 2856 3727 μέρους
2903 3659 3004 3708 τοῦ
3027 3638 3339 3728 νάρθηκος,
3392 3656 3601 3711 κάκεῖσε
3629 3638 3917 3723 περιϐαλλό-

2323 3763 2475 3815 μενοι
2529 3742 2595 3796 τὰ
2642 3743 2847 3797 ἑαυτῶν
2897 3740 3434 3817 χρυσοπερίκλειστα
3481 3739 3656 3818 σςιγία²
3703 3738 3914 3788 ἅπτουσιν

2317 3829 2543 3904 κηροὺς,
2609 3831 2699 3886 καὶ
2767 3829 3127 3887 εἰσοδεόουσιν
3216 3833 3351 3905 μετά
3429 3811 3790 3901 θεῶν’ἱερέων,
3846 3811 3915 3869 καὶ

2316 3921 2479 3976 πάλιν
2536 3921 2792 3974 ἅπτουσιν
2842 3922 3067 3995 κηροός.
3113 3920 3330 3989 Ἰστέον,
3389 3924 3474 3977 ὃτι
3531 3916 3717 3983 εὐθέως
3752 3909 3914 3985 γίνεται

2317 4011 2351 4078 ἡ
2385 4007 2595 4072 εἷ’σοδος
2636 4016 2737 4079 τῆς
2784 4009 3148 4086 λειτουργίας,
3198 4011 3289 4064 καὶ
3329 4011 3439 4067 ὑπὸ
3485 4012 3580 4065 τοῦ
3607 3996 3914 4080 πραιποσίτου

2319 4077 2502 4154 λαϐὼν
2571 4101 2600 4154 ὁ
2667 4077 2886 4173 πρῶτος
2954 4077 3207 4175 βασιλεὺς
3271 4100 3562 4174 θυμιατὸν,
3627 4077 3913 4175 ουμιᾷκκαῖ

2321 4184 2466 4261 δεξιᾷ
2520 4189 2615 4243 τοῦ
2679 4169 3278 4264 βῆματοεέρχόμενοι
3337 4169 3578 4264 (κάκεῖσε
3604 4183 3700 4260 γὰρ
3733 4169 3912 4251 πρόκει-

2315 4298 2404 4332 ται
2455 4282 2489 4347 ἡ
2539 4283 2636 4334 τοῦ
2684 4263 3018 4354 Προδρὸμου
3067 4263 3192 4354 ἁγία
3248 4279 3436 4355 κάρα),
3493 4280 3734 4333 ἅπτουσιν
3779 4263 3911 4319 ἐκεῖσε

2317 4367 2551 4439 κηροὺς,
2635 4369 2725 4422 καὶ
2781 4366 2981 4436 ταύτην
3050 4354 3402 4439 ἀσπάζονται,
3468 4367 3555 4422 καί
3618 4354 3909 4432 ἐξερχόμενοι

2319 4456 2659 4532 εἰσέρχονται
2722 4457 2801 4519 εἷς
2848 4457 2910 4512 τὸ
2953 4455 3122 4511 ἐκεῖσε
3187 4460 3559 4532 μητατώριον,
3620 4449 3700 4506 καὶ
3755 4433 3907 4498 ἐκϐάλ-

566 4518 677 4546 Ὶνν
708 4518 866 4543 rw"
892 4518 1157 4523 ---—-~-~r
1245 4518 1258 4532 ι

563 4563 737 4635 plaga
767 4556 1027 4623 bematis,
1076 4554 1518 4622 accenduntque
1560 4549 1639 4603 ibi
1681 4565 1873 4604 cereos
1908 4566 2007 4618 pro
2045 4549 2202 4605 exci-

2316 4518 2605 4635 λᾷουσίνλτὰ
2650 4545 3052 4635 σκαραμάγγια,
3083 4518 3675 4621 καὶ-περιϐαλλόμενοι
3717 4518 3905 4624 κολόϐιίξ

565 4651 772 4724 pienda
800 4649 857 4702 S.
901 4644 1194 4713 Evangelii
1226 4641 1493 4696 lectione.
1513 4638 1656 4693 Dein
1690 4643 1902 4693 exeunt
1921 4655 2126 4696 rursus
2146 4641 2205 4696 in

563 4736 903 4796 viridarium
926 4732 1080 4804 quod
1105 4729 1183 4784 ibi
1214 4731 1321 4793 est,
1353 4727 1463 4782 sub
1486 4743 1602 4798 quo
1627 4726 1866 4780 mistum
1892 4727 2203 4796 celebrant,

563 4825 839 4885 adhibitis
871 4819 1206 4894 proceribus
1239 4833 1339 4887 pro
1375 4815 1558 4870 lubitu
1596 4814 1862 4885 delectis,
1898 4816 2201 4872 monachis

564 4919 780 4972 interea
820 4911 1024 4983 pocula
1063 4911 1120 4962 et
1159 4907 1338 4975 dapes
1378 4904 1868 4959 ministrantibus.
1921 4904 2056 4962 Post
2095 4906 2200 4963 mi-

566 5013 721 5062 stum
751 5003 974 5058 linitum
1009 4999 1281 5068 surgunt,
1304 4995 1360 5048 et
1391 5007 1491 5064 per
1512 4992 1737 5060 eadem,
1765 5009 1881 5064 qua
1903 4998 2200 5060 venerant,

2316 4633 2696 4712 εἰσερχόμενοι
2757 4632 3006 4690 *ίστανται
3073 4634 3148 4698 είς
3222 4635 3315 4690 τὸν
3382 4631 3684 4713 γυναικίτην
3742 4620 3807 4679 εἷς
3857 4607 3905 4662 τὸ

2317 4695 2504 4793 δεξιοῖ
2542 4695 2698 4798 ’πρὸς
2774 4722 3041 4785 ἀνατολὰς
3118 4695 3279 4799 μέρος
3351 4695 3451 4780 τοῦ
3525 4695 3790 4799 βήματοςη
3833 4695 3902 4753 καῖ

2316 4815 2571 4868 ἅπτουσιν
2621 4813 2826 4884 κηροὺς
2880 4812 2955 4875 εἷς
3012 4815 3112 4884 τήν
3151 4818 3246 4868 τοῦ
3305 4794 3638 4890 Εὐαγγελίου
3675 4794 3899 4870 ἀκρόασιν.

2313 4902 2429 4960 Εἶθ’
2481 4901 2654 4964 οὕτως
2703 4900 3050 4977 ἐξερχόμενοι
3100 4903 3177 4965 εἷς
3224 4904 3287 4958 τὸ
3335 4876 3503 4960 sitsic-5
3545 4876 3899 4958 ἀναδενδράδων

2313 4991 2708 5069 κραματίζουσι
2900 4973 3017 5065 μεθ’
3047 4993 3122 5046 ῶν
3172 4990 3230 5048 ἂν
3278 4991 3598 5048 κελεύσωσιν
3647 4973 3898 5053 ἂρχόντωνο

1606 5113 1805 5170 JOAN.
1845 5116 1992 5175 JAC.
2045 5117 2304 5175 REISKII
2343 5116 2914 5174 COMMENTARIUS

633 5245 746 5315 (44)
777 5241 996 5313 Saepius
1026 5239 1135 5294 hoc
1177 5238 1235 5292 in
1269 5232 1481 5314 [codice
1519 5235 1613 5286 τοῦ
1656 5231 1935 5305 κράματος
1974 5233 2063 5287 καὶ
2111 5237 2208 5288 τοῦ

635 5314 910 5366 αιιατίζειν
970 5312 1034 5365 ﬁt
1083 5311 1321 5366 mentio.
1366 5307 1466 5361 Est
1504 5309 1698 5361 autem
1739 5321 1923 5366 κραμα
1963 5310 2020 5359 et
2057 5308 2205 5361 mia:-

561 5307 910 5390 κραμὰτίζεῐν
970 5312 1034 5365 ﬁt
1083 5307 1321 5368 mentib.
1366 5307 1466 5361 Est
1504 5309 1698 5361 autem
1739 5321 1923 5377 κραμα
1963 5310 2020 5359 et
2057 5308 2205 5361 mia:-

559 5393 674 5443 tum
720 5381 1094 5456 dejejunatio,
1152 5377 1533 5456 ientaculum,
1584 5384 1638 5431 et
1688 5378 1928 5456 miratore
1966 5377 2201 5456 κραματί

564 5462 688 5525 ζειν,
731 5447 1272 5526 dejtﬁunarejjid.
1312 5451 1396 5526 D_u
1453 5451 1642 5526 Gange
1694 5465 1743 5502 v.
1797 5447 2074 5526 ὂζξᾳπιιηι.Δ
2102 5449 2200 5504 ubi

561 5501 748 5584 inuita
769 5501 942 5607 hiuj’us
962 5501 1403 5607 signiﬁcationis
1423 5501 1682 5607 exempla
1700 5501 2202 5607 attuloit_.S.olebant
2311 5501 2499 5586 ἷιιῖέιῖ,
2517 5501 3097 5588 "ESu‘irHuiéii’ng
3111 5501 3488 5607 ﬁ’é’iﬂini
3536 5501 3891 5607 aequiore:

2019 5606 2028 5607 κ
2109 5604 2117 5607 .
2477 5595 2489 5607 ι
2709 5591 2742 5607 ιι
2789 5593 2801 5607 ι
2912 5598 2921 5607 .
2970 5593 2982 5607 ι
3028 5594 3079 5607 σε
3271 5595 3303 5607 Α
3438 5605 3446 5607 Α
3493 5585 3521 5607 1.
3575 5595 3606 5607 ον
3712 5579 3767 5607 οη

563 5540 748 5584 multa
770 5540 942 5596 DUJus
962 5540 1403 5607 signltlcatloms
1423 5540 1682 5602 exempla
1700 5540 2202 5576 attulit.borenant
2311 5540 2499 5586 mlxu,
2553 5540 2654 5575 seu
2709 5540 3066 5578 aromaunus
3179 5540 3191 5577 I

563 5613 770 5678 nempe
799 5599 972 5652 Graeci
995 5611 1176 5677 Jejunl
1207 5599 1275 5652 ad
1311 5590 1974 5678 celebrationem'divini
2009 5589 2199 5678 cultus
2305 5595 2529 5678 gfngnta
2555 5591 2929 5678 appellabant
2965 5562 3104 5663 (vid’.
3137 5540 3191 5649 (ί)

564 5652 846 5724 “illis”?
890 5652 1175 5738 Ρτεέθῆωθ
1224 5667 1495 5724 accedere
1518 5682 1538 5730 δ
1562 5663 1698 5734 quia
1729 5661 1927 5720 cibum
1961 5667 2196 5737 gustare
2305 5652 2364 5720 ct
2403 5652 2882 5721 t‘ructu's‘horaeos
2913 5652 3087 5738 atque
3107 5652 3482 5723 dulciariavin
3503 5652 3668 5728 ροηῐο

2322 5239 2458 5316 ante
2489 5241 2786 5316 sumptam
2816 5236 3289 5316 communionem
3335 5253 3434 5308 pro
3466 5203 3898 5316 ωαευοξξξξξξξῖθ

2322 5273 2458 5291 au...
2490 5273 2782 5316 σωυμιςιη.
2817 5273 3289 5293 ..ωυωυμιυμυιμ
3338 5273 3434 5308 μιν
3467 5273 3657 5298 μιμου-
3753 5283 3763 5295 .

2318 5306 2555 5380 habent.
2587 5307 2668 5361 Ne
2692 5308 2870 5377 igitur
2891 5307 3065 5363 nimis
3085 5310 3182 5380 diu
3201 5306 3520 5380 jejunando
3540 5273 3890 5380 seseﬂflﬁm

2318 5344 2555 5362 μαυυυ..
2587 5344 2666 5361 ..υ
2692 5344 2859 5377 ,δηυι
2891 5344 3065 5363 unum
3085 5344 3519 5380 umJuJuuauw
3540 5344 3651 5354 --ν
3769 5344 3793 5350 ν

2313 5379 2523 5447 solent,
2550 5383 2889 5450 iantequam
2941 5397 3007 5434 ex
3047 5378 3292 5436 ecclesia
3330 5373 3622 5450 decedant.
3654 5344 3893 5450 bu°°fllﬁ

2313 5452 2482 5531 panis
2508 5422 2750 5521 ἶιιίᾳυοῗ
2763 5460 2816 5506 et
2847 5450 2965 5505 vini
3325 5422 3620 5507 EJJ'Efé'ri;
3647 5443 3736 5512 seu
3775 5422 3894 5482 3’1"“

2313 5526 2473 5548 ..νη-ι.
2553 5536 2653 5548 -..η
2709 5522 3066 5548 ..-Α-..-ιει-.--
3141 5539 3259 5548 -....
3303 5521 3326 5548 τ
3349 5516 3485 5548 ,ιςηὲ
3536 5505 3794 5548 “amores

3712 5544 3892 5620 condni

3201 5576 3232 5649 ii
3267 5576 3457 5666 οὲἠεο
3493 5585 3545 5638 h.
3575 5576 3667 5656 v.).
3712 5576 3885 5620 σουαιυ

3201 5663 3387 5695 I..:....:-
3426 5662 3479 5695 an
3505 5652 3727 5695 nni-treus
3746 5623 3885 5688 οσοίοσ
