4120 6306
298 385 463 450 1045

1169 385 1266 446 LE
1309 379 1766 452 CERIMUNIIS
1809 391 2038 453 AUL/E
2080 393 2553 460 BYZANTlN/E
2598 404 2744 463 LIB.
2792 401 2868 464 II.

3555 404 3710 468 1046

293 521 405 577 ὑπὸ
454 524 563 575 τῶν
614 517 1083 590 ἔκκΛησιαπικῶν
1105 515 1582 611 Αδηριγευόμενος,
1649 521 1956 598 ἀπάρχεται

2071 527 2304 588 luerint.
2329 531 2476 590 Tum
2509 542 2821 608 praesentat
2843 542 2900 595 et
2917 537 3232 595 committit
3259 538 3575 611 imperator
3605 557 3709 597 no-

292 609 354 664 ἐν
407 614 488 682 τῷ
548 606 944 683 πατριαρχείῳ.
1005 607 1060 659 Ὀ
1101 601 1160 660 δὲ
1202 605 1458 681 βασιλεὺς
1503 609 1820 690 ὑποστρέφει
1869 614 1960 668 καὶ

295 698 613 777 εἰσέρχεται
647 695 700 752 ἐν
738 701 818 767 τῷ
865 693 1139 768 παλατίῳ.
1201 696 1306 751 Καὶ
1364 696 1559 772 ἑορτῆς
1610 698 1957 774 ἐνιστάμένης

292 784 335 857 ἤ
390 794 687 860 Κυριακῆς,
733 786 932 860 γίνεται
983 786 1278 860 πρόκενσον
1335 784 1388 840 ἐν
1443 789 1512 860 τῇ
1580 789 1814 864 Μεγάλῃ
1867 788 1956 844 ἐκ.

293 875 530 947 κλησίᾳ,
562 876 738 937 καθὼς
770 876 804 944 ἡ
838 876 1098 944 συνήθεια
1152 870 1293 953 ἔχει,
1343 875 1433 930 καὶ
1485 874 1702 952 δέχεται
1731 879 1956 941 τούτους

293 966 325 1020 ὁ
390 965 708 1042 ὑποψήφιος
766 965 878 1038 (54)
940 962 1076 1037 μετὰ
1125 971 1226 1033 τῆς
1271 963 1724 1036 ἒκκλησιαστικῆς
1780 967 1959 1039 πάσης

288 1053 519 1123 τάξεως.
554 1052 650 1107 Καὶ
692 1049 760 1120 δὴ
808 1053 945 1106 κατᾶ
991 1053 1083 1107 τὸν
1125 1053 1354 1107 εἰωθότα
1399 1053 1568 1108 τύπον
1616 1053 1958 1111 εἶσοδεῦσαν-

290 1163 409 1212 τες,
467 1140 555 1196 καὶ
613 1145 720 1196 τῶν
782 1141 904 1213 ἑξῆς
958 1138 1403 1196 ἐπιτελεσθέντων
1460 1144 1592 1198 κατὰ
1629 1145 1725 1206 τὰς
1755 1147 1952 1208 Αοιπὰς

290 1228 670 1306 προελεύσέις,
720 1230 1062 1305 ἀπάρχονται
1110 1230 1164 1285 o't
1210 1231 1484 1308 θεοφιλεῖς
1546 1231 1950 1308 μητροπολῖται

286 1327 399 1390 τῆς
429 1320 618 1393 τιμίας
665 1319 1032 1395 χειροτονίας.
1075 1320 1143 1377 Οἱ
1189 1317 1246 1374 δὲ
1297 1319 1654 1397 φιλόχριστοι
1708 1323 1951 1398 βασιλεῖς

295 1410 496 1482 μικρόν
534 1428 586 1462 τι
637 1405 1093 1463 ὀπισθοποδοῦσιν
1135 1411 1272 1480 (55),
1309 1407 1414 1470 ἕως
1455 1407 1514 1464 ἂν
1545 1409 1774 1485 τελεσθῇ
1806 1412 1951 1488 παρᾶ

289 1503 408 1554 τῶν
461 1496 889 1572 μητροπολιτῶν
939 1496 1007 1552 τὰ
1042 1503 1144 1567 τῆς
1183 1498 1544 1574 χειροτονίας,
1584 1501 1676 1555 καὶ
1724 1499 1821 1565 εἷθ’
1850 1503 1952 1558 οὕ-

291 1609 409 1648 τως
441 1583 530 1642 διὰ
557 1591 657 1642 τοῦ
689 1582 868 1656 δεξιοῦ
912 1586 1113 1659 μέρους
1159 1590 1257 1640 τοῦ
1307 1587 1554 1661 βήματος
1598 1589 1688 1643 καὶ
1717 1594 1814 1644 τοῦ
1843 1611 1948 1645 κυ-

293 1675 462 1732 κλίου
511 1674 850 1751 εἰσέρχονται
897 1674 950 1730 ἐν
999 1678 1079 1746 τῷ
1128 1675 1423 1748 εὐκτηρίῳ,
1473 1675 1524 1732 έν
1573 1679 1619 1749 ᾧ
1649 1677 1741 1734 καὶ
1778 1681 1812 1749 ἠ
1853 1679 1949 1754 ἀρ.

296 1769 442 1840 γυρᾶ
484 1762 703 1837 ’ίδρυται
763 1763 1084 1838 σταύρωσις,
1143 1765 1230 1818 καὶ
1284 1761 1375 1819 διὰ
1411 1771 1510 1835 τῆς
1539 1773 1763 1841 τρισσῆς
1815 1769 1952 1840 μετὰ

296 1859 409 1909 τῶν
455 1857 640 1928 κηρῶν
683 1855 1100 1927 προσκυνήσεως
1149 1854 1634 1927 ἀπευχαριστοῦσιν
1684 1861 1765 1928 τῷ
1812 1861 1949 1928 Θεῷ,
1981 1903 2029 1968 Β

298 1944 393 1968 ---Α
460 1944 552 1968 ..ΞΛ
624 1942 967 1968 ___--.1_-.._..
1032 1942 1541 1968 l----_---_!_...._-_
1628 1943 1893 1968 ῘΡᾼἼΔΙηςγ

298 1944 395 1999 καὶ
458 1944 553 2000 τὸν
621 1942 968 2017 πατριάρχην
1028 1942 1563 2017 ἀποχαιρετίσαντες,
1624 1943 1949 2014 ἐξελθόντες,

299 2034 347 2088 εἰ
409 2035 505 2106 μὲν
543 2027 684 2088 ἔστιν
749 2029 963 2106 μεγάλη
1025 2032 1268 2106 Κυριακὴ
1331 2029 1368 2101 ἤ
1427 2035 1797 2104 Πεντηκοστὴ,
1845 2035 1951 2090 ε’ἰτε

298 2121 450 2193 ἄλλη
510 2123 697 2196 ἑορτὴ,
755 2121 808 2176 ἐν
861 2123 948 2183 αἱς
1002 2120 1337 2196 ἀπέρχονται
1390 2123 1440 2177 οἱ
1490 2121 1744 2178 δεσπόται
1799 2125 1850 2178 ἐν
1881 2128 1950 2198 τῇ

298 2210 525 2289 Μεγάλῃ
585 2209 870 2282 ἰκκλησίᾳ,
942 2209 1276 2285 ιίσὲρχονται
1331 2210 1384 2265 ἐν
1440 2216 1520 2284 τῷ
1594 2213 1949 2289 μητατωρίῳ,

296 2303 388 2357 καί
420 2303 488 2356 τὰ
535 2301 656 2371 ἑξῆς
705 2298 1052 2369 ἐπιτελεῖται,
1094 2301 1273 2363 καθὼς
1333 2301 1422 2356 καὶ
1462 2300 1514 2356 ἒν
1571 2307 1689 2364 ταῖς
1730 2307 1948 2365 Λοιπαῖς

296 2389 704 2467 προελεύσεσιν.
738 2389 800 2447 Ei
834 2386 891 2444 δὲ
921 2387 1071 2458 ἄλλη
1104 2389 1289 2461 ἑορτή,
1330 2388 1385 2445 ἐν
1523 2391 1625 2446 οὐκ
1653 2390 1948 2466 ἀπέρχεται

298 2482 328 2535 ὁ
365 2478 619 2553 βασιλεὺς
658 2477 710 2533 ἐν
769 2481 836 2549 τῇ
893 2477 1121 2553 Μεγάλῃ
1178 2477 1462 2550 ἐκκλησίᾳ,
1503 2476 1539 2548 ἤ
1579 2481 1787 2553 παγὰνὴ
1838 2483 1948 2537 Κυ-

302 2567 496 2642 ριακὴ,
529 2564 849 2640 ἀνέρχονται
899 2563 986 2620 διὰ
1041 2568 1139 2621 τοῦ
1186 2567 1424 2642 κοχλιοῦ
1464 2571 1563 2621 τοῦ
1592 2568 1729 2642 πρὸς
1759 2569 1821 2622 τὸ
1855 2566 1951 2641 μέ-

305 2675 401 2729 ρος
428 2657 525 2709 τοῦ
557 2652 714 2730 ἁγίου
755 2655 992 2728 Φρὲατος
1022 2654 1078 2710 ἐν
1107 2660 1222 2717 τοῖς
1269 2655 1406 2729 πρὸς
1447 2654 1718 2725 ἀνατολὴν
1750 2653 1947 2727 δεξιοῖς

2069 633 2203 674 vum
2237 622 2628 692 patriarcham
2662 626 2975 698 prrsposito
2999 631 3059 683 et
3087 628 3420 697 proceribus
3451 629 3706 686 cubiculi

2068 713 2123 763 et
2155 709 2535 774 silentiariis:
2568 723 2621 771 et
2657 716 2744 772 sic
2778 717 3052 788 utrinque
3091 717 3325 774 brachio
3365 717 3706 776 sublevatus

2067 795 2377 856 deducitur
2405 819 2439 857 ιι
2471 805 2782 876 ριιωροεὶιο
2811 811 2869 862 et
2913 823 3030 862 uno
3077 809 3330 879 quodam
3381 807 3704 864 silentiario

2067 884 2126 939 in
2159 889 2586 955 patriarcheum
2611 910 2713 949 seu
2735 896 3112 953 residentiam
3139 897 3502 969 patriarchae,
3525 897 3703 953 eccle-

2065 974 2325 1032 siasticis
2354 980 2747 1052 dirigentibus
2776 990 2833 1041 et
2864 988 3317 1058 obsequentibus
3341 1005 3355 1057 ;
3389 989 3702 1058 imperator

2063 1070 2260 1120 autem
2312 1071 2622 1126 revertitur
2664 1073 2724 1128 in
2757 1074 3058 1145 palatium.
3094 1077 3360 1134 Proxime
3401 1077 3564 1134 illinc
3608 1078 3698 1133 in-

2061 1158 2253 1209 stante
2273 1155 2364 1210 die
2387 1156 2528 1212 festo
2561 1160 2927 1218 Dominicove
2949 1163 3014 1218 ﬁt
3033 1165 3324 1233 processio
3345 1165 3404 1219 in
3427 1165 3697 1237 Magnam

2061 1242 2384 1311 ecclesiam,
2437 1252 2604 1316 prout
2659 1248 2800 1303 illuc
2855 1252 3253 1320 processiones
3310 1254 3433 1308 fieri
3489 1253 3696 1310 solent.

2061 1331 2290 1388 Electus
2320 1339 2423 1389 aut
2452 1336 2820 1406 praepositus,
2845 1354 3076 1411 unaque
3095 1355 3226 1396 cum
3249 1357 3315 1396 eo
3337 1345 3490 1396 totus
3519 1342 3695 1398 eccle-

2059 1421 2335 1478 siasticus
2365 1425 2525 1493 ordo,
2548 1424 2934 1496 imperatores
2963 1427 3043 1483 ibi
3075 1443 3209 1483 cum
3240 1429 3517 1486 comitatu
3547 1431 3699 1487 exci-

2060 1509 2165 1577 pit.
2208 1510 2460 1565 Intratur
2500 1511 2559 1566 in
2602 1513 2819 1580 navim,
2860 1519 2918 1569 et
2961 1514 3222 1570 ofﬁcium
3265 1516 3331 1570 ﬁt
3372 1518 3698 1572 secundum

2060 1597 2372 1653 formulam
2405 1605 2769 1667 consuetam,
2801 1602 3069 1675 ﬁuntque
3099 1605 3300 1660 omnia
3328 1604 3604 1676 deinceps
3634 1622 3703 1661 ea

2058 1685 2207 1741 serie
2237 1686 2423 1757 iisque
2456 1688 2686 1755 ritibus,
2716 1691 2815 1760 qui
2847 1690 2977 1747 aliis
3010 1693 3068 1746 in
3100 1692 3569 1764 processionibus
3598 1693 3700 1748 ob-

2056 1773 2258 1830 tinent.
2293 1776 2462 1846 Tum,
2495 1777 2742 1847 peractis
2773 1777 2912 1847 illis,
2944 1780 3230 1850 incipiunt
3264 1783 3379 1837 Deo
3419 1781 3536 1836 cari
3579 1797 3701 1836 me-

2059 1864 2338 1936 tropolitas
2390 1864 2732 1922 electionem
2770 1872 2829 1923 et
2859 1867 3282 1925 ordinationem
3331 1869 3695 1941 patriarchas.

2062 1952 2445 2022 Imperatores
2484 1959 2678 2011 autem
2728 1955 2939 2012 Christi
2983 1963 3239 2013 amantes
3288 1973 3493 2027 parum
3543 1962 3696 2014 retro

2059 2041 2121 2098 in
2174 2042 2410 2113 vestigia
2459 2059 2566 2100 sua
2615 2046 2912 2114 recedunt,
2960 2053 3014 2101 et
3062 2051 3396 2116 exspectant
3442 2047 3623 2102 donec
3662 2064 3696 2103 a

2060 2131 2444 2203 metropolitis
2494 2149 2561 2189 ea
2618 2150 2746 2204 quas
2797 2136 2868 2190 ad
2923 2134 3346 2190 ordinationem
3405 2135 3696 2205 pertinent

2059 2225 2295 2292 peracta
2324 2221 2562 2278 fuerint.
2590 2227 2734 2278 Tum
2766 2223 3048 2279 intrantes
3079 2239 3179 2294 per
3208 2224 3472 2280 dextram
3505 2223 3693 2296 regio-

2059 2324 2190 2366 nem
2223 2309 2470 2367 tribunte
2512 2315 2569 2367 et
2615 2328 2715 2382 per
2760 2312 3006 2386 cyclium
3056 2312 3116 2368 in
3159 2311 3459 2383 sacellum,
3489 2313 3550 2368 in
3580 2329 3692 2383 quo

2060 2402 2332 2469 argentea
2380 2398 2687 2455 dominica)
2735 2400 3026 2471 passionis
3073 2401 3262 2470 imago
3308 2400 3690 2472 conspicitur,

2059 2487 2302 2541 adorant
2331 2491 2418 2543 ter
2447 2487 2629 2542 Deum
2663 2505 2797 2542 cum
2828 2488 3026 2554 cereis,
3059 2493 3117 2544 et
3146 2489 3366 2545 salvere
3387 2489 3554 2559 jusso
3587 2505 3690 2560 pa-

2057 2575 2334 2645 triarcha,
2368 2583 2577 2632 exeunt
2610 2576 2668 2630 in
2712 2577 3101 2642 metatorium,
3134 2577 3399 2649 ﬁuntque
3444 2577 3690 2648 reliqua,

2059 2667 2126 2718 ut
2155 2663 2214 2718 in
2245 2664 2543 2720 consuetis
2574 2664 3062 2735 processionibus,
3093 2665 3141 2722 si
3177 2681 3384 2736 nempe
3411 2664 3692 2721 solemnis

1339 2765 1534 2820 .IOAN.
1573 2764 1720 2820 JAC.
1764 2767 2028 2824 REISKII
2081 2768 2663 2828 COMMENTARIUS.

308 2849 620 2929 §aztdlot¢,
651 2852 826 2929 καθῲς
858 2852 1104 2908 εἰώθασιν
1139 2853 1191 2906 οἱ
1220 2858 1438 2929 Λατῖνοι
1470 2853 1932 2929 πρεσενταρίζειν.

307 2927 454 2996 Ergo
502 2927 698 2981 minus
747 2927 1021 2983 decorum
1073 2927 1456 2998 reputabatur
1505 2927 1940 2983 Graecis'alicui

303 3000 858 3070 tantumextremos
887 3013 1099 3053 manus
1131 2997 1406 3070 articulos
1435 3015 1549 3053 non
1584 3007 1699 3054 tam
1735 3015 1940 3070 appre-

299 3068 658 3140 hendendos,
691 3086 868 3140 quam
903 3070 1248 3140 tangendos,
1286 3069 1679 3138 solummodo,
1714 3070 1770 3124 in
1806 3068 1940 3140 spe-

294 3139 468 3211 ciem,
498 3139 906 3206 Latino’more,
940 3139 1254 3211 poi-rigere,
1287 3142 1594 3196 decentius
1625 3139 1848 3208 autem,
1877 3147 1944 3198 ut

302 3209 484 3282 Grasei
514 3211 626 3282 ipsi
661 3211 972 3277 faciebant,
1007 3209 1178 3282 suum
1205 3212 1509 3266 brachium
1543 3213 1786 3269 alterius
1819 3215 1945 3268 bra-

297 3281 432 3365 chio
464 3280 748 3365 subjicere
772 3285 828 3334 et
848 3280 1288 3365 circumplieare
1308 3287 1367 3336 et
1386 3282 1465 3365 sic
1489 3285 1941 3365 ipaunlducere.
1976 3297 2020 3362 α

298 3352 579 3422 Vetustus
623 3350 718 3422 ille
759 3367 888 3422 mos
927 3350 1094 3422 estet
1123 3353 1192 3404 ad
1228 3350 1634 3422 Byzantinosa
1665 3354 1944 3410 Romanis

299 3423 477 3476 venit.
523 3420 760 3491 Legitur
801 3421 954 3476 enim
999 3421 1058 3475 in
1102 3420 1554 3493 vitaCaracallsa
1583 3421 1648 3476 Τ.
1683 3425 1703 3477 Ι
1735 3423 1944 3493 Script.

307 3493 450 3548 Hist.
485 3494 630 3562 Aug.
657 3508 712 3563 p.
735 3493 864 3558 710,
885 3507 1020 3546 eum
1044 3509 1074 3546 e
1094 3491 1399 3563 Capitolio,
1425 3492 1652 3563 ubiipro
1675 3491 1946 3563 suscepto

306 3579 510 3619 recens
554 3561 799 3634 imperio
851 3563 983 3634 Iovi
1023 3561 1346 3634 Capitolino
1399 3562 1617 3634 gratias
1665 3561 1865 3633 egerat
1893 3568 1950 3634 et

307 3640 440 3690 vota
471 3632 704 3705 fecerat,
730 3635 786 3689 in
814 3632 1372 3705 palatium'rediisse
1404 3632 1727 3705 imitantem
1757 3633 1949 3705 [παρά-

310 3704 703 3779 κρατούμενον]
736 3704 1048 3777 Papiniano
1085 3710 1137 3761 et
1179 3704 1422 3786 Chiloni.
1468 3704 1773 3786 ambobus
1791 3704 1944 3776 prie-

308 3779 471 3833 fectis
503 3779 785 3848 praetorio.
844 3778 1194 3847 Plerumque
1226 3793 1324 3848 qui
1358 3776 1604 3831 alterum
1646 3791 1730 3830 sic
1762 3777 1944 3830 dedu-

308 3859 521 3918 cerent,
571 3849 680 3919 ipsi
730 3853 896 3904 erant
943 3849 1226 3920 dignitate
1277 3849 1939 3920 supparesyinterdum

307 3921 482 4002 etiam
515 3918 794 4002 aequales,
823 3925 900 4002 ut_
932 3918 1080 4002 apud
1131 3918 1576 4002 nostrum‘pag.
1618 3919 1724 4002 3§3
1773 3918 1944 3974 Hera-

305 3991 456 4046 clius
505 3991 726 4061 junior,
785 4008 816 4047 e
869 3989 1122 4061 despotaa
1191 3989 1472 4061 dignitate
1529 3989 1587 4061 in
1656 3990 1940 4045 Cesarem

302 4060 650 4128 evehendus,
683 4063 898 4118 dicitur
946 4060 1004 4117 in
1054 4061 1301 4117 solemni
1334 4060 1407 4116 ad
1447 4060 1756 4116 ecclesiam
1809 4077 1942 4130 pro-

301 4135 563 4190 cessione
595 4134 767 4189 ivisse
811 4135 880 4189 ad
916 4133 1069 4188 latus
1118 4132 1358 4200 majoris
1413 4133 1606 4187 fratris
1657 4131 1747 4186 sui
1793 4135 1942 4187 Con-

300 4206 564 4269 stantini,
603 4206 673 4260 ab
724 4207 925 4261 eodem
975 4202 1512 4276 παρακρατοςόμενος.
1561 4203 1941 4276 Signiﬁcetne

299 4275 450 4331 idem
482 4277 790 4333 Gervasius
819 4277 991 4331 verbo
1021 4274 1429 4331 Suba'scellatus
1472 4275 1623 4345 apud
1664 4274 1748 4329 Du
1791 4275 1937 4329 Can-

302 4349 459 4432 gium
481 4347 583 4432 ‘Gl.
609 4349 732 4404 Lat.
839 4347 1192 4432 v.,-viderint
1221 4345 1437 4418 quibus
1470 4345 1678 4418 volupe
1701 4353 1753 4400 et
1777 4346 1938 4402 locus

300 4418 396 4474 ille
427 4418 501 4474 ad
533 4435 742 4475 manus
773 4419 944 4490 fuerit
975 4418 1220 4490 integer.

369 4491 482 4561 (54)
509 4489 983 4562 Βὶοᾼιρροηιιιυν,
1015 4487 1190 4562 quem
1220 4487 1409 4562 Latini
1443 4488 1668 4562 electum
1712 4487 1933 4562 dicunt,

303 4560 356 4616 id
379 4558 482 4617 est
512 4558 809 4632 suﬂragiis
830 4567 884 4618 et
905 4577 1008 4632 spe
1032 4558 1265 4616 inuneri
1295 4558 1468 4615 alicui
1502 4575 1664 4632 sacro
1691 4558 1934 4628 civilive,

301 4647 421 4718 seu.
449 4649 613 4718 sacro
681 4631 984 4718 pracipue,
1034 4632 1392 4718 destinatus,
1424 4631 1927 4718 nondumjtamen
1963 4651 2014 4718 Ι)

302 4704 621 4768 ordinatus,
643 4701 1014 4759 renuntiatus
1043 4707 1151 4772 aut
1172 4703 1494 4772 investitus,
1515 4701 1633 4767 ille,
1655 4702 1724 4756 ad
1755 4716 1928 4772 quem

303 4776 550 4848 pertinet
597 4772 1026 4848 ﬂ}31‘t0¢ﬁ?tdtc
1073 4771 1157 4848 vel
1205 4771 1268 4848 τὸ
1315 4772 1708 4848 ὑπεψηφίσοαι,
1759 4771 1936 4848 altera

304 4843 722 4912 denominatio,
769 4843 1259 4916 priorirsubjecta
1307 4853 1361 4897 et
1407 4843 1716 4916 submissa.
1757 4843 1931 4916 Cleri-

300 4932 498 4974 corum
541 4918 695 4972 enim
745 4913 1138 4988 denominatio
1182 4913 1364 4988 ψῆφος
1406 4913 1759 4988 suffragium,
1793 4913 1932 4988 sim-

299 4989 534 5060 pliciter
569 4988 918 5060 dicitur,_et_
947 4982 1295 5060 ψηιρίζεσθαι,
1343 4982 1685 5060 voture,_'ut_
1711 4983 1796 5039 sic
1844 4982 1931 5060 di-

297 5053 449 5127 cam,
481 5058 755 5113 dicuntur
784 5053 999 5126 clerici,
1033 5053 1270 5127 quando
1300 5055 1643 5127 candidatos
1670 5056 1790 5127 tres
1830 5053 1927 5127 de-

298 5124 602 5186 nominant
629 5133 688 5200 et
716 5124 1450 5200 proponunt—imperatoris
1491 5124 1734 5200 delectui
1776 5125 1934 5200 velut

295 5201 518 5258 habiles
548 5203 605 5255 et
633 5192 864 5271 dignos.
898 5192 1218 5271 Imperator
1249 5201 1440 5251 autem
1475 5195 1688 5271 dicitur
1716 5192 1931 5266 ὓποψη-

294 5273 559 5347 φίζεσθαι,
588 5267 900 5335 ειιὸῦοιανε,
923 5267 1099 5324 ἰιΓεει
1127 5271 1448 5340 postvotare,
1481 5267 1713 5350 quando
1740 5282 1929 5348 unum

295 5345 542 5407 aliquem
567 5359 601 5399 a
623 5344 778 5399 clero
798 5339 1307 5397 denominatorum
1341 5343 1440 5393 aut
1469 5339 1648 5393 alium
1680 5337 1929 5407 aliquem

296 5361 542 5415 aliquem
567 5361 601 5399 a
623 5361 778 5399 clero
798 5361 1307 5397 uenormuawrum
1341 5361 1440 5393 aur.
1469 5361 1648 5393 unum
1680 5361 1928 5407 unquam

296 5417 415 5487 ipse
445 5413 784 5487 denominat
811 5419 869 5468 et
889 5410 1152 5487 ordinari
1179 5410 1348 5487 jubet
1372 5415 1476 5487 ;_et
1505 5408 1928 5487 talisdenoml-

296 5479 851 5562 natusﬁnoqnﬁcpiog,
883 5484 940 5562 id
986 5487 1075 5562 est
1126 5482 1499 5562 supuclarius,
1543 5479 1928 5562 postvotarius,

297 5556 548 5611 secundo
591 5551 729 5611 voto'
777 5551 1117 5624 designatus
1147 5551 1377 5624 dicitur.
1410 5551 1562 5624 Usus
1606 5551 1721 5624 hic,
1754 5567 1928 5624 quem

299 5627 438 5700 dixi,
467 5627 625 5679 verbi
658 5622 1092 5700 ὑποψηφίζεσθσι
1136 5623 1289 5679 clare
1332 5623 1573 5700 paterin
1596 5622 1722 5700 illis
1753 5622 1931 5678 Joan-

299 5696 394 5753 nis
435 5693 927 5768 pantacuaeni,'p.
957 5697 1100 5768 859:
1131 5697 1418 5768 τοιγαροῦν
1474 5693 1749 5768 ζητήσεως
1790 5712 1926 5768 προ-

293 5763 546 5839 κειμένης
603 5767 726 5839 περὶ
781 5760 1124 5838 πατριάρχου
1178 5760 1565 5838 τῆν’ἀρχαίαν
1599 5760 1924 5837 έλευθερίαν

2048 2853 2383 2932 ἀποδίδωμιΔ
2420 2859 2555 2932 οὐχ-
2597 2859 2725 2930 ὑμῖν
2789 2855 3002 2932 μᾶλλον
3059 2859 3115 2932 ἢ.
3154 2863 3291 2931 Θεῷ,
3351 2861 3398 2931 ᾧ
3458 2858 3689 2932 μελήσει

2051 2927 2310 3004 μάλιστα
2333 2929 2424 2983 τὸν
2471 2927 2654 3004 καλῶς
2701 2927 3184 3004 τῆςᾹ-Ἐκκλλησίας
3243 2927 3682 3004 προστησόμενον

2051 2997 2477 3074 ἆποκαλύπτεινο
2517 2997 2766 3074 *ὕστερον
2803 2997 2860 3054 δὲ
2882 3001 2996 3074 Ῠκαῖ
3037 2997 3194 3074 αὐτὸς
3244 2997 3330 3074 ἕνα
3373 2997 3482 3074 τῶν
3521 2997 3686 3074 τριῶν

2052 3073 2472 3150 ὑποψηφιουμαι
2504 3069 2687 3150 ὥσπερ
2716 3070 2854 3150 ξθος.
2880 3073 2977 3128 Est-
3011 3089 3140 3144 ergo
3170 3072 3273 3150 ὓπό
3306 3075 3362 3150 i_n
3399 3073 3501 3150 hoc
3533 3069 3686 3128 dom-

2053 3143 2339 3217 posi'tio'ne
2360 3143 2512 3200 idem
2538 3143 2690 3216 quod
2715 3143 2825 3211 ἐπὶ,
2847 3159 3030 3216 super,
3050 3143 3168 3216 ρίοει
3189 3143 3341 3199 aliud
3367 3143 3682 3216 quidquam

2095 3218 2407 3272 recedens.

2053 3235 2407 3290 praecedens.

2119 3288 2232 3360 (55)
2262 3310 2287 3360 -_
2308 3287 2528 3360 Cessim
2560 3302 2623 3342 se
2653 3286 2998 3360 recipiunt,»
3023 3289 3084 3341 ut
3103 3285 3183 3360 ait
3208 3285 3534 3342 Busbekius
3557 3285 3683 3360 loco

2057 3357 2228 3413 modo
2277 3358 2531 3424 laudato,
2583 3373 2654 3413 ne
2702 3359 2981 3429 posticam
3033 3357 3322 3427 praebeant
3367 3358 3682 3413 venerabili

2053 3429 2360 3499 consessui
2393 3431 2789 3496 spectandam.
2831 3430 3116 3493 Quorsum
3161 3433 3357 3483 autem
3399 3435 3451 3483 et
3492 3429 3680 3499 quoad

2053 3497 2294 3552 cesserit
2349 3497 2514 3568 imp.,
2575 3504 2734 3568 patet
2787 3515 2854 3552 ex
2927 3516 2981 3568 p.
3069 3500 3194 3568 367,
3283 3499 3381 3553 ubi
3454 3497 3683 3568 dicitur

2053 3567 2196 3641 imp.
2232 3567 2538 3641 parumper
2578 3567 2737 3641 retro
2785 3567 3032 3641 cessisse
3082 3567 3246 3641 μέχρι
3297 3571 3392 3621 τοῦ
3441 3567 3678 3641 ἀργυροῦ

2051 3631 2257 3709 κίονοςί
2275 3638 2373 3688 τοῦ
2419 3631 2704 3709 κιϐωρίου,
2733 3642 2878 3709 Ergo
2928 3631 3303 3709 intra‘ga'l't'are
3351 3643 3406 3692 et
3453 3631 3682 3694 cancel-

2049 3708 2139 3764 los
2170 3707 2415 3761 tribunaa
2453 3707 2834 3778 perﬁciebant
2861 3707 3288 3763 ordinationem
3328 3709 3678 3764 sacerdotes.

2051 3779 2175 3835 Mos
2225 3778 2378 3832 idem
2429 3778 2616 3833 adhuc
2649 3794 2682 3832 a
2709 3778 2912 3833 Turcis
2959 3779 3317 3845 observatur,
3361 3780 3683 3835 Graecorum

2050 3847 2314 3920 exemplo
2336 3849 2541 3915 doctis,
2556 3864 2627 3903 ne
2640 3848 3014 3913 honoratiori,
3028 3853 3125 3902 aut
3138 3850 3229 3903 cui
3254 3849 3385 3919 quis
3407 3847 3686 3920 honorem

2049 3919 2264 3976 habere
2292 3920 2450 3992 velit,
2483 3924 2709 3992 tergum
2761 3920 3166 3992 obvertat,_sed
3202 3927 3351 3992 retro
3398 3919 3459 3992 in
3503 3923 3684 3992 vesti-

2088 3993 2143 4046 ia
2173 4007 2280 4046 sua
2323 3991 2484 4045 vultu
2535 3990 2804 4046 inretorto
2851 3995 2964 4045 eat.
3000 3990 3157 4044 Idem
3208 3991 3526 4045 Busbekius
3569 3991 3683 4047 alio

2071 4060 2174 4145 otio
2203 4079 2264 4145 ρ,
2291 4063 2353 4116 14
2377 4061 2786 4145 salutationem
2819 4060 3236 4145 Ganiaarprum
3264 4063 3353 4145 sic
3384 4061 3679 4145 describit.

2045 4157 2075 4184 ‹‹
2113 4132 2222 4189 Ubi
2250 4134 2308 4188 in
2339 4132 2695 4188 cenaculum
2730 4136 2895 4187 erant
2927 4132 3191 4199 admissi,
3226 4132 3332 4198 ait,
3365 4133 3549 4201 capite
3581 4134 3682 4189 de-

2046 4206 2224 4261 misso
2257 4220 2346 4259 me
2377 4203 2733 4259 salutabant.
2756 4204 2898 4274 Inde
2922 4219 3163 4274 prepere
3183 4208 3239 4258 et
3269 4218 3429 4274 paene
3459 4205 3679 4259 cursim

2042 4278 2384 4333 accedentes
2416 4279 2635 4330 vestem
2666 4273 2809 4328 mihi
2832 4273 3217 4339 autmanum,
3242 4273 3418 4328 veluti
3445 4274 3683 4331 deoscu-

2045 4347 2238 4415 laturi,
2265 4346 2592 4414 tangebant,
2627 4344 3558 4416 fasciculumque‘hyacinthorum
3590 4346 3680 4400 vel

2045 4410 2438 4491 narcissorum
2481 4410 2872 4491 obt'rudebant
2913 4410 3198 4491 [ὀσφράδιᾷ
3241 4415 3450 4491 Nostro
3495 4416 3676 4487 sunt],

2043 4495 2100 4544 et
2133 4505 2264 4543 mox
2313 4486 2436 4556 pari
2488 4488 2602 4542 fere
2645 4486 2938 4541 celeritate
2981 4486 3251 4540 recessim
3292 4489 3358 4540 ad
3405 4489 3574 4550 tores,
3609 4486 3679 4542 ne

2044 4559 2186 4613 mihi
2219 4563 2444 4625 tergum
2477 4557 2863 4623 obverterent,
2887 4557 3398 4627 regrediebantur;
3433 4556 3492 4611 id
3521 4557 3673 4613 enim

2044 4629 2329 4684 institutis
2377 4643 2577 4684 eorum
2630 4628 2874 4683 habetur
2921 4626 3277 4682 indecorum.
3326 4626 3410 4681 Ibi
3449 4643 3677 4683 summa

2044 4717 2174 4771 eum
2221 4700 2508 4771 modestia
2557 4698 2893 4771 compositis
2940 4697 3129 4752 sinum
3182 4697 3452 4771 manibus
3492 4698 3673 4771 [χερσὶ

2047 4767 2380 4841 δεδεμέναις]
2421 4767 2749 4841 terramque
2785 4769 3078 4823 intuentes
3127 4768 3296 4822 tacite
3339 4767 3671 4834 adstabant,

2045 4844 2228 4923 magis
2251 4847 2310 4896 ut
2331 4840 2386 4896 in
2405 4841 2482 4923 iis
2514 4840 2825 4923 monachos
2855 4843 3087 4923 nostros
3116 4853 3475 4923 agnosceres,
3493 4855 3672 4923 quam

2043 4908 2276 4968 milites.
2327 4934 2354 4960 ‹‹
2405 4911 2611 4966 Noster
2666 4912 2723 4965 id
2786 4908 3166 4972 ὀπισθοποὸεῖν
3219 4925 3332 4963 uno
3389 4908 3562 4964 verbo
3615 4913 3675 4966 et

2044 4982 2416 5055 ὀπισθοφανῷς
2458 4978 2804 5055 ᾲάπέρ-χεσθαι
2853 4982 2996 5036 dicit
3032 4980 3268 5055 p._iOI,
3300 4980 3433 5055 item
3484 4996 3544 5055 p._
3579 4981 3670 5050 85,

2041 5059 2098 5128 et
2125 5071 2189 5128 Ap.
2221 5048 2347 5119 353,
2379 5053 2548 5128 habet
2581 5048 2972 5128 ’ᾆπισθοφανῶς
3020 5048 3667 5128 ἆπάγειιί.ωΧθῐ]οῤ-ὶζιορ,

2043 5125 2091 5180 si
2125 5117 2268 5181 bene
2300 5117 2562 5190 memini,
2593 5117 2936 5194 ἀναποδηδὸν
2966 5130 3021 5177 et
3052 5117 3460 5194 ἀναποδίζεσθαι
3492 5117 3668 5177 Ηὶχίῐζ

2040 5198 2323 5252 Caeterum
2405 5211 2519 5250 non
2593 5192 3323 5265 licebat'imperatoribus
3406 5192 3672 5248 electioni

2041 5267 2343 5334 interesse,
2377 5282 2449 5322 ne
2479 5268 2822 5322 auctoritate
2851 5263 2973 5320 sna‘
2987 5265 3208 5320 scilicet
3236 5263 3455 5319 clerum
3487 5267 3668 5318 terre-

2040 5346 2170 5392 rent
2201 5343 2257 5392 et
2297 5338 2368 5394 ad
2420 5337 2756 5393 electionem
2802 5335 3067 5391 vitiosam
3118 5336 3518 5403 pertraherent
3565 5339 3668 5389 aut

2040 5415 2360 5479 cogerent;
2413 5409 2601 5462 clerus
2659 5408 2909 5479 vicissim
2970 5407 3170 5461 nolens
3229 5406 3666 5479 volensﬂalium

2039 5477 2212 5552 quam
2264 5480 2435 5535 vellet
2464 5483 2520 5533 et
2538 5477 2831 5552 iussisset,
2854 5478 3180 5552 imperator
3229 5493 3363 5552 non
3393 5477 3663 5548 eligebat,

2037 5547 2215 5606 libere
2260 5555 2455 5605 tamen
2505 5548 2770 5620 eligebat.
2812 5548 2904 5620 Sic
2936 5547 3197 5620 Amimum
3250 5547 3525 5616 ludimus,
3571 5564 3666 5601 sa-

2038 5638 2200 5678 crum
2262 5621 2340 5682 hi,
2392 5617 2697 5691 profan'um
2757 5619 2874 5674 alii.
2915 5617 3084 5691 iConf.
3135 5618 3308 5689 Sigon
3367 5620 3438 5674 de
3487 5634 3663 5690 regno

2037 5693 2220 5749 Iialiaa
2249 5709 2303 5762 p.
2334 5690 2425 5759 22,
2458 5708 2511 5745 ν.
2545 5693 2632 5760 49,
2664 5691 2736 5746 ad
2771 5698 2835 5744 A.
2867 5690 2990 5743 595.
