4120 6306
309 404 466 468 1049

1175 399 1280 459 DE
1323 399 1768 463 CERIMONIIS
1813 401 2048 463 AULE
2087 401 2565 463 BYZANTINJE
2607 403 2754 464 LIB.
2801 404 2880 464 II.

3569 407 3723 470 1050

315 535 659 611 εἷσὲρχονται
707 531 762 588 ἐν
808 535 889 604 τῷ
923 530 1096 587 ἐκεῖσε
1139 532 1192 600 ἒξ
1243 531 1524 606 ἀριστερᾶς
1569 538 1815 591 κοιτῶνι.
1861 535 1962 591 Καὶ

2080 538 2451 608 praesessioni
2499 549 2554 595 et
2601 539 2776 613 legati
2823 541 3146 613 exceptioni
3203 545 3436 613 tempus
3482 548 3726 614 praesto-

313 624 403 681 ὅτε
430 626 609 680 πάντα
639 621 824 685 καλῶς
861 621 1283 697 εύτρεπισθῶσιν
1338 621 1440 675 ὑπό
1480 642 1539 677 τε
1584 626 1682 677 τοῦ
1728 631 1827 692 τῆς
1867 645 1967 678 κα-

313 713 624 776 ταστάσεως
678 713 768 766 καὶ
811 716 920 766 τῶν
969 711 1346 785 πραιποσίτων
1382 709 1472 764 καὶ
1523 715 1620 766 τοῦ
1675 711 1968 786 λογοθὲτου

312 809 414 859 τοῦ
465 801 697 877 δρόμου,
747 800 1086 877 εἰσέρχονται
1132 800 1185 853 οὶ
1232 799 1580 872 πραιπόσιτοι
1629 800 1716 855 καὶ
1764 800 1968 874 ὑπομι-

320 896 621 967 μνήσκουσι
670 890 796 953 τοὺς
849 888 1150 963 δεσμώτας.
1201 891 1297 946 Καὶ
1348 889 1542 952 εὐθέως
1574 890 1883 965 ἐξέρχονται
1915 892 1966 946 οἱ

315 980 574 1038 δεσπόται
626 979 714 1036 καὶ
773 979 1110 1055 ἀπέρχονται
1160 975 1283 1034 ἔνθα
1339 981 1392 1034 αἱ
1437 977 1722 1056 χλαμύδες
1769 979 1859 1035 καὶ
1901 981 1969 1035 τὰ

311 1071 602 1145 στέμματα
665 1069 1001 1138 ἀπόκεινται,
1057 1067 1147 1123 καὶ
1204 1063 1666 1143 περιϐαλλόμενοι
1712 1070 1780 1124 τὰ
1835 1068 1970 1124 αύτά

313 1161 418 1216 61:6
477 1164 586 1215 τῶν
650 1156 1046 1234 πραιποσίτων,
1123 1157 1440 1232 ἀνέρχονται
1498 1159 1587 1213 καὶ
1654 1158 1967 1228 καθέζονται

309 1247 404 1305 ἐπὶ
432 1253 542 1304 τῶν
573 1249 799 1322 θρόνων,
831 1247 922 1302 καὶ
953 1247 981 1301 6
1013 1245 1165 1316 λαὸς,
1205 1241 1306 1317 ἔξω
1344 1247 1510 1308 ἑστὼς
1550 1252 1658 1302 τῶν
1707 1244 1802 1302 δύο
1831 1249 1969 1324 πρὸς

308 1337 460 1395 δύσιν
491 1341 699 1412 συρτῶν
734 1337 943 1412 βήλων,
997 1334 1144 1411 λέγει
1191 1338 1446 1412 μεγάλως
1473 1339 1535 1391 τὸ
1564 1336 1964 1414 πολυχρόνιον·

303 1429 409 1487 Καὶ
478 1429 573 1492 εἴθ’
640 1427 815 1489 οὕτως
883 1426 1235 1503 ἐξερχόμενοι
1305 1427 1356 1481 οἱ
1433 1427 1786 1500 πραιπόσιτοι
1855 1427 1966 1482 εἷσ-

299 1519 500 1596 ἀγουσι
527 1524 646 1580 τοῖς
688 1520 802 1590 (57)
847 1520 949 1571 τοῦ
998 1511 1394 1571 κουόουκλείου
1445 1513 1535 1571 διὰ
1580 1522 1687 1572 τῶν
1736 1514 1830 1572 δύο
1866 1537 1966 1591 με-

306 1612 424 1683 ρῶν
456 1605 600 1678 δεξιᾷ
627 1607 718 1662 καὶ
766 1607 1042 1681 ἀριστερᾷ,
1093 1605 1274 1669 καθὼς
1318 1608 1352 1674 ἡ
1398 1608 1653 1676 συνήθεια
1693 1605 1828 1681 ἔχει.
1862 1606 1960 1662 Καὶ

295 1695 355 1751 ἐν
386 1700 468 1768 τῷ
522 1695 751 1756 τούτους
809 1700 997 1763 στῆναι
1043 1693 1184 1748 νεύει
1217 1695 1245 1748 6
1275 1689 1633 1768 πραιπὸσιτος
1669 1699 1748 1766 τῷ
1781 1695 1961 1749 ὀστια-

305 1785 412 1860 ρίῳ
442 1789 523 1857 τῷ
567 1786 668 1853 τήν
724 1789 934 1858 χρυσῆν
989 1781 1181 1859 βέργαν
1228 1783 1538 1857 κατέχοντι,
1567 1783 1657 1839 καὶ
1688 1783 1962 1859 ἐξέρχεται

307 1874 401 1929 καὶ
453 1873 653 1949 εἰσάγει
706 1873 880 1948 βῆλον
923 1873 988 1941 α’,
1050 1873 1180 1934 τοὺς
1235 1873 1587 1948 μαγίστρους.
1640 1873 1741 1930 Καὶ
1794 1872 1960 1929 πάλιν

306 1960 397 2018 διὰ
427 1962 689 2035 νεύματος
717 1966 814 2016 τοῦ
861 1960 1228 2038 πραιποσίτου
1277 1961 1555 2037 ἐξέρχεται
1602 1960 1786 2038 ἕτερος
1819 1963 1968 2018 ὁστι-

317 2054 496 2126 άριος,
527 2053 617 2107 καὶ
665 2050 866 2126 εἰσάγει
915 2055 995 2123 τῷ
1041 2051 1187 2122 αὐτῷ
1236 2052 1483 2125 σχήματι
1537 2049 1709 2126 βῆλον
1747 2053 1813 2127 β’,
1844 2054 1971 2116 τοὺς

319 2143 663 2216 πατρικίους.
717 2139 814 2196 Καὶ
859 2141 1026 2196 πάλιν
1076 2138 1164 2194 διὰ
1228 2141 1487 2214 νεύματος
1536 2146 1632 2197 τοῦ
1681 2141 1972 2215 προιποσί-

316 2253 414 2288 του
471 2231 743 2306 ἐξέρχεται
809 2232 837 2286 6
902 2227 1086 2305 ἕτερος
1125 2229 1420 2305 ὀστιάριος,
1477 2231 1566 2285 καὶ
1623 2230 1826 2308 εἰσάγει
1887 2233 1968 2304 τῷ

317 2322 468 2391 αύτῷ
533 2323 780 2395 σχήματι
851 2319 1022 2394 βῆλον
1089 2325 1154 2394 γ’,
1210 2321 1338 2382 τοὺς
1405 2319 1827 2394 συγκλητικοὺς,
1878 2319 1967 2376 καὶ

315 2409 506 2471 ἁπλῶς
538 2409 634 2465 ὅσα
663 2409 723 2464 ἃν
759 2409 909 2484 βῆλα
960 2406 1077 2483 ἔχει
1106 2410 1142 2478 ἡ
1176 2410 1432 2479 συνήθεια
1475 2410 1564 2463 καὶ
1598 2413 1632 2478 ἡ
1667 2411 1813 2483 τάξις
1861 2414 1969 2464 τῶν

321 2494 531 2572 δοχῶν.
581 2498 680 2552 Καὶ
728 2496 826 2560 εἴθ’
873 2495 1044 2557 οὕτως
1094 2495 1397 2572 εἰσέρχεται
1437 2497 1464 2550 6
1503 2495 1782 2552 κατεπάνω
1835 2498 1968 2570 μετά

313 2583 406 2639 καὶ
455 2587 552 2638 τοῦ
601 2581 926 2656 δομεστίκου
972 2583 1063 2638 καὶ
1111 2583 1220 2638 τῶν
1270 2581 1814 2658 χρυσοτρικλινιτῶν,
1872 2585 1963 2639 καὶ

307 2671 560 2726 ἵστανται
593 2668 737 2742 δεξιᾷ
764 2672 855 2726 καὶ
905 2673 1157 2747 ἀριστερᾷ
1203 2672 1310 2746 πρὸ
1356 2677 1466 2727 τῶν
1511 2669 1608 2727 δύο
1651 2672 1789 2746 πρὸς
1818 2670 1967 2728 δύσιν

319 2761 529 2834 συρτῶν
588 2760 797 2835 βήλων,
847 2759 933 2815 καὶ
985 2761 1119 2835 μετὰ
1158 2762 1220 2816 τὸ
1271 2768 1461 2830 στῆναι
1509 2761 1704 2823 αὐτοὺς
1757 2762 1898 2816 νεύει
1938 2763 1967 2816 6

319 2849 676 2922 πραιπόσιτος
706 2853 787 2922 τῷ
816 2850 1075 2925 ὄστιαρίῳ
1104 2851 1184 2922 τῷ
1231 2852 1331 2920 τήν
1363 2857 1573 2926 χρυσῆν
1609 2851 1807 2928 βέργαν
1836 2872 1968 2908 κατ-

321 2938 525 3012 έχοντι,
569 2938 657 2993 καὶ
717 2938 918 3015 εἰσάγει
970 2941 1061 2996 τὸν
1129 2937 1359 3010 ἐθνικὸν,
1411 2937 1669 3009 δηλονότι
1737 2940 1968 3014 κρατού-

319 3045 475 3096 μενον
525 3027 626 3082 ύπὸ
672 3033 768 3082 τοῦ
816 3029 1098 3083 κατεπάνω
1147 3032 1254 3083 τῶν
1306 3026 1604 3103 βασιλικῶν
1654 3029 1690 3097 ἤ
1739 3029 1830 3083 καὶ
1863 3028 1966 3083 ὑπὸ

312 3118 408 3168 τοῦ
434 3113 676 3188 κόμητος
704 3121 800 3171 τοῦ
832 3115 1068 3172 σταύλου
1112 3115 1148 3185 ἤ
1195 3117 1284 3172 καὶ
1339 3118 1443 3173 61:6
1485 3123 1585 3174 τοῦ
1615 3118 1969 3193 πρωτοστρά-

311 3222 508 3274 τωρος,
559 3205 812 3266 συνόντος
870 3204 1056 3268 αὐτοῖς
1103 3206 1193 3260 καὶ
1257 3210 1354 3261 τοῦ
1423 3208 1775 3280 ὲρμηνευτοῦ,
1825 3227 1967 3282 προ-

311 3263 684 3365 πορευομένου
749 3289 1006 3360 δηλονότι
1062 3293 1154 3346 καὶ
1208 3297 1304 3346 τοῦ
1353 3263 1646 3367 λογιοδέτου
1693 3263 1790 3349 τοῦ
1840 3263 1968 3366 δρό-

316 3401 445 3454 μου.
482 3379 584 3435 Καὶ
636 3376 702 3446 δὴ
745 3378 941 3434 τούτου
995 3378 1357 3449 εἰσελθόντος,
1408 3380 1591 3436 πίπτει
1625 3382 1707 3435 ἐπ’
1737 3381 1965 3459 ἐδάφους

311 3471 630 3544 προσκυνῶν
679 3465 804 3528 τοὺς
873 3465 1154 3537 δεσπότας,
1193 3468 1283 3522 καὶ
1346 3468 1542 3530 εύθέως
1606 3467 1833 3522 αὐλοῦσι
1901 3471 1969 3525 τὰ

313 3554 534 3631 ὄργανα·
606 3555 721 3612 εἶτα
790 3555 1093 3632 εἷ’σέρχεται
1146 3557 1235 3612 καὶ
1288 3555 1508 3612 ’ἵσταται
1575 3557 1682 3612 ἀπὸ
1751 3555 1970 3629 διαστή-

319 3665 488 3719 ματος
531 3649 628 3700 τοῦ
679 3645 968 3721 βασιλικοῦ
1015 3647 1210 3720 θρόνου
1257 3647 1349 3701 καὶ
1399 3646 1596 3708 εὐθέως
1642 3645 1860 3701 παίουσι
1901 3649 1969 3701 τὰ

316 3730 540 3810 ὄργανα.
593 3733 810 3806 Ἰστέον,
863 3735 970 3804 ὅτι,
1019 3738 1117 3790 τοῦ
1183 3733 1349 3814 φίλου
1392 3734 1780 3797 ἀποκινοῦντος
1828 3736 1968 3809 πρὸς

313 3822 406 3877 τὸν
462 3821 711 3898 βασιλέα,
763 3821 1100 3898 εἰσέρχονται
1168 3825 1222 3878 υἱ
1282 3823 1715 3900 προκριτώτεροι
1768 3822 1965 3879 τούτου

316 3909 611 3986 ἄνθρωποι,
674 3913 764 3967 καὶ
829 3917 1251 3988 προσκυνοῦντες
1311 3911 1584 3969 ἵσταντοαι
1643 3909 1791 3968 ἔνδον
1856 3917 1964 3969 τῶν

317 3998 414 4056 δύο
460 4007 666 4078 συρτῶν
729 4001 942 4077 βήλων.
1013 4006 1118 4059 Καὶ
1179 4007 1468 4066 ποιοῦντος
1514 4007 1612 4058 τοῦ
1661 4001 1965 4078 λογοθὲτου

313 4091 411 4154 τὰς
457 4093 706 4162 συνήθεις
755 4091 1048 4167 ἐρωτήσεις
1114 4092 1190 4155 εἰς
1237 4092 1399 4148 αὐτὸν
1448 4094 1708 4168 ἄρχονται
1761 4094 1967 4167 βρυχᾶ-

317 4181 437 4235 σθαι
495 4181 548 4235 o't
604 4179 818 4245 λέοντες
879 4183 990 4252 (58)
1048 4181 1242 4236 καὶτὰ
1281 4176 1441 4256 ὄρνεα
1497 4182 1566 4236 τὰ
1624 4181 1675 4236 ἐν
1737 4183 1964 4254 σέντζῳ,

2075 627 2310 700 lentes].
2342 628 2630 685 Omnibus
2651 629 2849 702 itaque
2875 631 2982 687 rite
3000 631 3335 704 praeparatis
3362 635 3484 688 tam
3513 649 3546 688 a
3577 635 3724 688 ceri-

2077 717 2383 786 moniario,
2431 734 2607 789 quam
2637 735 2672 773 a
2719 719 3042 792 praepositis
3087 727 3144 775 et
3191 721 3464 777 rationali
3508 738 3723 777 cursus

2079 804 2319 874 publici,
2362 805 2583 862 intrant
2626 810 2918 880 praepositi
2953 810 3036 881 [in
3068 811 3373 881 cmtoneml
3403 815 3461 866 et
3490 810 3715 882 signiﬁ-

2078 898 2211 948 cant
2241 911 2309 949 ea
2337 896 2408 950 de
2439 913 2499 951 re
2538 898 2827 967 dominis;
2863 900 2958 970 qui
3002 900 3265 971 protinus
3294 904 3522 968 exeunt,
3557 905 3614 955 et
3642 900 3715 956 il-

2077 981 2174 1036 luc
2205 985 2549 1052 ascendunt,
2583 986 2684 1041 ubi
2702 987 2932 1058 chlamy
2949 989 3050 1044 des
3071 997 3125 1045 et
3151 993 3465 1045 stemmata
3475 990 3677 1060 jacent
3704 1007 3719 1057 ;

2081 1086 2208 1141 quae
2238 1088 2273 1126 a
2302 1072 2629 1142 praepositis
2657 1073 2846 1130 induti
2877 1078 3204 1132 ascendunt
3235 1078 3294 1132 in
3325 1078 3629 1148 thronum,
3660 1081 3721 1134 et

2081 1159 2141 1214 in
2171 1176 2237 1215 eo
2268 1159 2560 1228 resident;
2595 1163 2747 1218 328
2797 1179 2912 1234 quo
2943 1166 3114 1233 facto,
3158 1166 3353 1232 turba,
3403 1183 3532 1238 qua
3561 1175 3722 1223 extra

2078 1248 2314 1319 gemina
2335 1264 2534 1304 versus
2555 1250 2912 1307 occidentem
2943 1253 3068 1308 vela
3096 1253 3409 1310 attractilia
3438 1259 3573 1323 stat,
3599 1271 3720 1311 ma-

2076 1352 2188 1407 gna
2202 1353 2340 1394 voce
2369 1337 2586 1394 clamat
2614 1339 3059 1411 polychronium
3083 1347 3401 1398 seuvotum
3433 1344 3561 1399 vitae
3584 1344 3722 1400 diu-

2075 1430 2282 1482 turnae.
2317 1427 2461 1484 Dein
2488 1432 2699 1485 exeunt
2727 1429 3019 1500 praepositi
3051 1435 3110 1486 et
3143 1431 3524 1488 introducunt
3549 1435 3719 1488 cubi-

2078 1514 2196 1571 culi
2226 1517 2529 1573 ministros
2559 1533 2630 1573 ex
2661 1519 2950 1574 ambabus
2991 1518 3203 1591 plagis,
3234 1520 3433 1576 dextra
3459 1520 3721 1578 sinistra-

2077 1621 2210 1677 que,
2241 1610 2308 1662 ut
2337 1609 2698 1664 consuetudo
2729 1623 2925 1663 secum
2957 1608 3086 1665 fert.
3120 1608 3192 1665 Ut
3219 1609 3280 1664 hi
3315 1609 3719 1680 constiterunt,

2077 1695 2194 1751 exit
2231 1695 2503 1751 ostiarius
2557 1713 2795 1752 auream
2851 1697 3072 1769 virgam
3131 1703 3360 1766 tenens,
3428 1699 3724 1772 praepositi

2076 1789 2242 1840 mutu
2277 1784 2557 1852 monitus,
2591 1789 2647 1841 et
2669 1785 2990 1841 introducit
3011 1785 3206 1842 velum
3230 1804 3330 1844 seu
3365 1787 3612 1844 missum
3633 1788 3726 1843 vel

2073 1874 2794 1946 corpusadmittendorum
2811 1891 3110 1946 procerum
3127 1875 3375 1946 primum
3389 1918 3404 1942 ,
3425 1878 3722 1947 magistros

2079 1969 2240 2035 puta.
2278 1963 2355 2019 Eo
2388 1964 2560 2030 facto,
2594 1980 2800 2019 rursus
2845 1963 2980 2030 exit,
3013 1965 3113 2019 sed
3153 1965 3301 2019 alter
3341 1965 3634 2032 ostiarius,
3666 1968 3724 2019 et

2079 2051 2130 2106 is
2161 2067 2390 2122 quoque
2419 2053 2714 2124 praepositi
2746 2059 2890 2107 nutu
2924 2052 3282 2120 admonitus,
3313 2057 3373 2108 et
3401 2051 3723 2108 introducit

2079 2141 2282 2197 eodem
2325 2141 2495 2196 modo
2543 2140 2736 2196 velum
2784 2142 3132 2211 secundum,
3179 2157 3388 2212 nempe
3427 2141 3720 2212 patricios.

2080 2230 2304 2286 Rursus
2335 2231 2610 2301 deinceps
2641 2235 2842 2286 monet
2884 2230 3225 2301 praepositus
3266 2230 3432 2285 illum
3465 2231 3720 2302 priorem

2078 2319 2478 2387 ostiarium,et
2505 2319 2556 2374 is
2594 2335 2860 2391 egressus
2886 2319 3200 2375 introducit
3228 2319 3462 2376 tertium
3485 2319 3677 2376 velum
3707 2337 3722 2388 ;

2077 2418 2133 2463 et
2173 2407 2281 2462 hoc
2315 2406 2642 2462 alternatim
2675 2408 2759 2462 ita
2815 2407 2900 2475 ﬁt,
2959 2408 3144 2464 donec
3204 2407 3548 2463 intraverint
3595 2407 3726 2464 vela

2077 2495 2292 2563 omnia,
2325 2499 2610 2566 quotquot
2639 2496 2856 2550 intrare
2886 2496 3335 2551 consuetudinis
3375 2500 3466 2551 est
3495 2502 3553 2550 et
3574 2497 3718 2551 ceri-

2081 2584 2333 2640 moniale
2373 2584 2768 2655 reoeptionum
2815 2584 3057 2656 ﬂagitat.
3110 2585 3212 2640 His
3258 2584 3448 2650 factis,
3489 2584 3715 2640 intrant

2077 2677 2358 2744 cetepano
2376 2671 2752 2729 basilicorum
2775 2677 2832 2727 et
2851 2671 3209 2729 domesticus
3241 2671 3723 2744 [chrysotriclini-

2076 2764 2289 2826 tarum,
2334 2764 2400 2816 ut
2454 2759 2707 2831 videtur]
2754 2764 2814 2815 et
2861 2759 3387 2832 chrysotriclinitae,
3429 2765 3487 2815 et
3516 2758 3719 2815 consi-

2075 2853 2243 2905 stunt
2263 2848 2400 2904 hinc
2420 2849 2584 2904 illinc
2597 2850 2667 2905 ad
2691 2850 2950 2905 dextram
2973 2854 3030 2904 et
3047 2849 3345 2905 sinistram
3380 2865 3574 2905 coram
3595 2865 3719 2904 am-

2075 2937 2262 2994 bobus
2309 2937 2696 2994 attractilibus
2742 2937 2901 2994 velis.
2939 2939 3007 2994 Ut
3054 2937 3114 2992 hi
3153 2937 3558 3004 constiterunt,
3593 2938 3711 2992 exit

2076 3027 2354 3084 ostiarius
2384 3043 2517 3084 cum
2541 3043 2716 3082 aurea
2735 3027 2916 3096 virga,
2950 3025 3237 3098 praepositi
3264 3031 3411 3082 nutu
3436 3025 3715 3090 monitus,

2077 3125 2129 3174 et
2159 3117 2476 3173 introducit
2506 3117 2808 3173 ethnicum
2849 3132 2953 3172 seu
2999 3113 3253 3188 legatum
3289 3114 3716 3185 alienigenam;

2080 3223 2255 3280 quem
2287 3211 2569 3278 catepano
2617 3204 2990 3262 basilicorum
3047 3207 3148 3259 aut
3185 3207 3243 3258 et
3279 3219 3472 3258 comes
3503 3202 3719 3258 stabuli

2081 3301 2181 3352 aut
2208 3300 2268 3352 et
2315 3300 2696 3368 protostrator
2751 3310 2820 3350 ex
2860 3293 3096 3349 brachio
3145 3296 3367 3361 tenent,
3409 3291 3719 3348 comitante

2079 3385 2388 3452 interprete
2419 3390 2476 3439 et
2517 3392 2807 3454 praeeunte
2857 3382 3153 3453 logotheta
3200 3381 3412 3436 dromi.
3469 3381 3720 3451 Legatus

2079 3471 2257 3542 [intra
2285 3471 2503 3542 velum]
2536 3472 2842 3542 ingressus
2887 3471 3051 3526 humi
3093 3470 3292 3525 statim
3341 3469 3612 3540 procidit,
3664 3471 3722 3523 et

2079 3559 2284 3613 adorat
2312 3560 2582 3613 dominos
2607 3577 2621 3625 ;
2646 3564 2702 3614 et
2723 3559 2892 3613 simul
2923 3562 3136 3612 sonant
3156 3573 3374 3629 organa
3404 3556 3623 3612 flatilia.
3649 3556 3724 3611 Ut

2078 3644 2334 3703 surrexit
2362 3651 2421 3700 et
2453 3647 2733 3717 processit
2762 3645 3024 3710 ulterius,
3058 3645 3324 3701 consistit
3354 3644 3424 3698 ad
3459 3643 3718 3714 aliquam

2077 3736 2146 3792 ab
2179 3733 2466 3806 imperiali
2511 3734 2722 3790 throno
2753 3733 3111 3801 distantiam,
3143 3738 3201 3789 et
3239 3731 3506 3804 protinus
3563 3733 3720 3788 into-

2075 3831 2218 3882 nant
2247 3839 2465 3894 organa
2495 3821 2784 3894 pulsatilia
2807 3823 3132 3894 [naccam].
3164 3821 3385 3888 Amico,
3422 3820 3480 3875 id
3509 3825 3600 3876 est
3626 3819 3718 3876 le-

2077 3918 2207 3988 gato
2238 3915 2532 3979 extraneo,
2582 3912 2652 3966 ad
2699 3912 3103 3982 imperatorem
3143 3912 3340 3982 itaque
3383 3909 3718 3982 accedente,

2077 4002 2298 4058 intrant
2326 4001 2728 4056 honoratiores
2749 4000 3057 4055 hominum
3079 4015 3184 4055 seu
3209 3998 3565 4054 familiarum
3589 3999 3717 4068 ejus

2079 4093 2349 4163 factaque
2379 4107 2517 4163 erga
2547 4090 2851 4146 dominum
2884 4090 3241 4157 adoratione,
3276 4089 3606 4144 subsistunt
3636 4089 3719 4144 in-

2077 4182 2250 4238 ferius
2279 4182 2431 4253 apud
2473 4186 2530 4236 et
2560 4181 2711 4236 intra
2749 4181 2922 4236 ambo
2975 4177 3287 4235 attractilia
3331 4177 3479 4234 vela.
3530 4181 3718 4248 Logo-

1375 4297 1571 4353 JOAN.
1611 4297 1754 4353 JAC.
1799 4297 2052 4353 REISKII
2089 4295 2672 4352 COMMENTARIUS.

391 4394 510 4464 (57)
540 4395 649 4450 Pro
678 4394 827 4455 τούς.
871 4395 1215 4452 Idiotismus
1264 4395 1362 4451 ille
1410 4401 1501 4452 est
1528 4412 1688 4451 nova:
1719 4395 1972 4464 Graeciaa,

322 4465 582 4539 dativum
615 4482 716 4537 pro
750 4469 1075 4539 accusativo
1096 4468 1436 4539 usurpantie
1463 4485 1477 4534 ;
1509 4467 1626 4525 vid.
1659 4469 1726 4523 ad
1760 4483 1815 4538 p.
1848 4467 1973 4522 390.

393 4536 505 4610 (58)
549 4536 651 4610 De
677 4537 1042 4610 spectaculis,
1085 4556 1210 4610 qua
1244 4536 1351 4594 hic
1409 4536 1964 4605 commemorantur,

319 4608 535 4680 aureis,
568 4607 655 4664 vel
690 4607 883 4679 potius
913 4607 1121 4680 ligneis
1141 4611 1459 4676 deauratis,
1494 4610 1750 4680 organis,
1785 4610 1964 4666 leoni-

317 4678 430 4753 bus
462 4678 848 4753 rugientibus,
889 4678 1094 4753 arbore
1126 4698 1305 4753 aurea
1333 4686 1391 4736 et
1434 4678 1826 4738 insidentibus
1854 4683 1967 4753 ipsi

320 4751 568 4805 aviculis
598 4751 774 4822 variis
817 4750 972 4808 varie
1021 4752 1462 4822 cantilantibus,
1493 4753 1724 4809 videndi
1757 4750 1962 4808 Cedre-

321 4821 880 4896 nusA544,_col_lata
934 4839 995 4896 p.
1068 4823 1330 4896 568,7Adu
1391 4821 1703 4896 Gangeﬂad
1758 4824 1963 4880 Zonar.

319 4908 378 4964 p.
411 4893 504 4958 76,
535 4899 610 4964 et,
638 4893 766 4948 CPli
812 4893 1022 4950 Christ.
1075 4909 1129 4964 p.
1186 4894 1309 4959 128,
1339 4911 1371 4948 a
1403 4893 1544 4964 quo'
1568 4895 1776 4950 allatos
1808 4896 1966 4950 locos

319 4963 685 5048 Constantini
720 4964 1013 5048 Manassi‘s
1045 4963 1102 5019 et
1132 4963 1476 5048 Luitpra‘ndi
1507 4967 1796 5048 precipue
1828 4967 1965 5048 insi:

318 5050 518 5108 gnem,
551 5036 652 5104 qui
675 5034 953 5106 puerilem
979 5035 1128 5090 hanc
1159 5034 1655 5108 comwdiam'ipse
1687 5034 1967 5107 spectavit

318 5114 378 5162 et
399 5104 642 5170 audivit,
678 5121 791 5160 non
815 5105 1161 5174 exscribam,
1195 5111 1504 5162 contentus
1535 5123 1717 5163 unum
1750 5109 1966 5164 citasse

319 5179 570 5234 Leonem
611 5175 1092 5249 Grammaticum,
1135 5179 1230 5249 qui
1274 5193 1344 5249 _p.
1397 5178 1520 5246 450,
1570 5178 1834 5249 nominat
1875 5179 1964 5234 in-

322 5255 413 5325 ter
451 5248 565 5303 alia
607 5243 825 5321 δένδρον
858 5250 1122 5325 χρυσοῦν,
1150 5243 1308 5325 ῖένιῷ
1357 5243 1620 5325 στρουθξα
1658 5246 1967 5325 *ἐφεζόμενα

320 5315 410 5374 διὰ
444 5325 704 5393 μηχανῆς
735 5315 1034 5393 ’μουσικῶς
1065 5315 1378 5393 ἐκελάδουνῗ
1423 5315 1624 5393 Ἰιαᾲὶὺὶ
1656 5315 1964 5393 Ita-gendum

323 5382 578 5448 esth'ea
611 5382 823 5447 adda'm
861 5391 1183 5464 insignem,
1209 5392 1498 5448 Abulfedaa
1530 5382 1746 5462 locum",
1781 5408 1812 5448 e
1851 5409 1965 5464 quo

323 5468 562 5534 apparet
591 5464 842 5536 ineptias
868 5461 1002 5518 illas
1026 5461 1389 5536 Chalitarum
1421 5479 1651 5536 quoque
1682 5461 1964 5536 Bagda'di~

325 5549 524 5588 eorum
558 5534 752 5589 aulam
795 5536 1082 5590 invasisse
1125 5539 1184 5589 et
1225 5540 1326 5591 aut
1356 5534 1495 5590 illuc
1539 5534 1572 5592 ἁ
1602 5534 1838 5603 Graecis,
1868 5544 1967 5590 aut

324 5603 489 5660 illinc
517 5605 586 5658 ad
610 5605 830 5661 Graecos
857 5605 1329 5677 transmigrasse,
1362 5612 1462 5662 aut
1492 5609 1693 5663 eodem
1713 5614 1967 5676 tempore

326 5677 896 5749 utramque‘regiam
927 5677 1135 5749 sedem,
1157 5678 1525 5749 corripuisse.
1560 5679 1722 5736 Unde
1755 5681 1966 5735 mirum

329 5761 446 5802 non
481 5743 587 5812 est,
619 5743 666 5800 si
698 5743 868 5816 porro
893 5765 924 5805 a
957 5747 1174 5806 Graecis
1205 5750 1276 5806 ad
1306 5743 1468 5806 aulas
1499 5766 1728 5822 quoque
1759 5749 1968 5822 princi-

2004 4452 2052 4518 D

2126 4412 2223 4450 um
2284 4393 2726 4451 occidentalium
2776 4392 3033 4465 pervasit
3089 4391 3332 4465 puerilis
3377 4389 3477 4465 ille
3520 4406 3716 4465 sapor.

2126 4412 2223 4450 um
2284 4412 2726 4451 occidentalium
2776 4412 3033 4465 pervasit
3089 4412 3332 4465 puerms
3377 4412 3477 4446 me
3520 4412 3716 4461 sapor.

2083 4412 2296 4524 ἥξω-ιιι
2331 4471 2527 4521 autem
2575 4465 2880 4532 Abulfeda,
2930 4481 3080 4520 anno
3111 4481 3230 4519 aera:
3272 4463 3722 4519 Mubammeda—

2077 4556 2163 4594 nas
2194 4538 2320 4605 305,
2352 4553 2452 4592 seu
2487 4536 2698 4592 Christi
2727 4537 2854 4604 917,
2887 4537 3112 4592 venisse
3144 4537 3366 4608 legatos
3395 4534 3716 4608 imperato-

2077 4609 2158 4665 ris
2188 4608 2394 4675 Graci,
2426 4608 2484 4662 id
2534 4611 2620 4662 est
2653 4608 3015 4664 Constantini
3047 4605 3226 4663 nostri
3279 4605 3714 4678 porphyrogen-

2077 4680 2220 4749 neti,
2252 4696 2396 4751 quos
2427 4679 2695 4751 nominat
2713 4681 2820 4735 Leo
2852 4679 3129 4751 Magister
3160 4695 3214 4750 p.
3250 4678 3376 4746 476,
3410 4677 3465 4731 in
3496 4679 3710 4751 aulam,

2078 4753 2178 4808 ubi
2207 4747 2440 4821 'eicepti
2481 4751 2695 4805 fuerint
2723 4751 2876 4805 haud
2910 4747 3126 4818 vulgari
3161 4747 3388 4821 pompa,
3421 4763 3598 4821 quam
3629 4747 3713 4803 sic

2077 4817 2387 4879 describit:
2419 4821 2616 4877 Eodem
2663 4839 2809 4877 anno
2838 4817 3173 4891 Bagdadum’
3200 4817 3518 4891 veniebant,
3538 4817 3716 4891 impe-

2075 4895 2287 4974 ratoris
2346 4894 2713 4974 Romanorum
2779 4889 2972 4962 legati,
3011 4908 3163 4974 quas
3229 4889 3545 4974 incredibili
3572 4905 3714 4974 lcum

2075 4967 2365 5037 splendore
2392 4965 2607 5037 excepit
2627 4981 2960 5037 suarumque
2988 4963 3313 5037 divitiarum
3342 4963 3714 5037 admiratione

2079 5034 2326 5112 implevit
2362 5037 2426 5091 Αι
2456 5036 2740 5112 Moptader.
2771 5034 2916 5112 Nam
2960 5052 3067 5112 quo
3098 5035 3186 5112 die
3215 5036 3344 5088 illo:
3368 5034 3440 5087 ad
3464 5047 3521 5086 se
3551 5046 3708 5112 vene-

2075 5105 2312 5164 randum
2361 5108 2614 5163 evocabat
2643 5117 2694 5164 et
2743 5105 3083 5174 admittebat,
3117 5107 3354 5174 iusserat
3408 5105 3711 5157 exercitum

2076 5182 2140 5236 in
2169 5179 2287 5235 acie
2316 5182 2365 5235 et
2395 5183 2568 5234 armis
2609 5190 2781 5236 stare.
2829 5181 3012 5234 Totum
3049 5177 3324 5254 palatium
3352 5179 3402 5230 et
3432 5189 3713 5254 armorum

2075 5257 2125 5306 et
2154 5254 2327 5308 variae
2371 5267 2586 5322 pompae
2634 5254 2964 5306 instructum
2994 5247 3301 5304 collucebat
3329 5247 3708 5322 ostentatione.

2081 5325 2242 5379 Totus
2272 5316 2568 5398 exercitiis,
2587 5323 2851 5398 pedestri:
2871 5338 2995 5398 cum
3016 5322 3276 5398 equestri,
3298 5320 3375 5398 sic
3400 5317 3460 5371 in
3491 5316 3712 5398 Armate

2074 5398 2226 5448 stans
2243 5387 2796 5462 conﬁciebatcentum
2828 5397 2882 5446 et
2911 5387 3196 5462 sexaginta
3223 5392 3469 5460 capitum
3505 5387 3709 5462 miltia.

2074 5457 2372 5521 Adstaban’t
2416 5465 2589 5534 Aguri
2616 5462 2946 5538 cunicularii
2974 5457 3264 5538 [designat
3295 5457 3710 5538 iprotospathaf

2077 5538 2192 5593 rios
2224 5542 2282 5591 et
2325 5531 2696 5606 protectores]
2728 5535 2788 5589 in
2830 5531 3289 5606 splendidisiimis
3317 5531 3634 5606 mutatoriis
3661 5535 3714 5584 et

2075 5599 2490 5678 cingulis-auro
2533 5599 2870 5678 gemmisque
2899 5605 3236 5678 illustrious.
3280 5608 3497 5659 Pariter
3535 5599 3714 5655 adsta-

2078 5675 2209 5735 bant
2240 5679 2478 5736 eunuchi
2504 5675 2736 5732 numero
2764 5675 2962 5747 septies
3007 5675 3182 5746 mille,
3232 5690 3464 5747 quorum
3481 5682 3716 5747 _quater

2077 5752 2233 5807 mille
2278 5749 2520 5820 candidi,
2571 5751 2774 5821 reliqui
2818 5744 2972 5818 nigri
3021 5744 3218 5804 coloris
3239 5744 3432 5805 crant.
3478 5744 3710 5800 Tandem
