4172 6300
424 362 581 422 1055

1495 359 2012 424 CONSTANTINI
2055 358 2748 422 PORPHYROGENITI

3676 350 3831 414 1036

426 496 803 567 inargentata‘.
863 511 894 552 e
950 497 1307 553 monasterio
1364 503 1693 552 sanctorum
1762 494 1940 563 Sergii
2007 497 2059 548 et

2178 490 2430 546 ἁλυσίδια
2459 493 2825 571 ἁσπρόχαλκα
2854 493 2970 564 (63)
2995 497 3097 560 τῆς
3149 493 3320 561 μονῆς
3349 494 3455 545 τῶν
3491 488 3663 566 ἁγίων
3698 499 3829 563 Σερ-

430 584 662 653 Bacchi,
749 587 899 654 quod
977 590 1065 640 est
1141 586 1196 639 in
1275 589 1461 639 tractu
1538 584 1882 648 Hormisdar,
1960 582 2069 636 de—

427 680 728 745 promptis,
788 683 1006 744 septem
1049 691 1081 728 a
1121 675 1317 729 dextra
1362 678 1420 728 et
1459 675 1700 728 totidem
1735 691 1769 729 a
1805 674 2063 740 sinistra,

2175 579 2295 655 γίου
2325 582 2415 635 καὶ
2449 582 2664 656 Βάκχου
2696 585 2801 635 τῶν
2830 578 3149 654 Ὀρμίσόου,
3198 581 3236 648 ζ’
3285 581 3360 642 εἷς
3405 581 3468 634 τὸ
3526 577 3702 651 δεξιὸν
3737 578 3826 650 μέ-

2177 687 2271 743 ρος
2334 672 2423 724 καὶ
2492 673 2625 726 ἑπτὰ
2690 670 2767 732 εἷς
2831 670 2892 724 τὸ
2955 669 3257 741 εὐώνυμον,
3331 669 3421 723 καὶ
3501 668 3580 730 εἰς
3648 669 3716 721 τὰ
3781 665 3819 720 δ’

1475 772 1673 828 JOAN.
1715 772 1857 829 JAC.
1902 769 2160 827 REISKII
2200 769 2774 828 COMMENTARIUS.

428 874 720 944 pertinent
759 886 987 944 organa
1035 870 1229 944 stricte
1279 870 1362 944 sic
1383 871 1571 944 __dicta
1620 879 1674 926 et
1718 869 1880 944 tubae_
1899 876 2071 938 atque

427 939 606 1010 tibiae,
637 949 695 997 et
723 939 960 1015 alteram
989 957 1003 996 :
1037 941 1260 994 παίουσι
1287 941 1351 994 τὰ
1380 939 1601 1015 ὄργανα,
1631 947 1824 1015 sonant
1858 942 2066 996 instru-

425 1021 612 1069 menta
641 1012 954 1084 pulsatilia,
973 1022 1252 1085 itympana
1273 1012 1480 1085 nempe
1504 1021 1560 1069 et
1606 1013 2072 1084 ahenotympana

424 1085 516 1139 vel
592 1102 868 1147 naccam,
929 1083 1378 1156 illustrattnon
1414 1083 1675 1156 pigebit,
1714 1083 2000 1140 ascribere
2051 1101 2065 1138 :

427 1159 532 1212 His
579 1165 813 1228 quatuor
852 1155 988 1217 ﬁliis
1035 1155 1279 1227 quotidie
1311 1155 1604 1226 pro’more
1651 1155 2070 1228 Selgukidarum

422 1227 739 1300 principum
770 1228 1061 1300 [quorum
1083 1243 1446 1300 successores
1477 1227 1982 1300 Chorezimschahi
2015 1234 2068 1300 et

427 1297 619 1354 oranti
643 1305 701 1354 et
743 1297 924 1353 videri
973 1297 1266 1369 volebant]
1299 1300 1487 1367 quinm
1526 1300 1730 1367 ﬁebant
1757 1299 1926 1354 Nubae
1957 1299 2065 1369 [vel

425 1371 838 1426 alternantium
863 1369 1236 1424 excubiarum
1264 1371 1664 1438 processiones
1685 1370 1946 1440 armatas]
1969 1370 2067 1424 sub

424 1442 693 1496 instantia
723 1440 1022 1511 quinarum
1050 1455 1270 1511 precum
1300 1449 1592 1496 momenta.
1622 1440 1741 1495 Sibi
1760 1457 1886 1496 vero
1904 1457 2066 1511 pecu-

425 1513 628 1567 liarem
680 1510 887 1566 nubam
935 1510 1239 1565 reservabat
1287 1518 1464 1580 pater,
1513 1513 1689 1576 illam,
1740 1527 1865 1582 quae
1906 1510 2064 1569 ’Nuba

422 1585 546 1654 psit
579 1583 861 1638 Carnaine
897 1582 1016 1650 [seu
1050 1582 1362 1636 Alexandri
1395 1585 1585 1654 Magni
1617 1582 1704 1639 vel
1739 1585 1930 1653 potius
1969 1586 2064 1635 τοῦ

424 1650 737 1726 δικέρωτος]
769 1654 1080 1726 appellatur
1119 1663 1172 1707 et
1223 1655 1300 1726 bis
1346 1670 1444 1726 per
1488 1650 1652 1721 diem,
1699 1650 1907 1710 oriente
1952 1657 2065 1710 sole

423 1734 474 1781 et
521 1724 816 1789 occidente,
857 1725 1185 1778 celebratur.
1220 1724 1311 1779 His
1356 1725 1627 1781 destinata
1665 1727 1822 1782 nubis
1859 1729 2063 1781 instru-

421 1803 862 1870 mentanumero
910 1803 1074 1849 erant
1103 1795 1302 1864 viginti
1340 1805 1542 1870 septem
1573 1810 1842 1870 tympana
1871 1815 2060 1866 aurea,

421 1867 651 1936 gemmis
685 1866 853 1922 variis
883 1877 1098 1932 ornata,
1133 1881 1277 1936 quae,
1310 1883 1414 1938 quo
1443 1869 1534 1923 die
1562 1866 1803 1938 primum
1841 1871 2064 1924 institu-

2181 867 2442 924 innatam
2476 871 2871 940 cupiditatem,
2895 870 3119 938 abjecta
3140 867 3633 934 dissimulatione,
3667 884 3825 922 exer-

2179 955 2304 1012 cere
2339 943 2742 1012 majorumque
2771 942 3052 1012 deposita,
3084 941 3459 995 ecclesiarum
3494 940 3631 993 ﬁdei
3665 955 3825 993 com-

2179 1011 2384 1075 missa,
2418 1014 2527 1068 sibi
2560 1011 2851 1083 arrogare,
2888 1020 3320 1082 repetentesque
3357 1027 3454 1078 per
3485 1012 3601 1064 vim
3637 1026 3824 1083 arcere

2177 1088 2235 1154 et
2256 1083 2325 1136 ad
2351 1083 2650 1138 silentium
2676 1081 2963 1154 redigere;
2982 1083 3451 1154 Cujusnequitia
3486 1081 3818 1149 exemplum

2179 1151 2357 1208 habes
2403 1158 2462 1209 in
2514 1151 3180 1210 Chronico'Cassinensi
3228 1151 3398 1222 1,26.
3445 1153 3822 1208 Consuevisse

2177 1224 2314 1278 olim
2369 1243 2642 1281 nummos
2673 1231 2730 1280 et
2762 1225 3182 1294 supellectilem
3232 1224 3292 1279 in
3333 1224 3622 1290 ecclesiis,
3659 1230 3723 1278 ut
3764 1226 3818 1278 in

2178 1295 2298 1351 loco
2329 1300 2470 1363 tuto,
2505 1299 2714 1367 deponi
2756 1299 3101 1367 repetendos
3131 1314 3164 1351 a
3197 1296 3594 1366 proprietariis
3630 1296 3816 1367 iisque

2176 1367 2520 1440 reddendos,
2555 1366 2710 1440 patet
2740 1366 2960 1440 ex’ioco
2993 1367 3245 1440 Gregorii
3281 1367 3353 1421 M.
3391 1367 3453 1420 L.
3487 1368 3556 1432 ΙΙ,
3592 1368 3718 1440 ind.
3748 1366 3823 1434 ΙΙ,

2175 1454 2266 1508 ep.
2321 1439 2409 1507 49,
2465 1437 2572 1494 ubi
2612 1441 2758 1496 inter
2806 1437 2920 1493 alia
2967 1437 3183 1508 (locum
3235 1439 3526 1509 integrum
3561 1439 3682 1509 idat
3736 1442 3816 1492 Du

2175 1509 2477 1600 Ganges;
2543 1512 2893 1600 Desusceptu)
2951 1511 3072 1594 haec
3105 1510 3305 1600 'habst
3355 1508 3379 1563 ξ
3423 1508 3649 1600 Clerici}
3707 1510 3821 1600 ejuf

2175 1577 2474 1653 [ecclesiae]
2507 1599 2536 1634 a
2577 1586 2708 1652 pari
2763 1577 2893 1653 [ἀπὸ
2951 1585 3047 1634 τοῦ
3105 1577 3248 1649 ἴσου,
3306 1595 3374 1634 ex
3431 1581 3608 1651 copia]
3663 1577 3819 1653 aliud

2171 1651 2354 1720 facere
2425 1651 2792 1725 desus’ceptum
2855 1653 3048 1724 {hodie
3105 1653 3354 1707 dicimus
3412 1651 3705 1725 Recepisse]
3767 1661 3815 1707 te

2171 1725 2438 1788 convenit,
2474 1728 2531 1796 in
2580 1723 2684 1796 quo
2724 1731 2821 1780 tua
2858 1723 3188 1795 fraternitas
3220 1726 3492 1791 fateatur,
3525 1725 3622 1793 qui
3659 1723 3819 1778 desu-

2171 1802 2412 1865 sceptum
2449 1795 2514 1850 de
2555 1795 2750 1851 iisdem
2787 1799 2950 1854 rebus
2980 1799 3039 1849 in
3068 1797 3271 1850 scrinio
3316 1800 3494 1848 nostro
3535 1796 3820 1858 emiserat,

2173 1866 2342 1936 [forte
2384 1867 2506 1920 vult
2554 1868 2782 1922 dicere:
2819 1868 3071 1931 fatearis,
3104 1872 3158 1921 te
3189 1868 3258 1920 ab
3299 1865 3405 1920 hoc
3445 1865 3530 1920 vel
3575 1865 3671 1919 illo
3714 1865 3819 1921 hoc

424 1943 539 2012 tum
560 1939 766 2012 fuit,ut
796 1938 1153 2012 pulsarentur
1173 1956 1206 1992 a
1230 1936 1456 1993 totidem
1479 1936 1642 2011 primi
1671 1943 1882 1998 ordinis
1905 1941 2064 2012 prin-
2097 1939 2144 2003 B
2175 1938 2257 1991 vel
2309 1936 2448 2012 illud
2476 1938 2550 2012 fin
2603 1940 3046 2012 scenOphylacio
3097 1937 3353 2012 ecclesia:
3403 1937 3814 2012 deponendum

421 2011 655 2080 cipibus,
674 2011 984 2065 Solthanico
1013 2012 1278 2079 sanguine
1304 2012 1488 2076 cretis,
1519 2011 1988 2078 percutiebantur.

496 2082 608 2154 (63)
639 2083 780 2137 Toto
827 2082 933 2154 hoc
975 2097 1179 2150 sparsa
1226 2083 1412 2152 capite
1462 2082 1749 2140 habemus
1801 2083 2064 2154 exempla

419 2153 690 2208 vasorum
751 2153 1156 2224 pretiosorum,
1215 2168 1245 2207 e
1305 2157 1672 2211 monasteriis
1730 2161 1787 2210 et
1845 2153 2063 2210 aedibus

422 2226 600 2280 sacris
631 2227 1103 2295 depromptorum
1125 2227 1185 2296 et
1204 2225 1612 2296 ostentationis
1635 2243 1813 2283 causa
1843 2232 2064 2296 specta-

422 2301 547 2351 tum
581 2294 995 2367 expositorum.
1029 2295 1190 2360 Quod
1225 2294 1377 2351 clare
1410 2305 1716 2360 monstrat.
1749 2294 1978 2353 illorum
2011 2299 2062 2354 si

423 2369 562 2438 quid
593 2366 859 2438 vasorum
910 2366 1301 2438 imperatores
1321 2368 1379 2421 in
1412 2368 1668 2424 ecclesiis
1699 2371 2058 2436 dedicarem,

423 2437 540 2493 non
572 2455 638 2492 eo
667 2437 911 2493 consilio
945 2438 1158 2491 factum
1192 2437 1249 2490 id
1284 2437 1480 2503 fuisse,
1516 2446 1578 2492 ut
1607 2441 1869 2495 ecclesiis
1900 2443 2061 2495 omni

422 2527 490 2564 ex
522 2515 681 2577 parte
721 2510 1346 2580 donarent,__suumque
1386 2525 1558 2564 omne
1589 2510 1648 2565 in
1680 2527 1808 2566 eam
1857 2512 2059 2580 supel-

422 2576 670 2634 lectilem
711 2580 813 2648 jus
843 2576 1104 2651 ecclesiis
1147 2576 1545 2648 permitterent
1583 2586 1749 2651 atque
1791 2576 2064 2636 transcri-

421 2651 642 2720 berent,
666 2651 764 2704 sed
791 2648 1157 2718 deponebant
1179 2665 1246 2704 ea
1269 2648 1674 2708 tantummodo
1695 2652 1756 2710 in
1778 2653 2060 2718 ecclesiis,

422 2729 484 2776 ut
514 2722 658 2792 ipsis
689 2729 1051 2794 ornamento,
1091 2721 1388 2776 interdum
1421 2739 1651 2794 quoque
1683 2725 1813 2779 usui
1846 2733 2060 2792 essent,

422 2795 700 2864 tantisper
730 2793 914 2866 donec
939 2793 1278 2866 _necessitas
1307 2793 1529 2850 veniret
1558 2793 1694 2852 eam
1726 2797 1861 2852 inde
1901 2813 2060 2866 repe-

423 2862 621 2939 tendi';
651 2865 890 2939 quando
939 2862 1151 2920 licebat
1199 2866 1644 2935 imperatoribus
1674 2873 1730 2924 et
1767 2867 1928 2936 ipsis,
1962 2862 2061 2939 qui

421 2937 850 3008 deposuissent,
883 2943 938 2992 et
981 2952 1184 3008 eorum
1238 2940 1689 3008 successoribus,
1731 2939 1922 2995 ablata
1970 2937 2058 2994 vel

421 3007 741 3074 restituere,
789 3009 838 3062 si
889 3007 1115 3077 vellent,
1167 3007 1251 3062 vel
1295 3025 1542 3075 servare,
1595 3027 1870 3065 nummos
1926 3011 2060 3065 inde

420 3083 630 3133 cudere
660 3079 891 3148 alioque
925 3082 1091 3132 modo
1124 3079 1180 3132 in
1218 3095 1356 3134 usus
1388 3097 1528 3134 suos
1560 3087 1912 3136 convertere.
1946 3081 2061 3135 Ne-

419 3165 528 3216 que
560 3159 748 3202 tamen
787 3147 1031 3216 legimus
1062 3150 1418 3216 patriarchas
1449 3153 1834 3207 obmutuisse.
1871 3152 2059 3208 Unum

419 3219 751 3291 illum_(non
775 3217 1058 3291 succurrit
1088 3234 1244 3272 nunc
1275 3223 1508 3291 nomen)
1527 3222 1719 3277 Alexio
1741 3223 2060 3288 Comneno,

2174 2011 2492 2078 accepisse]
2529 2015 2814 2080 quatenus,
2849 2009 2978 2065 dum
3016 2025 3243 2080 necesse,
3267 2009 3460 2075 fuerit,
3493 2009 3817 2078 competenti

2170 2095 2412 2154 personis
2470 2096 2554 2134 res
2597 2098 2783 2154 omnes
2823 2083 3031 2154 possint
3059 2084 3174 2136 sine
3214 2079 3534 2154 detrimento
3574 2082 3814 2154 restitui,

2172 2156 2229 2204 et
2262 2152 2300 2206 Ι.
2333 2152 2432 2218 Ill,
2465 2167 2555 2222 ep.
2593 2154 2694 2208 16:
2731 2150 2992 2210 Omnium
3033 2167 3219 2207 rerum
3270 2167 3380 2204 non
3427 2151 3603 2205 solum
3657 2150 3817 2206 desu-

2172 2229 2354 2290 scepta
2401 2238 2509 2289 eos,
2543 2225 2637 2293 qui
2682 2241 2773 2279 eas
2818 2226 3058 2291 tradunt,
3099 2225 3372 2291 percipere
3419 2223 3692 2287 volumus,
3734 2222 3822 2277 sed

2172 2297 2338 2348 etiam
2368 2311 2398 2347 a
2431 2299 2486 2348 te
2512 2295 2738 2350 notitias
2776 2313 2969 2352 earum
3006 2294 3286 2349 subtiliter
3327 2293 3405 2363 [id
3437 2299 3526 2348 est
3554 2293 3819 2364 sollicite]

2174 2367 2424 2419 retineri.
2459 2367 2656 2421 Adhuc
2709 2368 2881 2424 hodie
2929 2367 3113 2422 solere
3159 2369 3383 2420 Graecos
3430 2365 3489 2418 in
3534 2366 3656 2420 solo
3709 2381 3820 2420 non

2175 2436 2362 2508 patrio
2413 2437 2756 2494 decedentes
2788 2457 2920 2494 suas
2949 2453 3089 2508 opes,
3118 2435 3540 2508 monachorum
3583 2451 3819 2508 suorum

2174 2506 2323 2582 ﬁdei
2366 2509 2750 2582 committere,
2805 2506 3021 2582 eosque
3080 2507 3322 2571 hortari,
3374 2513 3440 2582 ut
3490 2507 3818 2582 heredibus

2173 2577 2578 2660 ilagitantibus
2603 2582 2863 2660 reddant,
2900 2577 3015 2660 hoc.
3033 2584 3396 2660 echaprum
3429 2577 3816 2660 hortul’a'rium

2173 2649 2379 2711 facere,
2411 2655 2662 2705 testatur
2707 2649 2969 2709 Gerlach.
3003 2653 3062 2704 in
3095 2649 3283 2705 Diario
3331 2650 3562 2704 Itineris
3611 2649 3821 2705 CPtani

2172 2735 2228 2791 p.
2281 2720 2403 2775 477.
2451 2723 2663 2776 Eadem
2720 2725 2859 2780 olim
2911 2725 2968 2778 in
3017 2719 3184 2776 Italia
3224 2724 3282 2776 et
3327 2721 3625 2776 occidente
3679 2737 3818 2776 nos-

2171 2797 2264 2864 tro
2311 2797 2455 2864 ierat
2513 2795 2712 2861 facies,
2770 2797 2923 2850 idem
2982 2792 3199 2864 agendi
3255 2808 3382 2846 mos
3439 2797 3612 2864 atque
3668 2793 3820 2864 apud

2172 2861 2416 2938 Colchos
2447 2864 2533 2920 vel
2568 2866 2902 2938 Mingrelios
2933 2861 3202 2938 Rusbekii
3218 2871 3430 2938 _aatal_e,_
3447 2862 3555 2918 hoc
3577 2861 3818 2938 astante

2173 2933 2286 2988 duo
2337 2935 2452 2989 fere
2484 2933 2718 3004 saecula,
2749 2941 2816 2992 de
2849 2938 3062 3006 quibus
3092 2935 3189 2989 ille
3217 2935 3318 3006 Ep.
3357 2934 3456 3001 ΙΙΙ,
3490 2952 3546 3006 ρ.
3582 2934 3706 3000 153,
3736 2935 3819 2990 sic

2172 3015 2420 3080 narrat:
2468 3007 2698 3074 Argenti
2747 3010 2961 3080 signati
3017 3008 3312 3080 minimum
3366 3021 3532 3076 penes
3580 3021 3666 3060 eos
3717 3010 3814 3070 est,

2169 3079 2488 3144 argenteum
2535 3079 2824 3134 nummum
2873 3085 3076 3134 norunt
3125 3079 3306 3145 pauci,
3337 3093 3569 3131 aureum
3597 3079 3818 3146 paucio-

2170 3161 2278 3217 res,
2325 3146 2530 3202 habent
2576 3151 2693 3217 fere
2739 3150 2906 3205 nulli.
2957 3181 3026 3189 —
3075 3150 3310 3203 Eatenus
3357 3156 3540 3203 tamen
3595 3156 3820 3214 argento

2170 3216 2337 3292 honos
2393 3227 2486 3286 est,
2536 3216 2613 3286 ut,
2666 3220 2715 3275 si
2773 3221 2915 3292 quod
2953 3237 2980 3276 e
3022 3219 3438 3290 peregrinorum
3493 3218 3817 3292 commercio

419 3290 477 3344 ni
529 3287 718 3366 lall_or,
767 3287 1208 3366 e_x_probrantem
1259 3287 1514 3366 extracta
1545 3307 1574 3346 e
1603 3294 1791 3348 sacris
1838 3287 2062 3349 aedibus
2095 3297 2140 3366 ο
2171 3288 2452 3366 redactum
2489 3293 2617 3359 luit,
2652 3299 2711 3366 ut
2739 3287 2862 3363 ﬁeri
2891 3287 3231 3366 necesseest,
3264 3291 3324 3344 id
3354 3306 3522 3366 omne
3555 3290 3626 3366 ad
3659 3306 3816 3366 usum

417 3377 553 3437 vasa
585 3359 976 3437 VDeo_dicats
1029 3363 1085 3413 et
1140 3361 1440 3416 Saracenis
1508 3370 1824 3437 monstrata
1877 3382 2062 3437 eoque

418 3430 654 3505 polluta,
683 3432 1122 3505 minantemque
1151 3437 1375 3488 tantum
1408 3449 1520 3490 non
1554 3435 1884 3505 imperatori
1917 3430 2060 3492 ana-

418 3503 638 3579 ihema,
675 3501 840 3558 facile
890 3503 1048 3579 regia
1097 3505 1375 3579 majestas
1428 3505 1484 3559 in
1534 3501 1798 3563 ordinem
1849 3509 2057 3579 coegit.

417 3575 861 3630 insolescentem
886 3572 1038 3627 ultra
1061 3575 1380 3632 sacerdotis
1414 3579 1648 3632 modum
1672 3585 1728 3634 et
1750 3580 1920 3635 rebus
1945 3572 2060 3636 non

420 3646 543 3702 suis
572 3646 813 3715 cupidos
842 3643 1040 3700 oculos
1069 3644 1482 3702 immittentem
1515 3653 1569 3704 et
1600 3650 1672 3704 ad
1704 3650 1891 3706 Latini
1920 3652 2059 3708 cleri

417 3718 742 3792 exemplum
778 3715 1100 3792 __tyrannidi
1174 3716 1579 3792 insidiantem.
1625 3721 1812 3776 Latini
1878 3723 2057 3792 enim,

417 3789 620 3864 procul
650 3805 684 3844 a
714 3787 847 3845 telis
899 3788 1279 3857 imperatorias
1321 3791 1619 3864 potestatis
1671 3794 1843 3864 positi
1875 3799 1931 3849 et
1961 3787 2061 3848 do;

420 3860 730 3936 minisnon
750 3867 866 3914 tam
893 3860 1371 3936 parentes,quam
1397 3860 2060 3936 dominan'tes,aquibus

418 3931 492 3986 ob
564 3931 889 4006 litterarum
970 3932 1355 4006 ignorantiam
1434 3933 1730 4005 impetrari
1771 3931 2059 4006 'po—terant

418 4003 634 4076 omnia,
666 4002 854 4076 inulto
887 4003 1070 4076 malas
1103 4001 1209 4058 has
1253 4008 1409 4076 artes
1449 4001 1813 4073 exercebant,
1843 4008 2058 4076 quibus

417 4090 532 4128 non
565 4072 907 4129 Christianae
940 4075 1019 4128 rei
1043 4089 1202 4143 opes,
1229 4075 1328 4128 sed
1354 4075 1547 4144 ignavi
1581 4093 1769 4131 rerum
1799 4072 2055 4144 publica-

418 4161 546 4199 rum
604 4147 932 4200 turbatores
981 4151 1036 4198 et
1083 4145 1312 4199 scelesti
1346 4146 1708 4215 hypocrita,
1759 4147 2057 4202 innocenti

417 4215 776 4285 simplicitati
829 4215 1072 4285 illudere
1097 4219 1170 4285 et
1203 4213 1487 4285 insultare
1527 4216 1668 4284 nati,
1695 4213 2056 4273 crescebant.

415 4284 561 4357 Cum
629 4286 810 4350 enim,
867 4284 1037 4357 Italia
1094 4284 1361 4357 barbaris
1427 4287 1696 4357 gentibus
1761 4288 2059 4345 obundata

417 4355 1071 4432 exstirpatisquebonis
1101 4355 1376 4432 omnibus
1404 4355 1623 4432 artibus
1643 4364 1716 4432 _et
1747 4359 1919 4432 paulo
1951 4361 2058 4416 hu—

418 4427 787 4499 manioribus
835 4425 1121 4499 civilibus,
1158 4426 1448 4485 institutis
1497 4425 1768 4486 omnibus
1821 4435 2053 4499 exactis,

417 4498 591 4552 rudes
621 4496 793 4552 Gothi
825 4501 882 4551 et
915 4497 1273 4574 Langobardi
1303 4501 1523 4574 teraria,
1551 4503 1604 4557 in
1640 4505 1853 4574 quibus
1885 4496 2053 4559 num;

417 4584 741 4644 mos_s_uos
802 4571 1138 4644 conderent,
1183 4571 1388 4640 privati
1451 4571 1717 4630 homines
1773 4580 1829 4630 et
1885 4593 2058 4644 parva

416 4639 737 4711 municipia
776 4657 890 4715 non
924 4639 1228 4715 haberent,
1260 4659 1449 4715 neque
1479 4644 1683 4701 litteris
1713 4639 2057 4703 mandarent

416 4727 610 4786 rerum
644 4712 976 4786 memorias,
1011 4711 1113 4767 sed
1142 4711 1520 4786 eorum'fidei
1563 4733 1668 4772 sua
1709 4719 1926 4782 omnia,
1959 4719 2056 4786 qui

415 4785 608 4870 verbis
658 4783 847 4866 magis
894 4788 950 4838 et
998 4785 1203 4839 astulis
1259 4786 1537 4870 strophis,
1573 4805 1764 4870 quam
1803 4789 1940 4870 ipsa
1979 4783 2057 4845 're

417 4856 818 4931 sanctimoniae
875 4859 1338 4931 magnamapud
1381 4856 1685 4929 imperitos
1724 4856 2056 4931 opinionem

418 4929 487 5003 de
537 4945 598 5003 se
645 4927 951 5003 faciebant,
983 4943 1049 4980 eo
1092 4927 1284 5003 fiebat.
1320 4934 1383 4983 ut
1425 4927 1646 5003 creduli
1676 4939 1732 4985 et
1761 4927 2059 5003 simplices

417 4997 710 5073 homines,
726 4999 1164 5073 decedeniesde
1185 4999 1298 5054 vita
1315 5004 1413 5054 aut
1433 5001 1610 5055 etiam
1633 5003 1818 5073 vegeti
1841 4997 2055 5071 adhuc,

416 5071 466 5126 si
500 5072 638 5140 quid
682 5085 854 5137 opum
895 5069 1284 5140 collegissent,
1327 5073 1474 5140 quod
1508 5069 1734 5127 furibus
1767 5069 2058 5130 servatum

413 5139 648 5213 vellent,
683 5141 741 5196 id
784 5142 935 5213 apud
988 5139 1304 5213 monachos
1343 5139 1403 5196 et
1437 5143 1494 5197 in
1535 5142 1816 5210 ecclesiis,
1851 5145 2062 5202 tutiora

413 5211 557 5280 loca,
584 5213 800 5284 quibus
822 5211 1302 5286 committeretur.
1331 5213 1655 5269 nescientes
1679 5216 2058 5286 deponerent,

417 5283 812 5356 mandato,rut
855 5283 963 5356 sibi
999 5290 1296 5339 servarent
1327 5292 1500 5356 atque
1532 5283 1856 5352 redderent,
1891 5288 1939 5341 si
1972 5287 2059 5342 vel

416 5355 551 5423 ipsi,
575 5357 658 5412 vel
684 5355 790 5420 illi,
815 5355 886 5410 ad
911 5371 1054 5424 quos
1083 5371 1282 5410 eorum
1320 5355 1623 5412 haereditas
1654 5366 1704 5411 et
1736 5359 2060 5414 dominium

414 5429 688 5500 deinceps
722 5430 878 5500 esset
909 5435 1344 5500 perventurum,
1379 5429 1490 5484 sibi
1526 5429 1688 5483 reddi
1719 5434 1914 5484 essent
1957 5446 2056 5500 po-

413 5498 1163 5571 stulaturi.ASeirvatafinitio
1195 5516 1298 5569 per
1329 5499 1561 5569 paulum
1594 5505 1826 5571 tempus
1857 5498 1974 5554 fuit
1996 5517 2063 5556 ea

413 5570 560 5626 ﬁdes
587 5589 601 5638 ;
634 5569 844 5625 deinde
875 5570 1177 5642 vacillante
1208 5579 1264 5624 et
1294 5577 1674 5642 evanescente
1701 5569 1996 5642 gestorum
2029 5589 2063 5626 a

411 5642 737 5712 majoribus
765 5640 1119 5694 traditionali
1155 5643 1455 5708 memoria,
1480 5640 1732 5712 cleriqué
1763 5652 1930 5698 aucta
1965 5660 2064 5712 per

414 5709 693 5784 iaicorum
750 5717 1046 5782 stuporem
1091 5717 1146 5784 et
1186 5729 1323 5780 opes
1368 5709 1654 5784 potentia,
1687 5717 1917 5779 quando
1966 5709 2064 5770 aut

413 5778 614 5850 liceret
642 5781 816 5836 latere
850 5778 1401 5850 'proevaricantibus,
1453 5789 1554 5838 aut
1591 5778 1659 5839 ad
1706 5778 2059 5842 reddendum

415 5848 604 5903 aliena
637 5851 766 5919 cogi
797 5867 830 5906 a
861 5848 1012 5905 veris
1042 5853 1298 5908 dominis
1330 5871 1443 5910 non
1475 5862 1731 5928 possent,
1766 5863 2064 5930 coeperunt

2171 3364 2501 3432 templorum
2553 3365 2898 3432 conferatur,
2955 3363 3208 3418 crucibus
3256 3370 3354 3416 aut
3409 3363 3676 3416 calicibus
3725 3365 3817 3415 aut

2169 3430 2302 3486 aliis
2350 3430 2674 3502 templorum
2733 3430 3078 3491 ornamentis
3134 3433 3442 3503 conﬂandis
3470 3451 3488 3486 :
3531 3450 3649 3504 qua
3691 3449 3821 3489 rea:-

2169 3505 2268 3558 ubi
2297 3504 2492 3570 visum,
2523 3522 2622 3578 per
2665 3507 2909 3578 publica:
2954 3506 3304 3578 necessitatis
3354 3505 3587 3575 speciem
3631 3507 3820 3578 omnia

2170 3580 2444 3645 convasat,
2475 3577 2546 3632 ad
2575 3576 2738 3646 seque
2769 3579 2983 3634 avertit.
3017 3577 3110 3632 Sic
3151 3591 3384 3647 quoque
3416 3580 3611 3630 narrat
3654 3576 3815 3647 Athe,

2174 3661 2334 3700 nisus
2447 3664 2500 3716 p.
2579 3650 2704 3713 337,
2795 3651 2867 3704 de
2950 3646 3396 3717 aliquo'divite
3479 3646 3815 3717 Atheniensi

2173 3717 2346 3790 paulo
2379 3714 2507 3790 post
2539 3720 2754 3790 bellum
2791 3714 3224 3790 Persicum._quj
3260 3714 3462 3790 ᾔτησεν
3497 3715 3815 3786 Ἀθηναίους

2169 3785 2300 3840 ἱτοτὲ
2327 3785 2711 3863 ἒνλᾲκροπόλᾼει
2738 3790 2925 3863 τόπον)
2950 3786 3035 3863 Δ’ἶν’
3066 3785 3490 3863 οἷκξδομήσετᾳι
3519 3785 3637 3863 rei:
3671 3790 3819 3863 χρῇ-

2217 3879 2332 3934 aciv
2393 3857 2532 3913 δπόυ
2577 3860 2863 3934 ’κςίσεααμ-
2897 3859 3098 3934 λέγων,
3149 3859 3223 3916 ὡς
3263 3857 3382 3934 ὀρκ
3439 3857 3724 3934 aemulae"
3754 3857 3813 3914 ὃν

2217 3879 2332 3911 ασιν
2393 3879 2532 3913 οπου
2591 3879 2848 3929 κείσεται,
2902 3879 3098 3934 Λεγων,
3149 3879 3223 3916 ως
3283 3879 3382 3912 ουκ
3439 3879 3698 3922 acea/tm:
3754 3880 3813 3914 ον

2169 3879 2688 4006 ᾗᾼῖδιωτικῇᾼοῖκίᾳ
2735 3931 2921 3986 πολλὰ
2969 3933 3232 4006 χρήματα
3280 3931 3438 3984 εἶναι’
3485 3931 3576 4006 κᾳὶ
3625 3927 3814 3986 ἔδοσαν

2170 4003 2840 4069 Ἀθηναῖοι.ΕΧθΙὈιιὶεεθ
2860 4003 3613 4074 Graecosimperatoresjus
3636 4021 3810 4059 suum

2170 4075 2226 4127 in
2259 4091 2367 4146 sua
2397 4079 2454 4129 et
2484 4076 2919 4146 deprompsisse
2957 4093 3094 4131 vasa
3123 4092 3192 4130 ex
3221 4075 3478 4132 ecclesiis
3510 4075 3582 4131 ad
3613 4092 3813 4145 usum,

2169 4145 2435 4200 cordatos
2471 4145 2677 4217 nempe
2711 4145 2840 4204 illos
2870 4156 2924 4202 et
2953 4162 3082 4202 vere
3114 4146 3286 4209 viros,
3331 4146 3812 4202 muliercularum

2168 4221 2224 4270 et
2285 4219 2700 4274 monachorum
2773 4218 3257 4274 terriculamentis
3324 4234 3440 4272 non
3512 4219 3810 4284 obnoxios,

2168 4292 2403 4360 constat
2446 4304 2577 4344 cum
2614 4291 2720 4346 hoc
2751 4308 2781 4347 e
2809 4290 2934 4346 loco
2963 4295 3021 4345 et
3053 4289 3253 4360 multis
3282 4289 3409 4344 aliis
3440 4289 3618 4360 hujus
3659 4290 3813 4346 Ceri-

2171 4359 2466 4426 monialis,
2500 4367 2622 4416 tum
2657 4379 2687 4417 e
2721 4362 2929 4418 Leonis
2970 4359 3213 4416 Chazari
3253 4359 3534 4427 exemplo,
3566 4360 3667 4430 qui
3715 4361 3815 4415 de-

2168 4429 2422 4502 positum
2462 4431 2531 4485 ab
2581 4433 2834 4489 Heraclio
2867 4433 2925 4486 in
2959 4433 3166 4502 Magna
3195 4431 3437 4486 ecclesia
3469 4429 3720 4487 stemma
3749 4447 3815 4487 ex

2165 4517 2265 4555 ara
2295 4501 2669 4574 depromebat
2699 4510 2755 4559 et
2779 4509 2833 4558 in
2868 4501 3238 4574 processione
3269 4503 3520 4573 quadam
3554 4505 3809 4574 gerebat.

2167 4577 2210 4624 Α
2235 4588 2349 4642 qua
2373 4588 2503 4643 cum
2536 4573 2688 4626 haud
2722 4573 2903 4628 multo
2934 4581 3061 4643 post
3084 4575 3198 4628 fato
3227 4591 3333 4628 suo
3355 4573 3680 4638 decederet,
3703 4573 3814 4629 cla-

2167 4641 2405 4716 mabant
2453 4641 2722 4698 infruniti
2773 4641 3017 4700 Graeculi
3069 4645 3260 4700 clerici
3301 4651 3358 4699 et
3400 4660 3563 4716 aeque
3617 4645 3810 4700 fatuus

2167 4714 2572 4787 Theophanes,
2606 4731 2736 4770 eum
2770 4716 2829 4771 in
2861 4717 3067 4787 capite,
3101 4732 3219 4785 quo
3260 4714 3573 4787 peccasset,
3607 4716 3809 4772 visibi-

2170 4784 2299 4841 liter
2330 4790 2385 4840 et
2417 4800 2448 4839 e
2480 4787 2721 4855 vestigio
2754 4784 3022 4857 punitum
3055 4805 3087 4840 a
3117 4784 3228 4842 Deo
3268 4786 3448 4857 fuisse
3479 4793 3652 4843 enato
3685 4803 3808 4843 car-

2169 4857 2337 4930 bone.
2363 4860 2420 4911 et
2442 4857 2705 4930 phrenesi
2730 4856 3080 4930 correptum.
3097 4856 3557 4930 ’Anmepaxaen,
3581 4860 3804 4930 dicunt,

2169 4925 2222 5004 ἔξν
2248 4930 2339 5004 *τῇ
2388 4924 2599 5004 κεήφαλλῇ
2658 4927 2763 5004 nail
2803 4924 2974 4996 καπέήν
3032 4924 3591 5004 κᾳκῶῥτῆινψμγῆν
3653 4924 3810 5004 diiin

2169 4996 2339 5074 pqu,_
2365 5004 2466 5074 τῆς
2519 4996 2831 5074 ἱεροσυλίας
2877 4999 3244 5074 κομισάμενος
3281 4999 3348 5053 τὰ
3374 4996 3651 5074 ξτὲίχειρᾳ.
3686 4996 3808 5057 Non

2169 5069 2540 5142 sacrilegium
2573 5069 2884 5138 commisit,
2903 5069 3117 5137 o'boni,
3144 5073 3276 5137 Leo,
3301 5072 3398 5127 sed
3433 5069 3812 5128 non'sinebat

2167 5159 2269 5196 vos
2318 5143 2547 5208 alienis,
2583 5144 2653 5198 ad
2685 5161 2787 5199 vos
2819 5143 2963 5198 nihil
2994 5143 3316 5214 quidquam
3361 5143 3810 5213 pertinentibus,

2168 5214 2465 5286 incubare.
2486 5215 2659 5269 Hodie
2682 5213 3180 5286 ineptaejusmodi
3204 5213 3504 5286 ratiocinia
3527 5215 3808 5272 ridemus.

2171 5286 2277 5341 Sed
2313 5285 2540 5340 corollae
2571 5286 2657 5339 hae
2688 5285 2822 5340 sunt
2851 5285 3079 5340 virtutis
3105 5285 3532 5356 praemia,quas
3561 5290 3673 5341 Leo
3701 5301 3811 5342 non

2169 5356 2422 5430 tulisset,
2444 5357 2511 5430 si
2539 5356 2729 5430 mollis
2759 5355 3428 5430 etiindulgensignavis
3461 5365 3519 5430 et
3552 5373 3810 5430 nequam

2169 5428 2404 5499 agyrtisi
2433 5428 2660 5484 fuisset.
2693 5429 2855 5484 Gonf.
2889 5427 3256 5483 Constantin.
3292 5428 3363 5484 de
3407 5429 3628 5482 admin.
3655 5427 3812 5499 'Imp.

2172 5515 2228 5570 p.
2250 5497 2350 5563 ’63,
2379 5497 2470 5565 64,
2503 5501 2594 5555 ed.
2630 5500 2882 5554 Bandur.
2907 5500 3117 5570 [Aurea
3145 5515 3284 5570 vasa
3313 5516 3342 5554 e
3373 5499 3608 5569 templis
3637 5497 3813 5554 sumit

2171 5569 2228 5626 et
2278 5586 2390 5625 non
2452 5571 2640 5625 reddit
2695 5569 2948 5626 Isaaciu’s
3005 5569 3280 5640 Angelus,
3339 5571 3519 5625 Nicet.
3572 5586 3628 5640 p.
3683 5570 3810 5625 200.

2172 5657 2362 5711 seqq.,
2411 5640 2546 5696 item
2589 5660 2644 5711 p.
2696 5643 2821 5709 233,
2875 5660 2933 5698 n.
2982 5642 3038 5709 7,
3083 5642 3208 5712 253,
3260 5642 3309 5694 1.
3363 5640 3526 5695 Cont'.
3583 5657 3638 5710 p.
3680 5641 3814 5707 294,

2171 5714 2294 5766 296.
2331 5717 2446 5767 Mos
2492 5714 2753 5769 dedicata
2797 5715 2854 5767 in
2907 5712 3136 5781 templis
3184 5727 3324 5766 usus
3369 5717 3629 5780 tempore
3677 5728 3816 5782 pro-

2174 5784 2369 5839 mendi
2415 5785 2706 5856 derivatus
2751 5802 2786 5840 a
2819 5784 3157 5856 gentilibus,
3190 5782 3307 5856 vid.
3347 5782 3581 5856 Diodor,
3629 5782 3812 5856 Sicul.

2173 5861 2218 5912 t.
2236 5856 2306 5922 ll,
2322 5872 2376 5926 p.
2391 5855 2586 5925 73,68,
2603 5853 3069 5928 GregorfTuron.
3086 5854 3237 5926 apud
3258 5853 3539 5926 Gangium
3559 5870 3612 5910 v.
3629 5854 3814 5913 Palla.
