4120 6306
488 342 641 405 1059

1549 337 2056 402 CONSTANTIN
2065 339 2091 397 Ι
2135 335 2824 400 PORPHYROGENITI

3743 345 3890 408 1060

481 475 734 548 tropices
760 491 862 532 seu
892 473 1214 532 ambulacri
1236 473 1522 530 fornicati.
1546 472 1634 527 Ab
1663 476 1915 544 utraque
1935 473 2105 526 auten

2238 467 2462 537 ταύτης,
2494 466 2641 537 πλὴν
2673 470 2734 524 τὸ
2763 467 3172 544 ἀναδενδράδων
3201 477 3301 542 τῆς
3333 473 3645 548 μανναῦρας
3679 474 3745 529 οὐ
3771 498 3896 532 κατ-

480 575 640 636 parte
670 563 1077 621 columnarum
1121 579 1152 619 e
1199 561 1408 634 pannis
1437 564 1646 618 sendes
1674 560 1812 616 inde
1842 559 2122 616 fornicem

477 655 1061 727 sursumtegentibus
1093 669 1280 724 usque
1307 653 1375 708 ad
1409 651 1660 708 fundum
1693 649 2125 723 suspendeban-

476 750 576 800 tur
600 744 1003 814 scaramangia
1034 757 1265 813 magna,
1289 757 1322 796 a
1352 740 1569 813 palatio
1602 741 1998 813 suppeditata.
2024 739 2125 796 Le-

474 834 591 906 gati
640 833 879 904 Hispani
937 847 1069 888 cum
1116 831 1404 896 adessent,
1447 831 1878 903 recipiebantur
1921 829 2122 886 eodem

477 938 712 994 prorsus
742 922 935 986 modo,
967 925 1143 992 atque
1172 919 1257 974 illi
1289 921 1624 992 Tarsenses,
1657 937 1726 977 ea
1749 926 1978 976 tantum
2011 918 2122 974 dif-

477 1011 742 1081 ferentia,
775 1010 929 1082 quod
961 1010 1466 1066 anadendradium
1505 1009 1596 1066 vel
1627 1011 1967 1066 viridarium
1998 1025 2121 1064 ma-

473 1116 707 1170 gnaurze
727 1116 840 1156 non
866 1099 1078 1172 pannis
1103 1099 1333 1166 sendes,
1359 1100 1457 1156 sed
1482 1103 1668 1155 totum
1701 1098 2123 1170 scaramangiis

473 1194 809 1248 coornatum
882 1189 1075 1246 fuerit.
1123 1189 1634 1260 Suspendebantur
1697 1205 1929 1261 quoque
1982 1194 2122 1246 tunc

472 1295 648 1352 opera
678 1279 932 1337 materie
953 1279 1242 1352 pretiosae,
1267 1277 1527 1334 smaltita
1542 1277 1632 1334 vel
1651 1277 1922 1334 incausto
1945 1280 2119 1350 picta,

471 1385 502 1425 e
523 1369 763 1441 pbylace
785 1385 886 1425 seu
915 1367 1117 1423 aerario
1139 1367 1431 1423 dominico
1465 1368 1832 1440 deprompta.
1854 1367 2121 1440 Hispani,

471 1473 614 1530 quos
658 1458 798 1524 dixi,
833 1457 1080 1513 admissi
1130 1456 1362 1511 fuerunt
1402 1457 1495 1514 die
1549 1457 1620 1511 24
1673 1455 1958 1512 Octobris.
2009 1457 2120 1513 Sed

470 1549 644 1603 redeo
684 1548 756 1603 ad
797 1553 1044 1618 emptam
1083 1546 1472 1601 narrationem
1504 1545 1576 1602 de
1622 1544 1832 1617 legatis
1875 1545 2120 1602 Tarsen-

468 1637 652 1692 sibus.
688 1635 756 1692 in
786 1634 885 1690 illa
913 1635 1108 1705 itaque
1137 1633 1362 1704 tropica
1381 1649 1412 1689 e
1443 1633 1654 1704 pannis
1687 1634 1900 1690 sendes
1930 1635 2124 1691 conte-

467 1731 562 1781 cla
617 1724 1125 1795 suspendebantur
1189 1730 1402 1778 catenae
1461 1723 1902 1793 quatuordecim
1953 1741 2121 1779 aeneas

465 1815 862 1885 inargentate,
893 1827 961 1866 ex
985 1811 1311 1914 .H-ormisdes
1340 1811 1451 1914 (vel
1573 1813 1782 1884 Sergii)
1827 1820 2120 1870 monaste-
2152 1849 2198 1914 B

463 1905 547 1960 rio
577 1904 788 1976 petitae,
812 1910 867 1959 et
897 1902 1134 1958 totidem
1170 1902 1545 1973 polycandela
1575 1909 1853 1976 argentea
1883 1921 1950 1960 ex
1978 1904 2117 1968 Nea.

465 1999 525 2052 In
559 1997 777 2053 fornice
824 2001 1044 2064 autem,
1086 1993 1186 2066 qui
1218 1994 1279 2050 in
1315 1995 1634 2051 triclinium
1669 1997 2118 2053 candidatorum

469 2086 646 2152 ducit,
690 2101 976 2158 suspensa
1005 2088 1130 2140 erat
1159 2088 1364 2140 catena
1393 2101 1512 2142 una
1541 2101 1671 2141 cum
1696 2103 1810 2143 uno
1841 2088 2118 2159 polycan-

465 2175 612 2232 dolo.
633 2173 978 2230 Triclinium
1011 2172 1454 2229 candidatorum
1477 2173 1831 2232 instructum
1863 2181 1918 2232 et
1948 2193 2116 2232 orna-

457 2269 581 2320 tum
613 2265 800 2320 fuerat
847 2280 881 2318 a
910 2261 1211 2319 sacellario
1245 2263 1475 2334 magnis
1515 2263 1744 2320 blatteis
1781 2282 2114 2321 scaraman-

457 2354 571 2424 giis
611 2354 904 2424 variisque
949 2350 1241 2422 argenteis
1289 2349 1691 2421 imperialibus
1732 2354 2026 2424 operibus,
2059 2359 2116 2411 et

460 2443 710 2499 habebat
730 2443 990 2514 quinque
1011 2444 1263 2503 catenas,
1281 2453 1310 2494 e
1333 2440 1551 2510 quibus
1575 2441 1818 2496 totidem
1843 2449 2114 2513 argentea

458 2537 624 2586 Novae
653 2530 909 2586 ecclesiae
951 2526 1330 2599 polycandela
1361 2528 1784 2599 dependebant.
1819 2530 2110 2604 Spatium,

459 2620 616 2691 quod
677 2623 835 2674 extra
893 2615 1186 2672 stabulum
1241 2617 1535 2673 mulorum
1584 2622 1692 2682 est,
1754 2623 1810 2674 et
1858 2621 2108 2690 primam

458 2709 720 2765 scholam
748 2710 1052 2763 ornaverat
1078 2705 1386 2778 praefectus
1412 2705 1568 2763 urbis
1601 2708 1811 2779 pannis
1834 2709 2034 2766 sericis
2055 2715 2112 2767 et

453 2797 894 2870 haplomatibus
926 2811 1028 2852 seu
1061 2797 1244 2851 vastis
1276 2795 1551 2851 altarium
1587 2798 1816 2869 mappis
1847 2803 1903 2854 et
1933 2799 2111 2856 sindi-

453 2889 538 2946 cis
569 2892 960 2960 praetereaque
989 2885 1204 2942 aﬂ‘abre
1223 2885 1390 2942 factis
1420 2889 1476 2941 et
1498 2887 1815 2960 exsculptis
1833 2890 2105 2960 operibus

450 2978 762 3049 argenteis,
792 2976 866 3032 ad
912 2975 1071 3031 varia
1101 2974 1414 3047 hospitalia
1448 2976 1889 3046 peregrinorum
1921 2984 1978 3034 et
2010 2995 2105 3035 se-

450 3083 592 3122 num
622 3072 679 3122 et
708 3067 983 3122 ecclesias
1014 3065 1470 3134 pertinentibus,
1497 3069 1555 3119 et
1580 3063 1730 3120 alias
1766 3066 1846 3120 ibi
1881 3067 2108 3138 deposi.

2235 558 2518 629 εκοσμτςθη
2551 557 2658 612 ἀπὸ
2713 556 2907 627 πνὸὶς,
2941 557 3069 614 ἀλλ’
3119 559 3247 616 ὅλον
3297 559 3388 616 διὰ
3435 564 3891 639 σκαραμαγγίων,

2237 645 2495 718 μεγάλων
2522 648 2610 702 καὶ
2645 645 3051 723 ἐκρεμάσθησαν
3104 649 3155 704 ἐν
3202 651 3353 722 αὐτῷ
3399 653 3491 706 καὶ
3523 653 3588 706 te
3620 657 3892 732 χειμευτά

2233 727 2366 810 ἔργα
2395 739 2490 789 τοῦ
2538 735 2782 813 φύλακος
3033 739 3220 814 Γέγονε
3264 738 3322 794 δὲ
3379 742 3415 809 ἡ
3454 745 3563 796 τῶν
3621 727 3890 798 Ἶσπανῶν

2233 815 2376 896 δοχή
2411 822 2544 895 μηνὶ
2605 820 2923 899 Ὀκτωϐρίῳ
2977 822 3059 881 κδ’
3118 827 3332 896 Ἰστέον,
3383 827 3468 882 ὅτι
3523 828 3578 884 ἐν
3605 829 3779 904 ταύτῃ
3823 835 3889 904 τῇ

2229 914 2466 985 τροπικῇ
2513 915 2582 986 τῇ
2631 913 2737 968 ἀπὸ
2784 919 2890 968 τῶν
2949 913 3122 979 σενδὶς
3191 919 3685 993 κατασκευασθείσῃ
3734 918 3888 995 ἐκρε-

2236 998 2518 1070 μάσθησαν
2548 1000 2800 1056 ἀλυσίδια
2837 1002 3203 1082 ἀσπρόχαλκα
3255 1006 3322 1080 ιγ’
3369 1005 3475 1059 ἀπὸ
3524 1009 3633 1060 τῶν
3687 1006 3882 1079 Ὀρμί-

2232 1083 2361 1142 σδου
2417 1089 2507 1143 καὶ
2557 1089 2954 1162 πολυκάνὸηλα
3001 1093 3210 1168 ἀργυρᾶ
3239 1093 3344 1148 ἀπὸ
3381 1100 3481 1163 τῆς
3514 1094 3654 1156 Νέας
3690 1094 3884 1164 ἐκκλη-

2230 1175 2366 1238 σίας.
2399 1177 2503 1234 Καὶ
2535 1178 2610 1243 εἷς
2637 1181 2700 1234 τὸ
2731 1183 3017 1256 φουρνικὸν
3047 1185 3110 1238 τὸ
3157 1181 3340 1259 ἐξάγον
3373 1182 3448 1245 εἷς
3476 1185 3568 1238 τὸν
3601 1183 3884 1259 τρίκλινον

2228 1269 2336 1319 τῶν
2367 1264 2703 1323 κανδιδάτων
2743 1268 2920 1346 ἕτερον
2970 1268 3248 1326 ἀλυσίδιον
3295 1272 3341 1326 α’
3389 1273 3480 1326 καὶ
3526 1270 3882 1344 πολυκάνδη-

2231 1351 2327 1408 λον
2396 1358 2462 1412 α’.
2502 1357 2724 1429 ³1στέον,
2791 1358 2875 1414 ὅτι
2941 1361 2970 1414 ὁ
3043 1359 3322 1435 τρίκλινος
3379 1366 3487 1416 τῶν
3545 1359 3884 1418 κανδιδάτων

2230 1440 2540 1517 ἐξωπλῖσθη
2609 1449 2755 1522 παρά
2825 1452 2921 1504 τοῦ
2993 1448 3357 1524 σακελλαρίου
3431 1451 3538 1504 ἀπὸ
3609 1450 3882 1526 βλαττίων

2231 1535 2650 1611 σκαραμαγγίων
2705 1537 2954 1613 μεγάλων
3004 1539 3091 1592 καὶ
3154 1538 3258 1594 ἀπὸ
3331 1539 3632 1613 βασιλικῶν
3695 1538 3887 1618 διαφό-

2230 1644 2338 1696 ρων
2396 1625 2642 1702 ἀργυρῶν
2715 1626 2906 1704 ἔργων,
2983 1630 3073 1683 καί
3152 1628 3556 1704 ἐκρεμάσθησαν
3619 1629 3674 1684 ὲν
3734 1630 3883 1702 αὖτῷ

2231 1712 2483 1770 ἁλυσίδια
2526 1723 2561 1771 ε’
2606 1717 2695 1771 καὶ
2745 1715 3141 1789 πολυκάνδηλα
3197 1718 3404 1794 ἀργυρᾶ
3443 1719 3548 1774 ἀπὸ
3597 1726 3702 1789 τῆς
3743 1719 3882 1781 Νέας

2230 1802 2522 1875 ἐκκλησίας
2550 1813 2600 1860 ε’.
2657 1807 2872 1874 Ἰστέον,
2933 1807 3016 1863 ὅτι
3072 1809 3135 1863 τὸ
3193 1805 3293 1878 ἔξω
3351 1812 3448 1863 τοῦ
3502 1809 3744 1863 σταῦλου
3773 1813 3881 1864 τῶν

2230 1894 2478 1964 ἡμιόνων
2509 1895 2600 1949 καὶ
2628 1897 2728 1965 τήν
2779 1897 3005 1968 πρώτην
3054 1895 3268 1971 σχολὴν
3314 1896 3610 1970 ἐξώπλισεν
3646 1899 3674 1952 ὁ
3708 1897 3884 1972 ὕπαρ-

2229 2005 2332 2062 χος
2395 1981 2537 2049 ἔνθεν
2595 1985 2835 2050 κάκεῖθεν
2894 1986 2999 2041 ἀπὸ
3059 1987 3331 2061 βλαττίων
3387 1987 3476 2042 καὶ
3526 1988 3885 2060 ἀπλωμάτων

2228 2076 2318 2130 καὶ
2349 2073 2546 2145 σενδὲς,
2604 2075 2692 2130 καὶ
2752 2077 2857 2131 ἀπὸ
2914 2081 3021 2132 τῶν
3078 2077 3506 2151 ἓναποκειμένων
3551 2078 3887 2156 ἀναγλύφων

2227 2163 2480 2238 ἀσημίων
2535 2163 2590 2220 ἐν
2643 2170 2758 2227 τοῖς
2816 2166 3001 2236 ξενῶσι
3059 2167 3148 2220 καὶ
3205 2166 3596 2240 γηροκομείοις
3638 2167 3730 2222 καὶ
3761 2174 3888 2230 ταῖς

2229 2252 2564 2324 ἐκκλησίαις.
2625 2254 3063 2328 Ἐκρεμάσθησαν
3125 2252 3183 2308 δὲ
3235 2252 3488 2309 ἁλυσίδια
3554 2251 3724 2328 ἔξωθε
3786 2258 3886 2328 μὲν

2223 2347 2320 2398 τοῦ
2352 2343 2590 2398 σταόλου
2619 2365 2724 2398 των
2753 2344 3001 2416 ἡμιόνων
3061 2345 3117 2397 ε’⁶
3175 2343 3227 2398 ἐν
3287 2342 3344 2398 δὲ
3374 2349 3440 2418 τῇ
3472 2345 3666 2418 πρώτῃ
3691 2345 3879 2421 σχολῇ

2228 2432 2391 2504 μέσον
2441 2437 2538 2488 τοῦ
2587 2431 2861 2507 τρούλλου
2913 2433 2982 2487 α“’
3041 2431 3093 2488 ἐν
3145 2431 3202 2488 δὲ
3251 2437 3329 2505 τῷ
3357 2433 3621 2507 τρικλίνῳ
3651 2439 3765 2488 τῶν
3798 2434 3882 2505 ἐξ·

2223 2517 2495 2577 κουϐίτων
2530 2522 2935 2597 ἐκρεμάστησαν
2997 2519 3228 2577 ἀλυσῖδα
3288 2524 3352 2591 ς’,
3412 2524 3500 2578 καὶ
3560 2521 3614 2577 ἐν
3660 2527 3880 2586 τοὺτοις

2223 2605 2624 2680 ἐκρεμάσθησαν
2682 2604 3078 2675 πολυκάνδηλα
3135 2606 3348 2682 ἀργυρᾶ
3409 2607 3515 2662 ἀπὸ
3582 2614 3686 2676 τῆς
3747 2609 3878 2669 Νέας

2222 2695 2535 2766 ἐκκλησίας.
2589 2695 2804 2767 Ἰστὲον,
2855 2695 2936 2750 ὅτι
2985 2695 3048 2750 τὸ
3101 2690 3484 2769 τριόουνάλιον
3517 2693 3876 2765 ἐξώπλισενὸ

2221 2784 2471 2859 ὕπαρχος
2519 2785 2654 2840 κατὰ
2711 2785 2772 2840 τὸ
2831 2783 3020 2845 εἰωθὸς
3077 2791 3178 2854 τῆς
3235 2783 3612 2859 προελεύσεως
3661 2785 3767 2840 ἀπό
3822 2807 3874 2840 τε

2223 2875 2497 2948 βλαττίων
2530 2874 2880 2948 ἁπλωμάτων
2931 2873 3020 2929 καὶ
3062 2871 3239 2936 σενὸὶς
3278 2874 3368 2930 καὶ
3399 2874 3505 2929 ἀπὸ
3539 2870 3715 2948 ἔργων
3747 2895 3871 2949 Leu-

2220 2968 2326 3018 σῶν
2359 2966 2446 3019 καὶ
2483 2968 2788 3043 χειμευτῶν
2846 2963 2936 3018 καὶ
2985 2962 3307 3041 ἀναγλῦφων
3358 2965 3634 3040 ἀργυρῶν,
3680 2961 3865 3033 δηλον-

2218 3056 2303 3111 ότι
2359 3061 2468 3110 τῶν
2527 3056 2953 3132 ἀργυροπρατῶν
3020 3058 3188 3110 ταῦτα
3242 3055 3624 3131 παρεχόντων.
3683 3056 3850 3128 Ἐκρε-

449 3145 546 3200 tis.
581 3149 649 3200 Et
699 3161 893 3201 coram
942 3144 1174 3199 stabulo
1215 3142 1503 3198 mulorum
1545 3143 1780 3214 quidem
1814 3145 2105 3216 depende-

2219 3144 2502 3216 μάσθησαν
2570 3141 2627 3198 δὲ
2693 3141 2947 3200 ἀλυσίδια
3016 3144 3084 3219 ιβ’
3158 3143 3250 3199 καὶ
3317 3141 3718 3214 πολυκάνδηλα
3780 3143 3866 3218 ἀρ-

447 3233 588 3288 bant
615 3233 876 3304 quinque
915 3228 1290 3304 polycandela
1320 3246 1350 3285 e
1380 3229 1505 3286 suis
1536 3232 1779 3300 catenis,
1813 3234 1868 3289 in
1892 3215 2105 3306 prima

2217 3215 2346 3305 γυρᾶ
2413 3233 2518 3286 ἀπὸ
2582 3239 2685 3301 τῆς
2760 3231 2900 3296 Νέας
2975 3215 3276 3302 ἐκκλησίας
3347 3230 3580 3288 δώδεκα.
3656 3215 3874 3296 Ἰστὲον,

447 3337 580 3376 vero
638 3319 840 3376 schola
897 3319 1257 3391 dependebat
1325 3322 1552 3374 tantum
1602 3335 1783 3376 unum
1830 3338 1861 3377 e
1920 3323 2110 3380 medio

447 3408 646 3466 trullo.
680 3411 747 3464 In
779 3408 1035 3464 triclinio
1065 3407 1464 3462 excubitorum
1493 3409 1902 3480 dependebant
1931 3428 1962 3466 e
2000 3429 2102 3468 sex

447 3499 666 3556 catenis
697 3499 937 3556 totidem
987 3501 1254 3565 argentea
1308 3498 1686 3570 polycaudela
1741 3517 1810 3557 ex
1857 3502 2099 3558 ecclesia

445 3590 606 3644 Nova
635 3587 832 3659 petita.
857 3587 1004 3642 881
1041 3585 1318 3641 Tribunal
1343 3585 1468 3656 [seu
1500 3585 1823 3644 triclinium
1859 3589 1977 3644 XIX
2008 3607 2100 3646 ac-

445 3677 770 3747 cubituum]
819 3677 1125 3732 ornaverat
1175 3674 1479 3743 praefectus
1529 3675 1691 3731 urbis
1721 3694 1787 3733 eo
1818 3679 2002 3750 modo,
2039 3686 2100 3736 ut

446 3765 571 3822 ﬁeri
595 3765 746 3822 solet
776 3768 833 3820 in
870 3763 1367 3836 processionibus,
1391 3779 1600 3836 nempe
1628 3765 2101 3840 blatteis,haplo-

446 3855 702 3910 matibus
731 3858 787 3910 et
817 3855 1030 3911 sendes
1054 3853 1289 3926 pannis,
1314 3853 1448 3909 item
1473 3855 1751 3926 operibus
1782 3859 1974 3913 aureis
2004 3874 2102 3914 en-

445 3949 652 3999 causto
683 3942 995 3999 artiﬁciose
1037 3943 1205 4014 pictis
1238 3943 1648 4014 argenteisque
1678 3944 1973 4015 eleganter
2001 3963 2097 4003 ex-

443 4031 709 4103 sculptis,
743 4047 871 4102 quae
903 4030 1287 4086 cambiatores
1317 4031 1849 4100 suppeditaverant.
1877 4034 2093 4092 Ibidem

443 4120 850 4192 dependebant
878 4119 1181 4175 duodecim
1217 4123 1489 4189 argentea
1510 4118 1884 4189 polycandela
1907 4140 1936 4178 e
1963 4125 2095 4180 toti-

447 4210 581 4265 dem
613 4209 854 4265 catenis.
877 4210 1009 4264 Haec
1040 4209 1112 4264 ad
1140 4207 1356 4262 Novam
1383 4206 1688 4263 ecclesiam
1708 4210 2091 4279 pertinebant.

2221 3321 2303 3375 ὅτι
2352 3321 2476 3376 τὸον
2530 3319 2808 3396 τρίκλινον
2859 3325 2968 3376 τῶν
3029 3320 3250 3397 σχολῶν
3289 3320 3583 3395 ἐξώπλισεν
3633 3323 3661 3377 ὁ
3714 3320 3876 3395 ῧπσρο

2219 3429 2321 3485 χος
2390 3404 2534 3475 ἔνθεν
2602 3411 2842 3466 κάκεῖθεν
2919 3411 3024 3466 ἂπὸ
3111 3410 3383 3488 βλαττίων
3451 3413 3541 3465 καὶ
3609 3410 3872 3484 ἀπλωμά·

2203 3519 2314 3553 των
2346 3501 2437 3554 καὶ
2467 3498 2648 3562 σενδὲς
2677 3502 2766 3555 καὶ
2808 3501 2913 3556 ἀπὸ
2963 3505 3071 3555 τῶν
3122 3497 3555 3574 ἐναποκειμένων
3611 3500 3866 3573 ἆσημίων

2208 3583 2260 3643 ἕν
2301 3610 2359 3644 τε
2403 3595 2523 3652 τοῖς
2570 3591 2760 3660 ξενῶσι
2809 3589 2901 3644 καὶ
2949 3589 3343 3666 γηροκομείοις
3384 3589 3474 3644 καὶ
3515 3595 3633 3652 ταῖς
3667 3587 3870 3660 ἐκκλη-

2210 3677 2372 3739 σίαις·
2406 3679 2812 3752 ἐκρεμάσθησαν
2865 3675 2922 3734 δὲ
2971 3677 3231 3734 ἀλυσίδια
3260 3681 3288 3734 ι’
3327 3680 3419 3734 καὶ
3464 3677 3868 3749 πολυκάνδηλα

2207 3766 2416 3842 ἀργυρᾶ
2475 3768 2580 3823 ἀπὸ
2646 3776 2746 3838 τῆς
2820 3767 2957 3831 Νέας
3028 3767 3322 3838 ἐκκλησίας
3384 3770 3434 3826 ι’.
3500 3771 3724 3838 Ἰστέον,
3783 3769 3868 3824 δτ.

2206 3851 2401 3921 ἔσωθεν
2459 3864 2561 3927 τῆς
2619 3855 2841 3933 χαλκῆς
2899 3855 3080 3928 πύλης
3138 3857 3292 3914 οὐδὲν
3354 3859 3459 3913 ἀπὸ
3515 3857 3773 3932 βλαττίου
3832 3857 3867 3926 ἦ

2208 3944 2546 4020 ἀπλώματος
2592 3947 2627 4016 ἢ
2660 3944 2835 4008 σενδές
2883 3947 3094 4024 γέγονεν
3143 3948 3440 4019 ἐξόπλισις,
3472 3945 3601 4002 ἀλλ’
3631 3947 3665 4017 ἤ
3700 3948 3866 4020 μόνον

2207 4033 2613 4110 ἐκρεμάσθησαν
2670 4033 2920 4091 ἂλυσίδια
2969 4032 3014 4090 ϐ’
3067 4039 3158 4092 καὶ
3205 4035 3601 4107 πολυκάνδηλα
3655 4036 3866 4112 ἀργυρᾶ

2207 4126 2311 4181 ἀπὸ
2359 4133 2457 4196 τῆς
2497 4127 2640 4190 Νέας
2694 4125 2987 4198 ἐκκλησίας
3038 4124 3156 4184 δύο.
3204 4124 3418 4195 Ἰστὲον,
3472 4126 3577 4196 δτι,
3618 4120 3720 4199 ἔξω
3756 4133 3860 4196 τῆς

2209 4213 2428 4290 χαλκῆς
2469 4214 2651 4287 πύλης
2709 4216 3002 4286 ὲξώπλισεν
3049 4217 3077 4272 ὁ
3126 4214 3372 4293 ὕπαρχος
3418 4210 3558 4271 ἔνθεν
3609 4215 3852 4280 κάκεῖθεν

1481 4303 1685 4360 JOAN.
1727 4307 1876 4364 JAC.
1922 4311 2185 4370 REISKII
2224 4315 2816 4374 COMMENTARIUS.

450 4412 564 4450 non
599 4395 802 4476 dubito
824 4394 968 4464 quin
999 4393 1346 4466 legationem
1373 4393 1800 4479 et‘Luitprandi
1822 4405 1879 4454 et
1903 4399 2101 4479 llispa-
2131 4408 2176 4472 Β
2209 4407 2364 4479 enim
2400 4407 2642 4479 Hispani
2673 4424 2703 4463 ο
2734 4424 2910 4478 regno
2952 4406 3230 4479 Valentia:
3261 4411 3486 4464 Cretam
3539 4405 3860 4478 imperante

451 4470 740 4550 mminit).
771 4481 954 4520 unum
976 4470 1773 4550 commemorawhmajorem
1797 4470 2096 4550 negligens
2132 4470 2160 4472 ’ί
2207 4470 2524 4550 TbeOphilo
2557 4470 2890 4550 rapuerant.
2923 4478 3074 4543 Quid
3102 4485 3297 4535 autem
3351 4480 3409 4535 in
3457 4470 3704 4534 Saxonia
3735 4495 3860 4550 ege-

447 4542 505 4592 et
534 4536 909 4591 minutiarum
935 4542 1314 4607 consectator,
1349 4536 1680 4608 prorsus'ut
1701 4536 1908 4598 Noster
1939 4536 2090 4600 infra

447 4623 680 4682 quoque
754 4623 886 4679 pag.
944 4609 1070 4678 343,
1121 4631 1163 4682 «ί
1211 4610 1306 4664 Die
1360 4609 1486 4665 Kal.
1538 4611 1926 4682 Augustarum,
1988 4617 2088 4681 ait,

444 4681 624 4746 Papia
670 4695 936 4750 egressus,
989 4701 1018 4729 »
1054 4681 1169 4750 sed
1216 4696 1436 4735 annum
1498 4682 1720 4747 reticet,
1768 4706 1788 4734 ι
1845 4681 2090 4744 Venetia:

447 4753 590 4829 verti,
617 4771 646 4801 »
679 4749 1018 4829 quopgmpe
1039 4749 1210 4829 CPlin
1234 4751 1361 4818 iret,
1385 4751 1777 4824 aBerengario
1809 4760 2092 4829 secundo,

445 4823 544 4897 qui
596 4839 749 4878 anno
795 4821 901 4897 91,17
952 4821 1126 4897 Italia:
1176 4837 1420 4897 regpum
1456 4821 1912 4897 recuperaverat,
1955 4821 2091 4887 illuc

444 4893 688 4971 legatus.
732 4915 760 4944 α
795 4894 914 4971 U_b_i,
943 4896 1153 4971 pergit,
1183 4893 1614 4971 etSalognonpni
1643 4893 2092 4971 comitemlforle

440 4964 658 5044 coingtis
681 4964 1077 5044 appellatione
1113 4966 1621 5044 pg'otospathariugn
1679 4969 1861 5026 voluit
1897 4964 2091 5044 οᾶιριιῑ.

441 5035 628 5115 mere),
671 5035 996 5115 Omiseram
1024 5035 1305 5115 nuntium,
1353 5035 1700 5115 κοιτωνίτην,
1759 5035 2089 5115 εαηαοὴὶιῃι,

439 5111 620 5179 reperi
665 5109 733 5162 ab
766 5109 1033 5179 Hispania
1063 5117 1114 5164 el
1160 5107 1406 5163 Saxonta
1438 5124 1768 5179 regressum,
1806 5135 1834 5162 »
1879 5120 1986 5170 etc.
2021 5107 2094 5170 At

443 5181 580 5248 quid
613 5189 804 5250 egerat
825 5181 1059 5236 Salomo
1085 5181 1141 5235 in
1166 5179 1440 5250 Hispania
1468 5186 1524 5234 et
1545 5179 1836 5238 Saxonis?
1855 5183 2094 5242 Videtur

443 5249 739 5323 Romanus
766 5249 1536 5323 Lecapenusexpeditionem
1569 5257 1766 5306 contra
1788 5253 2093 5314 Cretenses

443 5322 771 5400 S_a_raceno_s_
793 5322 989 5400 animo
1022 5322 1331 5400 agil_ari_s__in
1365 5322 1705 5400 societatem
1732 5324 1869 5381 belli
1901 5343 2090 5400 regem

443 5392 695 5470 aliquem
714 5392 1108 5470 Christianum
1124 5394 1180 5448 in
1207 5394 1506 5470 Hispania,
1521 5392 2090 5470 [gmgAnagoniBm’

441 5463 756 5536 sollicitare
803 5466 1078 5533 voluisse,
1123 5466 1222 5536 qui
1263 5463 1468 5520 e'mari
1519 5463 1936 5525 Mediterraneo
1991 5463 2092 5529 eos

440 5535 789 5602 adoriretur,
819 5541 917 5591 aut
943 5535 1203 5602 regulum
1236 5536 1511 5592 Valentia
1534 5537 2090 5600 Mubammedanum

444 5603 626 5678 armis
654 5616 898 5678 vexaret,
940 5623 1125 5676 eoque
1156 5607 1508 5678 prohiberet,
1549 5625 1621 5665 ne
1665 5608 1761 5665 ille
1788 5615 2090 5671 Saracenis

444 5671 842 5748 Cretensibus,
886 5671 1045 5734 ’δαίθ’
1067 5671 1314 5749 civibus,
1377 5671 1762 5740 succurreret.
1821 5682 2091 5744 Saraceni

2204 4548 2279 4603 rit
2307 4555 2427 4604 tum
2462 4548 2718 4620 quidem,
2770 4568 2886 4606 non
2917 4555 3146 4621 exputo.
3181 4551 3495 4606 Volebatne
3521 4548 3807 4606 Othonem
3841 4550 3858 4605 l

2199 4621 2606 4690 imperatorem
2654 4622 2712 4676 in
2743 4622 3075 4678 societatem
3109 4622 3241 4677 belli
3273 4623 3553 4677 adversus
3605 4621 3848 4677 rebelles

2198 4693 2562 4774 Campagniaa
2586 4693 3188 4776 regulosﬂp’ertrabere,
3210 4699 3312 4776 aut
3331 4693 3854 4776 adversusldunga:

2201 4763 2300 4818 riae
2331 4763 2523 4848 regem
2556 4763 2782 4820 armare
2803 4763 3001 4831 ?'Quis
3030 4781 3227 4820 verum
3257 4765 3467 4820 dixerit
3494 4764 3522 4819 ‘l
3551 4763 3842 4846 Quidquid

2201 4839 2392 4916 auten:
2421 4836 2598 4916 hujus
2612 4837 2691 4892 rei
2718 4837 3367 4916 s_it,_vit‘tentur-§l_ispani
3390 4836 3587 4907 legati,
3604 4851 3848 4916 quorum

2200 4905 2298 4979 hic
2326 4906 2390 4960 fit
2422 4907 2638 4962 mentio
2672 4908 2838 4964 missi
2872 4908 2942 4962 ab
2973 4907 3074 4963 illo
3107 4905 3362 4978 Hispano
3395 4905 3550 4979 rege,
3581 4905 3852 4979 adquam

2203 4976 2501 5033 Romanus
2522 4979 2779 5047 miserat,
2806 4989 2868 5034 ut
2886 4976 3229 5048 responsum
3253 4979 3377 5050 ejus
3400 4976 3852 5050 ad'Graeciiiega-

2201 5049 2421 5104 tionem
2456 5050 2755 5120 referrent.
2783 5051 2967 5106 Aliam
3004 5056 3134 5120 post
3168 5049 3537 5120 hoctempus
3569 5050 3629 5105 in
3660 5049 3854 5120 Hispa-

2202 5119 2361 5175 niam
2420 5119 2664 5194 misisse,
2731 5119 3077 5194 legationem
3138 5121 3333 5192 ipsum
3400 5119 3848 5194 Constantinum

2201 5198 2271 5260 Α,
2332 5195 2388 5245 C.
2436 5192 2591 5264 948.,
2642 5191 2899 5250 forte—ex
2938 5209 3004 5249 eo
3049 5191 3222 5264 patet,
3259 5193 3414 5264 quod
3457 5193 3611 5247 infra
3643 5209 3696 5262 p.
3729 5191 3847 5257 383,

2203 5265 2375 5334 regis:
2400 5262 2568 5318 classi
2602 5266 2877 5321 adversus
2906 5262 3132 5319 Cretam
3169 5262 3477 5321 destinatae
3505 5269 3844 5333 computan-

2201 5338 2298 5408 tur
2327 5350 2461 5408 eum
2485 5335 2614 5408 aliis
2643 5338 2756 5408 tria
2772 5335 3104 5408 inavigia,et
3125 5335 3244 5391 haec
3263 5337 3480 5408 dicitur
3500 5335 3775 5408 ostiarius
3791 5338 3849 5408 et

2201 5405 2600 5479 nipsistiarius
2630 5405 2962 5479 Stephanus
2991 5423 3124 5463 cum
3157 5405 3759 5479 regiacommissione
3788 5405 3840 5458 in

2203 5476 2536 5550 Hispaniam
2598 5476 2814 5534 missus
2865 5495 3059 5535 secum
3112 5476 3454 5550 sumpsisse.
3491 5478 3594 5532 Illa
3650 5482 3842 5532 autem

2201 5547 2404 5619 classis
2434 5550 2712 5605 adversus
2743 5552 2968 5606 Cretam
3015 5547 3279 5619 expedita
3311 5550 3434 5616 fuit,
3469 5554 3615 5605 teste
3653 5553 3844 5605 nostra

2202 5618 2483 5694 InclA.__Vll,
2508 5622 2580 5694 Α.
2612 5623 2673 5678 C.
2706 5623 2829 5676 9-i9.
2864 5618 3202 5694 “dicenda
3231 5622 3299 5694 ad
3333 5639 3388 5694 p.
3421 5621 3544 5676 383.

2273 5691 2383 5764 (66)
2413 5689 2553 5748 Vide
2583 5707 2756 5765 supra
2786 5698 2906 5751 not.
2935 5693 3027 5750 54.
3060 5692 3170 5752 col.
3201 5693 3324 5750 113.
