4120 6306
309 384 472 444 1077

1167 385 1262 444 DE
1307 387 1764 449 CERIMONIIS
1810 390 2043 450 AULAE
2086 388 2564 451 ΒΥΖΑΝἸῚΝΛΞ
2611 391 2753 452 LlB.
2802 391 2874 452 II.

3569 399 3721 460 1078

307 518 522 574 ἑαυτῶν
573 515 854 589 ἀλλάξιμα
909 513 998 568 καὶ
1063 517 1237 588 χρυσᾶ
1290 515 1565 593 στεφάνια,
1619 518 1970 591 βαστάζοντες

2085 522 2279 579 aureis
2309 523 2491 580 clavis
2523 523 2601 596 [et
2629 523 2744 580 alia
2783 540 2975 596 panno
3015 525 3222 582 sendes
3252 527 3404 584 facta
3440 529 3646 586 vexilla
3665 540 3722 588 et

307 609 404 664 καὶ
461 609 529 663 τὰ
573 607 777 662 ἑαυτῶν
832 602 1108 679 ἶέγχείρια.
1167 604 1229 656 Οἱ
1316 601 1372 658 δὲ
1452 606 1809 662 ἀποστολῖται
1877 609 1962 663 καὶ

309 695 670 772 ἆγιοσοφῖται
709 691 963 770 ἐφὸρεσαν
1021 698 1129 748 τῶν
1180 699 1526 768 ταγμοιτικῶν
1583 695 1650 749 τὰ
1695 695 1966 772 φουνὸςὶτα

310 786 594 858 ἅλλάξιμα
637 785 725 839 καὶ
782 787 879 837 τοῦ
946 783 1175 838 σκέπτου
1235 785 1346 855 (90)
1393 783 1460 838 τὰ
1502 780 1811 840 ὁλόϐλαττα
1872 787 1962 840 καὶ

315 879 422 934 ὑπὸ
485 877 704 954 φιάλιον
753 872 985 948 καιμίσια
1043 875 1181 946 (91),
1239 875 1327 928 καὶ
1383 878 1490 929 τῶν
1544 875 1962 948 ὑπουργούντων

312 966 391 1028 εἷς
439 967 534 1026 τὰς
582 965 832 1038 καμάρας
877 967 984 1018 τῶν
1037 965 1101 1017 ιϐ’
1137 959 1489 1020 Ἀκουϐἶτων.
1540 965 1752 1032 Ἰστὲον,
1803 965 1886 1020 ὅτι
1935 965 1963 1019 ὁ

309 1054 617 1131 λογοθὲτης
670 1058 736 1128 τῇ
785 1053 966 1128 ἡμέρᾳ
1011 1060 1110 1122 τῆς
1157 1051 1332 1132 δοχῆς
1381 1055 1467 1108 καὶ
1519 1053 1676 1117 αὐτὸς
1718 1053 1963 1132 ἐφόρεσεν

311 1146 511 1222 λῶρον.
561 1146 786 1213 Ἰστέον,
820 1143 904 1199 ὅτι
965 1143 1039 1206 εἰς
1095 1144 1196 1212 τὴν
1255 1143 1538 1218 ἐξάγουσαν
1571 1142 1753 1214 πύλην
1803 1143 1961 1215 ἐντῷ

319 1235 585 1308 τρικλίνῳ
639 1238 749 1290 τῶν
808 1230 1141 1288 κανδιδάτων
1193 1229 1423 1303 ἔστησαν
1454 1229 1768 1288 ἔσωθενκαί
1819 1229 1960 1304 ἕξω-

319 1328 412 1381 Οεν
445 1325 496 1380 οἱ
553 1327 650 1379 τοῦ
700 1323 937 1396 ἀριθμοῦ
984 1319 1270 1398 ἄρχοντες,
1309 1323 1399 1377 καὶ
1442 1323 1594 1377 αὐτοὶ
1650 1324 1784 1395 μετά
1832 1343 1959 1376 σκα-

311 1415 656 1492 ραμαγγίων,
724 1417 1014 1492 φοροῦντες
1073 1414 1164 1467 καὶ
1213 1415 1281 1468 τὰ
1337 1414 1539 1469 ἑαυτῶν
1596 1415 1815 1480 σπαθία,
1862 1414 1959 1486 βα-

311 1507 594 1575 στάζοντες
650 1505 739 1559 καὶ
792 1504 1102 1578 σκουτάρια.
1178 1503 1396 1574 Ἰστέον,
1483 1502 1587 1573 ὅτι,
1683 1502 1821 1573 αὐτῇ
1890 1505 1958 1575 τῇ

310 1596 496 1670 ἡμέρᾳ
538 1600 638 1663 τῆς
706 1590 881 1666 δοχῆς
935 1589 1133 1655 πάντες
1191 1592 1242 1647 οἱ
1292 1590 1690 1667 προβρηθέντες
1747 1592 1851 1646 ἀπό
1903 1611 1960 1647 τε

311 1680 812 1759 πρωτοσπαθαρίων
868 1680 958 1736 καὶ
1013 1679 1116 1743 ἕως
1187 1680 1420 1755 ἐσχάτου
1491 1681 1779 1755 ἀνθρώπου
1861 1685 1958 1735 τοῦ

312 1777 612 1851 φοροῦντος
661 1772 1073 1844 σκαραμάγγιον
1132 1767 1362 1840 ἔστησαν
1422 1766 1644 1832 ἕκαστος
1703 1771 1838 1845 πρὸς
1896 1770 1960 1824 τὸ

313 1861 455 1918 ἴδιον
510 1868 610 1931 τῆς
659 1864 856 1935 χροιᾶς
886 1861 977 1916 καὶ
1023 1863 1121 1914 τοῦ
1179 1857 1472 1932 ἐξεμπλίου
1523 1860 1958 1935 σκαραμάγγιον,
1995 1893 2039 1958 Β

311 1952 486 2026 ἤγουν
524 1951 577 2006 οἱ
607 1951 734 2011 τοὺς
794 1945 1276 2023 πρασινοροδὶνους
1334 1948 1522 2013 ἀετοὺς
1577 1951 1685 2021 (92)
1731 1952 1963 2025 φοροῦν-

309 2061 399 2103 τες
455 2036 597 2104 ἔνθεν
657 2038 926 2106 κάκεῖθεν,
984 2038 1034 2092 οἱ
1081 2036 1209 2098 τοὺς
1266 2037 1468 2115 βόφους
1525 2039 1636 2110 (93)
1693 2037 1784 2092 καὶ
1836 2038 1961 2099 τοὺς

315 2126 670 2206 πολυγύρους
710 2127 898 2189 ἀετους
955 2129 1091 2200 (94),
1143 2127 1353 2198 ὁμοίως
1421 2127 1612 2198 οητὰς
1670 2124 1961 2196 Θαλάσσας,

314 2220 412 2274 xvi
461 2218 590 2280 τοὺς
642 2214 1033 2278 λευκολέοντας
1087 2216 1318 2288 ὁμοίως.
1372 2216 1468 2272 Καὶ
1528 2214 1717 2277 ἁπλῶς
1767 2215 1963 2288 εἰπεῖν,

312 2309 493 2370 καθὼς
533 2307 766 2382 εἷ’ρηται,
799 2303 1028 2368 ’ἕκαστος
1069 2306 1205 2380 πρὸς
1253 2306 1314 2361 τὸ
1369 2302 1506 2360 ἴδιον
1559 2306 1960 2380 σκαραμάγγιον

312 2391 467 2467 ἔστη.
496 2398 558 2451 Οἱ
609 2394 666 2452 δὲ
694 2393 1005 2451 κανδιδάτοι
1053 2391 1277 2464 ἔστησαν
1333 2395 1384 2450 ἒν
1415 2399 1495 2467 τῷ
1543 2392 1668 2466 ὶδίῳ
1706 2392 1965 2467 τρικλίνῳ

313 2482 459 2553 ἔνθεν
513 2487 756 2550 κάκεῖθεν
819 2485 950 2558 μετᾶ
1008 2490 1115 2541 τῶν
1165 2482 1315 2540 ἰδίων
1371 2484 1813 2560 σκαραμαγγῖων,
1864 2504 1964 2561 φο-

318 2581 540 2651 ροῦντες
595 2576 662 2631 τὰ
716 2572 1109 2640 κανὸιδατίκια,
1177 2573 1266 2628 καὶ
1342 2571 1560 2638 ὄπισθεν
1614 2578 1723 2628 τῶν
1783 2574 1961 2628 αὐτῶν

315 2661 649 2719 κανδιδάτων
719 2658 944 2733 ἔστησαν
999 2661 1144 2718 ἔνθεν
1198 2663 1442 2726 κάκεῖθεν
1493 2663 1543 2717 οἱ
1592 2666 1689 2717 τοῦ
1730 2662 1964 2737 ἀριθμοῦ

328 2751 663 2828 μανδάτορες
714 2754 847 2827 μετᾶ
903 2754 1138 2808 σπαθίων
1193 2752 1283 2809 καὶ
1338 2758 1692 2828 σκουταρῖων.
1756 2749 1820 2809 Οἱ
1907 2749 1964 2806 δὲ

323 2840 510 2898 ἐλάται
568 2846 674 2897 τῶν
738 2841 1032 2916 βασιλικῶν
1085 2840 1388 2916 δρομονίων
1424 2839 1648 2910 ἔστησαν
1694 2838 1835 2895 ἔνθεν
1867 2841 1963 2895 κᾶο

318 2933 493 2986 κεῖθεν
527 2931 579 2986 ἐν
613 2932 690 3005 τῷ
720 2931 866 3004 αὐτῴ
895 2930 1156 3004 τρικλίνῳ
1178 2935 1287 2986 τῶν
1339 2927 1671 2986 κανδιδάτων
1704 2930 1778 2991 ὡς
1827 2929 1964 3003 πρὸς

313 3022 380 3076 τὸ
433 3021 599 3093 μέρος
663 3024 762 3095 τῇς
820 3019 1154 3091 Ἐκκλησίας
1209 3025 1306 3077 τοῦ
1360 3021 1564 3094 Κυρίου
1617 3017 1705 3073 καὶ
1748 3016 1820 3079 εἷς
1869 3018 1961 3072 τὸν

313 3109 620 3184 τρίκλινου,
655 3109 707 3164 ἐν
737 3114 818 3181 τῷ
849 3109 910 3164 τὰ
961 3107 1326 3182 καμελαύκιον
1371 3108 1591 3166 ’ἵσταται
1621 3106 1710 3163 καὶ
1751 3107 1802 3163 οἱ
1856 3106 1963 3179 μά-

313 3219 534 3274 γιστροι
591 3197 850 3272 γίνονται,
907 3198 996 3251 καὶ
1048 3198 1122 3258 εἷς
1167 3199 1257 3252 τὸν
1333 3197 1589 3255 ὀνόποδα.
1652 3196 1749 3252 Καὶ
1828 3195 1962 3269 μετᾶ

318 3285 551 3346 τούτους
578 3284 675 3356 ξεῖς
717 3285 810 3338 τὸν
839 3285 1086 3358 πόρτηκα
1124 3289 1220 3338 τοῦ
1264 3286 1622 3359 αὖγουστὲως,
1676 3284 1848 3360 ἤγουν
1882 3287 1957 3349 εἰς
1989 3270 2038 3336 C4

313 3374 414 3442 τήν
469 3378 680 3446 χρυσῆν
736 3377 920 3449 χεῖρα,
979 3369 1204 3439 ἔστησαν
1247 3367 1392 3434 ἔνθεν
1457 3370 1699 3434 κᾶκεῖοεν
1756 3374 1820 3427 τὰ
1859 3374 1958 3447 ἆρ-

320 3461 800 3537 χοντογεννήματα
829 3460 920 3514 καὶ
953 3461 1004 3514 οἱ
1046 3459 1373 3514 σαπωνισταὶ
1427 3462 1536 3531 (95)
1591 3458 1687 3512 τοῦ
1741 3462 1958 3534 βεστια-

2074 612 2296 684 reliqua
2343 631 2507 672 sacra
2541 614 2824 680 ﬂsmulla,
2856 616 3232 688 aremigibus
3290 617 3434 690 regii
3484 619 3720 676 dromo-

2073 701 2156 756 nii
2205 707 2448 774 gestata,
2500 705 2866 775 gestantibus
2918 709 3229 762 mutatoria
3267 708 3716 780 tagmaticorum

2073 792 2332 847 omnium
2368 803 2613 864 quatuor
2644 794 2917 850 colorum.
2979 795 3240 852 Duarum
3287 802 3480 852 autem
3514 797 3718 855 factio-

2073 894 2214 932 num
2249 880 2457 948 plebeii
2491 885 2548 936 et
2595 887 2860 938 cantores
2912 884 3233 956 apostolitaa
3276 887 3432 942 331
3489 887 3622 958 [seu
3682 903 3713 943 ο

2073 967 2292 1036 templo
2306 967 2635 1024 Sanctorum
2649 971 3068 1043 Apostolorum]
3084 973 3569 1046 ethagiosOphitaa
3587 975 3713 1046 [seu

2071 1058 2378 1112 cantorese
2392 1058 2608 1129 templo
2632 1061 2850 1116 Sanctae
2863 1062 3112 1134 Sophiaa]
3126 1064 3545 1136 stabantsuper
3575 1065 3713 1121 altis

2070 1145 2325 1200 scamnis
2365 1149 2434 1202 ab
2493 1151 2737 1219 utraque
2793 1155 2954 1220 parte
3012 1155 3352 1211 eorumdem
3388 1158 3711 1228 graduum,

2071 1234 2340 1290 cantibus
2370 1239 2426 1290 et
2455 1236 2834 1306 carminibus,
2866 1255 2993 1310 quae
3027 1241 3304 1311 basilicis,
3338 1244 3394 1299 id
3421 1247 3509 1300 est
3541 1260 3711 1317 rega-

2070 1323 2164 1390 lia,
2197 1327 2263 1380 ut
2290 1323 2349 1380 in
2379 1322 2610 1380 laudem
2642 1341 2844 1397 regum
2881 1327 3051 1394 facta,
3102 1329 3400 1401 dicuntur,
3451 1337 3507 1389 et
3535 1333 3711 1390 bene-

2071 1414 2426 1470 dictionibus
2458 1421 2876 1487 prosequentes
2932 1418 3368 1490 imperatorem.
3414 1423 3479 1478 Et
3511 1423 3711 1480 factio-

2069 1504 2216 1560 narii
2247 1505 2484 1574 quidem
2517 1507 2826 1576 gestabant
2866 1524 2972 1563 sua
3027 1511 3341 1566 mutatoria
3397 1515 3454 1566 et
3511 1529 3714 1568 aureas

2071 1594 2377 1649 coronulas
2408 1598 2466 1649 et
2493 1612 2631 1650 suos
2663 1596 3016 1667 manipulos.
3059 1599 3393 1669 Apostolitaa
3427 1604 3622 1656 autem
3653 1607 3710 1658 et

2070 1681 2490 1755 hagiosophitae
2512 1685 2814 1754 gestabant
2835 1687 3282 1757 tagmaticorum
3304 1690 3546 1746 fundata
3579 1707 3710 1746 mu-

2067 1771 2298 1841 tatoria,
2314 1776 2370 1828 et
2396 1772 2470 1828 ad
2491 1777 2754 1842 sceptum
2769 1774 3084 1848 [Augustae]
3103 1778 3445 1848 pertinentia
3467 1779 3710 1835 camisia

2071 1859 2387 1917 holoblatta
2419 1862 2544 1934 [seu
2574 1872 2760 1919 vestes
2791 1863 2976 1920 solide
3007 1865 3190 1921 serica
3221 1867 3442 1939 absque
3473 1868 3708 1924 alterius

2073 1951 2325 2007 materia:
2358 1951 2622 2022 mistura]
2651 1955 2708 2006 et
2737 1955 2934 2008 assuto
2968 1953 3252 2010 instructa
3282 1955 3510 2025 caputio
3531 1956 3709 2012 indu-

2071 2040 2178 2106 sia,
2212 2039 2348 2095 item
2369 2039 2463 2096 illa
2487 2039 2949 2097 ministrantium
2973 2042 3033 2097 in
3057 2043 3378 2100 fornicibus
3401 2046 3704 2101 novemde-

2073 2129 2180 2185 cim
2223 2130 2630 2186 Accubituum.
2680 2131 2993 2202 Logotheta
3021 2148 3251 2204 quoque
3280 2133 3392 2189 isto
3422 2133 3514 2189 die
3543 2150 3705 2190 rece-

2071 2218 2286 2290 ptionis
2315 2220 2553 2291 gerebat
2575 2220 2784 2276 lorum.
2813 2220 2872 2276 In
2905 2228 3089 2292 porta,
3141 2239 3243 2294 per
3290 2239 3465 2293 quam
3507 2222 3566 2279 in
3598 2222 3706 2278 tri-

2071 2307 2312 2364 clinium
2350 2309 2797 2365 candidatorum
2855 2310 3124 2376 intratur,
3184 2311 3417 2367 stabant
3463 2311 3619 2368 intus
3650 2316 3707 2369 et

2070 2400 2233 2453 extus
2256 2397 2636 2470 magistratus
2665 2397 2926 2465 arithmi,
2959 2403 3252 2467 gestantes
3281 2401 3700 2473 scaramangia,

2069 2492 2121 2541 et
2153 2485 2414 2554 spathas,
2446 2488 2696 2540 etscuta.
2731 2484 3362 2558 Illiautem,quotquod
3379 2504 3706 2543 scaraman-

2069 2573 2164 2644 gia
2193 2590 2258 2629 eo
2290 2573 2383 2629 die
2413 2580 2719 2646 gestarent,
2752 2589 2956 2630 omnes
2985 2591 3018 2629 a
3062 2575 3544 2644 protospathariis
3568 2575 3705 2630 inde

2070 2679 2252 2735 usque
2284 2666 2355 2720 ad
2387 2669 2701 2720 extremum
2731 2664 3013 2720 famulum
3048 2664 3128 2720 ita
3166 2665 3418 2734 stabant,
3452 2669 3516 2722 ut
3537 2665 3708 2721 colo-

2069 2771 2201 2810 rum
2228 2756 2635 2826 unusquisque
2655 2759 2712 2811 et
2742 2754 3140 2826 exemplorum
3172 2755 3431 2812 vestibus
3462 2756 3706 2812 intexto-

2070 2861 2199 2900 rum
2239 2844 2700 2915 unumquodque
2713 2860 2924 2914 corpus
2942 2860 3123 2899 unum
3151 2844 3417 2900 efﬁceret.
3442 2843 3704 2915 Exempli

2069 2948 2244 2988 causa
2268 2931 2405 2987 hinc
2434 2931 2594 2987 illinc
2625 2931 3020 2988 consistebant
3051 2948 3170 2988 uno
3211 2931 3406 3003 aliquo
3438 2931 3564 2988 loco
3594 2931 3704 3002 illi,

2069 3022 2170 3094 qui
2200 3025 2359 3077 aetos
2389 3036 2492 3077 seu
2525 3021 2748 3092 aquilas
2780 3021 2932 3092 [sagi
2962 3037 3146 3093 genus
3179 3020 3259 3076 ita
3290 3020 3526 3093 dicitur]
3563 3037 3707 3092 pra-

2069 3111 2396 3167 sinoroseas
2452 3109 2760 3180 gestabant
2791 3125 2805 3177 ;
2839 3109 2973 3176 alio,
3033 3109 3133 3181 qui
3165 3108 3248 3164 sic
3293 3109 3477 3165 dictos
3499 3107 3705 3176 boves;

2068 3199 2230 3263 alibi,
2263 3197 2361 3270 qui
2387 3196 2586 3252 multis
2611 3197 2763 3269 gyris
2791 3195 2878 3252 vel
2901 3194 3241 3252 canaliculis
3264 3198 3496 3266 rugatos
3514 3197 3706 3261 aetos;

2069 3288 2166 3359 qui
2196 3286 2483 3343 thalassas
2515 3302 2613 3342 seu
2644 3285 2829 3341 maria
2862 3309 2876 3352 ;
2937 3284 3098 3352 alibi,
3158 3283 3257 3354 qui
3308 3282 3708 3340 leucoleontes

2069 3393 2171 3431 seu
2203 3376 2367 3431 albos
2421 3374 2617 3430 leones
2657 3375 2979 3445 gestabant.
3031 3373 3236 3442 Verbo,
3294 3371 3709 3444 unusquisque

2070 3465 2265 3518 stabat
2293 3464 2394 3528 ibi,
2429 3463 2526 3517 ubi
2542 3463 2973 3519 caeteristabant
2994 3462 3253 3531 ejusdem
3275 3477 3472 3517 secum
3500 3459 3710 3517 coloris

1373 3557 1563 3613 JOAN.
1602 3557 1744 3612 JAC.
1788 3556 2047 3614 REISKII
2086 3558 2647 3614 COMMENTARIUS

311 3649 588 3720 basilicii,
623 3649 776 3720 quod
817 3647 1233 3720 Neoptolemus
1267 3647 1558 3720 tragoedus
1589 3647 1667 3720 in,
1691 3646 1954 3720 convivio

314 3717 590 3792 Philippi,
614 3717 766 3791 regis
788 3719 1159 3784 Macedoniae,
1193 3717 1377 3792 patris
1417 3717 1727 3792 Alexandri
1761 3717 1955 3792 Magni

315 3790 768 3858 cecinit—,ail‘ert
822 3793 1103 3846 Diodorus
1133 3790 1356 3846 Siculus
1414 3806 1528 3854 xvr,
1587 3790 1676 3860 92,
1712 3805 1768 3860 p.
1833 3790 1955 3860 152,

316 3870 358 3921 t.
395 3864 444 3919 ll
477 3864 568 3919 ed.
612 3862 961 3934 Wesseling.

391 3936 506 4006 (90)
528 3935 802 4004 Conjicio,
837 3930 1018 4005 scépti
1070 3933 1304 3988 nomine
1345 3932 1522 4006 fuisse
1552 3931 1767 4006 dictam
1798 3930 1955 3986 mili-

318 4004 882 4098 tiaml'pompaticarn
903 4004 1170 4094 Augustae
1186 4005 1505 4098 propriam,
1519 4004 1802 4059 eunuchis
1815 4018 1954 4098 con-

320 4082 595 4145 stantem,
627 4075 734 4132 ἂπὸ
760 4080 858 4132 τοῦ
890 4075 1124 4146 σκὲᾱτειν,
1165 4078 1319 4146 quod
1359 4076 1442 4130 illi
1477 4091 1605 4130 eam
1640 4075 1956 4145 proceden-

319 4155 436 4206 tem
469 4150 776 4276 aznbirent,
798 4150 1245 4220 cingendoquea
1275 4156 1588 4220 conspectu
1620 4146 1851 4218 publico
1873 4149 1956 4201 te-

322 4238 494 4276 aeren
528 4263 541 4276 .

361 4238 541 4277 erent.

321 4238 624 4362 εθῖἓῧῐέὶσ
679 4293 942 4349 solebant
998 4290 1353 4362 membranae
1410 4292 1622 4345 nostris
1691 4304 1793 4361 pro
1851 4286 1955 4340 υπὸ

321 4361 526 4438 eum.
562 4365 779 4420 Pariter
827 4365 1059 4438 quando
1090 4361 1188 4416 ἀνά
1218 4362 1655 4438 distributivum
1688 4375 1958 4438 occurre-

321 4431 428 4508 ret,
448 4453 753 4508 nunquam
775 4431 1288 4508 separab_ant,_sed
1329 4433 1657 4508 jungebant
1706 4431 1957 4508 nomini:

321 4507 452 4572 bus,
514 4502 860 4575 υιίάναδύοξ
913 4505 1082 4575 ἆναέξ,
1152 4504 1290 4570 bini,
1349 4507 1507 4568 seni;
1557 4502 1674 4558 vid.
1736 4519 1792 4575 p.
1852 4502 1956 4556 336

324 4579 424 4634 ubi
452 4574 747 4650 προσδύσιν
779 4578 1114 4650 exhibuiad
1148 4576 1553 4650 praescriptum
1587 4574 1959 4650 membrana-

323 4666 473 4706 rum.
497 4644 652 4705 'Sunt
682 4653 873 4705 autem
919 4647 985 4700 τὰ
1019 4644 1365 4717 ὑπὸξφιάλιν
1390 4644 1626 4716 ’καμίσια
1676 4645 1832 4717 idem
1863 4651 1958 4699 at-

324 4737 436 4792 que
489 4719 557 4774 τᾶ
605 4719 712 4792 ἀπᾴ
759 4719 846 4774 vel
873 4718 1008 4792 μετὰ
1032 4713 1258 4792 φιαλίου
1287 4713 1553 4792 κοιμήσιᾳ,
1604 4721 1669 4792 u_t
1689 4716 1732 4792 ἡ⁸
1758 4714 1962 4792 intexet:

329 4784 530 4866 μπᾴγιν
561 4784 1272 4866 σύγκλητοςὶᾶᾳῐῐιλξὶῖᾳυϐ
1314 4784 1372 4855 ἠ’
1421 4784 1524 4866 uno
1562 4789 1649 4843 vel
1708 4784 1842 4866 rimi
1872 4785 1961 4866 vel

328 4855 472 4935 μετέί
519 4855 869 4937 καμᾶτιγῖων-
911 4855 1257 4937 σύγκλητος,
1314 4861 1744 4937 camisia,”un
1793 4857 1961 4937 simul

324 4929 507 4992 iocum
537 4929 733 4990 habent
767 4931 959 5004 phiala
987 4929 1085 5004 seu
1131 4931 1382 5004 capacia,
1411 4929 1670 5004 cucullos.
1698 4930 1957 5004 AS_e_natus_,

361 5009 420 5060 ui
446 5021 598 5074 Lcum
684 5000 1002 5074 campagiis‘
1066 5000 1294 5074 incedil.
1363 5000 1514 5055 Infra
1570 5015 1626 5074 Ρ,
1686 5000 1826 5074 418,
1870 5002 1958 5074 est

328 5065 818 5146 ὗποὸλαττωμένον
865 5065 1118 5142 καμίσιον
1168 5091 1200 5124 σ
1244 5072 1414 5141 ἤματι
1473 5065 1714 5145 φιαλίου,
1771 5069 1826 5122 id
1869 5073 1959 5124 est

328 5144 581 5196 καιιίσιον
645 5144 776 5196 μετὰ
844 5142 1128 5196 ὁάμιιατος
1188 5088 1467 5196 ἔλαττίου.
1527 5136 1682 5196 δίκην
1734 5135 1956 5196 φιαλίου

325 5144 581 5218 καμίσιον
645 5135 776 5216 μετὰ
843 5135 1128 5216 ῥάμματος
1188 5135 1495 5216 βλᾶττίου,’
1527 5135 1707 5207 ’δίκην⁷
1734 5135 1956 5211 φιαλίου

325 5215 831 5290 ἱσχηματισμένουτ
863 5216 1250 5290 Dictaautem
1281 5217 1424 5290 sunt
1448 5212 1661 5290 phialia
1686 5228 1718 5266 a
1749 5210 1958 5290 phialis

323 5281 702 5368 vei'cymbiis,
735 5288 874 5368 quia
894 5285 1327 5368 similitudinem
1373 5281 1841 5368 phialze,'c‘ym‘bii
1873 5282 1958 5336 vel

328 5363 451 5418 olla:
473 5353 702 5433 gerunt,
737 5353 794 5414 i'n
829 5375 1004 5433 quam
1031 5363 1206 5427 caput
1235 5353 1588 5433 immittitur.
1615 5353 1822 5433 Phiala:
1855 5370 1959 5433 au-

328 5438 444 5488 tem
473 5423 639 5489 novis
670 5423 884 5487 Grecis
916 5429 1068 5484 idem
1105 5423 1247 5484 sunt
1277 5439 1448 5497 atque
1477 5426 1719 5497 vetustis
1751 5423 1804 5476 ai
1835 5423 1960 5497 πύεσ

328 5501 440 5570 λοι,
473 5505 706 5568 ὺαεςίηἰ,
731 5500 1332 5570 lacus,ingentiavasa
1350 5496 1600 5554 rotunda
1621 5496 1961 5567 hemiSphae-

333 5575 637 5656 rimata»
668 5573 1224 5656 saevientissae-

404 5645 513 5714 (92)
538 5638 700 5708 Quod
729 5638 821 5699 hic
852 5644 913 5698 in
936 5638 1150 5700 Latinis
1179 5642 1378 5699 addidi
1407 5641 1527 5712 sagi
1552 5655 1738 5712 genus,
1761 5640 1842 5714 ita
1865 5638 1960 5714 di—

333 5711 760 5784 citur'respicit
790 5715 859 5770 ad
908 5717 1126 5770 vestem
1183 5711 1495 5770 militarem
1544 5713 1793 5782 aquilam
1830 5711 1959 5784 ideo

333 5785 574 5854 dictam,
607 5783 759 5856 quod
791 5785 1014 5839 undans
1071 5785 1128 5839 in
1183 5803 1321 5840 aura
1358 5784 1646 5839 volantem
1687 5783 1958 5854 expansis

2067 3646 2174 3700 alis
2206 3645 2457 3713 aquilam
2513 3647 2768 3701 referret.
2797 3647 2988 3701 Potest
3019 3650 3215 3700 tamen
3265 3661 3490 3714 quoque
3519 3648 3698 3704 vestis

2066 3733 2200 3773 cum
2249 3715 2480 3771 intextis
2537 3717 2862 3789 aquilarum
2882 3716 3252 3789 imaginibus
3274 3717 3585 3789 designari.
3622 3725 3700 3774 De

2067 3793 2309 3856 utroque
2340 3803 2544 3854 genere
2573 3804 2749 3857 supra
2777 3787 2915 3842 dixi.

2136 3859 2248 3928 ‘93)
2281 3857 2342 3912 Id
2372 3862 2457 3911 est
2477 3856 2661 3914 vestes
2701 3874 2827 3912 cum
2880 3858 3131 3925 intextis,
3175 3857 3334 3912 boum
3363 3857 3446 3912 vel
3477 3856 3705 3914 bubulo-

2065 3946 2188 3984 rum
2220 3928 2572 3996 imaginibus.
2613 3929 2779 3984 Tales
2813 3944 3044 4000 quoque
3075 3929 3306 4000 confido
3351 3929 3532 3984 fuisse
3555 3945 3702 4000 quos

2065 4000 2406 4055 Anastasius
2434 4000 2490 4054 in
2509 4001 2690 4056 Leone
2720 4000 2815 4065 IIl,
2847 4017 2971 4054 cum
3001 3999 3206 4064 bubilo,
3241 4000 3410 4069 quasi
3445 3999 3703 4055 cumbu-

2069 4071 2213 4138 balo,
2247 4071 2508 4126 nominat
2543 4087 2554 4124 :
2586 4073 2732 4126 Fecit
2761 4072 2939 4126 uelum
2970 4071 3201 4126 rubrum
3231 4085 3358 4124 cum
3385 4071 3592 4125 bubilo.

2137 4143 2249 4213 (9i)
2281 4143 2571 4196 Incertum
2602 4150 2708 4210 est,
2757 4143 2951 4197 sintne
2986 4146 3192 4208 vestes,
3236 4141 3450 4213 quibus
3498 4141 3700 4213 multas

2067 4211 2278 4269 institis
2303 4213 2371 4267 ad
2412 4214 2838 4268 Maandrorum
2872 4213 3109 4283 modum
3151 4211 3355 4283 multis
3387 4211 3564 4283 gyris,
3596 4212 3704 4266 fle-

2065 4287 2258 4350 xibus,
2283 4285 2652 4354 ambagibus,
2685 4285 2856 4339 modo
2890 4282 3365 4354 ascendentibus,
3395 4282 3570 4354 modo
3602 4284 3702 4338 de-

2067 4352 2487 4413 scendentibus
2509 4359 2722 4410 assutae
2761 4354 2944 4422 fuere,
2991 4371 3062 4408 an
3108 4352 3369 4408 tutulatze
3399 4353 3489 4408 vel
3519 4354 3701 4408 tubu-

2067 4428 2220 4494 latse,
2254 4426 2421 4497 plicis
2453 4430 2508 4482 et
2537 4425 2859 4497 recessibus
2908 4425 3084 4497 panni
3117 4424 3537 4497 frequentibus,
3571 4425 3702 4480 unis

1987 4500 2032 4565 D
2065 4499 2137 4554 ad
2187 4495 2398 4566 alteros
2454 4496 2754 4566 appositis,
2801 4497 2872 4550 de
2914 4495 3148 4565 quibus
3195 4495 3325 4550 dico
3381 4495 3450 4550 ad
3501 4511 3700 4550 vocem

2071 4565 2751 4645 χρυσοσῳληνοκὲντητος,
2793 4583 2846 4636 ρ,
2877 4567 2963 4621 48,

2095 4633 2251 4710 ”’(95)
2282 4633 2426 4694 Sunt
2455 4641 2554 4710 qui
2603 4633 3038 4708 vestes—sepone
3059 4637 3369 4710 inundant
3401 4636 3697 4710 etlavant.

2072 4707 2255 4766 Latini
2286 4710 2392 4766 hos
2421 4707 2801 4765 candidatores
2844 4707 2905 4763 et
2930 4707 3277 4763 candidarios
3307 4707 3698 4778 appellabant,

2070 4789 2127 4837 et
2147 4781 2290 4837 tales
2335 4783 2579 4837 feminas
2609 4779 3027 4844 candidatrices,
3060 4787 3120 4833 ut
3152 4783 3396 4849 apparet
3437 4794 3484 4849 7e
3545 4778 3697 4833 Petri

2071 4853 2428 4908 Bellunensis
2449 4852 2616 4923 epist.
2654 4849 2820 4923 14,:si
2854 4853 3020 4923 modo
3053 4854 3204 4906 recte
3233 4848 3326 4923 ibi
3358 4848 3580 4903 editum
3613 4856 3699 4904 est

2068 4918 2501 4979 candidalricesf
2518 4923 2659 4978 Puto
2674 4921 2826 4977 enim
2848 4922 3039 4993 potius
3061 4918 3397 4993 cantatrices
3420 4935 3700 4989 reponen-

2070 4996 2205 5050 dum
2238 5010 2382 5050 esse.
2413 4997 2693 5050 Recenset
2723 4990 2881 5048 enim
2905 4992 3246 5048 damnosam
3277 4990 3571 5045 curiarum
3601 5005 3703 5044 ca-

2067 5070 2312 5132 tervam,
2339 5069 2559 5136 pestem
2601 5065 2952 5136 principum,
2984 5064 3042 5117 in
3072 5079 3187 5133 qua
3214 5060 3611 5136 candidatores,
3637 5069 3701 5116 ut

2069 5132 2375 5192 necessarii
2407 5137 2530 5191 vitm
2563 5132 2882 5200 communi,
2941 5132 3230 5189 numerari
3273 5148 3389 5186 non
3429 5135 3694 5201 possunt.

2067 5213 2336 5263 Cantores
2384 5216 2573 5262 autem
2608 5206 2860 5262 eunuchi
2916 5213 2969 5260 et
3000 5203 3337 5259 cantatrices
3382 5203 3451 5256 ad
3512 5219 3696 5257 recre-

2069 5283 2261 5334 menta
2282 5279 2454 5333 curize
2478 5288 2531 5334 et
2563 5278 2803 5333 luxurias
2849 5282 3194 5346 apparatum
3255 5274 3560 5342 pertinent.
3594 5273 3697 5328 Hic

2065 5351 2226 5405 locus
2257 5356 2345 5406 est
2376 5368 2388 5405 :
2422 5350 2641 5419 judicet
2673 5349 2937 5419 quisque,
2968 5348 3120 5419 Regis
3149 5347 3366 5419 curiam
3397 5351 3701 5419 sequunlur

2068 5421 2285 5476 assidue
2315 5415 2629 5480 histriones,
2690 5415 3120 5482 candidatrires,
3179 5415 3473 5482 aleatores,
3505 5415 3700 5470 dulco-

2067 5495 2229 5557 rarii,
2269 5506 2561 5556 caupones,
2609 5488 2956 5559 nebulatores
3005 5489 3274 5559 [pistores
3304 5486 3698 5559 nebularum,

2067 5568 2166 5633 qui
2199 5556 2403 5635 parent
2423 5568 2623 5635 tenues
2645 5556 3429 5635 cancellatas:placentul_as,_
3451 5557 3696 5635 Waﬂlen,

2066 5627 2157 5690 de:
2186 5627 2424 5705 dou/fres
2481 5630 2712 5705 dictas),
2747 5631 2918 5705 mimi
2936 5629 3264 5705 balatrones,
3309 5627 3623 5705 turbatores
3647 5632 3700 5682 et

2068 5708 2168 5762 hoc
2187 5698 2363 5773 'gen'us
2394 5719 2571 5759 omne.
2604 5698 2921 5756 Ne'ccssarii
2941 5704 3133 5754 autem
3166 5702 3330 5773 erant
3359 5698 3698 5773 candidato-

2070 5794 2160 5834 res
2181 5768 2238 5831 i'n
2273 5773 2736 5848 aulaByzantina
2755 5778 3058 5844 propterea
3081 5771 3348 5834 maxime,
3366 5770 3515 5839 quod
3543 5768 3699 5825 color
