  <div class='ocr_page' id='page_1' title='image "/cluster/home/n/w/nwhite01/storage/ocr_20150623/112/mdp.39015034364078/559.png"; bbox 0 0 4120 6306; ppageno 0'>
   <div class='ocr_carea' id='block_1_1' title="bbox 485 377 644 438">
    <p class='ocr_par' dir='ltr' id='par_1_1' title="bbox 485 377 644 438">
     <span class='ocr_line' id='line_1_1' title="bbox 485 377 644 438; baseline -0.013 0"><span class='ocrx_word' id='word_1_1' title='bbox 485 377 644 438; x_wconf 76' lang='grc'><strong>1103</strong></span> 
     </span>
    </p>
   </div>
   <div class='ocr_carea' id='block_1_2' title="bbox 1533 365 2812 434">
    <p class='ocr_par' dir='ltr' id='par_1_2' title="bbox 1533 365 2812 434">
     <span class='ocr_line' id='line_1_2' title="bbox 1533 365 2812 434; baseline -0.008 0"><span class='ocrx_word' id='word_1_2' title='bbox 1533 370 2068 434; x_wconf 80' lang='lat' dir='ltr'><strong>CONSTANTINI</strong></span> <span class='ocrx_word' id='word_1_3' title='bbox 2113 365 2812 430; x_wconf 76' lang='lat' dir='ltr'><strong>PORPHYROGENITI</strong></span> 
     </span>
    </p>
   </div>
   <div class='ocr_carea' id='block_1_3' title="bbox 3734 367 3894 427">
    <p class='ocr_par' dir='ltr' id='par_1_3' title="bbox 3734 367 3894 427">
     <span class='ocr_line' id='line_1_3' title="bbox 3734 367 3894 427; baseline 0.013 -2"><span class='ocrx_word' id='word_1_4' title='bbox 3734 367 3894 427; x_wconf 75' lang='grc'><strong>1104</strong></span> 
     </span>
    </p>
   </div>
   <div class='ocr_carea' id='block_1_4' title="bbox 482 493 2132 581">
    <p class='ocr_par' dir='ltr' id='par_1_4' title="bbox 482 505 2116 581">
     <span class='ocr_line' id='line_1_4' title="bbox 482 505 2116 581; baseline -0.004 -17"><span class='ocrx_word' id='word_1_5' title='bbox 482 509 653 566; x_wconf 81' lang='lat' dir='ltr'><strong>habet</strong></span> <span class='ocrx_word' id='word_1_6' title='bbox 682 511 828 566; x_wconf 89' lang='lat' dir='ltr'><strong>ritus</strong></span> <span class='ocrx_word' id='word_1_7' title='bbox 856 511 1153 581; x_wconf 87' lang='lat' dir='ltr'><strong>antiquus,</strong></span> <span class='ocrx_word' id='word_1_8' title='bbox 1185 508 1238 562; x_wconf 90' lang='lat' dir='ltr'>vi</span> <span class='ocrx_word' id='word_1_9' title='bbox 1269 508 1438 578; x_wconf 86' lang='lat' dir='ltr'><strong>cujus</strong></span> <span class='ocrx_word' id='word_1_10' title='bbox 1496 505 1820 562; x_wconf 85' lang='lat' dir='ltr'><strong>factionarii</strong></span> <span class='ocrx_word' id='word_1_11' title='bbox 1851 512 1904 560; x_wconf 91' lang='lat' dir='ltr'><strong>et</strong></span> <span class='ocrx_word' id='word_1_12' title='bbox 1933 505 2116 576; x_wconf 86' lang='lat' dir='ltr'><strong>picto-</strong></span> 
     </span>
    </p>
   </div>
   <div class='ocr_carea' id='block_1_5' title="bbox 2237 493 3893 581">
    <p class='ocr_par' dir='ltr' id='par_1_5' title="bbox 2237 493 3893 572">
     <span class='ocr_line' id='line_1_5' title="bbox 2237 493 3893 572; baseline 0 -21"><span class='ocrx_word' id='word_1_13' title='bbox 2237 497 2402 572; x_wconf 66' lang='grc' dir='ltr'>χαίων</span> <span class='ocrx_word' id='word_1_14' title='bbox 2492 495 2703 571; x_wconf 79' lang='grc' dir='ltr'>χρόνων</span> <span class='ocrx_word' id='word_1_15' title='bbox 2798 493 3363 567; x_wconf 68' lang='grc' dir='ltr'>παρακολουθήσει-ιτα</span> <span class='ocrx_word' id='word_1_16' title='bbox 3436 493 3610 550; x_wconf 86' lang='grc' dir='ltr'>τύπον</span> <span class='ocrx_word' id='word_1_17' title='bbox 3691 496 3893 569; x_wconf 80' lang='grc' dir='ltr'>αὐτῆς,</span> 
     </span>
    </p>
   </div>
   <div class='ocr_carea' id='block_1_6' title="bbox 481 590 2122 661">
    <p class='ocr_par' dir='ltr' id='par_1_6' title="bbox 481 590 2122 661">
     <span class='ocr_line' id='line_1_6' title="bbox 481 590 2122 661; baseline -0.004 -9"><span class='ocrx_word' id='word_1_18' title='bbox 481 612 574 652; x_wconf 87' lang='lat' dir='ltr'><strong>res</strong></span> <span class='ocrx_word' id='word_1_19' title='bbox 601 601 661 652; x_wconf 85' lang='lat' dir='ltr'><strong>et</strong></span> <span class='ocrx_word' id='word_1_20' title='bbox 689 595 834 651; x_wconf 83' lang='lat' dir='ltr'><strong>fabri</strong></span> <span class='ocrx_word' id='word_1_21' title='bbox 863 596 1118 651; x_wconf 86' lang='lat' dir='ltr'><strong>victricis</strong></span> <span class='ocrx_word' id='word_1_22' title='bbox 1148 591 1556 648; x_wconf 77' lang='lat' dir='ltr'><strong>tantummodo</strong></span> <span class='ocrx_word' id='word_1_23' title='bbox 1583 590 1851 646; x_wconf 76' lang='lat' dir='ltr'><strong>factionis</strong></span> <span class='ocrx_word' id='word_1_24' title='bbox 1893 606 2122 661; x_wconf 87' lang='lat' dir='ltr'><strong>proces-</strong></span> 
     </span>
    </p>
   </div>
   <div class='ocr_carea' id='block_1_7' title="bbox 483 679 2128 745">
    <p class='ocr_par' dir='ltr' id='par_1_7' title="bbox 483 679 2128 745">
     <span class='ocr_line' id='line_1_7' title="bbox 483 679 2128 745; baseline -0.004 -5"><span class='ocrx_word' id='word_1_25' title='bbox 483 686 708 741; x_wconf 90' lang='lat' dir='ltr'><strong>sionem</strong></span> <span class='ocrx_word' id='word_1_26' title='bbox 740 685 1130 740; x_wconf 85' lang='lat' dir='ltr'><strong>celebrabant.</strong></span> <span class='ocrx_word' id='word_1_27' title='bbox 1159 685 1230 735; x_wconf 91' lang='lat' dir='ltr'><strong>Ut</strong></span> <span class='ocrx_word' id='word_1_28' title='bbox 1247 686 1524 736; x_wconf 80' lang='lat' dir='ltr'><strong>venerant</strong></span> <span class='ocrx_word' id='word_1_29' title='bbox 1553 679 1612 734; x_wconf 90' lang='lat' dir='ltr'><strong>in</strong></span> <span class='ocrx_word' id='word_1_30' title='bbox 1631 681 1699 745; x_wconf 90' lang='lat' dir='ltr'><strong>II,</strong></span> <span class='ocrx_word' id='word_1_31' title='bbox 1725 679 2128 735; x_wconf 73' lang='lat' dir='ltr'><strong>consistebant</strong></span> 
     </span>
    </p>
   </div>
   <div class='ocr_carea' id='block_1_8' title="bbox 481 769 2130 847">
    <p class='ocr_par' dir='ltr' id='par_1_8' title="bbox 481 769 2130 847">
     <span class='ocr_line' id='line_1_8' title="bbox 481 769 2130 847; baseline -0.004 -18"><span class='ocrx_word' id='word_1_32' title='bbox 481 775 812 846; x_wconf 71' lang='lat' dir='ltr'><strong>ibiaurigae,</strong></span> <span class='ocrx_word' id='word_1_33' title='bbox 829 772 1269 840; x_wconf 78' lang='lat' dir='ltr'><strong>etdemarcbus,</strong></span> <span class='ocrx_word' id='word_1_34' title='bbox 1293 776 1350 825; x_wconf 94' lang='lat' dir='ltr'><strong>et</strong></span> <span class='ocrx_word' id='word_1_35' title='bbox 1369 770 1676 843; x_wconf 84' lang='lat' dir='ltr'><strong>populares</strong></span> <span class='ocrx_word' id='word_1_36' title='bbox 1689 769 2034 847; x_wconf 66' lang='lat' dir='ltr'><strong>etpictores,</strong></span> <span class='ocrx_word' id='word_1_37' title='bbox 2073 772 2130 823; x_wconf 85' lang='lat' dir='ltr'><strong>et</strong></span> 
     </span>
    </p>
   </div>
   <div class='ocr_carea' id='block_1_9' title="bbox 482 856 2131 933">
    <p class='ocr_par' dir='ltr' id='par_1_9' title="bbox 482 856 2131 933">
     <span class='ocr_line' id='line_1_9' title="bbox 482 856 2131 933; baseline -0.004 -16"><span class='ocrx_word' id='word_1_38' title='bbox 482 878 665 933; x_wconf 68' lang='lat' dir='ltr'><strong>operis</strong></span> <span class='ocrx_word' id='word_1_39' title='bbox 697 861 954 929; x_wconf 82' lang='lat' dir='ltr'><strong>fabriles,</strong></span> <span class='ocrx_word' id='word_1_40' title='bbox 977 859 1464 931; x_wconf 82' lang='lat' dir='ltr'><strong>desultabantque</strong></span> <span class='ocrx_word' id='word_1_41' title='bbox 1487 876 1626 915; x_wconf 89' lang='lat' dir='ltr'><strong>suas</strong></span> <span class='ocrx_word' id='word_1_42' title='bbox 1655 859 1920 922; x_wconf 89' lang='lat' dir='ltr'><strong>choreas,</strong></span> <span class='ocrx_word' id='word_1_43' title='bbox 1938 856 2131 912; x_wconf 61' lang='lat' dir='ltr'><strong>dictis~</strong></span> 
     </span>
    </p>
   </div>
   <div class='ocr_carea' id='block_1_10' title="bbox 480 945 2128 1020">
    <p class='ocr_par' dir='ltr' id='par_1_10' title="bbox 480 945 2128 1020">
     <span class='ocr_line' id='line_1_10' title="bbox 480 945 2128 1020; baseline -0.002 -16"><span class='ocrx_word' id='word_1_44' title='bbox 480 966 592 1020; x_wconf 90' lang='lat' dir='ltr'><strong>que</strong></span> <span class='ocrx_word' id='word_1_45' title='bbox 622 949 959 1020; x_wconf 81' lang='lat' dir='ltr'><strong>imperatori</strong></span> <span class='ocrx_word' id='word_1_46' title='bbox 1017 948 1311 1018; x_wconf 81' lang='lat' dir='ltr'><strong>laudibus,</strong></span> <span class='ocrx_word' id='word_1_47' title='bbox 1364 948 1606 1003; x_wconf 90' lang='lat' dir='ltr'><strong>abibant</strong></span> <span class='ocrx_word' id='word_1_48' title='bbox 1643 963 1745 1017; x_wconf 91' lang='lat' dir='ltr'><strong>per</strong></span> <span class='ocrx_word' id='word_1_49' title='bbox 1787 961 2009 1002; x_wconf 85' lang='lat' dir='ltr'><strong>mesam</strong></span> <span class='ocrx_word' id='word_1_50' title='bbox 2067 945 2128 1000; x_wconf 88' lang='lat' dir='ltr'><strong>in</strong></span> 
     </span>
    </p>
   </div>
   <div class='ocr_carea' id='block_1_11' title="bbox 480 1035 2124 1110">
    <p class='ocr_par' dir='ltr' id='par_1_11' title="bbox 480 1035 2124 1110">
     <span class='ocr_line' id='line_1_11' title="bbox 480 1035 2124 1110; baseline -0.003 -16"><span class='ocrx_word' id='word_1_51' title='bbox 480 1039 774 1110; x_wconf 88' lang='lat' dir='ltr'><strong>propriam</strong></span> <span class='ocrx_word' id='word_1_52' title='bbox 797 1053 965 1094; x_wconf 88' lang='lat' dir='ltr'><strong>suam</strong></span> <span class='ocrx_word' id='word_1_53' title='bbox 993 1037 1322 1104; x_wconf 86' lang='lat' dir='ltr'><strong>ecclesiam,</strong></span> <span class='ocrx_word' id='word_1_54' title='bbox 1354 1037 1643 1092; x_wconf 72' lang='lat' dir='ltr'><strong>inSanctae</strong></span> <span class='ocrx_word' id='word_1_55' title='bbox 1670 1035 1927 1107; x_wconf 63' lang='lat' dir='ltr'><strong>Deiparas</strong></span> <span class='ocrx_word' id='word_1_56' title='bbox 1940 1035 2124 1091; x_wconf 66' lang='lat' dir='ltr'><strong>aedem</strong></span> 
     </span>
    </p>
   </div>
   <div class='ocr_carea' id='block_1_12' title="bbox 479 1125 2130 1200">
    <p class='ocr_par' dir='ltr' id='par_1_12' title="bbox 479 1125 2130 1200">
     <span class='ocr_line' id='line_1_12' title="bbox 479 1125 2130 1200; baseline -0.004 -16"><span class='ocrx_word' id='word_1_57' title='bbox 479 1140 642 1200; x_wconf 83' lang='lat' dir='ltr'><strong>puta,</strong></span> <span class='ocrx_word' id='word_1_58' title='bbox 675 1146 802 1200; x_wconf 66' lang='lat' dir='ltr'><strong>qua;</strong></span> <span class='ocrx_word' id='word_1_59' title='bbox 835 1129 894 1183; x_wconf 91' lang='lat' dir='ltr'><strong>in</strong></span> <span class='ocrx_word' id='word_1_60' title='bbox 927 1126 1395 1183; x_wconf 89' lang='lat' dir='ltr'><strong>diaconissarum</strong></span> <span class='ocrx_word' id='word_1_61' title='bbox 1427 1125 1778 1182; x_wconf 88' lang='lat' dir='ltr'><strong>monasterio</strong></span> <span class='ocrx_word' id='word_1_62' title='bbox 1808 1131 1932 1194; x_wconf 86' lang='lat' dir='ltr'><strong>est;</strong></span> <span class='ocrx_word' id='word_1_63' title='bbox 1964 1131 2130 1194; x_wconf 84' lang='lat' dir='ltr'><strong>prout</strong></span> 
     </span>
    </p>
   </div>
   <div class='ocr_carea' id='block_1_13' title="bbox 480 1214 2126 1284">
    <p class='ocr_par' dir='ltr' id='par_1_13' title="bbox 480 1214 2126 1284">
     <span class='ocr_line' id='line_1_13' title="bbox 480 1214 2126 1284; baseline -0.003 -14"><span class='ocrx_word' id='word_1_64' title='bbox 480 1217 606 1271; x_wconf 86' lang='lat' dir='ltr'><strong>fieri</strong></span> <span class='ocrx_word' id='word_1_65' title='bbox 637 1216 857 1272; x_wconf 90' lang='lat' dir='ltr'><strong>soletin</strong></span> <span class='ocrx_word' id='word_1_66' title='bbox 889 1217 1024 1271; x_wconf 92' lang='lat' dir='ltr'><strong>ludo</strong></span> <span class='ocrx_word' id='word_1_67' title='bbox 1057 1215 1246 1270; x_wconf 90' lang='lat' dir='ltr'><strong>curuli</strong></span> <span class='ocrx_word' id='word_1_68' title='bbox 1273 1215 1538 1270; x_wconf 88' lang='lat' dir='ltr'><strong>olerario.</strong></span> <span class='ocrx_word' id='word_1_69' title='bbox 1559 1214 1726 1270; x_wconf 85' lang='lat' dir='ltr'><strong>Sexto</strong></span> <span class='ocrx_word' id='word_1_70' title='bbox 1743 1214 1838 1268; x_wconf 91' lang='lat' dir='ltr'><strong>die</strong></span> <span class='ocrx_word' id='word_1_71' title='bbox 1858 1214 2126 1284; x_wconf 77' lang='lat' dir='ltr'><strong>Augusti,</strong></span> 
     </span>
    </p>
   </div>
   <div class='ocr_carea' id='block_1_14' title="bbox 480 1302 2128 1375">
    <p class='ocr_par' dir='ltr' id='par_1_14' title="bbox 480 1302 2128 1375">
     <span class='ocr_line' id='line_1_14' title="bbox 480 1302 2128 1375; baseline -0.003 -14"><span class='ocrx_word' id='word_1_72' title='bbox 480 1319 585 1361; x_wconf 79' lang='lat' dir='ltr'><strong>seu</strong></span> <span class='ocrx_word' id='word_1_73' title='bbox 619 1306 760 1360; x_wconf 87' lang='lat' dir='ltr'><strong>festo</strong></span> <span class='ocrx_word' id='word_1_74' title='bbox 792 1304 1110 1375; x_wconf 65' lang='lat' dir='ltr'><strong>splendidae</strong></span> <span class='ocrx_word' id='word_1_75' title='bbox 1127 1303 1681 1374; x_wconf 77' lang='lat' dir='ltr'><strong>Transﬁgurationis</strong></span> <span class='ocrx_word' id='word_1_76' title='bbox 1699 1302 1920 1357; x_wconf 89' lang='lat' dir='ltr'><strong>Domini</strong></span> <span class='ocrx_word' id='word_1_77' title='bbox 1945 1302 2128 1356; x_wconf 80' lang='lat' dir='ltr'><strong>nostri</strong></span> 
     </span>
    </p>
   </div>
   <div class='ocr_carea' id='block_1_15' title="bbox 480 1388 2128 1464">
    <p class='ocr_par' dir='ltr' id='par_1_15' title="bbox 480 1388 2128 1464">
     <span class='ocr_line' id='line_1_15' title="bbox 480 1388 2128 1464; baseline -0.002 -16"><span class='ocrx_word' id='word_1_78' title='bbox 480 1393 622 1449; x_wconf 85' lang='lat' dir='ltr'><strong>Jesu</strong></span> <span class='ocrx_word' id='word_1_79' title='bbox 682 1392 916 1457; x_wconf 79' lang='lat' dir='ltr'><strong>Christi,</strong></span> <span class='ocrx_word' id='word_1_80' title='bbox 949 1392 1328 1464; x_wconf 81' lang='lat' dir='ltr'><strong>peragebatur</strong></span> <span class='ocrx_word' id='word_1_81' title='bbox 1374 1392 1588 1447; x_wconf 90' lang='lat' dir='ltr'><strong>festum</strong></span> <span class='ocrx_word' id='word_1_82' title='bbox 1621 1394 1944 1446; x_wconf 88' lang='lat' dir='ltr'><strong>secundum</strong></span> <span class='ocrx_word' id='word_1_83' title='bbox 1975 1388 2128 1445; x_wconf 87' lang='lat' dir='ltr'><strong>anti-</strong></span> 
     </span>
    </p>
   </div>
   <div class='ocr_carea' id='block_1_16' title="bbox 485 1477 2130 1554">
    <p class='ocr_par' dir='ltr' id='par_1_16' title="bbox 485 1477 2130 1554">
     <span class='ocr_line' id='line_1_16' title="bbox 485 1477 2130 1554; baseline -0.003 -17"><span class='ocrx_word' id='word_1_84' title='bbox 485 1497 670 1554; x_wconf 91' lang='lat' dir='ltr'><strong>quum</strong></span> <span class='ocrx_word' id='word_1_85' title='bbox 702 1498 773 1537; x_wconf 87' lang='lat' dir='ltr'><strong>ex</strong></span> <span class='ocrx_word' id='word_1_86' title='bbox 791 1482 1024 1537; x_wconf 89' lang='lat' dir='ltr'><strong>remotis</strong></span> <span class='ocrx_word' id='word_1_87' title='bbox 1049 1481 1756 1551; x_wconf 88' lang='lat' dir='ltr'><strong>temporibustraductum</strong></span> <span class='ocrx_word' id='word_1_88' title='bbox 1775 1480 1980 1545; x_wconf 88' lang='lat' dir='ltr'><strong>ritum,</strong></span> <span class='ocrx_word' id='word_1_89' title='bbox 2016 1477 2130 1533; x_wconf 88' lang='lat' dir='ltr'><strong>nisi</strong></span> 
     </span>
    </p>
   </div>
   <div class='ocr_carea' id='block_1_17' title="bbox 485 1565 2127 1640">
    <p class='ocr_par' dir='ltr' id='par_1_17' title="bbox 485 1565 2127 1640">
     <span class='ocr_line' id='line_1_17' title="bbox 485 1565 2127 1640; baseline -0.002 -16"><span class='ocrx_word' id='word_1_90' title='bbox 485 1568 644 1640; x_wconf 90' lang='lat' dir='ltr'><strong>quod</strong></span> <span class='ocrx_word' id='word_1_91' title='bbox 674 1569 896 1623; x_wconf 91' lang='lat' dir='ltr'><strong>domini</strong></span> <span class='ocrx_word' id='word_1_92' title='bbox 928 1569 988 1623; x_wconf 91' lang='lat' dir='ltr'><strong>in</strong></span> <span class='ocrx_word' id='word_1_93' title='bbox 1045 1568 1291 1639; x_wconf 82' lang='lat' dir='ltr'><strong>gratiam</strong></span> <span class='ocrx_word' id='word_1_94' title='bbox 1351 1568 1768 1622; x_wconf 88' lang='lat' dir='ltr'><strong>Saracenorum</strong></span> <span class='ocrx_word' id='word_1_95' title='bbox 1827 1565 2127 1637; x_wconf 88' lang='lat' dir='ltr'><strong>hospitum</strong></span> 
     </span>
    </p>
   </div>
   <div class='ocr_carea' id='block_1_18' title="bbox 481 1654 2126 1726">
    <p class='ocr_par' dir='ltr' id='par_1_18' title="bbox 481 1654 2126 1726">
     <span class='ocr_line' id='line_1_18' title="bbox 481 1654 2126 1726; baseline -0.003 -14"><span class='ocrx_word' id='word_1_96' title='bbox 481 1656 640 1712; x_wconf 90' lang='lat' dir='ltr'><strong>loros</strong></span> <span class='ocrx_word' id='word_1_97' title='bbox 669 1670 930 1726; x_wconf 88' lang='lat' dir='ltr'><strong>corpore,</strong></span> <span class='ocrx_word' id='word_1_98' title='bbox 964 1670 1162 1710; x_wconf 86' lang='lat' dir='ltr'><strong>cruces</strong></span> <span class='ocrx_word' id='word_1_99' title='bbox 1191 1661 1248 1710; x_wconf 91' lang='lat' dir='ltr'><strong>et</strong></span> <span class='ocrx_word' id='word_1_100' title='bbox 1267 1655 1494 1710; x_wconf 90' lang='lat' dir='ltr'><strong>acasias</strong></span> <span class='ocrx_word' id='word_1_101' title='bbox 1511 1654 1781 1709; x_wconf 89' lang='lat' dir='ltr'><strong>manibus</strong></span> <span class='ocrx_word' id='word_1_102' title='bbox 1803 1654 2126 1724; x_wconf 79' lang='lat' dir='ltr'><strong>gestabant.</strong></span> 
     </span>
    </p>
   </div>
   <div class='ocr_carea' id='block_1_19' title="bbox 484 1741 2131 1815">
    <p class='ocr_par' dir='ltr' id='par_1_19' title="bbox 484 1741 2131 1815">
     <span class='ocr_line' id='line_1_19' title="bbox 484 1741 2131 1815; baseline -0.002 -15"><span class='ocrx_word' id='word_1_103' title='bbox 484 1743 748 1815; x_wconf 77' lang='lat' dir='ltr'><strong>Magistri</strong></span> <span class='ocrx_word' id='word_1_104' title='bbox 776 1749 966 1798; x_wconf 90' lang='lat' dir='ltr'><strong>autem</strong></span> <span class='ocrx_word' id='word_1_105' title='bbox 991 1747 1047 1796; x_wconf 93' lang='lat' dir='ltr'><strong>et</strong></span> <span class='ocrx_word' id='word_1_106' title='bbox 1077 1743 1453 1812; x_wconf 84' lang='lat' dir='ltr'><strong>proconsules</strong></span> <span class='ocrx_word' id='word_1_107' title='bbox 1483 1747 1540 1798; x_wconf 90' lang='lat' dir='ltr'><strong>et</strong></span> <span class='ocrx_word' id='word_1_108' title='bbox 1567 1741 1791 1814; x_wconf 88' lang='lat' dir='ltr'><strong>patricii</strong></span> <span class='ocrx_word' id='word_1_109' title='bbox 1823 1742 2131 1813; x_wconf 85' lang='lat' dir='ltr'><strong>gestabant</strong></span> 
     </span>
    </p>
   </div>
   <div class='ocr_carea' id='block_1_20' title="bbox 483 1829 2129 1903">
    <p class='ocr_par' dir='ltr' id='par_1_20' title="bbox 483 1829 2129 1903">
     <span class='ocr_line' id='line_1_20' title="bbox 483 1829 2129 1903; baseline -0.001 -16"><span class='ocrx_word' id='word_1_110' title='bbox 483 1839 539 1887; x_wconf 91' lang='lat' dir='ltr'><strong>et</strong></span> <span class='ocrx_word' id='word_1_111' title='bbox 567 1831 676 1902; x_wconf 87' lang='lat' dir='ltr'><strong>ipsi</strong></span> <span class='ocrx_word' id='word_1_112' title='bbox 705 1847 935 1902; x_wconf 90' lang='lat' dir='ltr'><strong>quoque</strong></span> <span class='ocrx_word' id='word_1_113' title='bbox 963 1829 1140 1896; x_wconf 89' lang='lat' dir='ltr'><strong>loros,</strong></span> <span class='ocrx_word' id='word_1_114' title='bbox 1172 1832 1389 1902; x_wconf 87' lang='lat' dir='ltr'><strong>absque</strong></span> <span class='ocrx_word' id='word_1_115' title='bbox 1418 1837 1613 1886; x_wconf 88' lang='lat' dir='ltr'><strong>tamen</strong></span> <span class='ocrx_word' id='word_1_116' title='bbox 1661 1831 2020 1903; x_wconf 84' lang='lat' dir='ltr'><strong>scipionibus</strong></span> <span class='ocrx_word' id='word_1_117' title='bbox 2075 1837 2129 1886; x_wconf 89' lang='lat' dir='ltr'><strong>et</strong></span> 
     </span>
    </p>
   </div>
   <div class='ocr_carea' id='block_1_21' title="bbox 485 1919 2128 1990">
    <p class='ocr_par' dir='ltr' id='par_1_21' title="bbox 485 1919 2128 1990">
     <span class='ocr_line' id='line_1_21' title="bbox 485 1919 2128 1990; baseline -0.001 -14"><span class='ocrx_word' id='word_1_118' title='bbox 485 1922 708 1990; x_wconf 87' lang='lat' dir='ltr'><strong>absque</strong></span> <span class='ocrx_word' id='word_1_119' title='bbox 737 1919 968 1975; x_wconf 88' lang='lat' dir='ltr'><strong>acaciis.</strong></span> <span class='ocrx_word' id='word_1_120' title='bbox 1004 1919 1475 1976; x_wconf 90' lang='lat' dir='ltr'><strong>Producebantur</strong></span> <span class='ocrx_word' id='word_1_121' title='bbox 1503 1935 1666 1975; x_wconf 83' lang='lat' dir='ltr'><strong>sceve</strong></span> <span class='ocrx_word' id='word_1_122' title='bbox 1699 1937 1802 1976; x_wconf 91' lang='lat' dir='ltr'><strong>seu</strong></span> <span class='ocrx_word' id='word_1_123' title='bbox 1827 1937 1968 1975; x_wconf 90' lang='lat' dir='ltr'><strong>vasa</strong></span> <span class='ocrx_word' id='word_1_124' title='bbox 1997 1936 2128 1990; x_wconf 89' lang='lat' dir='ltr'><strong>pre-</strong></span> 
     </span>
    </p>
   </div>
   <div class='ocr_carea' id='block_1_22' title="bbox 485 2007 2136 2080">
    <p class='ocr_par' dir='ltr' id='par_1_22' title="bbox 485 2007 2136 2080">
     <span class='ocr_line' id='line_1_22' title="bbox 485 2007 2136 2080; baseline -0.001 -16"><span class='ocrx_word' id='word_1_125' title='bbox 485 2013 644 2064; x_wconf 86' lang='lat' dir='ltr'><strong>tiosa</strong></span> <span class='ocrx_word' id='word_1_126' title='bbox 685 2013 742 2063; x_wconf 93' lang='lat' dir='ltr'><strong>et</strong></span> <span class='ocrx_word' id='word_1_127' title='bbox 772 2008 1026 2078; x_wconf 72' lang='lat' dir='ltr'><strong>reliquiae</strong></span> <span class='ocrx_word' id='word_1_128' title='bbox 1059 2009 1624 2077; x_wconf 64' lang='lat' dir='ltr'><strong>sanctorum,&#39;omnia</strong></span> <span class='ocrx_word' id='word_1_129' title='bbox 1653 2009 1712 2063; x_wconf 89' lang='lat' dir='ltr'><strong>in</strong></span> <span class='ocrx_word' id='word_1_130' title='bbox 1727 2007 2007 2080; x_wconf 90' lang='lat' dir='ltr'><strong>obsequio</strong></span> <span class='ocrx_word' id='word_1_131' title='bbox 2033 2023 2136 2080; x_wconf 91' lang='lat' dir='ltr'><strong>pro</strong></span> 
     </span>
    </p>
   </div>
   <div class='ocr_carea' id='block_1_23' title="bbox 485 2097 2138 2170">
    <p class='ocr_par' dir='ltr' id='par_1_23' title="bbox 485 2097 2138 2170">
     <span class='ocr_line' id='line_1_23' title="bbox 485 2097 2138 2170; baseline -0.001 -16"><span class='ocrx_word' id='word_1_132' title='bbox 485 2113 649 2154; x_wconf 89' lang='lat' dir='ltr'><strong>more</strong></span> <span class='ocrx_word' id='word_1_133' title='bbox 670 2101 972 2163; x_wconf 87' lang='lat' dir='ltr'><strong>consueto,</strong></span> <span class='ocrx_word' id='word_1_134' title='bbox 1007 2100 1071 2152; x_wconf 91' lang='lat' dir='ltr'><strong>ut</strong></span> <span class='ocrx_word' id='word_1_135' title='bbox 1095 2113 1305 2169; x_wconf 90' lang='lat' dir='ltr'><strong>magna</strong></span> <span class='ocrx_word' id='word_1_136' title='bbox 1333 2114 1496 2163; x_wconf 84' lang='lat' dir='ltr'><strong>crux,</strong></span> <span class='ocrx_word' id='word_1_137' title='bbox 1525 2098 1687 2170; x_wconf 91' lang='lat' dir='ltr'><strong>virga</strong></span> <span class='ocrx_word' id='word_1_138' title='bbox 1711 2097 1885 2154; x_wconf 80' lang='lat' dir='ltr'><strong>Mosis</strong></span> <span class='ocrx_word' id='word_1_139' title='bbox 1905 2103 2138 2169; x_wconf 87' lang='lat' dir='ltr'><strong>sceptra</strong></span> 
     </span>
    </p>
   </div>
   <div class='ocr_carea' id='block_1_24' title="bbox 487 2184 2134 2258">
    <p class='ocr_par' dir='ltr' id='par_1_24' title="bbox 487 2184 2134 2258">
     <span class='ocr_line' id='line_1_24' title="bbox 487 2184 2134 2258; baseline -0.001 -16"><span class='ocrx_word' id='word_1_140' title='bbox 487 2188 616 2256; x_wconf 90' lang='lat' dir='ltr'><strong>[seu</strong></span> <span class='ocrx_word' id='word_1_141' title='bbox 644 2185 872 2257; x_wconf 86' lang='lat' dir='ltr'><strong>vexilla]</strong></span> <span class='ocrx_word' id='word_1_142' title='bbox 906 2184 1187 2253; x_wconf 83' lang='lat' dir='ltr'><strong>Romana,</strong></span> <span class='ocrx_word' id='word_1_143' title='bbox 1209 2186 1482 2258; x_wconf 80' lang='lat' dir='ltr'><strong>eutychia</strong></span> <span class='ocrx_word' id='word_1_144' title='bbox 1511 2185 1620 2257; x_wconf 90' lang='lat' dir='ltr'><strong>[vel</strong></span> <span class='ocrx_word' id='word_1_145' title='bbox 1651 2186 1822 2258; x_wconf 90' lang='lat' dir='ltr'><strong>signa</strong></span> <span class='ocrx_word' id='word_1_146' title='bbox 1850 2185 2134 2256; x_wconf 74' lang='lat' dir='ltr'><strong>Fortune]</strong></span> 
     </span>
    </p>
   </div>
   <div class='ocr_carea' id='block_1_25' title="bbox 488 2273 2138 2346">
    <p class='ocr_par' dir='ltr' id='par_1_25' title="bbox 488 2273 2138 2346">
     <span class='ocr_line' id='line_1_25' title="bbox 488 2273 2138 2346; baseline -0.002 -15"><span class='ocrx_word' id='word_1_147' title='bbox 488 2280 549 2332; x_wconf 85' lang='lat' dir='ltr'><strong>et</strong></span> <span class='ocrx_word' id='word_1_148' title='bbox 577 2274 700 2330; x_wconf 69' lang='lat' dir='ltr'><strong>aliis</strong></span> <span class='ocrx_word' id='word_1_149' title='bbox 741 2289 1094 2346; x_wconf 61' lang='lat' dir='ltr'><strong>quaecunque</strong></span> <span class='ocrx_word' id='word_1_150' title='bbox 1123 2273 1376 2345; x_wconf 66' lang='lat' dir='ltr'><strong>reliquie</strong></span> <span class='ocrx_word' id='word_1_151' title='bbox 1431 2275 1492 2330; x_wconf 85' lang='lat' dir='ltr'><strong>in</strong></span> <span class='ocrx_word' id='word_1_152' title='bbox 1522 2274 1739 2342; x_wconf 88' lang='lat' dir='ltr'><strong>templo</strong></span> <span class='ocrx_word' id='word_1_153' title='bbox 1782 2273 2013 2330; x_wconf 90' lang='lat' dir='ltr'><strong>Domini</strong></span> <span class='ocrx_word' id='word_1_154' title='bbox 2045 2273 2138 2328; x_wconf 89' lang='lat' dir='ltr'><strong>de-</strong></span> 
     </span>
    </p>
   </div>
   <div class='ocr_carea' id='block_1_26' title="bbox 491 2362 2139 2434">
    <p class='ocr_par' dir='ltr' id='par_1_26' title="bbox 491 2362 2139 2434">
     <span class='ocr_line' id='line_1_26' title="bbox 491 2362 2139 2434; baseline -0.002 -14"><span class='ocrx_word' id='word_1_155' title='bbox 491 2363 715 2434; x_wconf 64' lang='lat' dir='ltr'><strong>posita.</strong></span> <span class='ocrx_word' id='word_1_156' title='bbox 746 2363 999 2419; x_wconf 84' lang='lat' dir='ltr'><strong>Aderant</strong></span> <span class='ocrx_word' id='word_1_157' title='bbox 1027 2379 1157 2418; x_wconf 88' lang='lat' dir='ltr'><strong>cum</strong></span> <span class='ocrx_word' id='word_1_158' title='bbox 1191 2362 1538 2418; x_wconf 85' lang='lat' dir='ltr'><strong>factionibus</strong></span> <span class='ocrx_word' id='word_1_159' title='bbox 1568 2363 1771 2434; x_wconf 73' lang='lat' dir='ltr'><strong>psaltie</strong></span> <span class='ocrx_word' id='word_1_160' title='bbox 1816 2362 2139 2434; x_wconf 72' lang='lat' dir='ltr'><strong>apostolitte</strong></span> 
     </span>
    </p>
   </div>
   <div class='ocr_carea' id='block_1_27' title="bbox 496 2449 2140 2524">
    <p class='ocr_par' dir='ltr' id='par_1_27' title="bbox 496 2449 2140 2524">
     <span class='ocr_line' id='line_1_27' title="bbox 496 2449 2140 2524; baseline -0.003 -15"><span class='ocrx_word' id='word_1_161' title='bbox 496 2458 556 2510; x_wconf 91' lang='lat' dir='ltr'><strong>et</strong></span> <span class='ocrx_word' id='word_1_162' title='bbox 586 2452 1009 2524; x_wconf 72' lang='lat' dir='ltr'><strong>bagiosophitae</strong></span> <span class='ocrx_word' id='word_1_163' title='bbox 1049 2452 1152 2520; x_wconf 90' lang='lat' dir='ltr'><strong>ibi,</strong></span> <span class='ocrx_word' id='word_1_164' title='bbox 1177 2452 1272 2506; x_wconf 90' lang='lat' dir='ltr'><strong>ubi</strong></span> <span class='ocrx_word' id='word_1_165' title='bbox 1301 2455 1665 2507; x_wconf 88' lang='lat' dir='ltr'><strong>transeuntes</strong></span> <span class='ocrx_word' id='word_1_166' title='bbox 1683 2451 1951 2506; x_wconf 89' lang='lat' dir='ltr'><strong>dominos</strong></span> <span class='ocrx_word' id='word_1_167' title='bbox 1987 2449 2140 2506; x_wconf 85' lang='lat' dir='ltr'><strong>salu-</strong></span> 
     </span>
    </p>
   </div>
   <div class='ocr_carea' id='block_1_28' title="bbox 490 2538 2137 2605">
    <p class='ocr_par' dir='ltr' id='par_1_28' title="bbox 490 2538 2137 2605">
     <span class='ocr_line' id='line_1_28' title="bbox 490 2538 2137 2605; baseline -0.002 -8"><span class='ocrx_word' id='word_1_168' title='bbox 490 2547 616 2597; x_wconf 88' lang='lat' dir='ltr'><strong>tare</strong></span> <span class='ocrx_word' id='word_1_169' title='bbox 644 2541 816 2596; x_wconf 89' lang='lat' dir='ltr'><strong>bonis</strong></span> <span class='ocrx_word' id='word_1_170' title='bbox 846 2539 1034 2596; x_wconf 86' lang='lat' dir='ltr'><strong>verbis</strong></span> <span class='ocrx_word' id='word_1_171' title='bbox 1065 2547 1122 2595; x_wconf 89' lang='lat' dir='ltr'><strong>et</strong></span> <span class='ocrx_word' id='word_1_172' title='bbox 1151 2541 1412 2595; x_wconf 88' lang='lat' dir='ltr'><strong>venerari</strong></span> <span class='ocrx_word' id='word_1_173' title='bbox 1464 2556 1592 2596; x_wconf 91' lang='lat' dir='ltr'><strong>mos</strong></span> <span class='ocrx_word' id='word_1_174' title='bbox 1620 2544 1729 2605; x_wconf 89' lang='lat' dir='ltr'><strong>est,</strong></span> <span class='ocrx_word' id='word_1_175' title='bbox 1792 2539 1983 2595; x_wconf 86' lang='lat' dir='ltr'><strong>fausta</strong></span> <span class='ocrx_word' id='word_1_176' title='bbox 2020 2538 2137 2594; x_wconf 87' lang='lat' dir='ltr'><strong>illis</strong></span> 
     </span>
    </p>
   </div>
   <div class='ocr_carea' id='block_1_29' title="bbox 491 2627 2138 2700">
    <p class='ocr_par' dir='ltr' id='par_1_29' title="bbox 491 2627 2138 2700">
     <span class='ocr_line' id='line_1_29' title="bbox 491 2627 2138 2700; baseline -0.001 -14"><span class='ocrx_word' id='word_1_177' title='bbox 491 2629 879 2686; x_wconf 85' lang='lat' dir='ltr'><strong>acclamanles</strong></span> <span class='ocrx_word' id='word_1_178' title='bbox 909 2635 966 2685; x_wconf 91' lang='lat' dir='ltr'><strong>et</strong></span> <span class='ocrx_word' id='word_1_179' title='bbox 1004 2629 1196 2684; x_wconf 89' lang='lat' dir='ltr'><strong>induti</strong></span> <span class='ocrx_word' id='word_1_180' title='bbox 1228 2629 1557 2684; x_wconf 89' lang='lat' dir='ltr'><strong>mutatoriis</strong></span> <span class='ocrx_word' id='word_1_181' title='bbox 1588 2627 1818 2693; x_wconf 78' lang='lat' dir='ltr'><strong>iisdem,</strong></span> <span class='ocrx_word' id='word_1_182' title='bbox 1852 2644 1976 2700; x_wconf 70' lang='lat' dir='ltr'><strong>quas</strong></span> <span class='ocrx_word' id='word_1_183' title='bbox 2007 2627 2138 2684; x_wconf 91' lang='lat' dir='ltr'><strong>illos</strong></span> 
     </span>
    </p>
   </div>
   <div class='ocr_carea' id='block_1_30' title="bbox 493 2717 2134 2790">
    <p class='ocr_par' dir='ltr' id='par_1_30' title="bbox 493 2717 2134 2790">
     <span class='ocr_line' id='line_1_30' title="bbox 493 2717 2134 2790; baseline -0.002 -18"><span class='ocrx_word' id='word_1_184' title='bbox 493 2718 554 2772; x_wconf 90' lang='lat' dir='ltr'><strong>in</strong></span> <span class='ocrx_word' id='word_1_185' title='bbox 578 2719 911 2790; x_wconf 83' lang='lat' dir='ltr'><strong>exceptione</strong></span> <span class='ocrx_word' id='word_1_186' title='bbox 941 2717 1262 2789; x_wconf 87' lang='lat' dir='ltr'><strong>legatorum</strong></span> <span class='ocrx_word' id='word_1_187' title='bbox 1287 2722 1548 2789; x_wconf 85' lang='lat' dir='ltr'><strong>gestasse</strong></span> <span class='ocrx_word' id='word_1_188' title='bbox 1570 2722 1740 2772; x_wconf 86' lang='lat' dir='ltr'><strong>antea</strong></span> <span class='ocrx_word' id='word_1_189' title='bbox 1771 2717 2134 2771; x_wconf 84' lang='lat' dir='ltr'><strong>dicebamus.</strong></span> 
     </span>
    </p>
   </div>
   <div class='ocr_carea' id='block_1_31' title="bbox 490 2805 2139 2877">
    <p class='ocr_par' dir='ltr' id='par_1_31' title="bbox 490 2805 2139 2877">
     <span class='ocr_line' id='line_1_31' title="bbox 490 2805 2139 2877; baseline -0.002 -13"><span class='ocrx_word' id='word_1_190' title='bbox 490 2805 788 2874; x_wconf 86' lang='lat' dir='ltr'><strong>Tribunal,</strong></span> <span class='ocrx_word' id='word_1_191' title='bbox 824 2807 883 2863; x_wconf 89' lang='lat' dir='ltr'><strong>in</strong></span> <span class='ocrx_word' id='word_1_192' title='bbox 915 2822 1030 2877; x_wconf 93' lang='lat' dir='ltr'><strong>quo</strong></span> <span class='ocrx_word' id='word_1_193' title='bbox 1061 2814 1209 2861; x_wconf 88' lang='lat' dir='ltr'><strong>stare</strong></span> <span class='ocrx_word' id='word_1_194' title='bbox 1241 2807 1461 2862; x_wconf 89' lang='lat' dir='ltr'><strong>amicos</strong></span> <span class='ocrx_word' id='word_1_195' title='bbox 1481 2811 1813 2877; x_wconf 87' lang='lat' dir='ltr'><strong>etspectare</strong></span> <span class='ocrx_word' id='word_1_196' title='bbox 1835 2806 2139 2876; x_wconf 85' lang='lat' dir='ltr'><strong>imperato-</strong></span> 
     </span>
    </p>
   </div>
   <div class='ocr_carea' id='block_1_32' title="bbox 490 2894 2139 2965">
    <p class='ocr_par' dir='ltr' id='par_1_32' title="bbox 490 2894 2139 2965">
     <span class='ocr_line' id='line_1_32' title="bbox 490 2894 2139 2965; baseline -0.001 -14"><span class='ocrx_word' id='word_1_197' title='bbox 490 2912 612 2952; x_wconf 88' lang='lat' dir='ltr'><strong>rem</strong></span> <span class='ocrx_word' id='word_1_198' title='bbox 646 2913 776 2951; x_wconf 90' lang='lat' dir='ltr'><strong>mos</strong></span> <span class='ocrx_word' id='word_1_199' title='bbox 805 2901 915 2962; x_wconf 91' lang='lat' dir='ltr'><strong>est,</strong></span> <span class='ocrx_word' id='word_1_200' title='bbox 948 2895 1101 2951; x_wconf 67' lang='lat'><strong>342</strong></span> <span class='ocrx_word' id='word_1_201' title='bbox 1127 2907 1242 2950; x_wconf 80' lang='lat' dir='ltr'><strong>tam</strong></span> <span class='ocrx_word' id='word_1_202' title='bbox 1274 2895 1346 2950; x_wconf 90' lang='lat' dir='ltr'><strong>ad</strong></span> <span class='ocrx_word' id='word_1_203' title='bbox 1387 2894 1692 2950; x_wconf 89' lang='lat' dir='ltr'><strong>ecclesiam</strong></span> <span class='ocrx_word' id='word_1_204' title='bbox 1731 2894 1788 2948; x_wconf 92' lang='lat' dir='ltr'><strong>in</strong></span> <span class='ocrx_word' id='word_1_205' title='bbox 1822 2894 2139 2965; x_wconf 87' lang='lat' dir='ltr'><strong>processio-</strong></span> 
     </span>
    </p>
   </div>
   <div class='ocr_carea' id='block_1_33' title="bbox 489 2981 2139 3053">
    <p class='ocr_par' dir='ltr' id='par_1_33' title="bbox 489 2981 2139 3053">
     <span class='ocr_line' id='line_1_33' title="bbox 489 2981 2139 3053; baseline -0.001 -14"><span class='ocrx_word' id='word_1_206' title='bbox 489 2999 564 3039; x_wconf 90' lang='lat' dir='ltr'><strong>ne</strong></span> <span class='ocrx_word' id='word_1_207' title='bbox 592 2989 851 3052; x_wconf 91' lang='lat' dir='ltr'><strong>euntem,</strong></span> <span class='ocrx_word' id='word_1_208' title='bbox 885 2999 1057 3053; x_wconf 87' lang='lat' dir='ltr'><strong>quam</strong></span> <span class='ocrx_word' id='word_1_209' title='bbox 1089 2981 1225 3037; x_wconf 90' lang='lat' dir='ltr'><strong>inde</strong></span> <span class='ocrx_word' id='word_1_210' title='bbox 1250 2984 1610 3049; x_wconf 90' lang='lat' dir='ltr'><strong>redeuntem,</strong></span> <span class='ocrx_word' id='word_1_211' title='bbox 1643 2991 1983 3038; x_wconf 82' lang='lat' dir='ltr'><strong>exornatum</strong></span> <span class='ocrx_word' id='word_1_212' title='bbox 2015 2987 2139 3038; x_wconf 86' lang='lat' dir='ltr'><strong>erat</strong></span> 
     </span>
    </p>
   </div>
   <div class='ocr_carea' id='block_1_34' title="bbox 490 3069 2132 3140">
    <p class='ocr_par' dir='ltr' id='par_1_34' title="bbox 490 3069 2132 3140">
     <span class='ocr_line' id='line_1_34' title="bbox 490 3069 2132 3140; baseline -0.001 -16"><span class='ocrx_word' id='word_1_213' title='bbox 490 3071 692 3125; x_wconf 90' lang='lat' dir='ltr'><strong>eodem</strong></span> <span class='ocrx_word' id='word_1_214' title='bbox 725 3071 918 3139; x_wconf 91' lang='lat' dir='ltr'><strong>modo,</strong></span> <span class='ocrx_word' id='word_1_215' title='bbox 951 3087 1065 3139; x_wconf 89' lang='lat' dir='ltr'><strong>quo</strong></span> <span class='ocrx_word' id='word_1_216' title='bbox 1097 3071 1350 3124; x_wconf 82' lang='lat' dir='ltr'><strong>diximus</strong></span> <span class='ocrx_word' id='word_1_217' title='bbox 1407 3069 1467 3123; x_wconf 91' lang='lat' dir='ltr'><strong>in</strong></span> <span class='ocrx_word' id='word_1_218' title='bbox 1524 3069 1862 3140; x_wconf 85' lang='lat' dir='ltr'><strong>exceptione</strong></span> <span class='ocrx_word' id='word_1_219' title='bbox 1909 3085 2132 3126; x_wconf 87' lang='lat' dir='ltr'><strong>eorum.</strong></span> 
     </span>
    </p>
   </div>
   <div class='ocr_carea' id='block_1_35' title="bbox 492 3157 2138 3228">
    <p class='ocr_par' dir='ltr' id='par_1_35' title="bbox 492 3157 2138 3228">
     <span class='ocr_line' id='line_1_35' title="bbox 492 3157 2138 3228; baseline 0.001 -14"><span class='ocrx_word' id='word_1_220' title='bbox 492 3157 768 3228; x_wconf 77' lang='lat' dir='ltr'><strong>Magnum</strong></span> <span class='ocrx_word' id='word_1_221' title='bbox 802 3158 1026 3211; x_wconf 69' lang='lat' dir='ltr'><strong>Sanctae</strong></span> <span class='ocrx_word' id='word_1_222' title='bbox 1044 3157 1272 3226; x_wconf 68' lang='lat' dir='ltr'><strong>Sophim</strong></span> <span class='ocrx_word' id='word_1_223' title='bbox 1303 3157 1592 3227; x_wconf 89' lang='lat' dir='ltr'><strong>templum</strong></span> <span class='ocrx_word' id='word_1_224' title='bbox 1624 3163 1895 3213; x_wconf 85' lang='lat' dir='ltr'><strong>ornatum</strong></span> <span class='ocrx_word' id='word_1_225' title='bbox 1927 3164 2138 3228; x_wconf 72' lang='lat' dir='ltr'><strong>erateo</strong></span> 
     </span>
    </p>
   </div>
   <div class='ocr_carea' id='block_1_36' title="bbox 2227 583 3888 662">
    <p class='ocr_par' dir='ltr' id='par_1_36' title="bbox 2227 583 3888 662">
     <span class='ocr_line' id='line_1_36' title="bbox 2227 583 3888 662; baseline 0 -22"><span class='ocrx_word' id='word_1_226' title='bbox 2227 585 2372 655; x_wconf 67' lang='grc' dir='ltr'>πλὴν</span> <span class='ocrx_word' id='word_1_227' title='bbox 2403 583 2491 640; x_wconf 78' lang='grc' dir='ltr'><strong>διὰ</strong></span> <span class='ocrx_word' id='word_1_228' title='bbox 2513 583 2640 646; x_wconf 75' lang='grc' dir='ltr'>τοὺς</span> <span class='ocrx_word' id='word_1_229' title='bbox 2669 583 2866 662; x_wconf 72' lang='grc' dir='ltr'>φίλους</span> <span class='ocrx_word' id='word_1_230' title='bbox 2907 584 3251 656; x_wconf 73' lang='grc' dir='ltr'>Σαρακηνους</span> <span class='ocrx_word' id='word_1_231' title='bbox 3305 583 3562 660; x_wconf 70' lang='grc' dir='ltr'>ἐφόρεσαν</span> <span class='ocrx_word' id='word_1_232' title='bbox 3615 585 3670 638; x_wconf 72' lang='grc' dir='ltr'>οἱ</span> <span class='ocrx_word' id='word_1_233' title='bbox 3724 586 3888 658; x_wconf 77' lang='grc' dir='ltr'>βασι-</span> 
     </span>
    </p>
   </div>
   <div class='ocr_carea' id='block_1_37' title="bbox 2228 669 3875 748">
    <p class='ocr_par' dir='ltr' id='par_1_37' title="bbox 2228 669 3875 748">
     <span class='ocr_line' id='line_1_37' title="bbox 2228 669 3875 748; baseline 0.001 -20"><span class='ocrx_word' id='word_1_234' title='bbox 2228 673 2343 736; x_wconf 83' lang='grc' dir='ltr'>λεῖς</span> <span class='ocrx_word' id='word_1_235' title='bbox 2389 674 2515 736; x_wconf 75' lang='grc' dir='ltr'>τοὺς</span> <span class='ocrx_word' id='word_1_236' title='bbox 2562 669 2801 744; x_wconf 80' lang='grc' dir='ltr'>λώρους,</span> <span class='ocrx_word' id='word_1_237' title='bbox 2855 671 3207 744; x_wconf 71' lang='grc' dir='ltr'><strong>βαστάσαντες</strong></span> <span class='ocrx_word' id='word_1_238' title='bbox 3263 671 3353 726; x_wconf 76' lang='grc' dir='ltr'><strong>καί</strong></span> <span class='ocrx_word' id='word_1_239' title='bbox 3423 672 3554 732; x_wconf 74' lang='grc' dir='ltr'>τοὺς</span> <span class='ocrx_word' id='word_1_240' title='bbox 3608 674 3875 748; x_wconf 61' lang='grc' dir='ltr'>σταυροὺς</span> 
     </span>
    </p>
   </div>
   <div class='ocr_carea' id='block_1_38' title="bbox 2227 756 3886 837">
    <p class='ocr_par' dir='ltr' id='par_1_38' title="bbox 2227 756 3886 837">
     <span class='ocr_line' id='line_1_38' title="bbox 2227 756 3886 837; baseline 0.001 -20"><span class='ocrx_word' id='word_1_241' title='bbox 2227 763 2316 817; x_wconf 85' lang='grc' dir='ltr'><strong>καὶ</strong></span> <span class='ocrx_word' id='word_1_242' title='bbox 2340 765 2432 824; x_wconf 72' lang='grc' dir='ltr'>τὰς</span> <span class='ocrx_word' id='word_1_243' title='bbox 2467 760 2709 822; x_wconf 76' lang='grc' dir='ltr'>ἀκακίας.</span> <span class='ocrx_word' id='word_1_244' title='bbox 2743 761 2809 816; x_wconf 69' lang='lat'><strong>0&quot;.</strong></span> <span class='ocrx_word' id='word_1_245' title='bbox 2833 756 2890 814; x_wconf 70' lang='grc' dir='ltr'>δὶ</span> <span class='ocrx_word' id='word_1_246' title='bbox 2937 761 3249 837; x_wconf 69' lang='grc' dir='ltr'>μαγιστροι,</span> <span class='ocrx_word' id='word_1_247' title='bbox 3291 759 3382 830; x_wconf 74' lang='grc' dir='ltr'><strong>καὶ</strong></span> <span class='ocrx_word' id='word_1_248' title='bbox 3433 760 3761 833; x_wconf 77' lang='grc' dir='ltr'>ἀνθύπατοι,</span> <span class='ocrx_word' id='word_1_249' title='bbox 3793 766 3886 818; x_wconf 86' lang='grc' dir='ltr'><strong>καὶ</strong></span> 
     </span>
    </p>
   </div>
   <div class='ocr_carea' id='block_1_39' title="bbox 2227 850 3882 928">
    <p class='ocr_par' dir='ltr' id='par_1_39' title="bbox 2227 850 3882 928">
     <span class='ocr_line' id='line_1_39' title="bbox 2227 850 3882 928; baseline -0.001 -19"><span class='ocrx_word' id='word_1_250' title='bbox 2227 852 2504 927; x_wconf 81' lang='grc' dir='ltr'>πατρίκιοι</span> <span class='ocrx_word' id='word_1_251' title='bbox 2542 850 2798 928; x_wconf 67' lang='grc' dir='ltr'>ἐφόρεσαν</span> <span class='ocrx_word' id='word_1_252' title='bbox 2854 857 2944 906; x_wconf 84' lang='grc' dir='ltr'><strong>καί</strong></span> <span class='ocrx_word' id='word_1_253' title='bbox 2983 851 3136 906; x_wconf 87' lang='grc' dir='ltr'>αὐτοὶ</span> <span class='ocrx_word' id='word_1_254' title='bbox 3184 850 3308 912; x_wconf 70' lang='grc' dir='ltr'>τοῦς</span> <span class='ocrx_word' id='word_1_255' title='bbox 3359 850 3603 925; x_wconf 81' lang='grc' dir='ltr'>λὼρους,</span> <span class='ocrx_word' id='word_1_256' title='bbox 3652 851 3715 907; x_wconf 79' lang='grc' dir='ltr'><strong>οὐ</strong></span> <span class='ocrx_word' id='word_1_257' title='bbox 3761 854 3882 925; x_wconf 76' lang='grc' dir='ltr'>μέν·</span> 
     </span>
    </p>
   </div>
   <div class='ocr_carea' id='block_1_40' title="bbox 2229 935 3879 1013">
    <p class='ocr_par' dir='ltr' id='par_1_40' title="bbox 2229 935 3879 1013">
     <span class='ocr_line' id='line_1_40' title="bbox 2229 935 3879 1013; baseline 0 -17"><span class='ocrx_word' id='word_1_258' title='bbox 2229 963 2316 996; x_wconf 92' lang='grc' dir='ltr'><strong>τοι</strong></span> <span class='ocrx_word' id='word_1_259' title='bbox 2365 939 2421 996; x_wconf 70' lang='grc' dir='ltr'>δὲ</span> <span class='ocrx_word' id='word_1_260' title='bbox 2479 944 2783 1002; x_wconf 88' lang='grc' dir='ltr'>σκεπεῶνας</span> <span class='ocrx_word' id='word_1_261' title='bbox 2837 939 2872 1008; x_wconf 72' lang='grc' dir='ltr'>ἢ</span> <span class='ocrx_word' id='word_1_262' title='bbox 2923 939 3147 1001; x_wconf 84' lang='grc' dir='ltr'>ἀκακίας</span> <span class='ocrx_word' id='word_1_263' title='bbox 3214 935 3540 995; x_wconf 69' lang='grc' dir='ltr'>ἐϐάστασαν.</span> <span class='ocrx_word' id='word_1_264' title='bbox 3623 943 3879 1013; x_wconf 77' lang='grc' dir='ltr'>Ἐξῇλθον</span> 
     </span>
    </p>
   </div>
   <div class='ocr_carea' id='block_1_41' title="bbox 2231 1027 3873 1102">
    <p class='ocr_par' dir='ltr' id='par_1_41' title="bbox 2231 1027 3873 1102">
     <span class='ocr_line' id='line_1_41' title="bbox 2231 1027 3873 1102; baseline 0.001 -19"><span class='ocrx_word' id='word_1_265' title='bbox 2231 1027 2288 1084; x_wconf 82' lang='grc' dir='ltr'><strong>δέ</strong></span> <span class='ocrx_word' id='word_1_266' title='bbox 2317 1029 2405 1083; x_wconf 84' lang='grc' dir='ltr'><strong>καὶ</strong></span> <span class='ocrx_word' id='word_1_267' title='bbox 2454 1030 2626 1084; x_wconf 75' lang='grc' dir='ltr'>πάντα</span> <span class='ocrx_word' id='word_1_268' title='bbox 2676 1028 2744 1083; x_wconf 72' lang='grc' dir='ltr'><strong>τὰ</strong></span> <span class='ocrx_word' id='word_1_269' title='bbox 2786 1027 2949 1098; x_wconf 88' lang='grc' dir='ltr'><strong>σκεύη</strong></span> <span class='ocrx_word' id='word_1_270' title='bbox 2981 1028 3070 1083; x_wconf 80' lang='grc' dir='ltr'><strong>καὶ</strong></span> <span class='ocrx_word' id='word_1_271' title='bbox 3123 1028 3418 1102; x_wconf 80' lang='grc' dir='ltr'>ὀψίκευσαν</span> <span class='ocrx_word' id='word_1_272' title='bbox 3466 1030 3607 1082; x_wconf 75' lang='grc' dir='ltr'>κατὰ</span> <span class='ocrx_word' id='word_1_273' title='bbox 3646 1031 3702 1083; x_wconf 82' lang='grc' dir='ltr'>τὸ</span> <span class='ocrx_word' id='word_1_274' title='bbox 3745 1031 3873 1085; x_wconf 79' lang='grc' dir='ltr'>εἰω-</span> 
     </span>
    </p>
   </div>
   <div class='ocr_carea' id='block_1_42' title="bbox 2233 1115 3866 1192">
    <p class='ocr_par' dir='ltr' id='par_1_42' title="bbox 2233 1115 3866 1192">
     <span class='ocr_line' id='line_1_42' title="bbox 2233 1115 3866 1192; baseline 0.001 -21"><span class='ocrx_word' id='word_1_275' title='bbox 2233 1118 2348 1187; x_wconf 76' lang='grc' dir='ltr'>θὸς,</span> <span class='ocrx_word' id='word_1_276' title='bbox 2379 1118 2502 1186; x_wconf 79' lang='grc' dir='ltr'>ἤτοι</span> <span class='ocrx_word' id='word_1_277' title='bbox 2543 1118 2571 1172; x_wconf 90' lang='grc' dir='ltr'>ὁ</span> <span class='ocrx_word' id='word_1_278' title='bbox 2620 1115 2789 1190; x_wconf 80' lang='grc' dir='ltr'>μέγας</span> <span class='ocrx_word' id='word_1_279' title='bbox 2829 1117 3081 1192; x_wconf 78' lang='grc' dir='ltr'><strong>σταυρὸς,</strong></span> <span class='ocrx_word' id='word_1_280' title='bbox 3135 1119 3171 1186; x_wconf 80' lang='grc' dir='ltr'>ἠ</span> <span class='ocrx_word' id='word_1_281' title='bbox 3220 1121 3318 1172; x_wconf 90' lang='grc' dir='ltr'><strong>τοῦ</strong></span> <span class='ocrx_word' id='word_1_282' title='bbox 3350 1117 3602 1180; x_wconf 78' lang='grc' dir='ltr'><strong>Μωσέως</strong></span> <span class='ocrx_word' id='word_1_283' title='bbox 3660 1115 3866 1192; x_wconf 62' lang='grc' dir='ltr'>ῥάϐδος,</span> 
     </span>
    </p>
   </div>
   <div class='ocr_carea' id='block_1_43' title="bbox 2231 1203 3872 1282">
    <p class='ocr_par' dir='ltr' id='par_1_43' title="bbox 2231 1203 3872 1282">
     <span class='ocr_line' id='line_1_43' title="bbox 2231 1203 3872 1282; baseline 0 -22"><span class='ocrx_word' id='word_1_284' title='bbox 2231 1207 2297 1260; x_wconf 81' lang='grc' dir='ltr'>τὰ</span> <span class='ocrx_word' id='word_1_285' title='bbox 2355 1207 2603 1278; x_wconf 85' lang='grc' dir='ltr'>Ῥωμαῖα</span> <span class='ocrx_word' id='word_1_286' title='bbox 2642 1213 2913 1278; x_wconf 75' lang='grc' dir='ltr'>σκῆπτρα,</span> <span class='ocrx_word' id='word_1_287' title='bbox 2944 1205 3012 1260; x_wconf 76' lang='grc' dir='ltr'><strong>τὰ</strong></span> <span class='ocrx_word' id='word_1_288' title='bbox 3059 1205 3271 1282; x_wconf 72' lang='grc' dir='ltr'>πτυχία</span> <span class='ocrx_word' id='word_1_289' title='bbox 3329 1206 3418 1261; x_wconf 86' lang='grc' dir='ltr'><strong>καὶ</strong></span> <span class='ocrx_word' id='word_1_290' title='bbox 3477 1207 3578 1262; x_wconf 78' lang='grc' dir='ltr'>ὃσα</span> <span class='ocrx_word' id='word_1_291' title='bbox 3626 1203 3778 1278; x_wconf 67' lang='grc' dir='ltr'>ἕτερα</span> <span class='ocrx_word' id='word_1_292' title='bbox 3822 1208 3872 1262; x_wconf 71' lang='grc' dir='ltr'>ἓν</span> 
     </span>
    </p>
   </div>
   <div class='ocr_carea' id='block_1_44' title="bbox 2231 1293 3882 1370">
    <p class='ocr_par' dir='ltr' id='par_1_44' title="bbox 2231 1293 3882 1370">
     <span class='ocr_line' id='line_1_44' title="bbox 2231 1293 3882 1370; baseline -0.001 -20"><span class='ocrx_word' id='word_1_293' title='bbox 2231 1293 2311 1368; x_wconf 80' lang='grc' dir='ltr'><strong>τῷ</strong></span> <span class='ocrx_word' id='word_1_294' title='bbox 2337 1299 2434 1350; x_wconf 85' lang='grc' dir='ltr'><strong>τοῦ</strong></span> <span class='ocrx_word' id='word_1_295' title='bbox 2474 1294 2674 1370; x_wconf 87' lang='grc' dir='ltr'>Κυρίου</span> <span class='ocrx_word' id='word_1_296' title='bbox 2726 1295 3033 1350; x_wconf 68' lang='grc' dir='ltr'><strong>ἀπόκεινται</strong></span> <span class='ocrx_word' id='word_1_297' title='bbox 3082 1293 3216 1368; x_wconf 64' lang='grc' dir='ltr'>ναῷζ</span> <span class='ocrx_word' id='word_1_298' title='bbox 3249 1295 3262 1314; x_wconf 71' lang='grc'><strong>⁸</strong></span> <span class='ocrx_word' id='word_1_299' title='bbox 3299 1293 3456 1350; x_wconf 82' lang='grc' dir='ltr'><strong>Αλλᾶ</strong></span> <span class='ocrx_word' id='word_1_300' title='bbox 3498 1295 3591 1350; x_wconf 81' lang='grc' dir='ltr'><strong>καὶ</strong></span> <span class='ocrx_word' id='word_1_301' title='bbox 3642 1297 3694 1350; x_wconf 79' lang='grc' dir='ltr'>οἱ</span> <span class='ocrx_word' id='word_1_302' title='bbox 3741 1294 3882 1368; x_wconf 72' lang='grc' dir='ltr'>ψαλ-</span> 
     </span>
    </p>
   </div>
   <div class='ocr_carea' id='block_1_45' title="bbox 2232 1381 3887 1462">
    <p class='ocr_par' dir='ltr' id='par_1_45' title="bbox 2232 1381 3887 1462">
     <span class='ocr_line' id='line_1_45' title="bbox 2232 1381 3887 1462; baseline 0 -23"><span class='ocrx_word' id='word_1_303' title='bbox 2232 1406 2342 1451; x_wconf 87' lang='grc' dir='ltr'>ται,</span> <span class='ocrx_word' id='word_1_304' title='bbox 2375 1381 2733 1440; x_wconf 74' lang='grc' dir='ltr'>ἀποπολῖται</span> <span class='ocrx_word' id='word_1_305' title='bbox 2773 1384 2862 1439; x_wconf 78' lang='grc' dir='ltr'>καὶ</span> <span class='ocrx_word' id='word_1_306' title='bbox 2903 1385 3274 1462; x_wconf 74' lang='grc' dir='ltr'>ἀγιυσοφῖται,</span> <span class='ocrx_word' id='word_1_307' title='bbox 3327 1390 3558 1453; x_wconf 75' lang='grc' dir='ltr'>συνῆσαν</span> <span class='ocrx_word' id='word_1_308' title='bbox 3613 1389 3740 1446; x_wconf 89' lang='grc' dir='ltr'>τοῖς</span> <span class='ocrx_word' id='word_1_309' title='bbox 3792 1383 3887 1455; x_wconf 76' lang='grc' dir='ltr'>δη-</span> 
     </span>
    </p>
   </div>
   <div class='ocr_carea' id='block_1_46' title="bbox 2238 1469 3889 1550">
    <p class='ocr_par' dir='ltr' id='par_1_46' title="bbox 2238 1469 3889 1550">
     <span class='ocr_line' id='line_1_46' title="bbox 2238 1469 3889 1550; baseline 0 -24"><span class='ocrx_word' id='word_1_310' title='bbox 2238 1493 2362 1546; x_wconf 84' lang='grc' dir='ltr'>μοις</span> <span class='ocrx_word' id='word_1_311' title='bbox 2393 1469 2445 1526; x_wconf 80' lang='grc' dir='ltr'>ἒν</span> <span class='ocrx_word' id='word_1_312' title='bbox 2463 1477 2584 1529; x_wconf 75' lang='grc' dir='ltr'>ταῖς</span> <span class='ocrx_word' id='word_1_313' title='bbox 2627 1469 2820 1546; x_wconf 82' lang='grc' dir='ltr'>δοχαῖς</span> <span class='ocrx_word' id='word_1_314' title='bbox 2855 1471 3252 1550; x_wconf 67' lang='grc' dir='ltr'><strong>εὐφημοῦντες,</strong></span> <span class='ocrx_word' id='word_1_315' title='bbox 3285 1469 3544 1542; x_wconf 83' lang='grc' dir='ltr'>δηλονότι</span> <span class='ocrx_word' id='word_1_316' title='bbox 3596 1473 3664 1528; x_wconf 80' lang='grc' dir='ltr'>τὰ</span> <span class='ocrx_word' id='word_1_317' title='bbox 3715 1470 3889 1547; x_wconf 66' lang='grc' dir='ltr'>προβ-</span> 
     </span>
    </p>
   </div>
   <div class='ocr_carea' id='block_1_47' title="bbox 2233 1558 3892 1639">
    <p class='ocr_par' dir='ltr' id='par_1_47' title="bbox 2233 1558 3892 1639">
     <span class='ocr_line' id='line_1_47' title="bbox 2233 1558 3892 1639; baseline 0.001 -25"><span class='ocrx_word' id='word_1_318' title='bbox 2233 1561 2465 1636; x_wconf 75' lang='grc' dir='ltr'>ῥηθέντα</span> <span class='ocrx_word' id='word_1_319' title='bbox 2503 1560 2555 1615; x_wconf 82' lang='grc' dir='ltr'>ἐν</span> <span class='ocrx_word' id='word_1_320' title='bbox 2577 1565 2646 1633; x_wconf 78' lang='grc' dir='ltr'>τῇ</span> <span class='ocrx_word' id='word_1_321' title='bbox 2679 1558 2825 1639; x_wconf 76' lang='grc' dir='ltr'>δοχῇ</span> <span class='ocrx_word' id='word_1_322' title='bbox 2859 1565 3150 1636; x_wconf 73' lang='grc' dir='ltr'>φοροῦντες</span> <span class='ocrx_word' id='word_1_323' title='bbox 3182 1559 3484 1633; x_wconf 76' lang='grc' dir='ltr'>ἀλλάξιμα.</span> <span class='ocrx_word' id='word_1_324' title='bbox 3535 1562 3613 1618; x_wconf 83' lang='grc' dir='ltr'><strong>Τὸ</strong></span> <span class='ocrx_word' id='word_1_325' title='bbox 3656 1559 3714 1616; x_wconf 79' lang='grc' dir='ltr'>δὲ</span> <span class='ocrx_word' id='word_1_326' title='bbox 3774 1582 3892 1634; x_wconf 79' lang='grc' dir='ltr'>τρι·-</span> 
     </span>
    </p>
   </div>
   <div class='ocr_carea' id='block_1_48' title="bbox 2233 1645 3890 1726">
    <p class='ocr_par' dir='ltr' id='par_1_48' title="bbox 2233 1645 3890 1726">
     <span class='ocr_line' id='line_1_48' title="bbox 2233 1645 3890 1726; baseline 0 -23"><span class='ocrx_word' id='word_1_327' title='bbox 2233 1645 2548 1720; x_wconf 70' lang='grc' dir='ltr'>ϐουνπὶλιον,</span> <span class='ocrx_word' id='word_1_328' title='bbox 2579 1649 2630 1703; x_wconf 83' lang='grc' dir='ltr'>ἐν</span> <span class='ocrx_word' id='word_1_329' title='bbox 2664 1651 2709 1722; x_wconf 83' lang='grc' dir='ltr'>ᾧ</span> <span class='ocrx_word' id='word_1_330' title='bbox 2757 1650 2892 1704; x_wconf 84' lang='grc' dir='ltr'>κατᾶ</span> <span class='ocrx_word' id='word_1_331' title='bbox 2951 1649 3124 1705; x_wconf 83' lang='grc' dir='ltr'>τύπον</span> <span class='ocrx_word' id='word_1_332' title='bbox 3175 1647 3419 1705; x_wconf 72' lang='grc' dir='ltr'>ἵστανται</span> <span class='ocrx_word' id='word_1_333' title='bbox 3471 1652 3522 1704; x_wconf 71' lang='grc' dir='ltr'>οἱ</span> <span class='ocrx_word' id='word_1_334' title='bbox 3583 1650 3748 1726; x_wconf 74' lang='grc' dir='ltr'>φίλοι</span> <span class='ocrx_word' id='word_1_335' title='bbox 3805 1650 3890 1704; x_wconf 78' lang='grc' dir='ltr'><strong>καί</strong></span> 
     </span>
    </p>
   </div>
   <div class='ocr_carea' id='block_1_49' title="bbox 2232 1736 3891 1814">
    <p class='ocr_par' dir='ltr' id='par_1_49' title="bbox 2232 1736 3891 1814">
     <span class='ocr_line' id='line_1_49' title="bbox 2232 1736 3891 1814; baseline -0.001 -22"><span class='ocrx_word' id='word_1_336' title='bbox 2232 1738 2522 1812; x_wconf 71' lang='grc' dir='ltr'>θεωροῦσιν</span> <span class='ocrx_word' id='word_1_337' title='bbox 2568 1739 2658 1793; x_wconf 79' lang='grc' dir='ltr'><strong>τὸν</strong></span> <span class='ocrx_word' id='word_1_338' title='bbox 2717 1739 2970 1812; x_wconf 71' lang='grc' dir='ltr'>βασιλέα,</span> <span class='ocrx_word' id='word_1_339' title='bbox 3028 1739 3284 1801; x_wconf 84' lang='grc' dir='ltr'>ἀπιόντος</span> <span class='ocrx_word' id='word_1_340' title='bbox 3350 1736 3402 1792; x_wconf 79' lang='grc' dir='ltr'>ἐν</span> <span class='ocrx_word' id='word_1_341' title='bbox 3461 1742 3540 1810; x_wconf 81' lang='grc' dir='ltr'>τῷ</span> <span class='ocrx_word' id='word_1_342' title='bbox 3604 1737 3891 1814; x_wconf 79' lang='grc' dir='ltr'>προκένσῳ</span> 
     </span>
    </p>
   </div>
   <div class='ocr_carea' id='block_1_50' title="bbox 2239 1825 3889 1906">
    <p class='ocr_par' dir='ltr' id='par_1_50' title="bbox 2239 1825 3889 1906">
     <span class='ocr_line' id='line_1_50' title="bbox 2239 1825 3889 1906; baseline -0.001 -24"><span class='ocrx_word' id='word_1_343' title='bbox 2239 1833 2339 1895; x_wconf 75' lang='grc' dir='ltr'><strong>τῆς</strong></span> <span class='ocrx_word' id='word_1_344' title='bbox 2397 1825 2688 1896; x_wconf 74' lang='grc' dir='ltr'><strong>ἐκκλησίας</strong></span> <span class='ocrx_word' id='word_1_345' title='bbox 2726 1827 2815 1882; x_wconf 85' lang='grc' dir='ltr'><strong>καὶ</strong></span> <span class='ocrx_word' id='word_1_346' title='bbox 2864 1827 3030 1882; x_wconf 82' lang='grc' dir='ltr'>πάλιν</span> <span class='ocrx_word' id='word_1_347' title='bbox 3087 1825 3542 1906; x_wconf 68' lang='grc' dir='ltr'>ὑποστρέφοντος,</span> <span class='ocrx_word' id='word_1_348' title='bbox 3574 1825 3889 1898; x_wconf 77' lang='grc' dir='ltr'>ὲξωπλίσθη</span> 
     </span>
    </p>
   </div>
   <div class='ocr_carea' id='block_1_51' title="bbox 2241 1913 3892 1994">
    <p class='ocr_par' dir='ltr' id='par_1_51' title="bbox 2241 1913 3892 1994">
     <span class='ocr_line' id='line_1_51' title="bbox 2241 1913 3892 1994; baseline 0 -25"><span class='ocrx_word' id='word_1_349' title='bbox 2241 1917 2374 1970; x_wconf 77' lang='grc' dir='ltr'>κατὰ</span> <span class='ocrx_word' id='word_1_350' title='bbox 2422 1917 2521 1986; x_wconf 75' lang='grc' dir='ltr'><strong>τήν</strong></span> <span class='ocrx_word' id='word_1_351' title='bbox 2570 1915 2967 1992; x_wconf 69' lang='grc' dir='ltr'>προρρηθεῖσαν</span> <span class='ocrx_word' id='word_1_352' title='bbox 3006 1923 3106 1986; x_wconf 84' lang='grc' dir='ltr'><strong>τῆς</strong></span> <span class='ocrx_word' id='word_1_353' title='bbox 3146 1914 3322 1994; x_wconf 78' lang='grc' dir='ltr'>δοχῆς</span> <span class='ocrx_word' id='word_1_354' title='bbox 3368 1915 3665 1986; x_wconf 74' lang='grc' dir='ltr'>ἐξόπλισιν.</span> <span class='ocrx_word' id='word_1_355' title='bbox 3719 1918 3783 1973; x_wconf 84' lang='grc' dir='ltr'><strong>Ὀ</strong></span> <span class='ocrx_word' id='word_1_356' title='bbox 3833 1913 3892 1970; x_wconf 73' lang='grc' dir='ltr'>δὲ</span> 
     </span>
    </p>
   </div>
   <div class='ocr_carea' id='block_1_52' title="bbox 2241 2003 3888 2082">
    <p class='ocr_par' dir='ltr' id='par_1_52' title="bbox 2241 2003 3888 2082">
     <span class='ocr_line' id='line_1_52' title="bbox 2241 2003 3888 2082; baseline -0.001 -22"><span class='ocrx_word' id='word_1_357' title='bbox 2241 2007 2339 2078; x_wconf 78' lang='grc' dir='ltr'><strong>τῇς</strong></span> <span class='ocrx_word' id='word_1_358' title='bbox 2388 2006 2548 2078; x_wconf 84' lang='grc' dir='ltr'>ἁγίας</span> <span class='ocrx_word' id='word_1_359' title='bbox 2600 2004 2804 2082; x_wconf 67' lang='grc' dir='ltr'>Σοφίας</span> <span class='ocrx_word' id='word_1_360' title='bbox 2864 2005 3036 2082; x_wconf 71' lang='grc' dir='ltr'>μέγας</span> <span class='ocrx_word' id='word_1_361' title='bbox 3091 2007 3215 2067; x_wconf 87' lang='grc' dir='ltr'>ναὸς</span> <span class='ocrx_word' id='word_1_362' title='bbox 3270 2003 3581 2076; x_wconf 78' lang='grc' dir='ltr'>ἐξωπλίσθη</span> <span class='ocrx_word' id='word_1_363' title='bbox 3642 2006 3782 2060; x_wconf 81' lang='grc' dir='ltr'>κατά</span> <span class='ocrx_word' id='word_1_364' title='bbox 3827 2007 3888 2060; x_wconf 81' lang='grc' dir='ltr'>τὸ</span> 
     </span>
    </p>
   </div>
   <div class='ocr_carea' id='block_1_53' title="bbox 2241 2094 3883 2173">
    <p class='ocr_par' dir='ltr' id='par_1_53' title="bbox 2241 2094 3883 2173">
     <span class='ocr_line' id='line_1_53' title="bbox 2241 2094 3883 2173; baseline 0.001 -23"><span class='ocrx_word' id='word_1_365' title='bbox 2241 2094 2432 2159; x_wconf 74' lang='grc' dir='ltr'>εἷωθὸς</span> <span class='ocrx_word' id='word_1_366' title='bbox 2470 2100 2566 2150; x_wconf 87' lang='grc' dir='ltr'><strong>τοῦ</strong></span> <span class='ocrx_word' id='word_1_367' title='bbox 2608 2097 2819 2172; x_wconf 81' lang='grc' dir='ltr'>Πάσχα.</span> <span class='ocrx_word' id='word_1_368' title='bbox 2868 2096 2959 2156; x_wconf 81' lang='grc' dir='ltr'><strong>Εἰς</strong></span> <span class='ocrx_word' id='word_1_369' title='bbox 3019 2094 3076 2152; x_wconf 79' lang='grc' dir='ltr'>δὲ</span> <span class='ocrx_word' id='word_1_370' title='bbox 3132 2099 3199 2152; x_wconf 72' lang='grc' dir='ltr'>τὰ</span> <span class='ocrx_word' id='word_1_371' title='bbox 3235 2097 3646 2173; x_wconf 80' lang='grc' dir='ltr'>κατηχούμενα,</span> <span class='ocrx_word' id='word_1_372' title='bbox 3706 2097 3883 2173; x_wconf 76' lang='grc' dir='ltr'>ἤγουν</span> 
     </span>
    </p>
   </div>
   <div class='ocr_carea' id='block_1_54' title="bbox 2241 2181 3885 2262">
    <p class='ocr_par' dir='ltr' id='par_1_54' title="bbox 2241 2181 3885 2262">
     <span class='ocr_line' id='line_1_54' title="bbox 2241 2181 3885 2262; baseline 0.001 -24"><span class='ocrx_word' id='word_1_373' title='bbox 2241 2181 2440 2247; x_wconf 81' lang='grc' dir='ltr'>ἄνωθεν</span> <span class='ocrx_word' id='word_1_374' title='bbox 2505 2188 2613 2239; x_wconf 90' lang='grc' dir='ltr'><strong>τῶν</strong></span> <span class='ocrx_word' id='word_1_375' title='bbox 2696 2184 2996 2259; x_wconf 79' lang='grc' dir='ltr'>βασιλικῶν</span> <span class='ocrx_word' id='word_1_376' title='bbox 3075 2186 3286 2256; x_wconf 87' lang='grc' dir='ltr'>πυλῶν,</span> <span class='ocrx_word' id='word_1_377' title='bbox 3345 2185 3757 2262; x_wconf 74' lang='grc' dir='ltr'>ἐκρεμάσθησαν</span> <span class='ocrx_word' id='word_1_378' title='bbox 3822 2188 3885 2240; x_wconf 69' lang='lat' dir='ltr'><strong>ti</strong></span> 
     </span>
    </p>
   </div>
   <div class='ocr_carea' id='block_1_55' title="bbox 2244 2270 3886 2350">
    <p class='ocr_par' dir='ltr' id='par_1_55' title="bbox 2244 2270 3886 2350">
     <span class='ocr_line' id='line_1_55' title="bbox 2244 2270 3886 2350; baseline 0.002 -24"><span class='ocrx_word' id='word_1_379' title='bbox 2244 2277 2420 2346; x_wconf 73' lang='grc' dir='ltr'>χρυσᾶ</span> <span class='ocrx_word' id='word_1_380' title='bbox 2487 2273 2638 2346; x_wconf 76' lang='grc' dir='ltr'>βῆλα</span> <span class='ocrx_word' id='word_1_381' title='bbox 2685 2278 2792 2327; x_wconf 91' lang='grc' dir='ltr'><strong>τῶν</strong></span> <span class='ocrx_word' id='word_1_382' title='bbox 2846 2273 3043 2328; x_wconf 79' lang='grc' dir='ltr'>κιόνων</span> <span class='ocrx_word' id='word_1_383' title='bbox 3083 2278 3180 2328; x_wconf 90' lang='grc' dir='ltr'><strong>τοῦ</strong></span> <span class='ocrx_word' id='word_1_384' title='bbox 3247 2270 3514 2350; x_wconf 77' lang='grc' dir='ltr'>κιϐωρίου</span> <span class='ocrx_word' id='word_1_385' title='bbox 3575 2275 3664 2328; x_wconf 77' lang='grc' dir='ltr'>καὶ</span> <span class='ocrx_word' id='word_1_386' title='bbox 3737 2273 3886 2346; x_wconf 78' lang='grc' dir='ltr'>ἕτερα</span> 
     </span>
    </p>
   </div>
   <div class='ocr_carea' id='block_1_56' title="bbox 2245 2358 3885 2436">
    <p class='ocr_par' dir='ltr' id='par_1_56' title="bbox 2245 2358 3885 2436">
     <span class='ocr_line' id='line_1_56' title="bbox 2245 2358 3885 2436; baseline 0.001 -21"><span class='ocrx_word' id='word_1_387' title='bbox 2245 2359 2394 2435; x_wconf 83' lang='grc' dir='ltr'>βῆλα</span> <span class='ocrx_word' id='word_1_388' title='bbox 2422 2361 2512 2415; x_wconf 81' lang='grc' dir='ltr'><strong>καὶ</strong></span> <span class='ocrx_word' id='word_1_389' title='bbox 2558 2358 2766 2416; x_wconf 79' lang='grc' dir='ltr'>ἐνδυταὶ</span> <span class='ocrx_word' id='word_1_390' title='bbox 2817 2361 2922 2416; x_wconf 73' lang='grc' dir='ltr'><strong>ἀπὸ</strong></span> <span class='ocrx_word' id='word_1_391' title='bbox 2953 2382 3012 2416; x_wconf 88' lang='grc' dir='ltr'><strong>τε</strong></span> <span class='ocrx_word' id='word_1_392' title='bbox 3059 2368 3158 2430; x_wconf 79' lang='grc' dir='ltr'>τῆς</span> <span class='ocrx_word' id='word_1_393' title='bbox 3219 2362 3369 2436; x_wconf 80' lang='grc' dir='ltr'>ἁγίας</span> <span class='ocrx_word' id='word_1_394' title='bbox 3421 2364 3626 2436; x_wconf 73' lang='grc' dir='ltr'>Σοφίας</span> <span class='ocrx_word' id='word_1_395' title='bbox 3659 2363 3753 2417; x_wconf 82' lang='grc' dir='ltr'><strong>καὶ</strong></span> <span class='ocrx_word' id='word_1_396' title='bbox 3791 2366 3885 2430; x_wconf 68' lang='grc' dir='ltr'>τῆς</span> 
     </span>
    </p>
   </div>
   <div class='ocr_carea' id='block_1_57' title="bbox 2241 2447 3887 2518">
    <p class='ocr_par' dir='ltr' id='par_1_57' title="bbox 2241 2447 3887 2518">
     <span class='ocr_line' id='line_1_57' title="bbox 2241 2447 3887 2518; baseline 0 -13"><span class='ocrx_word' id='word_1_397' title='bbox 2241 2447 2381 2511; x_wconf 83' lang='grc' dir='ltr'>Νέας</span> <span class='ocrx_word' id='word_1_398' title='bbox 2412 2449 2723 2518; x_wconf 81' lang='grc' dir='ltr'>ἐκκλησίας·</span> <span class='ocrx_word' id='word_1_399' title='bbox 2757 2449 2901 2506; x_wconf 81' lang='grc' dir='ltr'><strong>ἀλλᾶ</strong></span> <span class='ocrx_word' id='word_1_400' title='bbox 2931 2451 3020 2505; x_wconf 88' lang='grc' dir='ltr'>καὶ</span> <span class='ocrx_word' id='word_1_401' title='bbox 3053 2448 3304 2506; x_wconf 78' lang='grc' dir='ltr'>ἅλυσίδια</span> <span class='ocrx_word' id='word_1_402' title='bbox 3355 2449 3587 2506; x_wconf 85' lang='grc' dir='ltr'>πλεῖστα</span> <span class='ocrx_word' id='word_1_403' title='bbox 3615 2451 3726 2506; x_wconf 81' lang='grc' dir='ltr'>ἀπὸ</span> <span class='ocrx_word' id='word_1_404' title='bbox 3772 2450 3887 2506; x_wconf 76' lang='grc' dir='ltr'>δια-</span> 
     </span>
    </p>
   </div>
   <div class='ocr_carea' id='block_1_58' title="bbox 2241 2535 3887 2616">
    <p class='ocr_par' dir='ltr' id='par_1_58' title="bbox 2241 2535 3887 2616">
     <span class='ocr_line' id='line_1_58' title="bbox 2241 2535 3887 2616; baseline 0.001 -24"><span class='ocrx_word' id='word_1_405' title='bbox 2241 2538 2422 2615; x_wconf 76' lang='grc' dir='ltr'>φόρων</span> <span class='ocrx_word' id='word_1_406' title='bbox 2475 2535 2804 2608; x_wconf 80' lang='grc' dir='ltr'>ἐκκλησιῶν,</span> <span class='ocrx_word' id='word_1_407' title='bbox 2852 2537 2941 2593; x_wconf 81' lang='grc' dir='ltr'><strong>καὶ</strong></span> <span class='ocrx_word' id='word_1_408' title='bbox 2989 2539 3055 2593; x_wconf 71' lang='grc' dir='ltr'>τὰ</span> <span class='ocrx_word' id='word_1_409' title='bbox 3101 2546 3199 2608; x_wconf 79' lang='grc' dir='ltr'>τῆς</span> <span class='ocrx_word' id='word_1_410' title='bbox 3249 2539 3382 2601; x_wconf 69' lang='grc' dir='ltr'>Νέας</span> <span class='ocrx_word' id='word_1_411' title='bbox 3438 2542 3609 2595; x_wconf 74' lang='grc' dir='ltr'>πάντα</span> <span class='ocrx_word' id='word_1_412' title='bbox 3675 2539 3887 2616; x_wconf 75' lang='grc' dir='ltr'>μεγάλα</span> 
     </span>
    </p>
   </div>
   <div class='ocr_carea' id='block_1_59' title="bbox 2241 2624 3891 2706">
    <p class='ocr_par' dir='ltr' id='par_1_59' title="bbox 2241 2624 3891 2706">
     <span class='ocr_line' id='line_1_59' title="bbox 2241 2624 3891 2706; baseline 0.002 -26"><span class='ocrx_word' id='word_1_413' title='bbox 2241 2624 2658 2698; x_wconf 78' lang='grc' dir='ltr'>πολυκάνδηλα.</span> <span class='ocrx_word' id='word_1_414' title='bbox 2700 2625 2850 2682; x_wconf 81' lang='grc' dir='ltr'>ἀλλὰ</span> <span class='ocrx_word' id='word_1_415' title='bbox 2899 2626 2989 2682; x_wconf 84' lang='grc' dir='ltr'><strong>καὶ</strong></span> <span class='ocrx_word' id='word_1_416' title='bbox 3043 2629 3325 2700; x_wconf 81' lang='grc' dir='ltr'>στέμματα</span> <span class='ocrx_word' id='word_1_417' title='bbox 3371 2628 3460 2683; x_wconf 88' lang='grc' dir='ltr'><strong>καὶ</strong></span> <span class='ocrx_word' id='word_1_418' title='bbox 3518 2627 3756 2706; x_wconf 75' lang='grc' dir='ltr'>διάφορα</span> <span class='ocrx_word' id='word_1_419' title='bbox 3805 2629 3891 2704; x_wconf 76' lang='grc' dir='ltr'><strong>ἑρ-</strong></span> 
     </span>
    </p>
   </div>
   <div class='ocr_carea' id='block_1_60' title="bbox 2241 2714 3888 2792">
    <p class='ocr_par' dir='ltr' id='par_1_60' title="bbox 2241 2714 3888 2792">
     <span class='ocr_line' id='line_1_60' title="bbox 2241 2714 3888 2792; baseline 0.002 -22"><span class='ocrx_word' id='word_1_420' title='bbox 2241 2716 2538 2791; x_wconf 83' lang='grc' dir='ltr'>γομούκια,</span> <span class='ocrx_word' id='word_1_421' title='bbox 2572 2715 2789 2790; x_wconf 82' lang='grc' dir='ltr'>σταυροί</span> <span class='ocrx_word' id='word_1_422' title='bbox 2820 2737 2877 2771; x_wconf 88' lang='grc' dir='ltr'><strong>τε</strong></span> <span class='ocrx_word' id='word_1_423' title='bbox 2900 2723 3101 2791; x_wconf 78' lang='grc' dir='ltr'>χρυσοῖ</span> <span class='ocrx_word' id='word_1_424' title='bbox 3132 2714 3374 2782; x_wconf 81' lang='grc' dir='ltr'>διάλιθοι</span> <span class='ocrx_word' id='word_1_425' title='bbox 3405 2719 3495 2773; x_wconf 85' lang='grc' dir='ltr'><strong>καὶ</strong></span> <span class='ocrx_word' id='word_1_426' title='bbox 3526 2719 3737 2792; x_wconf 77' lang='grc' dir='ltr'>πτυχία</span> <span class='ocrx_word' id='word_1_427' title='bbox 3785 2719 3888 2774; x_wconf 76' lang='grc' dir='ltr'><strong>Εὐ-</strong></span> 
     </span>
    </p>
   </div>
   <div class='ocr_carea' id='block_1_61' title="bbox 2243 2803 3886 2884">
    <p class='ocr_par' dir='ltr' id='par_1_61' title="bbox 2243 2803 3886 2884">
     <span class='ocr_line' id='line_1_61' title="bbox 2243 2803 3886 2884; baseline 0.002 -24"><span class='ocrx_word' id='word_1_428' title='bbox 2243 2805 2514 2880; x_wconf 82' lang='grc' dir='ltr'>αγγεΛίων</span> <span class='ocrx_word' id='word_1_429' title='bbox 2583 2803 2751 2860; x_wconf 80' lang='grc' dir='ltr'>ἐκεῖσε</span> <span class='ocrx_word' id='word_1_430' title='bbox 2788 2804 3129 2880; x_wconf 85' lang='grc' dir='ltr'>ἶδρύνθησαν.</span> <span class='ocrx_word' id='word_1_431' title='bbox 3161 2807 3244 2864; x_wconf 73' lang='grc' dir='ltr'><strong>Τὰ</strong></span> <span class='ocrx_word' id='word_1_432' title='bbox 3301 2805 3359 2861; x_wconf 71' lang='grc' dir='ltr'>δὲ</span> <span class='ocrx_word' id='word_1_433' title='bbox 3425 2806 3546 2880; x_wconf 67' lang='grc' dir='ltr'>ἑξῆς</span> <span class='ocrx_word' id='word_1_434' title='bbox 3595 2814 3699 2876; x_wconf 83' lang='grc' dir='ltr'><strong>τῆς</strong></span> <span class='ocrx_word' id='word_1_435' title='bbox 3754 2829 3886 2884; x_wconf 79' lang='grc' dir='ltr'>προ-</span> 
     </span>
    </p>
   </div>
   <div class='ocr_carea' id='block_1_62' title="bbox 2242 2891 3888 2971">
    <p class='ocr_par' dir='ltr' id='par_1_62' title="bbox 2242 2891 3888 2971">
     <span class='ocr_line' id='line_1_62' title="bbox 2242 2891 3888 2971; baseline 0.001 -22"><span class='ocrx_word' id='word_1_436' title='bbox 2242 2891 2507 2956; x_wconf 70' lang='grc' dir='ltr'>ιλεύσεως</span> <span class='ocrx_word' id='word_1_437' title='bbox 2554 2891 2808 2964; x_wconf 82' lang='grc' dir='ltr'>ἐκελέσθη</span> <span class='ocrx_word' id='word_1_438' title='bbox 2866 2894 3003 2950; x_wconf 69' lang='grc' dir='ltr'>κατὰ</span> <span class='ocrx_word' id='word_1_439' title='bbox 3057 2895 3146 2950; x_wconf 89' lang='grc' dir='ltr'>τὸν</span> <span class='ocrx_word' id='word_1_440' title='bbox 3213 2895 3444 2960; x_wconf 81' lang='grc' dir='ltr'>εἰωθότα</span> <span class='ocrx_word' id='word_1_441' title='bbox 3487 2895 3680 2952; x_wconf 72' lang='grc' dir='ltr'>τύπον.</span> <span class='ocrx_word' id='word_1_442' title='bbox 3717 2899 3803 2971; x_wconf 85' lang='grc' dir='ltr'><strong>Τῇ</strong></span> <span class='ocrx_word' id='word_1_443' title='bbox 3835 2894 3888 2950; x_wconf 69' lang='grc' dir='ltr'>δὲ</span> 
     </span>
    </p>
   </div>
   <div class='ocr_carea' id='block_1_63' title="bbox 2241 2981 3887 3061">
    <p class='ocr_par' dir='ltr' id='par_1_63' title="bbox 2241 2981 3887 3061">
     <span class='ocr_line' id='line_1_63' title="bbox 2241 2981 3887 3061; baseline 0.002 -25"><span class='ocrx_word' id='word_1_444' title='bbox 2241 2981 2424 3055; x_wconf 73' lang='grc' dir='ltr'>ἐννάτῃ</span> <span class='ocrx_word' id='word_1_445' title='bbox 2452 2986 2548 3037; x_wconf 88' lang='grc' dir='ltr'><strong>τοῦ</strong></span> <span class='ocrx_word' id='word_1_446' title='bbox 2608 2981 2928 3059; x_wconf 81' lang='grc' dir='ltr'>Αὐγούστου</span> <span class='ocrx_word' id='word_1_447' title='bbox 2981 2984 3171 3058; x_wconf 84' lang='grc' dir='ltr'>μηνὸς,</span> <span class='ocrx_word' id='word_1_448' title='bbox 3222 2983 3406 3059; x_wconf 72' lang='grc' dir='ltr'>ἡμέρᾳ</span> <span class='ocrx_word' id='word_1_449' title='bbox 3453 2987 3719 3059; x_wconf 76' lang='grc' dir='ltr'>κυριακῇ,</span> <span class='ocrx_word' id='word_1_450' title='bbox 3771 2984 3887 3061; x_wconf 53' lang='lat'><strong>{7&amp;-</strong></span> 
     </span>
    </p>
   </div>
   <div class='ocr_carea' id='block_1_64' title="bbox 2242 3068 3889 3146">
    <p class='ocr_par' dir='ltr' id='par_1_64' title="bbox 2242 3068 3889 3146">
     <span class='ocr_line' id='line_1_64' title="bbox 2242 3068 3889 3146; baseline 0.002 -22"><span class='ocrx_word' id='word_1_451' title='bbox 2242 3091 2364 3125; x_wconf 88' lang='grc' dir='ltr'>νετο</span> <span class='ocrx_word' id='word_1_452' title='bbox 2406 3068 2724 3146; x_wconf 86' lang='grc' dir='ltr'>κλητώριον</span> <span class='ocrx_word' id='word_1_453' title='bbox 2769 3069 2819 3126; x_wconf 70' lang='grc' dir='ltr'>ἐν</span> <span class='ocrx_word' id='word_1_454' title='bbox 2867 3076 2948 3143; x_wconf 72' lang='grc' dir='ltr'>τῷ</span> <span class='ocrx_word' id='word_1_455' title='bbox 3005 3071 3271 3146; x_wconf 78' lang='grc' dir='ltr'>τρικλίνῳ</span> <span class='ocrx_word' id='word_1_456' title='bbox 3326 3077 3424 3128; x_wconf 88' lang='grc' dir='ltr'><strong>τοῦ</strong></span> <span class='ocrx_word' id='word_1_457' title='bbox 3482 3073 3889 3143; x_wconf 84' lang='grc' dir='ltr'>Ἰουστινιανοῦ,</span> 
     </span>
    </p>
   </div>
   <div class='ocr_carea' id='block_1_65' title="bbox 2244 3157 3893 3237">
    <p class='ocr_par' dir='ltr' id='par_1_65' title="bbox 2244 3157 3893 3237">
     <span class='ocr_line' id='line_1_65' title="bbox 2244 3157 3893 3237; baseline 0.002 -24"><span class='ocrx_word' id='word_1_458' title='bbox 2244 3157 2467 3230; x_wconf 75' lang='grc' dir='ltr'>ἐξῆλθεν</span> <span class='ocrx_word' id='word_1_459' title='bbox 2501 3157 2559 3214; x_wconf 74' lang='grc' dir='ltr'>δὲ</span> <span class='ocrx_word' id='word_1_460' title='bbox 2587 3161 2649 3214; x_wconf 85' lang='grc' dir='ltr'>τὸ</span> <span class='ocrx_word' id='word_1_461' title='bbox 2701 3158 3009 3237; x_wconf 76' lang='grc' dir='ltr'>ἄνάγλυφον</span> <span class='ocrx_word' id='word_1_462' title='bbox 3067 3161 3305 3235; x_wconf 72' lang='grc' dir='ltr'>ἀσήμιον</span> <span class='ocrx_word' id='word_1_463' title='bbox 3345 3163 3390 3199; x_wconf 74' lang='grc' dir='ltr'><strong>³ο</strong></span> <span class='ocrx_word' id='word_1_464' title='bbox 3436 3161 3500 3216; x_wconf 83' lang='grc' dir='ltr'>τὸ</span> <span class='ocrx_word' id='word_1_465' title='bbox 3543 3161 3893 3234; x_wconf 74' lang='grc' dir='ltr'>ἐναποκείμςο</span> 
     </span>
    </p>
   </div>
   <div class='ocr_carea' id='block_1_66' title="bbox 491 3219 2132 3326">
    <p class='ocr_par' dir='ltr' id='par_1_66' title="bbox 491 3219 2132 3315">
     <span class='ocr_line' id='line_1_66' title="bbox 491 3219 2132 3315; baseline 0.001 -13"><span class='ocrx_word' id='word_1_466' title='bbox 491 3219 684 3315; x_wconf 74' lang='lat' dir='ltr'><strong>modo,</strong></span> <span class='ocrx_word' id='word_1_467' title='bbox 731 3261 845 3315; x_wconf 84' lang='lat' dir='ltr'><strong>quo</strong></span> <span class='ocrx_word' id='word_1_468' title='bbox 875 3245 1020 3300; x_wconf 90' lang='lat' dir='ltr'><strong>solet</strong></span> <span class='ocrx_word' id='word_1_469' title='bbox 1053 3219 1153 3315; x_wconf 71' lang='lat' dir='ltr'><strong>per</strong></span> <span class='ocrx_word' id='word_1_470' title='bbox 1183 3245 1390 3300; x_wconf 85' lang='lat' dir='ltr'><strong>festum</strong></span> <span class='ocrx_word' id='word_1_471' title='bbox 1423 3219 1725 3301; x_wconf 64' lang='lat' dir='ltr'><strong>i’aschatis</strong></span> <span class='ocrx_word' id='word_1_472' title='bbox 1763 3262 1912 3303; x_wconf 90' lang='lat' dir='ltr'><strong>esse.</strong></span> <span class='ocrx_word' id='word_1_473' title='bbox 1944 3248 2008 3303; x_wconf 94' lang='lat' dir='ltr'><strong>In</strong></span> <span class='ocrx_word' id='word_1_474' title='bbox 2040 3220 2132 3303; x_wconf 79' lang='lat' dir='ltr'><strong>ca-</strong></span> 
     </span>
    </p>
   </div>
   <div class='ocr_carea' id='block_1_67' title="bbox 2237 3219 3896 3326">
    <p class='ocr_par' dir='ltr' id='par_1_67' title="bbox 2245 3248 3896 3326">
     <span class='ocr_line' id='line_1_67' title="bbox 2245 3248 3896 3326; baseline 0.002 -22"><span class='ocrx_word' id='word_1_475' title='bbox 2245 3269 2334 3304; x_wconf 86' lang='lat' dir='ltr'><strong>vov</strong></span> <span class='ocrx_word' id='word_1_476' title='bbox 2394 3248 2444 3303; x_wconf 83' lang='grc' dir='ltr'>ἐν</span> <span class='ocrx_word' id='word_1_477' title='bbox 2491 3253 2572 3321; x_wconf 76' lang='grc' dir='ltr'>τῷ</span> <span class='ocrx_word' id='word_1_478' title='bbox 2605 3249 2895 3323; x_wconf 84' lang='grc' dir='ltr'>βεστιαρίῳ</span> <span class='ocrx_word' id='word_1_479' title='bbox 2946 3256 3047 3306; x_wconf 91' lang='grc' dir='ltr'><strong>τοῦ</strong></span> <span class='ocrx_word' id='word_1_480' title='bbox 3107 3256 3396 3326; x_wconf 82' lang='grc' dir='ltr'>Καριανοῦ,</span> <span class='ocrx_word' id='word_1_481' title='bbox 3453 3252 3544 3307; x_wconf 83' lang='grc' dir='ltr'>καὶ</span> <span class='ocrx_word' id='word_1_482' title='bbox 3603 3250 3674 3307; x_wconf 82' lang='grc' dir='ltr'>δι’</span> <span class='ocrx_word' id='word_1_483' title='bbox 3732 3253 3896 3307; x_wconf 76' lang='grc' dir='ltr'>αὐτοῦ</span> 
     </span>
    </p>
   </div>
   <div class='ocr_carea' id='block_1_68' title="bbox 491 3334 2136 3408">
    <p class='ocr_par' dir='ltr' id='par_1_68' title="bbox 491 3334 2136 3408">
     <span class='ocr_line' id='line_1_68' title="bbox 491 3334 2136 3408; baseline 0.001 -17"><span class='ocrx_word' id='word_1_484' title='bbox 491 3334 854 3391; x_wconf 88' lang='lat' dir='ltr'><strong>techumenis</strong></span> <span class='ocrx_word' id='word_1_485' title='bbox 912 3349 1016 3388; x_wconf 90' lang='lat' dir='ltr'><strong>seu</strong></span> <span class='ocrx_word' id='word_1_486' title='bbox 1061 3350 1233 3405; x_wconf 84' lang='lat' dir='ltr'><strong>supra</strong></span> <span class='ocrx_word' id='word_1_487' title='bbox 1292 3340 1517 3406; x_wconf 88' lang='lat' dir='ltr'><strong>portam</strong></span> <span class='ocrx_word' id='word_1_488' title='bbox 1579 3335 1798 3404; x_wconf 82' lang='lat' dir='ltr'><strong>regiam</strong></span> <span class='ocrx_word' id='word_1_489' title='bbox 1851 3351 2136 3408; x_wconf 76' lang='lat' dir='ltr'><strong>suspensa</strong></span> 
     </span>
    </p>
   </div>
   <div class='ocr_carea' id='block_1_69' title="bbox 491 3421 2136 3496">
    <p class='ocr_par' dir='ltr' id='par_1_69' title="bbox 491 3421 2136 3496">
     <span class='ocr_line' id='line_1_69' title="bbox 491 3421 2136 3496; baseline 0 -16"><span class='ocrx_word' id='word_1_490' title='bbox 491 3430 658 3480; x_wconf 89' lang='lat' dir='ltr'><strong>erant</strong></span> <span class='ocrx_word' id='word_1_491' title='bbox 687 3439 861 3478; x_wconf 89' lang='lat' dir='ltr'><strong>aurea</strong></span> <span class='ocrx_word' id='word_1_492' title='bbox 889 3421 1014 3478; x_wconf 91' lang='lat' dir='ltr'><strong>vela</strong></span> <span class='ocrx_word' id='word_1_493' title='bbox 1035 3422 1442 3478; x_wconf 90' lang='lat' dir='ltr'><strong>columnarum</strong></span> <span class='ocrx_word' id='word_1_494' title='bbox 1491 3423 1695 3479; x_wconf 88' lang='lat' dir='ltr'><strong>ciborii</strong></span> <span class='ocrx_word' id='word_1_495' title='bbox 1745 3423 1975 3496; x_wconf 88' lang='lat' dir='ltr'><strong>aliaque</strong></span> <span class='ocrx_word' id='word_1_496' title='bbox 2011 3424 2136 3480; x_wconf 89' lang='lat' dir='ltr'><strong>vela</strong></span> 
     </span>
    </p>
   </div>
   <div class='ocr_carea' id='block_1_70' title="bbox 489 3511 2136 3584">
    <p class='ocr_par' dir='ltr' id='par_1_70' title="bbox 489 3511 2136 3584">
     <span class='ocr_line' id='line_1_70' title="bbox 489 3511 2136 3584; baseline 0.001 -16"><span class='ocrx_word' id='word_1_497' title='bbox 489 3519 548 3569; x_wconf 89' lang='lat' dir='ltr'><strong>et</strong></span> <span class='ocrx_word' id='word_1_498' title='bbox 577 3515 841 3578; x_wconf 85' lang='lat' dir='ltr'><strong>instrata,</strong></span> <span class='ocrx_word' id='word_1_499' title='bbox 887 3519 1004 3566; x_wconf 89' lang='lat' dir='ltr'><strong>tam</strong></span> <span class='ocrx_word' id='word_1_500' title='bbox 1035 3528 1066 3565; x_wconf 94' lang='lat' dir='ltr'><strong>e</strong></span> <span class='ocrx_word' id='word_1_501' title='bbox 1112 3511 1322 3568; x_wconf 86' lang='lat' dir='ltr'><strong>Sancta</strong></span> <span class='ocrx_word' id='word_1_502' title='bbox 1375 3512 1590 3583; x_wconf 81' lang='lat' dir='ltr'><strong>Sophia</strong></span> <span class='ocrx_word' id='word_1_503' title='bbox 1637 3529 1812 3584; x_wconf 87' lang='lat' dir='ltr'><strong>quam</strong></span> <span class='ocrx_word' id='word_1_504' title='bbox 1855 3529 1924 3569; x_wconf 77' lang='lat' dir='ltr'><strong>ex</strong></span> <span class='ocrx_word' id='word_1_505' title='bbox 1978 3513 2136 3570; x_wconf 84' lang='lat' dir='ltr'><strong>Nova</strong></span> 
     </span>
    </p>
   </div>
   <div class='ocr_carea' id='block_1_71' title="bbox 487 3598 2133 3672">
    <p class='ocr_par' dir='ltr' id='par_1_71' title="bbox 487 3598 2133 3672">
     <span class='ocr_line' id='line_1_71' title="bbox 487 3598 2133 3672; baseline 0.001 -16"><span class='ocrx_word' id='word_1_506' title='bbox 487 3600 732 3657; x_wconf 91' lang='lat' dir='ltr'><strong>ecclesia</strong></span> <span class='ocrx_word' id='word_1_507' title='bbox 756 3603 967 3672; x_wconf 86' lang='lat' dir='ltr'><strong>petita:</strong></span> <span class='ocrx_word' id='word_1_508' title='bbox 1000 3598 1140 3654; x_wconf 86' lang='lat' dir='ltr'><strong>item</strong></span> <span class='ocrx_word' id='word_1_509' title='bbox 1173 3606 1387 3656; x_wconf 70' lang='lat' dir='ltr'><strong>catenae</strong></span> <span class='ocrx_word' id='word_1_510' title='bbox 1430 3601 1606 3656; x_wconf 91' lang='lat' dir='ltr'><strong>variis</strong></span> <span class='ocrx_word' id='word_1_511' title='bbox 1645 3619 1714 3658; x_wconf 83' lang='lat' dir='ltr'><strong>ex</strong></span> <span class='ocrx_word' id='word_1_512' title='bbox 1747 3602 2010 3658; x_wconf 87' lang='lat' dir='ltr'><strong>ecclesiis</strong></span> <span class='ocrx_word' id='word_1_513' title='bbox 2033 3603 2133 3657; x_wconf 87' lang='lat' dir='ltr'><strong>de-</strong></span> 
     </span>
    </p>
   </div>
   <div class='ocr_carea' id='block_1_72' title="bbox 488 3689 2135 3763">
    <p class='ocr_par' dir='ltr' id='par_1_72' title="bbox 488 3689 2135 3763">
     <span class='ocr_line' id='line_1_72' title="bbox 488 3689 2135 3763; baseline 0.002 -18"><span class='ocrx_word' id='word_1_514' title='bbox 488 3696 795 3763; x_wconf 73' lang='lat' dir='ltr'><strong>promptis,</strong></span> <span class='ocrx_word' id='word_1_515' title='bbox 825 3705 856 3744; x_wconf 93' lang='lat' dir='ltr'><strong>e</strong></span> <span class='ocrx_word' id='word_1_516' title='bbox 878 3689 1097 3760; x_wconf 91' lang='lat' dir='ltr'><strong>quibus</strong></span> <span class='ocrx_word' id='word_1_517' title='bbox 1110 3689 1518 3760; x_wconf 86' lang='lat' dir='ltr'><strong>dependebant</strong></span> <span class='ocrx_word' id='word_1_518' title='bbox 1549 3707 1754 3762; x_wconf 83' lang='lat' dir='ltr'><strong>magna</strong></span> <span class='ocrx_word' id='word_1_519' title='bbox 1767 3691 1934 3747; x_wconf 73' lang='lat' dir='ltr'><strong>Novaa</strong></span> <span class='ocrx_word' id='word_1_520' title='bbox 1950 3690 2135 3748; x_wconf 84' lang='lat' dir='ltr'><strong>eccle-</strong></span> 
     </span>
    </p>
   </div>
   <div class='ocr_carea' id='block_1_73' title="bbox 487 3775 2136 3850">
    <p class='ocr_par' dir='ltr' id='par_1_73' title="bbox 487 3775 2136 3850">
     <span class='ocr_line' id='line_1_73' title="bbox 487 3775 2136 3850; baseline 0.002 -20"><span class='ocrx_word' id='word_1_521' title='bbox 487 3777 584 3830; x_wconf 74' lang='lat' dir='ltr'><strong>sies</strong></span> <span class='ocrx_word' id='word_1_522' title='bbox 614 3776 1029 3847; x_wconf 85' lang='lat' dir='ltr'><strong>polycandela;</strong></span> <span class='ocrx_word' id='word_1_523' title='bbox 1071 3775 1209 3830; x_wconf 91' lang='lat' dir='ltr'><strong>item</strong></span> <span class='ocrx_word' id='word_1_524' title='bbox 1241 3775 1436 3831; x_wconf 69' lang='lat' dir='ltr'><strong>infulas</strong></span> <span class='ocrx_word' id='word_1_525' title='bbox 1494 3782 1550 3832; x_wconf 93' lang='lat' dir='ltr'><strong>et</strong></span> <span class='ocrx_word' id='word_1_526' title='bbox 1577 3779 1740 3832; x_wconf 90' lang='lat' dir='ltr'><strong>varia</strong></span> <span class='ocrx_word' id='word_1_527' title='bbox 1795 3777 2136 3850; x_wconf 89' lang='lat' dir='ltr'><strong>ergomucia</strong></span> 
     </span>
    </p>
   </div>
   <div class='ocr_carea' id='block_1_74' title="bbox 487 3864 2130 3936">
    <p class='ocr_par' dir='ltr' id='par_1_74' title="bbox 487 3864 2130 3936">
     <span class='ocr_line' id='line_1_74' title="bbox 487 3864 2130 3936; baseline 0.001 -18"><span class='ocrx_word' id='word_1_528' title='bbox 487 3878 803 3932; x_wconf 88' lang='lat' dir='ltr'><strong>crucesque</strong></span> <span class='ocrx_word' id='word_1_529' title='bbox 840 3879 1027 3917; x_wconf 69' lang='lat' dir='ltr'><strong>aurem</strong></span> <span class='ocrx_word' id='word_1_530' title='bbox 1060 3869 1384 3934; x_wconf 69' lang='lat' dir='ltr'><strong>geminatae,</strong></span> <span class='ocrx_word' id='word_1_531' title='bbox 1426 3864 1652 3918; x_wconf 89' lang='lat' dir='ltr'><strong>codices</strong></span> <span class='ocrx_word' id='word_1_532' title='bbox 1697 3864 2130 3936; x_wconf 87' lang='lat' dir='ltr'><strong>evangeliorum</strong></span> 
     </span>
    </p>
   </div>
   <div class='ocr_carea' id='block_1_75' title="bbox 489 3949 2133 4022">
    <p class='ocr_par' dir='ltr' id='par_1_75' title="bbox 489 3949 2133 4022">
     <span class='ocr_line' id='line_1_75' title="bbox 489 3949 2133 4022; baseline 0.002 -16"><span class='ocrx_word' id='word_1_533' title='bbox 489 3949 814 4022; x_wconf 88' lang='lat' dir='ltr'><strong>quoqueibi</strong></span> <span class='ocrx_word' id='word_1_534' title='bbox 837 3950 1284 4007; x_wconf 86' lang='lat' dir='ltr'><strong>collocabantur.</strong></span> <span class='ocrx_word' id='word_1_535' title='bbox 1345 3950 1584 4021; x_wconf 81' lang='lat' dir='ltr'><strong>Reliqua</strong></span> <span class='ocrx_word' id='word_1_536' title='bbox 1615 3953 2000 4022; x_wconf 90' lang='lat' dir='ltr'><strong>processionis</strong></span> <span class='ocrx_word' id='word_1_537' title='bbox 2030 3954 2133 4010; x_wconf 84' lang='lat' dir='ltr'><strong>tie-</strong></span> 
     </span>
    </p>
   </div>
   <div class='ocr_carea' id='block_1_76' title="bbox 489 4038 2132 4095">
    <p class='ocr_par' dir='ltr' id='par_1_76' title="bbox 489 4038 2132 4095">
     <span class='ocr_line' id='line_1_76' title="bbox 489 4038 2132 4095; baseline 0.001 -2"><span class='ocrx_word' id='word_1_538' title='bbox 489 4038 632 4093; x_wconf 89' lang='lat' dir='ltr'><strong>bant</strong></span> <span class='ocrx_word' id='word_1_539' title='bbox 659 4041 982 4093; x_wconf 89' lang='lat' dir='ltr'><strong>secundum</strong></span> <span class='ocrx_word' id='word_1_540' title='bbox 1015 4044 1354 4094; x_wconf 77' lang='lat' dir='ltr'><strong>consuetam</strong></span> <span class='ocrx_word' id='word_1_541' title='bbox 1388 4042 1654 4094; x_wconf 80' lang='lat' dir='ltr'><strong>formam.</strong></span> <span class='ocrx_word' id='word_1_542' title='bbox 1700 4039 1803 4094; x_wconf 89' lang='lat' dir='ltr'><strong>Die</strong></span> <span class='ocrx_word' id='word_1_543' title='bbox 1835 4057 1989 4095; x_wconf 89' lang='lat' dir='ltr'><strong>nona</strong></span> <span class='ocrx_word' id='word_1_544' title='bbox 2020 4047 2132 4095; x_wconf 85' lang='lat' dir='ltr'><strong>Au-</strong></span> 
     </span>
    </p>
   </div>
   <div class='ocr_carea' id='block_1_77' title="bbox 489 4127 2172 4198">
    <p class='ocr_par' dir='ltr' id='par_1_77' title="bbox 489 4127 2172 4198">
     <span class='ocr_line' id='line_1_77' title="bbox 489 4127 2172 4198; baseline 0.003 -17"><span class='ocrx_word' id='word_1_545' title='bbox 489 4127 641 4198; x_wconf 84' lang='lat' dir='ltr'><strong>gusti</strong></span> <span class='ocrx_word' id='word_1_546' title='bbox 671 4129 990 4197; x_wconf 85' lang='lat' dir='ltr'><strong>eademque</strong></span> <span class='ocrx_word' id='word_1_547' title='bbox 1031 4127 1333 4181; x_wconf 89' lang='lat' dir='ltr'><strong>Dominica</strong></span> <span class='ocrx_word' id='word_1_548' title='bbox 1363 4127 1758 4184; x_wconf 84' lang='lat' dir='ltr'><strong>celebrabatur</strong></span> <span class='ocrx_word' id='word_1_549' title='bbox 1821 4129 2128 4185; x_wconf 86' lang='lat' dir='ltr'><strong>cletorium</strong></span> <span class='ocrx_word' id='word_1_550' title='bbox 2164 4175 2172 4186; x_wconf 90' lang='lat'><strong>.</strong></span> 
     </span>
    </p>
   </div>
   <div class='ocr_carea' id='block_1_78' title="bbox 489 4214 2126 4274">
    <p class='ocr_par' dir='ltr' id='par_1_78' title="bbox 489 4214 2126 4274">
     <span class='ocr_line' id='line_1_78' title="bbox 489 4214 2126 4274; baseline 0.002 -4"><span class='ocrx_word' id='word_1_551' title='bbox 489 4231 592 4270; x_wconf 90' lang='lat' dir='ltr'><strong>seu</strong></span> <span class='ocrx_word' id='word_1_552' title='bbox 610 4231 838 4269; x_wconf 88' lang='lat' dir='ltr'><strong>sacrum</strong></span> <span class='ocrx_word' id='word_1_553' title='bbox 862 4214 1098 4269; x_wconf 88' lang='lat' dir='ltr'><strong>solenne</strong></span> <span class='ocrx_word' id='word_1_554' title='bbox 1129 4215 1457 4270; x_wconf 86' lang='lat' dir='ltr'><strong>convivium</strong></span> <span class='ocrx_word' id='word_1_555' title='bbox 1489 4215 1816 4272; x_wconf 89' lang='lat' dir='ltr'><strong>intriclinio</strong></span> <span class='ocrx_word' id='word_1_556' title='bbox 1837 4215 2126 4274; x_wconf 86' lang='lat' dir='ltr'><strong>Justinia-</strong></span> 
     </span>
    </p>
   </div>
   <div class='ocr_carea' id='block_1_79' title="bbox 489 4302 2127 4374">
    <p class='ocr_par' dir='ltr' id='par_1_79' title="bbox 489 4302 2127 4374">
     <span class='ocr_line' id='line_1_79' title="bbox 489 4302 2127 4374; baseline 0.004 -18"><span class='ocrx_word' id='word_1_557' title='bbox 489 4303 569 4357; x_wconf 88' lang='lat' dir='ltr'><strong>ni.</strong></span> <span class='ocrx_word' id='word_1_558' title='bbox 601 4302 1026 4357; x_wconf 82' lang='lat' dir='ltr'><strong>Producebatur</strong></span> <span class='ocrx_word' id='word_1_559' title='bbox 1054 4305 1180 4356; x_wconf 89' lang='lat' dir='ltr'><strong>tum</strong></span> <span class='ocrx_word' id='word_1_560' title='bbox 1212 4302 1536 4374; x_wconf 78' lang='lat' dir='ltr'><strong>auaglypha</strong></span> <span class='ocrx_word' id='word_1_561' title='bbox 1581 4320 1681 4360; x_wconf 81' lang='lat' dir='ltr'><strong>seu</strong></span> <span class='ocrx_word' id='word_1_562' title='bbox 1729 4312 1996 4362; x_wconf 83' lang='lat' dir='ltr'><strong>exstante</strong></span> <span class='ocrx_word' id='word_1_563' title='bbox 2024 4323 2127 4362; x_wconf 73' lang='lat' dir='ltr'><strong>cie-</strong></span> 
     </span>
    </p>
   </div>
   <div class='ocr_carea' id='block_1_80' title="bbox 485 4389 2123 4466">
    <p class='ocr_par' dir='ltr' id='par_1_80' title="bbox 485 4389 2123 4466">
     <span class='ocr_line' id='line_1_80' title="bbox 485 4389 2123 4466; baseline 0.006 -24"><span class='ocrx_word' id='word_1_564' title='bbox 485 4389 674 4444; x_wconf 85' lang='lat' dir='ltr'><strong>latura</strong></span> <span class='ocrx_word' id='word_1_565' title='bbox 702 4389 1012 4459; x_wconf 90' lang='lat' dir='ltr'><strong>conspicua</strong></span> <span class='ocrx_word' id='word_1_566' title='bbox 1041 4389 1646 4464; x_wconf 83' lang='lat' dir='ltr'><strong>suppellexargentea,</strong></span> <span class='ocrx_word' id='word_1_567' title='bbox 1681 4411 1812 4466; x_wconf 70' lang='lat' dir='ltr'><strong>qum</strong></span> <span class='ocrx_word' id='word_1_568' title='bbox 1833 4395 1894 4450; x_wconf 91' lang='lat' dir='ltr'><strong>in</strong></span> <span class='ocrx_word' id='word_1_569' title='bbox 1915 4395 2123 4452; x_wconf 87' lang='lat' dir='ltr'><strong>vestia-</strong></span> 
     </span>
    </p>
   </div>
   <div class='ocr_carea' id='block_1_81' title="bbox 484 4475 2124 4556">
    <p class='ocr_par' dir='ltr' id='par_1_81' title="bbox 484 4475 2124 4556">
     <span class='ocr_line' id='line_1_81' title="bbox 484 4475 2124 4556; baseline 0.005 -24"><span class='ocrx_word' id='word_1_570' title='bbox 484 4480 568 4532; x_wconf 85' lang='lat' dir='ltr'><strong>rio</strong></span> <span class='ocrx_word' id='word_1_571' title='bbox 597 4475 823 4531; x_wconf 87' lang='lat' dir='ltr'><strong>Cariani</strong></span> <span class='ocrx_word' id='word_1_572' title='bbox 853 4478 1000 4533; x_wconf 91' lang='lat' dir='ltr'><strong>solet</strong></span> <span class='ocrx_word' id='word_1_573' title='bbox 1039 4482 1338 4549; x_wconf 88' lang='lat' dir='ltr'><strong>asservari,</strong></span> <span class='ocrx_word' id='word_1_574' title='bbox 1389 4482 1448 4537; x_wconf 91' lang='lat' dir='ltr'><strong>in</strong></span> <span class='ocrx_word' id='word_1_575' title='bbox 1500 4499 1686 4556; x_wconf 88' lang='lat' dir='ltr'><strong>eaque</strong></span> <span class='ocrx_word' id='word_1_576' title='bbox 1723 4484 2124 4541; x_wconf 87' lang='lat' dir='ltr'><strong>inferebantur</strong></span> 
     </span>
    </p>
   </div>
   <div class='ocr_carea' id='block_1_82' title="bbox 2242 3339 3896 3416">
    <p class='ocr_par' dir='ltr' id='par_1_82' title="bbox 2242 3339 3896 3416">
     <span class='ocr_line' id='line_1_82' title="bbox 2242 3339 3896 3416; baseline 0.002 -25"><span class='ocrx_word' id='word_1_577' title='bbox 2242 3339 2461 3416; x_wconf 79' lang='grc' dir='ltr'>γὲγονεν</span> <span class='ocrx_word' id='word_1_578' title='bbox 2520 3341 2554 3408; x_wconf 81' lang='grc' dir='ltr'>ἡ</span> <span class='ocrx_word' id='word_1_579' title='bbox 2604 3343 2748 3394; x_wconf 82' lang='grc' dir='ltr'>πᾶσα</span> <span class='ocrx_word' id='word_1_580' title='bbox 2802 3339 3070 3416; x_wconf 78' lang='grc' dir='ltr'>ὑπηρεσία</span> <span class='ocrx_word' id='word_1_581' title='bbox 3128 3346 3226 3396; x_wconf 89' lang='grc' dir='ltr'><strong>τοῦ</strong></span> <span class='ocrx_word' id='word_1_582' title='bbox 3293 3341 3607 3416; x_wconf 85' lang='grc' dir='ltr'>τραπεζίου·</span> <span class='ocrx_word' id='word_1_583' title='bbox 3679 3340 3896 3414; x_wconf 78' lang='grc' dir='ltr'>ἔπαιξαν</span> 
     </span>
    </p>
   </div>
   <div class='ocr_carea' id='block_1_83' title="bbox 2244 3423 3892 3506">
    <p class='ocr_par' dir='ltr' id='par_1_83' title="bbox 2244 3423 3892 3506">
     <span class='ocr_line' id='line_1_83' title="bbox 2244 3423 3892 3506; baseline 0.001 -24"><span class='ocrx_word' id='word_1_584' title='bbox 2244 3423 2303 3482; x_wconf 75' lang='grc' dir='ltr'>δὲ</span> <span class='ocrx_word' id='word_1_585' title='bbox 2359 3427 2449 3482; x_wconf 83' lang='grc' dir='ltr'><strong>καὶ</strong></span> <span class='ocrx_word' id='word_1_586' title='bbox 2507 3428 2576 3482; x_wconf 72' lang='grc' dir='ltr'>τὰ</span> <span class='ocrx_word' id='word_1_587' title='bbox 2629 3427 2898 3502; x_wconf 77' lang='grc' dir='ltr'>θυμελικᾶ</span> <span class='ocrx_word' id='word_1_588' title='bbox 2945 3431 3120 3485; x_wconf 72' lang='grc' dir='ltr'>πάντα</span> <span class='ocrx_word' id='word_1_589' title='bbox 3175 3431 3423 3506; x_wconf 80' lang='grc' dir='ltr'>παίγνια.</span> <span class='ocrx_word' id='word_1_590' title='bbox 3485 3432 3724 3506; x_wconf 76' lang='grc' dir='ltr'>Ἐφαγον</span> <span class='ocrx_word' id='word_1_591' title='bbox 3757 3429 3814 3485; x_wconf 80' lang='grc' dir='ltr'>δὲ</span> <span class='ocrx_word' id='word_1_592' title='bbox 3844 3431 3892 3484; x_wconf 65' lang='grc' dir='ltr'>ἐν</span> 
     </span>
    </p>
   </div>
   <div class='ocr_carea' id='block_1_84' title="bbox 2240 3515 3894 3594">
    <p class='ocr_par' dir='ltr' id='par_1_84' title="bbox 2240 3515 3894 3594">
     <span class='ocr_line' id='line_1_84' title="bbox 2240 3515 3894 3594; baseline 0.003 -24"><span class='ocrx_word' id='word_1_593' title='bbox 2240 3521 2322 3588; x_wconf 78' lang='grc' dir='ltr'><strong>τῷ</strong></span> <span class='ocrx_word' id='word_1_594' title='bbox 2373 3517 2523 3589; x_wconf 80' lang='grc' dir='ltr'><strong>αὐτῷ</strong></span> <span class='ocrx_word' id='word_1_595' title='bbox 2551 3515 2849 3592; x_wconf 83' lang='grc' dir='ltr'>κλητωρίῳ</span> <span class='ocrx_word' id='word_1_596' title='bbox 2880 3519 2932 3572; x_wconf 75' lang='grc' dir='ltr'>οἱ</span> <span class='ocrx_word' id='word_1_597' title='bbox 2964 3515 3062 3574; x_wconf 68' lang='grc' dir='ltr'>δύο</span> <span class='ocrx_word' id='word_1_598' title='bbox 3093 3518 3246 3594; x_wconf 82' lang='grc' dir='ltr'>φίλοι</span> <span class='ocrx_word' id='word_1_599' title='bbox 3278 3523 3534 3593; x_wconf 81' lang='grc' dir='ltr'>Ταρσῖται</span> <span class='ocrx_word' id='word_1_600' title='bbox 3585 3519 3674 3576; x_wconf 82' lang='grc' dir='ltr'><strong>καὶ</strong></span> <span class='ocrx_word' id='word_1_601' title='bbox 3708 3522 3762 3574; x_wconf 77' lang='grc' dir='ltr'>οἱ</span> <span class='ocrx_word' id='word_1_602' title='bbox 3803 3519 3894 3575; x_wconf 71' lang='grc' dir='ltr'>ἇν-</span> 
     </span>
    </p>
   </div>
   <div class='ocr_carea' id='block_1_85' title="bbox 2244 3603 3892 3684">
    <p class='ocr_par' dir='ltr' id='par_1_85' title="bbox 2244 3603 3892 3684">
     <span class='ocr_line' id='line_1_85' title="bbox 2244 3603 3892 3684; baseline 0.002 -26"><span class='ocrx_word' id='word_1_603' title='bbox 2244 3615 2455 3679; x_wconf 84' lang='grc' dir='ltr'>θρωποι</span> <span class='ocrx_word' id='word_1_604' title='bbox 2490 3603 2690 3674; x_wconf 84' lang='grc' dir='ltr'>αὐτῶν,</span> <span class='ocrx_word' id='word_1_605' title='bbox 2729 3607 2820 3660; x_wconf 83' lang='grc' dir='ltr'>καὶ</span> <span class='ocrx_word' id='word_1_606' title='bbox 2865 3603 3054 3680; x_wconf 78' lang='grc' dir='ltr'>δέσμοι</span> <span class='ocrx_word' id='word_1_607' title='bbox 3099 3610 3216 3681; x_wconf 89' lang='grc'><strong>(31)</strong></span> <span class='ocrx_word' id='word_1_608' title='bbox 3251 3607 3356 3663; x_wconf 85' lang='grc' dir='ltr'><strong>ἀπὸ</strong></span> <span class='ocrx_word' id='word_1_609' title='bbox 3407 3612 3505 3664; x_wconf 83' lang='grc' dir='ltr'><strong>τοῦ</strong></span> <span class='ocrx_word' id='word_1_610' title='bbox 3552 3610 3892 3684; x_wconf 86' lang='grc' dir='ltr'>πραιτωρίου</span> 
     </span>
    </p>
   </div>
   <div class='ocr_carea' id='block_1_86' title="bbox 2243 3689 3895 3772">
    <p class='ocr_par' dir='ltr' id='par_1_86' title="bbox 2243 3689 3895 3772">
     <span class='ocr_line' id='line_1_86' title="bbox 2243 3689 3895 3772; baseline 0.001 -22"><span class='ocrx_word' id='word_1_611' title='bbox 2243 3695 2506 3766; x_wconf 79' lang='grc' dir='ltr'>Ταρσῖται</span> <span class='ocrx_word' id='word_1_612' title='bbox 2541 3695 2614 3766; x_wconf 88' lang='grc' dir='ltr'><strong>μ’.</strong></span> <span class='ocrx_word' id='word_1_613' title='bbox 2645 3689 2885 3751; x_wconf 73' lang='grc' dir='ltr'>Ἔλαϐον</span> <span class='ocrx_word' id='word_1_614' title='bbox 2932 3693 2988 3750; x_wconf 74' lang='grc' dir='ltr'>δὲ</span> <span class='ocrx_word' id='word_1_615' title='bbox 3037 3694 3090 3752; x_wconf 68' lang='grc' dir='ltr'>ἓν</span> <span class='ocrx_word' id='word_1_616' title='bbox 3131 3702 3361 3772; x_wconf 86' lang='grc' dir='ltr'>χρυσοῖς</span> <span class='ocrx_word' id='word_1_617' title='bbox 3410 3697 3794 3759; x_wconf 76' lang='grc' dir='ltr'>σγουτελλίοις</span> <span class='ocrx_word' id='word_1_618' title='bbox 3842 3701 3895 3752; x_wconf 75' lang='grc' dir='ltr'>οἱ</span> 
     </span>
    </p>
   </div>
   <div class='ocr_carea' id='block_1_87' title="bbox 2247 3781 3896 3863">
    <p class='ocr_par' dir='ltr' id='par_1_87' title="bbox 2247 3781 3896 3863">
     <span class='ocr_line' id='line_1_87' title="bbox 2247 3781 3896 3863; baseline 0.004 -27"><span class='ocrx_word' id='word_1_619' title='bbox 2247 3782 2340 3856; x_wconf 77' lang='grc' dir='ltr'><strong>μὶν</strong></span> <span class='ocrx_word' id='word_1_620' title='bbox 2375 3781 2471 3837; x_wconf 83' lang='grc' dir='ltr'><strong>δύο</strong></span> <span class='ocrx_word' id='word_1_621' title='bbox 2502 3783 2660 3861; x_wconf 74' lang='grc' dir='ltr'>ςρίλοι</span> <span class='ocrx_word' id='word_1_622' title='bbox 2692 3783 2791 3839; x_wconf 82' lang='grc' dir='ltr'><strong>ἆνᾶ</strong></span> <span class='ocrx_word' id='word_1_623' title='bbox 2823 3782 3192 3858; x_wconf 80' lang='grc' dir='ltr'>μιλιαρησίων</span> <span class='ocrx_word' id='word_1_624' title='bbox 3220 3793 3288 3863; x_wconf 76' lang='grc' dir='ltr'>(ρ’,</span> <span class='ocrx_word' id='word_1_625' title='bbox 3323 3787 3375 3841; x_wconf 76' lang='grc' dir='ltr'>οἱ</span> <span class='ocrx_word' id='word_1_626' title='bbox 3435 3785 3493 3842; x_wconf 75' lang='grc' dir='ltr'>δὲ</span> <span class='ocrx_word' id='word_1_627' title='bbox 3549 3785 3739 3842; x_wconf 87' lang='grc' dir='ltr'>λοιποὶ</span> <span class='ocrx_word' id='word_1_628' title='bbox 3801 3788 3896 3841; x_wconf 77' lang='grc' dir='ltr'><strong>ἄν·</strong></span> 
     </span>
    </p>
   </div>
   <div class='ocr_carea' id='block_1_88' title="bbox 2243 3870 3895 3952">
    <p class='ocr_par' dir='ltr' id='par_1_88' title="bbox 2243 3870 3895 3952">
     <span class='ocr_line' id='line_1_88' title="bbox 2243 3870 3895 3952; baseline 0.004 -27"><span class='ocrx_word' id='word_1_629' title='bbox 2243 3883 2454 3946; x_wconf 80' lang='grc' dir='ltr'>υρωποι</span> <span class='ocrx_word' id='word_1_630' title='bbox 2487 3871 2663 3926; x_wconf 86' lang='grc' dir='ltr'>αὐτῶν</span> <span class='ocrx_word' id='word_1_631' title='bbox 2695 3871 2818 3945; x_wconf 88' lang='grc' dir='ltr'>μιλ,</span> <span class='ocrx_word' id='word_1_632' title='bbox 2841 3875 2908 3947; x_wconf 75' lang='grc' dir='ltr'>“γ,</span> <span class='ocrx_word' id='word_1_633' title='bbox 2944 3874 2995 3928; x_wconf 75' lang='grc' dir='ltr'>οἱ</span> <span class='ocrx_word' id='word_1_634' title='bbox 3028 3870 3086 3930; x_wconf 75' lang='grc' dir='ltr'>δὶ</span> <span class='ocrx_word' id='word_1_635' title='bbox 3119 3882 3171 3947; x_wconf 73' lang='grc' dir='ltr'>μ’</span> <span class='ocrx_word' id='word_1_636' title='bbox 3203 3872 3416 3948; x_wconf 81' lang='grc' dir='ltr'>δέσμιοι</span> <span class='ocrx_word' id='word_1_637' title='bbox 3474 3875 3595 3950; x_wconf 88' lang='grc' dir='ltr'>μιλ.</span> <span class='ocrx_word' id='word_1_638' title='bbox 3649 3897 3714 3952; x_wconf 45' lang='grc' dir='ltr'><strong>α..</strong></span> <span class='ocrx_word' id='word_1_639' title='bbox 3766 3882 3895 3934; x_wconf 76' lang='grc' dir='ltr'><strong>’Λπ-</strong></span> 
     </span>
    </p>
   </div>
   <div class='ocr_carea' id='block_1_89' title="bbox 2241 3957 3891 4038">
    <p class='ocr_par' dir='ltr' id='par_1_89' title="bbox 2241 3957 3891 4038">
     <span class='ocr_line' id='line_1_89' title="bbox 2241 3957 3891 4038; baseline 0.004 -23"><span class='ocrx_word' id='word_1_640' title='bbox 2241 3961 2547 4031; x_wconf 75' lang='grc' dir='ltr'>ιστάλησαν</span> <span class='ocrx_word' id='word_1_641' title='bbox 2592 3957 2648 4016; x_wconf 78' lang='grc' dir='ltr'>δὲ</span> <span class='ocrx_word' id='word_1_642' title='bbox 2695 3961 2786 4016; x_wconf 88' lang='grc' dir='ltr'><strong>καὶ</strong></span> <span class='ocrx_word' id='word_1_643' title='bbox 2832 3966 2948 4024; x_wconf 88' lang='grc' dir='ltr'>τοῖς</span> <span class='ocrx_word' id='word_1_644' title='bbox 2996 3961 3047 4017; x_wconf 82' lang='grc' dir='ltr'>ἐν</span> <span class='ocrx_word' id='word_1_645' title='bbox 3093 3967 3174 4035; x_wconf 80' lang='grc' dir='ltr'>τῷ</span> <span class='ocrx_word' id='word_1_646' title='bbox 3217 3965 3540 4038; x_wconf 84' lang='grc' dir='ltr'>πραιτωρίῳ</span> <span class='ocrx_word' id='word_1_647' title='bbox 3598 3963 3891 4038; x_wconf 68' lang='grc' dir='ltr'>ὶναπομεί-</span> 
     </span>
    </p>
   </div>
   <div class='ocr_carea' id='block_1_90' title="bbox 2239 4044 3888 4126">
    <p class='ocr_par' dir='ltr' id='par_1_90' title="bbox 2239 4044 3888 4126">
     <span class='ocr_line' id='line_1_90' title="bbox 2239 4044 3888 4126; baseline 0.005 -27"><span class='ocrx_word' id='word_1_648' title='bbox 2239 4067 2388 4101; x_wconf 90' lang='grc' dir='ltr'>νασιν</span> <span class='ocrx_word' id='word_1_649' title='bbox 2439 4044 2686 4120; x_wconf 85' lang='grc' dir='ltr'>δεσμίοις</span> <span class='ocrx_word' id='word_1_650' title='bbox 2748 4047 2868 4121; x_wconf 84' lang='grc' dir='ltr'>μιλ.</span> <span class='ocrx_word' id='word_1_651' title='bbox 2921 4051 3036 4106; x_wconf 88' lang='grc' dir='ltr'>Τοῦ</span> <span class='ocrx_word' id='word_1_652' title='bbox 3106 4046 3162 4104; x_wconf 64' lang='grc' dir='ltr'>δὲ</span> <span class='ocrx_word' id='word_1_653' title='bbox 3223 4049 3495 4126; x_wconf 80' lang='grc' dir='ltr'>βασιλέῶς</span> <span class='ocrx_word' id='word_1_654' title='bbox 3541 4050 3888 4120; x_wconf 78' lang='grc' dir='ltr'>ἄναστάντος,</span> 
     </span>
    </p>
   </div>
   <div class='ocr_carea' id='block_1_91' title="bbox 2239 4133 3888 4216">
    <p class='ocr_par' dir='ltr' id='par_1_91' title="bbox 2239 4133 3888 4216">
     <span class='ocr_line' id='line_1_91' title="bbox 2239 4133 3888 4216; baseline 0.004 -28"><span class='ocrx_word' id='word_1_655' title='bbox 2239 4133 2598 4207; x_wconf 71' lang='grc' dir='ltr'>ἐκαθέσθησαν</span> <span class='ocrx_word' id='word_1_656' title='bbox 2629 4135 2792 4191; x_wconf 79' lang='grc' dir='ltr'><strong>¹ιιάλιν</strong></span> <span class='ocrx_word' id='word_1_657' title='bbox 2822 4138 2874 4192; x_wconf 73' lang='grc' dir='ltr'>οἱ</span> <span class='ocrx_word' id='word_1_658' title='bbox 2906 4137 3063 4192; x_wconf 86' lang='grc' dir='ltr'>αὐτοὶ</span> <span class='ocrx_word' id='word_1_659' title='bbox 3092 4139 3251 4216; x_wconf 68' lang='grc' dir='ltr'>φίλοι</span> <span class='ocrx_word' id='word_1_660' title='bbox 3283 4137 3340 4194; x_wconf 83' lang='grc' dir='ltr'>ἐν</span> <span class='ocrx_word' id='word_1_661' title='bbox 3388 4144 3470 4212; x_wconf 84' lang='grc' dir='ltr'>τῷ</span> <span class='ocrx_word' id='word_1_662' title='bbox 3517 4139 3678 4212; x_wconf 79' lang='grc' dir='ltr'><strong>δέξιῷ</strong></span> <span class='ocrx_word' id='word_1_663' title='bbox 3737 4141 3888 4215; x_wconf 71' lang='grc' dir='ltr'>μέρει</span> 
     </span>
    </p>
   </div>
   <div class='ocr_carea' id='block_1_92' title="bbox 2235 4223 3884 4304">
    <p class='ocr_par' dir='ltr' id='par_1_92' title="bbox 2235 4223 3884 4304">
     <span class='ocr_line' id='line_1_92' title="bbox 2235 4223 3884 4304; baseline 0.006 -28"><span class='ocrx_word' id='word_1_664' title='bbox 2235 4227 2332 4277; x_wconf 91' lang='grc' dir='ltr'><strong>τοῦ</strong></span> <span class='ocrx_word' id='word_1_665' title='bbox 2387 4223 2553 4279; x_wconf 84' lang='grc' dir='ltr'>αὐτοῦ</span> <span class='ocrx_word' id='word_1_666' title='bbox 2617 4223 2918 4300; x_wconf 82' lang='grc' dir='ltr'>τρικλίνου,</span> <span class='ocrx_word' id='word_1_667' title='bbox 2977 4229 3093 4292; x_wconf 75' lang='grc' dir='ltr'>καθ’</span> <span class='ocrx_word' id='word_1_668' title='bbox 3150 4229 3208 4282; x_wconf 86' lang='grc' dir='ltr'><strong>’ὀν</strong></span> <span class='ocrx_word' id='word_1_669' title='bbox 3255 4229 3583 4304; x_wconf 87' lang='grc' dir='ltr'>προείρηται</span> <span class='ocrx_word' id='word_1_670' title='bbox 3662 4230 3884 4304; x_wconf 84' lang='grc' dir='ltr'>τρόπον.</span> 
     </span>
    </p>
   </div>
   <div class='ocr_carea' id='block_1_93' title="bbox 2236 4311 3889 4392">
    <p class='ocr_par' dir='ltr' id='par_1_93' title="bbox 2236 4311 3889 4392">
     <span class='ocr_line' id='line_1_93' title="bbox 2236 4311 3889 4392; baseline 0.005 -27"><span class='ocrx_word' id='word_1_671' title='bbox 2236 4311 2333 4366; x_wconf 64' lang='grc' dir='ltr'><strong>Καὶ</strong></span> <span class='ocrx_word' id='word_1_672' title='bbox 2391 4313 2770 4386; x_wconf 75' lang='grc' dir='ltr'>ἀπεστάλησαν</span> <span class='ocrx_word' id='word_1_673' title='bbox 2817 4315 2983 4372; x_wconf 71' lang='grc' dir='ltr'>πάλιν</span> <span class='ocrx_word' id='word_1_674' title='bbox 3043 4315 3230 4382; x_wconf 87' lang='grc' dir='ltr'>αὐτοῖς</span> <span class='ocrx_word' id='word_1_675' title='bbox 3279 4315 3370 4373; x_wconf 71' lang='grc' dir='ltr'><strong>διὰ</strong></span> <span class='ocrx_word' id='word_1_676' title='bbox 3411 4323 3744 4374; x_wconf 86' lang='grc' dir='ltr'>κοιτωνιτῶν</span> <span class='ocrx_word' id='word_1_677' title='bbox 3787 4341 3889 4392; x_wconf 81' lang='grc' dir='ltr'>μυο</span> 
     </span>
    </p>
   </div>
   <div class='ocr_carea' id='block_1_94' title="bbox 2234 4401 3890 4481">
    <p class='ocr_par' dir='ltr' id='par_1_94' title="bbox 2234 4401 3890 4481">
     <span class='ocr_line' id='line_1_94' title="bbox 2234 4401 3890 4481; baseline 0.003 -26"><span class='ocrx_word' id='word_1_678' title='bbox 2234 4401 2468 4473; x_wconf 75' lang='grc' dir='ltr'>ριστικᾶ,</span> <span class='ocrx_word' id='word_1_679' title='bbox 2519 4402 2804 4477; x_wconf 77' lang='grc' dir='ltr'>στάγματά</span> <span class='ocrx_word' id='word_1_680' title='bbox 2849 4425 2908 4460; x_wconf 79' lang='grc' dir='ltr'><strong>τε</strong></span> <span class='ocrx_word' id='word_1_681' title='bbox 2962 4406 3053 4460; x_wconf 82' lang='grc' dir='ltr'><strong>καὶ</strong></span> <span class='ocrx_word' id='word_1_682' title='bbox 3113 4405 3434 4481; x_wconf 83' lang='grc' dir='ltr'>ἀλείμματα</span> <span class='ocrx_word' id='word_1_683' title='bbox 3514 4406 3730 4479; x_wconf 87' lang='grc' dir='ltr'>εὐώδη,</span> <span class='ocrx_word' id='word_1_684' title='bbox 3805 4409 3890 4462; x_wconf 82' lang='grc' dir='ltr'>καὶ</span> 
     </span>
    </p>
   </div>
   <div class='ocr_carea' id='block_1_95' title="bbox 2228 4489 3887 4564">
    <p class='ocr_par' dir='ltr' id='par_1_95' title="bbox 2228 4489 3887 4564">
     <span class='ocr_line' id='line_1_95' title="bbox 2228 4489 3887 4564; baseline 0.005 -21"><span class='ocrx_word' id='word_1_685' title='bbox 2228 4489 2519 4563; x_wconf 75' lang='grc' dir='ltr'>νιψάμενοι</span> <span class='ocrx_word' id='word_1_686' title='bbox 2575 4491 2666 4546; x_wconf 85' lang='grc' dir='ltr'><strong>καὶ</strong></span> <span class='ocrx_word' id='word_1_687' title='bbox 2710 4490 3125 4557; x_wconf 78' lang='grc' dir='ltr'>εὐωδιασθέντες</span> <span class='ocrx_word' id='word_1_688' title='bbox 3173 4491 3403 4564; x_wconf 84' lang='grc' dir='ltr'>διῆλθον</span> <span class='ocrx_word' id='word_1_689' title='bbox 3453 4495 3624 4552; x_wconf 78' lang='grc' dir='ltr'>πάλιν</span> <span class='ocrx_word' id='word_1_690' title='bbox 3677 4495 3770 4553; x_wconf 75' lang='grc' dir='ltr'><strong>διὰ</strong></span> <span class='ocrx_word' id='word_1_691' title='bbox 3799 4503 3887 4553; x_wconf 74' lang='grc' dir='ltr'><strong>τοῦ</strong></span> 
     </span>
    </p>
   </div>
   <div class='ocr_carea' id='block_1_96' title="bbox 484 4565 2132 4659">
    <p class='ocr_par' dir='ltr' id='par_1_96' title="bbox 484 4565 2114 4639">
     <span class='ocr_line' id='line_1_96' title="bbox 484 4565 2114 4639; baseline 0.006 -19"><span class='ocrx_word' id='word_1_692' title='bbox 484 4567 664 4635; x_wconf 90' lang='lat' dir='ltr'><strong>dapes</strong></span> <span class='ocrx_word' id='word_1_693' title='bbox 696 4565 983 4637; x_wconf 86' lang='lat' dir='ltr'><strong>flebatque</strong></span> <span class='ocrx_word' id='word_1_694' title='bbox 1010 4570 1299 4639; x_wconf 84' lang='lat' dir='ltr'><strong>reliquum</strong></span> <span class='ocrx_word' id='word_1_695' title='bbox 1341 4586 1514 4626; x_wconf 91' lang='lat' dir='ltr'><strong>omne</strong></span> <span class='ocrx_word' id='word_1_696' title='bbox 1544 4575 1698 4628; x_wconf 90' lang='lat' dir='ltr'><strong>circa</strong></span> <span class='ocrx_word' id='word_1_697' title='bbox 1730 4589 1984 4629; x_wconf 86' lang='lat' dir='ltr'><strong>mensam</strong></span> <span class='ocrx_word' id='word_1_698' title='bbox 2019 4576 2114 4630; x_wconf 86' lang='lat' dir='ltr'><strong>mi-</strong></span> 
     </span>
    </p>
   </div>
   <div class='ocr_carea' id='block_1_97' title="bbox 2237 4565 3886 4659">
    <p class='ocr_par' dir='ltr' id='par_1_97' title="bbox 2237 4578 3886 4659">
     <span class='ocr_line' id='line_1_97' title="bbox 2237 4578 3886 4659; baseline 0.005 -28"><span class='ocrx_word' id='word_1_699' title='bbox 2237 4578 2688 4658; x_wconf 56' lang='grc' dir='ltr'>χρυσοτρικλίνου</span> <span class='ocrx_word' id='word_1_700' title='bbox 2735 4579 2960 4637; x_wconf 80' lang='grc' dir='ltr'>καὶτῶν</span> <span class='ocrx_word' id='word_1_701' title='bbox 3000 4581 3338 4639; x_wconf 79' lang='grc' dir='ltr'>ἀνατολικῶν</span> <span class='ocrx_word' id='word_1_702' title='bbox 3395 4583 3615 4659; x_wconf 77' lang='grc' dir='ltr'>πυλῶν,</span> <span class='ocrx_word' id='word_1_703' title='bbox 3669 4588 3790 4642; x_wconf 86' lang='grc' dir='ltr'>καθ’</span> <span class='ocrx_word' id='word_1_704' title='bbox 3836 4585 3886 4642; x_wconf 79' lang='grc' dir='ltr'>ὄν</span> 
     </span>
    </p>
   </div>
   <div class='ocr_carea' id='block_1_98' title="bbox 485 4655 2133 4728">
    <p class='ocr_par' dir='ltr' id='par_1_98' title="bbox 485 4655 2133 4728">
     <span class='ocr_line' id='line_1_98' title="bbox 485 4655 2133 4728; baseline 0.007 -19"><span class='ocrx_word' id='word_1_705' title='bbox 485 4655 812 4711; x_wconf 85' lang='lat' dir='ltr'><strong>nisterium.</strong></span> <span class='ocrx_word' id='word_1_706' title='bbox 836 4657 1176 4728; x_wconf 87' lang='lat' dir='ltr'><strong>Spectacula</strong></span> <span class='ocrx_word' id='word_1_707' title='bbox 1197 4658 1372 4714; x_wconf 86' lang='lat' dir='ltr'><strong>simul</strong></span> <span class='ocrx_word' id='word_1_708' title='bbox 1401 4660 1685 4718; x_wconf 90' lang='lat' dir='ltr'><strong>ludebant</strong></span> <span class='ocrx_word' id='word_1_709' title='bbox 1723 4679 1826 4719; x_wconf 86' lang='lat' dir='ltr'><strong>seu</strong></span> <span class='ocrx_word' id='word_1_710' title='bbox 1875 4665 2133 4722; x_wconf 85' lang='lat' dir='ltr'><strong>edeban-</strong></span> 
     </span>
    </p>
   </div>
   <div class='ocr_carea' id='block_1_99' title="bbox 2241 4666 2901 4742">
    <p class='ocr_par' dir='ltr' id='par_1_99' title="bbox 2241 4666 2901 4742">
     <span class='ocr_line' id='line_1_99' title="bbox 2241 4666 2901 4742; baseline 0.009 -21"><span class='ocrx_word' id='word_1_711' title='bbox 2241 4666 2442 4742; x_wconf 89' lang='grc' dir='ltr'>τρόπον</span> <span class='ocrx_word' id='word_1_712' title='bbox 2467 4670 2901 4742; x_wconf 73' lang='grc' dir='ltr'>προειρήκαμεν.</span> 
     </span>
    </p>
   </div>
   <div class='ocr_carea' id='block_1_100' title="bbox 481 4747 3887 4842">
    <p class='ocr_par' dir='ltr' id='par_1_100' title="bbox 481 4747 3887 4842">
     <span class='ocr_line' id='line_1_100' title="bbox 481 4747 3887 4842; baseline 0.008 -42"><span class='ocrx_word' id='word_1_713' title='bbox 481 4750 582 4801; x_wconf 84' lang='lat' dir='ltr'><strong>tur</strong></span> <span class='ocrx_word' id='word_1_714' title='bbox 608 4747 798 4803; x_wconf 87' lang='lat' dir='ltr'><strong>omnis</strong></span> <span class='ocrx_word' id='word_1_715' title='bbox 826 4749 1055 4819; x_wconf 88' lang='lat' dir='ltr'><strong>generis</strong></span> <span class='ocrx_word' id='word_1_716' title='bbox 1084 4749 1334 4805; x_wconf 86' lang='lat' dir='ltr'><strong>scenica.</strong></span> <span class='ocrx_word' id='word_1_717' title='bbox 1366 4753 1835 4810; x_wconf 83' lang='lat' dir='ltr'><strong>Convivabantur</strong></span> <span class='ocrx_word' id='word_1_718' title='bbox 1864 4758 1989 4812; x_wconf 89' lang='lat' dir='ltr'><strong>tum</strong></span> <span class='ocrx_word' id='word_1_719' title='bbox 2015 4759 2189 4814; x_wconf 89' lang='lat' dir='ltr'><strong>ambo</strong></span> <span class='ocrx_word' id='word_1_720' title='bbox 2215 4759 2388 4816; x_wconf 89' lang='lat' dir='ltr'><strong>amici</strong></span> <span class='ocrx_word' id='word_1_721' title='bbox 2419 4775 2521 4815; x_wconf 84' lang='lat' dir='ltr'><strong>seu</strong></span> <span class='ocrx_word' id='word_1_722' title='bbox 2553 4760 2725 4833; x_wconf 87' lang='lat' dir='ltr'><strong>legati</strong></span> <span class='ocrx_word' id='word_1_723' title='bbox 2755 4767 2813 4818; x_wconf 89' lang='lat' dir='ltr'><strong>et</strong></span> <span class='ocrx_word' id='word_1_724' title='bbox 2844 4760 3104 4836; x_wconf 85' lang='lat' dir='ltr'><strong>hospites</strong></span> <span class='ocrx_word' id='word_1_725' title='bbox 3143 4765 3485 4839; x_wconf 86' lang='lat' dir='ltr'><strong>Tarsenses,</strong></span> <span class='ocrx_word' id='word_1_726' title='bbox 3520 4786 3752 4842; x_wconf 86' lang='lat' dir='ltr'><strong>unaque</strong></span> <span class='ocrx_word' id='word_1_727' title='bbox 3794 4787 3887 4827; x_wconf 85' lang='lat' dir='ltr'><strong>co-</strong></span> 
     </span>
    </p>
   </div>
   <div class='ocr_carea' id='block_1_101' title="bbox 1847 4872 2528 4934">
    <p class='ocr_par' dir='ltr' id='par_1_101' title="bbox 1847 4872 2528 4934">
     <span class='ocr_line' id='line_1_101' title="bbox 1847 4872 2528 4934; baseline 0.007 -5"><span class='ocrx_word' id='word_1_728' title='bbox 1847 4872 2083 4932; x_wconf 65' lang='lat' dir='ltr'><strong>VARl/E</strong></span> <span class='ocrx_word' id='word_1_729' title='bbox 2122 4875 2528 4934; x_wconf 79' lang='lat' dir='ltr'><strong>LECTIONES.</strong></span> 
     </span>
    </p>
   </div>
   <div class='ocr_carea' id='block_1_102' title="bbox 553 4973 2044 5056">
    <p class='ocr_par' dir='ltr' id='par_1_102' title="bbox 553 4973 2044 5056">
     <span class='ocr_line' id='line_1_102' title="bbox 553 4973 2044 5056; baseline 0.009 -30"><span class='ocrx_word' id='word_1_730' title='bbox 553 4975 600 5009; x_wconf 78' lang='grc' dir='ltr'><strong>³ο</strong></span> <span class='ocrx_word' id='word_1_731' title='bbox 630 4973 833 5046; x_wconf 62' lang='lat' dir='ltr'><strong>dician</strong></span> <span class='ocrx_word' id='word_1_732' title='bbox 865 4974 991 5031; x_wconf 90' lang='lat' dir='ltr'><strong>cod.</strong></span> <span class='ocrx_word' id='word_1_733' title='bbox 1034 4979 1092 5032; x_wconf 89' lang='lat' dir='ltr'><strong>et</strong></span> <span class='ocrx_word' id='word_1_734' title='bbox 1121 4974 1236 5044; x_wconf 87' lang='lat' dir='ltr'><strong>ed.,</strong></span> <span class='ocrx_word' id='word_1_735' title='bbox 1265 4980 1330 5031; x_wconf 90' lang='lat' dir='ltr'><strong>ut</strong></span> <span class='ocrx_word' id='word_1_736' title='bbox 1351 4977 1583 5048; x_wconf 62' lang='lat' dir='ltr'><strong>saepius.</strong></span> <span class='ocrx_word' id='word_1_737' title='bbox 1619 4980 1704 5036; x_wconf 85' lang='lat' dir='ltr'><strong>Cf.</strong></span> <span class='ocrx_word' id='word_1_738' title='bbox 1728 4982 1798 5037; x_wconf 89' lang='lat' dir='ltr'><strong>ad</strong></span> <span class='ocrx_word' id='word_1_739' title='bbox 1826 4998 1959 5056; x_wconf 89' lang='lat' dir='ltr'><strong>pag.</strong></span> <span class='ocrx_word' id='word_1_740' title='bbox 1986 4984 2044 5040; x_wconf 90' lang='lat'><strong>7.</strong></span> 
     </span>
    </p>
   </div>
   <div class='ocr_carea' id='block_1_103' title="bbox 1489 5097 2832 5168">
    <p class='ocr_par' dir='ltr' id='par_1_103' title="bbox 1489 5097 2832 5168">
     <span class='ocr_line' id='line_1_103' title="bbox 1489 5097 2832 5168; baseline 0.01 -14"><span class='ocrx_word' id='word_1_741' title='bbox 1489 5097 1690 5155; x_wconf 82' lang='lat' dir='ltr'><strong>JOAN.</strong></span> <span class='ocrx_word' id='word_1_742' title='bbox 1728 5101 1870 5158; x_wconf 86' lang='lat' dir='ltr'><strong>JAC.</strong></span> <span class='ocrx_word' id='word_1_743' title='bbox 1926 5103 2184 5162; x_wconf 81' lang='lat' dir='ltr'><strong>REISKII</strong></span> <span class='ocrx_word' id='word_1_744' title='bbox 2237 5106 2832 5168; x_wconf 72' lang='lat' dir='ltr'><strong>COMMENTARIUS.</strong></span> 
     </span>
    </p>
   </div>
   <div class='ocr_carea' id='block_1_104' title="bbox 551 5185 2120 5262">
    <p class='ocr_par' dir='ltr' id='par_1_104' title="bbox 551 5185 2120 5262">
     <span class='ocr_line' id='line_1_104' title="bbox 551 5185 2120 5262; baseline 0.007 -25"><span class='ocrx_word' id='word_1_745' title='bbox 551 5185 666 5262; x_wconf 71' lang='grc' dir='ltr'>(βι)</span> <span class='ocrx_word' id='word_1_746' title='bbox 687 5185 903 5262; x_wconf 78' lang='lat' dir='ltr'><strong>captivi</strong></span> <span class='ocrx_word' id='word_1_747' title='bbox 933 5187 1199 5262; x_wconf 78' lang='lat' dir='ltr'><strong>Saraceni</strong></span> <span class='ocrx_word' id='word_1_748' title='bbox 1258 5185 1636 5262; x_wconf 76' lang='lat' dir='ltr'><strong>servabantur</strong></span> <span class='ocrx_word' id='word_1_749' title='bbox 1689 5187 1840 5262; x_wconf 77' lang='lat' dir='ltr'><strong>olim</strong></span> <span class='ocrx_word' id='word_1_750' title='bbox 1872 5191 1931 5245; x_wconf 90' lang='lat' dir='ltr'><strong>in</strong></span> <span class='ocrx_word' id='word_1_751' title='bbox 1967 5208 2120 5262; x_wconf 73' lang='lat' dir='ltr'><strong>pras-</strong></span> 
     </span>
    </p>
   </div>
   <div class='ocr_carea' id='block_1_105' title="bbox 482 5256 2117 5329">
    <p class='ocr_par' dir='ltr' id='par_1_105' title="bbox 482 5256 2117 5329">
     <span class='ocr_line' id='line_1_105' title="bbox 482 5256 2117 5329; baseline 0.006 -21"><span class='ocrx_word' id='word_1_752' title='bbox 482 5256 644 5322; x_wconf 84' lang='lat' dir='ltr'><strong>torio,</strong></span> <span class='ocrx_word' id='word_1_753' title='bbox 679 5261 742 5329; x_wconf 86' lang='lat' dir='ltr'><strong>ut</strong></span> <span class='ocrx_word' id='word_1_754' title='bbox 772 5257 941 5329; x_wconf 86' lang='lat' dir='ltr'><strong>hodie</strong></span> <span class='ocrx_word' id='word_1_755' title='bbox 971 5259 1030 5312; x_wconf 91' lang='lat' dir='ltr'><strong>in</strong></span> <span class='ocrx_word' id='word_1_756' title='bbox 1075 5257 1410 5329; x_wconf 82' lang='lat' dir='ltr'><strong>septemsic</strong></span> <span class='ocrx_word' id='word_1_757' title='bbox 1457 5257 1627 5313; x_wconf 89' lang='lat' dir='ltr'><strong>dictis</strong></span> <span class='ocrx_word' id='word_1_758' title='bbox 1677 5260 1935 5315; x_wconf 85' lang='lat' dir='ltr'><strong>turribus</strong></span> <span class='ocrx_word' id='word_1_759' title='bbox 1965 5256 2117 5329; x_wconf 79' lang='lat' dir='ltr'><strong>CPli,</strong></span> 
     </span>
    </p>
   </div>
   <div class='ocr_carea' id='block_1_106' title="bbox 480 5327 2120 5389">
    <p class='ocr_par' dir='ltr' id='par_1_106' title="bbox 480 5327 2120 5389">
     <span class='ocr_line' id='line_1_106' title="bbox 480 5327 2120 5389; baseline 0.007 -11"><span class='ocrx_word' id='word_1_760' title='bbox 480 5332 580 5379; x_wconf 89' lang='lat' dir='ltr'><strong>aut</strong></span> <span class='ocrx_word' id='word_1_761' title='bbox 611 5331 673 5380; x_wconf 92' lang='lat' dir='ltr'><strong>ut</strong></span> <span class='ocrx_word' id='word_1_762' title='bbox 704 5327 760 5380; x_wconf 90' lang='lat' dir='ltr'><strong>in</strong></span> <span class='ocrx_word' id='word_1_763' title='bbox 795 5328 1024 5382; x_wconf 91' lang='lat' dir='ltr'><strong>urbium</strong></span> <span class='ocrx_word' id='word_1_764' title='bbox 1053 5327 1258 5384; x_wconf 74' lang='lat' dir='ltr'><strong>Africae</strong></span> <span class='ocrx_word' id='word_1_765' title='bbox 1301 5328 1524 5384; x_wconf 87' lang='lat' dir='ltr'><strong>balneis</strong></span> <span class='ocrx_word' id='word_1_766' title='bbox 1576 5329 1748 5385; x_wconf 91' lang='lat' dir='ltr'><strong>hodie</strong></span> <span class='ocrx_word' id='word_1_767' title='bbox 1803 5327 2120 5389; x_wconf 88' lang='lat' dir='ltr'><strong>Christiani</strong></span> 
     </span>
    </p>
   </div>
   <div class='ocr_carea' id='block_1_107' title="bbox 480 5399 2119 5471">
    <p class='ocr_par' dir='ltr' id='par_1_107' title="bbox 480 5399 2119 5471">
     <span class='ocr_line' id='line_1_107' title="bbox 480 5399 2119 5471; baseline 0.007 -23"><span class='ocrx_word' id='word_1_768' title='bbox 480 5403 785 5471; x_wconf 62' lang='lat' dir='ltr'><strong>servantur</strong></span> <span class='ocrx_word' id='word_1_769' title='bbox 811 5404 870 5471; x_wconf 86' lang='lat' dir='ltr'><strong>et</strong></span> <span class='ocrx_word' id='word_1_770' title='bbox 887 5400 947 5453; x_wconf 92' lang='lat' dir='ltr'><strong>in</strong></span> <span class='ocrx_word' id='word_1_771' title='bbox 964 5399 1206 5471; x_wconf 84' lang='lat' dir='ltr'><strong>balneis</strong></span> <span class='ocrx_word' id='word_1_772' title='bbox 1224 5399 1438 5454; x_wconf 64' lang='lat' dir='ltr'><strong>Genua</strong></span> <span class='ocrx_word' id='word_1_773' title='bbox 1459 5407 1634 5471; x_wconf 89' lang='lat' dir='ltr'><strong>atque</strong></span> <span class='ocrx_word' id='word_1_774' title='bbox 1653 5401 1879 5456; x_wconf 85' lang='lat' dir='ltr'><strong>Livorni</strong></span> <span class='ocrx_word' id='word_1_775' title='bbox 1915 5404 2000 5457; x_wconf 90' lang='lat' dir='ltr'><strong>Tu</strong></span> <span class='ocrx_word' id='word_1_776' title='bbox 2013 5420 2119 5460; x_wconf 64' lang='lat' dir='ltr'><strong>rem</strong></span> 
     </span>
    </p>
   </div>
   <div class='ocr_carea' id='block_1_108' title="bbox 478 5467 2122 5540">
    <p class='ocr_par' dir='ltr' id='par_1_108' title="bbox 478 5467 2122 5540">
     <span class='ocr_line' id='line_1_108' title="bbox 478 5467 2122 5540; baseline 0.009 -23"><span class='ocrx_word' id='word_1_777' title='bbox 478 5468 651 5540; x_wconf 68' lang='lat' dir='ltr'><strong>capti.</strong></span> <span class='ocrx_word' id='word_1_778' title='bbox 709 5467 884 5540; x_wconf 83' lang='lat' dir='ltr'><strong>Multo</strong></span> <span class='ocrx_word' id='word_1_779' title='bbox 940 5470 1279 5540; x_wconf 88' lang='lat' dir='ltr'><strong>humanius</strong></span> <span class='ocrx_word' id='word_1_780' title='bbox 1333 5471 1418 5524; x_wconf 88' lang='lat' dir='ltr'><strong>illi</strong></span> <span class='ocrx_word' id='word_1_781' title='bbox 1495 5467 1704 5540; x_wconf 78' lang='lat' dir='ltr'><strong>captivi</strong></span> <span class='ocrx_word' id='word_1_782' title='bbox 1757 5475 2026 5529; x_wconf 80' lang='lat' dir='ltr'><strong>Saraceni</strong></span> <span class='ocrx_word' id='word_1_783' title='bbox 2087 5493 2122 5532; x_wconf 86' lang='lat' dir='ltr'><strong>a</strong></span> 
     </span>
    </p>
   </div>
   <div class='ocr_carea' id='block_1_109' title="bbox 477 5533 2122 5612">
    <p class='ocr_par' dir='ltr' id='par_1_109' title="bbox 477 5533 2122 5612">
     <span class='ocr_line' id='line_1_109' title="bbox 477 5533 2122 5612; baseline 0.01 -25"><span class='ocrx_word' id='word_1_784' title='bbox 477 5533 691 5612; x_wconf 49' lang='lat' dir='ltr'><strong>‘Grgcis</strong></span> <span class='ocrx_word' id='word_1_785' title='bbox 720 5539 900 5612; x_wconf 87' lang='lat' dir='ltr'><strong>impp.</strong></span> <span class='ocrx_word' id='word_1_786' title='bbox 937 5539 1522 5612; x_wconf 30' lang='lat' dir='ltr'><strong>habebanturrquam</strong></span> <span class='ocrx_word' id='word_1_787' title='bbox 1555 5533 1767 5612; x_wconf 79' lang='lat' dir='ltr'><strong>captivi</strong></span> <span class='ocrx_word' id='word_1_788' title='bbox 1797 5545 2122 5602; x_wconf 86' lang='lat' dir='ltr'><strong>Christiani</strong></span> 
     </span>
    </p>
   </div>
   <div class='ocr_carea' id='block_1_110' title="bbox 478 5600 2120 5688">
    <p class='ocr_par' dir='ltr' id='par_1_110' title="bbox 478 5600 2120 5688">
     <span class='ocr_line' id='line_1_110' title="bbox 478 5600 2120 5688; baseline 0.01 -32"><span class='ocrx_word' id='word_1_789' title='bbox 478 5600 655 5688; x_wconf 58' lang='lat' dir='ltr'><strong>hodie</strong></span> <span class='ocrx_word' id='word_1_790' title='bbox 669 5600 966 5688; x_wconf 69' lang='lat' dir='ltr'><strong>habentur</strong></span> <span class='ocrx_word' id='word_1_791' title='bbox 993 5629 1024 5663; x_wconf 91' lang='lat' dir='ltr'><strong>a</strong></span> <span class='ocrx_word' id='word_1_792' title='bbox 1045 5611 1273 5688; x_wconf 65' lang='lat' dir='ltr'><strong>Turcis.</strong></span> <span class='ocrx_word' id='word_1_793' title='bbox 1297 5600 1422 5688; x_wconf 63' lang='lat' dir='ltr'><strong>Non</strong></span> <span class='ocrx_word' id='word_1_794' title='bbox 1455 5600 1682 5688; x_wconf 71' lang='lat' dir='ltr'><strong>tantum</strong></span> <span class='ocrx_word' id='word_1_795' title='bbox 1713 5615 1872 5688; x_wconf 85' lang='lat' dir='ltr'><strong>enim</strong></span> <span class='ocrx_word' id='word_1_796' title='bbox 1913 5600 2120 5688; x_wconf 58' lang='lat' dir='ltr'><strong>singu;</strong></span> 
     </span>
    </p>
   </div>
   <div class='ocr_carea' id='block_1_111' title="bbox 487 5669 2123 5746">
    <p class='ocr_par' dir='ltr' id='par_1_111' title="bbox 487 5669 2123 5746">
     <span class='ocr_line' id='line_1_111' title="bbox 487 5669 2123 5746; baseline 0.014 -23"><span class='ocrx_word' id='word_1_797' title='bbox 487 5669 559 5723; x_wconf 86' lang='lat' dir='ltr'><strong>lis</strong></span> <span class='ocrx_word' id='word_1_798' title='bbox 624 5676 830 5733; x_wconf 90' lang='lat' dir='ltr'><strong>diebus</strong></span> <span class='ocrx_word' id='word_1_799' title='bbox 897 5681 1210 5738; x_wconf 74' lang='lat' dir='ltr'><strong>Dominicis</strong></span> <span class='ocrx_word' id='word_1_800' title='bbox 1296 5669 2123 5746; x_wconf 12' lang='lat' dir='ltr'><strong>liberabanturiviuoulisu—et</strong></span> 
     </span>
    </p>
   </div>
   <div class='ocr_carea' id='block_1_112' title="bbox 2231 5196 3887 5278">
    <p class='ocr_par' dir='ltr' id='par_1_112' title="bbox 2231 5196 3887 5278">
     <span class='ocr_line' id='line_1_112' title="bbox 2231 5196 3887 5278; baseline 0.006 -26"><span class='ocrx_word' id='word_1_801' title='bbox 2231 5197 2446 5278; x_wconf 67' lang='lat' dir='ltr'><strong>operis,</strong></span> <span class='ocrx_word' id='word_1_802' title='bbox 2476 5196 2588 5252; x_wconf 80' lang='lat' dir='ltr'><strong>vid.</strong></span> <span class='ocrx_word' id='word_1_803' title='bbox 2621 5197 2710 5253; x_wconf 92' lang='lat' dir='ltr'><strong>Du</strong></span> <span class='ocrx_word' id='word_1_804' title='bbox 2737 5200 3020 5278; x_wconf 41' lang='lat' dir='ltr'><strong>.Cangeuv.</strong></span> <span class='ocrx_word' id='word_1_805' title='bbox 3043 5201 3393 5278; x_wconf 64' lang='lat' dir='ltr'><strong>Humanitas,</strong></span> <span class='ocrx_word' id='word_1_806' title='bbox 3428 5206 3544 5278; x_wconf 20' lang='lat' dir='ltr'><strong>sed,</strong></span> <span class='ocrx_word' id='word_1_807' title='bbox 3566 5208 3742 5263; x_wconf 89' lang='lat' dir='ltr'><strong>etiam</strong></span> <span class='ocrx_word' id='word_1_808' title='bbox 3773 5212 3887 5264; x_wconf 83' lang='lat' dir='ltr'><strong>tota</strong></span> 
     </span>
    </p>
   </div>
   <div class='ocr_carea' id='block_1_113' title="bbox 2231 5269 3884 5350">
    <p class='ocr_par' dir='ltr' id='par_1_113' title="bbox 2231 5269 3884 5350">
     <span class='ocr_line' id='line_1_113' title="bbox 2231 5269 3884 5350; baseline 0.006 -30"><span class='ocrx_word' id='word_1_809' title='bbox 2231 5269 2851 5350; x_wconf 49' lang='lat' dir='ltr'><strong>septimanajascbali</strong></span> <span class='ocrx_word' id='word_1_810' title='bbox 2876 5269 3072 5350; x_wconf 59' lang='lat' dir='ltr'><strong>&#39;liberi</strong></span> <span class='ocrx_word' id='word_1_811' title='bbox 3103 5280 3316 5350; x_wconf 58' lang='lat' dir='ltr'><strong>erant;</strong></span> <span class='ocrx_word' id='word_1_812' title='bbox 3351 5269 3478 5350; x_wconf 56' lang='lat' dir='ltr'><strong>vid.</strong></span> <span class='ocrx_word' id='word_1_813' title='bbox 3526 5277 3790 5334; x_wconf 90' lang='lat' dir='ltr'><strong>Durand.</strong></span> <span class='ocrx_word' id='word_1_814' title='bbox 3833 5296 3884 5350; x_wconf 90' lang='lat' dir='ltr'><strong>p.</strong></span> 
     </span>
    </p>
   </div>
   <div class='ocr_carea' id='block_1_114' title="bbox 2227 5339 3883 5428">
    <p class='ocr_par' dir='ltr' id='par_1_114' title="bbox 2227 5339 3883 5428">
     <span class='ocr_line' id='line_1_114' title="bbox 2227 5339 3883 5428; baseline 0.008 -38"><span class='ocrx_word' id='word_1_815' title='bbox 2227 5339 2617 5428; x_wconf 53' lang='lat' dir='ltr'><strong>Elii.__o._tt7,</strong></span> <span class='ocrx_word' id='word_1_816' title='bbox 2667 5343 3135 5428; x_wconf 39' lang='lat' dir='ltr'><strong>.et.spectabant</strong></span> <span class='ocrx_word' id='word_1_817' title='bbox 3187 5339 3378 5428; x_wconf 56' lang='lat' dir='ltr'><strong>ludos</strong></span> <span class='ocrx_word' id='word_1_818' title='bbox 3429 5347 3725 5428; x_wconf 63' lang='lat' dir='ltr'><strong>circenses</strong></span> <span class='ocrx_word' id='word_1_819' title='bbox 3777 5339 3883 5428; x_wconf 76' lang='lat' dir='ltr'><strong>non</strong></span> 
     </span>
    </p>
   </div>
   <div class='ocr_carea' id='block_1_115' title="bbox 2228 5416 3883 5564">
    <p class='ocr_par' dir='ltr' id='par_1_115' title="bbox 2228 5416 3883 5564">
     <span class='ocr_line' id='line_1_115' title="bbox 2230 5416 3883 5500; baseline 0.008 -39"><span class='ocrx_word' id='word_1_820' title='bbox 2230 5416 2428 5463; x_wconf 88' lang='lat' dir='ltr'><strong>minus</strong></span> <span class='ocrx_word' id='word_1_821' title='bbox 2451 5426 2628 5490; x_wconf 81' lang='lat' dir='ltr'><strong>quam</strong></span> <span class='ocrx_word' id='word_1_822' title='bbox 2663 5416 2776 5482; x_wconf 87' lang='lat' dir='ltr'><strong>ipsi</strong></span> <span class='ocrx_word' id='word_1_823' title='bbox 2807 5416 2960 5469; x_wconf 90' lang='lat' dir='ltr'><strong>cives</strong></span> <span class='ocrx_word' id='word_1_824' title='bbox 2985 5429 3010 5496; x_wconf 40' lang='grc' dir='ltr'>ε.</span> <span class='ocrx_word' id='word_1_825' title='bbox 3033 5416 3150 5470; x_wconf 78' lang='lat' dir='ltr'><strong>vid.</strong></span> <span class='ocrx_word' id='word_1_826' title='bbox 3183 5416 3337 5500; x_wconf 74' lang='lat' dir='ltr'><strong>infra</strong></span> <span class='ocrx_word' id='word_1_827' title='bbox 3359 5433 3414 5489; x_wconf 92' lang='lat' dir='ltr'><strong>p.</strong></span> <span class='ocrx_word' id='word_1_828' title='bbox 3452 5419 3578 5486; x_wconf 84' lang='lat'><strong>359,</strong></span> <span class='ocrx_word' id='word_1_829' title='bbox 3604 5427 3662 5475; x_wconf 86' lang='lat' dir='ltr'><strong>et</strong></span> <span class='ocrx_word' id='word_1_830' title='bbox 3705 5421 3883 5474; x_wconf 86' lang='lat' dir='ltr'><strong>inter-</strong></span> 
     </span>
     <span class='ocr_line' id='line_1_116' title="bbox 2228 5479 3882 5564; baseline 0.007 -32"><span class='ocrx_word' id='word_1_831' title='bbox 2228 5479 2370 5533; x_wconf 88' lang='lat' dir='ltr'><strong>dum</strong></span> <span class='ocrx_word' id='word_1_832' title='bbox 2404 5481 2835 5564; x_wconf 74' lang='lat' dir='ltr'><strong>adhibebantur</strong></span> <span class='ocrx_word' id='word_1_833' title='bbox 2865 5500 3054 5564; x_wconf 62' lang='grc' dir='ltr'>εισι-ιε</span> <span class='ocrx_word' id='word_1_834' title='bbox 3105 5488 3292 5564; x_wconf 75' lang='lat' dir='ltr'><strong>epulis</strong></span> <span class='ocrx_word' id='word_1_835' title='bbox 3318 5495 3379 5544; x_wconf 87' lang='lat' dir='ltr'><strong>et</strong></span> <span class='ocrx_word' id='word_1_836' title='bbox 3421 5491 3799 5564; x_wconf 81' lang='lat' dir='ltr'><strong>refectionem</strong></span> <span class='ocrx_word' id='word_1_837' title='bbox 3829 5491 3882 5564; x_wconf 79' lang='lat' dir='ltr'><strong>in</strong></span> 
     </span>
    </p>
   </div>
   <div class='ocr_carea' id='block_1_116' title="bbox 2229 5554 3882 5628">
    <p class='ocr_par' dir='ltr' id='par_1_116' title="bbox 2229 5554 3882 5628">
     <span class='ocr_line' id='line_1_117' title="bbox 2229 5554 3882 5628; baseline 0.007 -24"><span class='ocrx_word' id='word_1_838' title='bbox 2229 5554 2490 5628; x_wconf 80' lang='lat' dir='ltr'><strong>nummis</strong></span> <span class='ocrx_word' id='word_1_839' title='bbox 2517 5558 2570 5628; x_wconf 76' lang='lat' dir='ltr'><strong>et</strong></span> <span class='ocrx_word' id='word_1_840' title='bbox 2612 5554 2878 5628; x_wconf 76' lang='lat' dir='ltr'><strong>vestibus</strong></span> <span class='ocrx_word' id='word_1_841' title='bbox 2936 5554 3316 5628; x_wconf 84' lang='lat' dir='ltr'><strong>accipiebant,</strong></span> <span class='ocrx_word' id='word_1_842' title='bbox 3349 5564 3415 5614; x_wconf 91' lang='lat' dir='ltr'><strong>ut</strong></span> <span class='ocrx_word' id='word_1_843' title='bbox 3459 5577 3490 5617; x_wconf 90' lang='lat' dir='ltr'><strong>e</strong></span> <span class='ocrx_word' id='word_1_844' title='bbox 3519 5563 3697 5618; x_wconf 89' lang='lat' dir='ltr'><strong>variis</strong></span> <span class='ocrx_word' id='word_1_845' title='bbox 3744 5561 3882 5618; x_wconf 76' lang='lat' dir='ltr'><strong>locis</strong></span> 
     </span>
    </p>
   </div>
   <div class='ocr_carea' id='block_1_117' title="bbox 2228 5621 3782 5703">
    <p class='ocr_par' dir='ltr' id='par_1_117' title="bbox 2228 5621 3782 5703">
     <span class='ocr_line' id='line_1_118' title="bbox 2228 5621 3782 5703; baseline 0.01 -26"><span class='ocrx_word' id='word_1_846' title='bbox 2228 5621 2413 5678; x_wconf 84' lang='lat' dir='ltr'><strong>nostri</strong></span> <span class='ocrx_word' id='word_1_847' title='bbox 2442 5623 2660 5680; x_wconf 87' lang='lat' dir='ltr'><strong>codicis</strong></span> <span class='ocrx_word' id='word_1_848' title='bbox 2707 5631 2977 5697; x_wconf 86' lang='lat' dir='ltr'><strong>constat;</strong></span> <span class='ocrx_word' id='word_1_849' title='bbox 3012 5621 3130 5685; x_wconf 78' lang='lat' dir='ltr'><strong>vid.</strong></span> <span class='ocrx_word' id='word_1_850' title='bbox 3161 5631 3231 5687; x_wconf 85' lang='lat' dir='ltr'><strong>ad</strong></span> <span class='ocrx_word' id='word_1_851' title='bbox 3261 5621 3318 5703; x_wconf 68' lang='lat' dir='ltr'><strong>p.</strong></span> <span class='ocrx_word' id='word_1_852' title='bbox 3361 5631 3470 5688; x_wconf 88' lang='lat'><strong>353</strong></span> <span class='ocrx_word' id='word_1_853' title='bbox 3507 5632 3782 5693; x_wconf 85' lang='lat' dir='ltr'><strong>dicenda.</strong></span> 
     </span>
    </p>
   </div>
  </div>
