4120 6306
431 360 582 419 illi

1491 336 2022 408 CONSTANTINI
2067 327 2765 395 PORPHYROGENITI

3690 338 3851 398 1112

433 491 689 563 obliquo,
721 491 903 547 donec
952 504 1055 561 per
1085 486 1428 558 magistrum
1461 493 1680 536 mensae
1729 471 2072 563 introducta:

2187 468 2394 520 θουσῶν
2455 466 2561 518 τῶν
2616 464 2996 537 ἀρχοντισσῶν
3078 461 3168 516 καὶ
3240 463 3756 536 προσκυνησᾶντων,
3805 473 3839 540 ἡ

433 559 674 652 reliquae
692 559 1030 652 principalis
1046 572 1347 645 sanguinis
1372 568 1597 625 femina:
1616 566 1959 652 adorassent
1983 559 2084 652 im-

2194 553 2528 628 ἆρχόντισσα
2570 553 2672 620 τὴν
2710 549 2954 630 κεφαλὴν
3005 551 3197 628 μικρὸν
3255 553 3622 624 ὑποκλίνασα,
3684 556 3736 612 ἐν
3795 559 3841 631 ᾧ

433 640 778 741 peratricem
803 687 818 737 ;
852 640 981 738 ipsa
1011 640 1284 733 deinceps
1313 659 1699 722 archontissa,
1728 651 1942 723 capitis
1973 649 2072 704 ali-

2191 645 2347 715 τόπῳ
2379 641 2592 709 ἵστατο,
2633 640 2891 711 ἔκαθέσθη
2950 640 3029 704 εἰς
3077 642 3141 696 τὸ
3190 642 3505 699 ἀποκοπτὸν
3558 649 3698 716 μετᾶ
3727 650 3840 722 ξτῶν

435 731 595 830 quali
629 731 1002 813 inclinatione
1032 768 1205 808 suam
1226 749 1340 821 ipsi
1364 746 1817 804 submissionem
1843 745 2072 830 testata:

2193 736 2413 802 ςωστῶν
2439 732 2574 786 κατᾶ
2601 732 2692 786 τὸν
2745 731 2931 786 τύπον.
2979 731 3199 803 Ἰστέον,
3244 731 3329 786 ὅτι
3367 733 3424 786 o‘l
3475 733 3836 793 ἆποστολῖται

437 829 776 904 considebat
806 846 866 899 in
914 859 982 897 eo
1024 841 1171 907 loco,
1204 839 1304 895 ubi
1345 837 1556 902 stabat,
1591 835 1661 889 ad
1713 846 1974 887 mensam
2008 829 2078 884 ad

435 935 746 1006 aliqualem
769 932 839 987 ab
862 929 1149 1001 imperiali
1167 927 1503 983 distantiam
1525 924 1776 996 positam
1799 937 1916 975 una
1945 933 2078 974 cum

431 1023 628 1089 zostis,
660 1025 830 1092 prout
861 1034 987 1074 mos
1033 1023 1144 1073 est.
1177 1016 1266 1072 Illi
1299 1012 1558 1070 convivio
1609 1013 1854 1066 aderant
1884 1006 2078 1080 psaltes

433 1110 752 1182 apostolitze
801 1113 858 1163 et
910 1105 1349 1179 bagiosopbitae,
1397 1105 1675 1158 canentes
1721 1097 1987 1154 carmina
2016 1096 2074 1150 in

431 1199 631 1253 laudes
678 1197 848 1269 regia
883 1195 1138 1252 familiis.
1192 1192 1498 1248 Ludebant
1529 1203 1762 1260 quoque
1808 1185 2077 1240 ludiones

435 1287 733 1359 thymelici
764 1286 996 1359 generis
1027 1285 1238 1340 omnis.
1273 1281 1473 1338 Fiebat
1500 1278 1701 1334 eodem
1731 1281 1987 1346 tempore
2018 1275 2076 1329 in

437 1376 906 1448 cbrysotriclinio
937 1373 1094 1430 aliud
1128 1370 1479 1433 convivium,
1499 1384 1614 1438 quo
1645 1365 2080 1436 excipiebantur

438 1481 643 1521 omnes
667 1463 1024 1536 apocrisiarii
1049 1460 1379 1533 principum
1403 1456 1630 1512 Russiaa
1653 1458 1710 1509 et
1731 1453 1998 1507 homines
2019 1455 2078 1506 et

439 1553 638 1625 agnati
669 1553 1046 1608 archontissa
1069 1555 1126 1604 et
1145 1549 1536 1618 negotiatores
1558 1541 1843 1614 ejus.Post
1871 1537 2076 1610 epulas

440 1641 804 1712 accipiebant
833 1639 916 1694 illi
941 1653 1186 1693 munera
1207 1653 1221 1703 ;
1242 1635 1475 1705 triginta
1492 1631 1727 1704 quidem
1760 1628 2078 1684 miliaresia

442 1727 766 1783 avunculus
798 1725 1174 1781 archontissa:
1198 1741 1211 1791 ;
1232 1727 1359 1779 octo
1391 1730 1582 1776 autem
1606 1720 1732 1789 ejus
1763 1716 1936 1773 amici
1965 1717 2077 1787 pri-

2189 820 2394 893 ψάλται
2457 821 2548 873 καὶ
2597 820 2649 873 οἱ
2709 820 3049 896 ἀγιοσοφῖται
3105 822 3350 895 παρ-αἶσαν
3413 824 3474 875 ἓν
3540 829 3624 896 τῷ
3693 828 3834 899 αὐτῷ

2187 909 2485 984 κλητωρίῳ
2524 907 2743 980 ᾅδοντες
2768 910 2836 963 τὰ
2887 908 3184 984 βασιλίκια.
3233 911 3497 984 Ἐπαιξαν
3548 910 3609 967 δὲ
3650 916 3740 970 καῖ
3766 918 3832 972 τα

2188 998 2456 1072 θυμελικὰ
2503 999 2675 1054 πάντα
2723 999 2968 1072 παίγνια.
3011 999 3098 1054 Ἐν
3148 996 3205 1053 δὲ
3250 1003 3332 1072 τῷ
3389 1003 3824 1078 χρυσοτρικλίνῳ

2185 1089 2406 1162 γέγονεν
2469 1085 2652 1162 ἕτερον
2719 1087 3052 1161 κλητώριον,
3110 1087 3200 1142 καὶ
3263 1083 3462 1164 ἔφαγον
3527 1093 3706 1155 πάντες
3764 1098 3813 1149 οἱ

2185 1177 2589 1250 ἀποκρισιάριοι
2642 1180 2752 1230 τῶν
2793 1177 3075 1251 ἀρχόντων
3121 1176 3350 1238 Ῥωσίας
3393 1179 3488 1232 καὶ
3537 1181 3592 1234 οἱ
3634 1179 3825 1255 ἂνθρω-

2185 1286 2278 1320 ποι
2324 1266 2413 1319 καὶ
2457 1270 2732 1339 συγγενεῖς
2769 1267 2868 1332 τῆς
2913 1263 3276 1340 ἂρχοντίσσης
3319 1267 3411 1320 καὶ
3463 1269 3521 1321 οἱ
3582 1289 3837 1344 πραγμα-

2181 1355 2388 1424 τευταὶ,
2436 1354 2526 1408 καὶ
2569 1347 2768 1408 ἔλαϐον
2812 1353 2840 1406 ὁ
2885 1358 2980 1427 μὲν
3020 1353 3240 1426 ἀνεψιὰς
3282 1355 3449 1425 αὐτῆς
3495 1355 3623 1428 μιλ.
3668 1356 3742 1426 λ’,
3791 1359 3842 1412 οἱ

2184 1445 2234 1513 η’
2265 1440 2396 1496 ἱδιοι
2430 1445 2540 1516 (38)
2583 1441 2751 1511 αὐτῆς
2795 1441 2890 1496 ἀνὰ
2941 1440 3063 1513 μιλ.
3109 1443 3178 1509 κ’,
3229 1444 3279 1497 o't
3327 1445 3372 1496 κ’
3426 1445 3840 1522 ἀποκρισιάριοι

2183 1533 2283 1586 ἀνὰ
2336 1530 2457 1603 μιλ,
2515 1531 2602 1606 ιβ’,
2654 1531 2704 1584 o't
2757 1537 2842 1606 μγ’
2888 1531 3294 1606 πραγματευταὶ
3354 1531 3452 1586 ἆνὰ
3509 1533 3633 1606 μιλ.
3696 1536 3840 1607 ιβ’,ὁ

2183 1626 2363 1682 παπᾶς
2413 1626 2712 1694 Γρηγόριος
2782 1617 2902 1692 μιλ.
2981 1621 3031 1690 η’
3078 1622 3210 1694 (39),
3265 1621 3318 1676 οἱ
3364 1619 3459 1677 δύο
3507 1624 3841 1696 ὲρμηνευταὶ

2182 1710 2282 1765 ἆνὰ
2342 1708 2463 1783 μιλ.
2522 1710 2612 1784 ιβ’,
2663 1710 2715 1762 οἱ
2765 1710 3044 1784 ἂνθρωποι
3102 1714 3200 1764 τοῦ
3245 1708 3701 1788 Σφενδοσθλάϐου
3743 1712 3844 1768 ἆνὰ

437 1818 555 1870 vati
585 1821 641 1870 et
666 1815 1020 1870 confidentes
1039 1811 1399 1882 accipiebant
1414 1807 1632 1880 singuli
1656 1809 1852 1862 vicena
1884 1805 2072 1860 milia-

2186 1798 2308 1872 μιλ.
2341 1806 2396 1868 ε’,
2429 1800 2479 1852 οἱ
2509 1799 2550 1861 ς’
2609 1795 2886 1871 ἄνθρωποι
2915 1803 3022 1852 τῶν
3065 1799 3495 1875 ἀποκρισιαρίων
3545 1803 3648 1855 ἀνά
3718 1803 3839 1874 μιλ.

441 1905 623 1970 resia;
657 1902 858 1973 viginti
876 1895 2080 1972 ejusapocrisiariiduodena;quadraginta

439 1997 559 2047 tres
590 1992 976 2059 negotiatores
998 1991 1267 2045 duodena
1298 1987 1511 2060 pariter
1534 2006 1548 2053 ;
1574 2001 1752 2057 papas
1773 1983 2082 2054 Gregorius

442 2079 766 2150 accipiebat
790 2084 918 2134 octo
944 2096 958 2144 ;
992 2078 1162 2133 ambo
1185 2077 1527 2146 interpretes
1547 2073 1816 2128 duodena
1840 2090 1854 2139 ;
1887 2071 2079 2126 bomi-

439 2183 545 2222 nes
575 2165 1062 2238 Spbendostblabi
1095 2165 1169 2236 [is
1199 2163 1351 2234 Elge
1383 2163 1538 2218 illius
1572 2161 1778 2216 Russis
1808 2165 1934 2214 tum
1967 2159 2080 2213 im-

439 2256 727 2326 perabat],
787 2254 969 2324 quina
1016 2270 1029 2319 ;
1089 2269 1190 2308 sex
1247 2251 1514 2306 homines
1559 2248 2075 2320 apocrisiariorum

439 2348 608 2397 terna
633 2361 648 2411 ;
679 2344 967 2413 interpres
988 2341 1364 2396 archontissa:
1384 2339 1614 2392 tandem
1636 2336 1963 2406 quindecim
1990 2353 2081 2391 ac-

441 2430 692 2498 cipiebat
723 2427 1142 2485 miliaresia.Ut
1172 2431 1501 2483 surrexerat
1532 2427 1843 2494 imperator
1873 2441 1906 2478 a
1937 2441 2080 2479 con-

441 2519 614 2584 vivio,
649 2520 820 2573 ﬁebat
851 2515 1200 2582 dulcium,id
1223 2520 1309 2570 est
1337 2513 1774 2583 apponebautur
1803 2513 2076 2583 placenta

441 2615 494 2662 et
523 2605 765 2660 bellaria
787 2607 845 2661 in
878 2604 1177 2677 pransorio
1200 2619 1374 2674 super
1394 2603 1470 2657 ibi
1496 2603 1680 2673 posita
1703 2618 1876 2672 parva
1903 2618 2078 2658 aurea

442 2709 672 2758 mensa,
711 2711 837 2764 quae
868 2696 925 2748 in
960 2692 1340 2764 pentapyrgio
1371 2695 1525 2746 stare
1555 2690 1784 2758 solet,in
1817 2691 2078 2747 scutellis

438 2783 748 2852 gemmatis
808 2787 864 2837 et
907 2781 1206 2838 smaltitis.
1249 2780 1331 2836 Ibi
1383 2779 1719 2835 considebat
1763 2778 2080 2846 imperator

442 2870 910 2941 [Constantinus]
943 2875 999 2924 et
1020 2872 1318 2925 Romanus
1341 2867 1868 2939 Porphyrogenitus
1899 2869 2080 2938 impe-

2190 1891 2259 1962 γ’.
2313 1889 2339 1942 6
2391 1887 2654 1961 ἑρμηνεὺς
2704 1893 2804 1955 τῆς
2854 1886 3220 1961 ἀρχοντίσσης
3269 1887 3392 1961 μιλ.
3443 1891 3518 1946 ιε’.
3571 1892 3725 1948 Μετὰ
3784 1889 3840 1946 δὲ

2185 1977 2248 2031 τὸ
2279 1976 2566 2040 ἀναστῆναι
2607 1977 2698 2030 τὸν
2738 1974 2965 2050 βασιλέα
2995 1976 3101 2031 ἀπὸ
3144 1980 3241 2031 τοῦ
3279 1977 3598 2054 κλητωρίου
3629 1979 3838 2055 ἐγένετο

2190 2062 2445 2118 δούλκιον
2474 2062 2526 2118 ἐν
2554 2068 2632 2136 τῷ
2663 2063 3060 2139 ἀριστητηρίῳ,
3109 2063 3198 2118 καὶ
3249 2061 3375 2136 ἔστη
3435 2069 3470 2136 ἡ
3517 2070 3705 2142 χρυσῆ
3753 2090 3839 2141 μι-

2187 2155 2292 2226 κρὰ
2337 2152 2573 2227 τράπεζα
2622 2155 2657 2222 ἡ
2705 2153 2758 2207 ἐν
2815 2157 2894 2224 τῷ
2956 2155 3341 2230 πενταπυργίῳ
3401 2157 3693 2229 ἱσταμένη,
3748 2159 3835 2212 καὶ

2187 2242 2344 2313 ἐτέθη
2369 2241 2421 2297 ἐν
2463 2243 2601 2315 αὐτῇ
2645 2239 2904 2296 δούλκιον
2938 2239 3027 2296 διὰ
3067 2245 3374 2317 χειμευτῶν
3432 2246 3522 2299 καὶ
3575 2243 3836 2301 διαλίθων

2189 2329 2580 2398 σκουτελλίων,
2628 2329 2718 2385 καὶ
2770 2329 3026 2400 ἐκαθέσθη
3100 2332 3128 2385 6
3180 2331 3435 2406 βασιλεὺς
3489 2334 3578 2388 γαὶ
3622 2336 3836 2408 Ῥωμα-

2185 2421 2277 2480 νὸς
2333 2421 2361 2473 6
2424 2419 2941 2495 ΙΙορφυρογέννητος
2991 2419 3247 2494 βασιλεὺς
3291 2422 3381 2476 καὶ
3442 2424 3508 2478 τά
3556 2445 3836 2500 πορφυρο-

2189 2508 2410 2584 γέννῃτα
2465 2509 2672 2563 τούτων
2721 2510 2879 2563 τέκνα
2926 2508 3018 2563 καὶ
3066 2512 3100 2578 ἠ
3149 2509 3335 2583 νύμφη
3387 2512 3480 2566 καὶ
3529 2515 3563 2582 ἡ
3629 2511 3836 2589 ἀρχόν-

2186 2617 2361 2667 τισσα,
2399 2598 2488 2652 καὶ
2538 2594 2700 2666 ἐδόθη
2727 2601 2796 2670 τῇ
2851 2597 3182 2672 αρχοντίσσῃ
3252 2599 3303 2654 ἐν
3362 2605 3542 2675 χρυσῇ
3599 2599 3835 2674 διαλίθῳ

2190 2683 2529 2757 σκουτελλίῳ
2578 2683 2698 2757 μιλ.
2735 2687 2807 2761 φ’,
2857 2686 2946 2740 καὶ
2999 2693 3117 2750 ταῖς
3161 2684 3212 2758 ἔξ
3264 2685 3425 2751 ῗδίαις
3492 2690 3660 2760 αὐτῆς
3737 2694 3836 2747 ἀνα

2192 2772 2310 2846 μιλ.
2351 2775 2418 2843 κ’,
2449 2774 2539 2829 καὶ
2576 2778 2696 2836 ταῖς
2731 2777 2800 2844 ιη’
2857 2776 3200 2848 θεραπαίναις
3242 2776 3410 2846 αὐτῆς
3453 2779 3550 2833 ἀνὰ
3603 2780 3726 2853 μιλ.
3760 2784 3831 2850 η’.

2189 2864 2335 2933 Μηνὶ
2368 2859 2684 2937 Ὀκτωϐρίῳ
2745 2869 2834 2933 ιη’,
2883 2865 3065 2937 ἡμέρᾳ
3114 2870 3377 2942 κυριακῇ,
3427 2866 3636 2942 ἐγένετο
3689 2870 3833 2942 κλη-

439 2963 620 3022 rator,
651 2963 707 3012 et
737 2958 1046 3012 amborum
1079 2956 1246 3012 liberi
1294 2955 1766 3028 porphyrogeniti
1804 2959 1861 3010 et
1889 2970 2072 3012 nurus

2186 2952 2385 3027 τώριον
2431 2951 2482 3006 ἓν
2533 2956 2610 3024 τῷ
2657 2951 3118 3026 χρυσοτρικλίνῳ,
3167 2953 3258 3008 καὶ
3315 2954 3572 3026 ἐκαθέσθη
3616 2960 3643 3013 6
3681 2960 3831 3033 βασι-

437 3044 806 3114 imperatoris
850 3051 907 3100 et
936 3044 1321 3101 archontissa.
1364 3043 1507 3097 Huic
1539 3059 1644 3113 pro
1693 3058 1935 3097 munere
1979 3043 2078 3099 da-

439 3134 655 3187 bantur
688 3136 745 3188 in
779 3150 951 3188 aurea
973 3139 1270 3204 gemmata
1290 3131 1534 3187 scutella
1565 3130 1882 3185 miliaresia
1908 3132 2078 3200 quin-

440 3225 638 3289 genta.
672 3220 783 3274 Sex
811 3222 939 3290 ejus
971 3221 1194 3274 intimis
1232 3219 1528 3274 amicabus
1559 3217 1850 3272 dabantur
1876 3218 2079 3274 vicena

439 3305 778 3374 miliaresia,
829 3312 886 3362 et
930 3309 1246 3363 octodecim
1297 3308 1425 3377 ejus
1473 3305 1799 3360 famulabus
1846 3311 2071 3362 octona.

435 3394 646 3448 Mensis
695 3395 957 3450 Octobris
997 3395 1089 3449 die
1137 3395 1360 3450 decimo
1407 3399 1465 3449 et
1512 3399 1711 3448 octavo
1758 3395 2073 3464 eodemque

435 3482 740 3538 Dominico
768 3483 942 3539 fiebat
971 3483 1128 3538 aliud
1153 3482 1479 3538 convivium
1505 3483 1563 3536 in
1587 3481 2070 3556 cbrysotriclinio,

432 3571 492 3626 in
525 3586 639 3640 quo
674 3570 1005 3640 imperatori
1039 3571 1212 3626 Russi
1251 3570 1726 3635 convivabantur,
1760 3577 1819 3626 et
1863 3588 2072 3630 rursus

430 3657 588 3713 aliud
623 3659 680 3713 in
715 3660 1142 3730 pentacubiclio
1163 3659 1355 3716 Sancti
1380 3659 1624 3727 Pauli,in
1656 3677 1768 3730 quo
1799 3662 2068 3734 despcena

427 3745 518 3801 vel
549 3747 883 3818 imperatrix
917 3765 1048 3804 cum
1081 3749 1581 3821 porphyrogenitis
1630 3749 1751 3803 suis
1782 3750 1982 3807 liberis
2011 3757 2068 3808 et

429 3849 576 3888 nuru
610 3852 718 3891 sua
765 3840 821 3891 et
851 3837 1212 3893 archontissa
1261 3837 1695 3892 convivabatur.
1731 3838 2066 3910 Accipiebat

2191 3040 2315 3100 Λεὺς
2377 3040 2511 3110 μετᾶ
2569 3043 2676 3093 τῶν
2723 3040 2882 3102 Ῥὧς.
2963 3042 3059 3097 Καὶ
3137 3042 3300 3097 πᾶλιν
3365 3046 3576 3120 γέγονεν
3650 3043 3832 3122 ἕτερον

2187 3127 2497 3203 κλητώριον
2538 3128 2590 3183 ἐν
2627 3133 2701 3200 νῷ
2747 3125 3292 3203 πενταιουϐουκλείῳ
3320 3138 3417 3188 τοῦ
3468 3133 3653 3210 Ἀγίου
3696 3138 3833 3190 Παύ-

2188 3215 2309 3283 λου,
2358 3218 2446 3271 καὶ
2499 3215 2756 3288 ἐκαθέσθη
2819 3221 2853 3286 ἡ
2905 3216 3162 3274 δέσποινα
3223 3221 3356 3294 μετὰ
3397 3228 3506 3277 τῶν
3552 3245 3828 3302 πορφυρο-

2182 3305 2455 3379 γιννήτων
2499 3307 2672 3375 αὐτῆς
2719 3309 2917 3362 τέκνων
2968 3310 3188 3378 καὶτῆς
3228 3311 3443 3387 νύμφης
3473 3314 3694 3381 καὶτῆς
3735 3316 3832 3386 ἀρ-

2182 3395 2504 3467 χοντίσσης,
2543 3395 2633 3449 καὶ
2665 3392 2824 3465 ἐδόθη
2858 3400 2926 3470 τῇ
2965 3398 3058 3470 μὲν
3097 3397 3436 3477 ἀρχοντίσσῃ
3474 3399 3598 3474 μιλ,
3644 3404 3708 3472 α’,
3752 3408 3830 3473 τῷ

2184 3481 2241 3537 δὲ
2271 3483 2480 3557 ἀνεψιῷ
2500 3485 2672 3553 αὐτῆς
2707 3483 2829 3558 μιλ.
2863 3488 2930 3556 κ’,
2963 3492 3044 3559 τῷ
3071 3493 3225 3558 ποιπᾷ
3278 3493 3574 3564 Σρηγορίῳ
3609 3489 3730 3564 μιλ.
3753 3496 3827 3562 η’,

2180 3578 2299 3634 ταῖς
2337 3580 2399 3637 ις’
2450 3571 2612 3636 ἰδίαις
2659 3571 2823 3642 αὒτῆς
2880 3574 2979 3630 ἂνᾶ
3020 3575 3141 3648 μιλ.
3181 3579 3272 3652 ιβ’,
3312 3583 3434 3641 ταῖς
3488 3581 3558 3650 ιη’
3598 3577 3825 3644 δούλαις

2179 3661 2346 3726 αὐτῆς
2378 3663 2477 3716 ἀνά
2528 3660 2649 3734 μιλ.
2695 3669 2759 3732 ς’,
2809 3669 2926 3725 τοῖς
2969 3666 3055 3740 κβ“
3086 3665 3522 3742 ἀποκρσιιαρίοις
3562 3669 3660 3723 ἀνά
3700 3669 3821 3742 μιλ.

2183 3752 2273 3824 ιβ’,
2325 3756 2443 3811 τοῖς
2495 3748 2582 3824 μδ’
2623 3759 3058 3827 πραγματευταῖς
3112 3755 3214 3811 ἀντὶ
3261 3756 3382 3830 μιλ.
3444 3759 3508 3828 ς’,
3568 3765 3684 3822 τοῖς
3726 3757 3821 3814 δύο

2178 3841 2534 3913 ὲρμηνευταῖς
2558 3840 2659 3894 ἆνᾶ
2683 3839 2805 3913 μιλ⁸
2842 3843 2935 3917 ιβ’.

424 3924 785 3980 archontissa
812 3930 940 3981 tum
971 3928 1030 3981 in
1064 3943 1280 3984 munus
1310 3929 1562 3984 ducenta
1593 3927 1927 3997 miliaresia,
1960 3931 2089 3999 ejus
2120 3931 2442 3986 avunculus
2473 3933 2719 3994 vinginti
2756 3950 2934 4004 papas
2975 3934 3087 4005 [vel
3134 3935 3646 4010 confessionarius]
3679 3939 3817 3995 Gre-

427 4013 627 4082 gorius
657 4018 822 4082 octo;
857 4015 1113 4070 sedecim
1143 4017 1269 4086 ejus
1317 4017 1532 4074 intimas
1567 4019 1877 4074 familiares
1906 4021 2214 4086 duodena;
2249 4020 2569 4076 octodecim
2603 4021 2729 4091 ejus
2777 4023 3008 4077 famula»
3059 4039 3238 4092 sena;
3275 4026 3475 4097 viginti
3522 4028 3636 4084 duo
3684 4045 3821 4098 apo-

426 4102 672 4160 crisiarii
702 4104 1006 4172 duodena;
1040 4107 1425 4177 quadraginta
1455 4113 1706 4179 quatuor
1736 4109 2121 4179 negotiatores
2153 4126 2318 4181 sena,
2347 4117 2404 4166 et
2433 4111 2583 4167 dena
2615 4113 2750 4168 bina
2781 4114 2954 4170 ambo
2986 4115 3355 4188 interpretes.

939 4195 1092 4249 846
1133 4195 1365 4249 CAPUT
1402 4196 1550 4249 XVI.

433 4279 782 4336 Observanda
828 4284 1446 4359 quarqumagistratus
1475 4292 1716 4355 quatuor
1761 4291 2065 4359 tagmutum

924 4354 984 4406 in
1013 4355 1221 4408 circum
1247 4354 1571 4425 procedunt.

500 4513 760 4574 Quatuor
780 4515 1038 4583 tagmata
1051 4514 1097 4571 si
1117 4520 1256 4572 sunt
1272 4517 1332 4573 in
1349 4519 1687 4591 urbe,qua.n
1711 4520 1860 4578 Deus
1873 4526 2067 4581 custo-

431 4597 572 4666 diat,
594 4599 906 4668 procedunt
923 4607 981 4655 et
1002 4605 1350 4660 conveniunt
1366 4608 1625 4676 quotidie
1647 4609 1704 4662 in
1730 4611 1947 4666 circum
1967 4628 2062 4667 eo-

430 4700 556 4739 rum
591 4685 1059 4755 magistratus.Et
1085 4690 1255 4758 primi
1278 4691 1514 4761 quidem
1539 4696 1945 4765 ingrediuntur
1967 4698 2063 4754 do-

428 4772 702 4827 mesticus
716 4771 984 4830 scholaru
995 4784 1104 4831 met
1119 4779 1420 4834 excubitus
1430 4796 1528 4836 seu
1546 4782 1883 4841 domesticus
1897 4803 2061 4844 excu-

425 4860 683 4916 bitorum
715 4866 770 4917 et
795 4861 1101 4919 hicanatus
1131 4881 1233 4920 seu
1264 4867 1624 4926 domesticus
1658 4872 2056 4932 bicanatorum

2808 4203 3064 4258 ΚΕΦΑΛ.
3097 4207 3190 4273 ις’.

2173 4285 2324 4381 "Off,
2365 4283 2447 4342 δεῖ
2516 4289 2972 4381 παραφυλάττειν,
3047 4295 3472 4381 προερχομὲνων
3543 4299 3665 4381 τῶν.
3722 4296 3818 4381 ἀρ-

2299 4359 2467 4413 όντων
2522 4359 2630 4414 τῶν
2677 4359 2964 4437 ’τεσσάρων
3021 4359 3311 4439 ταίγμάτῖον
3373 4367 3448 4426 είς
3505 4366 3596 4420 τὸν
3652 4359 3815 4422 ἱππό-

2286 4449 2476 4502 ρομον.

2247 4517 2460 4586 ’[στέον,
2494 4521 2601 4590 ὃτι,
2641 4527 2750 4576 τῶν
2799 4523 3089 4598 ταγμάτων
3121 4522 3292 4580 ὄντων
3344 4524 3397 4580 ἐν
3435 4530 3501 4600 τῇ
3553 4526 3819 4604 θεοφυλά-

2172 4627 2287 4680 κτῳ
2330 4607 2512 4677 πόλει,
2557 4614 2676 4674 καθ’
2717 4613 2924 4686 ἡμέραν
2977 4614 3343 4692 προέρχονται
3389 4615 3466 4678 εἷς
3524 4619 3613 4671 τὸν
3647 4618 3814 4673 ἱππό-

2174 4692 2382 4769 δρομον
2422 4699 2473 4752 οἱ
2504 4704 2610 4754 τῶν
2646 4697 2688 4754 δ’
2729 4704 3020 4776 ταγμάτων
3053 4704 3315 4779 ἄρχοντες
3364 4706 3454 4760 καὶ
3495 4707 3524 4760 6
3576 4708 3674 4778 μὲν
3724 4706 3814 4762 δο-

2175 4783 2424 4856 μέστικος
2478 4792 2584 4841 τῶν
2627 4788 2846 4863 σχολῶν
2899 4791 2989 4846 καὶ
3049 4795 3076 4847 6
3134 4790 3442 4863 ἐξκούϐιτος
3509 4798 3594 4851 καὶ
3648 4798 3811 4852 61m-

2166 4872 2326 4935 νάτας
2374 4874 2737 4949 εἰσέρχονται,
2788 4875 2913 4934 ἔνθα
2938 4880 3028 4936 καὶ
3061 4883 3112 4936 οἳ
3149 4885 3436 4958 μάγιστροι
3485 4886 3577 4939 καὶ
3625 4886 3815 4960 πατρί-

424 4963 527 5017 per
555 4949 700 5004 illud
731 4950 969 5015 ostium,
1005 4968 1106 5022 per
1131 4953 1287 5023 quod
1319 4954 1536 5012 intrare
1573 4958 1761 5014 solent
1790 4963 2056 5033 magistri

2184 4981 2298 5030 ιιοι,
2339 4964 2428 5015 καὶ
2473 4968 2661 5038 πρῶτα
2713 4967 2805 5038 μὲν
2855 4970 3254 5043 χαιρετίζουσιν
3306 4973 3396 5026 τὸν
3449 4969 3808 5049 δρουγγάριον

423 5039 478 5090 et
509 5037 759 5107 patricii,
791 5038 1152 5109 salutatoque
1182 5042 1498 5112 drungario
1531 5044 1760 5115 vigilias,
1791 5049 2056 5106 desident

2184 5057 2260 5119 ςῆς
2297 5051 2513 5126 βίγλας,
2550 5053 2638 5106 καὶ
2672 5037 3216 5127 εὐθέωςνκαθέζονται
3238 5059 3316 5122 εἷς
3346 5061 3442 5122 τὰς
3483 5037 3662 5133 τάξέις
3691 5037 3818 5117 ἀὀ-

1479 5219 1677 5276 JOAN.
1700 5222 1840 5279 JAC.
1875 5224 2134 5282 REISKII
2155 5227 2744 5289 COMMENTARIUS.

492 5357 1229 5448 Gailficvigﬁt'ﬁgiiBIJp‘t
1257 5358 1589 5448 ζιξηξίέίανςις,
1603 5361 2054 5448 rt‘zmg'f.‘z',_qt'1'ibus
2162 5367 2353 5448 littera
2384 5373 2624 5442 majore,
2656 5391 2780 5448 quis
2833 5376 3259 5448 signiﬁcaretne
3301 5389 3417 5439 octo
3467 5389 3524 5440 et
3572 5392 3805 5446 essetne

425 5433 712 5506 praecipue
743 5429 872 5506 quis
905 5431 1129 5506 utitur;
1153 5428 1238 5506 Ita
1267 5430 1324 5482 in
1359 5429 1567 5506 Meno]:
1602 5431 1776 5506 Basil.
1810 5428 1959 5506 ΗΠ,
1996 5452 2052 5506 ρ.

424 5498 527 5573 196
558 5499 714 5573 ῆηθῌε
747 5495 899 5573 ἰδιξν
928 5497 1017 5550 τὸν
1061 5495 1354 5551 Κλεόνικον
1385 5501 1476 5554 τὸν
1511 5497 1653 5554 ἴδιον
1704 5501 1869 5556 αὐτοῦ
1899 5495 2054 5573 πλη-

425 5561 539 5617 δίον
572 5566 796 5633 ἑστῶτα,
832 5567 964 5634 εἷπε,
996 5575 1106 5624 etc.

494 5635 608 5702 (39)
639 5636 740 5690 Hic
769 5643 826 5692 et
851 5638 1024 5707 paulo
1057 5643 1188 5708 post
1216 5641 1468 5712 scriptus
1498 5647 1622 5697 erat
1642 5641 1736 5699 hic
1767 5660 2048 5702 numerus

2161 5442 2269 5526 era,
2318 5458 2392 5526 au
2441 5442 2912 5526 quinquaginta;
2941 5454 3001 5526 et
3045 5457 3195 5526 esset
3240 5455 3630 5526 m‘,_dignosci
3680 5442 3801 5516 non

2161 5518 2421 5596 poterat,
2438 5523 2554 5569 tam
2587 5522 2924 5596 exaraverat
2943 5518 3215 5596 librarius
3243 5518 3531 5596 ambigue.
3549 5528 3798 5587 Secutus

2159 5584 2243 5636 t'ui
2273 5584 2424 5652 quod
2460 5589 2704 5642 maxime
2735 5590 3026 5657 probabile
3056 5593 3384 5652 videbatur.
