4120 6306
272 360 430 424 1113

1105 354 1206 413 DE
1249 351 1698 413 CERIMONIIS
1744 348 1981 412 AULzE
2020 349 2489 412 BYZANTlNE
2531 349 2681 412 LIB.
2729 352 2804 411 ll.

3519 356 3674 418 11M

279 499 405 560 τῶν,
438 491 527 544 καὶ
561 489 657 553 εἴθ’
691 486 863 549 οῧτως
902 486 1202 561 εἰσέρχεται
1234 484 1293 539 ἐκ
1349 481 1586 557 πλαγίου
1617 484 1645 538 6
1678 503 1917 553 τοποτη-

2042 484 2094 540 in
2129 500 2236 539 sua
2266 485 2516 556 quisque
2542 485 2726 541 classe
2755 489 2809 540 et
2838 486 3061 543 ordine.
3096 486 3317 543 Deinde
3349 489 3678 561 ingreditur

285 583 457 652 ρητής
512 583 624 634 τῶν
658 574 905 652 σχολῶν,
964 579 1145 652 φορῶν
1205 573 1610 647 σκαραμάγγιον
1656 572 1744 625 καὶ
1790 593 1927 626 σπα-

283 669 424 737 ϐίον,
456 666 547 722 καὶ
583 666 696 739 μετ’
729 664 891 718 016106
924 663 975 717 oi
1005 663 1213 736 πρῶτοι
1244 660 1331 715 καὶ
1374 657 1616 734 δεύτεροι
1664 661 1926 734 ἄρχοντες

280 765 393 815 τῶν
452 756 698 832 σχολῶν,
731 752 902 828 ἤγουν
936 753 1173 825 κόμητες
1211 752 1301 805 καὶ
1329 748 1664 824 δομέστικοι,
1697 754 1927 823 φοροῦν-

283 871 373 912 τες
423 847 512 903 καί
569 845 724 900 αὑτοί
767 843 1154 918 σκαραμάγγια
1207 841 1296 896 καὶ
1347 839 1561 894 σπαΘία.
1598 839 1700 895 Καὶ
1751 839 1778 892 6
1832 839 1925 910 μὲν

286 935 678 1009 τοποτηρητὴς
733 931 954 986 ἵσταται
1014 930 1326 990 ἀποκοπτὸς
1393 929 1467 990 ὡς
1525 928 1632 982 άπὸ
1709 928 1929 1005 όργυῖας

280 1032 426 1095 μιᾶς
463 1027 514 1079 οἱ
572 1021 630 1078 δὲ
683 1023 922 1094 κόμητες
979 1021 1068 1074 καὶ
1111 1016 1462 1092 δομέθστικοι
1493 1015 1762 1092 στιχηδὸν
1821 1017 1926 1071 άπὸ

277 1112 446 1186 ἄκραν
473 1112 578 1172 ἓως
637 1107 829 1184 ἄκραν,
881 1109 967 1163 καὶ
1036 1109 1203 1182 μέχρι
1240 1110 1346 1161 τῶν
1403 1106 1645 1181 γονάτων
1695 1125 1930 1181 προσκυ-

276 1205 495 1261 νοῦντες
528 1200 904 1277 χαιρετίζουσι
935 1197 1026 1250 τὸν
1075 1192 1438 1271 δρουγγάριον
1485 1201 1585 1264 τῆς
1620 1193 1831 1270 βίγλας.
1866 1195 1926 1252 Ὀ

270 1288 327 1345 δὲ
355 1286 816 1362 ἁυτιχαιρετίζων
868 1284 1052 1343 αὐτοῖς
1085 1281 1250 1357 λέγει’
1292 1306 1319 1333 ››
1341 1279 1498 1349 Καλή
1557 1282 1738 1353 ἡμέρα
1774 1283 1924 1351 ὑμῖν,

276 1375 572 1452 ἄρχοντες.
610 1399 632 1426 ιι
671 1374 767 1428 Καὶ
804 1372 937 1445 μετὰ
983 1374 1150 1425 ταῦτα
1177 1368 1392 1424 ’ίσταται
1454 1369 1482 1422 6
1519 1368 1784 1444 πρόξιμος
1817 1373 1928 1441 (40)

278 1467 446 1539 μέσον
501 1471 603 1534 τῆς
661 1462 1057 1536 προελεύσεως,
1111 1459 1202 1514 καὶ
1244 1453 1512 1530 λαμϐάνει
1568 1462 1737 1531 νεῦμα
1783 1459 1931 1530 παρὰ

268 1561 365 1610 106
400 1553 734 1628 δομεστίκου
783 1555 891 1605 τῶν
943 1549 1166 1626 σχολῶν
1199 1550 1289 1604 καὶ
1323 1546 1410 1603 διὰ
1435 1555 1536 1618 τῆς
1558 1550 1743 1625 χειρὸς
1764 1549 1929 1604 016106

267 1646 403 1700 νεύει
461 1645 862 1717 ὗπαναχωρεῖν.
920 1641 985 1697 Οἱ
1026 1637 1082 1693 δὲ
1112 1637 1274 1693 πάλιν
1333 1643 1745 1714 κροτκυνοῦντες
1795 1639 1930 1694 κατὰ

273 1737 335 1791 τὸ
391 1733 688 1810 εἴρημένον
752 1738 946 1806 σχῆμα
1004 1728 1334 1804 ἐξέρχονται·
1385 1728 1490 1785 Καὶ
1561 1729 1694 1783 κκτὰ
1759 1725 1930 1790 πόδας

275 1826 483 1886 εὐθέως
533 1822 840 1922 εἰσέρχεται
897 1819 926 1873 ὁ
983 1819 1374 1922 τοποτηρητής
1424 1821 1532 1873 τῶν
1601 1813 1926 1887 ἒξκουόίτων
1965 1857 2012 1922 Β

273 1915 405 1987 μετὰ
465 1906 770 1987 σκρίϐωνας
823 1909 914 1962 καὶ
992 1905 1406 1982 δρακοναρίους,
1492 1910 1782 1985 φοροῦντες
1842 1908 1932 1961 καὶ

274 2004 437 2061 αὐτοὶ
495 2003 872 2077 σκαραμάγγια
926 1999 1017 2054 καὶ
1087 1997 1306 2065 σπαθία,
1371 1998 1462 2052 καὶ
1529 1997 1933 2073 χαιρετίζουσιν

276 2095 363 2148 καὶ
435 2092 593 2148 αὐτοὶ
649 2092 830 2151 καθὼς
880 2089 970 2143 καὶ
1001 2087 1052 2142 οἱ
1083 2091 1188 2142 τῶν
1249 2087 1471 2164 σχολῶν
1529 2084 1812 2162 ἄρχοντες,
1843 2088 1932 2142 καὶ

272 2182 533 2255 νεόμενος
593 2180 622 2234 6
698 2174 1180 2252 πρωτομανδάτωρ
1242 2179 1338 2229 106
1408 2170 1719 2244 ἐξκουϐίτου
1788 2181 1934 2250 παρὰ

268 2275 366 2327 106
431 2263 769 2340 ἐξκουόἔτο),
830 2267 914 2320 καὶ
980 2263 1133 2320 αὐτοὶ
1193 2261 1280 2319 διὰ
1336 2265 1524 2339 χειρὸς
1576 2269 1673 2320 106
1715 2285 1931 2340 πρωτο-

285 2357 647 2434 μανδάτωρος
705 2355 989 2429 νευόμενοι
1041 2351 1374 2428 ἐξέρχονται.
1417 2353 1518 2409 Καὶ
1553 2354 1686 2426 μετᾶ
1726 2357 1934 2409 τούτων

277 2449 586 2523 εἱσέρχεται
628 2448 656 2501 ὁ
707 2445 1096 2518 τοποτηρητὴς
1132 2446 1230 2497 106
1286 2441 1521 2516 ἀριθμοῦ
1564 2443 1698 2514 μετὰ
1753 2447 1932 2516 κομή-

274 2559 385 2593 των
415 2537 510 2592 καὶ
539 2535 852 2614 κεντάρχων
905 2536 1020 2590 ²¹...
1059 2531 1181 2605 βίου
1219 2534 1331 2603 (41)
1370 2531 1462 2586 καὶ
1505 2538 1606 2600 τῆς
1665 2531 1929 2606 ἰταιρείαι·

277 2622 716 2700 παρεϐδομάριοι
759 2622 1120 2696 προέρχονται
1177 2621 1266 2674 καὶ
1334 2619 1654 2694 ἀνέρχονται
1707 2618 1794 2677 διὰ
1821 2628 1921 2690 τῆς

286 2712 661 2789 ἐλεφαντίνης,
693 2711 782 2766 καὶ
825 2712 960 2766 κατὰ
1016 2710 1106 2764 τὸν
1140 2708 1367 2763 εἰωθότα
1404 2711 1571 2763 τύπον
1625 2707 1933 2786 ἄνοιγείσης

286 2803 386 2870 τῆς
443 2798 834 2873 προελεύσεως,
892 2798 1247 2872 εἰσέρχονται,
1298 2797 1386 2850 καὶ
1443 2793 1667 2857 ἕκαστος
1715 2796 1930 2866 καθέζε-

287 2910 375 2944 ται
406 2887 457 2942 ἐν
481 2893 548 2962 τῇ
585 2886 692 2957 ἰδία
737 2888 898 2961 τάξει,
931 2887 1020 2942 καὶ
1071 2886 1169 2950 εἶθ’
1211 2884 1382 2943 οὕτως
1431 2885 1798 2960 κατέρχονται
1838 2885 1931 2940 καὶ

289 2977 626 3052 εἰσέρχονται
692 2975 764 3060 ἐν.
813 2980 882 3050 τῇ
929 2980 1027 3030 τοῦ
1079 2973 1381 3050 τρικόγχου
1447 2977 1680 3047 μυστικῇ
1740 2971 1930 3046 φιάλᾳ.

291 3067 426 3122 Εἶτα
473 3065 746 3142 ἐξέρχεται
807 3067 834 3121 6
899 3063 1182 3141 βασιλεὺς,
1239 3063 1329 3117 καὶ
1386 3066 1483 3116 106
1520 3066 1933 3138 παρακυπτικοῦ

285 3157 636 3230 κρεμαμένου
695 3154 747 3208 ἐν
805 3157 884 3224 τῷ
937 3157 1033 3207 106
1091 3151 1491 3226 προκύμματος
1553 3153 1724 3224 μέσῳ,
1782 3151 1834 3206 ἐν
1887 3151 1932 3224 ᾧ

283 3245 443 3316 τόπῳ
497 3244 724 3299 εἷΌισται
779 3244 902 3304 τοῖς
964 3242 1274 3315 βασιλεῦσιν
1322 3240 1408 3296 ἐπὶ
1453 3242 1646 3315 θρόνου
1712 3245 1930 3312 καθέζε-

284 3335 432 3394 σθαι,
465 3332 798 3402 τελουμένου
844 3327 1061 3400 δεξίμου
1119 3328 1349 3384 ἅπτουσι
1407 3330 1632 3403 κηροῦς,
1676 3329 1937 3399 δηλονότι

287 3419 438 3493 παρᾶ
500 3422 596 3472 106
657 3416 862 3471 εἷ’δικοῦ
907 3417 1135 3477 τούτους
1201 3411 1595 3487 λαμϐάνοντες,
1648 3419 1838 3481 πάντες
1885 3419 1936 3471 οἷ

281 3508 692 3584 προρρηθέντες
721 3513 822 3573 τῆς
857 3502 1167 3578 συγκλήτου
1199 3503 1304 3557 ἀπό
1359 3523 1417 3558 1s
1477 3504 1789 3581 μαγίστρων
1847 3506 1937 3558 καὶ

277 3595 386 3658 ἕως
427 3595 665 3670 ἐσχάτου
713 3593 1026 3668 ἀνθρώπου,
1093 3591 1183 3648 καὶ
1239 3592 1462 3666 γυρόοεν
1516 3597 1615 3648 106
1675 3591 1935 3667 σίγματος

285 3687 527 3740 σάσσωσι
576 3683 900 3758 χορεόοντες
949 3681 1039 3736 καὶ
1085 3679 1330 3752 ᾄδοντες,
1379 3682 1428 3734 o't
1482 3682 1578 3754 μὲν
1645 3681 1936 3756 μάγιστροι

283 3775 374 3830 καὶ
427 3775 478 3828 οἱ
537 3770 830 3826 ἂνθύπατοι
880 3771 972 3826 καὶ
1016 3770 1295 3844 πατρίκιοι
1345 3770 1434 3824 καί
1485 3771 1536 3824 οἰ
1591 3771 1933 3848 ὀφφικιάλιοι

281 3863 374 3918 καὶ
417 3863 469 3917 oi
522 3860 716 3916 λοιποὶ
763 3867 863 3929 τῆς
914 3860 1224 3935 συγκλήτου
1281 3859 1412 3931 μετὰ
1469 3863 1575 3913 τῶν
1632 3858 1931 3934 βασιλικῶν

285 3952 617 4027 ἀνθρώπων,
652 3948 762 4006 ἴδια
804 3949 1080 4026 βασιλίκια
1102 3954 1198 4004 106
1232 3949 1596 4024 βρουμαλίου·
1631 3951 1681 4005 οἱ
1733 3948 1790 4005 δὲ
1837 3955 1934 4006 106

282 4037 676 4095 κουϐουκλείου
717 4041 829 4112 ἅμα
869 4044 978 4094 τῶν
1032 4036 1118 4094 ἐπὶ
1168 4041 1269 4107 τῆς
1332 4038 1603 4108 τραπέζης
1655 4038 1930 4114 εὐνούχων

281 4127 502 4199 ᾅδουσιν
552 4131 644 4184 καὶ
704 4128 856 4184 αὐτοὶ
916 4125 1031 4182 ἴδια
1098 4125 1379 4201 βασιλτκικ
1429 4132 1526 4181 106
1567 4128 1928 4202 βρουμαλίου,

280 4221 502 4288 Ἰστέον,
547 4221 654 4288 ὅτι,
712 4220 871 4288 ἡνίκα
937 4219 1186 4294 ἄρξονται
1246 4220 1300 4272 οἱ
1350 4224 1448 4285 τῆς
1500 4217 1810 4293 συγκλήτου
1840 4219 1929 4274 καὶ

278 4313 378 4363 τοῦ
417 4303 818 4364 κουϐουκλείου
851 4306 994 4380 ᾅδειν
1024 4309 1090 4362 τὰ
1113 4311 1210 4362 106
1254 4307 1599 4382 βρουμαλίου
1650 4307 1929 4382 βασιλίκια

279 4403 366 4453 καὶ
400 4398 713 4475 χορευύειν,
745 4400 926 4460 καθὼς
957 4399 1300 4474 προείρηται,
1331 4397 1652 4473 κατέρχεται
1695 4397 1782 4454 διὰ
1819 4405 1926 4455 τῶν

2038 590 2141 644 per
2169 573 2465 629 introitum
2515 574 2813 630 lateralem
2860 579 3208 648 topoteretes
3241 576 3324 633 vel
3371 577 3559 634 locum
3594 587 3679 635 te-

2039 680 2182 718 nens
2229 663 2559 719 scholarum
2604 665 2663 720 in
2705 666 3106 738 scaramangio
3147 671 3202 722 et
3241 683 3373 723 cum
3420 668 3676 739 spatha;

2037 757 2254 808 etcum
2288 767 2354 808 eo
2396 753 2568 825 primi
2621 753 2982 825 secundique
3030 755 3251 812 ordinis
3301 757 3681 828 magistratus

2039 846 2141 895 aut
2188 841 2404 896 tribuni
2457 843 2816 912 scholarum,
2852 849 2915 899 ut
2962 845 3206 902 comites
3251 850 3307 901 et
3353 845 3680 913 domestici,

2039 929 2310 984 similiter
2355 935 2412 986 et
2461 931 2518 986 bi
2575 937 2696 988 tam
2745 935 3174 1007 scaramangia,
3223 951 3393 1006 quam
3447 934 3682 1007 spathae

2037 1022 2324 1086 gerentes.
2361 1019 2752 1076 Lociservator
2780 1022 2852 1076 ab
2883 1023 3029 1094 ipsis
3065 1024 3308 1080 seorsim
3351 1028 3468 1080 stat
3496 1026 3566 1080 ad
3601 1024 3681 1078 di-

2038 1107 2307 1163 siantiam
2339 1125 2524 1181 orgyas
2551 1110 2753 1178 ferme,
2786 1113 3030 1168 comites
3062 1120 3258 1170 autem
3290 1119 3348 1170 et
3377 1113 3681 1171 domestici

2039 1196 2096 1251 in
2131 1213 2306 1252 unam
2340 1198 2549 1253 seriem
2577 1198 2841 1255 collocati
2870 1208 3158 1272 occupant
3186 1203 3454 1260 conclave
3473 1205 3544 1260 ab
3567 1221 3680 1260 uno

2039 1285 2286 1341 termino
2326 1301 2514 1356 usque
2543 1286 2611 1340 ad
2646 1285 2918 1342 alterum.
2963 1290 3350 1360 Drungarium
3385 1292 3596 1362 vigilite
3627 1297 3684 1347 et

2039 1374 2098 1429 hi
2131 1389 2363 1446 quoque
2393 1374 2650 1429 salutant
2695 1373 2973 1430 inclinato
3016 1377 3086 1431 ad
3131 1393 3321 1446 genua
3359 1395 3544 1449 usque
3578 1395 3684 1434 ca-

2039 1466 2177 1536 pite.
2215 1465 2570 1536 Drungarius
2600 1473 2792 1522 autem
2824 1465 3069 1522 salutem
3103 1467 3248 1538 ipsis
3280 1469 3528 1524 reddens
3560 1471 3678 1525 ait:

2041 1576 2069 1602 «
2093 1554 2287 1608 Bonus
2309 1555 2431 1610 dies
2454 1554 2636 1621 vobis,
2661 1554 2987 1612 archontes.
3005 1577 3033 1606 ιο
3056 1558 3265 1612 Postea
3287 1557 3472 1630 surgit
3494 1558 3686 1629 proxi-

2041 1659 2170 1698 mus
2201 1647 2258 1699 et
2289 1642 2488 1698 abitin
2524 1643 2780 1698 medium
2819 1644 3200 1714 processionis
3229 1645 3316 1700 vel
3347 1650 3683 1713 conventus,

2041 1737 2460 1802 acceptumque
2493 1736 2640 1785 nutu
2672 1730 2906 1802 signum
2938 1749 2972 1786 a
3002 1732 3319 1788 domestico
3349 1733 3683 1790 scholarum

2041 1818 2230 1873 reddit
2278 1817 2395 1872 illis
2445 1820 2772 1873 astantibus
2824 1835 2999 1874 manu
3052 1835 3162 1874 sua
3209 1825 3522 1885 commota,
3571 1836 3685 1874 mea

2043 1913 2281 1978 netque,
2312 1908 2639 1963 abeundum
2673 1922 2819 1964 esse.
2843 1907 2966 1969 Quo
2997 1914 3296 1978 concepto,
3327 1909 3570 1964 adorant
3601 1908 3684 1963 illi

2042 2015 2202 2070 aeque
2250 1999 2536 2071 profunde
2565 2013 2688 2054 sese
2719 1998 3068 2054 inclinantes
3117 2004 3293 2069 atque
3339 2005 3509 2055 antea
3541 2000 3685 2054 fece-

2047 2096 2266 2158 rant,ut
2295 2088 2515 2142 dictum
2539 2092 2647 2155 est,
2670 2093 2730 2143 et
2757 2089 2992 2143 abeunt.
3018 2088 3310 2159 Digressis
3339 2087 3480 2157 illis,
3506 2088 3684 2160 proti-

2042 2192 2154 2233 nus
2167 2179 2330 2232 adest
2349 2175 2722 2232 lociservator
2742 2176 3142 2232 excubitorum
3157 2192 3290 2232 cum
3316 2177 3685 2234 scribonibus

2045 2270 2101 2320 et
2131 2266 2510 2321 draconariis.
2537 2265 2601 2320 lli
2633 2270 2930 2336 gestantes
2962 2265 3177 2336 pariter
3204 2266 3600 2335 scaramangia
3629 2272 3688 2322 et;

2044 2353 2304 2425 spathae,
2338 2358 2402 2409 ut
2432 2354 2810 2425 magistratus
2841 2353 3173 2409 scholarum
3205 2352 3456 2410 salutant
3491 2355 3689 2428 [drun-

2042 2444 2271 2516 garium
2323 2459 2548 2510 nempe,
2593 2445 2866 2514 dictaque
2915 2444 3170 2498 vicissim
3220 2444 3431 2516 salute]
3475 2445 3686 2516 accipit

2042 2533 2519 2606 protomandator
2549 2532 2797 2588 excubiti
2829 2531 2901 2586 ab
2943 2532 3207 2587 excubito
3255 2534 3503 2604 signum,
3541 2540 3686 2589 nutu

2043 2621 2286 2692 capitis:
2319 2621 2469 2689 quod
2527 2619 2653 2691 ipse
2702 2619 3069 2674 motitatione
3126 2635 3336 2676 manus
3394 2622 3688 2692 praedictis

2043 2709 2429 2766 lociservatori
2493 2709 2897 2765 excubitorum
2960 2710 3306 2781 casterisque
3363 2713 3686 2766 astantibus

2044 2799 2250 2854 reddit.
2286 2797 2376 2868 Hi,
2408 2813 2474 2853 eo
2506 2803 2796 2869 percepto,
2829 2805 3056 2852 exeunt.
3083 2797 3230 2852 Tum
3273 2797 3492 2853 intrant
3531 2799 3686 2854 tertii

2043 2888 2418 2945 lociservator
2441 2886 2698 2954 arithmi,
2721 2886 2960 2942 comites
2981 2886 3218 2942 arithmi
3241 2895 3296 2942 et
3315 2888 3688 2943 centuriones

2045 2977 2517 3050 maglabitarum,
2561 2980 2619 3031 et
2664 2975 2912 3029 hateri»
2964 2975 3367 3047 septimanarii
3419 2975 3689 3032 laterales

2045 3068 2365 3139 procedunt
2394 3081 2493 3120 seu
2527 3063 2880 3119 conveniunt
2901 3067 2959 3118 et
2979 3064 3300 3119 ascendunt
3331 3079 3431 3134 per
3462 3069 3688 3134 portam

2043 3157 2356 3213 eburneam
2389 3158 2447 3209 et
2474 3152 2694 3208 intrant
2742 3152 2801 3206 in
2852 3150 3156 3223 palatium,
3193 3151 3290 3206 ubi
3323 3151 3466 3206 illud
3501 3152 3690 3208 reclu-

2046 3263 2179 3303 sum
2212 3259 2372 3301 more
2419 3247 2698 3299 consueto
2731 3241 3159 3312 processionem
3190 3239 3529 3308 admiserit;
3565 3245 3688 3295 tum

2048 3344 2331 3405 occupant
2379 3334 2548 3388 sedes
2596 3331 2846 3402 quisque
2887 3347 3024 3385 suas
3053 3345 3119 3384 ex
3151 3331 3372 3387 ordine.
3405 3329 3690 3401 Deinceps

2047 3426 2410 3479 descendunt
2440 3427 2496 3476 et
2526 3422 2745 3476 intrant
2775 3420 2832 3474 in
2865 3424 3145 3475 secretam
3191 3419 3445 3490 phialam
3478 3421 3692 3474 tricon-

2047 3511 2184 3567 chii.
2222 3511 2434 3565 Deinde
2467 3509 2660 3580 prodit
2701 3511 3017 3576 imperator
3044 3506 3101 3560 in
3135 3513 3534 3579 conspectum,
3565 3524 3692 3564 sus-

2048 3613 2345 3677 pensaque
2377 3596 2682 3652 cortinain
2709 3593 2898 3648 medio
2933 3597 3346 3664 procymmatis
3377 3596 3525 3649 847
3562 3595 3688 3666 [seu

2047 3686 2348 3751 mceniani,
2378 3685 2467 3741 vel
2518 3683 2780 3738 editioris
2830 3683 3138 3738 tribunalis
3172 3683 3232 3737 in
3273 3699 3390 3755 quo
3435 3683 3688 3754 impera-

2044 3779 2218 3843 tores,
2243 3774 2477 3846 quando
2508 3773 2804 3828 deximum
2837 3788 2936 3827 seu
2971 3770 3227 3843 receptio
3259 3771 3536 3826 circensis
3567 3787 3689 3842 per-

2049 3863 2260 3933 agitur,
2295 3860 2604 3934 prsesidere
2635 3860 2845 3932 solent]
2876 3859 3204 3916 accendunt
3243 3859 3498 3930 praedicti
3531 3877 3690 3914 sena-

2043 3959 2198 4008 tores
2253 3967 2459 4007 omnes
2489 3967 2522 4004 a
2564 3949 2780 4004 comite
2832 3949 2914 4005 rei
2963 3946 3198 4020 privata
3245 3947 3486 4003 traditos
3533 3948 3687 4003 nacti

2041 4039 2624 4112 cereos,amagistris
2646 4039 2782 4093 inde
2805 4053 2985 4110 usque
3005 4036 3079 4093 ad
3102 4036 3375 4092 ultimum
3401 4036 3693 4092 hominem
3754 4091 3759 4100 ,

2041 4131 2405 4203 imperialem
2434 4146 2447 4197 ;
2476 4135 2534 4184 et
2565 4126 2888 4198 tripudiant
2917 4125 3297 4182 circumcirca
3327 4125 3519 4196 sigma
3548 4126 3685 4180 cho-

2040 4236 2198 4276 ream
2255 4221 2534 4275 ducentes
2567 4221 2623 4272 et
2651 4221 2974 4284 cantantes,
3029 4213 3293 4286 magistri
3346 4214 3582 4285 quidem
3633 4219 3690 4269 et

2039 4308 2418 4380 proconsules
2447 4312 2506 4362 et
2536 4305 2760 4376 patricii
2793 4309 2851 4361 et
2879 4301 3160 4360 officiales
3189 4302 3497 4373 ceterique
3528 4319 3691 4358 sena-

2041 4406 2194 4453 tores
2243 4401 2302 4451 et
2349 4395 2616 4450 homines
2676 4392 3028 4466 imperiales,
3084 4391 3347 4450 basilicis
3403 4392 3686 4448 brumalio

284 4487 497 4561 βάθρων
539 4489 615 4548 εἷς
673 4486 732 4540 ἐκ
779 4492 885 4541 τῶν
932 4485 1234 4561 βασιλικῶν
1285 4485 1338 4540 ἐν
1381 4492 1456 4554 ¹τῆ
1503 4485 1674 4563 φιάλῃ
1705 4488 1794 4542 καὶ
1845 4488 1940 4564 ὀρ-

2048 4485 2320 4558 pr0pria;
2351 4481 2696 4538 cubicularii
2722 4486 2916 4536 autem
2950 4487 3006 4535 et
3034 4481 3286 4536 eunuchi
3316 4481 3388 4536 ad
3423 4497 3686 4538 mensam

281 4581 480 4648 χεῖται·
524 4575 822 4649 ἀμφότεροι
847 4572 924 4645 δὲ,
959 4573 1012 4628 ο⁹ί
1045 4594 1100 4628 τε
1136 4575 1428 4651 μάγιστροι
1459 4575 1548 4629 καὶ
1591 4574 1776 4632 λοιποὶ
1835 4578 1927 4632 καὶ

283 4659 458 4714 0’1106
488 4657 890 4715 κουϐουκλείου
918 4659 1052 4730 μετά
1096 4664 1201 4713 τῶν
1253 4657 1340 4714 ἐπὶ
1384 4663 1484 4722 τῆς
1529 4660 1800 4731 τραπέζης
1852 4663 1936 4717 s6-

281 4748 496 4823 νούχων
545 4747 604 4802 ἐκ
655 4751 863 4819 τρίτου,
915 4748 1091 4807 καθὼς
1148 4747 1494 4821 προείρηται,
1546 4748 1934 4812 κυκλεύσαντες

285 4835 338 4889 ἐν
364 4842 444 4909 τῷ
473 4841 574 4902 τῆς
623 4833 826 4910 φιάλης
871 4835 1176 4909 περιπάτῳ,
1221 4834 1469 4891 ’ἱστανται
1518 4838 1652 4892 κατᾶ
1698 4841 1760 4893 τὸ
1797 4841 1933 4912 πρὸς

2045 4573 2354 4631 servientes
2383 4576 2598 4627 canunt
2625 4579 2682 4626 et
2714 4569 2847 4640 ipsi,
2880 4569 2978 4624 sed
3013 4569 3244 4640 propria
3276 4569 3411 4637 sibi,
3443 4568 3688 4625 basilica

2042 4662 2337 4720 brumalii.
2371 4661 2613 4729 Quando
2661 4659 2952 4729 incipiunt
2996 4666 3116 4713 tam
3165 4667 3464 4714 senatores
3511 4674 3684 4730 quam

2043 4749 2382 4808 cubicularii
2433 4749 2696 4803 brumalii
2736 4747 2995 4802 basilicis
3037 4763 3244 4802 canere
3277 4751 3336 4802 et
3365 4745 3594 4813 saltare,
3625 4753 3690 4801 ut

2044 4841 2389 4915 praedictum
2420 4842 2528 4904 est,
2550 4837 2850 4892 descendit
2877 4851 2976 4906 per
3003 4836 3216 4906 gradus
3246 4835 3532 4905 [pradicti
3563 4851 3690 4906 pro-

1607 4946 1853 5004 VARUE
1893 4947 2298 5005 LECTIONES.

351 5033 396 5069 ²¹
433 5035 530 5087 Hic
557 5032 943 5088 desiderantur
970 5032 1102 5103 ﬁnis
1130 5033 1328 5104 capitis
1356 5034 1442 5097 16,
1476 5040 1640 5106 caput
1673 5036 1739 5088 17
1771 5041 1966 5103 totum,
1995 5041 2044 5094 et
2078 5036 2306 5092 initium
2333 5035 2528 5106 capitis
2557 5033 2644 5088 18.

1336 5132 1534 5188 JOAN.
1568 5133 1713 5189 JAC.
1749 5134 2010 5192 REISKII
2050 5131 2636 5190 COMMENTARIUS.

309 5266 312 5269 ·
349 5248 464 5318 (I10)
510 5249 572 5302 In
617 5245 854 5302 scriniis
897 5246 1297 5316 epistolarum,
1330 5246 1662 5304 libellorum
1711 5255 1766 5303 et
1809 5265 1932 5305 me-

289 5321 486 5372 moria;
518 5319 615 5389 qui
665 5318 834 5388 primi
881 5323 1050 5373 erant
1082 5319 1233 5373 inter
1281 5319 1548 5374 homines
1588 5319 1812 5376 ordinis
1842 5322 1932 5376 sui

286 5390 529 5463 proximi
579 5390 939 5463 dicebantur,
991 5389 1072 5443 ait
1117 5391 1377 5463 Samiae.
1415 5392 1484 5444 ad
1545 5391 1754 5463 Script.
1809 5394 1935 5447 [list

289 5458 450 5540 Aug:
484 5466 534 5540 t._
574 5461 734 5540 ll,_p:
784 5461 912 5525 239,
965 5466 1086 5540 aut,
1138 5466 1213 5540 ut_
1246 5461 1542 5540 Gntherus
1588 5458 1931 5540 ιη’ρηῦὗᾲ

295 5531 538 5605 proximi
562 5531 841 5605 scrinioru
854 5549 905 5586 1n
930 5538 1090 5605 sunt,
1115 5533 1224 5605 qui
1239 5533 1558 5605 secundum
1582 5549 1615 5587 a
1637 5531 1936 5605 magistris

297 5594 478 5678 locum
513 5615 577 5653 ao
604 5603 972 5678 _dignitatem
1023 5594 1085 5658 in
1117 5594 1350 5658 scriniis
1397 5603 1683 5678 obtinent,
1718 5594 1776 5678 et.
1806 5607 1932 5678 qui,

299 5663 438 5719 dum
470 5663 872 5738 magistForum
903 5674 1057 5729 vices
1085 5680 1338 5744 agerent,
1363 5663 1734 5747 promagisth‘
1762 5663 1932 5732 vo'cao'

2041 5251 2270 5306 bantur.
2304 5248 2623 5321 Vidridem
2658 5265 2715 5321 p.
2745 5249 2872 5316 694,
2908 5248 3003 5304 ubi
3038 5249 3109 5303 de
3137 5246 3420 5321 proximis
3443 5247 3690 5321 rationa-

2043 5322 2211 5385 lium,
2257 5325 2314 5377 et
2362 5319 2552 5376 Vales.
2586 5317 2675 5375 ad'
2705 5322 2892 5376 Amm.
2939 5319 3193 5376 Marcell.
3229 5337 3287 5386 p.
3329 5320 3430 5373 138
3469 5327 3524 5374 et
3557 5317 3686 5384 276,

2041 5402 2097 5448 et
2144 5393 2225 5447 Du
2279 5397 2470 5461 Gange
2525 5393 2712 5448 Gloss.
2764 5398 3032 5462 utroque.
3078 5395 3356 5462 Estdergo
3404 5392 3690 5462 proximas

2043 5463 2138 5519 hic
2187 5463 2297 5518 loci
2346 5460 2643 5532 preximus
2673 5479 2705 5517 a
2734 5460 3046 5523 drungario
3091 5460 3308 5532 vigilias,
3331 5465 3386 5516 et
3415 5462 3544 5531 ejus
3593 5460 3689 5515 ab-

2044 5537 2226 5590 sentis
2259 5533 2545 5601 vicarius;
2577 5533 2689 5589 vid.
2725 5550 2780 5603 p.
2814 5533 2936 5590 415.

2115 5607 2229 5676 (tl)
2277 5598 2558 5660 Videntur
2616 5598 2757 5676 mihi
2796 5604 2893 5676 hae
2941 5602 3196 5676 reliquiae
3253 5603 3408 5658 vocis
3460 5598 3688 5676 Μαγλα-

2045 5671 2166 5730 ϐίου
2197 5671 2346 5745 esse,
2378 5676 2554 5748 idque
2584 5676 2644 5732 in
2685 5674 2906 5732 Latinis
2933 5671 3210 5747 expressi.
