4122 6296
306 409 466 469 1145

1150 412 1251 472 DE
1295 414 1748 476 GEBIMONIlS
1790 414 2026 477 AULIE
2066 411 2538 477 BYZANTlN/E
2582 416 2728 476 LIB.
2774 415 2851 477 lI.

3538 424 3698 484 ’1146

305 539 512 614 γόθτων
543 541 642 593 τοῦ
671 536 940 612 πλοΐμου,
988 541 1075 595 καὶ
1116 540 1166 595 ε’ί
1221 564 1272 598 τι
1294 542 1366 614 ξᾶν
1404 544 1632 619 εὒρωσιν
1700 545 1950 610 meme;

2066 551 2225 605 dium
2258 549 2411 623 cogit
2438 549 2525 605 vel
2558 551 2874 622 cohortem,
2908 568 3034 625 qum
3076 553 3309 625 vigilias
3365 555 3526 611 obire
3552 563 3609 612 et
3639 558 3699 613 in

302 634 408 697 τῆς
449 630 549 681 τοῦ
595 629 1043 704 πρωτονοταρίου
1087 634 1185 684 τοῦ
1252 629 1459 705 δρόμου
1533 634 1767 698 στάσεως
1814 639 1949 709 (69),

304 714 765 789 έπιδιορθοῦνται,
802 718 894 771 καὶ
950 722 1179 773 ποιῶσιν
1218 722 1317 790 τὴν
1350 724 1734 800 πφοσήκουσαν
1785 728 1949 779 κατά-

307 827 496 861 στασιν
526 811 635 861 τῶν
691 803 950 881 δεσμίων,
1007 810 1096 863 καὶ
1129 811 1365 883 σκύλων,
1414 813 1506 867 καὶ
1553 810 1830 890 λαφύρων,
1860 814 1949 869 καὶ

316 897 597 971 ἁρμάτων,
644 896 734 951 καὶ
790 901 895 952 τῶν
947 895 1190 973 δοράτων
1241 904 1375 975 μετὰ
1412 906 1518 957 τῶν
1568 902 1953 980 φλαμούλλων

312 986 517 1042 αὐτῶν.
568 986 669 1040 Καὶ
716 987 931 1042 πάντων
969 985 1155 1052 καλῶς
1209 987 1642 1062 διευθυνθέντων,
1703 991 1951 1069 ἀναφέρει

320 1076 350 1130 ὁ
384 1075 746 1149 πραιπόσιτος
774 1080 855 1144 τῷ
889 1077 1125 1148 βασιλεῖ,
1146 1079 1237 1133 καὶ
1262 1080 1548 1155 προστάξει
1597 1086 1692 1136 τοῦ
1718 1103 1952 1158 πραιπο-

308 1165 465 1219 σίτου
489 1162 675 1240 κρούει
705 1163 886 1238 τρίτον
913 1166 976 1220 τὸ
1000 1167 1356 1242 ίσκουτάριον,
1413 1171 1502 1225 καὶ
1558 1172 1876 1247 κατέρχεται
1922 1173 1950 1226 ὁ

316 1251 573 1329 βασιλεὺς
613 1252 750 1309 κατά
793 1254 888 1309 τὺν
935 1254 1367 1330 ἐπικρατήσαντα
1420 1259 1586 1315 τύπον
1643 1266 1753 1315 τῶν
1784 1262 1949 1317 ἱππο-

315 1340 584 1418 δρομίων,
625 1345 715 1400 καὶ
776 1342 1043 1424 στέφεται,
1101 1347 1189 1402 καὶ
1247 1350 1313 1402 τὰ
1378 1350 1499 1421 έξῆς
1555 1350 1948 1425 ἐπιτελοῦνται,

313 1433 492 1494 καθὼς
519 1428 637 1508 ἔχει
667 1435 701 1504 ἠ
733 1434 881 1503 τάξις
917 1441 1025 1490 τῶν
1086 1436 1490 1511 ἱπποδρομίων.
1531 1442 1642 1497 Τοῦ
1691 1437 1747 1495 δὲ
1798 1442 1949 1517 βασι-

312 1518 454 1583 λέως
486 1521 729 1584 ἀνιόντος
784 1524 862 1586 εἷς
908 1525 972 1579 τὸ
1036 1526 1277 1599 κάθισμα
1322 1528 1409 1582 καί
1440 1529 1531 1583 τὸν
1565 1529 1696 1584 λαὸν
1724 1530 1861 1585 κατὰ
1888 1530 1949 1585 τό

307 1609 506 1674 εἰωθὸς
570 1613 1126 1691 κατασφραγίξοντος,
1202 1615 1595 1692 ἀκτολογοῦσιν
1651 1620 1703 1673 οἱ
1774 1616 1950 1692 δῆμοι

298 1700 377 1755 τὰ
434 1699 635 1765 εἴθῶτα
694 1702 903 1771 αὐτοῖς,
943 1704 1034 1758 καὶ
1081 1709 1178 1760 τοῦ
1239 1704 1505 1782 βασιλέως
1598 1711 1948 1774 καθεσθέντος

299 1788 392 1844 ἐπὶ
422 1793 520 1846 τοῦ
552 1789 833 1865 βασιλείου
878 1794 1095 1867 θρόνου,
1128 1792 1219 1849 διὰ
1263 1795 1528 1871 νεύματος
1584 1802 1680 1855 τοῦ
1718 1800 1948 1856 ἀκτουα-

2061 640 2240 695 armis
2262 656 2322 696 se
2353 647 2673 697 monstrare
2724 643 2939 714 debet,)
2989 659 3103 699 una
3152 661 3283 700 cum
3345 646 3614 719 strategis
3645 650 3702 702 et

2058 729 2510 797 cleisurarchis;
2559 735 2660 787 aut
2705 732 2851 788 alias
2903 734 3254 806 drungarius
3299 735 3507 792 classis
3567 751 3697 791 cum

2059 819 2333 890 strategis
2362 824 2421 875 et
2480 821 2798 877 rectoribus
2855 820 3189 878 classiariis.
3242 823 3332 889 Hi,
3363 824 3697 896 quicunque

2057 909 2295 963 tandem
2321 910 2555 978 fuerint,
2577 912 2813 967 visitant
2838 912 3263 969 ordinationem
3298 930 3331 968 a
3362 918 3698 984 protonota-

2061 997 2144 1052 rio
2175 998 2364 1052 dromi
2387 1000 2621 1068 factam,
2656 1006 2713 1057 et
2748 1002 3030 1074 quidquid
3072 1003 3131 1058 in
3172 1003 3276 1060 illa
3304 1003 3475 1060 hians
3501 1008 3698 1060 anim-

2061 1086 2379 1157 advertant,
2404 1090 2716 1160 corrigunt,
2773 1091 2832 1146 id
2889 1100 2974 1148 est
3032 1092 3254 1149 faciunt
3301 1110 3614 1166 congruam
3642 1096 3700 1149 et

2061 1174 2313 1231 debitam
2361 1177 2836 1234 constitutionem
2916 1182 3298 1252 captivorum,
3356 1184 3699 1255 spoliorum,

2062 1264 2291 1336 prendas,
2324 1282 2644 1334 armorum,
2702 1267 2997 1323 hastarum
3051 1274 3220 1339 atque
3249 1272 3699 1329 ﬂammulorum.

2064 1355 2357 1413 Omnibus
2380 1355 2487 1412 rite
2499 1354 2814 1426 dispositis,
2838 1356 3131 1428 significat
3151 1361 3492 1430 prepositus
3532 1378 3600 1416 ea
3628 1362 3700 1417 de

2061 1446 2246 1500 read
2332 1445 2776 1517 imperatorem;
2845 1447 3139 1519 jussuque
3201 1449 3488 1520 praepositi
3532 1459 3700 1506 sonat

2059 1533 2353 1604 pulsatum
2384 1540 2475 1591 ter
2504 1541 2755 1604 scutum,
2811 1542 2867 1592 et
2896 1538 3199 1593 descendit
3247 1539 3561 1610 imperator
3602 1555 3697 1594 se-

2058 1625 2314 1680 cundum
2345 1628 2542 1695 typum
2575 1626 2932 1682 obtinentem
2969 1628 3026 1681 in
3079 1627 3437 1683 circensibus
3465 1633 3702 1699 specta—

2056 1714 2226 1781 culis,
2259 1717 2315 1770 et
2343 1713 2645 1782 infulatur,
2679 1720 2735 1770 et
2765 1716 2916 1771 fiunt
2971 1721 3194 1784 caetera,
3221 1724 3283 1772 ut
3312 1717 3700 1773 caerimoniale

2057 1803 2409 1859 circensium
2459 1804 2732 1860 ludorum
2773 1821 2967 1861 secum
3016 1806 3146 1862 fert.
3207 1807 3357 1864 355
3427 1807 3705 1862 Ascendit

307 1880 438 1955 ρίου
489 1880 821 1937 ἀποκινῶσιν
868 1884 1084 1957 πρῶτον
1146 1886 1239 1958 μὲν
1290 1887 1356 1940 τά
1407 1889 1639 1962 ἅρματα,
1670 1884 1853 1945 ἔπειτα
1881 1890 1948 1946 τὰ

381 1965 425 1986 ΙΝ
578 1970 592 1986 \
637 1976 646 1986 ι
680 1973 690 1986 ι
964 1974 977 1986 ι
1048 1973 1062 1986 ι
1142 1971 1161 1986 \
1226 1975 1271 1986 ιιι
1465 1977 1477 1986 .
1685 1980 1697 1986 -
1743 1978 1763 1986 λ
1788 1982 1798 1986 -

2060 1893 2330 1963 deinceps
2368 1893 2686 1964 imperator
2723 1894 2784 1950 in
2837 1895 3128 1951 cathisma
3182 1912 3279 1952 seu
3332 1895 3608 1959 tribunal,
3639 1895 3699 1950 in

298 1965 475 2025 σκύλα
504 1970 595 2025 καὶ
626 1973 860 2050 λάφυρα,
891 1974 981 2028 καὶ
1037 1971 1355 2037 ἀκολούθως
1384 1977 1590 2034 τούτων
1642 1980 1709 2035 τὰ
1740 1978 1940 2057 δόρατα

300 2060 441 2132 μετὰ
466 2061 574 2115 τῶν
608 2059 1006 2139 φλαμούλλων,
1040 2064 1256 2120 δπισθνν
1290 2063 1346 2121 δὲ
1365 2067 1572 2123 τούτων
1606 2070 1657 2124 οἱ
1698 2067 1937 2144 δέσμιοι,

292 2148 387 2203 κιοὶ
413 2146 724 2225 διέρχονται
754 2151 817 2206 τὸ
861 2153 1022 2227 μέρος
1068 2158 1173 2208 τῶν
1226 2152 1291 2225 δή
1301 2177 1440 2227 μων,
1473 2159 1564 2212 καὶ
1595 2160 1938 2232 κάμπτουσιν

293 2237 392 2291 τὸν
446 2243 544 2328 τοῦ
591 2240 861 2315 Πρασίνου
908 2242 1177 2315 καμπτὸν,
1236 2245 1327 2299 καὶ
1380 2245 1701 2321 ἀνέρχονται
1773 2249 1941 2328 μέχρι

302 2336 403 2399 τῆς
434 2327 610 2405 φίνας,
651 2329 818 2405 ἤγουν
876 2334 975 2385 τοῦ
1033 2337 1096 2386 ll.
1127 2333 1226 2389 Καὶ
1279 2333 1324 2388 εἰ
1356 2331 1495 2390 ἔστιν
1521 2335 1654 2402 λαὸς
1684 2327 1857 2402 πολὺς
1891 2340 1942 2394 οἱ

306 2417 543 2494 δέσμιοι,
575 2418 899 2495 ἀνέρχονται
934 2421 1100 2497 μέχρι
1136 2425 1235 2476 τοῦ
1265 2429 1520 2496 καμπτοῦ
1548 2431 1644 2480 τοῦ
1695 2427 1942 2490 Βενέτου,

302 2510 385 2567 Τά
412 2507 468 2564 δὲ
489 2508 685 2579 σκύλα,
715 2508 805 2564 καὶ
836 2508 1073 2588 λάφυρα,
1104 2511 1192 2566 καὶ
1243 2513 1459 2588 ἅρματα
1486 2519 1706 2580 τιθῶσιν
1749 2519 1805 2572 οἱ
1851 2538 1946 2573 τα-

305 2601 498 2669 ξεῶται
528 2597 614 2653 ἐπὶ
663 2595 929 2676 διφθερῶν
978 2600 1060 2653 κα⁹
1115 2599 1366 2656 κιλικίων
1416 2604 1553 2678 πρὸς
1600 2605 1662 2660 τό
1725 2608 1801 2680 μή
1850 2628 1948 2680 μο-

303 2688 590 2757 λυνθῆναι,
621 2684 728 2742 εἴτε
748 2689 852 2743 ἀπὸ
880 2692 977 2743 τοῦ
994 2694 1304 2763 κονιορτοῦ,
1337 2690 1445 2747 εἷ’τε
1474 2692 1577 2748 ὀπὸ
1606 2698 1703 2750 τοῦ
1736 2696 1945 2766 πηλοῦ.

307 2777 374 2834 O't
407 2773 464 2830 δὲ
521 2773 770 2849 δημῶται
822 2782 933 2832 τῶν
989 2774 1087 2831 δύο
1121 2784 1298 2854 μερῶν
1347 2781 1437 2835 καὶ
1469 2783 1523 2837 οἱ
1558 2788 1657 2837 τυῦ
1714 2785 1947 2860 ἀριθμοῦ

308 2865 397 2919 καὶ
491 2864 543 2919 οἱ
644 2871 741 2934 τῆς
845 2866 1135 2940 βασιλικῆς
1248 2868 1434 2932 οὐσίας
1536 2870 1723 2928 ἐλάται
1836 2877 1950 2948 (70)

303 2954 395 3009 καὶ
480 2954 533 3009 οἱ
623 2954 825 3029 ψάλται
924 2954 1171 3011 ’ίστανται
1255 2958 1532 3016 κατέναντι
1609 2967 1707 3017 τοῦ
1781 2964 1951 3039 ὁργά-

305 3064 399 3099 νου
428 3048 526 3098 τοῦ
585 3043 875 3118 Πρασίνου,
910 3045 1001 3101 καὶ
1053 3044 1142 3101 διά
1182 3049 1445 3121 νεύματος
1472 3054 1569 3105 τοῦ
1626 3052 1950 3128 ἀκτουαρίου

305 3133 572 3210 ἄρχονται
604 3135 1017 3222 εύφημεῖνγτήν
1048 3135 1448 3212 προρρηθεῖσαν
1490 3141 1735 3218 μεγάλην
1782 3143 1951 3222 εὐφη-

310 3224 436 3297 μίαν
465 3227 564 3278 τοῦ
594 3223 649 3278 ἐν
708 3229 789 3296 τῷ
829 3221 982 3303 φὸρῳ
1052 3229 1185 3301 μετὰ
1241 3235 1343 3297 τῆς
1410 3227 1570 3300 λιτῆς
1614 3221 1951 3307 τελουμένου

307 3307 584 3402 θριάμϐου
639 3318 748 3367 τῶν
813 3313 1109 3375 ἐπινικίων.
1169 3316 1355 3374 Ἠνίκα
1413 3316 1469 3373 δὲ
1517 3317 1761 3391 ἄρξονται
1789 3322 1950 3402 εὐφη-

315 3406 462 3474 μεῖν,
504 3401 769 3457 πίπτουσι
817 3405 1010 3468 πάντες
1060 3407 1110 3460 οἱ
1163 3403 1380 3481 δέσμιοι
1434 3414 1655 3482 πρηνεῖς
1718 3410 1805 3465 ἐπὶ
1859 3401 1960 3481 τῆς

310 3495 436 3563 γῆς,
468 3490 533 3544 τὰ
585 3487 641 3545 δὲ
668 3489 872 3546 τούτων
907 3490 1106 3568 δόρατα
1166 3496 1301 3568 μετά
1329 3499 1436 3550 τῶν
1493 3495 1872 3574 φλαμοὺλλων
1906 3499 1957 3569 ἐξ

315 3578 683 3657 ἀντιστρόφου
740 3586 964 3646 τιθῶσιν
1012 3584 1065 3639 οἱ
1098 3583 1452 3660 ,κατέχοντες
1500 3586 1632 3642 αύτά
1672 3590 1954 3661 ταξεῶται,

314 3667 513 3744 μέχρις
560 3668 622 3724 ἂν
672 3671 707 3740 ἡ
758 3671 893 3741 αύτή
956 3672 1197 3750 εὐφημία
1260 3673 1551 3750 τελειωθῇ.
1592 3678 1697 3733 Καὶ
1753 3678 1954 3749 ταύτης

307 3755 717 3832 τελειουμένης,
765 3759 1071 3817 ἀνίστανται
1119 3763 1171 3817 οἱ
1220 3762 1455 3838 δέσμιοι,
1506 3766 1715 3838 ὁμοίως
1758 3765 1849 3822 καί
1888 3767 1957 3823 τὰ

312 3843 513 3921 δόρατα
572 3848 706 3922 μετά
739 3854 846 3904 τῶν
875 3849 1278 3928 φλαμούλλων,
1309 3855 1397 3909 καὶ
1450 3853 1495 3908 εἰ
1541 3856 1636 3928 μὶν
1681 3854 1890 3911 κελεύει
1923 3858 1954 3912 ὁ

316 3934 574 4012 βασιλεὺς
636 3939 921 4004 θεάσασθαι
953 3942 1081 4005 τοὺς
1130 3940 1389 4017 δεσμίους
1435 3945 1496 4000 τὸ
1564 3943 1951 4022 ἱπποδρόμιον,

310 4025 636 4103 ἀνέγχονται
695 4030 772 4094 εἷς
822 4032 890 4086 τὰ
933 4036 1030 4088 τοῦ
1096 4031 1477 4108 ἱπποδρομίου
1537 4034 1708 4111 βάθρα
1772 4036 1955 4093 κάτω-

310 4127 396 4180 θεν
426 4122 522 4173 τοῦ
553 4116 735 4193 δήμου
765 4125 872 4176 τῶν
902 4121 1202 4197 Πρασίνων,
1235 4122 1286 4178 ἐν
1314 4125 1360 4196 ᾧ
1406 4125 1560 4197 τόπῳ
1618 4124 1865 4181 εἰώθασιν
1899 4127 1953 4183 οἱ

311 4202 531 4279 δέσμιοι
572 4206 824 4274 ’ίστασθαι
873 4210 963 4266 καὶ
1008 4210 1295 4267 θεάσασθαι
1337 4213 1399 4266 τὸ
1448 4210 1833 4289 ΐπποδρὸμιον.
1885 4217 1951 4275 Εἰ

315 4291 372 4349 δὲ
401 4296 464 4351 ού
494 4294 704 4354 κελεύει
738 4300 765 4354 ὁ
809 4298 1061 4374 βασιλεὺς
1092 4301 1357 4371 ένωθῆναι
1395 4301 1622 4367 τούτους
1658 4311 1775 4368 τοῖς
1822 4308 1951 4382 πρὶν

311 4379 557 4459 δεσμίοις
621 4391 720 4443 τοῦ
774 4391 1113 4463 πραιτωρίου
1162 4393 1296 4464 (71),
1347 4390 1588 4448 ’ἰστανται
1627 4392 1735 4450 εἷ’τε
1772 4379 1947 4452 κάτω-

2056 1998 2171 2053 quo
2205 1983 2460 2039 residere
2482 1983 2875 2055 superthrono
2906 1985 2965 2039 in
2998 1985 3150 2040 ludis
3180 1984 3349 2051 solet,
3382 1985 3695 2056 populum-

2056 2088 2189 2144 que,
2223 2080 2284 2127 ut
2308 2088 2433 2128 mos
2464 2078 2570 2143 est,
2605 2074 2769 2143 signo
2801 2072 2988 2129 crucis
3018 2074 3227 2147 signat.
3260 2076 3385 2140 Quo
3417 2075 3589 2139 facto,
3613 2075 3697 2128 fa-

2056 2160 2279 2217 ctiones
2306 2161 2829 2218 consuetaslaudes
2859 2163 3124 2218 recitent.
3157 2162 3232 2218 Ut
3258 2163 3487 2231 resedit,
3515 2162 3697 2235 impe-

2056 2255 2214 2305 rator
2227 2266 2404 2323 super
2425 2251 2633 2306 throno
2649 2251 2829 2323 regio,
2845 2252 2939 2306 dat
2961 2252 3256 2307 actuarius
3270 2257 3411 2306 nutu
3437 2252 3561 2322 sign
3574 2267 3691 2320 um,

2057 2345 2114 2395 et
2142 2340 2427 2411 incipiunt
2456 2357 2486 2396 e
2523 2340 2647 2396 loco
2697 2358 2803 2397 suo
2857 2357 3189 2412 promovere
3219 2341 3474 2412 primum
3533 2355 3698 2395 arma

2062 2430 2165 2498 [vel
2198 2433 2297 2503 qui
2327 2436 2493 2485 scuta
2523 2435 2579 2485 et
2627 2430 2851 2501 gladios
2883 2440 3078 2500 captos
3107 2429 3374 2501 gerunt];
3406 2434 3531 2484 tum
3575 2445 3700 2483 ma-

2058 2520 2244 2575 nubiis
2274 2525 2332 2576 et
2363 2521 2565 2589 praedae
2597 2536 2611 2587 ;
2661 2520 2931 2588 deinceps
2966 2518 3164 2584 hastis,
3198 2523 3322 2573 tum
3354 2516 3697 2573 ﬂammula:

2059 2613 2187 2681 post
2215 2624 2282 2665 ea
2339 2610 2571 2663 tandem
2610 2607 2837 2678 captivi.
2870 2608 3199 2663 Transeunt
3226 2606 3286 2661 hi
3335 2624 3434 2677 per
3474 2599 3701 2676 plagam

2061 2700 2363 2755 demorum
2398 2698 2523 2771 [seu
2545 2698 2830 2768 graduum
2863 2697 3234 2761 circensium,
3266 2695 3326 2751 in
3356 2696 3571 2766 quibus
3609 2695 3700 2750 fa-

2062 2789 2281 2843 ctiones
2313 2795 2464 2843 stare
2487 2786 2672 2842 solent
2703 2789 2745 2855 ;]
2772 2803 2920 2851 eam,
2955 2802 3126 2858 quam
3158 2791 3296 2840 tunc
3327 2783 3613 2850 obtinent,
3647 2786 3705 2839 et

2062 2877 2304 2932 ﬂectunt
2332 2879 2483 2932 circa
2526 2882 2737 2931 metam
2788 2874 3054 2930 factionis
3084 2873 3356 2942 Prasinaa,
3384 2879 3441 2929 et
3471 2888 3705 2943 promo-

2060 2972 2197 3022 vent
2220 2983 2405 3037 usque
2444 2968 2512 3022 ad
2556 2967 2704 3021 ﬁnas
2760 2965 2843 3037 [id
2872 2970 2961 3020 est
2992 2965 3140 3021 flues
3170 2965 3257 3020 vel
3288 2965 3569 3032 extrema]
3600 2976 3703 3018 seu

2064 3057 2134 3111 ad
2168 3056 2237 3111 Il.
2289 3058 2451 3122 Quod
2509 3055 2557 3112 si
2619 3064 2810 3111 autem
2849 3054 3058 3126 ingens
3114 3055 3282 3109 turba
3328 3054 3406 3108 sit
3444 3051 3706 3123 captivo-

2062 3162 2217 3213 rum,
2251 3146 2683 3217 protenduntur
2721 3160 2909 3215 usque
2937 3144 3007 3198 ad
3067 3149 3280 3198 metam
3330 3140 3704 3198 Venetorum.

2065 3237 2340 3292 lnduvias
2370 3236 2768 3306 reliquamque
2801 3233 3054 3305 praedam
3103 3236 3160 3287 et
3208 3246 3371 3286 arma
3409 3231 3705 3301 deponunt

2057 3326 2402 3399 praesidiarii
2446 3341 2623 3395 super
2680 3322 2996 3378 renonibus
3043 3324 3101 3377 et
3157 3336 3334 3392 super
3355 3319 3561 3375 ciliciis
3593 3316 3703 3390 [vel

2064 3416 2273 3471 crassis
2313 3415 2513 3470 densis
2546 3414 2760 3485 ﬁltrisl,
2792 3430 2865 3469 ne
2902 3413 3125 3468 scilicet
3146 3428 3180 3466 a
3210 3411 3444 3481 pulvere
3470 3422 3704 3464 coenove

2064 3505 2464 3575 inquinentur.
2500 3503 2809 3573 Populares
2849 3501 3151 3556 ambarum
3176 3499 3487 3556 factionum
3512 3500 3569 3551 et
3598 3495 3705 3552 mi-

2062 3594 2194 3651 lites
2233 3594 2472 3650 arithmi
2526 3608 2951 3664 corporumque
2999 3606 3302 3646 sacrorum
3351 3588 3604 3659 remiges
3651 3590 3709 3642 et

2063 3688 2331 3740 cantores
2369 3686 2577 3738 stante
2607 3680 3078 3753 regioneorgani,
3113 3680 3266 3749 quod
3300 3676 3550 3731 Prasinae
3584 3691 3709 3743 par-

2062 3775 2139 3831 tis
2166 3781 2272 3839 est,
2305 3775 2655 3842 acceptoque
2686 3784 2788 3841 per
2827 3766 3068 3823 actuarii
3102 3770 3312 3821 nutum
3344 3766 3533 3835 signo,
3558 3762 3706 3819 inci-

2060 3864 2230 3934 piunt
2284 3859 2535 3932 prolixas
2582 3857 2711 3914 illas
2766 3856 2970 3912 laudes
3013 3854 3277 3921 recitare,
3339 3869 3483 3924 quas
3524 3867 3706 3923 supra

2057 3949 2548 4023 praeseripsimus,
2566 3964 2701 4003 cum
2717 3943 3063 4002 cerimonias
3084 3941 3367 4013 triumphi
3398 3958 3531 3997 cum
3565 3940 3701 3996 sub-

2061 4042 2244 4098 missa
2264 4057 2402 4112 erga
2431 4039 2615 4095 Deum
2654 4034 3077 4108 supplicatione
3119 4034 3177 4088 in
3227 4033 3349 4087 foro
3386 4029 3700 4102 peragendi

2059 4144 2503 4204 exponeremus.
2539 4127 2660 4183 Illis
2691 4129 2889 4181 autem
2918 4122 3123 4179 laudes
3152 4121 3534 4188 ordientibus,
3568 4135 3704 4190 pro-

2061 4222 2266 4278 cidunt
2299 4217 2511 4291 captivi
2548 4231 2755 4273 omnes
2802 4214 2862 4269 in
2910 4212 3149 4268 humum
3180 4210 3370 4283 proni,
3402 4208 3703 4279 hastaeque

2061 4309 2368 4367 ﬂammula
2395 4310 2659 4380 ipsorum
2724 4305 3094 4361 invertuntur
3133 4319 3167 4357 a
3197 4298 3572 4373 praesidiariis
3602 4297 3707 4355 illa

2057 4400 2392 4459 tenentibus
2421 4397 2598 4467 idque
2627 4394 2861 4464 tamdiu,
2894 4408 3070 4464 quam
3101 4390 3214 4446 ille
3232 4388 3435 4445 laudes
3467 4388 3703 4444 durant.

1330 4492 1529 4550 JOAN.
1562 4494 1706 4552 JAC.
1747 4497 2014 4557 REISKII
2049 4493 2652 4559 COMMENTARIUS.

302 4654 457 4707 tum.

386 4723 500 4800 (7p)
530 4724 628 4800 Est
657 4721 810 4777 οὐσία
867 4724 1199 4800 substantia,
1259 4742 1471 4800 corpus
1500 4729 1828 4787 animatum
1857 4733 1957 4790 ho-

307 4794 508 4869 minis.
528 4796 839 4869 Propterea
862 4797 1090 4852 reddidi
1138 4796 1287 4854 hanc
1318 4794 1645 4857 dictioneuli
1668 4802 1957 4860 interdum

305 4868 453 4922 sacri
500 4868 752 4939 corporis
794 4877 1031 4924 vectores
1079 4870 1331 4947 remiges,
1383 4871 1678 4947 interdum
1725 4890 1959 4947 quoque

302 4952 591 5010 sacrorum
637 4954 952 5010 corporum,
1010 4939 1328 5010 respiciens
1375 4943 1445 4997 ad
1487 4942 1647 4999 illam
1696 4939 1957 5002 vocabuli

306 5007 466 5061 οὐσία
498 5007 834 5084 nationum,
859 5007 979 5084 qua
1007 5007 1300 5084 familiam
1331 5011 1639 5083 signiﬁcat,
1671 5023 1723 5069 et
1753 5018 1824 5072 ad
1850 5020 1960 5074 Au-

308 5086 545 5166 gustam
580 5082 911 5166 liberosque
934 5082 1509 5166 Porphyrogenneﬁt'os
1538 5090 1595 5166 et
1624 5086 1829 5166 afﬁnes
1859 5088 1964 5166 im-

310 5152 586 5222 periales.
612 5152 975 5225 Verumjam
1007 5152 1181 5225 supra
1212 5156 1279 5208 ad
1315 5172 1371 5223 p.
1403 5155 1506 5210 334
1537 5156 1952 5227 demonstravi,

315 5217 525 5296 ουσίαν,
563 5224 618 5296 in
671 5225 864 5296 specie
916 5227 985 5280 de
1012 5225 1241 5294 familia
1268 5228 1496 5281 nautira
1518 5226 1653 5294 dici,
1684 5234 1742 5283 et
1771 5236 1955 5286 meto-

303 5295 467 5373 cbice
498 5295 767 5373 deinceps
799 5298 871 5352 de
913 5298 1132 5373 navigio
1162 5298 1288 5373 tale;
1309 5303 1622 5373 nautarum
1646 5299 1952 5373 collegium

307 5370 563 5440 tenente.
589 5368 918 5424 Potuissem
960 5368 1142 5439 igitur
1172 5370 1540 5440 optimojure
1569 5375 1627 5426 et
1654 5368 1952 5428 conliden-

300 5440 390 5517 ιρι·
436 5439 751 5517 dictionem
813 5444 1069 5517 nostram
1132 5439 1370 5517 reddere
1412 5442 1521 5498 hoc
1580 5445 1772 5511 modo,
1813 5446 1953 5517 regii

295 5506 571 5584 ἀνοῃιοηιὶ
600 5513 687 5567 vel
719 5510 898 5584 regis?
927 5512 1198 5567 navit:qu
1228 5517 1457 5570 actores.

368 5579 481 5654 (71)
507 5581 727 5654 Captivi
751 5579 808 5654 in
855 5582 1085 5651 Chalce,
1120 5586 1387 5641 Praeterio
1420 5591 1477 5640 et
1505 5585 1779 5642 Numeris
1810 5588 1946 5642 atti-

296 5652 724 5729 nebantur‘sub
752 5653 1116 5724 inepectione
1167 5655 1437 5729 praefecti
1466 5658 1663 5729 urbis,
1694 5659 1947 5729 praefecti

293 5726 620 5802 castrorum
653 5728 730 5802 _et
784 5740 1186 5802 numerorum.
1245 5726 1944 5802 vid.ACont._'lfheophau.

290 5808 331 5864 p
393 5793 512 5850 109.
562 5795 672 5853 Sed
722 5795 976 5868 pratorii
1026 5810 1284 5856 carceres
1340 5800 1400 5861 et
1440 5798 1645 5878 captivi
1692 5793 1948 5860 maxime

382 4579 494 4651 (69)
525 4579 629 4637 Hic
667 4584 759 4638 est
818 4597 922 4654 pro
988 4581 1362 4645 καταστάσεως
1406 4586 1494 4641 vel
1549 4585 1748 4657 τάξεως
1808 4590 1955 4660 posi-

2064 4590 2321 4646 celebres
2348 4607 2364 4657 ;
2396 4603 2449 4640 v.
2477 4582 2736 4660 TheOph_.

2797 4598 2853 4654 p.
2885 4581 3011 4636 249.
3071 4581 3184 4637 Leo
3215 4580 3473 4635 Gratum.
3508 4594 3564 4654 p_.
3596 4577 3702 4632 467

2064 4667 2121 4718 et
2142 4663 2263 4716 485.
2295 4651 2532 4717 Cedreu.
2584 4651 2655 4725 pf
2699 4651 2823 4710 582'.
2850 4654 2914 4708 In
2953 4669 3020 4708 eo
3064 4651 3703 4725 asservabanturSara-

2065 4734 2190 4790 ceni
2221 4732 2397 4803 (conf.
2431 4745 2497 4803 p.‘
2521 4722 2674 4803 414)-
2702 4732 2760 4803 et
2809 4725 3026 4781 ibidem
3076 4723 3354 4803 sacellum
3413 4722 3704 4803 habebant

2067 4790 2385 4861 exercendo
2408 4790 2592 4856 cultui
2623 4790 2816 4853 divino
2845 4813 3005 4853 more
3026 4812 3155 4853 suo.
3190 4795 3271 4850 De
3301 4808 3416 4863 quo
3446 4790 3704 4863 allatisa

2066 4876 2152 4931 Du
2181 4874 2397 4946 Cangio
2428 4868 2648 4946 inCPli
2684 4869 2814 4946 Chr.
2845 4868 2969 4946 11y,
3002 4884 3057 4939 p.
3090 4866 3213 4946 161,
3247 4862 3354 4920 hoc
3385 4879 3566 4946 unum
3598 4862 3700 4946 ad:

2067 4948 2225 5015 dam,
2256 4935 2428 5002 etiam
2462 4942 2838 5015 Constantino
2869 4935 3251 5015 Menemacho
3283 4935 3573 5011 conditam
3598 4936 3702 4988 aut

2066 5009 2221 5074 certe
2275 5016 2600 5072 restitutam
2631 5021 2685 5070 et
2726 5009 3085 5087 frequentari
3121 5022 3323 5087 rursus
3359 5009 3700 5087 permissam

2066 5089 2244 5145 fuisse
2272 5092 2660 5160 Syuagogam,
2710 5092 2771 5140 ut
2802 5078 3094 5160 appellant
3137 5078 3355 5160 Graeci,
3385 5078 3699 5160 Saraceno-

2046 5160 2214 5227 rum,
2248 5147 2560 5231 qu'amvndn
2594 5147 2749 5212 intra
2777 5147 3127 5231 praetorium,
3151 5150 3251 5204 sed
3269 5147 3396 5229 .alio
3432 5148 3695 5231 ‘quodam

2064 5219 2224 5287 urbis
2258 5219 2378 5287 loco
2439 5230 2614 5284 fuisse
2662 5219 2819 5299 puto.
2854 5222 3160 5299 iAtgulfeda
3189 5220 3344 5299 enim
3379 5220 3449 5299 a_d_
3482 5234 3535 5272 a.
3569 5219 3695 5285 441,

2062 5321 2163 5359 seu
2194 5304 2405 5359 Christi
2430 5301 2587 5366 1049,
2620 5290 2707 5354 vel
2740 5298 2895 5364 1059,
2946 5295 3067 5348 haec
3122 5291 3296 5366 tradit
3330 5306 3342 5344 :
3398 5290 3512 5366 _ll_oc
3552 5305 3698 5345 anno

2061 5376 2307 5431 mittebat
2337 5390 2441 5429 rea:
2499 5361 2890 5427 Ro'manorum'
2918 5361 3693 5435 [Constantinus_Munoma-

2059 5447 2229 5516 chus]
2260 5446 2330 5501 ad
2360 5443 2680 5499 Sulthanum
2717 5432 3149 5516 Thogru'lbelrum
3196 5432 3308 5504 [vel
3338 5432 3694 5516 ⁸’ζ’ῐιειῐιιλεττοιί-

2057 5506 2294 5589 balatu-tn]
2325 5517 2651 5589 legaticum}
2706 5506 2829 5566 cum
2857 5508 3080 5579 magnis
3101 5506 3464 5589 .muaert‘bus,
3499 5522 3700 5589 rogans

2056 5590 2124 5644 ab
2154 5605 2213 5644 eo
2268 5580 2793 5653 confcederutionem
2821 5598 2843 5644 ;
2871 5595 3042 5651 eaque
3088 5580 3699 5653 impetrata,__com_lebal

2058 5661 2310 5732 [prOprie
2336 5647 2701 5732 frequentari
2736 5647 2995 5732 faciebat
3020 5648 3109 5707 vel
3129 5647 3364 5732 sinebat]
3388 5647 3689 5732 plesgidain

2055 5722 2207 5802 apud
2239 5722 2430 5796 CPli‘n,
2451 5722 2524 5802 ἰιι
2568 5746 2676 5801 qua
2728 5722 2929 5802 peragi
2957 5725 3269 5802 Deapreces
3299 5731 3359 5802 et
3373 5722 3690 5802 laudesatf

2054 5792 2158 5874 qua
2178 5792 2463 5858 extentam
2492 5792 2607 5859 die?
2629 5792 2942 5874 pro'salate
2970 5804 3023 5855 et
3050 5792 3285 5868 iinperio
3316 5792 3689 5866 Thogrulbeki
