4088 6316
436 382 584 443 1151

1473 376 2008 441 CONS’l‘ANTINl
2054 371 2752 437 PORPHYROGENITI

3682 378 3850 439 1152

433 514 671 570 triclinii
704 531 845 572 auro
876 514 1048 571 textis
1096 516 1154 570 et
1201 510 1617 584 polycandelis.
1671 509 1844 565 Illum
1895 513 2069 565 cocto-

2188 505 2288 559 τῶν
2326 502 2717 580 πραιποσίτων,
2752 500 3057 575 εἰσάγονται
3088 503 3140 557 οἱ
3170 501 3434 578 ἄρχοντες
3475 510 3574 562 τοῦ
3606 504 3854 565 κουϐου-

437 620 569 659 nem
602 605 847 660 refertur
877 605 1068 659 infans
1097 620 1164 659 ex
1187 601 1447 665 ecclesia,
1479 605 1782 673 postqaam
1807 600 2073 655 sacerdos

2188 591 2370 648 κλείου
2408 594 2498 649 καὶ
2557 592 2608 646 οἳ
2645 595 2741 647 τοῦ
2798 587 3188 647 γοδϐουκλείου
3263 597 3477 662 πάντες,
3547 598 3642 651 καὶ
3712 602 3852 655 καθ-

438 693 496 747 in
529 696 656 763 ejus
689 694 976 764 propylaeo
1007 706 1105 747 seu
1140 694 1286 747 atrio
1316 707 1492 759 super
1520 689 1741 743 infante
1765 688 2074 743 orationem

436 781 680 848 dixerit;
713 788 769 838 et
799 798 1031 847 nomen,
1066 798 1098 836 a
1125 781 1475 836 factionibus
1497 779 1720 835 editum
1754 778 1865 848 ipsi
1897 777 2076 849 impo-

436 873 683 925 sueritet
702 871 1000 927 indusium
1026 872 1139 943 ipsi
1168 871 1444 926 induerit.
1472 870 1707 925 Relatus
1731 870 1800 924 ad
1824 873 2072 923 matrem

434 959 622 1014 infans
655 959 971 1030 deponitur
1002 961 1059 1015 in
1093 962 1285 1025 cunis,
1318 964 1375 1016 et
1398 959 1743 1030 injiciuntur
1788 962 1908 1013 tam
1958 960 2073 1012 Au-

433 1051 530 1103 stae
563 1064 876 1120 puerperae,
910 1067 1089 1121 quam
1136 1049 1369 1115 infanti,
1404 1048 1580 1119 panni
1623 1045 1706 1102 vel
1755 1045 1881 1101 telae
1933 1061 2075 1102 auro

433 1141 616 1193 textae.
653 1139 791 1193 Dein
825 1140 1175 1195 advocantur
1213 1137 1503 1210 praepositi
1534 1138 1606 1193 ab
1654 1135 1943 1199 eunucho,
1977 1134 2075 1206 qui

438 1245 651 1284 mensae
680 1229 1066 1298 imperatricis
1098 1233 1324 1301 presset.
1360 1227 1653 1299 Prtepositi
1685 1242 1855 1297 porro
1893 1226 2074 1281 intro-

438 1317 663 1373 ducunt
694 1318 1069 1389 magistratus
1096 1317 1346 1373 cubiculi
1370 1317 1755 1387 ejusdemque
1778 1315 2078 1371 ministros

435 1405 693 1477 reliquos
711 1422 934 1462 omnes.
959 1407 1240 1478 Deinceps
1262 1406 1715 1461 introducantur
1737 1421 1766 1459 e
1783 1405 2076 1475 caenurgio

435 1502 631 1559 zostaa,
677 1497 1073 1567 magistrissae,
1128 1497 1562 1566 anthypatissae,
1614 1493 1889 1564 patriciae,
1946 1509 2079 1564 pro-

434 1586 818 1656 tospathareae
849 1585 1133 1640 ofﬁcialiae
1164 1593 1217 1640 et
1269 1584 1507 1655 reliquae
1540 1584 1764 1639 feminae
1796 1583 2079 1639 senatori-

434 1674 548 1730 bus
580 1674 882 1730 maritatae.
912 1677 1049 1729 Post
1080 1690 1179 1730 eas
1209 1673 1663 1728 introducuntur
1693 1672 1896 1735 viduae.
1930 1690 2077 1743 qua-

437 1784 567 1823 rum
589 1767 780 1821 mariti
798 1767 957 1834 olim,
975 1768 1115 1822 dum
1134 1767 1409 1835 viverent,
1436 1766 1739 1838 praedictas
1761 1766 2076 1838 dignitates

2185 686 2306 754 εξῆς
2351 684 2654 757 εἰσάγονται
2705 682 2808 737 ἀπὸ
2865 687 2964 737 τοῦ
3026 687 3377 761 καινουργίου
3442 687 3730 761 τρικλίνου
3784 693 3847 747 αἱ

2187 776 2384 842 ζωσταί
2441 776 2555 847 (79)
2613 773 2702 827 καὶ
2761 773 2813 826 αἱ
2877 772 3285 847 μαγίστρισσαι,
3335 775 3731 839 ἀνθυπάτισσαί
3779 802 3845 835 τε

2183 865 2273 920 καὶ
2358 864 2639 938 πατρίκιαι
2723 866 2814 919 καὶ
2879 867 3360 940 πρωτοσπαθαρέαι
3447 869 3837 946 ὀφφικιαλαίαι

2182 957 2271 1011 καὶ
2304 957 2355 1010 αἱ
2388 955 2577 1011 λοιπαὶ
2632 954 3018 1031 συγκλητικαὶ,
3070 958 3167 1021 εἶθ’
3214 956 3387 1023 οὕτως
3419 962 3474 1016 αἱ
3502 967 3613 1017 τῶν
3660 964 3835 1041 προρ-

2186 1046 2455 1123 ῥηθέντων
2522 1047 2846 1120 ἀξιωμάτων
2943 1049 3382 1121 ἀπαξιωματικαὶ
3461 1059 3658 1130 χῆραι,
3737 1056 3834 1109 καὶ

2185 1135 2511 1212 ἐπεύχονται
2582 1137 3081 1215 ἀπευχαριστοῦσαι
3155 1137 3244 1193 καὶ
3320 1139 3663 1216 εὖφημοῦσαι
3729 1146 3834 1214 τήν

2185 1226 2523 1300 Αὐγούσταν,
2596 1228 2686 1281 καὶ
2763 1226 2825 1280 τὸ
2899 1234 3178 1302 προσῆκον
3244 1229 3580 1302 ἀπονέμουσι
3646 1228 3835 1304 σέϐας,

2192 1313 2289 1387 μία
2332 1315 2526 1386 ἑκάστη
2582 1314 2873 1389 εἰσάγουσα
2926 1314 3117 1386 ξένιον,
3185 1317 3320 1391 ’ὀπερ
3381 1319 3518 1374 κατὰ
3573 1321 3842 1396 προαίρε-

2190 1424 2270 1458 σιν
2313 1402 2448 1479 ἔχει.
2515 1404 2661 1460 Μετᾶ
2692 1402 2747 1459 δὲ
2803 1406 2864 1459 τὸ
2920 1409 3027 1460 τῶν
3088 1411 3356 1481 γυναικῶν
3416 1409 3666 1481 σὲκρετον
3727 1410 3842 1466 εἷσ-

2190 1494 2405 1565 άγονται
2437 1494 2542 1548 ἀπὸ
2573 1498 2668 1548 τοῦ
2700 1491 2997 1549 λαυσιακοῦ
3019 1492 3108 1550 διὰ
3135 1500 3231 1551 τοῦ
3263 1496 3575 1572 ὡρολογίου
3606 1500 3697 1555 καὶ
3736 1504 3837 1555 τοῦ

2188 1581 2645 1658 χρυσοτρικλίνου
2700 1583 2753 1637 οἱ
2807 1589 2907 1652 τῆς
2981 1582 3293 1661 συκγλήτου
3352 1582 3601 1659 ἅπαντες,
3665 1588 3839 1665 μέγι-

2188 1691 2363 1745 στροι,
2418 1671 2737 1742 ἀνθύπατοι,
2787 1671 3065 1746 πατρίκιοι
3140 1672 3230 1729 καὶ
3309 1675 3659 1752 ἆφφικιάλιοι
3744 1682 3839 1736 καὶ

2185 1759 2509 1834 ἐπεύχονται
2559 1760 3086 1836 ἀπευχαριστοῦντες
3138 1767 3206 1835 τῇ
3258 1765 3578 1842 Αὖγούστῇ,
3629 1769 3720 1823 καὶ
3772 1770 3839 1824 τὸ

438 1855 657 1912 aulicas
671 1861 992 1927 gesserant,
1009 1872 1165 1912 nunc
1181 1861 1312 1927 post
1332 1872 1532 1912 eorum
1546 1856 1852 1911 decessum
1869 1856 2005 1927 grad
2017 1872 2047 1909 u
2059 1896 2073 1923 ,

2188 1853 2463 1921 προσῆκον
2514 1847 2833 1905 ἀποδίδουσι
2882 1846 3039 1912 σέϐας
3098 1848 3168 1905 δι’
3208 1851 3387 1929 εὖχῷν
3417 1856 3503 1910 καὶ
3540 1855 3839 1936 εὐφημιῶν

436 1961 611 2016 quem
643 1949 814 2001 antea
843 1945 991 2001 inter
1021 1946 1270 2001 feminas
1300 1946 1572 2016 primates
1612 1947 1940 2011 tenuerant,
1974 1944 2072 1999 de-

429 2034 622 2104 jectaa.
646 2033 741 2088 Hie
763 2050 965 2090 omnes
990 2034 1211 2089 felicem
1238 2036 1756 2106 partumAugustte
1778 2032 2075 2104 gratulatts

440 2121 787 2178 benedicunt
818 2123 951 2193 ipsi,
983 2122 1359 2195 debitamque
1408 2123 1676 2178 tribuunt
1726 2121 1931 2177 infanti
1984 2137 2074 2177 re-

434 2212 753 2266 verentiam
779 2212 1131 2282 traduntque
1150 2214 1386 2268 xenium
1412 2228 1513 2266 seu
1538 2209 1953 2265 munusculum
1981 2210 2076 2264 be-

436 2300 772 2355 nevolentiae
804 2316 937 2369 erga
966 2315 1177 2354 novum
1211 2299 1500 2370 hospitem
1550 2302 1826 2354 advenam
1868 2298 2078 2353 testifi-

436 2391 632 2446 candae
666 2390 1041 2452 destinatum,
1077 2389 1233 2460 quod
1270 2403 1623 2459 unaquaeque
1671 2386 2079 2459 qualecunque

440 2494 544 2550 pro
576 2478 766 2532 lubitu
796 2484 848 2532 et
880 2475 1103 2532 delectu
1136 2494 1242 2532 suo
1292 2493 1490 2531 secum
1538 2476 1663 2531 fert.
1701 2476 1832 2531 Post
1879 2476 2083 2531 dimis-

440 2583 573 2622 sum
599 2565 883 2621 muliebre
903 2574 1188 2621 secretum
1214 2582 1313 2621 seu
1338 2581 1547 2635 corpus
1569 2565 2025 2620 introducuntur
2045 2581 2080 2622 a

438 2654 696 2711 lausiaco
731 2670 834 2727 per
862 2653 1223 2726 horologium
1261 2658 1318 2710 et
1342 2653 1876 2726 chrysotriclinium
1909 2671 2081 2710 sena-

430 2747 593 2798 tores
624 2760 853 2810 omnes,
883 2742 1175 2814 magistri,
1210 2742 1606 2812 proconsules,
1641 2742 1892 2813 patricii,
1946 2744 2078 2798 offi-

436 2833 636 2902 ciales,
687 2837 743 2889 et
799 2849 933 2890 cum
982 2832 1310 2889 adoratione
1377 2833 1724 2889 benedicunt
1780 2835 2079 2906 Augustae,

439 2938 879 2993 congruumque
912 2926 1187 2992 praestant
1216 2923 1440 2977 cultum
1473 2922 1964 2995 porphyrogenito
1995 2923 2080 2978 in-

444 3012 588 3067 fanti
620 3027 721 3082 per
746 3011 842 3082 pia
870 3016 1002 3066 vota
1031 3015 1085 3066 et
1116 3011 1265 3065 bona
1284 3012 1456 3066 verba
1484 3010 1643 3076 talia,
1677 3012 1873 3081 qualia
1902 3028 2082 3083 supra

445 3100 783 3155 dicebamus
823 3116 960 3171 erga
988 3100 1396 3169 imperatorem
1448 3100 1689 3171 proferri
1738 3099 1940 3155 solere.
1989 3108 2083 3156 Se-

445 3198 599 3262 ptem
617 3208 646 3243 a
670 3194 807 3244 nato
826 3190 1049 3243 infante
1069 3188 1551 3261 porpbyrogenito
1570 3187 1851 3259 proximis
1872 3190 2079 3246 diebus

2183 1943 2263 2010 τῷ
2309 1941 2818 2018 πορφυρογεννήτῳ,
2866 1940 3047 2004 καθὼς
3116 1940 3225 1995 ’καὶ
3291 1940 3343 1998 ἐν
3408 1947 3475 2017 τῇ
3538 1947 3672 2020 πρὸς
3742 1947 3839 2002 τὸν

2191 2029 2417 2104 βασιλέα
2473 2028 2895 2105 ἀπευχαριστείᾳ
2958 2030 3049 2085 καὶ
3112 2029 3251 2106 εὐχῇ
3321 2031 3555 2108 εἴρηται.
3617 2038 3837 2106 Ίστὲον,

2187 2117 2270 2172 ὅτι
2302 2117 2408 2173 ἀπὸ
2445 2120 2514 2191 τῇ
2554 2119 2745 2193 πρώτῃ
2783 2119 2964 2194 ἡμέρᾳ
2992 2126 3093 2188 τῆς
3150 2122 3455 2195 γεννήσεως
3487 2128 3597 2178 τοῦ
3626 2145 3839 2204 πορφυ-

2189 2209 2510 2280 ρογεννήτου
2568 2204 2761 2268 παιδὸς
2812 2206 3169 2284 ὀφειλόμενόν
3227 2206 3338 2264 ἐστι
3396 2211 3660 2285 γίνεσθαι,
3723 2213 3755 2268 ὅ
3799 2216 3835 2283 ἡ

2187 2296 2343 2364 κοινῆ
2387 2296 2641 2364 συνήθεια
2669 2292 2955 2369 λοχόζεμα
2985 2299 3099 2369 (80)
3131 2294 3312 2367 καλεῖ,
3347 2297 3425 2361 εἴς
3455 2300 3549 2355 τὸν
3580 2303 3838 2376 πόρτηκα

2188 2388 2293 2439 τῶν
2330 2387 2403 2449 ιθ¹
2433 2380 2733 2439 ἆκουϐίτων
2779 2385 2871 2440 καὶ
2912 2384 2988 2448 εἰς
3030 2386 3098 2440 τὰ
3130 2384 3348 2461 τριόδια
3395 2395 3496 2458 τῆς
3544 2388 3835 2470 λεωφόρου

2187 2481 2285 2542 τῆς
2317 2473 2556 2546 πόλεως,
2605 2472 2776 2550 ἤγουν
2810 2473 2915 2529 ἀπὸ
2956 2481 3058 2544 τῆς
3097 2475 3315 2549 χαλκῆς
3350 2480 3517 2553 μέχρι
3548 2484 3647 2534 τοῦ
3682 2481 3831 2555 βοός.

2189 2563 2293 2621 Καὶ
2342 2562 2650 2642 ὀφείλουσιν
2698 2562 2749 2618 ἐν
2802 2565 2895 2636 μὲν
2933 2565 3012 2636 τῷ
3062 2565 3299 2641 πόρτηκι
3345 2571 3454 2622 τῶν
3507 2570 3572 2632 ιθ¹
3608 2566 3835 2624 ἀκουϐί-

2186 2674 2293 2707 των
2355 2649 2704 2728 συνέρχεσθαι
2764 2653 2816 2706 οἱ
2874 2649 3138 2731 ἄρχοντες
3184 2658 3291 2709 τῶν
3350 2657 3643 2732 ταγμάτων
3703 2658 3834 2732 μετᾶ

2186 2748 2295 2798 τῶν
2325 2741 2664 2817 σχολαρίων,
2694 2742 2904 2814 ’ὁμοίως
2943 2741 3035 2796 καὶ
3066 2744 3117 2797 οἱ
3150 2741 3412 2818 ἄρχοντες
3441 2750 3538 2800 τοῦ
3586 2745 3832 2821 πλοὶμου

2193 2832 2326 2904 μετὰ
2362 2836 2457 2886 τοῦ
2504 2830 2752 2904 πλοῒμου
2792 2835 3044 2905 στρατοῦ.
3097 2833 3243 2905 Ηρὸς
3290 2834 3508 2896 τούτοις
3575 2839 3685 2889 τῶν
3741 2834 3837 2891 δύο

2195 2925 2372 2996 μερῶν
2421 2922 2472 2976 οἶ
2521 2919 2773 2994 δημῶται
2817 2920 2906 2976 καὶ
2954 2921 3017 2976 τὸ
3065 2919 3349 2977 πολιτικὸν
3404 2925 3541 2997 μετᾶ
3586 2929 3692 2981 τῶν
3736 2932 3838 2994 τῆς

2190 3011 2404 3074 πόλεως
2465 3011 2848 3083 συστημάτων,
2908 3010 2999 3065 καὶ
3073 3008 3208 3067 ἐπτᾶ
3289 3012 3503 3088 ἡμέρας
3587 3013 3839 3071 πίνουσιν

2192 3100 2363 3155 ἐκεῖσε
2392 3100 2453 3154 τὸ
2503 3098 2812 3175 προῤῥηθὲν
2849 3097 3157 3177 λοχόζεμα.
3221 3101 3464 3174 Ὁμοίως
3516 3103 3608 3158 καὶ
3647 3103 3699 3158 ἐν
3729 3110 3847 3170 τοῖς

2191 3189 2547 3264 προῤῥηθεῖσι
2576 3193 2689 3257 ’τῆς
2722 3187 3004 3266 λεῶφόρου
3034 3187 3274 3264 τριόδοις
3306 3191 3620 3269 ὀφείλουσιν
3652 3193 3842 3269 συνέρ-

439 3256 612 3334 debet
639 3279 733 3332 edi
764 3283 819 3332 et
841 3256 1140 3344 celebrari,
1168 3256 1319 3348 quod
1360 3256 1718 3333 consuetudo
1750 3278 2075 3334 Iocbozema

2192 3256 2483 3354 χεσὸαι-οὶ
2528 3277 2581 3332 ἐν
2633 3256 2857 3351 Χριστῷ
2903 3256 3077 3351 ἦμῶν
3105 3256 3361 3358 ςῖιδελιροὶ⁸
3392 3281 3443 3335 οἳ
3488 3280 3714 3353 πένητες
3751 3256 3842 3337 καὶ

436 3367 685 3439 appellat
716 3367 1137 3437 seujusculum
1171 3382 1489 3438 puerperae,
1523 3371 1581 3423 et
1605 3367 1840 3438 quidem
1862 3368 1922 3422 in
1947 3384 2073 3439 por-

2188 3367 2349 3423 πίνειν
2389 3367 2478 3421 ἑπὶ
2500 3366 2635 3421 ἔπτὰ
2666 3367 2876 3441 ἡμέρας
2902 3367 2966 3422 τὸ
2989 3366 3297 3444 προρῥηθέν
3321 3368 3627 3444 λοχόζεμα.

431 3459 552 3514 ticu
578 3455 975 3513 novemdecim
1000 3455 1373 3510 accubituum
1398 3460 1455 3511 et
1482 3456 1541 3510 in
1563 3456 1751 3511 triviis
1779 3457 2080 3530 prmlongm
2111 3461 2168 3514 et
2198 3456 2579 3529 amplissimae
2614 3457 2813 3529 plateas
2868 3457 3100 3513 urbanae
3162 3459 3312 3531 [quas
3370 3477 3527 3517 mese
3572 3461 3837 3535 dicitur},

432 3562 645 3617 nempe
682 3562 715 3600 a
744 3544 943 3600 cbalce
974 3560 1155 3614 usque
1187 3545 1257 3599 ad
1300 3544 1527 3600 bovem.
1580 3544 1641 3600 In
1688 3546 1975 3616 porticum
2024 3547 2430 3603 novemdecim
2495 3546 2872 3602 accubituum
2931 3547 3283 3603 conveniunt
3328 3547 3547 3604 tribuni
3601 3555 3840 3623 tagma-

435 3640 564 3691 tum
598 3650 733 3690 cum
766 3633 1090 3703 scholariis,
1123 3638 1180 3689 et
1210 3634 1580 3704 magistratus
1629 3635 2066 3692 classiariorum
2119 3652 2253 3691 cum
2309 3635 2457 3708 ipsis
2504 3635 2859 3702 classiariis;
2904 3636 3059 3692 358
3109 3636 3247 3692 item
3298 3638 3605 3708 populares
3643 3639 3846 3696 amba-

433 3740 562 3780 rum
596 3723 938 3790 factionum,
964 3727 1023 3779 et
1052 3724 1432 3796 magistratus
1464 3724 1724 3781 urbanus
1753 3740 1886 3781 cum
1918 3724 2178 3797 collegiis
2207 3725 2485 3791 urbanis;
2520 3724 2847 3795 bibuntque
2871 3723 2952 3779 ibi
2985 3738 3087 3794 per
3107 3726 3442 3796 septiduum
3494 3728 3840 3799 praedictum

430 3812 785 3869 lochozema.
817 3814 889 3867 At
917 3812 975 3867 in
1018 3813 1301 3883 praedictae
1368 3811 1577 3883 plateae
1643 3813 1830 3870 triviis
1899 3814 2250 3871 conveniunt
2290 3813 2475 3870 nostri
2541 3812 2602 3868 in
2659 3812 2886 3868 Christo
2952 3812 3180 3882 fratres,
3223 3830 3530 3887 pauperes,
3596 3815 3835 3873 eodem-

434 3904 714 3962 beneficio
745 3920 847 3976 per
866 3905 1198 3976 septiduum
1230 3903 1448 3975 pariter
1475 3906 1749 3976 gaudent.

1026 3994 1258 4051 CAPUT
1295 3995 1467 4052 XXII.

609 4085 957 4144 Obseruantia
983 4086 1043 4142 in
1074 4086 1345 4156 baptismo
1374 4084 1487 4154 ﬁlii
1530 4087 1898 4157 imperatoris.

503 4250 767 4306 Primum
799 4266 869 4306 ex
898 4248 1176 4304 mandato
1207 4244 1583 4316 imperatoris
1607 4246 1891 4318 jubentur
1918 4250 2075 4303 certo

429 4346 685 4408 tempore
713 4345 771 4393 et
799 4336 924 4393 loco
975 4334 1285 4392 convenire
1334 4335 1620 4407 magistri,
1672 4336 2071 4407 proconsules.

2781 3996 3044 4052 ΚΕΦΑΛ.
3095 3998 3216 4053 KB’.

2188 4085 2317 4142 Ὀσα
2427 4080 2509 4138 δεῖ
2607 4080 3043 4161 πυραφυλάττειν
3117 4082 3257 4161 ,ἐπὶ
3291 4153 3302 4161 _
3342 4084 3640 4159 βαπτισμῷ
3727 4087 3840 4161 (81)

2613 4152 2836 4231 ἅρῥενός
2873 4152 3071 4216 παιδὸς
3113 4152 3407 4226 βασιλέως.

2257 4244 2507 4301 Κελεόσει
2537 4247 2634 4299 τοῦ
2691 4237 2963 4318 βασιλέως
3012 4244 3284 4319 ὁρίζονται
3334 4244 3650 4320 μάγιστροι,
3683 4247 3840 4302 ’ἄνθ-

2186 4334 2404 4405 ὕπατοι,
2457 4331 2758 4408 πατρίκιοι,
2791 4334 3110 4410 στρατηγοὶ,
3165 4332 3524 4412 στρατάρχαι,
3555 4336 3833 4411 τουρμᾶρ-

1488 4434 1687 4493 .IOAN.
1726 4435 1872 4492 JAC.
1914 4434 2174 4492 REISKII
2211 4432 2795 4491 COMMENTARIUS.

508 4534 619 4605 (79)
647 4537 910 4607 Augusta
939 4550 1053 4589 non
1076 4533 1325 4590 habebat
1355 4532 1555 4606 plures
1587 4535 1792 4590 unicas
1840 4539 2030 4607 zostaﬁs
2057 4551 2071 4607 ς
2107 4536 2153 4602 Ι)
2183 4549 2333 4607 saepe
2363 4549 2547 4604 usque
2577 4532 2651 4607 ad
2685 4532 3068 4607 pubertatem,
3102 4531 3222 4607 imo
3261 4531 3504 4604 quidam
3537 4550 3723 4606 usque
3754 4533 3840 4590 ad

434 4613 489 4662 at
520 4607 623 4662 ubi
651 4605 776 4662 duae
808 4611 1004 4661 essent
1042 4612 1336 4674 Augustae,
1359 4605 1588 4662 isocrus
1635 4612 1693 4660 et
1740 4622 1943 4672 nurus,
1994 4605 2074 4660 ibi

435 4694 665 4749 quoque
694 4679 846 4735 binae
876 4685 1033 4732 erant
1058 4683 1253 4749 zosta‘,
1287 4676 1499 4747 cuique
1544 4681 1816 4747 Augustae
1849 4695 1975 4747 sua,
2011 4683 2076 4733 ut

433 4748 699 4821 tempore
730 4748 1089 4807 Constantini
1137 4754 1193 4805 et
1225 4750 1467 4805 Romani
1498 4749 2071 4822 Porphyrogcnneto-

435 4839 592 4878 POHD.

507 4895 624 4967 (80)
656 4892 1024 4967 Quasidicas
1059 4887 1193 4962 ζέμα
1238 4886 1390 4967 λόγῳ
1434 4896 1533 4967 τῆς
1563 4888 1788 4967 *λέχους
1835 4891 1923 4948 vel
1974 4892 2075 4967 τῆς

436 4962 688 5035 λοχείας,
722 4964 1088 5035 ὁνοάίιινηίρνο
1114 4962 1410 5033 puerpera.
1434 4964 1612 5035 Quale
1638 4962 1853 5026 autem,
1887 4964 1986 5035 qui
2018 4968 2076 5018 et

437 4983 503 5019 ΛΟ
553 4983 688 5032 ειας,
722 4983 972 5021 oroamm
992 4983 1088 5032 pro
1114 4983 1410 5033 puerpera.
1434 4983 1612 5027 uuate
1638 4983 1853 5026 autem,
1887 4983 1986 5035 qIJl
2018 4983 2076 5018 et

434 4983 587 5093 unﬁe
618 5039 945 5093 confectum
978 5034 1087 5090 hoc
1122 5036 1407 5102 hrodlum,
1442 5051 1556 5089 non
1589 5034 1795 5105 liquet.
1829 5036 2076 5091 Videtur

431 5110 632 5165 vinum
686 5109 1031 5163 medicatum
1083 5106 1285 5173 fuisse,
1318 5106 1803 5175 quemadmodum
1852 5108 2072 5176 passim

437 5197 563 5237 mos
590 5181 829 5248 obtinet,
859 5178 1056 5232 vinum
1080 5177 1432 5248 cinnamomi
1458 5177 1743 5244 cannulis,
1767 5193 1999 5232 saccaro
2018 5181 2077 5248 et

432 5253 659 5307 taleolis
690 5252 817 5305 citri
852 5250 1087 5304 mistum
1122 5247 1235 5315 (die
1261 5255 1412 5303 susse
1442 5248 1626 5303 Caune
1655 5248 1971 5319 appellant)
2001 5247 2074 5302 ad

435 5339 777 5391 puerperam
845 5321 1233 5376 invisentibus
1309 5319 1675 5391 propinandi.
1768 5319 2070 5375 Leunclav.

434 5394 705 5449 Pandect.
736 5396 903 5449 Ture.
930 5411 988 5449 n.
1024 5393 1091 5446 19
1133 5391 1411 5463 perhibet,
1462 5391 1872 5462 imperatorem
1918 5391 2074 5445 Tur-

435 5482 631 5520 caru'n
666 5466 737 5520 ob
768 5468 1121 5519 nativitatem
1153 5464 1257 5517 ﬁlii
1290 5479 1469 5518 novos
1525 5478 1795 5518 nummos
1841 5464 2069 5517 cudere.

434 5540 511 5659 Dte
559 5536 670 5590 hoc
716 5553 879 5618 more
930 5534 1078 5592 nihil
1132 5535 1285 5605 apud
1342 5536 1597 5590 CPtanos
1653 5534 1796 5606 imp.
1849 5534 2073 5590 Graecos

434 5623 464 5659 0
510 5621 753 5659 servavn.

431 5621 753 5661 οῡεθννανι.

505 5676 622 5751 (_8_1_)
655 5676 834 5751 Miror
881 5678 1035 5751 quod
1082 5680 1313 5751 tempus
1362 5675 1578 5751 peracti
1624 5677 1907 5749 baptismi
1938 5693 2070 5751 non

437 5744 744 5801 addiderit.
775 5749 842 5806 In
872 5744 1061 5820 prima
1088 5744 1322 5819 quidem
1363 5744 1619 5808 Ecclesia
1662 5744 2074 5824 eispectabant

2187 4603 2392 4677 horam
2419 4603 2645 4677 mortis,
2669 4608 2744 4677 et,
2765 4603 2815 4659 si
2838 4618 3115 4677 numerus
3139 4603 3368 4660 adesSet
3394 4607 3536 4661 satis
3560 4603 3832 4677 magnus,

2187 4675 2367 4733 semel
2390 4681 2488 4731 aut
2508 4676 2601 4748 bis
2619 4676 2705 4730 vel
2728 4678 2818 4748 ter
2838 4676 2909 4731 ad
2932 4691 3236 4731 summum
3262 4692 3365 4745 per
3383 4692 3602 4733 annum
3628 4675 3832 4748 bapti-

2184 4748 2397 4804 zabant
2428 4745 2606 4802 simul
2647 4747 3093 4803 catechumenos
3124 4748 3387 4816 ejusdem
3438 4750 3615 4804 ferme
3646 4745 3829 4804 aetatis

2185 4820 2331 4876 festo
2391 4818 2767 4891 Epiphaniae,
2843 4834 3058 4890 magno
3128 4818 3407 4891 $abbatp_
3453 4828 3506 4891 et
3579 4821 3828 4891 Sabbato

2184 4888 2570 4947 Pentecostes.
2606 4892 2786 4957 Quem
2819 4888 3038 4947 morem
3062 4906 3095 4945 a
3116 4889 3331 4946 Graecis
3353 4888 3829 4948 Muhammedani

2183 4963 2454 5018 videntur
2495 4963 2813 5034 accepisse,
2854 4961 2955 5032 qui
2996 4961 3175 5034 etiam
3224 4978 3426 5034 mares
3465 4979 3605 5034 suos
3655 4961 3829 5034 annis

2185 5032 2650 5106 adolescentibus
2681 5034 2934 5106 demum,
2959 5032 3407 5106 circumcidunt,
3428 5033 3628 5106 eique
3671 5032 3829 5106 actui

2186 5107 2398 5162 festum
2425 5105 2748 5161 solemnius
2764 5108 2866 5159 aut
2887 5104 3390 5161 circumcisionem
3417 5103 3830 5176 ﬁlii'principis

2185 5177 2632 5262 praestolamur.
2665 5176 2881 5262 verum
2931 5181 3192 5262 tempore
3244 5177 3591 5262 procedente
3642 5178 3826 5262 etiam

2185 5248 2436 5305 infantes
2473 5248 2751 5320 baptizati
2793 5248 3049 5312 fuerunt,
3067 5248 3259 5320 citius
3302 5248 3618 5320 tardiusve,
3656 5251 3830 5320 prout

2184 5321 2412 5376 luberet
2455 5317 2569 5375 aut'
2599 5337 2688 5375 res
2736 5321 2929 5374 ferret.
2979 5317 3320 5390 Epiphania,
3371 5318 3621 5374 Heraclii
3687 5318 3829 5382 ﬁlia,

2186 5392 2478 5460 baptizata
2514 5391 2620 5446 fuit
2651 5391 2743 5447 die
2765 5408 2797 5445 a
2822 5391 3114 5445 nativitate
3144 5390 3588 5461 quadragesimo
3621 5390 3677 5444 in
3709 5392 3830 5445 aede

2187 5462 2596 5518 Blachernensi
2622 5483 2636 5531 ;
2671 5462 2781 5517 vid.
2805 5461 3141 5530 Theophan.
3166 5460 3232 5531 'p.
3251 5462 3376 5516 250.
3400 5460 3827 5516 Constantinus

2184 5534 2515 5588 Caballinus
2539 5534 2854 5604 pariterdiu
2875 5540 2999 5603 post
3022 5534 3381 5587 nativitatem
3407 5533 3595 5604 fuitin
3615 5532 3827 5604 Magna

2183 5605 2429 5677 ecclesia
2460 5602 2828 5677 baptizatus;
2860 5602 2971 5661 iud.
2994 5604 3170 5677 fidem
3192 5621 3246 5677 p.
3278 5604 3399 5677 335.
3435 5603 3533 5677 Ait
3562 5602 3825 5677 enim'ibi

2182 5673 2581 5747 TheOphanes,
2634 5686 2878 5732 matrem
2952 5676 3101 5747 ejus,
3140 5675 3416 5747 Mariam,
3478 5673 3824 5747 interfuisse

2184 5744 2474 5821 baptismo
2499 5753 2557 5805 et
2577 5747 2921 5808 redeuntem
2939 5744 3009 5826 ei
3037 5745 3281 5805 ecclesia
3302 5744 3589 5817 sparsisse
3607 5759 3822 5802 manus
