4088 6316
525 371 680 434 1155

1579 359 2111 424 CONSTANTlNI
2156 358 2853 422 PORPHYROGENITI

3777 361 3954 423 1156

519 510 753 570 advenit
806 504 1237 566 referendarius
1283 499 1644 575 patriarchae,
1704 502 1761 555 et
1808 495 2162 561 sciscitatur,

2281 515 2411 573 χοι),
2460 494 2551 550 καὶ
2597 493 2774 569 ἐρωτᾷ
2803 494 2848 549 εἰ
2878 493 3086 550 κελεύει
3147 494 3175 550 ὁ
3238 490 3498 571 βασιλεὺς
3548 492 3815 552 εἰσελθεῖν
3844 498 3950 553 τὸν

521 604 729 660 velitne
759 602 1076 673 imperator
1095 593 1481 667 patriarcham
1507 589 1798 648 advenire.
1831 590 2016 644 Intrat
2038 604 2179 659 prae-

522 693 751 767 positus
781 692 852 746 ad
883 689 1291 758 imperatorem
1335 697 1515 755 eaque
1547 682 1618 737 de
1648 697 1709 736 re
1748 679 2039 750 signiﬁcat
2072 695 2087 745 ;
2120 681 2177 732 et

522 784 789 854 Augusto
820 776 1045 833 volente
1071 773 1337 845 jubente,
1372 777 1436 825 ut
1468 770 1797 841 patriarcha
1815 768 2029 832 veniat.
2054 783 2177 822 rur-

524 886 626 926 sus
658 869 727 924 ad
763 863 1215 922 referendarium
1248 861 1365 916 exit
1394 862 1674 925 referens,
1708 857 1850 913 velle
1873 858 2181 927 imperato-

521 973 666 1024 rem,
712 965 769 1010 ut
811 950 1143 1026 patriarcha
1179 952 1392 1006 veniat.
1438 949 1566 1004 Abit
1604 948 1801 1017 itaque
1846 945 2179 1002 referenda-

521 1049 664 1112 rius,
708 1052 764 1099 et
808 1043 1053 1100 arcessit
1104 1039 1511 1113 patriarcbam.
1562 1039 1714 1095 859
1760 1038 1862 1093 Hic
1907 1039 2066 1094 venit
2113 1038 2173 1094 in

522 1139 802 1212 palatium
834 1138 894 1193 in
925 1138 1202 1191 consueto
1232 1149 1340 1189 suo
1371 1132 1674 1199 comitatu,
1708 1147 1916 1203 nempe
1955 1135 2173 1187 secreto

523 1245 630 1287 suo
661 1232 717 1285 et
747 1224 1132 1296 metropolitis
1152 1230 1323 1293 atque
1350 1222 1823 1293 archiepiscOpis.
1846 1221 1912 1277 Ei
1941 1220 2170 1276 obviam

523 1321 590 1375 ﬁt
619 1320 939 1390 imperator
968 1315 1030 1369 in
1062 1310 1551 1384 cbrysotriclinio,
1582 1315 1639 1367 et
1667 1310 1843 1367 simul
1873 1312 2090 1366 abeunt
2111 1310 2173 1365 in

521 1408 668 1466 illud
699 1405 1003 1476 templum,
1034 1404 1093 1459 in
1126 1418 1238 1474 quo
1265 1417 1508 1474 puerum
1535 1401 1759 1458 tonderi
1781 1401 1904 1455 vult
1924 1400 2176 1473 impera-

521 1505 632 1555 tor.
666 1495 935 1552 Proxime
957 1493 1061 1548 hos
1082 1493 1491 1564 ingrediuntur
1514 1493 1572 1546 in
1594 1488 1737 1545 illud
1763 1489 2049 1560 templum
2078 1506 2176 1545 cu-

519 1586 784 1643 bicularii
818 1589 873 1641 et
903 1599 1171 1656 proceres
1211 1581 1549 1653 patriarchas
1580 1583 1636 1635 et
1674 1595 1801 1649 eJus
1831 1578 2172 1635 cubiculen-

521 1695 615 1734 ses
672 1701 687 1743 ;
731 1686 856 1729 tum
898 1672 1277 1743 metropolitte
1326 1675 1383 1726 et
1422 1668 1862 1741 archiepiscopi.
1919 1667 2175 1724 Veniunt

522 1766 797 1834 deinceps
826 1777 894 1816 ex
926 1758 1292 1830 imperatoris
1332 1758 1607 1812 mandato
1648 1762 1944 1813 senatores
1974 1762 2030 1812 et
2069 1757 2170 1827 qui

2283 585 2653 659 πατριάρχην.
2712 585 2825 641 Τοῖ’)
2896 579 2955 638 δὲ
3032 580 3300 660 βασιλέως
3370 585 3945 659 ὑπομιμνησκομὲνου

2283 678 2430 752 παρᾶ
2476 681 2572 734 τοῦ
2617 675 2977 750 πραιποσίτου
3025 675 3116 731 καὶ
3165 675 3487 738 κελεύοντος
3535 676 3799 733 εἰσελθεῖν
3843 681 3940 735 τὸν

2283 767 2649 842 πατριάρχην,
2680 765 2952 842 ἐξέρχεται
3001 766 3029 821 ὁ
3080 767 3436 842 πραιπὸσιτος
3483 766 3657 840 λέγων
3690 773 3771 841 τῷ
3804 770 3939 843 ῥαι-

2284 854 2638 930 φερενδαρίῳ,
2700 856 2781 911 ὅτι
2839 854 3046 911 κελεύει
3117 856 3145 910 ὁ
3206 854 3459 932 βασιλεὺς
3527 854 3790 920 εἰσελθεῖν
3844 861 3939 914 τὸν

2282 947 2653 1023 πατριάρχην.
2684 947 2745 1004 Ὁ
2796 942 2852 1000 δὲ
2900 946 3073 1001 ἀπιὼν
3122 942 3511 1021 προσκαλεῖται
3539 946 3634 1001 τὸν
3666 950 3940 1025 πατριάρ-

2283 1060 2415 1115 χην,
2462 1040 2553 1094 καὶ
2602 1038 2904 1114 εἰσέρχεται
2955 1038 3007 1093 ἐν
3054 1043 3134 1112 τῷ
3181 1037 3458 1111 παλατίῳ,
3488 1039 3671 1103 καθὼς
3706 1038 3937 1105 εἴθισται

2282 1129 2454 1202 αὐτῷ,
2482 1128 2617 1203 μετὰ
2642 1132 2738 1184 τοῦ
2770 1128 3022 1203 σεκρέτου
3074 1127 3240 1183 αὐτοῦ
3287 1128 3377 1183 καὶ
3422 1133 3531 1183 τῶν
3583 1131 3938 1203 μητροπολι-

2282 1224 2391 1274 τῶν
2431 1220 2520 1273 καὶ
2571 1219 3040 1297 ἂρχιεπισκόπων,
3088 1217 3179 1273 καὶ
3231 1218 3437 1288 ὑπαντᾷ
3482 1217 3644 1273 αὐτὸν
3695 1220 3723 1275 ὁ
3776 1220 3937 1294 βασι-

2283 1306 2410 1371 λεὺς
2460 1308 2511 1364 ἐν
2565 1310 2644 1381 τῷ
2703 1305 3165 1385 χρυσοτρικλένῳ.
3226 1306 3324 1362 Καὶ
3388 1306 3467 1370 εἷς
3527 1309 3642 1363 οἷον
3696 1307 3756 1363 ἄν
3812 1312 3935 1366 ναὸν

2280 1397 2475 1473 κελεύῃ
2522 1400 2550 1453 ὁ
2613 1396 2865 1473 βασιλεὺς
2929 1393 3169 1474 γενέσθαι
3226 1396 3290 1452 τὸ
3364 1395 3664 1471 κοῦρευμα,
3724 1397 3937 1455 ἄπεισιν

2287 1489 2419 1562 μετὰ
2448 1492 2544 1542 τοῦ
2574 1487 2942 1566 πατριάρχου.
2993 1484 3091 1542 Καὶ
3138 1486 3238 1551 εἶθ’
3286 1483 3459 1548 οὕτως
3506 1486 3851 1562 εἰσέρχονται
3880 1491 3937 1545 οἱ

2281 1582 2379 1634 τοῦ
2418 1573 2812 1633 κουϐουκλεὶου
2858 1576 2949 1631 καὶ
3008 1577 3060 1631 οἱ
3119 1574 3388 1657 ἄρχοντες
3433 1580 3532 1631 τοῦ
3580 1578 3935 1658 πατριάρχου

2280 1669 2368 1723 καὶ
2400 1662 2863 1738 κουϐουκλείσιοι,
2916 1667 3051 1740 πρὸς
3096 1664 3321 1727 τούτοις
3378 1665 3788 1741 μητροπολῖται
3839 1668 3934 1721 καὶ

2281 1759 2725 1834 ἀρχιερίσκοποι.
2772 1756 2907 1813 Εἶτα
2953 1752 3197 1810 κελεύσει
3246 1757 3345 1810 τοῦ
3379 1752 3647 1831 βασιλέως
3674 1751 3939 1831 ἔρχονται

520 1851 797 1910 destinati
825 1853 962 1905 sunt
991 1858 1318 1918 exceplores
1346 1846 1592 1902 crinium
1625 1847 1788 1917 pueri
1823 1846 2162 1918 imperialis.

2281 1850 2366 1904 καὶ
2418 1850 2469 1903 οἱ
2518 1854 2619 1917 τῆς
2680 1843 2989 1920 συγκλήτου
3046 1844 3137 1899 καὶ
3196 1845 3313 1899 ὅσοι
3376 1843 3642 1917 μέλλουσι
3693 1845 3947 1922 γίνεσθςιι

518 1944 662 2001 Dein
694 1941 859 1997 affert
890 1939 1233 2011 praepositus
1256 1937 1620 1993 manucciola
1649 1937 1835 1992 multa
1859 1954 2040 1994 unum
2072 1939 2161 1995 al-

518 2033 624 2089 teri
655 2034 925 2097 consuta,
957 2036 1019 2084 ut
1051 2027 1288 2099 longam
1320 2026 1495 2082 telam
1527 2026 1804 2097 efficiant,
1835 2043 2019 2099 eaque
2048 2034 2165 2086 tra-

520 2122 606 2179 dit
634 2121 998 2195 patriarcbaa,
1020 2118 1115 2174 hic
1146 2135 1314 2191 porro
1335 2117 1515 2173 tradit
1535 2118 1745 2173 futuris
1767 2121 2169 2191 exceptoribus

522 2211 800 2268 crinium.
848 2209 914 2264 Et
954 2208 1087 2263 dein
1130 2208 1194 2262 ﬁt
1241 2206 1386 2263 ritus
1424 2205 1850 2263 ecclesiasticus
1890 2212 2164 2265 tonsuras.

519 2302 643 2367 Quo
676 2300 848 2365 facto,
881 2297 1057 2353 tradit
1087 2296 1420 2369 patriarcha
1452 2297 1701 2368 primum
1730 2313 1971 2353 aureum
1994 2300 2168 2356 suda-

516 2394 695 2458 rium,
735 2390 794 2444 in
825 2404 939 2460 quo
963 2388 1164 2459 jacent
1194 2387 1419 2441 detonsi
1454 2385 1663 2452 crines,
1692 2388 2039 2459 praeposito;
2069 2406 2173 2445 cae-

515 2485 637 2536 tera
673 2495 807 2535 vero
840 2475 1207 2531 manucciola
1233 2475 1516 2546 diripiunt
1544 2480 1600 2529 et
1642 2477 1982 2547 partiuntur
2018 2479 2172 2535 inter

516 2584 580 2624 se
608 2573 965 2637 exceptores.
996 2565 1113 2620 Sub
1138 2563 1374 2629 Basilio,
1395 2564 1768 2620 celeberrimo
1799 2566 2169 2639 imperatore,

516 2658 690 2714 ﬁebat
710 2662 948 2713 tonsura
970 2653 1074 2709 filii
1096 2654 1223 2725 ejus
1247 2653 1476 2725 Leonis,
1493 2652 1864 2724 philocbristi
1887 2658 2167 2728 despotic,

2274 1936 2537 2014 ἆνάὃοχοι
2595 1941 2701 1993 τῶν
2760 1941 2968 2012 τριχῶν
3030 1939 3126 1991 τοῦ
3190 1933 3478 2011 βασιλὶκοῦ
3538 1932 3752 2000 παιδός.
3808 1937 3943 1993 Εἶτα

2280 2030 2486 2106 φέρειὸ
2519 2026 2879 2103 πραιπόσιτος
2933 2026 2998 2080 τὰ
3058 2021 3151 2079 διὰ
3207 2024 3383 2101 βαφῆς
3442 2025 3770 2098 συνημμένα
3804 2027 3945 2101 πρὸς

2279 2115 2504 2187 ἄλληλα
2534 2112 2802 2190 ἐγχείρισι,
2859 2112 2950 2166 καὶ
3008 2107 3236 2166 ἔπίδωσι
3288 2113 3454 2165 ταῦτα
3482 2114 3563 2183 τῷ
3594 2112 3941 2192 πατριάρχης),

2279 2209 2307 2263 ὁ
2354 2204 2409 2262 δὲ
2440 2204 2787 2279 πατριάρχης
2835 2206 2952 2264 τοῖς
3015 2200 3280 2274 μέλλουσι
3328 2197 3571 2276 γίνεσθαι
3616 2197 3940 2275 ἀνίδδκοιει

2277 2297 2369 2352 καὶ
2418 2297 2539 2368 ἒξῆς
2604 2292 2808 2369 γίνεται
2870 2293 2905 2360 ἡ
2967 2296 3067 2359 τῆς
3126 2288 3419 2358 ὲκκλησιας
3476 2288 3784 2353 ἀκόλουθος
3838 2295 3938 2345 τοῦ

2278 2384 2649 2460 κουρεύμαιτος
2706 2380 2870 2451 τάξις.
2942 2379 3040 2434 Καὶ
3105 2376 3167 2433 τὸ
3246 2379 3342 2450 μὲν
3411 2381 3628 2451 πρῶτον
3701 2384 3941 2453 χρυσοῦν

2276 2475 2576 2551 ὶγχείριον,
2609 2473 2661 2529 ἐν
2690 2475 2736 2546 ᾧ
2765 2471 2857 2527 καὶ
2908 2473 2960 2524 αἱ
3009 2471 3362 2543 ἀποκαρεῖσσιι
3390 2468 3583 2543 τρίχες
3610 2473 3710 2524 τοῦ
3737 2467 3935 2532 παιδὸς

2279 2567 2547 2642 ἕγιεινται
2601 2568 2736 2637 (87),
2797 2559 3129 2619 ἐπιδίδονται
3183 2565 3263 2632 τῷ
3323 2558 3692 2636 πραιποσῖτῳ,
3746 2562 3817 2616 τὰ
3874 2558 3933 2617 δὲ

2283 2656 2452 2713 λοιπὰ
2496 2656 2739 2732 ἐγχείρια
2787 2650 3192 2728 διαρπαζόμενα
3226 2651 3337 2725 (88)
3387 2649 3531 2724 παρὰ
3576 2654 3686 2705 τῶν
3738 2648 3930 2707 ἀναδό-

1564 2772 1769 2829 JOAN.
1808 2774 1955 2830 JAC.
1999 2777 2266 2835 REISKII
2304 2773 2894 2835 COMMENTARIUS.

513 2872 800 2931 libertatis
830 2871 1067 2927 habent.
1108 2870 1208 2927 Cui
1239 2887 1404 2927 coma
1433 2870 1612 2937 salva,
1645 2871 1743 2927 ille
1773 2871 1921 2929 liber
1949 2878 2039 2929 est
2072 2879 2169 2941 ;et

514 2948 565 3003 si
600 2947 733 3018 quis
765 2944 913 3018 bello
945 2960 1116 3018 quem
1149 2944 1302 3014 cepit
1330 2949 1504 3015 atque
1533 2942 1949 3018 inlibertatem
1972 2947 2172 3002 dimit-

513 3015 924 3086 titfabscindit
953 3017 1084 3085 ejus
1114 3018 1304 3070 nutias
1344 3032 1566 3086 suaque
1603 3015 1661 3069 in
1716 3015 1991 3085 pharetra
2030 3035 2164 3074 con-

512 3090 619 3155 dit,
672 3089 825 3141 velut
866 3087 1103 3157 signum
1149 3088 1377 3155 pristim
1429 3086 1486 3139 in
1538 3086 1847 3140 dimissum
1899 3087 2164 3145 dominii.

510 3162 727 3211 Verum
762 3158 948 3211 medio
980 3173 1097 3210 sevo
1133 3174 1232 3225 per
1261 3157 1677 3211 abscissioncm
1703 3173 1879 3211 comas
1907 3159 2172 3215 solebant

510 3228 991 3301 ﬁlios‘adoptare.
1036 3226 1137 3301 Qui
1183 3227 1327 3301 alter
1356 3243 1627 3301 cumnam
1670 3228 2071 3301 abscindebat,
2112 3232 2162 3286 is

509 3315 645 3373 eum
678 3299 737 3373 in
772 3298 1321 3373 ﬁlium_adop_taba_t.
1356 3298 1637 3373 Praeclare
1666 3303 1749 3373 _Du
1796 3298 2066 3373 Congius
2089 3304 2162 3358 ad

507 3369 763 3425 Joinvill.
810 3386 865 3439 p.
910 3369 1036 3434 272,
1106 3370 1202 3424 ubi
1263 3371 1332 3423 de
1381 3369 1556 3424 variis
1614 3369 1944 3439 adoptandi
1978 3375 2165 3430 modis

509 3442 649 3511 agit,
682 3444 793 3496 Nos
826 3439 1159 3511 historians,
1179 3442 1277 3505 ait,
1302 3457 1439 3495 nous
1465 3440 1807 3510 [ournissent
1836 3459 2028 3500 encore
2060 3462 2167 3501 une

506 3510 663 3567 autre
691 3515 875 3577 eSpece
914 3510 1233 3584 d’adoplion
1274 3513 1598 3584 d’honneur,
1642 3516 1738 3582 qui
1778 3529 1833 3568 se
1866 3517 2059 3584 faisait
2095 3534 2164 3573 en

501 3591 737 3658 coupant
757 3585 853 3658 "les
884 3582 1126 3658 cheveua:
1147 3583 1409 3658 τῖε-ρειαί
1438 3583 1536 3658 qui
1559 3584 1695 3658 élait
1744 3582 1945 3656 adopte'
1971 3604 2038 3643 en
2068 3588 2161 3658 ﬁls

508 3657 726 3711 Paulus
756 3655 1105 3711 Warnel’rid.
1144 3655 1200 3708 in
1229 3655 1436 3709 llistor.
1475 3655 1934 3723 Langobard.'do
1955 3655 2158 3715 Carolo

504 3725 766 3783 Martello
820 3742 835 3781 :
898 3726 1055 3800 Circa
1114 3727 1232 3782 haec
1286 3733 1537 3796 tempora
1569 3727 1845 3800 _Carolus,
1902 3733 2159 3800 princeps

501 3801 868 3861 Francorum.
897 3796 1167 3866 Pipinum
1186 3814 1347 3853 suum
1372 3797 1678 3867 parvulum
1707 3800 1887 3868 ﬁlium
1902 3796 1975 3856 ad
2005 3796 2160 3857 Luit-

503 3870 777 3941 prandum
800 3871 1016 3924 direxit
1046 3873 1105 3923 ul
1135 3870 1253 3937 ejus
1278 3870 1454 3938 juxta
1485 3887 1697 3927 morem
1736 3873 1998 3937 capillum
2035 3890 2157 3929 sus-

500 3941 866 4016 ciperet._Qui
894 3943 1009 4007 eius
1039 3943 1326 4016 caesariem
1364 3941 1613 4016 incidens
1650 3945 1703 3997 ei
1738 3948 1894 4016 pater
1936 3947 2157 4016 eﬂectus

502 4019 600 4080 est,
629 4012 925 4082 multisque
953 4028 1076 4067 eum
1106 4011 1344 4067 dilatum
1378 4015 1544 4080 regiis
1574 4011 1891 4068 muneribus
1922 4011 2159 4077 genitori

502 4086 743 4139 remisit.
781 4084 1129 4138 Anastasius
1192 4083 1314 4137 Vita
1364 4083 1643 4137 Benedicti
1671 4086 1741 4146 ΙΙ,
1788 4101 1841 4153 p.
1890 4087 1957 4138 57
2006 4102 2019 4140 :
2064 4089 2159 4142 Hic

505 4172 619 4210 una
646 4172 769 4210 cum
799 4156 946 4210 clero
975 4164 1025 4209 et
1053 4157 1301 4208 exercitu
1337 4156 1573 4226 suscepit
1617 4156 1878 4226 mallnnes
1920 4156 2001 4226 [id
2043 4164 2153 4221 est,

503 4227 705 4291 cirros,
754 4226 1077 4294 cincinnOs]
1118 4226 1446 4290 capillarum
1486 4223 1704 4278 domini
1746 4223 2059 4281 Justiti-iani
2104 4234 2155 4284 et

501 4296 771 4361 Ησνασίρί,
816 4296 1065 4365 filiorum
1113 4294 1528 4349 clementis-simi
1557 4297 1847 4364 principis,
1895 4299 2061 4353 simul
2101 4308 2153 4355 et

492 4369 985 4439 jussionem,_per
1026 4381 1216 4439 quam
1291 4366 1573 4436 signiﬁcat
1635 4367 1846 4422 eosdem
1909 4369 2147 4435 capillos

432 4460 441 4463 -
492 4435 797 4491 direxisse.
834 4435 897 4491 In
930 4436 1143 4491 Ordine
1177 4435 1449 4492 Romano
1476 4444 1707 4493 exstant
1748 4440 2039 4496 orationes
2075 4445 2142 4497 ad

1552 4528 1795 4587 puerum
1816 4518 2152 4587 tonsuram
2184 4511 2229 4576 D
2261 4521 2590 4587 compatres
2637 4522 2922 4587 quotquot
2951 4519 3161 4587 essent
3201 4530 3408 4570 omnes
3457 4528 3759 4587 mappam,
3790 4511 3913 4587 qua

505 4508 877 4563 incidendam
913 4508 1315 4578 capillaturam
1346 4516 1403 4563 et
1433 4512 1502 4565 ad

502 4581 661 4650 dum.
706 4579 903 4633 Exstat
942 4597 1171 4650 quoque
1215 4580 1341 4634 talis
1385 4579 1631 4635 formula
1679 4584 1829 4645 apud
1875 4584 2151 4641 Murator.

503 4656 546 4704 t.
582 4649 630 4703 ll
668 4653 796 4703 Ληι.
845 4649 973 4703 Ital:
1019 4668 1068 4720 p.
1104 4652 1229 4704 299.
1278 4654 1437 4705 Conf.
1480 4652 1541 4707 P.
1587 4652 1789 4709 Pithasi
1832 4654 2071 4711 Miscell.
2114 4656 2150 4710 l.

500 4722 541 4786 l,
575 4736 624 4776 c.
654 4721 719 4797 _l,
763 4720 909 4797 t.__l_l,
952 4722 1129 4797 Facis
1158 4722 1383 4797 Gruter.
1428 4740 1483 4794 p.
1524 4724 1649 4779 739.
1693 4726 1839 4797 Ergo
1880 4728 1978 4797 qui
2020 4727 2154 4783 talis

503 4791 667 4870 pueri
701 4790 942 4870 capillos
973 4790 1579 4870 abscindebantfaut.
1610 4801 1672 4849 ut
1703 4790 1800 4853 hic
1838 4790 1970 4870 loci,
2013 4816 2151 4870 sup-

504 4863 689 4935 posito
720 4863 954 4918 sudario
1001 4864 1272 4919 detonsos
1312 4883 1345 4920 a
1382 4867 1682 4922 sacerdote
1721 4873 1779 4923 et
1818 4863 2153 4926 decidentes

500 4935 695 5009 crines
725 4935 1107 5004 excipiebant,
1138 4935 1221 5009 illi
1257 4953 1500 5009 puerum
1524 4939 1906 5009 spiritualitor
1927 4947 2155 5005 adapta-

502 5008 646 5085 bant
674 5012 731 5061 et
762 5011 1116 5085 compattres
1148 5007 1273 5085 ejus
1315 5007 1728 5085 fiebant—Erat
1759 5028 1885 5085 mos
1914 5013 2155 5085 capillos

501 5075 592 5133 vel
625 5094 765 5133 suos
799 5077 883 5131 vel
916 5077 1155 5133 alterius
1178 5075 1268 5133 ‘ad
1301 5078 1553 5149 aliquem
1595 5095 1729 5136 cum
1775 5075 2153 5140 litteris.mit-

502 5149 886 5225 tendiAmedio
912 5166 1027 5203 aevo
1057 5150 1223 5225 valde
1254 5151 1529 5225 usitatus,
1560 5159 1613 5204 et
1641 5152 1786 5225 nihil
1820 5155 1975 5210 aliud
2012 5172 2154 5225 pene

504 5220 889 5290 significabal,
924 5236 1095 5292 quam
1128 5223 1174 5275 si
1208 5238 1313 5276 nos
1344 5221 1514 5275 hodie
1545 5222 1852 5279 scribimus
1892 5242 1905 5280 :
1938 5220 2154 5282 Je'uous

504 5293 652 5346 baise
681 5294 757 5347 les
785 5294 985 5360 maius,
1028 5294 1088 5348 Je
1115 5294 1234 5347 suis
1272 5302 1421 5347 votre
1458 5292 1731 5349 seruiteur
1768 5297 2152 5356 tres-humble.

502 5362 647 5418 Nam
692 5364 881 5418 crines
913 5370 1080 5419 erant
1117 5366 1347 5434 signum
1393 5368 1711 5422 servitutis.
1767 5367 1873 5432 Qui
1912 5367 2153 5426 alterius

503 5436 695 5490 crines
725 5435 985 5497 haberet.
1031 5441 1256 5511 poterat
1298 5436 1483 5502 illum,
1525 5438 1696 5509 cujus
1737 5440 1926 5511 crines
1966 5446 2151 5511 erant,

503 5522 731 5578 servum
766 5513 867 5561 aut
898 5515 1049 5563 certe
1084 5508 1351 5563 libertum
1385 5526 1557 5566 suum
1585 5508 1895 5578 appellare.
1931 5511 1989 5566 Et
2035 5508 2150 5575 ille,

503 5578 603 5645 qui
644 5577 835 5657 crines
885 5580 1142 5657 mitteret
1184 5579 1394 5657 alteri,_
1426 5577 1803 5657 profitebatur
1832 5599 1924 5657 _se_
1967 5583 2153 5650 ipsius

503 5648 1152 5729 mancipium._ln_signe
1172 5648 1498 5729 exemplum
1524 5654 1808 5729 habemus
1828 5653 1887 5709 in
1914 5648 2156 5711 historia

499 5718 1545 5796 Baladiniacl.§cbultensio_edita,
1578 5740 1634 5794 p.
1665 5724 1701 5779 5
1739 5725 2152 5796 Excerptorum

500 5802 569 5842 ex
600 5785 912 5843 Abulfeda.
944 5790 1149 5846 Narrat
1189 5792 1265 5847 ibi
1310 5785 1594 5865 princeps'
1617 5785 1933 5866 Arabicus;
1960 5797 2154 5854 Chali-

2275 2876 2391 2930 fam
2423 2874 2651 2946 Egypti
2688 2890 2717 2927 a
2748 2870 3091 2946 Nuroddino
3134 2869 3416 2946 auxilium
3446 2870 3927 2946 contraj‘rancos

2274 2940 2627 3027 ﬂagitasse;
2679 2943 2918 3027 Mittebat
2971 2942 3193 3027 litteras
3237 2943 3314 3027 al_
3334 2940 3491 3027 Alteri,
3535 2944 3612 3027 ad
3655 2941 3930 2999 Nuroddi—

2277 3012 2432 3086 num,
2480 3018 2675 3090 quibus
2722 3014 3005 3070 auxilium
3061 3014 3129 3069 ab
3168 3028 3229 3069 eo
3274 3012 3591 3084 ﬂagitabat,
3648 3029 3761 3068 una
3808 3030 3933 3069 cum

2275 3091 2524 3145 crinibus
2568 3103 2809 3143 uxorum
2860 3103 3089 3141 suarum
3133 3085 3242 3157 (vel
3300 3084 3553 3157 gynaecei
3612 3085 3750 3157 sui),
3803 3101 3927 3157 quos

2203 3144 2244 3210 C
2276 3162 2475 3215 litteris
2498 3160 2825 3214 incluserat.
2866 3159 2951 3212 Ita
2971 3144 3194 3226 integie
3218 3144 3510 3227 Ieg‘i’turin
3534 3144 3926 3211 codice'm'sto.

2275 3237 2579 3287 Postrema
2610 3236 2666 3285 et
2696 3230 2947 3286 maxime
2981 3226 3260 3285 notabilia
3282 3226 3566 3283 omittere
3605 3227 3929 3283 consultius

2273 3303 2442 3358 duxit
2472 3302 2544 3360 cl.
2576 3302 2793 3357 Editor.
2826 3304 3097 3370 Apparet,
3128 3298 3406 3355 Cbalilam
3430 3298 3686 3370 voluisse
3711 3298 3926 3354 Nurod-

2272 3375 2409 3431 dino
2441 3373 2721 3446 quoquis
2749 3369 3073 3443 excogitare
3105 3377 3324 3446 poterat
3357 3369 3612 3446 maximo
3645 3370 3928 3446 blandiri,

2272 3453 2329 3507 et
2375 3442 2772 3501 humillimam
2827 3442 2995 3499 suam
3056 3442 3491 3497 venerationem
3544 3442 3660 3513 ipsi
3703 3443 3921 3497 testari.

2272 3525 2466 3575 Genus
2514 3516 2964 3587 supplicationis
3021 3525 3079 3587 et
3129 3513 3554 3569 humiliationis
3601 3517 3925 3587 extremum

2270 3596 2379 3653 est,
2425 3591 2473 3644 si
2518 3585 2790 3659 princeps
2830 3603 2987 3659 unus
3018 3585 3182 3659 alteri
3214 3601 3414 3659 comas
3459 3601 3572 3659 non
3618 3599 3773 3650 suas,
3825 3586 3922 3640 sed

2268 3654 2533 3733 gynmcei
2555 3660 2647 3715 sui
2681 3654 2895 3733 mittat.
2928 3657 3274 3733 in_r_eg_ione,
3320 3657 3418 3711 ubi
3453 3654 3726 3733 mulieres
3754 3661 3924 3733 tanta

2268 3728 2407 3787 sunt
2438 3733 2494 3788 in
2537 3732 2925 3793 veneratione.
2958 3728 3059 3783 ubi
3107 3729 3475 3783 honestatem
3509 3728 3723 3782 violare
3768 3728 3924 3783 vide-

2266 3808 2383 3872 tur,
2444 3802 2539 3871 qui
2587 3819 2684 3857 eas
2744 3801 2832 3857 vel
2889 3800 3210 3872 nominare
3253 3798 3418 3872 audet
3477 3799 3636 3872 ;ubi
3699 3799 3919 3872 feminae

2270 3869 2497 3930 vultum
2576 3889 2749 3928 suum
2826 3872 3042 3928 nemini
3103 3870 3213 3925 nisi
3282 3869 3536 3926 multum
3606 3869 3916 3927 honestiori

2269 3950 2622 4012 monstrant,
2654 3946 2869 4000 nedum
2900 3958 3127 3998 comam
3158 3959 3328 3998 suam
3362 3941 3716 4013 impertiant.

2340 4019 2451 4088 (87)
2485 4015 3023 4088 Mappulaquoque
3044 4013 3403 4088 excipiebant
3438 4013 3651 4088 crines,
3675 4013 3774 4075 qui
3794 4013 3920 4088 bar-

2268 4083 2401 4144 bam
2433 4083 2703 4159 'pectenti
2751 4083 3095 4159 imperatori
3157 4083 3549 4159 excipiebant.
3596 4083 3801 4159 Narrat
3850 4085 3918 4140 de

2268 4155 2497 4215 tiliabu's
2529 4158 2763 4214 Roberti
2795 4155 3095 4215 Guiscardi
3133 4157 3447 4213 0rdericus
3486 4155 3699 4210 Vitalis
3741 4158 3781 4210 l.
3821 4172 3916 4219 vn.

2264 4231 2508 4298 ofﬁcium
2561 4247 2757 4286 earum
2814 4231 3008 4298 fuisse,
3066 4245 3231 4283 mane
3296 4229 3431 4282 dum
3482 4228 3618 4296 imp.
3669 4227 3918 4282 CPtanus

2262 4302 2526 4373 (Alexius
2558 4302 2910 4370 Comnenus)
2939 4300 3006 4354 de
3039 4308 3211 4355 strato
3228 4298 3584 4373 surrexisset,
3624 4314 3916 4373 manusque

2261 4370 2386 4428 suas
2405 4374 2668 4435 ablueret,
2694 4373 3017 4442 mappulam
3033 4377 3083 4427 et
3105 4373 3384 4441 pectinem
3405 4370 3715 4426 eburneum
3725 4371 3914 4442 aﬂerre

2262 4450 2316 4499 et
2374 4445 2604 4500 barbam
2655 4441 3009 4510 imperatoris
3058 4452 3284 4511 pectere.
3346 4442 3425 4497 Eo
3488 4446 3709 4506 autem,
3769 4441 3911 4512 quod

2261 4584 2450 4641 crines
2480 4584 2816 4643 decidentes
2840 4585 3300 4656 excipiebantur,
3342 4585 3641 4653 tenebant,
3696 4584 3910 4649 signiti-

2260 4661 2493 4723 cabant,
2509 4675 2570 4713 se
2586 4664 2819 4712 tonsum
2844 4650 3122 4712 infantem
3149 4650 3210 4711 in
3223 4662 3436 4712 cmtum
3455 4650 3908 4726 suum'recipere,

2258 4730 2318 4785 id
2352 4735 2459 4794 est,
2491 4730 2560 4783 ad
2593 4730 3057 4785 communionem
3092 4728 3552 4783 Christianorum
3587 4727 3906 4793 admittere,

2260 4817 2395 4856 eum
2421 4818 2521 4873 pro
2545 4818 2659 4857 uno
2678 4801 3143 4873 commilitonum
3160 4805 3473 4873 suorumet
3493 4798 3906 4873 confidentiam

2261 4868 2594 4956 agnoscere,
2627 4872 3126 4956 quemadmodum
3158 4871 3438 4956 episcOpi,
3479 4868 3724 4956 alteriup
3740 4868 3906 4956 flecti

2259 4940 2509 5014 episcopi
2542 4940 2895 4999 ordinationi
2929 4940 3268 5014 praesentes,
3298 4940 3506 5014 omnes
3532 4940 3711 5014 simul
3738 4942 3909 5014 Evan-

2260 5012 2396 5087 gelii
2440 5012 2699 5071 codicem
2751 5012 2959 5071 cervici
3007 5020 3064 5071 et
3105 5014 3284 5085 capiti
3316 5012 3513 5087 __electi
3572 5012 3910 5087 impositum

2259 5083 2774 5159 apprehendebant
2803 5102 2985 5159 eoque
3008 5083 3205 5159 ipsum
3238 5084 3525 5159 collegam
3558 5083 3911 5156 proﬁteban-

2260 5157 2357 5214 tur
2390 5183 2404 5222 ς
2439 5157 2555 5213 vid.
2590 5158 2824 5213 Haberti
2854 5157 3141 5213 antiiiic.
3176 5173 3234 5227 p.
3263 5157 3353 5212 80.

2331 5230 2449 5303 (88)
2480 5229 2637 5285 Talis
2669 5230 2770 5285 fuit
2801 5228 2898 5303 ille
2929 5245 3071 5293 mos,
3103 5225 3300 5303 qualis
3332 5227 3431 5303 ille
3455 5225 3636 5303 hodie
3656 5228 3767 5295 est,
3799 5239 3914 5303 cum

2259 5296 2508 5372 pannos,
2541 5317 2719 5372 super
2743 5301 2960 5372 quibus
2993 5296 3273 5372 processit
3305 5297 3532 5372 aliquis
3556 5300 3827 5372 princeps
3855 5296 3910 5351 in

2258 5367 2652 5437 coronatione,
2704 5367 3209 5441 discerpit'plebs.
3263 5380 3362 5426 aut
3401 5367 3575 5441 quale
3625 5367 3768 5423 illud
3806 5372 3910 5434 est,

2260 5444 2413 5513 quod
2448 5444 2517 5497 de
2556 5443 2866 5503 Christina.
2908 5443 3108 5511 regina
3149 5443 3392 5510 Suecite,
3432 5441 3744 5513 abdicante
3782 5456 3912 5513 nar;

2260 5511 2427 5569 ratur
2465 5515 2612 5569 dans
2648 5514 2731 5571 les
2769 5516 3047 5571 Mdmoires
3086 5514 3153 5570 de
3191 5514 3321 5570 Msr.
3387 5511 3752 5569 Archenholtz
3788 5515 3828 5566 t.
3868 5511 3907 5576 I,

2260 5585 2457 5659 publi
2494 5601 2507 5639 :
2546 5587 2640 5659 Les
2683 5592 3014 5654 speclateurs
3050 5587 3149 5659 qui
3178 5588 3387 5642 etatem
3423 5584 3476 5639 le
3513 5583 3646 5659 plus
3685 5585 3831 5649 pres,
3859 5596 3909 5637 se

2259 5654 2522 5730 saisirent
2558 5658 2626 5713 de
2662 5674 2762 5713 son
2798 5654 3279 5730 manteau‘iroyal,
3308 5664 3360 5711 et
3386 5654 3590 5730 suaet
3627 5654 3706 5709 les
3733 5662 3911 5730 quires

2259 5729 2546 5783 assistants
2585 5729 2635 5784 le
2671 5732 2878 5785 mirent
2906 5745 2973 5785 en
3014 5725 3393 5799 mille'pieces,
3424 5725 3664 5799 quoniam
3702 5726 3905 5799 abacus

2258 5815 2327 5855 en
2355 5799 2554 5871 garder
2574 5815 2682 5856 une
2704 5816 2773 5857 en
2797 5800 3062 5857 mémoire
3091 5800 3162 5857 de
3195 5794 3320 5855 "leur
3346 5796 3521 5853 reine.
3560 5798 3679 5853 Huc
3718 5794 3896 5869 perti-
