4122 6296
251 402 422 464 1177

898 537 1153 592 ΚΕΦΑΛ.
1196 535 1323 590 AH'.

707 623 1054 713 χειροτονίας
1155 621 1537 711 Θεοιξυλάκτου

253 624 401 698 Περὶ
488 626 601 693 τῆξ

749 697 1057 769 ἀγιωτάτου
1097 698 1467 769 πατριάρχου,

1632 628 1745 700 (24)

334 785 499 854 Μηνὶ
558 760 915 860 Φεϐρουαρίῳ
966 785 1034 858 β’,
1077 787 1112 853 ἡ
1544 791 1644 853 τῆς
1700 787 1932 841 ὑπαπαν-

257 876 368 938 τῆς
404 878 513 927 106
546 873 751 929 Κυρίου
799 875 960 946 ἡμῶν
1012 875 1196 943 Ἰησοῦ
1242 875 1502 946 Χριστοῦ,
1549 872 1702 937 ἔτους
1750 876 1929 950 ζυμβ’,

249 958 682 1035 ἐχειροτονήθη
727 959 1106 1036 Θεοφύλακτος
1164 962 1192 1015 ὁ
1238 958 1652 1039 θεοφιλέστατος
1700 962 1929 1036 σύγκελ-

252 1047 385 1118 λος,
425 1050 455 1103 ὁ
492 1050 611 1111 υἱὸς
638 1054 922 1121 Ῥωμανοῦ
971 1049 1256 1120 δεσπότου,
1307 1049 1740 1124 ἀρχιεπίσκοπος
1774 1056 1928 1106 Κων-

254 1136 809 1198 σταντινουπόλεως.
880 1141 957 1211 Τῇ
1025 1133 1082 1190 δὲ
1136 1136 1271 1209 αὐτῇ
1329 1135 1510 1210 ἡμέρᾳ
1589 1136 1841 1206 ἐτελέσθη
1892 1140 1928 1206 ἡ

249 1225 578 1288 ἀκολουθία
633 1230 732 1290 τῆς
791 1224 1166 1295 προελεύσεως
1221 1224 1414 1287 οὕτως·
1484 1229 1594 1280 Τοὖ
1658 1224 1929 1280 παλατίου

249 1313 587 1384 ἀνοίξαντος
640 1313 730 1368 διὰ
784 1321 884 1382 τῆς
932 1312 1115 1385 ἐξόδου
1164 1322 1264 1383 τῆς
1342 1313 1637 1388 ἐξαγούσης
1686 1313 1773 1369 ἐπὶ
1827 1317 1929 1385 τήν

248 1407 355 1456 106
413 1403 624 1476 Κυρίου
676 1402 990 1472 ἐκκλησίαν,
1038 1404 1128 1457 καὶ
1178 1407 1273 1456 τοῦ
1317 1399 1710 1457 κουϐουκλείου
1751 1403 1925 1458 εἶ’σελ-

253 1493 460 1553 θόντος
524 1492 660 1545 κατὰ
711 1492 774 1546 τὸ
833 1491 1046 1560 εἰωθὸς,
1108 1490 1334 1561 ἐξῆλθον
1402 1494 1453 1546 οἱ
1513 1489 1767 1546 δεσπόται
1822 1491 1927 1546 ἀπὸ

251 1582 733 1657 σκαραμαγγίων,
806 1576 1273 1653 περιϐεϐλημένοι
1324 1583 1409 1636 καί
1466 1582 1531 1635 τά
1596 1581 1930 1656 χρυσοπερί-

249 1668 499 1725 κλειστα
564 1671 772 1725 τούτων
830 1669 1005 1745 σαγία,
1074 1671 1163 1724 καὶ
1230 1670 1439 1740 ἀπίασι,
1508 1668 1928 1744 δηριγευόμενοι

249 1760 364 1813 ὑπό
427 1780 492 1813 τε
575 1764 683 1814 τῶν
756 1759 1130 1834 πραιποσίτων
1190 1760 1279 1813 καὶ
1349 1763 1447 1813 106
1511 1754 1925 1828 κουϐουκλείου,

253 1845 351 1913 διὰ
412 1854 527 1917 τῆς
592 1849 896 1922 μανναΰρας
977 1849 1064 1901 καὶ
1133 1852 1241 1903 τῶν
1330 1843 1654 1901 διαϐατικιῖλν
1725 1847 1800 1910 εἷς
1862 1849 1929 1902 τά

1128 404 1228 463 ΒΕ
1272 405 1728 468 CERIMONIIS
1773 408 2007 470 AUL/E
2049 405 2527 468 BYZANTINIE
2575 407 2717 469 LIB.
2763 405 2837 467 II.

1965 543 2015 608 Α

1836 631 1932 682 106

3527 406 3681 468 1178

2566 538 2801 595 CAPUT
2841 538 3153 595 XXXVIII.

2043 630 2116 685 De
2169 629 2436 686 electione
2499 630 2886 701 Theophylacti
2930 627 3274 684 sanctissimi
3316 629 3676 701 patriarchae.
3748 653 3754 661 ε

2117 791 2332 846 Mensis
2381 790 2673 845 Februarii
2733 791 2826 845 die
2874 792 3148 858 secundo,
3189 792 3506 861 eodemque
3538 791 3680 847 festo

2045 879 2401 950 bypapantes
2422 897 2524 936 seu
2548 897 2828 937 occursus
2852 882 3076 935 Domini
3100 881 3281 937 nostri
3301 881 3442 936 Jesu
3465 878 3679 935 Christi

2039 969 2195 1035 [cum
2228 985 2365 1023 sene
2395 969 2680 1039 Symecne
2710 975 2765 1024 et
2796 972 2957 1025 Anna
2988 970 3388 1025 convenientis
3421 971 3478 1023 in
3524 974 3678 1024 tem-

2039 1055 2130 1125 plo
2186 1055 2728 1128 Hicrosolymitano]
2788 1075 2939 1114 anno
2986 1059 3128 1113 6442
3175 1060 3250 1128 [a.
3307 1063 3363 1111 C.
3426 1057 3493 1111 N.
3546 1056 3674 1128 933]

2036 1144 2358 1215 eligebatur
2387 1144 2885 1215 Theophylactus,
2914 1151 3022 1200 Deo
3045 1148 3428 1202 charissimus
3451 1145 3675 1217 syncel-

2037 1232 2155 1300 lus,
2189 1232 2346 1287 ﬁlius
2382 1232 2626 1287 Romani
2659 1234 2983 1305 [Lecapeni]
3006 1239 3276 1306 despotm,
3306 1236 3362 1289 in
3388 1235 3674 1306 archiepi-

2036 1338 2274 1390 scopum
2309 1321 3136 1392 Constantinopoleos.Ecdcm
3170 1325 3263 1377 die
3297 1324 3676 1395 peragebatur

2037 1410 2180 1465 ritus
2212 1410 2602 1480 processionis
2651 1411 2759 1466 hoc
2802 1411 2973 1465 modo
3011 1428 3023 1464 :
3059 1410 3273 1465 Palatio
3320 1429 3385 1467 ex
3416 1429 3484 1467 ea
3517 1417 3675 1483 parte

2033 1505 2306 1565 reserato,
2333 1516 2448 1570 qua
2477 1500 2537 1554 in
2569 1500 2873 1555 ecclesiam
2901 1499 3131 1554 Domini
3164 1502 3303 1567 itur,
3328 1508 3382 1555 et
3405 1500 3674 1556 cubiculo

2035 1606 2139 1659 pro
2199 1605 2354 1643 more
2412 1594 2688 1643 consueto
2750 1595 3123 1661 congregato,
3165 1590 3397 1644 exibant
3454 1589 3675 1644 domini

2033 1675 2355 1746 [Romanus
2382 1691 2510 1730 cum
2537 1675 2673 1731 ﬁliis
2704 1682 2762 1731 et
2792 1693 3001 1746 genero
3025 1677 3406 1732 Constantino
3424 1677 3676 1748 Porphy-

2036 1765 2317 1836 rogenito]
2354 1765 2411 1819 in
2444 1766 2867 1835 scaramangiis
2898 1771 2954 1819 et
2976 1766 3136 1837 sagis
3155 1766 3276 1821 suis
3298 1782 3439 1820 auro
3466 1766 3672 1835 septis,

2034 1854 2352 1925 stipatique
2384 1872 2417 1908 a
2449 1854 2858 1925 praepositiset
2887 1854 3158 1909 cubiculo
3180 1855 3421 1908 abibant
3468 1859 3676 1926 praeter

246 1939 668 2012 κατηχούμενα
722 1945 821 2006 τῆς
868 1935 1129 2007 Μεγάλης
1178 1934 1491 2006 ἐκκλησίας,
1550 1939 1640 1992 κςιί
1689 1938 1824 1992 κατὰ
1865 1928 1928 1991 τὸ

2037 1958 2411 2011 magnauram
2445 1947 2503 1997 et
2543 1960 2644 2013 per
2692 1944 2969 2013 porticus,
3006 1960 3106 2014 per
3152 1960 3297 2014 quas
3341 1943 3501 1997 illinc
3533 1943 3671 1998 illuc

252 2028 463 2090 εἰωθὸς
500 2025 594 2081 διὰ
636 2033 736 2095 τῆς
779 2033 1003 2099 τρισσῆς
1042 2027 1174 2098 μετὰ
1222 2031 1329 2081 τῶν
1378 2032 1562 2099 κηρῶν
1614 2030 1926 2100 προσκυνη-

249 2138 395 2178 σεως
429 2114 520 2187 τῷ
581 2121 697 2187 Θεῷ
741 2115 1229 2191 εὐχαριστήσαντες
1278 2116 1367 2169 καὶ
1413 2116 1480 2170 τὰ
1520 2116 1726 2171 τούτων
1773 2112 1926 2187 δεδη-

254 2208 436 2277 τήσια
469 2203 832 2275 ἀλλάξαντες,
864 2204 1247 2276 ἐκαθέσθησαν.
1292 2206 1388 2261 Καὶ
1440 2206 1527 2261 ὅτε
1573 2208 1745 2260 πάντα
1791 2209 1928 2261 κατᾶ

248 2298 353 2364 τήν
412 2296 679 2358 εἰωθυῖαν
733 2292 1062 2357 ἀκολουθίαν
1111 2293 1458 2367 εὐτρεπίσθη,
1509 2294 1927 2367 ὑπεμνήσθησαν

251 2386 307 2439 οἱ
344 2383 646 2451 δεσπόται,
706 2387 796 2438 καί
843 2384 1042 2446 εὐθέως
1098 2380 1531 2457 περιεϐάλλοντο
1578 2385 1670 2446 τάς
1720 2384 1923 2439 ἑαυτῶν

257 2473 598 2547 χλαμύδας,
638 2471 728 2527 καὶ
769 2471 1017 2545 ἐξιόντων
1069 2472 1242 2527 αὐτῶν
1294 2470 1394 2541 ἔξω
1436 2477 1533 2527 106
1581 2470 1752 2526 ἐκεῖσε
1802 2492 1924 2544 κρε-

262 2562 528 2636 μαμένου
593 2562 791 2636 βήλου,
844 2559 1085 2631 ἐδέξαντο
1142 2562 1368 2623 τούτους
1418 2562 1470 2615 οἳ
1532 2582 1591 2616 τε
1639 2560 1926 2636 μάγιστροι

254 2652 352 2706 καὶ
405 2651 720 2725 πατρίκιοι.
784 2650 882 2705 Καὶ
942 2657 1042 2719 τῆς
1102 2649 1353 2711 εἰωθυίας
1426 2650 1624 2719 τάξεως
1684 2650 1927 2705 ἐπιτελε-

259 2741 511 2812 σθείσης,
563 2741 809 2796 κατίεσαν
861 2741 913 2795 οἱ
963 2737 1218 2795 δεσπόται
1268 2736 1356 2793 διὰ
1397 2744 1494 2793 106
1546 2739 1785 2813 μεγάλου
1832 2760 1927 2793 κο-

260 2830 461 2904 χλιοῦ.
497 2832 585 2887 Ἐν
621 2831 679 2885 δὲ
716 2835 795 2902 τῷ
843 2830 1077 2905 νάρθηκι
1126 2836 1227 2899 τῆς
1275 2830 1583 2906 ἁγιωτάτης
1633 2827 1927 2898 ἐκκλησίας

262 2919 340 2980 εἷς
393 2920 498 2988 τήν
550 2919 752 2995 ὡραίαν
801 2920 981 2990 πύλην
1042 2918 1250 2990 ἐδέξατο
1300 2919 1526 2993 τοῇτοὶδς
1559 2919 1926 2993 ὁὺποψήιριος

265 3008 408 3080 μετὰ
484 3015 583 3077 τῆς
640 3008 1094 3077 ἐκκλησιαστικῆς
1154 3006 1335 3077 πάσης
1408 3006 1630 3076 τάξεως.
1699 3007 1799 3059 Καὶ
1857 3004 1924 3073 δὴ

269 3099 414 3151 κατὰ
485 3097 579 3152 τὸν
646 3094 876 3160 εἰωθότα
941 3097 1109 3152 τύπον
1182 3093 1596 3163 εἴσοδεύσαντες,
1665 3096 1751 3150 καὶ
1819 3099 1926 3149 τῶν

265 3186 397 3253 ἑξῆς
466 3184 911 3239 ἐπιτελεσθέντων
975 3186 1112 3239 κατά
1160 3186 1256 3246 τὰς
1306 3184 1504 3246 λοιπὰς
1554 3182 1924 3259 προελεύσεις,

2032 2032 2406 2086 tendentibus
2463 2033 2887 2087 transeundum
2945 2042 3049 2099 est,
3109 2032 3169 2086 in
3234 2032 3673 2087 catechumenia

2032 2121 2251 2191 Magnae
2283 2121 2934 2189 ecclesize,exbibitaque
2958 2121 3094 2186 Deo,
3130 2124 3193 2175 ut
3225 2136 3349 2175 mos
3379 2127 3483 2186 est,
3508 2125 3672 2177 terna

2033 2225 2162 2264 cum
2197 2210 2378 2264 cereis
2408 2211 2761 2275 adcretione,
2793 2210 3113 2265 induebant
3152 2227 3253 2263 sua
3284 2208 3587 2274 dibetesia,
3616 2212 3673 2264 et

2032 2297 2414 2352 considebant
2449 2298 2531 2369 [in
2581 2297 3089 2367 catechumeniis].
3149 2296 3221 2351 Ut
3276 2296 3493 2363 omnia,
3546 2311 3670 2367 qua

2032 2385 2178 2440 ritus
2211 2385 2452 2457 ﬂagitat,
2501 2395 2834 2457 comparata
2881 2392 3067 2447 erant,
3119 2385 3402 2440 admoniti
3449 2385 3673 2440 domini

2032 2473 2353 2529 induebant
2375 2473 2714 2543 chlamydes
2735 2491 2875 2528 suas
2890 2494 2904 2541 ;
2922 2480 3311 2545 exeuntesque
3339 2473 3494 2543 ipsos
3515 2479 3673 2529 extra

2030 2563 2223 2617 velum
2257 2563 2335 2617 Ibl
2386 2578 2737 2633 suspensum
2778 2563 3143 2633 excipiebant
3175 2568 3516 2617 venerantes
3550 2579 3673 2617 rna-

2032 2650 2201 2723 gistri
2232 2655 2287 2705 et
2319 2652 2567 2722 patricii.
2602 2650 2813 2706 Ordine
2843 2656 3119 2706 consueto
3146 2651 3330 2715 linito,
3358 2650 3670 2706 descende-

2030 2740 2172 2794 bant
2203 2739 2422 2794 domini
2444 2756 2546 2811 per
2571 2756 2840 2810 magnam
2874 2738 3192 2794 cochleam.
3221 2739 3359 2794 lnde
3382 2739 3671 2809 ingressos

2032 2830 2092 2885 in
2124 2830 2457 2884 narthecem
2498 2830 2882 2884 sanctissimae
2913 2828 3191 2897 ecclesias,
3222 2828 3544 2898 excipiebat
3572 2844 3671 2883 eos

2032 2917 2092 2972 in
2117 2923 2281 2988 porta
2304 2919 2552 2971 formosa
2581 2916 2799 2971 electus
2823 2932 2939 2971 una
2959 2932 3090 2970 cum
3117 2920 3233 2970 toto
3265 2917 3467 2970 ordine
3488 2915 3668 2969 eccle-

2034 3007 2264 3062 siastico
2282 3025 2296 3074 ;
2315 3005 2680 3077 ingressique
2695 3003 3171 3059 sacriﬁcatorium
3197 3019 3325 3057 secu
3338 3004 3408 3057 nd
3422 3021 3519 3058 um
3533 3018 3670 3058 ocn-

2036 3100 2269 3150 suetum
2307 3093 2505 3162 ritum,
2528 3094 2917 3164 omnibusque
2938 3107 3005 3147 ex
3037 3093 3238 3147 ordine
3263 3093 3670 3162 peractisque)

2036 3185 2095 3239 in
2154 3185 2374 3239 caeteris
2431 3182 2903 3253 processionibus
2953 3181 3122 3245 fiunt,
3153 3180 3509 3251 incipiebant
3559 3185 3670 3234 Deo

266 3271 588 3342 ἀπήρξαντο
623 3271 674 3324 οἱ
704 3270 974 3348 θεοφιλεῖς
1029 3272 1429 3345 μητροπολὶται
1477 3280 1576 3341 τῆς
1618 3274 1764 3346 ἱερᾶς
1808 3290 1923 3345 χει-

2036 3272 2195 3329 chari
2226 3271 2602 3342 metrOpolitre
2649 3286 2876 3326 sacram
2925 3270 3352 3325 ordinationem
3393 3267 3672 3338 archiepi-

275 3354 561 3429 ροτονίας.
598 3359 663 3414 Οἱ
698 3356 755 3411 δὲ
794 3359 1153 3434 φιλόχριστοι
1188 3358 1431 3431 βασιλεῖς
1465 3361 1655 3432 μικρόν
1698 3381 1751 3413 τι
1802 3361 1927 3414 ὀπι-

275 3442 631 3513 σθοπόδησαν
669 3445 834 3520 μέχρι
862 3449 958 3499 106
988 3443 1224 3520 ἀργυροῦ
1272 3446 1449 3505 κίονος
1496 3450 1592 3497 106
1638 3440 1923 3517 κιϐωρίου,

266 3532 384 3596 ἕως
416 3531 672 3602 ἐτελέσθη
724 3535 869 3608 παρὰ
917 3538 1022 3587 τῶν
1073 3530 1503 3605 μητροπολιτῶν
1543 3532 1610 3586 τὰ
1654 3539 1752 3599 τῆς
1802 3551 1922 3606 χει-

269 3619 556 3695 ροτονίας,
589 3624 688 3676 Καὶ
724 3622 823 3685 εἶθ’
870 3621 1042 3682 οὕτως
1076 3618 1166 3675 διὰ
1210 3624 1307 3674 106
1357 3617 1532 3692 δεξιοῦ
1587 3620 1783 3693 μέρους
1829 3624 1925 3674 106

267 3711 530 3785 βήματος
561 3712 652 3766 καὶ
682 3715 778 3765 106
808 3710 1064 3766 κυκλείου
1106 3709 1361 3779 εἰσῆλθον
1412 3710 1462 3763 ἐν
1504 3712 1582 3780 τῷ
1629 3709 1924 3783 εὐκτηρίῳ,

262 3800 317 3855 ἐν
354 3801 404 3872 ᾧ
456 3800 545 3854 καὶ
577 3804 611 3870 ἡ
648 3803 856 3878 ἀργυρᾶ
899 3799 1114 3874 ’ίδρυται
1165 3801 1485 3874 σταύρωσις.
1540 3800 1638 3856 Καὶ
1688 3800 1778 3854 διὰ
1825 3806 1925 3869 τῆς

257 3894 493 3965 τρισσῆς
539 3892 675 3963 μετὰ
730 3896 838 3945 τῶν
897 3896 1083 3964 κηρῶν
1139 3892 1560 3965 προσκυνήσεως
1619 3890 1921 3965 ἀπευχαρι-

264 3982 566 4048 στήσαντες
597 3984 676 4038 τῶ
726 3984 841 4050 Θεῴ
880 3981 967 4034 καὶ
1018 3981 1109 4034 τὸν
1160 3978 1504 4053 πατριάρχην
1556 3978 1919 4053 ἀποχαιρετί-

262 4089 482 4136 σαντες,
515 4067 753 4139 ἀνῆλθον
787 4067 872 4123 δι»
903 4072 999 4123 106
1048 4067 1286 4143 κοχλιοῦ
1337 4072 1433 4122 106
1472 4068 1606 4141 πρὸς
1651 4069 1713 4122 τὸ
1758 4067 1919 4141 μέρος

259 4160 361 4210 106
411 4155 571 4231 ἁγίου
628 4157 878 4233 φρέατος,
940 4156 992 4209 ἐν
1043 4161 1161 4219 τοῖς
1208 4161 1343 4229 πρὸς
1395 4154 1661 4223 ἀνατολὴν
1722 4152 1919 4225 δεξιοῖς

269 4245 461 4317 μέρεσι
527 4250 635 4300 τῶν
701 4245 1149 4321 κατηγουμενίων
1243 4242 1593 4318 ἐκδενὸμινοι
1660 4244 1759 4311 την
1822 4248 1919 4297 106

266 4333 431 4407 ἁγιου
464 4333 806 4409 Εὐαγγελίου
838 4334 1154 4407 ἀνάγνωσιν.

866 4426 1138 4480 ΚΕΦΑΛ.
1191 4423 1312 4478 ΛΘ’.

269 4510 408 4581 Ηερὶ
466 4513 565 4562 106
621 4510 986 4585 πατριάρχου,
1038 4509 1122 4564 ὅτι
1179 4511 1242 4565 τὸ
1300 4508 1532 4564 παλαιὸν
1596 4506 1738 4564 ’ἰδιον
1800 4508 1919 4587 εἶχε

898 4586 1281 4657 πραιπόσιτον.

341 4665 565 4737 Ἰστέον,
598 4666 682 4722 ὅτι
725 4669 812 4723 καὶ
875 4670 902 4723 ὁ
959 4670 1304 4745 πατριάρχης
1360 4670 1423 4724 τὸ
1479 4668 1713 4724 παλαιὸν
1772 4666 1914 4723 ’ἰδιον

268 4756 390 4830 εἶχε
458 4758 838 4830 πραιπόσιτον,
914 4764 1398 4833 πρωτοστατοῦντα
1498 4764 1604 4813 τῶν
1680 4754 1915 4812 7.06606-

266 4844 552 4919 κλεισίων,
602 4848 706 4901 ἀπὸ
765 4850 860 4901 106
914 4847 1124 4923 κλήρου
1183 4849 1271 4903 καὶ
1317 4852 1414 4902 106
1464 4847 1913 4917 ἐκκλησιαστικοῦ

269 4933 582 5010 καταλόγου
622 4937 982 5010 τυγχάνοντα.
1045 4940 1147 4993 Καὶ
1207 4934 1378 5005 δῆλον
1436 4936 1542 4991 ἀπὸ
1596 4944 1697 5005 τῆς
1754 4938 1915 5009 Ἠρα-

270 5019 459 5077 κλείου
488 5025 890 5113 τοῦβασιλέως
920 5026 1214 5104 ἀσφαλείας
1246 5029 1380 5099 (26),
1412 5026 1477 5094 ἤν
1507 5026 1731 5095 ἐποίησε
1778 5026 1913 5098 πρὸς

2035 3363 2213 3433 scopi.
2248 3364 2518 3417 Amanles
2564 3361 2858 3417 Christum
2908 3358 3289 3429 imperatores
3336 3364 3529 3413 autem
3573 3358 3672 3413 ali-

2035 3456 2253 3519 quanto
2279 3456 2431 3504 retro
2453 3450 2511 3503 in
2546 3452 2721 3519 pedes
2751 3466 2887 3505 suos
2919 3466 2981 3504 se
3003 3449 3359 3518 recipiebant
3383 3464 3569 3518 usque
3598 3448 3670 3501 ad

2034 3541 2361 3603 argenteam
2386 3538 2718 3590 columnam
2744 3536 3151 3607 propitiatorii,
3176 3537 3360 3590 donec
3386 3534 3672 3592 ordinatio

2034 3640 2068 3679 θ,
2099 3624 2480 3694 metropolitis
2519 3626 2777 3678 confecta
2824 3629 2998 3678 esset.
3030 3623 3191 3677 Tunc
3244 3624 3541 3677 intrabant
3572 3640 3672 3693 per

2032 3713 2293 3766 dextram
2330 3716 2548 3780 partem
2580 3712 2827 3766 tribunos
2853 3716 2911 3766 et
2950 3711 3114 3782 cyclii
3148 3711 3206 3764 in
3238 3712 3576 3780 oratorium,
3608 3710 3670 3766 in

2032 3816 2148 3871 quo
2207 3799 2398 3871 imago
2460 3805 2733 3870 argentea
2800 3799 3193 3854 cruciﬁxionis
3258 3798 3469 3854 Christi
3521 3805 3665 3868 stat;

2031 3890 2303 3959 trinaque
2333 3905 2462 3942 cum
2499 3888 2674 3941 cereis
2723 3888 3123 3955 genuﬂexicne
3171 3888 3420 3942 venerati
3460 3887 3667 3959 Deum,

2030 3977 2432 4031 valedicebant
2446 3976 2811 4046 patriarchae,
2825 3977 3331 4046 ascendebantper
3345 3976 3667 4045 cochleam,

2028 4082 2159 4138 quae
2188 4066 2363 4120 estin
2421 4066 2653 4136 regione
2696 4066 2880 4120 sancti
2935 4066 3112 4136 putei,
3166 4065 3225 4119 in
3272 4081 3419 4134 eam,
3468 4082 3597 4136 quae
3638 4083 3671 4121 a

2029 4154 2246 4211 dextris
2278 4159 2364 4210 est
2403 4172 2605 4209 versus
2653 4154 2935 4210 orientem
2985 4170 3280 4220 converso,
3317 4160 3539 4224 partem
3571 4171 3667 4210 ca-

2025 4245 2557 4315 techumeniorum,
2631 4249 3025 4317 exspectantes
3095 4244 3401 4300 lectionem
3479 4244 3666 4301 sancti

2026 4333 2343 4406 Evangelii.

2490 4492 2642 4547 868
2685 4491 2916 4547 CAPUT
2955 4491 3205 4547 XXXIX.

2029 4581 2181 4650 Quod
2236 4580 2553 4652 patriarcha
2602 4582 2731 4636 olim
2780 4597 2942 4635 suum
2990 4580 3250 4637 habuerit
3293 4583 3663 4654 prapositum.

2099 4670 2498 4725 Patriarcham
2517 4668 2652 4724 olim
2681 4672 2969 4739 proprium
2994 4668 3265 4725 habuisse
3288 4674 3664 4742 praepositum

2025 4758 2435 4829 [ennuchum],
2472 4760 2721 4827 primum
2755 4759 2997 4828 gradum
3031 4766 3323 4814 tenentem
3357 4765 3413 4813 et
3454 4760 3668 4830 princi-

2025 4863 2154 4918 pem
2189 4847 2247 4901 in
2280 4846 2616 4901 cubuclisiis
2647 4851 2703 4901 et
2734 4847 3117 4916 pertinentem
3140 4849 3211 4901 ad
3244 4846 3482 4902 clericos
3505 4847 3665 4901 ordi-

2024 4951 2279 5006 nemque
2318 4934 2802 5001 ecclesiasticum,
2853 4941 3011 5007 patet
3057 4953 3125 4991 ex
3169 4938 3456 5002 cautione,
3487 4953 3662 5007 quam

2026 5026 2341 5097 imperator
2376 5025 2672 5081 Heraclius
2704 5026 3040 5097 patriarcha:
3086 5025 3284 5097 Sergio
3329 5042 3509 5097 supra
3540 5042 3665 5081 ine-

1303 5135 1503 5192 JOAN.
1545 5135 1685 5190 JAC.
1729 5135 1981 5191 REISKII
2022 5134 2631 5190 COMMENTARIUS.

346 5221 953 5293 (2’1)Tbecpbylactus
1002 5230 1127 5280 erat
1159 5224 1313 5279 [ilius
1362 5223 1607 5279 Romani
1633 5223 1913 5293 Leeapeni

276 5290 448 5365 imp,
475 5290 774 5365 ordinatus
820 5296 878 5348 in
927 5297 1311 5365 patriarcham
1368 5296 1637 5350 Februar.
1687 5296 1722 5348 2
1753 5290 1816 5347 Ᾱ.
1851 5294 1910 5349 C.

274 5362 398 5429 933,
432 5371 494 5418 ut
525 5364 788 5435 perhibet
820 5362 1304 5434 Fabricius,Bib|.
1339 5368 1456 5434 Gr.,
1491 5374 1532 5422 t.
1574 5366 1664 5434 VI,
1698 5383 1753 5436 p.
1782 5367 1912 5434 711,

275 5447 506 5510 auctore
541 5440 619 5489 Du
662 5440 893 5510 Cangio
928 5438 984 5491 in
1024 5439 1225 5493 Fami].
1261 5439 1391 5507 Byz.
1425 5455 1480 5507 p.
1503 5438 1655 5510 1/17;
1689 5442 1746 5491 et
1773 5452 1911 5491 sane

274 5504 510 5582 indictio
541 5513 719 5582 sexta,
754 5504 848 5564 cui
873 5504 1457 5582 LeoiGrammaticus
1498 5508 1648 5563 hanc
1689 5524 1914 5578 prorno-

275 5577 484 5630 tionem
519 5579 744 5641 tribuit,
780 5581 835 5633 in
871 5583 936 5635 Α.
984 5581 1044 5634 C.
1085 5582 1191 5633 933
1224 5582 1461 5646 incidit;
1496 5577 1911 5634 verum’annus

275 5648 858 5722 mundiﬁtid’igtjuxta
889 5658 1228 5722 computum
1260 5652 1585 5705 Graecwum
1622 5652 1821 5703 incidit
1852 5651 1908 5703 in

276 5718 421 5769 A.C.
454 5718 578 5772 934.
631 5718 871 5777 Videtur
910 5718 1044 5792 ergo
1089 5723 1245 5793 apud
1289 5722 1562 5779 Nostrum
1612 5724 1817 5777 vitium
1849 5723 1908 5775 in

2024 5221 2287 5277 numeris
2319 5238 2443 5277 esse
2474 5228 2530 5276 et
2582 5239 2683 5293 pro
2719 5222 2764 5294 β’
2800 5222 3246 5294 supponendum
3292 5225 3335 5273 α’
3367 5238 3467 5275 seu
3500 5223 3659 5279 6441.

2026 5296 2141 5364 Ego
2172 5294 2406 5362 quidem
2442 5294 2498 5347 in
2528 5293 2747 5348 Latinis
2779 5299 3012 5347 secutus
3040 5294 3121 5346 fui
3155 5293 3534 5362 plurimorum
3567 5311 3663 5349 au-

2027 5374 2252 5421 ctorum
2287 5366 2542 5419 rationes
2577 5364 3046 5433 chronologicas._
3300 5432 3303 5433 ν
3658 5390 3661 5393 -

2089 5436 2200 5506 (25)
2233 5437 2318 5490 Ita
2375 5436 2749 5489 membranas.
2810 5431 2974 5489 Forte
3030 5431 3081 5486 ἐν
3141 5438 3241 5490 aut
3272 5432 3336 5501 ἦν
3370 5435 3481 5491 erit
3524 5435 3660 5491 sub-

2020 5508 2404 5561 slituendum.

2092 5578 2200 5647 (26)
2246 5579 2344 5631 Est
2395 5571 2678 5648 assidua
2705 5578 2825 5648 tam
2866 5578 3068 5641 cautio,
3179 5570 3453 5641 εὐλάϐεια,
3492 5596 3661 5642 προσ-

2020 5644 2485 5720 οχῆμαίιεηιὶοί
2522 5644 2783 5716 provisio,
2839 5652 2899 5700 ut
2960 5663 3079 5701 aevo
3141 5650 3339 5720 medio
3395 5650 3665 5704 dicebant

2021 5718 2234 5779 Latini.
2294 5737 2411 5789 qua
2469 5720 2720 5788 quisque
2774 5721 2963 5784 curat,
3015 5733 3085 5775 ne
3131 5720 3242 5775 sibi
3292 5718 3514 5791 aliquid
3563 5726 3664 5777 aut
