4088 6316
326 319 478 380 1201

1226 323 1321 382 DE
1361 325 1809 389 CERIMONUS
1856 328 2090 388 AUL/E
2132 331 2626 400 BYZANTIN/E
2666 341 2812 401 LIB.
2861 341 2910 401 Il

3572 356 3728 417 1202

319 453 547 526 ’Έτερος⁹
582 449 780 524 λάρναξ
812 447 1004 512 λευκὸς
1041 454 1456 526 [1ροικονήσιος,
1503 456 1555 510 ἐν
1603 458 1647 530 ᾧ
1686 459 1961 515 ἀπόκειτατ

2080 463 2449 526 Justinianus
2488 470 2697 530 Minor.
2733 475 2916 543 Alius,
2968 474 3394 536 Proconnesius
3445 482 3605 553 item,
3667 488 3728 545 in

322 539 704 602 Ἰουστινιανὸς
775 539 803 593 6
873 538 1065 613 μικρός
1124 543 1252 613 (88).
1306 545 1525 617 Ἕτερος
1603 547 1800 619 λάρναξ
1857 549 1963 603 ἀπὸ

325 627 487 685 λίθου
557 631 971 705 Ηροικονησίας,
1022 629 1074 685 ἐν
1125 633 1170 703 ᾦ
1211 632 1490 690 ἀπόκειται
1536 639 1708 712 Σοφία
1747 643 1780 708 ἡ
1829 642 1964 716 γυνή

325 719 644 776 Ἰουστίνου.
678 722 902 793 ’Έτερος
952 719 1147 794 λάρναξ
1197 721 1303 776 ἀπὸ
1358 720 1513 778 λίθου
1565 723 1758 780 λευκοῦ
1808 737 1969 783 Δοκι-

325 813 487 882 μινοῦ
520 810 631 881 (89)
666 805 945 880 ὀνυχίτου,
997 806 1046 862 ἐν
1080 809 1126 880 ᾦ
1156 809 1437 864 ἀπόκειται
1485 813 1805 886 Ἡράκλειος
1853 818 1966 889 (90)

319 900 349 953 6
402 897 591 975 μέγας.
645 899 869 970 Ἕτερος
919 896 1115 970 λάρναξ
1166 901 1425 971 πράσινος
1474 902 1766 973 Θεσσαλὸς,
1814 903 1864 958 ἐν
1920 905 1965 976 ᾧ

317 986 601 1041 ἀπόκειται
645 981 828 1040 Φαϐία
879 988 913 1055 ἡ
962 989 1098 1062 γυνὴ
1159 989 1499 1062 Ἡρακλείου.
1561 995 1780 1065 Ἕτερος
1829 992 1965 1067 λάρ.

322 1075 412 1144 ναξ
473 1077 867 1148 Προικονήσιος
917 1075 1329 1132 Κωνσταντίνου
1400 1080 1758 1153 Πωγωνάτου.
1810 1083 1966 1136 Ἔτε-

319 1183 414 1236 ρος
467 1161 664 1236 λάρναξ
715 1163 820 1217 ἀπὸ
881 1162 1039 1227 λίθου
1091 1165 1355 1238 πρασίνου
1411 1165 1768 1240 Θεσσαλικοῦ,
1815 1167 1867 1223 ἒν
1919 1171 1966 1240 ᾧ

315 1250 599 1307 ἀπόκειται
654 1255 872 1306 Φαῦστα
925 1254 1037 1324 (91)
1087 1255 1120 1321 ἡ
1180 1255 1315 1328 γυνή
1378 1257 1786 1312 Κωνσταντίνου
1848 1265 1968 1313 Πω-

321 1340 589 1416 γωνάτου.
640 1342 864 1412 ’Έτερος
925 1340 1120 1414 λάρναξ
1172 1343 1495 1416 Σαγαρινὸς,
1543 1343 1596 1397 ἐν
1640 1346 1685 1416 ᾦ
1742 1345 1963 1400 ἀπόκει-

315 1449 405 1484 ται
477 1434 901 1495 Κωνσταντῖνος,
977 1431 1153 1504 ἓγγων
1220 1429 1566 1505 Ἡρακλείου,
1634 1435 1749 1494 υἱὸς
1816 1441 1962 1490 Κων-

318 1518 596 1574 σταντίνου
665 1520 780 1590 (92)
843 1522 940 1573 τοῦ
997 1520 1360 1594 Ηωγωνάτου.
1447 1524 1671 1596 Ἕτερος
1765 1523 1961 1599 λάρναξ

327 1606 433 1662 ἀπὸ
501 1606 655 1662 λίθου
734 1612 1035 1681 Σαγαρινοῦ
1102 1608 1513 1674 ἑκατοντάλιθος
1603 1613 1739 1684 (93),
1807 1611 1858 1666 ἐν
1916 1614 1962 1685 ᾧ

321 1695 602 1751 ἀπόκειται
673 1696 1022 1757 Ἀναστάσιος
1078 1697 1106 1749 ὁ
1189 1698 1277 1751 καὶ
1344 1700 1654 1773 Ἀρτέμιος.
1740 1705 1960 1776 Ἕτερος

325 1784 526 1858 λάρναξ
574 1785 678 1838 ἀπὸ
720 1782 875 1847 λίθου
930 1783 1323 1858 Ἱεραπολίτου,
1385 1787 1436 1840 ἐν
1496 1790 1541 1860 ᾦ
1597 1791 1875 1844 ἀπόκειται
1923 1794 1958 1860 ἡ

309 1875 446 1948 γυνή
499 1873 850 1930 Ἀναστασίου
904 1876 1000 1927 τοῦ
1047 1874 1136 1928 καὶ
1183 1876 1496 1948 Ἀρτεμίου.
1551 1879 1776 1951 Ἕτερος
1827 1879 1962 1954 λάρ-

318 1964 409 2033 ναξ
459 1963 564 2016 ἀπὸ
611 1961 771 2026 λίθου
821 1963 1242 2037 Προικονησίου,
1293 1962 1344 2018 ἐν
1392 1966 1436 2037 ᾦ
1487 1965 1767 2022 ἀπόκειται
1815 1969 1961 2024 Λὲων

319 2053 346 2106 6
414 2053 688 2127 Ἰσαυρος.
757 2054 982 2126 ’Έτερος
1046 2051 1243 2126 λάρναξ
1310 2054 1414 2108 ἀπὸ
1483 2054 1640 2111 λίθου
1705 2057 1964 2131 πρασίνου

322 2142 677 2208 Θετταλικοῦ,
713 2140 764 2194 ἐν
794 2141 839 2211 ᾧ
883 2139 1131 2195 ἀπέκειτο
1183 2148 1578 2206 Κωνσταντῖνος
1630 2146 1657 2198 ὁ
1705 2147 1822 2209 υἱὸς
1867 2151 1964 2202 τοῦ

319 2229 566 2303 Ἰσαύρου
597 2231 624 2283 6
657 2227 979 2299 ἐπικληθεὶς,
1032 2228 1374 2295 Καϐαλλίνος
1422 2235 1550 2306 (94),
1601 2233 1725 2289 ἀλλ’
1765 2234 1962 2307 ἒξεώθη

329 2318 436 2374 ὑπὸ
469 2320 706 2392 Μιχαὴλ
747 2318 835 2372 καὶ
889 2316 1190 2392 Θεοδώρας,
1235 2321 1323 2374 καὶ
1373 2324 1602 2393 κατεκάη
1654 2325 1714 2378 τὸ
1763 2323 1964 2394 δύστη-

318 2427 411 2462 νον
442 2409 552 2480 (95)
604 2407 766 2462 αὐτοῦ
817 2411 995 2480 σῶμα.
1047 2410 1287 2481 Ὁμοίως
1346 2411 1435 2464 καὶ
1481 2412 1508 2465 ὁ
1560 2411 1751 2485 λάρναξ
1801 2412 1965 2468 αὐτοῦ

316 2494 514 2568 ἒξεώθη
586 2495 672 2551 καὶ
736 2499 1105 2572 κατεπρήσθη,
1174 2499 1264 2553 καὶ
1340 2499 1703 2574 ἐχρημάτισεν
1770 2503 1845 2566 εἷς
1899 2502 1965 2556 τὰ

316 2588 414 2639 τοῦ
447 2586 630 2658 Φάρου
663 2588 773 2658 (96)
805 2586 1153 2658 συστεμάτια.
1205 2589 1311 2643 Καὶ
1354 2589 1455 2663 γὰρ
1503 2590 1593 2643 καὶ
1635 2591 1701 2644 τὰ
1757 2589 1966 2666 μεγάλα

319 2667 555 2727 ἆϐϐάκια
602 2673 667 2728 τὰ
712 2671 836 2728 ὄντα
888 2673 939 2728 ἐν
983 2679 1062 2746 τῷ
1118 2675 1268 2747 αὐτῷ
1325 2677 1493 2750 Φάρῳ
1551 2677 1609 2733 ἐκ
1648 2683 1746 2732 τοῦ
1802 2679 1966 2733 αὐτοῦ

322 2760 590 2836 λάρνακος
644 2764 985 2838 τυγχανοντά
1053 2763 1184 2818 εἰσιν
1260 2767 1395 2839 (97).
1467 2768 1690 2840 Ἕτερος
1765 2767 1964 2841 λάρναξ

2082 570 2194 623 quo
2217 556 2372 625 jacet
2393 558 2626 630 Sophia,
2672 578 2813 619 uxor
2847 563 3067 620 Justini
3125 565 3437 641 [Minoris].
3475 571 3638 628 Alius
3695 591 3727 632 e

2082 644 2325 698 candido
2347 661 2634 704 marmore
2681 649 3004 716 Docimino,
3054 654 3241 710 colore
3272 655 3596 726 Onychiten
3629 675 3722 715 re—

2080 729 2315 801 ferente,
2348 733 2405 788 in
2439 752 2553 806 quo
2576 737 2730 804 jacet
2770 739 3070 796 Heraclius
3095 745 3356 813 Magnus.
3391 745 3555 802 Alius
3576 747 3719 804 viri-

2078 817 2187 885 dis,
2223 837 2509 878 marmore
2541 826 2833 895 Thessalo,
2865 828 2924 884 in
2965 845 3080 900 quo
3128 831 3285 901 jacet
3334 833 3536 902 Fabia,
3572 852 3716 892 uxor

2076 909 2344 964 Heraclii.
2375 912 2534 968 Alius
2556 932 2585 971 e
2614 933 2898 974 marmore
2923 921 3326 990 Proconnesio,
3351 927 3721 986 Constantini

2079 993 2368 1064 Pogonati.
2426 1001 2584 1057 Alius
2631 1020 2661 1059 e
2702 1023 2988 1066 marmore
3028 1011 3196 1066 viridi
3255 1013 3606 1083 Thessalico,
3658 1017 3719 1074 in

2076 1099 2192 1177 quo
2225 1086 2336 1142 sita
2379 1093 2468 1144 est
2508 1085 2738 1161 Fausta,
2800 1113 2942 1153 uxor
2997 1099 3362 1158 Constantini
3415 1105 3714 1177 Pogonati.

2077 1171 2244 1228 Alius
2273 1190 2303 1229 e
2336 1192 2624 1235 marmore
2656 1182 2958 1254 Sagarino,
2993 1187 3051 1242 in
3111 1205 3223 1260 quo
3273 1192 3420 1248 situs
3449 1171 3541 1250 est
3569 1195 3718 1251 Con-

2078 1263 2396 1357 stantinus,
2431 1283 2610 1338 nepos
2648 1269 2914 1340 Heraclii,
2949 1279 3106 1344 pater
3143 1279 3502 1336 Constantini
3535 1283 3716 1357 Pogo~

2077 1354 2214 1409 nati.
2249 1356 2413 1413 Alius
2444 1375 2475 1414 e
2504 1375 2792 1417 marmore
2812 1363 3092 1434 Sagarino
3131 1367 3581 1429 hecatontalitho
3611 1354 3715 1430 seu

2077 1442 2460 1511 multicolore,
2487 1446 2545 1501 in
2578 1464 2692 1518 quo
2724 1450 2874 1506 situs
2897 1457 2984 1506 est
3015 1455 3382 1524 Anastasius,
3425 1459 3567 1516 alias
3604 1463 3714 1517 Ar-

2073 1531 2287 1586 temius
2318 1533 2525 1589 dictus.
2560 1537 2724 1592 Alius
2764 1554 2794 1593 e
2825 1556 3115 1596 marmore
3157 1542 3605 1616 Hierapolitano,
3654 1550 3714 1605 in

2078 1634 2196 1689 quo
2217 1620 2328 1674 sila
2357 1627 2447 1677 est
2475 1624 2734 1692 ejusdem
2759 1629 3047 1685 Anastasii
3085 1631 3325 1687 Artemii
3351 1649 3513 1690 uxor.
3543 1636 3711 1693 Alius

2077 1723 2108 1762 e
2158 1725 2446 1766 marmore
2485 1711 2894 1784 Proconnesio,
2953 1717 3012 1771 in
3061 1735 3175 1788 quo
3242 1720 3388 1776 situs
3454 1728 3543 1778 est
3600 1725 3714 1780 Leo

1996 1840 2043 1904 Β
2079 1796 2334 1851 Isaurus.
2369 1797 2532 1854 Alius
2552 1815 2582 1854 e
2624 1817 2911 1858 marmore
2939 1805 3110 1858 viridi
3137 1806 3490 1875 Thessalico,
3511 1810 3572 1883 in
3596 1828 3712 1883 quo

2067 1885 2300 1955 jacebat
2329 1886 2466 1942 olim
2494 1888 2665 1944 istius
2699 1891 2905 1946 Leonis
2936 1893 3119 1948 Isauri
3174 1895 3352 1963 filius,
3387 1897 3712 1955 Constanti-

2077 1990 2210 2041 nus,
2240 1974 2411 2046 vulgo
2442 1977 2777 2034 Caballinus
2835 1981 3041 2036 dictus.
3090 1981 3296 2038 Verum
3351 1983 3592 2042 Michael
3653 1991 3711 2043 et

2073 2061 2374 2118 Theodore
2402 2063 2663 2134 impurae
2679 2067 2808 2137 ejus
2834 2067 3111 2140 reliquias
3135 2070 3269 2126 inde
3298 2072 3626 2142 ejiciebant,
3655 2079 3712 2132 et

2074 2150 2194 2221 igni
2239 2151 2701 2223 comburebant;
2750 2157 3141 2229 sarcOphagus
3170 2162 3368 2214 autem
3417 2161 3554 2217 sede
3601 2178 3711 2218 sua

2075 2239 2341 2296 revulsus
2355 2257 2626 2311 serraque
2646 2243 2678 2297 d
2689 2245 2934 2300 issectus
2950 2245 3213 2302 inserviit
3229 2247 3299 2301 ad
3314 2248 3416 2304 fori
3439 2254 3714 2321 systrem-

2075 2331 2251 2386 matia
2277 2332 2401 2402 [seu
2433 2333 2751 2405 repagula].
2793 2335 2979 2392 Etiam
3039 2354 3254 2410 magna
3291 2339 3535 2396 abbacia
3559 2349 3713 2412 ejus-

2074 2419 2205 2474 dem
2248 2420 2355 2475 fori
2386 2438 2455 2476 ex
2475 2422 2678 2476 eodem
2715 2423 3073 2495 sarcophago
3106 2425 3254 2482 facta
3284 2431 3445 2483 sunt.
3487 2429 3652 2485 Alius
3678 2446 3712 2487 e
3805 2497 3810 2500 _

2076 2521 2360 2562 marmore
2388 2507 2803 2576 Proconnesio,
2833 2510 2890 2563 in
2932 2525 3047 2579 quo
3078 2511 3189 2565 sita
3244 2521 3330 2566 est
3359 2511 3538 2580 lrene,
3567 2531 3714 2571 uxor

2073 2594 2437 2650 Constantini
2493 2595 2771 2651 Caballini
2827 2597 2980 2651 878
3048 2598 3220 2654 modo
3263 2599 3423 2655 dicti.
3472 2602 3638 2659 Alius
3679 2618 3714 2660 θ

2076 2699 2365 2738 marmore
2400 2683 2571 2738 viridi
2602 2683 2952 2750 Thessalico,
3003 2686 3062 2741 in
3119 2702 3234 2757 quo
3276 2687 3388 2743 sita
3431 2693 3521 2744 est
3569 2708 3712 2747 uxor

2071 2771 2340 2841 ejusdem
2373 2771 2680 2826 Caballini.
2713 2771 2960 2828 Stataria
2998 2773 3128 2843 [seu
3155 2775 3545 2833 conditorium
3576 2779 3710 2851 plu-

1365 2874 1568 2930 JOAN.
1600 2877 1741 2930 JAC.
1778 2875 2040 2932 REISKII
2073 2876 2654 2933 COMMENTARIUS.

319 2963 492 3038 ambo
525 2964 767 3038 catalogi
801 2963 1095 3018 Ἰουστίνου
1129 2983 1231 3037 pro
1263 2966 1612 3038 Justiniano.
1659 2969 1701 3038 A
1739 2971 1796 3021 Β.
1833 2983 1960 3021 mu-
1993 2970 2036 3036 ρ
2065 2967 2241 3038 talogi
2291 2969 2403 3023 AB.
2434 2973 2490 3023 et
2521 2968 2626 3023 DC.
2677 2967 2840 3023 Prior
2867 2968 3101 3038 quidem
3159 2970 3348 3027 solum
3389 2971 3707 3028 articulum

321 3034 522 3088 lierem
583 3053 693 3090 non
717 3034 1035 3104 'nominat,
1070 3034 1268 3092 dicens
1316 3043 1545 3092 tantum
1582 3036 1860 3089 ἀπόκειται
1922 3038 1957 3104 ἡ

322 3105 460 3176 γυνή
512 3105 826 3170 Ἰουστίνου,
889 3109 996 3162 DC.
1056 3114 1246 3164 tamen
1297 3109 1358 3164 in
1405 3109 1635 3164 nomine
1693 3109 1959 3164 Eudocia

318 3176 530 3232 Nostro
562 3180 865 3232 consentit.

395 3246 508 3322 (88)
548 3249 706 3301 Alias
724 3248 1154 3322 Rhinotmetus.
1190 3251 1377 3305 Ambo
1409 3251 1656 3322 catalogi
1687 3254 1961 3309 Iustinum

326 3317 616 3390 minorem
648 3317 972 3381 nominant,
1007 3318 1280 3374 maritum
1312 3323 1559 3390 Sophia,
1593 3317 1847 3390 proximo
1877 3340 1963 3378 se-

368 3386 580 3440 uentis.

368 3403 580 3440 uenus.

323 3403 358 3457 q
396 3456 508 3527 (89)
541 3456 924 3531 Aliaspecies
950 3458 1261 3531 marmoris
1292 3458 1600 3527 Docimini,
1627 3461 1784 3529 quod
1805 3479 1962 3531 gem-

325 3543 482 3582 mam
516 3527 797 3584 onvchem
843 3529 1031 3584 colore
1071 3529 1356 3584 imitatur.

395 3599 508 3668 (90)
559 3599 687 3654 Vid.
749 3599 988 3654 Cedren.
1033 3617 1087 3671 p.
1144 3601 1247 3656 430
1295 3601 1416 3657 ubi.
1496 3616 1647 3671 eum,
1686 3601 1965 3656 accubare

329 3671 493 3726 uxori
526 3687 645 3724 suae
675 3671 993 3726 Anastasis:
1021 3670 1080 3727 in
1112 3673 1232 3726 a-de
1289 3672 1387 3727 SS.
1423 3670 1823 3741 Apostolorum
1857 3675 1961 3728 ait.

324 3743 632 3797 Anastasia
671 3741 766 3796 illa
817 3748 904 3796 est
956 3744 1066 3797 alio
1125 3743 1360 3798 nomine
1417 3743 1691 3798 celebrior
1727 3743 1965 3798 Martina

328 3813 464 3885 (vid.
491 3830 668 3878 supra
701 3831 752 3885 ρ.
785 3814 936 3885 364,)
969 3814 1141 3869 Fabia
1188 3831 1320 3869 vero
1371 3815 1464 3870 hic
1515 3821 1831 3869 memorata
1881 3819 1967 3868 est

333 3884 489 3950 prior
516 3884 762 3940 Heraclii
793 3901 952 3944 uxor.
985 3885 1158 3941 Fabia
1187 3887 1442 3941 Eudocia
1464 3885 1625 3954 avid.
1653 3885 1736 3940 Du
1780 3887 1967 3954 Cange

327 3949 477 4027 Fem.
510 3956 743 4027 Byzant.
793 3957 994 4026 p.118.
1042 3957 1145 4013 Pro
1207 3957 1383 4012 Fabia
1442 3949 1680 4012 Φλαϐία.
1747 3949 1966 4024 Flavio,

328 4026 750 4083 habent’ambo
778 4027 1046 4098 catalogi.

399 4099 514 4170 (91)
545 4100 709 4171 Apud
735 4098 1019 4171 Cangium
1050 4099 1090 4154 1.
1127 4113 1177 4154 c.
1212 4117 1270 4171 p.
1316 4099 1440 4171 120,
1470 4099 1836 4171 Anastasiarn
1867 4115 1963 4154 re-

332 4169 492 4250 perio
514 4169 792 4250 appellari
824 4169 1061 4250 nitorem
1085 4169 1451 4250 Constantini
1480 4171 1777 4250 Pog_onati.
1801 4170 1967 4250 Forte

333 4241 391 4312 id
417 4241 529 4312 ipsi
579 4257 790 4296 nomen
822 4241 951 4306 fuit,
994 4257 1324 4312 praenomen
1359 4245 1551 4296 autem
1577 4241 1808 4296 Fausta.
1831 4244 1966 4312 Am-

335 4311 523 4386 hobus
573 4312 848 4386 catalogis
887 4311 1124 4386 deerant
1208 4319 1464 4386 extrema
1513 4313 1686 4367 verba
1737 4313 1770 4379 ἡ
1830 4311 1962 4386 γυνῇ

332 4383 738 4454 Κωνσταντίνου
767 4382 1158 4454 Ἠωγωνάτου.
1217 4385 1556 4454 Suspicatus
1625 4391 1815 4438 tamen
1844 4382 1968 4436 fuit.

330 4453 583 4510 Bandur.
618 4459 659 4509 t.
689 4455 760 4519 ΙΙ,
798 4472 852 4524 p.
885 4453 1011 4520 812,
1046 4456 1319 4526 Pogonati
1337 4453 1581 4510 uxorem
1616 4454 1763 4510 hanc
1798 4455 1966 4526 Faus-

330 4529 452 4580 tam
504 4527 702 4581 fuisse.
753 4529 918 4581 Forte
977 4524 1472 4582 nataillalacuna
1501 4543 1570 4580 ex
1599 4543 1688 4594 eo,
1721 4525 1875 4595 quod
1897 4524 1963 4578 li-

334 4596 584 4680 brarius‘,
619 4596 720 4680 qui
761 4597 909 4680 istos
941 4598 1232 4680 catalogos
1275 4602 1373 4679 aut
1415 4598 1605 4667 potius
1636 4597 1963 4680 catalogu‘m

333 4668 602 4739 exaravit,
627 4667 918 4739 inveniret
947 4669 1007 4722 in
1050 4667 1396 4739 primigenio
1434 4667 1743 4737 exemplari
1776 4667 1972 4722 confu-

337 4739 555 4794 sionem
579 4738 672 4793 hic
702 4738 834 4804 loci,
869 4738 1313 4808 cujus’vestigia
1340 4741 1397 4793 in
1430 4741 1643 4794 nostris
1675 4739 1969 4793 membra-

332 4811 424 4880 nis
449 4817 789 4880 supersunt._
817 4809 949 4880 Post
971 4811 1189 4880 Fausta:
1219 4826 1429 4864 nomen
1478 4809 1635 4865 enim
1697 4810 1972 4880 leguntur

330 4877 548 4934 inserta
578 4881 693 4934 haec
727 4897 740 4933 :
773 4877 824 4931 ἐν
846 4878 891 4949 ᾧ
922 4878 1220 4943 ἀπόκειται,
1254 4896 1378 4948 quae
1413 4880 1614 4934 delevi.

403 4952 514 5018 (92)
546 4950 756 5004 Filium
789 4950 1154 5005 Constantini
1191 4951 1467 5019 Pogonati
1499 4951 1644 5020 patri
1677 4948 1973 5020 cognomi-

333 5036 463 5074 nem
499 5020 726 5074 nullum
751 5020 905 5076 novi.
960 5020 1087 5076 Filii
1137 5020 1219 5073 illi
1247 5025 1415 5074 erant
1442 5020 1809 5075 Justinianus
1833 5020 1970 5074 Rhi-

333 5097 628 5145 notmetus
661 5099 712 5143 et
744 5089 1059 5146 Heraclius.
1102 5091 1274 5145 Posui
1322 5107 1450 5156 ergo
1479 5092 1536 5144 in
1569 5091 1789 5144 Latinis
1820 5097 1976 5159 pater

333 5160 459 5215 loco
493 5161 666 5230 hujus
693 5161 867 5214 vocis.
894 5162 1052 5217 Certe
1077 5162 1349 5232 Pogonati
1377 5168 1536 5231 pater
1557 5163 1973 5215 Constantinus

332 5233 444 5286 fuit
474 5232 530 5286 in
547 5233 920 5287 coronatione
951 5231 1464 5303 dictusfquamvis
1491 5231 1662 5296 vulgo
1695 5233 1974 5286 Constans

332 5304 570 5369 audiat;
630 5304 745 5358 vid.
791 5307 872 5357 Du
929 5306 1117 5360 Canae
1149 5304 1186 5357 Ι.
1229 5321 1278 5358 c.
1312 5321 1360 5372 p.
1411 5305 1535 5357 120.
1567 5305 1758 5366 Neque
1790 5303 1976 5356 obstat

332 5377 482 5446 quod
500 5377 790 5446 Constans
824 5374 920 5429 ille
949 5376 1003 5429 in
1041 5375 1237 5430 Sicilia
1269 5377 1650 5444 interemptus
1678 5374 1733 5427 in
1772 5373 1974 5446 balneo

331 5443 585 5516 perierit.
621 5445 802 5500 Filius
832 5447 985 5500 enim
1017 5448 1141 5514 ejus
1173 5446 1409 5500 exuvias
1435 5443 1975 5514 Constantinopolin

331 5515 642 5587 reportavit
671 5523 728 5571 et
757 5518 815 5571 in
851 5519 970 5572 aede
991 5515 1513 5585 SS.Apostolorum
1548 5531 1722 5587 penes
1754 5521 1974 5586 patrem

335 5587 462 5658 ejus
492 5587 820 5658 Heracliam
876 5589 1320 5645 Constantinum
1373 5588 1661 5658 deposuit,
1694 5591 1842 5658 teste
1874 5587 1974 5641 Ce-

337 5657 517 5712 dreno
549 5673 603 5727 p.
629 5657 751 5714 436.
787 5658 975 5730 Longe
989 5659 1364 5716 aliterlocum
1394 5657 1548 5712 hunc
1581 5657 1854 5713 exhibent
1884 5673 1974 5712 ca-

1997 4420 2044 4483 D

2067 3039 2463 3126 habetnquet‘n
2488 3039 2593 3094 DC.
2631 3041 2948 3126 po'steri‘ore
2978 3041 3109 3126 loco
3125 3042 3333 3097 refert:
3510 3047 3707 3126 avut‘em

2069 3109 2243 3164 habet
2264 3109 2370 3198 llos
2399 3111 2546 3196 duos
2571 3127 2584 3164 :
2631 3107 2782 3198 ἒτὲρα
2829 3107 3039 3198 ⁸λάρναξ
3072 3110 3502 3198 Σαγγαρικήηέν
3525 3110 3699 3198 ἦΐᾲπό

2067 3201 2240 3255 κειται
2273 3178 2666 3255 Κῳνστάντιοςη,
2711 3178 2768 3255 ὁΔ
2795 3181 2914 3255 υἱοῦ
2953 3178 3506 3255 Κωνστοίντίνου-υἱοῦ
3529 3178 3706 3255 ’ᾞρα-

2067 3250 2277 3307 κλείου.
2333 3250 2523 3324 Ἑτέρα
2588 3249 2807 3324 λάρναξξ
2865 3251 3298 3320 ἱκατοντάλιθος,
3357 3251 3408 3306 ἐν
3573 3249 3706 3306 diro-

2066 3343 2238 3446 Xit‘t'at
2299 3322 2606 3390 Κώνστανς,
2663 3322 2694 3375 ⁷ὁ
2735 3322 2851 3384 υἱὸς
2911 3324 3307 3378 Κωνσταντίνου
3367 3322 3703 3398 υἱοῦ⁷⁷Ἡραο

2066 3414 2098 3446 κ
2141 3414 2270 3446 ειου.

2065 3414 2270 3446 κΛειου.

2143 3465 2256 3535 (95)
2292 3464 2434 3538 Puto
2467 3481 2499 3518 a
2554 3465 2926 3538 multitudine
2976 3467 3234 3522 colorum
3261 3467 3570 3532 variorum,
3603 3467 3704 3538 qui

2071 3534 2345 3606 marmori
2403 3534 2791 3606 inerant,_sic
2847 3535 3066 3590 dictum
3103 3539 3331 3605 fuisse;
3385 3556 3498 3592 non
3550 3534 3706 3606 quod

2073 3603 2336 3676 praecise
2367 3608 2469 3657 tot.
2513 3606 2610 3657 sed
2669 3604 2814 3676 forte
2866 3606 3184 3674 pauciores,
3226 3603 3452 3676 semper
3510 3603 3704 3661 tamen

2073 3673 2259 3738 multi,
2293 3673 2409 3743 sive
2431 3689 2492 3726 ea
2523 3674 2785 3727 naturale
2807 3673 3173 3743 productum,
3206 3677 3326 3730 sive
3356 3673 3498 3731 artis
3527 3681 3709 3731 tesse-

2072 3742 2344 3868 larizgsvel
2376 3742 2994 3814 musivaiopusfuerit;
3028 3746 3141 3800 vid.
3175 3746 3702 3814 Salmas,adb'olin.

2073 3833 2127 3868 ι).
2273 3855 2285 3868 .

2073 3833 2442 3958 Ροῶἷῗᾼϋεε
2498 3884 3049 3958 ϐορτοογωιιβηῡθ
3101 3885 3282 3958 ipsius
3338 3887 3396 3941 in
3446 3887 3566 3942 aede
3603 3891 3700 3941 SS.

2073 3954 2474 4027 ApOstolorum
2518 3954 2810 4027 sepultura
2868 3956 3040 4012 habet
3095 3954 3338 4024 Cedren,
3371 3975 3426 4027 p.
3460 3958 3582 4020 468,
3635 3958 3705 4014 de

2074 4026 2230 4084 urnae
2263 4031 2456 4083 autem
2489 4032 2546 4081 et
2575 4026 2798 4082 ossium
2831 4027 3148 4083 infortunio
3174 4026 3557 4084 idemibidem
3593 4043 3707 4084 me-

2072 4107 2279 4226 ωοὶἲὲ,
2311 4103 2368 4154 et
2398 4103 2505 4153 Leo
2554 4097 2870 4154 Grammat.
2924 4116 2977 4170 p.
3025 4099 3148 4167 467,
3207 4103 3263 4155 et
3297 4101 3504 4171 Symeo
3552 4098 3705 4170 Mag.

2073 4189 2126 4226 ο.
2271 4211 2283 4224 .

2073 4189 2442 4312 Ρ’(9Ξῗ’νθτιί
2472 4239 2741 4312 ἰηιραίναε.
2768 4239 2848 4295 Ne
2872 4241 3003 4312 quis
3034 4242 3300 4310 miretur,
3347 4240 3538 4296 videat
3578 4256 3704 4311 quae

2073 4313 2142 4368 de
2173 4311 2600 4380 significatione
2630 4311 2809 4380 huius
2829 4311 2985 4368 vocis
3004 4313 3191 4368 dicam
3216 4313 3284 4366 ad
3309 4329 3365 4382 p.
3399 4311 3523 4366 3'73.

2144 4384 2256 4453 (96)
2287 4383 2531 4436 Secutus
2558 4397 2681 4436 sum
2706 4383 3140 4453 interpretando
3168 4381 3472 4438 lectionem
3503 4381 3707 4453 ambo-

2075 4470 2202 4508 rum
2241 4451 2667 4525 catalogorum,
2699 4456 2801 4521 qui
2828 4451 2929 4525 pro
2961 4452 3116 4525 φάρῳ
3173 4455 3486 4525 posteriore
3540 4451 3707 4525 exhi-

2075 4525 2214 4596 bent
2253 4518 2620 4596 φόρουῘΝᾶῐΠ
2655 4518 2754 4590 pro
2789 4518 3220 4596 ’ῥῐίῃιὸίφάρόυ
3275 4525 3492 4596 habent
3536 4518 3708 4574 παλα-

2072 4593 2210 4650 τίου.
2249 4592 2400 4649 [ᾱεηι
2435 4609 2536 4662 pro
2568 4592 2895 4662 σϋστεμάτια
2925 4592 3142 4648 habent
3197 4595 3412 4660 στήθεα.
3448 4599 3542 4648 Has
3567 4599 3708 4648 sunt

2079 4667 2356 4722 columnae
2407 4680 2608 4729 saxeae,
2661 4663 2730 4716 ad
2790 4664 3037 4735 pectoris
3075 4665 3312 4720 humani
3337 4665 3706 4720 altitudinem

2080 4753 2350 4808 procerae,
2385 4735 2702 4808 συστήματα
2733 4743 2924 4808 autem
2955 4742 3093 4808 sunt
3125 4752 3247 4790 com
3261 4751 3432 4806 pages
3455 4740 3511 4790 et
3531 4735 3707 4808 series

2120 4808 2330 4861 lurium
2366 4803 2771 4860 columnarum
2821 4806 2991 4874 (quod
3030 4822 3187 4875 paene
3251 4803 3451 4860 eodem
3511 4803 3705 4874 redit).

2121 4827 2330 4861 Iurlum
2366 4827 2771 4860 COIUIIIUEI'UIII
2821 4827 2991 4874 (quoa
3030 4827 3187 4875 paulo
3251 4827 3451 4860 εοαεῐῐι
3511 4827 3705 4874 Γθυιι).

2078 4827 2297 4934 Blacuit
2329 4881 2519 4930 tamen
2552 4876 2739 4945 magis
2775 4876 2835 4930 in
2876 4876 3094 4931 Latinis
3149 4876 3500 4945 lectionem,
3533 4889 3708 4945 quam

2081 4949 2178 5005 alii
2217 4962 2449 5018 quoque
2498 4944 2836 5018 suggerunt,
2880 4945 3288 5018 συστρεμμάτια
3343 4944 3525 5018 sequi.
3553 4944 3712 4999 ’Sunt

2083 5014 2292 5089 nempe
2346 5014 2727 5090 συστρέμματα
2807 5021 2863 5072 et
2910 5014 3312 5090 συστρεμμάτια
3369 5014 3564 5072 omnia
3620 5030 3708 5069 re-

2081 5089 2315 5162 pagula.
2347 5105 2626 5162 carceres.
2671 5089 2792 5143 sive
2841 5106 2998 5157 saxo,
3045 5089 3168 5144 sive
3228 5089 3374 5144 ferro
3432 5093 3533 5162 aut
3577 5102 3708 5162 fere,

2082 5156 2364 5233 quidquid
2401 5158 2940 5233 auctpéensbroercet
2973 5156 3220 5224 turbam,
3263 5175 3450 5233 neque
3481 5156 3712 5233 sinit_li-

2085 5224 2215 5287 bere
2245 5224 2497 5301 evagari.
2535 5224 2820 5284 ’Ἃϐϐάκια
2877 5237 3070 5286 autem
3119 5235 3257 5286 sunt
3306 5224 3431 5284 tata:
3461 5226 3711 5301 tabulas,

2083 5320 2206 5373 quae
2234 5308 2334 5357 aut
2362 5299 3150 5372 superimponunturtahbus
3171 5299 3589 5373 systematihus
3619 5313 3714 5352 co-

2083 5371 2564 5445 l_umnarum,’aut
2590 5374 2660 5428 ad
2691 5390 2889 5427 muros
2919 5371 3383 5445 appositae—sunt,
3411 5371 3567 5427 velut
3594 5385 3715 5424 sca-

2084 5462 2245 5504 mna.
2278 5454 2341 5498 ut
2373 5445 2429 5497 in
2462 5444 2602 5512 ipsis
2626 5445 2812 5498 sederi
2844 5444 3038 5514 queat.

2157 5516 2270 5586 (97)
2301 5519 2374 5571 At
2429 5515 2525 5582 qui
2576 5521 2889 5585 potuerunt
2943 5533 3011 5571 ex
3068 5531 3181 5586 una
3221 5531 3352 5572 arca
3398 5525 3720 5571 marmorea

2087 5585 2321 5643 concisa
2347 5589 2430 5641 tot
2458 5589 2512 5640 et
2541 5589 2704 5641 tanta
2732 5601 2907 5659 opera
2929 5585 3119 5643 efﬁci?
