4122 6296
321 319 492 378 1209

1172 315 1271 374 DE
1319 313 1769 375 CERIMONIIS
1813 313 2053 374 AULAE
2093 315 2585 379 BYZANTINIE
2627 318 2776 379 LIB.
2826 317 2898 378 li.

3588 316 3744 380 1.210

324 446 510 512 αὐτῆς
564 445 880 516 ἐκκλησίας,
938 444 1187 498 ἀπέναντι
1247 445 1449 514 ταύτης
1497 451 1596 513 τῆς
1653 444 1967 519 σταταραίας

2085 449 2338 520 oratorii,
2382 453 2502 507 stat
2556 449 2956 522 sarcophagus
2987 464 3121 504 cum
3154 448 3472 520 sculpturis
3515 457 3744 506 exstan-

321 536 479 591 ἐστὶν
530 537 685 610 ὲτὲρα
745 532 1037 608 σταταραία
1096 533 1200 587 ἀπὸ
1261 532 1418 588 λίθου
1477 533 1740 606 πρασίνου
1791 540 1985 589 Θεττα-

323 623 464 696 λοῦ,
500 623 552 679 ἐν
650 623 933 679 ἀπόκειται
979 622 1252 696 Μαριανὸνς
1304 623 1332 676 6
1379 623 1619 698 γεγονὼς
1663 619 1984 695 δομέστικος

315 717 442 768 τῶν
493 711 736 788 σχολῶν,
784 710 877 766 καὶ
920 705 1232 782 Σομϐάτιος
1281 712 1394 783 (24)
1436 712 1463 764 6
1517 707 1753 784 ἀδελφὸς
1792 711 1983 782 αὐτοῦ,

318 802 639 881 ἀμφότεροι
681 797 910 877 ἀδελφοὶ
962 797 1250 855 Βασιλείου
1307 804 1405 855 τοῦ
1464 797 1832 877 φιλοχριστοῦ
1890 797 1984 853 δε·-

322 889 559 945 σπότου.
623 889 842 957 Ἰστὲον,
911 888 994 942 ὃτι
1060 886 1112 941 ἐν
1172 887 1252 956 τῷ
1319 883 1478 959 δεξιῷ
1544 885 1816 959 εὐκτηρίῳ
1881 892 1982 955 τῆς

313 979 505 1046 αὐτῆς
533 977 826 1047 ἐκκλησίας
857 980 955 1031 τοῦ
1003 972 1335 1052 Προδρόμου
1379 973 1430 1028 ἒν
1480 979 1560 1047 τῷ
1605 975 1742 1051 πρός
1786 974 1980 1029 611210-

315 1065 440 1134 λήν
484 1065 752 1139 εὐωνύμῳ
814 1065 963 1140 μέρει
1021 1067 1116 1119 τοῦ
1174 1063 1339 1118 αὐτοῦ
1407 1061 1980 1139 εὐκτηρίου¹⁶ίσταται

315 1152 528 1230 λάρναξ
586 1153 911 1232 ἀνάγλυφος,
967 1153 1018 1208 ἐν
1067 1154 1114 1226 ᾧ
1162 1153 1447 1208 ἀπόκειται
1500 1152 1818 1208 Ἀναστασία
1870 1155 1978 1226 (25)

313 1247 354 1315 ἡ
429 1245 669 1321 θυγάτηρ
728 1241 1020 1300 Βασιλείου
1096 1247 1193 1298 τοῦ
1262 1241 1629 1320 φιλοχρίστου
1689 1239 1977 1301 δεσπότου.

309 1332 552 1402 Ἱστέον,
596 1331 677 1387 ὅτι
718 1331 771 1386 ἐν
807 1336 886 1404 τῷ
942 1333 1076 1406 πρὸς
1131 1329 1403 1399 ἀνατολὴν
1459 1327 1618 1402 δεξιῷ
1678 1330 1826 1404 μέρει
1883 1335 1980 1385 τοῦ

306 1421 496 1477 αὐτοῦ
563 1420 878 1496 εὖκτηρίου,
948 1421 1202 1475 ἀπέναντι
1267 1424 1364 1474 τοῦ
1433 1419 1701 1493 λάρνακος
1763 1417 1979 1474 ⁶ίσταται

2094 537 2275 608 tibus,
2305 541 2365 596 in
2399 557 2512 612 quo
2537 542 2694 612 jacet
2721 539 3051 606 Anastasia,
3085 539 3236 596 375
3271 537 3392 593 filia
3415 538 3612 594 Basilii
3634 541 3743 595 im-

2096 629 2462 696 peratoris.ln
2477 633 2676 687 dextro
2691 630 2761 686 ad
2775 629 3116 686 orientalem
3131 628 3312 684 latere
3325 627 3484 683 illius
3500 628 3738 684 oratorii

2091 728 2123 767 ο
2153 716 2388 786 regione
2416 716 2802 787 praecedentis
2843 714 3210 787 earcOphagi,
3258 718 3374 769 stat
3419 713 3566 769 alius
3600 731 3736 785 par-

2091 817 2220 870 vus,
2257 804 2430 860 etiam
2465 821 2598 862 cum
2635 805 2838 876 ﬁguris
2875 802 3194 875 exsculptis
3244 802 3737 872 prominentibus,

2091 888 2148 944 in
2201 908 2314 962 quo
2352 895 2548 963 jacent
2596 896 2766 950 Anna
2813 898 2870 950 et
2929 892 3170 961 Helena,
3218 891 3478 962 ejusdem
3537 891 3739 948 Basilii

2093 979 2224 1034 ﬁliai
2252 998 2265 1047 ;
2298 987 2357 1036 et
2385 986 2518 1051 Zoe,
2551 987 2737 1039 mater
2769 1000 2800 1037 a
2826 984 2936 1039 Deo
2983 982 3247 1039 coronati
3302 985 3361 1037 et
3406 981 3740 1054 Porpher-

2090 1066 2270 1138 geniti
2299 1068 2690 1138 Constantini,
2734 1071 2886 1126 beati
2919 1071 3314 1142 Imperatoris,
3349 1072 3580 1141 nepotis
3632 1070 3738 1125 Ba-

2091 1155 2226 1211 silii.
2261 1158 2325 1211 In
2358 1159 2710 1214 monasterio
2743 1158 3153 1230 Archistrategi
3185 1175 3280 1214 seu
3313 1159 3372 1214 S.
3400 1158 3725 1226 Michaelis,

2092 1243 2161 1299 de
2192 1249 2426 1302 auctore
2457 1245 2712 1301 Promoti
2745 1247 3162 1317 cognominati,
3189 1248 3350 1316 jacet
3375 1247 3436 1302 in
3469 1249 3596 1317 ejus
3643 1264 3728 1303 ec-

2089 1333 2274 1388 clesiae
2306 1335 2505 1391 dextro
2532 1333 2712 1390 latere
2743 1335 2804 1390 in
2834 1339 3109 1403 statarea,
3129 1351 3260 1404 quas
3287 1336 3367 1389 ibi
3393 1341 3502 1404 est,
3527 1335 3732 1408 Maria,

2090 1422 2210 1476 ﬁlia
2241 1423 2460 1492 Basilii,
2492 1423 2662 1479 toties
2695 1424 2821 1494 jam
2852 1422 3073 1478 laudati
3099 1423 3352 1479 Domini.

322 1511 640 1586 λαρνάκων
699 1510 894 1586 μικρὸν
943 1507 1272 1584 ἀνάγλυφον,
1323 1508 1376 1564 ἐν
1426 1509 1472 1580 ᾦ
1530 1507 1842 1563 ἀπόκεινται
1899 1515 2063 1564 ’Ἅννα
2112 1509 2200 1563 καὶ
2237 1509 2453 1581 Ἐλένη,
2514 1511 2796 1585 θυγατέρες
2865 1511 3155 1567 Βασιλείου
3216 1515 3314 1566 τοῦ
3371 1509 3736 1588 φιλοχρίστου

311 1596 628 1671 δεσπότοΰ,
685 1600 776 1655 καὶ
835 1601 956 1668 Ζωή
1015 1601 1050 1668 ἡ
1112 1600 1300 1672 μήτηρ
1357 1597 1762 1654 Κωνσταντίνου
1828 1601 1922 1652 τοῦ
1991 1595 2315 1662 θεοστὲπτου
2380 1598 2468 1653 καὶ
2537 1601 3063 1675 Πορφυρογεννήτου
3125 1602 3222 1653 106
3291 1599 3558 1672 μακαρίου
3622 1601 3736 1672 (‘26)

308 1688 608 1766 βασιλέως
664 1692 760 1743 τοῦ
826 1687 1046 1764 ἐγγόνου
1094 1686 1405 1743 Βασιλείου.
1457 1686 1670 1756 Ἰστὲον,
1723 1686 1804 1742 ὅτι
1861 1685 1914 1741 ἐν
1963 1691 2032 1760 τῇ
2081 1690 2220 1760 μονῇ
2270 1687 2365 1741 τοῦ
2415 1687 2890 1765 Ἀρχιστρατήγου
2938 1692 3035 1744 τοῦ
3079 1686 3562 1761 ἐπονομαζομένου
3626 1692 3734 1743 τῶν

305 1779 658 1852 Προμούτου
689 1778 741 1832 ἐν
792 1777 871 1850 τῷ
922 1775 1078 1850 δεξιῷ
1131 1778 1283 1853 μέρει
1332 1783 1432 1846 τῆς
1487 1777 1656 1846 αὐτῆς
1705 1774 2002 1848 ἐκκλησίας
2055 1773 2108 1831 ἐν
2156 1779 2225 1850 τῇ
2267 1775 2436 1832 ἐκεῖσε
2492 1777 2788 1851 σταταραίᾳ
2844 1776 3127 1832 ἀπόκειται
3171 1778 3360 1850 Μαρία
3405 1778 3441 1845 ἡ
3492 1776 3734 1852 θυγάτηρ

301 1865 618 1922 Βασιλείου
651 1864 934 1924 δεσπότου.

925 1958 1193 2011 ΚΕΦΑΛ.
1235 1955 1368 2011 ΜΓ’.

295 2043 610 2122 Εὖφημία,
697 2043 799 2098 ὑπὸ
876 2041 1242 2168 στόοατοπὲδου
1343 2043 1734 2119 εὐφημουμένῃ
1841 2043 1976 2166 (27g,

377 2114 732 2168 νικητηρίων
779 2115 867 2168 καὶ
965 2109 1214 2168 οιοίιιϐων
1279 2113 1582 2168 ἀγομένων.
1643 2113 1836 2168 ’ἰστέον
1895 2111 1976 2168 δ.

377 2109 732 2190 νξικητηρίων
779 2115 867 2190 καὶ
925 2109 1611 2190 θριάμϐιυνωᾶγοιὶένὶονξ
1643 2109 1857 2190 ’ἰστέον

378 2181 609 2256 ὅτι’ἧ’
650 2185 808 2258 ,αὐτή
886 2181 1132 2258 εὐφημία
1207 2181 1400 2258 ᾅδεται
1470 2186 1584 2258 ,καὶ
1659 2185 1805 2256 παρά
1877 2181 1976 2258 τοῦ

378 2254 762 2334 στρατοπεδῳ
1011 2254 1172 2334 ἡνίκα
1220 2254 1538 2334 φιλοτιμίαμ
1560 2276 1643 2318 τις
1682 2254 1974 2329 ἢμαϊμάς

376 2327 543 2404 παρὰ
571 2333 669 2384 τοῦ
704 2327 974 2403 βασιλέως
1009 2327 1192 2389 αὐτοῖς
1223 2327 1562 2406 παρασχεθῇ.

375 2442 407 2471 ‹‹
459 2415 655 2473 [10116
692 2417 755 2471 16
799 2412 891 2486 ἔτη
941 2420 1048 2470 τῶν
1103 2413 1395 2491 βασιλέωνο
1432 2438 1460 2467 ››
1493 2415 1520 2470 6
1553 2414 1684 2477 λαὸς
1715 2416 1785 2490 γ’.
1839 2439 1868 2468 ‹‹
1915 2415 1974 2472 '0

297 2505 472 2562 δεῖνα
519 2506 610 2560 καὶ
671 2506 698 2559 6
767 2502 914 2560 δεῖνα
991 2503 1241 2579 μεγάλων
1315 2502 1584 2579 βασιΑέων
1651 2501 1740 2558 καὶ
1808 2502 1976 2558 αὖτο-

293 2594 606 2672 κρα-ῑόρων
639 2593 828 2650 110116
873 2593 940 2649 16
979 2587 1096 2663 ἔτη·
1134 2617 1161 2644 ››
1197 2594 1225 2648 6
1259 2592 1392 2655 λαὸς
1419 2594 1485 2671 γ’.
1519 2617 1547 2647 ‹‹
1598 2594 1658 2650 Ὀ
1691 2591 1836 2648 δεῖνα
1882 2591 1974 2648 καί

305 2687 336 2739 6
413 2681 570 2738 δεῖνα
634 2688 744 2738 τῶν
813 2678 1205 2738 εὐσεϐεστάτων
1274 2681 1586 2757 αὖγουστῶν
1655 2680 1844 2738 πολλᾶ
1905 2684 1974 2736 16

306 2768 439 2840 ἔτη·
477 2796 507 2824 ››
541 2773 566 2826 6
599 2771 731 2834 λαὸς
762 2773 826 2846 γ’.
865 2796 894 2824 ‹‹
935 2775 1054 2828 Τῶν
1105 2766 1626 2848 πορφυρογεννήτων
1673 2769 1860 2826 πολλὰ
1905 2771 1972 2825 τὰ

308 2861 438 2931 ἔτη·
477 2885 508 2913 ››
550 2861 577 2915 6
619 2861 751 2926 λαὸς
788 2862 854 2936 γ’.
905 2885 934 2913 ‹‹
983 2853 1419 2935 Θεοπροϐλήτων
1471 2859 1739 2936 βασιλέων
1785 2858 1972 2914 πολλὰ

305 2953 385 3006 16
439 2946 556 3022 ἔτη·
609 2974 638 3003 ››
695 2953 723 3006 6
773 2948 907 3012 λαὸς
963 2951 1031 3026 γ’.
1084 2975 1112 3003 ‹‹
1181 2944 1631 3022 Θεοκυϐερνήτων
1702 2948 1968 3010 Βασιλέων

298 3037 505 3096 πολλὰ
531 3039 601 3094 16
629 3035 746 3109 ἔτη·
784 3061 813 3091 ››
843 3040 871 3093 6
914 3037 1046 3101 λαὸς
1088 3040 1155 3114 γ’.
1214 3061 1235 3090 ι
1288 3036 1755 3112 Κοσμοσυστάτων
1808 3039 1973 3111 βασι-

301 3129 460 3186 λέων
499 3126 685 3182 πολλὰ
734 3127 801 3181 τὰ
842 3124 961 3197 ἕτηο
1012 3152 1040 3179 ››
1083 3129 1110 3181 6
1162 3127 1292 3190 λαὸς
1339 3129 1403 3202 γ’.
1461 3152 1484 3180 ιι
1519 3129 1966 3201 Κοσμοποθήτων

308 3215 595 3291 βασιλέων
628 3212 814 3269 πολλὰ
854 3217 920 3268 16
962 3210 1079 3283 ἕτὴο
1126 3237 1150 3268 ιι
1195 3217 1222 3270 6
1262 3214 1395 3278 λαὸς
1445 3217 1511 3292 γ’.
1550 3240 1578 3269 ‹‹
1610 3213 1965 3284 Ἀνδρειοτά-

2005 1957 2055 2023 Β

2673 1956 2910 2012 CAPUT
2948 1955 3140 2012 XLIII.

2087 2044 2423 2102 Acclamatio
2450 2053 2777 2113 castrorum,
2822 2045 3039 2116 quando
3095 2045 3410 2116 triumphus
3453 2043 3520 2100 de
3571 2044 3734 2100 victis

2155 2117 2401 2171 hostibus
2425 2117 2615 2186 agitur
2642 2122 2696 2172 et
2739 2117 2989 2188 insignia
3032 2118 3275 2172 victoriae
3324 2119 3725 2187 producuntur.

2155 2195 2288 2260 Haec
2315 2188 2502 2242 eadem
2532 2191 2790 2244 cantatur
2830 2203 3041 2260 quoque
3082 2189 3155 2243 ab
3192 2193 3470 2254 exercitu,
3502 2192 3729 2259 quando

2152 2258 2508 2332 largitionem
2537 2260 2605 2315 ab
2642 2258 2970 2332 imperatore
3007 2260 3260 2331 aliquam
3291 2263 3388 2315 aut
3416 2258 3725 2330 majumam

2151 2329 2436 2401 impetrat.

2154 2437 2180 2470 α
2197 2419 2361 2475 Multi
2376 2419 2493 2474 sint
2512 2420 2648 2475 anni
2671 2420 3106 2490 imperatorum;
3127 2439 3155 2468 »
3174 2419 3383 2490 repetit
3403 2419 3576 2474 turba
3596 2423 3722 2490 ter;

2079 2507 2246 2578 (quod
2276 2509 2442 2564 etiam
2472 2507 2538 2564 de
2591 2510 2841 2565 omnibus
2895 2511 3048 2579 infra
3103 2509 3321 2578 scripti:
3368 2508 3721 2564 acclamatio-

2077 2598 2239 2652 nibus
2266 2599 2474 2668 factum
2502 2614 2636 2666 esse,
2667 2598 2915 2671 sufﬁciat
2942 2598 3105 2654 semel
3124 2597 3450 2668 monuisse).
3489 2619 3516 2648 αι
3556 2596 3720 2653 Illius

2079 2692 2136 2742 et
2164 2685 2326 2742 illius
2358 2703 2712 2758 magnorum
2740 2704 2934 2760 regum
2973 2693 3031 2743 et
3078 2688 3502 2759 imperatorum
3553 2685 3722 2742 multi

2079 2775 2194 2830 sint
2223 2777 2382 2830 anni.
2414 2775 2578 2831 Illius
2610 2782 2667 2832 et
2696 2775 2851 2831 illius
2881 2775 3283 2848 piissimarum
3324 2777 3720 2846 Augustarum

2077 2864 2246 2920 multi
2275 2865 2390 2921 sint
2411 2865 3202 2938 anni.Porphyrogenitorum
3229 2865 3397 2920 multi
3419 2866 3537 2920 sint
3559 2864 3718 2920 anni.

2073 2955 2114 3009 A
2145 2953 2261 3009 Deo
2292 2959 2687 3025 promotorum
2715 2954 3133 3024 imperatorum
3175 2953 3344 3008 multi
3397 2954 3515 3009 sint
3555 2953 3715 3008 anni.

2073 3043 2120 3097 A
2151 3041 2266 3097 Deo
2298 3044 2751 3111 gubernatorum
2775 3042 3194 3114 imperatorum
3220 3041 3390 3098 multi
3411 3041 3533 3098 sint
3556 3042 3719 3098 anni.

2076 3133 2122 3186 A
2155 3134 2270 3187 toto
2301 3135 2588 3187 terrarum
2629 3131 2767 3186 orbe
2809 3130 3352 3186 commendatorum
3398 3131 3719 3201 imperato-

2075 3236 2207 3275 rum
2237 3218 2406 3274 multi
2437 3218 2556 3275 sint
2586 3219 2744 3274 anni.
2777 3219 2823 3273 A
2844 3223 2961 3274 toto
2997 3223 3286 3275 terrarum
3321 3218 3459 3274 orbe
3488 3218 3721 3290 cupito-

303 3324 429 3358 των
461 3298 727 3375 βασιλέων
758 3300 944 3356 πολλὰ
971 3302 1039 3356 16
1064 3297 1178 3371 ἔνηο
1213 3326 1241 3354 ››
1284 3303 1311 3355 6
1352 3302 1483 3364 λαὸς
1528 3311 1595 3378 γ’.
1649 3327 1676 3354 ‹‹
1709 3305 1967 3374 Νικητῶν

2085 3325 2207 3364 rum
2238 3309 2658 3380 imperatorum
2691 3306 2859 3362 multi
2891 3306 3004 3363 sint
3045 3307 3203 3362 anni.
3238 3305 3719 3364 Fortissimorum

315 3389 598 3467 βασιλέων
633 3387 818 3444 110116
846 3389 914 3444 16
959 3386 1076 3458 ἔτηο
1111 3413 1139 3440 ››
1174 3390 1202 3442 6
1234 3387 1366 3450 λαὸς
1395 3391 1463 3461 γ’.
1512 3413 1539 3441 ‹‹
1590 3391 1968 3463 Ἐχθρολετῶν

311 3477 596 3557 βασιλέων
623 3475 810 3533 110116
836 3478 904 3533 16
933 3473 1050 3548 ἔτηο
1088 3500 1117 3528 ››
1148 3479 1175 3530 6
1219 3476 1350 3539 λαὸς
1393 3477 1460 3551 γ’.
1514 3501 1543 3530 ‹‹
1576 3477 1967 3533 Πλουτοποιῶν

311 3567 594 3645 βασιλέων
626 3566 812 3623 πολλὰ
839 3567 907 3621 τὰ
936 3565 1050 3638 ἔτη·
1108 3589 1132 3619 ν
1185 3567 1212 3621 6
1253 3565 1385 3628 λαὸς
1439 3573 1506 3641 γ’.
1559 3589 1588 3619 ‹‹
1632 3565 1968 3642 Ὀρθοδόξων

311 3653 600 3734 βασιλέων
640 3653 827 3712 πολλὰ
867 3658 936 3711 16
982 3651 1098 3725 ἔτη·
1136 3679 1164 3708 ››
1215 3657 1243 3711 ὁ
1289 3654 1420 3717 λαὸς
1477 3662 1544 3730 γ’.
1605 3679 1634 3708 ‹‹
1684 3656 1770 3710 Υἱέ
1813 3659 1969 3726 Θεοῦ,

312 3747 472 3816 ζωὴν
525 3745 737 3806 αὐτοῖς’
772 3767 800 3797 ››
844 3745 872 3800 6
905 3743 1037 3806 λαὸς
1077 3745 1144 3821 γ’.
1193 3768 1213 3797 ι
1267 3745 1355 3798 Υἱὲ
1394 3748 1554 3814 Θεοῦ,
1604 3740 1971 3817 συμϐασίλευ-

306 3855 406 3890 σον
449 3834 658 3895 αὐτοῖς’
703 3858 732 3886 ››
787 3835 815 3888 6
857 3832 987 3896 λαὸς
1034 3833 1101 3908 γ’.
1156 3857 1183 3885 ‹‹
1233 3834 1322 3888 Υἱὲ
1371 3837 1526 3905 Θεοῦ,
1577 3834 1800 3912 χάρισαι
1831 3835 1966 3906 ἡμῖν

302 3925 468 3986 τούς·
504 3921 568 3977 αὖ
610 3946 638 3975 ››
671 3924 699 3977 6
737 3921 868 3983 λαὸς
900 3922 971 4000 γ’.
1003 3947 1030 3975 ‹‹
1062 3923 1152 3977 Υἱὲ
1181 3927 1338 3991 Θεοῦ,
1369 3924 1495 3985 τοὺς
1526 3923 1762 4001 χρόνους
1791 3924 1966 3978 αὐτῶν

304 4010 580 4083 πλήθυνε·
618 4033 646 4063 ››
678 4011 705 4065 6
739 4008 872 4073 λαὸς
903 4012 971 4086 γ’.
1006 4034 1034 4063 ‹‹
1075 4011 1166 4065 Υἱὲ
1197 4015 1356 4084 Θεοῦ,
1387 4008 1686 4066 ἐπάκουσον
1721 4014 1902 4086 ἡμῶν
1938 4034 1968 4063 ››

2078 3396 2493 3467 imperatorum
2527 3395 2694 3452 multi
2727 3395 2847 3451 sint
2876 3395 3033 3450 anni.
3057 3394 3723 3468 Victoriosorumimpe-

2080 3486 2335 3536 ratorum
2369 3481 2541 3536 multi
2566 3481 2684 3536 sint
2713 3480 2874 3537 anni.
2899 3485 3105 3536 Hostes
3129 3481 3498 3550 perdentium
3534 3481 3721 3552 impe-

2080 3575 2336 3622 ratorum
2367 3567 2539 3622 multi
2570 3569 2691 3623 sint
2737 3567 2897 3622 anni.
2931 3568 3251 3623 Ditantium
3305 3569 3721 3639 imperatorum

2080 3656 2252 3710 multi
2281 3655 2401 3710 sint
2429 3655 2587 3709 anni.
2619 3655 3084 3711 Orthodoxorum
3109 3655 3524 3725 imperatorum
3549 3657 3727 3712 mnlti

2079 3745 2201 3801 sint
2229 3744 2386 3799 anni.
2421 3743 2527 3798 Fili
2557 3742 2679 3813 Dei,
2710 3743 2884 3798 vitam
2927 3743 3072 3814 ipsis
3116 3741 3426 3816 [indulge].
3462 3743 3565 3799 Fili
3597 3745 3726 3813 Dei,

2079 3848 2321 3906 regnum
2355 3847 2488 3887 cum
2519 3831 2640 3888 illis
2671 3831 3039 3888 administra.
3069 3831 3177 3886 Fili
3204 3831 3330 3902 Dei,
3359 3832 3596 3902 indulge
3625 3850 3726 3890 no-

2079 3922 2170 3978 bis
2199 3938 2314 3978 eos.
2343 3920 2450 3977 Fili
2492 3921 2614 3993 Dei,
2666 3920 2998 3992 multiplica
3044 3921 3308 3993 ipsorum
3356 3938 3562 3979 annos.
3615 3922 3726 3978 Fili

2079 4011 2201 4079 Dei,
2233 4010 2440 4066 exaudi
2471 4025 2595 4065 nos.
2623 4009 2859 4066 Crescat
2888 4009 3032 4066 fides
3077 4009 3555 4067 Christianorum.
3589 4010 3723 4068 Cre-

1363 4130 1559 4188 JOAN.
1603 4130 1751 4187 JAC.
1785 4129 2048 4187 REISKII
2078 4127 2670 4186 COMMENTARIUS.

386 4237 509 4310 (24)
541 4237 861 4310 Marianum
891 4236 1153 4308 quidem,
1178 4240 1238 4293 at
1259 4253 1373 4293 non
1394 4237 1552 4293 hunc
1569 4237 1962 4310 Symbatium,

304 4308 494 4363 habet
526 4309 601 4362 du
635 4312 825 4380 Gange
847 4308 886 4362 l.
920 4324 971 4364 ο.

2075 4235 2354 4291 suevisse.
2375 4233 2504 4290 Scio
2531 4249 2760 4307 quoque
2777 4233 3165 4307 Alexandrum
3188 4235 3537 4307 EpiscOpum
3561 4237 3717 4307 apud

2081 4307 2288 4362 Euseb.
2306 4307 2447 4362 Ilist.
2465 4305 2732 4362 ecclesJ.
2749 4321 2822 4373 v1,
2843 4321 2894 4360 c.
2909 4322 2947 4361 ιι
2965 4306 3079 4362 ﬁne
3101 4305 3452 4373 Clementem
3473 4305 3719 4362 Alexan-

384 4350 505 4451 (U2VS‘)
523 4350 1031 4451 ﬁéc"€£é%”u}ia"ést
1052 4387 1303 4450 quatuor
1318 4379 1513 4435 Basilii
1527 4379 1800 4446 ﬁliarum,
1817 4396 1964 4450 quas

2085 4381 2243 4433 irin-I1
2254 4395 2307 4451 tu
2324 4378 2392 4432 ad
2403 4378 2516 4451 huc
2530 4377 2726 4451 vivum
2741 4350 2834 4430 τὸν
2855 4375 3122 4451 μακάριον
3138 4369 3720 4451 πρεσϐύτεροναρρθι·

318 4449 410 4523 Du
449 4450 642 4517 Gange
664 4449 866 4523 pftltl,
897 4449 1182 4506 memorat
1212 4449 1964 4523 quidem,sediabsque’no-

2070 4448 2268 4516 lare,et
2284 4450 2342 4503 in
2359 4449 2695 4503 universum
2711 4448 3132 4513 beatos,felices
3145 4449 3416 4506 homines
3429 4448 3717 4506 adhaesi-

313 4521 507 4574 mine.
534 4518 684 4591 Duas
709 4521 854 4576 alias
879 4523 938 4576 in
961 4518 1282 4578 continenti
1303 4518 1566 4578 nominat
1590 4518 1818 4578 Noster.
1843 4530 1964 4576 An-

2085 4537 2168 4575 ros
2182 4520 2313 4576 olim
2331 4518 2775 4591 paxaptoucﬁita
2789 4521 3014 4575 functos
3026 4525 3218 4575 autem
3231 4521 3527 4591 μακαρίτας
3543 4521 3724 4578 fuisse

308 4595 546 4665 nam‘et
575 4590 873 4665 Helenam.
906 4593 1168 4648 Tandem
1200 4594 1274 4665 in
1302 4594 1417 4649 fine
1464 4594 1673 4665 capitis
1719 4593 1960 4649 Mariam
2066 4590 2438 4662 dictos,quod
2453 4590 2607 4665 clare
2635 4597 2877 4660 apparet
2892 4607 2960 4646 ex
2997 4590 3266 4665 Athenaeo
3286 4593 3604 4665 p.113.Sed
3621 4594 3717 4648 ille

308 4661 602 4718 nominat.
623 4661 924 4748 ⁸ξξεὼεξωιιει
955 4680 1092 4736 ergo
1123 4664 1360 4720 nomina
1407 4661 1667 4722 omnium
1714 4671 1962 4736 quatuor
2067 4678 2208 4748 psus
2229 4661 2499 4748 yocabuli
2518 4677 2793 4748 ρει-τειχιιὲ
2803 4666 2894 4718 est
2915 4667 2973 4718 et
2994 4663 3221 4746 decimo
3245 4661 3538 4748 snt—ecutop.
3652 4682 3712 4720 n.

307 4749 587 4789 sororum
621 4731 874 4789 illarum.

2057 4735 2181 4804 jam
2213 4735 2435 4789 dudum
2466 4733 2988 4789 desierat.Possem
3005 4735 3239 4790 nuncin
3258 4733 3716 4805 ﬁnehuj‘usMor-

381 4805 505 4875 (26)
524 4804 987 4879 Praetervideram
1003 4806 1156 4879 hunc
1171 4804 1638 4879 locum,ideoque
1650 4806 1960 4863 omiseram
2062 4806 2235 4879 tuarii
2257 4805 2470 4879 multos
2493 4805 3146 4879 addere_i_mperatorum
3167 4806 3429 4879 tumulos
3442 4804 3712 4879 eteorum

306 4891 444 4931 eum
462 4879 520 4950 in
541 4878 909 4950 argumentis
931 4877 1047 4950 illis
1066 4877 1337 4950 allegare,
1363 4877 1575 4950 quibus
1595 4879 1958 4950 demonstra-

2061 4878 2188 4932 loca
2219 4877 2500 4942 indicare,
2532 4891 2682 4946 quos
2712 4875 2917 4933 Noster
2940 4877 3455 4947 prasteriit.Verum
3477 4878 3704 4946 omitto,

305 4951 436 5000 tum
503 4947 696 5019 iyifin
755 4947 1110 5018 praefatione,
1165 4947 1325 5003 nulla
1381 4947 1753 5004 Cerimoniaii
1821 4950 1954 5004 huic
2061 4949 2200 5019 quia
2233 4963 2544 5019 per-parum
2571 4962 2639 5001 ea
2671 4947 2952 5003 sedulitas
2979 4950 3283 5019 profutura
3317 4952 3491 5019 esset.

304 5025 510 5094 assuta
522 5016 1008 5094 fui_sse,_i_gno_tum
1033 5036 1150 5094 qua
1176 5036 1376 5094 manu,
1399 5036 1531 5074 vero
1553 5021 1676 5094 ejus
1697 5023 1953 5094 auctore,

2129 5020 2244 5091 (27)
2277 5018 2431 5091 Ferri
2464 5022 2648 5091 potest
2678 5018 2994 5091 etdebetin
3017 5020 3200 5091 ferreo
3229 5018 3707 5091 scriptoredictio

306 5086 696 5162 constantian
729 5086 1025 5162 P6rpbyr.,
1048 5086 1266 5146 Leonis
1288 5086 1430 5155 ﬁlio,
1459 5086 1794 5162 posteriora.
1830 5091 1954 5146 Μα-

2085 5086 2340 5162 iei'quam
2371 5086 2516 5162 dura
2546 5088 2792 5161 εὐφημία
2843 5087 3256 5162 ερφημουμένη,
3289 5086 3558 5162 quamvis
3587 5089 3702 5162 leni

305 5156 502 5228 κάριος
533 5160 685 5214 enim
719 5177 786 5215 ea
817 5156 966 5216 certe
997 5156 1162 5216 artata
1195 5162 1428 5216 nonnisi
1459 5156 1548 5216 'de
1588 5161 1704 5216 vita
1751 5162 1952 5216 derun-

309 5229 422 5306 ctis
454 5230 782 5306 dicebatur,
798 5238 861 5306 ut
877 5232 1042 5287 hodie
1058 5233 1363 5306 μακαρίτης
1379 5249 1547 5306 nemo
1565 5233 1637 5288 de
1650 5233 1774 5286 vivo
1787 5232 1947 5306 dicit.

306 5298 584 5376 Ideoque,
600 5317 732 5356 cum
751 5304 945 5376 dictus
965 5298 1380 5360 Constantinus
1409 5303 1670 5376 μακάριος
1693 5303 1947 5374 appelle-

305 5373 426 5446 tur,
445 5379 680 5446 constat
696 5389 829 5446 eum
849 5375 947 5430 illo
960 5381 1236 5446 tempore,
1262 5392 1389 5430 cum
1407 5373 1516 5431 ista
1530 5373 1945 5442 scriberentur,

306 5439 367 5518 in
405 5443 821 5518 vivisamplius
843 5463 956 5518 non
981 5439 1182 5502 fuisse.
1207 5447 1338 5503 Scio
1361 5448 1622 5518 quidem,
1647 5439 1948 5518 Olympio;

307 5513 472 5590 nicas
503 5515 642 5590 olim
669 5513 978 5590 ’μακαρίους
1009 5518 1188 5590 inisse
1231 5513 1455 5586 dicto-8;
1488 5535 1539 5573 ν.
1589 5513 1939 5575 Artemidor.

307 5578 346 5633 l.
381 5597 529 5661 v._n.
562 5578 906 5661 miserum
923 5605 992 5644 ex
1015 5588 1114 5645 illo
1137 5589 1261 5661 ipso
1284 5590 1406 5646 loco
1437 5578 1938 5661 quoqueconstat,

307 5657 571 5711 mortuos
602 5656 703 5712 illa
718 5660 844 5730 jam
873 5663 1040 5717 astate
1062 5656 1264 5717 eodem
1285 5656 1521 5718 nomihe
1550 5656 1777 5718 laudari
1798 5656 1937 5718 coné

2056 5157 2376 5234 imitatione
2401 5157 2826 5234 reﬁngi'pnssit
2877 5157 3398 5234 ἒκφὼνουμενηξΙιΙ
3448 5161 3706 5234 generali

2052 5231 2244 5288 indice
2273 5237 2529 5301 capitum
2556 5230 2741 5301 hujus
2772 5231 2904 5301 libri
2934 5230 3007 5301 (ν,
3044 5250 3099 5301 p.
3129 5232 3256 5299 295)
3279 5230 3358 5286 sic
3379 5232 3706 5301 concipitur

2051 5304 2258 5376 titulus
2291 5298 2469 5375 hujus
2499 5298 2707 5376 capitis
2733 5298 3171 5376 ελΕὐφημίοίτῷν
3196 5298 3700 5376 ὑπὸστρατοπέδων

2048 5373 2208 5444 νίκης
2255 5375 2342 5428 καὶ
2369 5369 2686 5445 ’θριάμϐων
2742 5369 3212 5445 ἀγομένωνμΡιό
3269 5369 3427 5443 νίκης
3466 5385 3584 5430 erat
3639 5377 3697 5431 in

2051 5447 2414 5518 membranis
2437 5444 2621 5512 νικητι
2653 5460 2786 5498 cum
2819 5444 3361 5518 Hsuperimposito,
3393 5447 3550 5518 quod
3580 5463 3693 5504 non

2051 5523 2238 5599 90995»?
2265 5517 2421 5599 alia"!
2453 5531 2633 5599 quain
2662 5511 2998 5599 νεῖαιτηρέων
3026 5511 3176 5599 θεεθέ

2119 5590 2232 5662 (28)
2266 5589 2444 5644 Index
2473 5585 2640 5662 modo
2671 5585 2873 5662 dictus
2893 5586 3113 5662 inserit
3154 5585 3361 5662 λοιποῦ,
3395 5592 3560 5662 μοιρῄ
3583 5605 3690 5662 ρο-

2044 5657 2317 5717 stremam
2347 5674 2567 5717 vocem.
2598 5657 2840 5714 Perinde
2869 5661 2969 5715 est.
2990 5659 3165 5726 adsit,
3194 5659 3285 5718 vel
3313 5661 3482 5718 absit.
3515 5657 3696 5719 Notat
