4122 6296
473 302 626 362 1211

472 527 706 586 Crescat
729 528 1004 585 fortitudo
1036 528 1232 598 populi
1279 527 1526 582 Domini.
1559 527 1674 582 Nos
1707 541 1914 582 sumus
1965 522 2112 580 servi

472 617 906 688 imperatorum.
941 617 1103 673 Illius
1133 621 1189 672 et
1221 615 1374 672 illius
1411 632 1760 687 magnorum
1810 630 2008 684 regum
2055 617 2114 668 et

470 706 887 777 imperatorum
912 706 1076 761 multi
1102 705 1218 760 sint
1257 705 1418 760 anni.
1443 703 1738 760 Multenne
1769 703 1941 759 faciat
1963 702 2113 757 Deus

474 813 707 852 sacrum
739 800 997 850 vestrum
1028 793 1360 865 imperium.
1396 816 1418 844 ι

477 882 589 938 λων
650 881 917 956 βασιλέων
969 881 1063 936 καὶ
1111 881 1525 955 αὐτοκρατόρων
1566 879 1752 936 πολλά
1796 879 1863 935 τὰ
1909 875 2025 948 ἔτη·
2059 901 2089 929 ››
2137 877 2166 932 6
2216 877 2348 940 λαὸς
2396 878 2462 952 γ’.
2515 901 2543 928 ››

477 969 756 1046 βασιλείαν
785 972 834 1006 4⁸
864 991 959 1034 σας
988 969 1066 1032 εἷς
1097 968 1282 1025 πολλᾶ
1311 965 1428 1042 ἔτη.
1464 995 1493 1022 ››

693 1061 846 1116 876
881 1059 1245 1128 declamatio,
1277 1077 1442 1132 quam
1469 1061 1635 1117 Sardi
1661 1061 1900 1117 dominis

1145 1135 1436 1189 occinunt.

541 1246 567 1272 (ς
601 1221 863 1280 Christus
895 1221 1094 1289 vincit,
1126 1221 1395 1278 Christus
1426 1225 1650 1294 regnat.
1677 1243 1705 1271 »
1737 1222 1894 1276 Hanc
1932 1220 2108 1274 accla-

468 1314 763 1368 mationem
803 1312 1043 1368 iterabat
1087 1312 1258 1366 turba
1315 1318 1396 1366 ter
1413 1328 1434 1373 ,ο
1485 1311 1572 1366 uti
1616 1312 1788 1365 etiam
1821 1314 2110 1379 sequentes

467 1417 678 1457 omnes.
713 1422 736 1453 α
791 1400 1061 1458 Christus
1123 1401 1416 1456 custodiat
1473 1399 1904 1471 imperatorem.
1940 1397 2106 1452 Mulli

469 1489 590 1546 sint
610 1491 747 1546 anni
764 1490 1200 1560 imperatorum.
1227 1489 1386 1545 Illius
1404 1493 1461 1544 et
1475 1489 1633 1544 illius
1650 1503 1994 1558 magnorum
2017 1503 2107 1542 re-

468 1593 607 1650 gum
639 1583 815 1650 atque
860 1579 1277 1650 imperatorum
1328 1577 1496 1632 multi
1557 1577 1676 1632 sint
1707 1576 1862 1632 anni.
1914 1582 1960 1632 Δ
1994 1580 2106 1631 Deo

467 1672 862 1738 promotorum
895 1667 1312 1738 imperatorum
1357 1665 1526 1720 multi
1559 1666 1679 1721 sint
1725 1666 1880 1720 anni.
1915 1666 1961 1719 A
1994 1668 2105 1720 Deo

468 1755 1365 1826 conservatorumimperatorum
1392 1753 1560 1809 multi
1583 1754 1703 1810 sint
1717 1753 1875 1809 anni.
1895 1756 2101 1809 Pacem

467 1843 900 1901 conficientium
933 1848 990 1900 et
1015 1844 1140 1900 orbi
1175 1843 1426 1914 quietem
1459 1842 1887 1913 imponentium
1919 1843 2103 1914 impe-

465 2027 653 2077 torum
685 2021 848 2076 multi
882 2022 1003 2076 sint
1052 2020 1211 2076 anni.
1250 2020 1363 2076 Fili
1419 2020 1540 2088 Dei,
1590 2036 1880 2092 conregna
1936 2019 2102 2092 ipsis.

466 2109 571 2165 Fili
603 2109 724 2177 Dei,
745 2110 900 2164 dona
926 2109 1069 2180 ipsis
1087 2109 1286 2165 vitam.
1316 2109 1416 2164 Fili
1449 2109 1573 2179 Dei,
1601 2108 1926 2181 multiplica
1948 2108 2103 2180 ipso-

359 2233 366 2239 -
464 2215 594 2255 rum
624 2214 830 2254 annos.
872 2200 1105 2254 Crescat
1154 2199 1298 2254 ﬁdes
1346 2198 1836 2255 Christianorum.
1874 2198 2107 2254 Crescat

461 2288 775 2360 imperium
809 2291 1222 2344 Romanorum.
1240 2289 1474 2344 Grescot
1495 2288 1734 2344 victoria
1748 2288 2104 2343 exercituum

463 2377 881 2436 Romanorum.
916 2375 1076 2432 Illius
1108 2377 1462 2432 sanctissimi
1503 2384 1559 2432 et
1607 2377 1948 2432 oecumenici
2000 2392 2102 2447 pa-

459 2465 724 2522 triarchae
749 2465 919 2522 multi
954 2467 1074 2521 sint
1105 2466 1264 2522 anni.
1299 2465 1460 2521 Sacri
1490 2473 1734 2522 senatus
1783 2465 1954 2521 multi
1988 2465 2106 2520 sint

461 2556 620 2610 anui.
654 2554 951 2609 Exercitus
981 2555 1273 2610 Christum
1304 2554 1556 2609 amantis
1601 2554 1770 2608 multi
1802 2555 1922 2610 sint
1943 2553 2104 2609 anni.

461 2643 807 2699 Corroboret
845 2646 993 2697 Deus
1040 2642 1213 2698 fidem
1267 2647 1545 2698 nostram.
1597 2645 1914 2698 Conlirmet
1956 2643 2104 2697 Deus

462 2729 847 2802 imperatores
863 2735 1108 2786 nostros.
1138 2730 1251 2787 Nos
1263 2747 1472 2786 sumus
1491 2731 1641 2786 servi
1667 2731 2103 2802 imperatorum.

465 2819 764 2876 Multenne
789 2818 962 2875 faciat
993 2821 1145 2876 Deus
1178 2836 1411 2876 sacrum
1436 2824 1696 2876 vestrum
1724 2821 2038 2893 imperium
2075 2843 2103 2871 »

1527 302 2055 366 CONS'I‘ANTINI
2097 297 2794 362 POBPHYROGENITI

469 444 598 495 scat
625 437 869 496 victoria
900 447 952 495 et
985 439 1232 496 felicitas
1280 439 1635 496 exercituum
1689 439 2108 494 Romanorum.

2231 433 2254 486 6
2287 433 2418 494 λαὸς
2457 440 2522 508 γ’.
2579 457 2606 484 ››

3725 301 3879 361 1212

2663 429 2828 503 Αὕξτι
2884 434 2918 501 ἡ
2970 430 3153 492 πῖστις
3205 436 3311 486 τῶν
3357 435 3729 505 Χριστιανῶν·
3769 457 3795 481 ››
3850 433 3876 483 6

2225 521 2355 584 λαὸς
2387 529 2456 596 γ’.
2491 547 2517 573 ‹‹
2551 519 2696 594 Αὕξῃ
2737 525 2772 590 ἡ
2814 521 2937 591 νίκη
2970 522 3062 574 καὶ
3110 521 3337 595 εὐτυχία
3381 525 3486 574 τῶν
3537 522 3876 594 στρατευμά-

2220 626 2329 658 των
2363 605 2673 677 Ῥωμαίων·
2707 626 2732 656 s
2773 606 2801 658 6
2849 605 2980 665 λαὸς
3031 606 3101 681 γ’.
3153 628 3182 657 «
3227 601 3374 674 Δῦξη
3427 607 3461 672 ἡ
3514 601 3731 677 ἀνδρεία
3779 608 3871 658 τοῦ

2225 693 2360 749 λαοῦ
2389 697 2486 747 τοῦ
2518 694 2737 768 Κυρίου·
2772 715 2798 748 s
2835 694 2863 748 6
2905 693 3039 757 λαὸς
3082 694 3148 768 γ’.
3202 717 3230 745 ‹‹
3280 695 3473 765 Ἡμεῖς
3523 689 3716 747 δοῦλοι
3763 697 3867 747 τῶν

2225 785 2517 862 βασιλέων·
2552 811 2580 839 ››
2613 789 2640 840 6
2686 786 2818 847 λαὸς
2849 787 2914 860 γ’.
2948 810 2976 837 ‹‹
3003 786 3064 841 Ὀ
3118 781 3264 839 δεῖνα
3310 783 3400 838 καὶ
3447 783 3474 836 6
3506 779 3653 837 δεῖνα
3703 782 3870 854 μεγά-

2600 876 2990 950 Ηολυχρόνιον
3039 876 3260 944 ποιήσει
3303 875 3330 927 6
3380 873 3510 933 Θεὸς
3563 874 3664 941 τήν
3716 871 3864 946 ἁγίαν

2219 1057 2282 1112 Ἦ
2332 1056 2478 1129 παρᾶ
2529 1059 2638 1110 τῶν
2689 1051 2912 1129 Σάρδῳν
2968 1055 3081 1129 (29)
3139 1050 3380 1126 ἀόομένη
3453 1051 3705 1125 εὐφημία
3751 1051 3862 1111 τοῖς

2863 1124 3203 1199 βασιλεῦσιν.

2290 1241 2318 1267 ‹‹
2351 1216 2592 1288 Χριστὸς
2623 1219 2766 1284 νικᾷ,
2825 1214 3053 1287 Χριστὸς
3111 1209 3387 1287 βασιλεύει
3440 1212 3573 1285 (30)·
3610 1235 3638 1262 »
3675 1213 3702 1265 6
3734 1211 3860 1272 λαὸς

2217 1307 2282 1380 γ“,
2355 1329 2382 1355 ‹‹
2442 1306 2673 1378 Χριστὸς
2725 1301 2950 1381 φυλάξει
2999 1303 3091 1356 τὸν
3163 1299 3405 1376 βασιλέα·
3443 1325 3470 1350 ››
3532 1300 3560 1352 6
3611 1297 3744 1358 λαὸς
3800 1301 3861 1374 γ’.

2221 1415 2249 1444 ι(
2283 1390 2472 1447 Ηολλὰ
2502 1393 2564 1446 τὸ
2597 1391 2687 1461 ἔτη
2719 1391 2826 1445 τῶν
2847 1387 3138 1464 βασιλέων·
3167 1412 3194 1440 ››
3223 1390 3250 1442 6
3275 1386 3405 1449 λαὸς
3435 1389 3499 1460 γ’.
3528 1387 3588 1444 Ὀ
3608 1383 3758 1440 δεῖνα
3779 1387 3860 1439 καὶ

2217 1483 2245 1536 6
2279 1480 2425 1535 δεῖνα
2460 1481 2714 1558 μεγάλων
2749 1477 3017 1554 βασιλέων
3072 1479 3162 1534 καὶ
3213 1477 3627 1552 αὐτοκρατόρων
3680 1474 3862 1530 πολλᾶ

2215 1573 2282 1626 τὰ
2311 1569 2424 1642 ἔτη·
2463 1595 2490 1623 ››
2524 1572 2552 1626 6
2583 1569 2715 1632 λαὸς
2747 1571 2814 1644 γ’.
2850 1594 2877 1622 ‹‹
2912 1562 3352 1643 Θεοπροϐλήτων
3390 1564 3656 1639 βασιλέων
3680 1563 3860 1620 πολλὰ

2213 1661 2280 1714 τὰ
2310 1659 2424 1730 ἔτη·
2461 1683 2490 1711 ››
2523 1659 2550 1714 6
2583 1657 2713 1719 λαὸς
2761 1659 2828 1734 γ’.
2880 1683 2907 1710 ‹‹
2947 1659 3303 1730 Θεοτηρήτων
3361 1652 3626 1729 βασιλέων
3677 1653 3860 1709 πολλᾶ

2215 1749 2280 1804 τὰ
2311 1747 2429 1820 ἔτη·
2467 1773 2494 1800 ››
2527 1749 2554 1802 6
2587 1747 2718 1810 λαὸς
2754 1749 2823 1823 γ’.
2860 1771 2887 1799 ι(
2921 1747 3305 1821 Εἰρηνοποιῶν
3361 1743 3629 1819 βασιλέων
3675 1741 3858 1797 πολλᾶ

2211 1838 2277 1893 τὰ
2307 1837 2420 1909 ἔτη*
2458 1863 2485 1890 ››
2517 1839 2543 1891 6
2576 1836 2710 1898 λαὸς
2735 1838 2802 1912 γ’.
2855 1861 2881 1888 ‹‹
2917 1833 3308 1892 Πλουτοποιῶν
3363 1831 3629 1908 βασιλέων
3677 1831 3857 1887 πολλὰ

465 1935 726 1988 ratorum
758 1931 928 1988 multi
958 1932 1078 1988 sint
1107 1933 1264 1988 anni.
1298 1931 1622 1988 Ditantium
1670 1947 1808 1987 suos
1839 1932 2095 2002 impera-

2231 1929 2273 1982 τὰ
2329 1922 2444 1997 ἔτη·
2494 1951 2520 1977 ››
2565 1927 2593 1982 ὁ
2636 1927 2768 1989 Ααὸς
2815 1947 2883 2000 γ.
2938 1949 2967 1976 ι(

3027 1924 3116 1979 Υἱὲ
3190 1927 3349 1994 Θεοῦ,
3414 1945 3476 1977 συ
3486 1918 3559 1995 μϐ
3570 1922 3847 1977 ασίλευσον

2217 2016 2422 2077 αὐτοῖς’
2478 2040 2506 2069 ››
2559 2017 2586 2069 6
2638 2013 2770 2078 λαὸς
2811 2016 2878 2091 γ’.
2931 2038 2957 2066 ι(
3006 2013 3096 2067 Υἱὲ
3144 2017 3298 2081 Θεοῦ,
3345 2011 3568 2090 χάρισαι
3617 2013 3664 2048 ⁴⁴¹
3722 2015 3853 2085 ἡμῖν

2215 2107 2423 2167 αὐτοῖς’
2460 2128 2488 2156 ››
2524 2106 2552 2158 6
2582 2103 2714 2166 λαὸς
2747 2105 2818 2178 γ’.
2854 2128 2881 2155 ‹‹
2915 2103 3004 2157 Υἱέ
3033 2105 3186 2168 Θεοῦ,
3242 2104 3386 2171 ζωὴν
3439 2101 3622 2163 αὐτοῖς
3675 2099 3857 2174 δώρη,

2216 2216 2323 2250 σαι·
2361 2219 2390 2246 ››
2421 2195 2449 2248 6
2481 2195 2614 2255 λαὸς
2642 2194 2709 2267 γ’.
2746 2217 2773 2244 ‹‹
2805 2193 2896 2246 Υἱὲ
2923 2195 3080 2261 Θεοῦ,
3112 2192 3238 2252 τοὺς
3271 2189 3502 2266 χρόνους
3524 2190 3699 2243 αὐτῶν
3717 2189 3858 2259 πλή-

2215 2287 2356 2339 θυνε’
2393 2307 2420 2335 ››
2453 2285 2480 2338 6
2513 2281 2645 2346 λαὸς
2682 2283 2752 2356 γ’.
2789 2307 2815 2333 ‹‹
2851 2278 3006 2350 Αὔξει
3037 2282 3072 2349 ἡ
3104 2279 3284 2342 πίστις
3316 2283 3423 2333 τῶν
3446 2281 3806 2352 Χριστιανῶν·
3832 2303 3858 2329 ι)

2215 2374 2242 2427 6
2285 2371 2418 2434 λαὸς
2466 2379 2535 2447 γ’.
2592 2395 2619 2422 (ι
2667 2368 2827 2441 Αὔξει
2879 2371 2913 2437 ἡ
2987 2366 3237 2445 βασιλεία
3293 2372 3399 2422 τῶν
3461 2369 3779 2440 Ῥωμαίων·
3832 2392 3857 2417 ι»

2216 2461 2244 2515 6
2277 2459 2409 2522 λαὸς
2451 2462 2520 2536 γ’.
2576 2485 2604 2511 ‹‹
2646 2456 2803 2532 Αὔξει
2851 2461 2885 2527 ἡ
2935 2457 3058 2528 νίκη
3119 2461 3225 2511 τῶν
3284 2461 3523 2530 στρατῶν
3573 2462 3682 2511 τῶν
3727 2462 3856 2514 Ῥω·

2218 2551 2415 2622 μαίωνο
2450 2572 2477 2599 ››
2525 2549 2552 2603 6
2601 2546 2734 2610 λαὸς
2885 2572 2912 2599 ‹‹
2958 2552 3017 2604 '0
3061 2543 3204 2600 δεῖνα
3258 2551 3354 2600 τοῦ
3411 2547 3714 2620 ἁγιωτάτου
3770 2547 3858 2599 καὶ

2216 2639 2598 2710 οἰκουμενικοῦ
2630 2637 2975 2716 πατριάρχου
3007 2634 3197 2690 πολλὰ
3229 2639 3296 2690 τὰ
3327 2632 3441 2704 ἔτη·
3481 2659 3508 2686 ››
3558 2636 3585 2690 6
3617 2635 3751 2698 λαὸς
3796 2656 3858 2710 γ.

2220 2751 2244 2782 ε
2280 2730 2394 2797 Τῆς
2421 2729 2569 2804 ἱερᾶς
2611 2725 2925 2804 συγκλητου
2974 2724 3161 2781 πολλᾶ
3208 2726 3276 2779 τὰ
3321 2722 3436 2795 ἔτη’
3475 2749 3502 2775 ››
3549 2725 3577 2779 6
3611 2724 3746 2786 λαὸς
3795 2727 3858 2798 γ’·

2215 2841 2244 2870 ι(
2277 2820 2390 2874 T06
2423 2815 2788 2895 φιλοχρῖστου
2812 2819 3043 2890 στρατοῦ
3062 2813 3247 2869 πολλὰ
3276 2815 3344 2868 τὰ
3373 2808 3488 2885 ἔτη·
3521 2837 3543 2866 s
3580 2815 3607 2868 6
3641 2812 3778 2875 λαὸς
3799 2824 3860 2888 γ”

467 2931 496 2959 ‹‹
539 2905 833 2978 Στερεώσει
886 2907 914 2961 6
963 2908 1093 2971 Θεὸς
1138 2908 1236 2976 τὴν
1281 2906 1459 2962 πίστιν
1504 2910 1687 2981 ἡμῶν⁸
1739 2931 1766 2960 ››
1821 2909 1849 2961 6
1897 2905 2030 2971 λαὸς
2077 2907 2148 2982 γ’.
2194 2930 2223 2960 ι(
2275 2907 2566 2980 Στερεώσει
2623 2906 2650 2959 6
2703 2905 2834 2968 Θεὸς
2877 2903 3002 2965 τοὺς
3057 2903 3299 2979 βασιλεῖς
3353 2905 3536 2976 ἡμῶν·
3574 2928 3596 2958 s
3652 2905 3681 2956 6
3737 2903 3867 2964 λαὸς

463 2996 533 3070 γ’.
569 3018 596 3050 ι
625 2996 818 3069 Ἡμεῖς
851 2993 1041 3052 δοῦλοι
1071 3001 1178 3052 τῶν
1210 2995 1497 3071 βασιλέων·
1530 3021 1558 3050 »

467 3083 656 3141 πολλὰ
685 3081 802 3157 ἔτη.
836 3108 861 3140 s

1031 3230 1037 3238 .
1091 3185 1244 3240 CAP.
1279 3185 1476 3242 XLIV.

466 3274 541 3330 De
570 3272 922 3342 expeditione
952 3273 1209 3328 adversus
1241 3275 1477 3342 Cretam,
1510 3291 1674 3346 quam
1719 3278 1864 3331 Deus
1895 3274 2106 3344 perdat,

540 3349 596 3398 et
626 3346 687 3398 in
725 3359 846 3418 eam
875 3349 1126 3418 expensis
1176 3361 1204 3399 e
1229 3361 1458 3418 numero
1515 3346 1765 3400 militum
1820 3346 2119 3418 stipendii-

545 3431 669 3486 que.
733 3414 1011 3486 Contingit
1049 3431 1111 3470 ea
1161 3415 1262 3470 sub
1317 3417 1506 3484 Leone,
1568 3417 1846 3473 Christum
1895 3414 2118 3473 amante

541 3485 791 3559 Domino,
823 3485 957 3541 duce
987 3486 1230 3542 Himerio
1258 3489 1500 3558 patricio
1535 3491 1585 3544 et
1619 3488 1938 3559 togothetha
1988 3489 2117 3544 dro-

541 3574 641 3613 πη.

540 3647 622 3703 Im
634 3646 867 3719 perialis
888 3647 1092 3704 classis
1113 3649 1418 3705 constabat
1449 3650 1759 3706 duodecim
1784 3650 2048 3706 millibus
2063 3654 2120 3707 et

472 3735 677 3792 Russis
703 3737 829 3792 700.
887 3737 1185 3810 Strategus
1242 3739 1767 3810 Cibyrrhlsotarum
1829 3747 2122 3811 receperat

425 3871 430 3875 .
470 3825 531 3883 iu
563 3841 626 3883 se
655 3830 925 3898 praestare
953 3827 1095 3881 5600
1126 3831 1184 3882 et
1213 3827 1426 3899 duplos
1457 3827 1616 3884 mille
1642 3845 1656 3896 ;
1690 3828 1910 3885 faciunt
1940 3827 2120 3884 simul

1593 2998 1620 3051 6
1653 2995 1783 3059 λαὸς
1831 3003 1892 3070 γ’.
1946 3021 1973 3049 ‹‹
2008 2995 2386 3073 Ηολυχρόνιον
2434 2997 2656 3065 ποιήσει
2699 2995 2727 3049 6
2777 2993 2905 3056 Θεὸς
2954 2995 3056 3063 τήν
3112 2992 3262 3067 ἁγίαν
3319 2991 3597 3068 βασιλείαν
3646 3013 3740 3055 σας
3793 2993 3866 3054 εἷς

2829 3184 3085 3241 ΚΕΦΑΛ.
3127 3183 3252 3239 MA'.

2215 3278 2282 3331 'H
2337 3267 2606 3362 vacui-{vn
2678 3271 2965 3362 ἐξρπλισις
3004 3273 3094 3327 καὶ
3169 3267 3351 3360 ἔξοδος
3423 3271 3652 3362 καὶἪτὸ
3711 3272 3874 3325 ποσὸν

2294 3341 2392 3412 τῆς
2434 3341 2603 3412 ῥὸγας
2659 3345 2888 3400 καὶτοῦ
2945 3341 3086 3398 λαοῦ
3144 3341 3241 3398 τοῦ
3299 3341 3696 3403 ἀποσταλέντος
3743 3345 3880 3397 κατὰ

2297 3423 2396 3483 τῆς
2427 3414 2716 3472 θεολέστου
2749 3419 2863 3488 (31)
2897 3417 3120 3490 Κρήτης
3148 3414 3265 3540 (3⁸2τὲ
3303 3415 3436 3486 μετὰ
3464 3414 3876 3491 τοῦιπατρικὶου

2297 3489 2356 3540 Ἦ
2370 3489 2558 3540 μεοίου
2588 3489 2675 3540 καὶ
2715 3485 3013 3540 λονοθέτου
3041 3490 3138 3540 τοῦ
3171 3483 3236 3540 6o
3275 3507 3379 3540 μου
3400 3485 3487 3540 ἐπὶ
3517 3485 3756 3540 Λέοντος
3777 3489 3876 3540 τοῦ

2297 3489 2558 3562 Ἦμερίου
2588 3489 2675 3542 καὶ
2701 3483 3013 3562 Δλογοθέτου
3041 3483 3138 3541 τοῦ
3171 3483 3379 3560 δρόμου
3400 3485 3487 3540 ἐπὶ
3517 3483 3756 3547 Δέοντος
3777 3489 3876 3540 τοῦ

2299 3555 2663 3634 φιλοχρίστου
2697 3555 2983 3614 δεσπότου.

2300 3649 2376 3704 Τὸ
2430 3645 2933 3723 βασιλικοπλὸϊμον
2987 3644 3240 3722 χιλιάδες
3294 3648 3380 3720 ιβ’.
3429 3647 3560 3707 Ῥῶς
3723 3643 3878 3702 Ἐδέ-

2231 3737 2354 3808 ξατο
2400 3738 2429 3792 6
2478 3738 2778 3811 στρατηγὸς
2824 3741 2930 3792 τῶν
2980 3731 3401 3812 Κιϐυῤῥαιωτῶν
3449 3733 3596 3813 ἔχειν
3648 3737 3871 3810 στρατὸν

2231 3833 2344 3902 ,εχ’,
2377 3827 2466 3881 καὶ
2495 3824 2726 3890 διπλοῦς
2755 3829 2870 3898 (33)
2896 3847 2947 3897 ᾳ.
3001 3827 3142 3898 ὁμοῦ
3190 3823 3304 3892 ἱςλζ
3348 3822 3593 3894 Ἐδέξατο
3626 3825 3652 3878 ὁ
3687 3843 3874 3898 στρατ.

1850 3945 2081 4002 νΑΒιΑς
2120 3943 2508 4002 LECTIONES

546 4056 594 4094 ⁴⁶
622 4057 810 4116 Verba
840 4054 1120 4132 βασιλείαν
1151 4091 1220 4102 -
1259 4056 1352 4130 ἔτη
1386 4061 1520 4116 add.
1554 4064 1621 4116 R.
1655 4077 1685 4116 e
1714 4061 2136 4132 sequentibus;
2171 4062 2528 4118 membranis
2557 4063 2807 4119 deerant.
2885 4062 2928 4097 ‘7
2963 4058 3155 4134 χάρισε
3184 4060 3312 4118 cod.
3345 4065 3400 4117 et
3428 4061 3519 4118 ed.

1521 4183 1720 4240 JOAN.
1761 4184 1884 4242 JAC
1924 4184 2189 4242 REISKII
2226 4186 2823 4245 COMMENTARIUS.

476 4306 672 4358 autem
707 4301 765 4374 in
797 4300 1189 4374 sa_po_sitione_
1204 4315 1319 4355 non
1348 4299 1433 4374 id,
1466 4301 1621 4372 quod
1655 4301 1822 4374 solet,
1855 4305 2123 4374 reliquus,

477 4374 577 4428 sed
611 4373 816 4442 omnis.
846 4367 1124 4442 trapetas
1174 4367 1375 4424 λοιποῦ
1418 4367 1989 4442 ’στρατοπέδου’ἰάθαὶ
2040 4367 2128 4430 est

477 4447 653 4516 atque
683 4440 831 4516 παρὰ
858 4440 1061 4516 παντὸς
1080 4445 1189 4516 ,τοῦ
1221 4440 1608 4516 στρατοπέδου.

549 4512 839 4593 (29_)_Ergo
866 4513 1040 4593 etiam
1075 4512 1300 4593 inania
1330 4517 1870 4593 CPtanapsculiare
1921 4534 2128 4590 corpus

477 4583 1009 4664 excubitorum-vel
1042 4590 1439 4664 protectorum
1493 4583 1602 4664 vel:
1628 4583 2038 4664 apparitorum:
2071 4594 2130 4645 et

479 4669 788 4727 cursorum
816 4653 1134 4727 aulicorum
1163 4658 1233 4711 de
1259 4666 1434 4727 gente
1459 4661 1638 4714 Sarda
1667 4653 1998 4716 cénfectum
2021 4661 2128 4716 ha-

479 4725 747 4799 bebatur,
763 4731 828 4781 ut
847 4725 951 4781 hoc
971 4743 1040 4782 ex
1061 4725 1879 4799 locointelligitur.Ponttﬁces
1895 4732 2132 4787 Romani

481 4802 634 4878 certe
660 4798 781 4878 iam
807 4797 1254 4878 octavosaeculo
1297 4797 1512 4857 Sardos
1552 4802 1849 4878 habebant
1877 4803 2134 4874 corporis

481 4871 756 4946 custodes
769 4869 1637 4946 etministros_,_ut_exAnastasio
1663 4880 1888 4930 constat
1906 4900 1919 4939 ;
1937 4869 2134 4946 quem-

483 4940 803 4996 admodum
829 4940 1022 4996 adhuc
1043 4939 1212 4996 hodie
1237 4941 1471 4998 habent.
1498 4944 1684 5000 Verba
1701 4939 2134 5003 Bibliothecarii

485 5019 622 5085 sunt
654 5012 711 5066 in
742 5009 978 5085 Nicolao
1015 5012 1074 5066 I:
1109 5012 1249 5083 quod
1292 5016 1461 5069 etiam
1507 5031 1608 5085 per
1653 5017 1964 5074 domesticos
2010 5033 2136 5072 suos

484 5083 551 5138 de
585 5098 780 5153 genere
809 5082 1009 5138 Sardos
1034 5082 1280 5153 agnovit.

619 5099 780 5139 ετιενθ
809 5099 1009 5138 oaraos
1034 5099 1280 5153 agnovit.

558 5099 670 5224 (ἕω)
699 5153 830 5231 Ilaec
853 5162 937 5209 est
961 5153 1059 5209 illa
1075 5155 1399 5210 t'ormulain
1424 5157 1688 5231 nummis
1703 5166 1756 5212 et
1783 5159 2137 5231 imaginibus

486 5241 694 5296 regum
728 5225 1083 5282 Francorum
1116 5242 1451 5287 occurrens.
1477 5228 1731 5284 Christus
1747 5225 1936 5296 vincitv,
1972 5231 2136 5285 Chri-

486 5307 599 5352 stus
629 5304 850 5371 regnat,
876 5296 1118 5353 Christus
1147 5298 1409 5371 imperat.
1444 5301 1604 5363 Quod
1642 5300 1829 5355 Latini
1871 5317 1972 5371 per
2002 5303 2137 5369 duo,

487 5375 682 5440 regnat
703 5374 760 5440 et
783 5370 1014 5440 imperat
1029 5369 1418 5439 explicabunt,
1443 5371 1498 5425 id
1515 5369 1953 5426 contractum—in
1970 5372 2141 5428 breve

491 5437 772 5516 βασιλεύει
804 5437 982 5495 (Ξὲωοί
1012 5437 1384 5516 Ργεξξειδδαηι.
1419 5443 1754 5516 Formulam
1773 5442 1983 5516 Ἰησοῦς
2006 5443 2140 5516 Χριτ

486 5510 611 5572 στὸς
642 5512 768 5602 νιῇᾇ
800 5510 1070 5567 monachi
1101 5511 1432 5602 Graecorum
1465 5515 1522 5569 in
1545 5514 1760 5602 i‘l'la‘sui
1799 5510 2138 5599 camelaucii

488 5584 1043 5707 appendicehquam
1064 5585 1386 5668 περιστερᾲν
1410 5587 1807 5656 appellabant,
1831 5586 1969 5642 item
2003 5602 2144 5641 non-

490 5668 568 5708 nu
599 5653 639 5706 li
671 5668 730 5709 in
764 5669 889 5709 suis
911 5653 1616 5725 scapulanbusmtextam
1649 5663 1861 5728 gerunt
1889 5661 2036 5714 teste
2065 5657 2142 5713 La

2159 4630 2206 4696 Il

2235 4305 2407 4361 Croix
2431 4305 2570 4378 βίαι
2600 4305 2935 4378 présentde
2958 4304 3176 4378 lEﬁglise
3201 4305 3478 4376 Grecque.
3513 4320 3567 4373 p.
3597 4305 3689 4359 86'

2307 4375 2941 4447 (3l)VidenturArabes
2954 4394 2987 4432 a
3003 4375 3216 4432 Graecis
3231 4375 3442 4431 morem
3464 4379 3875 4447 assumpsisse.

2237 4446 2490 4515 urbium,
2524 4449 2740 4520 quibus
2770 4449 2981 4514 favent,
3015 4447 3267 4520 nomina
3301 4447 3469 4502 bonis
3496 4446 3644 4502 votis
3676 4462 3875 4517 prose-

2237 4520 2478 4602 quendi,
2497 4517 2696 4602 contra
2720 4536 2853 4575 vero
2862 4535 3011 4602 quas
3024 4517 3155 4574 odio
3177 4517 3414 4600 habent,
3435 4534 3632 4574 earum
3656 4533 3876 4602 memq-

2237 4588 2338 4645 rias
2369 4590 2517 4645 male
2547 4588 2922 4659 imprecandi,
2955 4605 3138 4660 eoque
3169 4589 3428 4644 animum
3453 4605 3627 4644 suum
3661 4588 3878 4660 signiﬁ-

2240 4661 2433 4716 candi.
2451 4662 2544 4716 Sic
2561 4676 2710 4731 saepe
2723 4662 2940 4716 addunt
2955 4661 3292 4716 nominibus
3305 4661 3670 4724 urbium,ubi
3689 4660 3874 4714 lucem

2243 4733 2488 4804 primam
2524 4733 2934 4802 adspexerunt,
2969 4737 3068 4787 aut
3100 4732 3315 4804 quibus
3345 4733 3582 4802 degunt,
3613 4738 3712 4804 aut
3734 4747 3875 4804 quas

2242 4800 2354 4859 alio
2386 4800 2999 4859 nomine—venerantur
3043 4800 3448 4858 almahrousali
3487 4800 3875 4872 atmahfoutah

2241 4875 2664 4946 atmansourah,
2696 4891 2860 4946 quam
2889 4876 3030 4946 Deus
3051 4876 3660 4946 custodiat,7pr9tegat,
3691 4874 3726 4941 ἡ
3760 4883 3879 4934 Θεο-

2284 4943 2558 5013 ύλακτος;
2592 4941 2792 5002 centra
2837 4945 3210 5000 atmahounah
3268 4945 3303 5012 ἡ
3355 4941 3667 5013 ϐἐόλεσῖτος,
3712 4960 3876 5015 quam

2284 4966 2558 5013 υΛακτος;
2592 4966 2792 5002 001111⁸8
2837 4966 3210 5000 atmanounan
3268 4966 3303 5012 η
3355 4966 3667 5013 υεοΛεστος,
3712 4966 3876 5015 quam

2243 4966 2388 5074 Zeus
2411 5018 2620 5086 perdat.
2663 5020 2700 5073 A
2734 5017 3105 5072 Cretensibus
3137 5021 3328 5071 autem
3377 5016 3684 5071 Saracenis
3731 5018 3880 5069 male

2243 5094 2481 5145 vexatos
2504 5089 2686 5144 fuisse
2717 5089 2945 5143 Grmcos
2979 5087 3609 5158 appareteLuitprandi
3637 5086 3881 5141 Historia

2245 5178 2302 5232 p.
2337 5161 2462 5226 426,
2493 5162 2590 5215 ubi
2623 5161 2743 5215 ait:
2777 5160 3316 5232 HabentByzantiui
3352 5175 3386 5212 a
3433 5159 3666 5213 meridie
3722 5158 3881 5212 illam

2245 5229 2495 5286 uicinam
2523 5235 2805 5301 nimisque
2835 5231 2944 5284 sibi
2974 5229 3214 5284 invisum
3247 5229 3485 5284 Cretam.

2319 5303 2437 5372 (32)
2461 5303 2540 5359 De
2571 5303 2677 5358 hac
2693 5298 3059 5372 expeditione
3075 5306 3361 5372 memorat
3375 5301 3486 5356 Leo
3511 5298 3880 5354 Grammatic.

2248 5390 2306 5444 ρ.
2338 5371 2441 5428 484
2471 5391 2599 5445 sqq.
2626 5371 2836 5444 Script.
2873 5380 3001 5445 post
3031 5371 3368 5444 Theophan.
3393 5389 3450 5442 p.
3482 5373 3588 5426 226
3634 5387 3764 5440 sqq.
3800 5374 3881 5422 Du

2251 5445 2441 5511 Gange
2473 5444 2541 5499 ad
2570 5447 2774 5500 Zonar.
2815 5461 2869 5513 p.
2902 5444 2992 5498 97.

2321 5517 2436 5584 (33)
2467 5516 2610 5571 Puto
2643 5533 2770 5571 esse
2803 5511 3049 5571 homines
3077 5513 3341 5583 vicarios,
3375 5511 3474 5583 qui
3495 5513 3759 5581 exigente
3790 5527 3886 5566 ne-

2251 5588 2518 5642 cessitate
2549 5588 2606 5641 in
2632 5586 2878 5644 aliorum
2923 5586 3326 5641 decedentium
3363 5584 3548 5641 locum
3572 5584 3882 5640 succedere

2252 5657 2500 5729 possint.
