4088 6316
185 302 347 363 1213

1033 303 1133 362 DE
1176 303 1628 368 CERIMONIIS
1672 305 1909 368 AULE
1949 304 2422 369 ΒΥΖΑΝΤΙΝΑΞ
2468 305 2612 367 LIB.
2661 306 2736 368 Il.

3435 306 3590 365 1214

184 433 326 509 ηγὸς
375 431 475 500 τὴς
523 431 713 504 Σάμου
778 425 924 505 ἔχειν
978 434 1204 507 στρατὸν
1254 433 1318 508 δ’,
1368 437 1455 490 καὶ
1506 435 1738 501 διπλοῦς
1769 447 1835 508 oi‘,

1973 440 2110 498 3600.
2142 443 2444 513 Strategus
2471 439 2629 496 Sami
2651 439 2945 508 receperat
2975 436 3034 492 in
3065 449 3128 492 se
3158 438 3435 507 prestare
3451 434 3592 490 4000

187 523 336 596 ὁμοῦ
366 528 424 578 ε’,
455 517 708 588 Ἒδέξάτο
742 520 769 575 ὁ
796 521 1095 594 στρατηγὸς
1142 527 1240 576 τοῦ
1294 523 1521 598 Αἰγαίου
1575 527 1845 604 πελάγους

181 607 337 687 ἔχειν
379 609 606 685 στρατὸν
660 615 724 683 γ’,
780 609 870 664 καὶ
915 606 1150 674 διπλοῦς
1195 619 1260 668 α’.
1315 613 1488 687 Ὁμοῦ
1517 615 1579 670 τὸ
1614 622 1717 671 πᾶν
1750 639 1846 694 γι-

182 696 380 762 λιάδες
412 706 498 770 κη’
528 697 619 752 καὶ
645 699 710 755 τ’.

193 985 294 1040 Διᾶ
341 987 450 1038 τῶν
509 977 946 1061 καϐάλλαρ-ικῶν-
992 988 1122 1061 τῶν-
1157 986 1490 1060 ὀφειλόντων
1520 986 1848 1061 ταξειδεῦσαι

766 1056 842 1116 εἰς
896 1057 959 1110 τὸ
1015 1056 1279 1129 πλόϊμον.

264 1141 574 1218 Σχολάριοι
669 1146 1032 1219 Θρᾳκησιάνοι
1125 1147 1215 1201 καὶ
1301 1147 1610 1214 Μακεδόνες
1695 1149 1847 1224 γαλζᾌ

191 1231 328 1288 Ἀπὸ
376 1236 477 1286 τοῧ
533 1230 766 1305 θέματος
819 1237 928 1288 τῶν
979 1235 1297 1308 Θρᾳκησίων
1345 1259 1412 1310 ια.
1466 1238 1598 1294 Ἀπὸ
1637 1242 1733 1293 τοῦ
1765 1237 1850 1293 θὲ-

190 1339 372 1394 ματος
424 1317 718 1385 Σεϐαστίας
779 1324 1054 1398 Ἀρμὲνιοι
1113 1347 1178 1399 κα.
1229 1328 1370 1400 ’Δμὸ
1428 1328 1489 1383 τὸ
1547 1327 1848 1384 Πλατάνιον

183 1411 444 1484 Ἀρμένοι
479 1413 551 1489 φ’,
583 1412 690 1466 άπὸ
745 1418 844 1481 τῆς
896 1414 1100 1487 Πρίνης
1147 1421 1216 1492 φ’·
1269 1417 1410 1488 ὁμοῦ
1449 1412 1850 1494 καϐαλλαρικοί

188 1499 231 1560 ’ς
265 1496 380 1568 λζ“,
410 1499 501 1555 καὶ
530 1501 672 1573 ὁμοῦ
701 1501 764 1556 τὸ
794 1505 898 1555 πᾶν
930 1499 1019 1556 διά
1046 1524 1105 1557 τε
1133 1508 1229 1558 τοῦ
1259 1503 1504 1578 πλοΐμου
1537 1504 1626 1561 διά
1653 1529 1712 1562 τε
1741 1512 1848 1562 τῶν

188 1583 626 1662 καϐαλλαρικῶν
661 1587 912 1663 χιλιάδες
945 1587 1024 1645 λδ¹
1054 1588 1155 1660 λζ’.

595 1785 693 1840 Διὰ
730 1788 826 1840 τοῦ
873 1784 1160 1860 βασιλικοῦ
1191 1786 1456 1863 πλοῒμου.

259 1871 547 1948 Δρόμονις
605 1874 646 1942 ξ’
683 1870 903 1948 ἔχοντες
951 1875 1050 1929 ἀνὰ
1098 1874 1309 1952 ἀνδρῶν
1367 1877 1714 1949 κωπηλατῶν
1746 1879 1844 1952 σλ“,

184 1963 273 2017 καὶ
304 1961 423 2016 ἀνᾶ
449 1960 800 2036 πολεμιστῶν
835 1965 895 2017 ο“·
944 1963 1085 2037 ὁμοῦ
1134 1964 1385 2041 χιλιάδες
1426 1974 1516 2037 ιη’.
1551 1966 1850 2047 Πάμφυλοι

186 2060 256 2125 ii"
301 2050 372 2120 ἐξ
413 2051 483 2105 ῶν
535 2053 590 2105 b'i
644 2051 739 2125 μὲν
785 2059 828 2106 κ’
875 2053 1164 2131 πάμφυλοι
1203 2054 1302 2110 ἆνᾶ
1348 2053 1556 2132 ἀνδρῶν
1593 2057 1682 2131 ρξ’,
1711 2059 1762 2111 οἱ
1796 2055 1852 2112 δὲ

179 2139 376 2219 ἕτεραι
433 2144 480 2196 κ’
540 2143 639 2196 ἂνὸι
697 2140 905 2217 ἀνδρῶν
946 2141 1050 2217 ρλ¹,
1108 2145 1199 2199 καὶ
1256 2148 1390 2209 Ῥῶς
1557 2148 1697 2220 ὁμοῦ
1732 2150 1850 2216 ,εωζ

1883 1815 1930 1880 Β

1953 535 2008 586 et
2041 530 2202 586 mille
2232 529 2487 601 duplos;
2539 517 2778 586 faciunt"
2812 527 2988 584 simul
3046 523 3356 598 quinquies
3409 524 3590 579 mille.

1951 621 2249 692 Strategus
2288 619 2459 692 ΛΕεωί
2521 618 2698 675 maris
2746 621 3040 689 receperat
3096 615 3159 672 in
3205 630 3270 670 se
3323 616 3594 685 praestare

1952 710 2115 775 3000,
2144 713 2202 766 et
2231 709 2391 765 mille
2413 708 2621 780 duplos
2645 727 2659 776 ;
2688 708 2914 764 faciunt
2944 703 3120 762 simul
3152 708 3361 775 quater
3408 701 3590 760 mille.

1957 798 2024 853 Hi
2055 813 2261 855 omnes
2291 797 2610 870 computati
2640 797 2903 854 efﬁciunt
2930 794 3134 866 viginti
3163 800 3291 850 octo
3322 792 3506 849 millia
3537 795 3595 847 et

1957 893 2280 944 tercentum
2312 889 2523 959 capita.

2068 996 2139 1050 De
2169 996 2466 1067 equitibus,
2497 995 2594 1067 qui
2623 996 2895 1053 debebant
2923 996 2982 1050 iii
3011 995 3183 1051 classe
3214 991 3478 1048 militare.

2026 1153 2306 1211 Scholarii
2363 1154 2731 1210 Thracesiani
2779 1159 2836 1210 et
2885 1156 3230 1211 Macedones
3288 1152 3449 1209 mille
3491 1151 3592 1207 tri-

1953 1244 2113 1316 ginta
2171 1246 2413 1314 septem.
2467 1243 2509 1297 E
2582 1243 2827 1297 themate
2897 1243 3345 1298 Thracesiorum
3413 1239 3590 1296 mille.

1955 1333 2104 1388 817
2137 1332 2176 1386 E
2202 1332 2453 1388 themate
2483 1331 2757 1386 Sebastias
2791 1330 3025 1385 Armeni
3081 1330 3258 1387 mille.
3308 1330 3349 1384 E
3405 1329 3594 1384 Plata-

1955 1423 2052 1478 nio
2082 1420 2318 1477 Armeni
2350 1420 2677 1492 quingenti,
2711 1435 2742 1474 e
2791 1418 2963 1474 Prina
2995 1419 3318 1489 quingenti.
3353 1417 3598 1472 Faciunt

1956 1510 2131 1568 simul
2161 1509 2347 1565 sexies
2378 1509 2539 1564 mille
2569 1508 2810 1580 triginta
2839 1511 3067 1579 septem
3099 1507 3363 1577 equites,-
3394 1510 3451 1559 et
3489 1521 3598 1559 an-

1957 1599 2248 1655 numerati
2306 1597 2708 1669 superioribus
2755 1595 3039 1652 classiarii
3090 1593 3312 1650 faciunt
3364 1592 3600 1663 triginta

1958 1692 2212 1760 quatuor
2243 1687 2424 1743 millia
2456 1691 2511 1742 et
2542 1685 2781 1757 triginta
2812 1688 3051 1754 septem.

2466 1794 2544 1848 De
2573 1790 2752 1849 classe
2779 1788 3088 1862 imperiali.

2029 1883 2246 1940 Classis
2296 1881 2618 1954 imperialis
2658 1881 2962 1937 constabat
3002 1876 3385 1934 dromonibus
3429 1891 3597 1932 sexa-

1961 1973 2140 2042 ginta.
2175 1972 2406 2042 Singuli
2454 1971 2757 2027 dromones
2804 1968 3092 2025 vehebant
3141 1967 3503 2022 ducentenos
3546 1972 3602 2020 et

1963 2063 2221 2134 trigenos
2253 2061 2527 2133 remiges,
2561 2060 2776 2116 milites
2803 2066 3001 2116 autem
3034 2061 3442 2128 septuagenos.
3493 2055 3602 2111 Fa-

1965 2151 2129 2207 ciunt
2159 2151 2338 2206 simul
2379 2149 2597 2220 sumpti
2638 2147 2959 2205 octodecim
3010 2144 3214 2200 millia.
3264 2141 3602 2214 Pamphylia

179 2232 376 2305 Ὁμοῦ
405 2232 468 2286 τὸ
500 2237 602 2286 πᾶν
632 2230 884 2306 χιλιάδες
907 2241 988 2308 κγ’
1013 2234 1102 2288 καὶ
1135 2231 1252 2293 δύο.

1973 2257 2138 2312 porro
2169 2241 2475 2296 constabat
2505 2237 2914 2309 quadraginta,
2937 2249 3186 2306 quorum
3212 2232 3412 2304 viginti
3437 2230 3606 2286 vehe-

191 2325 337 2380 bant
370 2323 529 2380 viros
549 2329 826 2381 centenos
855 2331 913 2380 et
943 2342 1302 2398 sexagenos;
1339 2327 1547 2400 reliqui
1592 2329 1796 2400 viginti
1850 2333 2044 2386 autem
2097 2329 2383 2385 vehebant
2427 2329 2580 2384 viros
2627 2331 2902 2382 centenos
2931 2330 2989 2380 et
3037 2323 3298 2395 trigenos
3355 2325 3412 2377 et
3458 2319 3604 2376 Rus-

198 2430 295 2470 sos
325 2413 390 2469 in
417 2414 755 2470 universum
789 2416 1210 2487 septingentos.
1243 2416 1488 2473 Faciunt
1518 2435 1721 2475 omnes
1753 2418 1928 2475 simul
1963 2419 2145 2474 millia
2161 2418 2357 2489 viginti
2389 2417 2499 2472 tria
2527 2421 2586 2472 et
2617 2418 2731 2471 duo
2761 2415 3050 2470 homines.

491 2534 589 2588 Διὰ
617 2537 715 2588 τοῦ
741 2532 972 2606 Θέματος
993 2539 1100 2588 τῶν
1135 2529 1579 2609 Κιϐυῤῥαιωτῶν.

275 2624 552 2697 Δρόμονες
608 2629 664 2676 ιε’
721 2619 923 2700 ἔχοντα
970 2623 1072 2677 ἀνὰ
1119 2621 1328 2697 ἀνδρῶν
1378 2624 1727 2696 κωπηλατῶν
1760 2627 1856 2696 ex,

2044 2627 2361 2682 Praestabat
2391 2627 2498 2681 hoc
2527 2625 2727 2680 thema
2743 2624 3052 2678 dromones
3081 2617 3432 2690 quindecim,
3464 2632 3608 2688 quo-

205 2712 297 2767 καὶ
357 2711 460 2765 ἀνὰ
516 2709 865 2784 πολεμιστῶν
926 2719 986 2767 ο“⁶
1048 2713 1190 2783 ὁμοῦ
1238 2712 1492 2791 χιλιάδες
1551 2713 1593 2769 δ’
1648 2716 1739 2769 καὶ
1792 2722 1856 2792 φ’·

1975 2732 2106 2772 rum
2136 2715 2355 2788 singuli
2384 2715 2660 2771 tenebant
2705 2712 2956 2784 remiges
2987 2711 3347 2766 ducentenos
3389 2709 3446 2762 et
3505 2705 3607 2760 tri-

209 2797 510 2873 Πάμφυλοι
571 2801 628 2861 ις’
683 2795 904 2876 ἔχοντες
959 2802 1014 2854 ol.
1076 2803 1170 2874 μὲν
1225 2808 1262 2863 ς’
1311 2802 1409 2856 άνὰ
1449 2800 1653 2877 ἀνδρῶν
1683 2805 1777 2877 ρξ’,
1811 2805 1856 2859 oi

1973 2821 2150 2875 genos
2181 2809 2240 2860 et
2269 2803 2486 2859 milites
2519 2807 2929 2873 septuagenos.
2958 2798 3190 2855 Faciunt
3221 2800 3429 2868 quater
3449 2792 3610 2848 mille

212 2885 270 2942 δὲ
297 2885 475 2962 ’ἕτεροι
510 2894 540 2942 i‘
568 2888 668 2942 ἀνὰ
698 2885 903 2964 ἀνδρῶν
952 2886 1052 2964 ρλ“·
1107 2890 1250 2962 ὁμοῦ
1281 2887 1535 2964 χιλιάδες
1641 2893 1730 2946 καὶ
1766 2894 1856 2963 σε’.

1973 2899 2029 2949 et
2058 2893 2430 2964 quingentos.
2463 2893 2600 2946 Pam
2610 2889 2814 2962 phylos
2831 2885 3146 2959 prastabat
3167 2883 3442 2952 sedecim,
3465 2897 3610 2952 quo-

204 2980 378 3053 Ὀμοῦ
409 2979 471 3034 τὸ
500 2985 602 3034 πᾶν
634 2979 886 3058 χιλιάδες
916 2988 956 3044 ς’
984 2979 1075 3036 καὶ

1973 2999 2104 3038 rum
2136 2997 2236 3038 sex
2263 2982 2497 3052 quidem
2530 2978 2819 3035 vehebant
2855 2976 3010 3031 viros
3049 2978 3324 3030 centenos
3355 2976 3413 3026 et
3441 2985 3608 3025 sexa-

209 3087 412 3143 genos,
445 3072 638 3127 ceteri
679 3072 879 3128 decem
922 3088 1054 3128 vero
1101 3078 1377 3130 centenos
1434 3078 1492 3130 et
1548 3074 1826 3147 trigenos.
1889 3072 2133 3128 Faciunt
2181 3068 2359 3127 simul
2421 3067 2606 3124 millia
2657 3068 2775 3122 duo
2832 3067 2890 3120 et
2945 3065 3225 3120 ducentos
3285 3058 3609 3131 sexaginta.

203 3159 391 3216 Simul
421 3162 646 3232 sumpti
678 3160 976 3233 pamphyli
998 3167 1055 3218 et
1084 3163 1386 3220 dromones
1413 3163 1634 3220 faciunt
1660 3160 1974 3221 millia'sex
2003 3165 2061 3217 et
2088 3161 2488 3233 septingentos
2516 3156 2838 3228 sexaginta.

590 3265 689 3319 Διὰ
724 3271 822 3320 τοῦ
867 3266 1102 3338 Θέματος
1133 3270 1229 3338 τῆς
1265 3271 1476 3342 Σάμου.

2523 3268 2605 3321 De
2628 3264 2868 3320 themate
2895 3261 3070 3317 Sami.

281 3350 556 3426 Δρόμονες
592 3359 620 3406 i‘
650 3347 870 3427 ἔχοντες
901 3353 1000 3408 ἀνὰ
1029 3352 1236 3428 ἀνδρῶν
1280 3355 1630 3425 κωπηλατῶν
1660 3360 1740 3414 σλ’
1770 3358 1856 3413 καὶ

2044 3364 2364 3414 Dromones
2423 3356 2648 3424 decem,
2708 3353 2990 3408 habentes
3065 3345 3284 3420 singuli
3361 3346 3614 3417 remiges

209 3438 308 3494 ἆνᾶ
333 3439 684 3514 πολεμιστῶν
714 3448 773 3494 ο“·
810 3442 951 3513 ὁμοῦ
992 3462 1060 3516 ιγ.
1113 3442 1407 3520 Πάμφυλοι
1443 3445 1531 3518 ιβ’,
1564 3439 1782 3519 ἔχοντες
1813 3447 1856 3499 oi

1974 3449 2329 3504 ducentenos
2345 3448 2402 3499 et
2417 3444 2695 3514 trigenos,
2717 3441 2935 3497 milites
2949 3443 3356 3510 septuagenos.
3372 3435 3618 3492 Faciunt

217 3530 314 3602 μὶν
373 3526 413 3582 δ’
472 3529 569 3583 ἀνὰ
615 3527 820 3604 ἀνδρῶν
877 3529 1227 3600 κωπηλατῶν
1289 3533 1382 3605 ρξ’,
1438 3533 1489 3586 oi.
1551 3529 1606 3585 δὲ
1664 3531 1712 3601 η’
1768 3531 1856 3586 ἆνᾶ

1977 3534 2148 3590 simul
2179 3539 2267 3587 ter
2298 3532 2478 3586 mille.
2513 3529 2814 3600 Pamphyli
2843 3527 3172 3595 duodecim,
3206 3541 3452 3596 quorum
3480 3540 3617 3594 qua-

213 3615 426 3693 άνδρῶν
457 3617 557 3691 ρλ“’
592 3619 732 3692 ὁμοῦ
762 3626 906 3694 δαχπ¹
935 3617 1112 3693 Ὁμοῦ
1148 3621 1210 3675 τὸ
1253 3624 1355 3674 πᾶν
1389 3617 1480 3675 διὰ
1508 3618 1604 3675 τοῦ
1637 3621 1856 3694 θέματος

1976 3626 2111 3677 tuor
2140 3620 2390 3687 remiges
2419 3617 2704 3672 vehebant
2735 3621 3010 3671 centenos
3039 3619 3096 3668 et
3134 3627 3453 3682 sexagenos
3501 3611 3619 3664 sin-

211 3715 312 3778 τῆς
347 3707 532 3781 Σάμου
561 3706 724 3783 ,δχπκ

1979 3708 2140 3781 guli;
2176 3707 2536 3778 reliquorum
2569 3709 2697 3761 octo
2727 3709 2923 3760 autem
2972 3701 3188 3773 singuli
3239 3703 3511 3756 centenos
3559 3701 3619 3752 et

216 3801 501 3870 trigenos.
536 3801 782 3857 Faciunt
804 3801 980 3858 simul
1010 3801 1231 3873 sumpti
1268 3801 1428 3858 mille
1473 3806 1811 3858 sexoentum
1860 3807 1914 3858 et
1957 3798 2274 3872 octoginta.
2323 3795 2510 3853 Simul
2557 3795 2778 3866 sumpti
2836 3794 3147 3849 dromones
3205 3795 3262 3847 et
3319 3787 3618 3862 pamphyli

215 3889 496 3947 thematis
525 3891 685 3946 Sami
719 3891 940 3948 iaciunt
970 3896 1177 3963 quater
1208 3890 1365 3948 mille
1396 3900 1729 3948 sexcentum
1761 3897 1818 3948 et
1846 3890 2156 3962 octoginta.

2338 2539 2412 2593 De
2438 2538 2675 2592 themate
2705 2533 3232 2606 Cibyrrhwotarum.

435 3997 535 4052 Διᾶ
562 4003 660 4052 τοῦ
693 3999 924 4071 θέματος
951 4002 1049 4054 τοῦ
1099 3999 1330 4075 Αἰγαίου
1360 3997 1654 4075 πελάγους.

2417 3998 2493 4054 De
2522 3997 2763 4053 themate
2789 3994 2965 4062 ΑΞρωί
2991 3993 3184 4048 maris.

291 4087 567 4161 Δρόμονες
620 4092 661 4157 ζ¹
707 4081 926 4166 ἔχοντες
977 4088 1077 4143 ἀνά
1124 4085 1334 4161 ἀνδρῶν
1382 4087 1735 4159 κωπηλατῶν
1768 4087 1849 4144 σλ¹

2054 4091 2378 4147 Dromones
2407 4081 2661 4160 septem,
2688 4085 2965 4141 vehentes
2987 4079 3202 4152 singuli
3225 4078 3474 4151 remiges
3493 4079 3619 4151 250,

216 4177 307 4230 καὶ
337 4175 443 4231 ἀνὰ
470 4174 822 4249 πολεμιστῶν
854 4184 914 4232 ο“·
958 4178 1100 4250 ὁμοῦ
1147 4177 1266 4252 ,βρκ
1318 4176 1612 4255 Πάμφῦλοι
1645 4179 1684 4246 ζ’
1714 4174 1856 4252 ἔχον-

1985 4180 2201 4236 milites
2230 4180 2321 4246 70,
2345 4179 2564 4234 faciunt
2587 4176 2750 4232 2100.
2776 4171 3078 4246 Pamphyli
3099 4174 3344 4242 septem,
3367 4185 3620 4242 quorum

214 4285 300 4328 τες
334 4267 386 4320 o'i
422 4266 519 4339 μὲν
550 4272 596 4341 γ“
625 4265 722 4321 άνᾶ
750 4265 963 4342 ἀνδρῶν
1007 4267 1099 4343 ρξ“,
1143 4266 1194 4320 οἱ
1245 4262 1303 4320 δὲ
1330 4263 1504 4341 ἕτεροι
1553 4265 1596 4320 δ’
1641 4267 1741 4321 άνά
1782 4265 1856 4320 ἀν-

1982 4275 2099 4326 tres
2150 4267 2434 4324 vehebant
2492 4265 2712 4339 singuli
2772 4263 2904 4331 160;
2960 4263 3030 4318 de
3086 4258 3325 4330 reliquis
3372 4263 3622 4330 quatuor

219 4350 360 4428 δρῶν
393 4353 498 4429 ρλ“·
537 4356 680 4428 ὁμοῦ
711 4377 774 4424 κα.
806 4357 986 4428 Ὁμοῦ
1028 4357 1090 4410 τὸ
1139 4359 1243 4410 πᾶν
1276 4352 1365 4409 διὰ
1392 4359 1490 4411 τοῦ
1519 4356 1752 4430 θὲματος
1778 4359 1856 4411 toi

1983 4354 2202 4428 singuli
2235 4355 2374 4421 130;
2407 4353 2627 4410 faciunt
2650 4351 2827 4408 mille.
2858 4349 3069 4406 Totum
3101 4362 3237 4419 ergo
3275 4345 3620 4415 contingens

216 4444 452 4522 Αἰγαίου
481 4442 758 4523 πελάγους
785 4453 897 4520 κγρκ

1982 4443 2256 4500 thematis
2303 4441 2478 4512 Αἶεωί
2525 4439 2704 4495 maris
2773 4442 2897 4495 erat
2937 4442 3026 4492 ter
3075 4435 3235 4491 mille
3278 4439 3336 4490 et
3382 4437 3618 4490 centum

1981 4533 2306 4590 hominum.

648 4642 748 4698 Διὰ
776 4645 872 4696 τοῦ
898 4642 1129 4715 θέματος
1157 4640 1446 4703 Ἑλλάδος.

2499 4638 2574 4693 De
2601 4636 2837 4692 themate
2868 4633 3107 4689 Graeciae.

291 4731 588 4806 Δρόμονες·
643 4737 673 4784 i‘
721 4728 940 4805 ἔχοντες
987 4731 1086 4786 ἀνὰ
1136 4729 1346 4805 ἀνδρῶν
1389 4731 1737 4803 κωπηλατῶν
1771 4729 1853 4784 σλ“

2058 4729 2375 4783 Dromones
2405 4724 2605 4781 decem
2651 4721 2930 4777 vehentes
2962 4717 3180 4789 singuli
3211 4716 3463 4788 remiges
3491 4716 3616 4770 230.

217 4819 309 4874 καὶ
342 4821 442 4876 ἀνὰ
473 4820 823 4894 πολεμιστῶν
856 4827 916 4874 0"
951 4820 1092 4892 ὁμοῦ
1133 4843 1202 4896 κγ.

1986 4817 2198 4874 milites
2225 4815 2317 4882 70,
2351 4815 2570 4869 faciunt
2598 4817 2684 4868 ter
2715 4808 2893 4864 mille.

650 4909 746 4965 Διὰ
792 4913 901 4963 τῶν
949 4905 1278 4982 Μαρδαῗτῶν
1315 4911 1447 4982 (34).
2567 4902 2672 4957 τῦε
2701 4898 3004 4955 Mardaitt's.

291 4997 690 5072 Μαρδαξαῖται,
723 4998 948 5072 στρατὸς
996 4998 1088 5051 σὺν
1120 4995 1401 5071 ἀρχόντων
1433 5000 1571 5072 (35),
1601 4996 1753 5069 ‘SRC‘,
1783 5019 1851 5053 κα

2059 4993 2476 5052 Mardaitorum
2507 4990 2708 5063 copias,
2739 4987 2989 5044 ducibus
3019 5002 3222 5044 eorum
3253 4983 3622 5057 computatis.

1276 5162 1480 5218 JOAN.
1514 5163 1659 5220 JAC.
1694 5161 1959 5219 REISKII
1989 5157 2580 5219 COMMENTARIUS.

297 5315 411 5388 (34)
443 5317 592 5371 Sunt
615 5313 836 5387 gemini
869 5313 1160 5371 Mardaitai
1190 5312 1500 5369 orientales
1530 5319 1582 5369 et
1615 5311 1880 5388 occiden-

301 5457 417 5537 (3_5)
448 5458 806 5537 Frequenter
830 5456 1027 5528 jungit
1055 5455 1269 5511 Noster
1287 5452 1352 5537 ,ἐν
1385 5459 1442 5511 et
1471 5454 1563 5508 σύν
1587 5384 1876 5537 geniis};

235 5525 408 5583 Paulo
441 5525 886 5598 post—habemus
918 5525 1147 5599 quoque
1173 5525 1334 5600 συνάρ
1384 5544 1538 5586 οντες
1585 5525 1643 5582 in
1685 5527 1876 5582 nomi-

235 5599 452 5652 nativo.
483 5605 765 5652 tanuuam
797 5601 845 5652 si
877 5616 994 5652 una
1023 5617 1130 5652 vox
1163 5545 1695 5652 essetxproconius
1744 5597 1876 5652 Hm-

235 5597 459 5666 nativo,
483 5605 581 5655 tan
631 5617 765 5655 nam
797 5601 845 5656 si
877 5597 994 5654 una
1023 5597 1130 5655 vox
1163 5597 1695 5670 essetJProcopius
1744 5597 1878 5654 Hm-

239 5666 443 5724 schelii
477 5686 529 5724 ο.
577 5617 698 5724 i127.
749 5670 838 5724 ξὺν
896 5666 1173 5724 φυλακῶν.
1217 5673 1285 5724 Et
1330 5670 1390 5724 in
1437 5670 1617 5724 veteri
1669 5668 1878 5724 inscri-

239 5666 443 5725 schelii
475 5686 529 5738 p.
577 5666 698 5740 127,
749 5670 838 5741 ξὺν
896 5666 1173 5746 φυλακῶν.
1217 5673 1285 5725 Et
1330 5670 1390 5726 in
1437 5666 1617 5727 veteri
1669 5668 1879 5727 inscri-

1987 5311 2184 5384 ptione
2213 5311 2367 5384 apud
2400 5308 2713 5384 Pocokium
2749 5324 2802 5380 p.
2836 5309 2926 5384 50.

2105 5374 2412 5457 Περσεφόνη
2445 5376 2728 5457 πρόπολον
2749 5374 2984 5457 σφετέρῃ
3018 5374 3506 5457 εἰσῄγοξγενιᾳῦλὴν

2211 5397 2412 5457 σεφονη
2446 5397 2728 5453 προποΛον
2758 5397 2984 5454 σφετερη
3018 5397 3206 5451 εισηγα
3250 5397 3300 5430 εν
3333 5397 3397 5430 αυ

2211 5453 2377 5519 ΙΙατρὶ
2411 5451 2502 5506 σὺν
2535 5449 2799 5526 αἷνογόου-
2822 5447 3080 5526 μητέρος,
3107 5397 3399 5526 ξξβλαϐίῳ

2059 5516 2394 5597 Proserpina
2421 5540 2581 5580 suam
2609 5516 2680 5578 in"
2695 5516 2896 5597 aulam
2920 5516 3137 5597 ξῄᾴιιρξίι
3160 5521 3329 5592 [hanc
3349 5516 3624 5597 puellam]

1989 5601 2052 5652 ut
2080 5605 2218 5654 esset
2257 5590 2522 5653 ministra
2548 5595 2702 5664 patri
2747 5608 2849 5650 suo
2897 5592 3122 5650 Abtabio
3161 5590 3231 5650 et
3261 5590 3627 5648 maistissimw

1989 5671 2178 5725 matri.
