4088 6316
485 286 638 348 1215
1561 268 2106 340 GONSTANTINI
2152 265 2850 329 PORPHYROGENITI
3749 259 3924 318 1216

480 415 814 474 efﬁciebant
846 416 1052 486 quater
1082 410 1241 468 mille
1287 410 1580 483 octoginta
1621 411 1845 479 septem
1889 401 2120 475 capita;

2267 398 2374 452 ατὰ
2403 400 2722 471 προσθήκην
2765 394 2942 470 ἕτεροι
2990 410 3041 465 ᾳ·
3097 393 3241 466 δμοῦ
3299 396 3442 460 ,επζ⁹
3491 391 3670 462 Ὁμοῦ
3698 389 3768 442 τὸ
3798 393 3922 442 πᾶν

483 505 698 577 quibus
717 478 1032 559 accedebat
1054 499 1337 555 mantissa
1360 478 1520 552 mille
1545 478 1884 557 hominum;
1906 487 2125 577 faciunt

2272 487 2325 540 ιά
2351 507 2409 541 τε
2436 491 2534 541 τοῦ
2568 485 2856 562 βασιλικοῦ
2886 483 3157 556 πλοῒμου,
3218 479 3306 536 διά
3361 501 3422 536 τε
3477 483 3588 535 τῶν
3641 478 3916 550 θεμάτων

481 565 645 650 5087.
679 594 828 649 Tota
855 607 992 662 ergo
1027 587 1247 646 navalis
1279 586 1489 642 militia
1534 601 1564 640 e
1613 584 1794 639 classe
1838 574 2124 650 imperiali

2270 577 2492 649 ρόμονες
2534 576 2663 651 ριβ’,
2713 573 3004 653 πάμφυλοι
3051 573 3140 641 σε’,
3192 567 3382 645 ἄνδρες
3431 565 3784 638 πωπηλάται
3814 586 3922 641 χι-

481 689 541 740 et
569 699 599 740 θ
629 683 816 739 classe
850 657 1187 752 provinciali
1218 675 1538 747 composita
1566 672 1870 730 constabat
1899 672 2124 722 dromo-

2276 661 2420 726 ιάδες
2449 661 2550 732 λδ’,
2578 663 2668 719 καὶ
2701 661 3032 735 πολεμισταὶ
3061 665 3216 735 ,ζτμζ
3237 659 3325 714 καὶ
3348 660 3486 720 Ῥῶς
3518 662 3595 731 ψ’,
3628 657 3724 712 καὶ
3756 657 3922 729 Μαρ-

483 773 658 830 nibus
673 775 904 828 centum
921 773 977 824 et
999 767 1301 823 duodecim
1315 807 1328 833 ,
1343 772 1399 822 et
1411 762 1744 836 pamphylis
1757 757 2125 833 septuaginta

485 862 745 932 quinque
769 877 784 926 ;
817 856 970 913 ³78
997 855 1308 927 remigibus
1334 853 1602 925 trigesies
1629 857 1685 908 et
1705 857 1912 922 quater
1941 845 2123 911 mille,

485 948 771 1004 militibus
800 946 961 1015 7340,
996 944 1204 1000 Russis
1231 945 1360 1012 700,
1392 941 1684 998 Mardaitis
1711 939 1872 995 5087.

934 1054 1096 1121 Roga:
1124 1049 1447 1121 imperiali:
1466 1050 1679 1104 classis.

556 1143 853 1200 Exercitus
881 1157 1010 1198 cum
1046 1139 1294 1196 ducibus
1324 1142 1552 1194 constat
1592 1137 1765 1191 12502
1812 1130 2123 1204 capitibus.

483 1234 639 1304 Roga
667 1236 756 1288 est
784 1235 1077 1288 centenar.
1113 1231 1201 1295 15,
1233 1228 1378 1283 litraa
1397 1228 1491 1294 90,
1515 1226 1874 1282 numismata
1903 1222 2124 1278 decem.

480 1322 780 1378 Accedunt
810 1319 1101 1376 mantissa
1125 1317 1284 1372 mille
1307 1316 1436 1383 viri,
1459 1330 1708 1386 quorum
1734 1311 1949 1383 singuli
1972 1309 2126 1366 acci-

482 1413 651 1484 piunt
701 1428 862 1467 num.
895 1413 967 1480 5;
1028 1410 1249 1465 faciunt
1292 1409 1459 1464 litras
1503 1408 1594 1476 69,
1650 1423 1813 1462 num.
1845 1405 1952 1470 32;
1994 1401 2126 1458 dein

483 1501 656 1559 Russi
687 1501 811 1566 700,
844 1515 1087 1571 quorum
1113 1513 1252 1569 roga
1272 1497 1330 1551 in
1356 1496 1690 1552 universum
1722 1498 1811 1549 est
1827 1499 2051 1549 centen.
2074 1493 2125 1544 1.

481 1591 642 1646 Facit
673 1606 811 1660 roga
832 1587 1040 1644 classis
1061 1593 1118 1643 et
1134 1591 1457 1642 Bassorum
1483 1583 1661 1640 simul
1683 1580 2017 1640 centenaria
2039 1580 2126 1646 17,

485 1680 648 1735 litras
677 1679 767 1746 59,
804 1677 1162 1733 nomismata
1193 1677 1283 1731 42.

852 1785 928 1839 De
956 1784 1188 1838 themate
1217 1780 1743 1854 Cibyrrhtzotarum.

553 1874 728 1930 Totus
757 1873 888 1944 ejus
917 1870 1194 1927 thematis
1213 1871 1504 1926 exercitus
1536 1885 1654 1924 una
1699 1882 1835 1923 cum
1878 1865 2129 1921 ducibus

483 1969 539 2019 et
569 1962 768 2034 duplis
797 1965 1025 2018 constat
1053 1959 1347 2032 capitibus
1373 1959 1536 2014 6160.
1567 1957 1725 2029 Roga
1755 1959 1844 2013 est
1891 1957 2119 2010 centen.

479 2052 536 2120 2,
569 2051 720 2107 litras
749 2052 842 2120 21,
878 2066 1042 2107 num.
1075 2051 1164 2104 42.

1035 2159 1112 2211 De
1139 2156 1374 2212 themate
1402 2155 1580 2211 Sami.

555 2251 798 2304 Constat
835 2248 962 2318 ejus
1013 2247 1300 2302 exercitus
1352 2262 1471 2301 una
1520 2261 1654 2300 cum
1714 2242 1962 2298 ducibus
1993 2241 2132 2296 4680

484 2336 777 2407 capitibus
808 2338 864 2390 et
885 2332 1080 2406 duplis
1096 2332 1274 2389 mille.
1301 2333 1460 2404 Roga
1481 2336 1569 2387 est
1587 2332 1903 2401 centum.2,
1929 2328 2043 2384 litr.
2076 2330 2128 2397 1,

489 2443 657 2482 num.
687 2427 774 2482 11.

919 2532 991 2586 De
1021 2531 1255 2585 themate
1281 2527 1454 2599 Α’ρωὶ
1481 2529 1673 2583 maris.

568 2620 862 2675 Exercitus
892 2634 1024 2674 cum
1057 2617 1306 2672 ducibus
1354 2616 1480 2685 310,
1532 2615 1696 2688 dupli
1746 2614 1926 2672 mille.
1977 2616 2130 2687 Roga

495 2715 725 2768 conten.
758 2710 810 2776 1,
844 2709 960 2765 litr.
983 2708 1074 2776 54,
1107 2723 1272 2763 num.
1306 2707 1359 2762 3.

873 2817 947 2873 De
975 2813 1265 2870 Mardaitis
1294 2812 1747 2870 occidentalibus.

558 2906 860 2964 Exercitus
903 2921 1036 2961 cum
1087 2903 1332 2959 ducibus
1375 2902 1536 2957 4087.
1588 2905 1748 2974 Roga
1814 2909 2042 2959 centen.
2073 2903 2126 2960 4.

2154 1772 2202 1835 Β

2235 752 2412 810 δαῖται
2441 757 2589 830 ιεπζᾜ

2482 1041 2552 1097 Al
2587 1039 2746 1115 ῥόγαι
2779 1035 2868 1093 διὰ
2901 1043 2997 1093 τοῦ
3048 1037 3338 1113 βασιλικοῦ
3369 1039 3640 1109 πλιοὶμου.

2309 1129 2548 1203 Στρατὸς
2608 1129 2969 1203 συνάρχοντες
3020 1124 3270 1203 χιλιάδες
3328 1127 3398 1200 ιβ’
3443 1126 3534 1180 καὶ
3583 1125 3700 1198 φβ’.
3738 1124 3905 1196 Ῥέη-μ

2235 1217 2554 1292 κεντηνάρια
2588 1219 2664 1288 ιε’,
2699 1216 2880 1292 λίτραν.
2929 1219 2996 1295 l1",
3052 1220 3101 1276 ι’.
3149 1218 3472 1293 Προσθήκην
3513 1213 3698 1269 abtch
3732 1235 3779 1281 να
3809 1215 3906 1266 ἀγὲ

2234 1309 2589 1381 νομισμάτων
2621 1309 2679 1375 ε’,
2727 1303 3014 1382 γινόμενον
3068 1307 3246 1381 λίτραι
3295 1307 3386 1378 ξΘ¹,
3435 1303 3907 1378 νομίσματα

2235 1399 2372 1460 Ῥὦς
2403 1400 2475 1472 ψ’,
2508 1399 2641 1472 ῥόγα
2671 1398 3024 1470 κεντηνάριον
3077 1400 3147 1455 α’.
3198 1394 3372 1468 Ὁμοῦ
3403 1393 3493 1449 διὰ
3514 1398 3616 1449 τοῦ
3645 1392 3904 1464 πλοῖμου

2235 1488 2325 1542 καὶ
2374 1490 2482 1542 τῶν
2522 1488 2657 1547 Ῥῶς
2706 1485 2840 1561 ῥόγα
2887 1486 3211 1561 κεντηνάρια
3263 1485 3344 1553 ιζ’,
3396 1481 3578 1558 λίτραι
3630 1481 3731 1549 νϐ’,

2480 1775 2580 1828 Διὰ
2605 1779 2706 1830 τοῦ
2749 1775 2981 1847 θέματος
3028 1775 3134 1827 τῶν
3184 1765 3636 1846 Κιϐυρῥαιωτῶν.

2303 1867 2543 1940 Στρατὸς
2604 1864 2962 1938 συνάρχοντες
3021 1863 3166 1935 ,ςψξκ
3227 1860 3394 1935 Ῥόγα
3446 1857 3777 1932 κεντηνάρια
3830 1856 3901 1928 β’,

2233 1953 2413 2029 λίτραι
2444 1955 2548 2027 καί,
2586 1955 2678 2028 μβ¹
2710 1952 2802 2007 σὺν
2829 1957 2949 2014 τοῖς
2977 1948 3216 2012 διπλοῖς.

2596 2149 2694 2204 Διὰ
2737 2151 2835 2203 τοῦ
2885 2147 3115 2220 Θὲματος
3164 2151 3264 2214 τῆς
3316 2143 3524 2216 Σάμου.

2303 2239 2510 2316 Σρατὸς
2543 2238 2904 2311 συνάρχοντες
2951 2233 3116 2308 ,δχπλ
3165 2231 3254 2287 καὶ
3302 2231 3408 2288 ἀπὸ
3438 2235 3544 2285 τῶν
3575 2227 3799 2284 διπλῶν
3825 2251 3890 2296 ,1.

2232 2328 2390 2405 Ῥόγα
2419 2327 2740 2400 κεντηνάρια
2775 2325 2842 2399 β’,
2875 2322 3034 2398 λίτρα
3063 2328 3129 2392 α’,
3163 2329 3246 2378 ια’.

2446 2524 2546 2578 Διᾶ
2583 2526 2680 2578 τοῦ
2713 2520 2945 2595 θὲματος
2976 2524 3074 2576 τοῦ
3122 2519 3354 2596 Αἰγαίου
3384 2516 3678 2591 πελάγους.

2305 2613 2548 2688 Στρατὸς
2580 2612 2944 2690 συνάρχοντες
2992 2617 3088 2686 ,γρ’
3130 2609 3218 2664 καὶ
3273 2608 3378 2663 ἀπὸ
3424 2613 3533 2663 τῶν
3583 2604 3891 2677 διπλῶνιι.

2229 2702 2393 2778 Ῥόγα
2422 2699 2770 2775 κεντηνᾶριον
2819 2702 2885 2769 α’,
2940 2698 3124 2774 λίτραι
3153 2695 3246 2767 νδ’,
3279 2699 3349 2773 γ’.

2553 2808 2649 2864 Διά
2686 2813 2795 2863 τῶν
2841 2804 3165 2880 Μαρδαϊτῶν
3198 2812 3298 2876 τῆς
3332 2805 3565 2866 Δύσεως.

2302 2900 2543 2973 Στρατὸς
2576 2899 2936 2972 συνάρχοντες
2980 2897 3025 2932 ⁴⁸
3069 2895 3221 2965 ,δπζ’.
3271 2894 3438 2969 Ῥόγα
3467 2891 3794 2965 κεντηνάρια
3823 2889 3888 2944 8':

483 2998 603 3054 litr.
637 2998 728 3066 66,
761 3012 923 3052 num.
956 2995 1063 3063 32;
1100 2995 1384 3048 mantissa
1415 2991 1598 3061 mille}
1624 2991 1954 3058 hominum,
1989 3008 2125 3063 quo-

2273 2988 2412 3063 ίτραι
2456 2988 2545 3057 ξς’,
2599 2986 2706 3061 λβ“.
2755 2985 2851 3040 Καὶ
2899 2987 2932 3054 ἡ
2975 2986 3260 3058 προσθήκη
3311 2981 3519 3056 ἀνδρῶν
3570 3003 3620 3055 μ
3664 2981 3768 3035 ἆνᾶ
3817 2982 3886 3049 η’,

480 3105 608 3145 rum
650 3089 901 3158 quisque
933 3094 1138 3141 octona
1171 3084 1527 3138 numismata
1557 3082 1785 3155 accipit,
1809 3084 1946 3138 facit
1984 3100 2125 3139 cen-

2269 3078 2510 3148 ινὸμενον
2545 3079 2589 3150 ρ’
2622 3077 2689 3146 α“,
2722 3075 2902 3148 λίτραι
2938 3075 3022 3142 ια’,
3071 3075 3140 3145 η’.
3173 3077 3341 3143 Ὁμοῦ
3389 3072 3450 3127 τὸ
3498 3076 3604 3125 πᾶν
3648 3067 3738 3123 διά
3784 3072 3892 3122 τῶν

479 3176 672 3242 ten.1,
704 3175 822 3228 litr.
855 3175 942 3236 11,
976 3187 1141 3227 num.
1192 3173 1246 3226 8.
1304 3171 1369 3224 In
1419 3170 1759 3224 universum
1810 3187 1944 3242 ergo
1994 3172 2125 3228 facit

2267 3168 2558 3246 [αρδαῖτῶν
2615 3175 2714 3238 τῆς
2789 3166 2992 3229 δύσεως
3051 3168 3187 3243 ῥόγα
3233 3165 3558 3238 κέντηνάρια
3613 3164 3652 3217 ε“
3710 3162 3888 3235 Negat

480 3277 621 3333 roga
651 3261 1068 3318 Mardaitarum
1117 3257 1567 3314 occidentalium
1620 3264 1848 3314 centen.
1898 3260 1954 3326 5,
2006 3259 2124 3316 litr.

480 3352 571 3405 77.
607 3365 766 3408 num.
801 3350 886 3404 42.
923 3349 1072 3404 Tota
1102 3363 1331 3402 summa
1363 3362 1633 3418 rogaram
1685 3363 1788 3418 pro
1839 3347 2126 3418 imperiali

485 3437 749 3505 classico,
781 3454 884 3509 pro
914 3436 1136 3506 Russis,
1170 3452 1273 3507 pro
1303 3434 1546 3490 classico
1578 3436 1916 3507 provinciali
1939 3441 1996 3492 et
2027 3453 2127 3508 pro

489 3527 791 3583 Mardaitis
825 3524 1290 3584 occidentalibus
1320 3531 1409 3581 est
1465 3532 1694 3581 centen.
1729 3525 1821 3594 29,
1883 3524 2001 3581 litr.
2036 3526 2125 3593 13,

489 3616 768 3673 numism.
801 3616 893 3674 66.

1048 3723 1121 3777 De
1149 3736 1284 3792 roga
1309 3720 1569 3792 equitum.

559 3813 668 3870 Pro
709 3811 1014 3868 scholariis
1044 3809 1454 3867 Thracesianis
1485 3816 1543 3866 et
1583 3810 2022 3880 Macedonibus,
2055 3813 2126 3868 ad

2234 3261 2327 3330 οἵ,
2364 3260 2476 3334 μβ“.
2509 3258 2614 3314 Καὶ
2650 3259 2792 3330 ὁμοῦ
2815 3258 2878 3311 τὸ
2909 3262 3014 3311 πᾶν
3047 3253 3136 3310 διά
3170 3276 3229 3310 τε
3271 3259 3369 3310 τοῦ
3404 3251 3698 3328 βασιλικοῦ
3729 3250 3891 3306 πλοῖ-

2238 3369 2364 3422 μου,
2414 3349 2524 3403 τῶν
2572 3349 2732 3419 Ῥῶς,
2781 3350 2889 3400 τῶν
2931 3347 3234 3419 Θεματικῶν
3282 3343 3540 3416 πλοῖμων
3569 3341 3662 3397 καί
3697 3345 3809 3396 τῶν
3853 3342 3895 3375 ⁸⁵

2235 3434 2559 3511 Μαρδαϊτῶν
2611 3442 2710 3506 τῆς
2770 3433 2973 3497 δύσεως
3035 3435 3169 3508 ῥόγα
3222 3433 3543 3508 κεντηνάρια
3570 3431 3673 3502 κθ“,
3712 3427 3892 3504 λίτρσι

2238 3532 2326 3602 ιγ’,
2357 3526 2446 3598 54‘-

2557 3721 2656 3776 Διὰ
2677 3727 2776 3791 τῆς
2805 3720 2966 3795 ῥόγας
2991 3724 3098 3775 τῶν
3121 3715 3564 3795 καϐαλλαρικῶν.

2307 3809 2406 3867 Διὰ
2449 3812 2556 3866 τῶν
2607 3810 2920 3886 σχολαρίων
2960 3814 3069 3866 τῶν
3117 3808 3500 3884 Θρᾳκησιάνων
3563 3807 3656 3863 καὶ
3705 3808 3891 3864 Maus.

1836 3911 2078 3967 VARIIE
2125 3912 2539 3969 LECTIONES.

563 4001 586 4035 ⁸
638 4003 1017 4076 συναρχοντῶν
1050 4000 1142 4056 ed.
1218 3997 1266 4035 4⁸
1298 3995 1557 4071 πλο’ξμῶν
1595 4002 1702 4053 τῶν
1732 4004 1804 4054 Μ.
1835 3999 1925 4053 καὶ
1954 4005 2054 4067 τῆς
2085 4002 2212 4057 cod.

1557 4096 1752 4150 JOAN.
1791 4096 1932 4150 JAC.
1974 4097 2233 4152 REISKII
2271 4069 2836 4153 COMMENTARIUS.

495 4198 665 4254 tales.
698 4197 789 4252 Illi
819 4200 984 4251 erant
1013 4197 1231 4250 veteres
1255 4192 1460 4263 Pisidae.
1484 4196 1541 4246 et
1564 4191 1697 4263 Pam
1709 4191 1958 4263 phyli,et
1979 4192 2144 4249 habi-

497 4271 697 4323 tabant
726 4268 880 4322 circa
910 4266 1186 4319 Attaliam
1219 4263 1278 4316 in
1312 4262 1566 4335 themate
1589 4262 2140 4335 Cibyrrhaéotarum.

497 4341 636 4392 Inde
659 4337 925 4392 traducta
948 4352 1082 4406 pars
1105 4349 1311 4406 eorum
1333 4333 1733 4406 deponebatur
1767 4337 1822 4390 in
1842 4337 2142 4392 Thessalia

493 4413 551 4464 et
578 4409 912 4479 Macedonia
940 4405 997 4479 et
1030 4422 1130 4477 per
1160 4405 1408 4479 insulas
1441 4405 1612 4479 nga-zi
1672 4409 1849 4462 maris
1907 4424 2140 4479 sparge-

2254 4202 2414 4267 gent,
2447 4200 2661 4252 exeunt
2692 4200 2748 4251 et
2777 4196 3070 4267 oberrant.
3105 4195 3282 4267 Erant
3311 4195 3468 4267 enim
3501 4194 3887 4267 hi_Murdaitae

2253 4264 2441 4339 inagis
2470 4268 2683 4339 subitis
2707 4267 2767 4321 in
2790 4283 2960 4339 agros
2982 4266 3221 4339 hostiles
3244 4264 3694 4333 incursionibus,
3729 4282 3890 4333 agen-

2251 4337 2596 4408 disprmdis,
2629 4338 2893 4394 locandis
2917 4337 3169 4400 insidiis,
3201 4353 3380 4408 quam
3405 4353 3610 4408 pugnae
3647 4339 3888 4408 stataria

2254 4407 2693 4477 utiles,husaris
2723 4410 2938 4465 nostris
2969 4407 3307 4464 similes.rln
3340 4407 3681 4464 omni’certe
3710 4407 3888 4462 histo—

498 4479 732 4534 bantur.
767 4479 831 4532 Hi
865 4477 1004 4533 dicti
1035 4479 1270 4534 fuerunt
1291 4477 1695 4533 occidentales.
1724 4477 2020 4535 Heracli‘us
2041 4477 2140 4536 eos
2177 4532 2211 4544 ,
2250 4481 2360 4544 ria,
2414 4489 2474 4535 ut
2527 4482 2627 4536 feri
2673 4480 2937 4537 crudeles
2989 4480 3256 4534 homines
3301 4479 3734 4535 describuntur.
3790 4480 3883 4533 Ce-

497 4532 601 4622 stio
635 4532 888 4622 tempore
912 4532 978 4622 in
1027 4532 1282 4622 montem
1305 4532 1636 4622 Libanum
1661 4532 1736 4604 et,
1773 4532 2139 4606 piissimae
2172 4532 2218 4596 Ι)
2250 4532 2472 4607 sese;
2489 4532 3638 4622 etiamsietiamanteanamex
3660 4532 3885 4622 insidiis

498 4621 784 4685 mittebat,
812 4625 875 4674 ut
904 4620 1220 4676 Saracenos
1247 4619 1328 4674 ibi
1355 4628 1624 4674 vexarent
1655 4626 1711 4675 et
1735 4622 2137 4690 reprimerent.

496 4692 655 4757 Quod
705 4692 933 4763 egregie
988 4693 1266 4763 fecerunt,
1320 4694 1808 4763 totuim_tractum
1869 4711 1902 4748 a
1964 4693 2141 4760 Nigro

499 4769 718 4833 monte,
742 4759 874 4818 hoc'
888 4765 975 4816 est
1007 4762 1078 4816 ab
1110 4759 1418 4818 Antiochia
1440 4761 1574 4817 inde
1594 4768 1650 4817 et
1672 4763 1890 4819 finibus
1909 4759 2142 4833 Ciliciae,

501 4852 686 4908 usque
715 4835 786 4890 ad
821 4833 1020 4908 urbem
1045 4841 1304 4908 sanctam
1351 4834 1800 4908 excursionibus
1831 4841 1888 4890 et
1921 4837 2144 4905 deprss-

494 4904 832 4963 dationibus
862 4905 1227 4960 infestantes.
1264 4905 1305 4958 Ε
1347 4904 1561 4960 vicinia
1582 4904 2003 4963 Saracenorum
2054 4909 2143 4962 vi-

499 4980 714 5036 dentur
743 4993 952 5033 nomen
977 4974 1388 5046 accepisse.Cl.
1407 4979 1810 5032 Assemannus
1823 4987 1972 5034 certe
1992 4978 2139 5034 Bibl.

499 5051 594 5106 Or.
628 5056 670 5105 t.
703 5055 745 5104 I.
794 5066 847 5118 p.
907 5049 1034 5115 502,
1093 5047 1150 5101 id
1212 5047 1436 5118 derivat
1488 5063 1521 5101 a
1562 5049 1838 5118 iMarada,
1899 5050 2138 5118 rebellis,

498 5124 680 5248 (emt,
713 5121 1017 5174 indomitus
1047 5119 1175 5189 fuit.
1210 5117 1334 5171 Non
1367 5117 1771 5186 improbabilia
1802 5137 1870 5175 ea
1917 5117 2141 5193 etymoé

525 5194 656 5248 oaia
685 5199 794 5247 est.
827 5191 1016 5246 Possit
1035 5205 1262 5248 quoque
1291 5187 1380 5244 vel
1413 5204 1445 5242 a
1474 5188 1665 5248 redda,
1696 5189 1783 5243 vel
1815 5207 1847 5244 a
1878 5193 2004 5248 rad.
2037 5195 2141 5245 de-

525 5187 794 5264 ogia’est.
827 5191 1016 5264 Possit
1035 5187 1262 5264 Quoque
1291 5187 1380 5264 vel
1413 5188 1665 5264 arredda,
1696 5189 1783 5243 vel
1815 5207 1858 5264 ag
1878 5187 2004 5264 rod,
2037 5195 2142 5245 de-

501 5261 696 5320 rivari.
749 5263 980 5317 Scilicet
1034 5278 1066 5314 a
1138 5261 1315 5331 priori
1381 5263 1470 5314 est
1508 5261 1622 5331 fin,
1659 5261 1963 5330 participio
2042 5278 2139 5318 vm

502 5334 932 5406 conjugationis
1012 5330 1260 5406 Murladd
1308 5335 1400 5406 et
1460 5330 1519 5406 gl
1573 5330 1926 5406 VMurtaddclt
1988 5341 2140 5406 sunt

500 5402 795 5474 apoéta’taz,
845 5405 1073 5473 relapsi,
1124 5403 1390 5458 haeretici.
1459 5402 1619 5474 Forte
1675 5409 1813 5457 sunt
1867 5403 1923 5474 hi
1983 5403 2137 5457 Mar-

500 5473 666 5532 duitae
696 5475 872 5530 iidem
905 5491 1037 5529 cum
1075 5474 1442 5544 Paulicianis,
1479 5473 1781 5541 haereticis,
1815 5473 1911 5544 qui
1936 5490 2003 5528 ex
2032 5477 2139 5529 Ar-

505 5549 700 5604 menia
722 5555 775 5602 et
800 5545 936 5617 Asia
965 5544 1024 5599 in
1055 5543 1363 5617 Thraciam
1415 5561 1447 5617 a
1473 5543 1870 5617 Copronymo
1889 5546 2138 5602 traducti

503 5624 560 5674 et
589 5620 743 5674 circa
772 5615 1204 5687 Philippopolin
1237 5615 1482 5687 depositi
1510 5615 1786 5687 luerunt.
1819 5615 1880 5687 Si
1925 5633 2055 5673 vero
2104 5634 2138 5673 a

502 5689 605 5742 rad
662 5684 1325 5757 repetam—significabit
1381 5686 1436 5757 al
1502 5684 1797 5742 Μαντικάαή
1870 5686 2136 5745 homines

505 5757 603 5826 qui
631 5759 702 5813 ad
727 5755 1109 5828 quaerendum
1140 5757 1220 5825 id,
1253 5756 1406 5826 quod
1437 5760 1716 5828 appetunt
1743 5761 1800 5816 et
1827 5773 1942 5829 quo
1981 5759 2132 5817 indi-

2292 4629 2444 4678 ostes
2467 4617 2800 4695 obruendi:
2853 4617 3010 4690 δίκην
3041 4617 3372 4695 Μ-αρδαςίζεῶν
3421 4620 3789 4695 κρυπτόμενοι
3839 4620 3882 4673 οἱ

2270 4691 3044 4769 Ρωμαῖοι-ἐξαίφνηςῃτοὺτοις
3087 4691 3519 4769 ἐπιρῥίπτοντέςᾏ.
3553 4693 3736 4769 Erlad_
3781 4709 3882 4746 no-

2252 4765 2703 4836 tatpabulatnm
2735 4765 2822 4820 vel
2864 4773 3142 4836 aquatum
3182 4765 3368 4836 exire,
3418 4765 3507 4819 vel
3555 4765 3880 4834 quaesitum,

2254 4835 2351 4890 ubi
2387 4852 2556 4906 aqua,
2591 4837 2689 4892 ubi
2719 4835 3020 4907 pabulum,
3063 4836 3160 4891 ubi
3209 4835 3269 4889 in
3321 4837 3663 4891 universum
3714 4837 3880 4889 victui

2253 4908 2583 4962 necessaria
2602 4909 2740 4975 sint,
2764 4924 2964 4977 eoque,
2986 4907 3181 4962 saltim
3204 4907 3662 4976 quodammodo,
3685 4921 3879 4977 conve-

2252 4979 2491 5035 niebant
2524 4995 2658 5034 cum
2692 4974 3146 5050 praecursoribus
3179 4974 3633 5050 θκθνοίῐυεητοῖς
3661 4974 3880 5050 προδρό-

2255 5069 2402 5121 μοις,
2436 5055 2500 5104 ut
2531 5051 2740 5107 Noster
2771 5048 3028 5121 appellat
3076 5051 3132 5103 in
3167 5049 3421 5104 Tactico.
3457 5048 3771 5121 Μουρτάτοι
3798 5064 3880 5118 ap-

2250 5120 2547 5192 pellantur
2575 5138 2608 5177 a
2639 5120 3054 5192 Codino_0fﬁc.
3089 5121 3162 5192 Il,
3197 5137 3254 5174 n.
3297 5121 3386 5174 65.
3423 5126 3480 5174 et
3507 5120 3578 5176 V.
3610 5137 3668 5175 n.
3699 5120 3804 5184 87;
3833 5135 3876 5192 v.

2249 5187 2333 5247 Du
2370 5194 2564 5263 Gange
2589 5210 2644 5247 v.
2678 5187 3013 5263 Μυρταῖτης,
3046 5191 3146 5246 ubi
3187 5193 3274 5245 vir
3312 5191 3692 5263 doctissimus
3742 5191 3879 5263 etde

2250 5263 2340 5319 his
2373 5260 2580 5319 litteris
2605 5260 2820 5334 optime
2845 5261 3388 5334 meritusnonnulla
3410 5261 3606 5328 habet,
3630 5278 3759 5333 quas
3779 5260 3880 5330 ipsi

2250 5339 2312 5389 ut
2343 5333 2708 5390 orientalium
2740 5334 3063 5390 litterarum
3093 5333 3246 5387 haud
3274 5335 3456 5402 perito
3481 5334 3650 5388 facile
3680 5335 3881 5387 condo-

2249 5421 2350 5459 nes
2387 5421 2401 5470 ;
2434 5413 2495 5460 ut
2524 5406 2774 5461 estillud
2801 5407 2872 5460 de
2890 5403 3213 5477 μυρσαῗτης,
3238 5404 3532 5477 quodnon
3561 5404 3877 5475 dignitatis,

2250 5477 2355 5546 sed
2377 5479 2670 5546 proprium
2689 5475 2944 5533 hominis
2964 5475 3172 5531 nomen
3189 5480 3296 5546 est.
3314 5475 3520 5546 Adhuc
3544 5477 3878 5540 notandum,

2248 5562 2279 5601 e
2310 5544 2502 5620 Nostri
2535 5564 2599 5620 p.
2637 5549 2742 5602 382
2789 5564 3090 5620 apparare,
3123 5545 3509 5620 occidentales
3552 5547 3877 5620 Mardaitas,

2249 5620 2314 5700 ut
2352 5618 2412 5672 in
2444 5616 2758 5688 provinciis
2789 5616 3097 5675 maritimis
3126 5618 3446 5742 depositos,
3470 5623 3682 5675 nautas
3705 5616 3876 5688 polis-

2249 5703 2468 5742 stmum
2499 5694 2555 5742 et
2586 5691 2835 5742 remiges
2862 5694 2919 5742 et
2949 5689 3166 5742 piratas
3224 5688 3397 5742 uisse.

2248 5688 2468 5745 simum
2499 5694 2555 5746 et
2586 5691 2835 5761 remiges
2862 5694 2919 5746 et
2948 5689 3166 5760 piratas
3195 5688 3397 5744 fuisse.
