4088 6316
188 444 362 506 1217

1060 439 1161 498 DE
1201 441 1652 502 GERIMONIIS
1696 444 1926 505 AULIE
1969 444 2439 506 ΒῩΖΑΝΤΙΝιΕ
2480 446 2626 507 LIB.
2679 447 2756 508 II.

3455 449 3614 510 1218

184 573 374 631 δόνων
409 573 544 649 ὑπὲρ
573 569 783 647 ἀνδρῶν
814 570 1015 646 χιηίων
1063 567 1166 640 λζ’.
1209 572 1376 644 Ῥόγα
1400 573 1752 647 κεντηνάριον
1786 576 1856 644 α’,

1982 576 2128 633 mille
2159 577 2400 651 triginta
2428 581 2488 635 et
2517 582 2744 652 septem
2775 578 2950 646 viros,
2999 595 3138 653 roga
3169 584 3259 638 est
3300 584 3527 638 conten.
3561 581 3617 648 1,

184 665 390 739 λίτραι
452 664 564 738 μα’,
619 659 718 720 κδ“.
778 661 875 716 Διὰ
933 663 1028 714 τοῦ
1085 660 1318 732 θέματος
1370 665 1478 715 τῶν
1537 663 1856 735 Θρᾳκησίων

189 755 341 830 ὓπέρ
375 751 580 828 ἀνδρῶν
614 773 657 827 ,γ
688 750 785 805 ἀνὰ
816 750 1173 822 νομισμάτων
1303 750 1438 825 ῥόγα
1469 751 1534 821 ρ’,
1569 749 1753 824 λίτραι
1786 754 1862 835 π’,

190 840 303 899 κδ’.
371 845 468 898 Διὰ
524 845 621 895 τοῐ)
681 839 914 912 θέματος
975 833 1298 900 Σεϐαστείας
1359 839 1490 913 ὑπὲρ
1549 836 1760 913 ἀνδρῶν
1817 833 1863 910 ,ά

193 933 342 1009 ῥόγα
387 934 434 1007 ρ’
481 935 548 1001 α“,
599 927 782 1003 λίτραι
833 929 923 1004 ιγ’,
973 926 1071 983 κδ’.
1121 929 1218 983 Διὰ
1265 933 1372 983 τῶν
1421 929 1722 1003 ’Δρμενίων
1756 935 1862 986 τῶν

193 1025 565 1078 Πλατανιτῶν
623 1019 756 1092 ὑπὲρ
812 1014 1017 1092 ἀνδρῶν
1092 1019 1141 1094 φ’
1216 1017 1316 1072 ὰνὰ
1390 1019 1744 1091 νομισμάτων
1801 1021 1859 1086 ς’,

187 1109 338 1186 ῥόγα
393 1106 760 1181 κεπηνάριον,
813 1106 993 1179 λίτραι
1047 1114 1155 1179 pa‘,
1200 1108 1313 1179 pn‘.
1360 1106 1458 1161 Διὰ
1503 1111 1610 1162 τῶν
1665 1113 1861 1182 Ἀρμε-

189 1199 335 1252 νίων
399 1197 607 1272 Πρίνης
685 1197 818 1270 ὑπὲρ
874 1192 1080 1268 ἀνδρῶν
1153 1196 1196 1249 υ¹
1252 1193 1340 1250 ἐνὰ
1395 1197 1747 1269 νομισμάτων
1803 1199 1860 1270 ε’,

187 1287 339 1364 ῥόγα
368 1285 718 1361 κεντηνάριον
778 1287 846 1352 ⁸ο,
905 1283 1086 1358 λίτραι
1143 1286 1242 1355 κζ’,
1301 1287 1394 1347 vc‘.
1454 1286 1628 1358 Ὁμοῦ
1659 1281 1864 1342 διαϐαλ-

187 1375 398 1452 λάριοι
455 1375 612 1452 ,βλζκ
663 1375 830 1448 Ῥόγα
883 1377 1204 1445 κεντηνάρια
1264 1375 1332 1449 β“,
1387 1372 1569 1450 λίτραι
1619 1373 1717 1444 νδ“,
1751 1374 1857 1445 λη’.

259 1464 370 1520 Καὶ
413 1465 464 1519 οἱ
495 1465 630 1518 κατὰ
678 1463 995 1536 προσθήκην
1045 1460 1235 1538 ἄνδρες
1273 1462 1578 1540 τρισγίλιοι
1618 1463 1859 1519 ἐννεακό-

176 1577 295 1612 σιοι
331 1553 488 1631 ῥόγα
539 1554 602 1628 ρ’,
653 1554 718 1620 α’,
781 1550 965 1627 λίτραι
1022 1553 1122 1626 νβ’,
1178 1553 1269 1614 νς“.
1333 1554 1429 1607 Καὶ
1475 1554 1616 1627 ὀμοῦ
1649 1552 1736 1608 διὰ
1763 1559 1860 1610 τοῦ

171 1640 620 1717 καῦαλλαρικοῦ
678 1640 814 1717 ρόγα
867 1641 1193 1717 κεντηνάρια
1249 1638 1312 1710 δ’,
1375 1641 1559 1715 λίτραι
1621 1643 1688 1713 ζ’,
1750 1644 1858 1717 κβ“.

1971 666 2118 721 litraa
2149 667 2237 732 41,
2279 683 2444 723 num.
2474 667 2567 722 24.
2618 673 2727 724 Pro
2761 672 2847 723 ter
2887 667 3048 724 mille
3092 669 3232 725 viris
3280 685 3311 726 e
3361 669 3618 726 themate

1971 755 2416 812 Thracesiorum
2463 760 2740 827 (quorum
2791 757 3199 830 unusquisque
3237 758 3374 815 bina
3425 759 3621 815 numi-

1973 849 2160 898 smata
2194 846 2251 899 in
2283 846 2634 916 stipendium
2669 845 2929 918 accipit.)
2960 852 3051 903 est
3097 864 3238 920 roga
3287 853 3514 904 centen.
3565 849 3617 916 1,

1969 931 2088 986 litr.
2119 933 2209 1001 80,
2263 937 2539 990 numism.
2585 936 2675 989 24.
2719 937 2828 991 Pro
2881 936 3041 992 mille
3091 937 3229 993 viris
3280 954 3311 994 e
3357 937 3620 993 themate

1971 1021 2244 1076 Sebastiaa
2275 1029 2361 1077 est
2407 1039 2546 1093 roga
2577 1028 2728 1079 cent.
2777 1027 2825 1089 l,
2875 1025 3017 1081 litne
3051 1026 3140 1094 13,
3175 1043 3339 1081 num.
3384 1028 3476 1084 24.
3511 1027 3618 1083 Pro

1971 1108 2306 1179 quingentis
2339 1110 2480 1165 viris
2527 1126 2593 1165 ex
2622 1112 2891 1168 Armenis
2937 1114 3427 1181 Plataniensibus,
3462 1116 3620 1171 senis

1971 1196 2233 1253 nummis
2265 1197 2324 1252 in
2357 1197 2622 1267 singulos
2653 1197 2980 1268 imputatis,
3014 1206 3103 1258 est
3134 1218 3272 1273 roga
3300 1211 3527 1259 centen.
3564 1204 3616 1270 1,

1973 1285 2093 1341 litr.
2125 1286 2216 1352 41,
2253 1286 2514 1342 ηυω.48.
2550 1285 2654 1341 Pro
2685 1287 3124 1359 quadringentis
3157 1290 3304 1361 vigis
3331 1305 3401 1346 ex
3432 1293 3625 1346 Arme-

1972 1375 2063 1432 nis
2097 1376 2322 1443 Prines,
2355 1376 2550 1446 quinis
2581 1377 2842 1432 nummis
2888 1377 2947 1432 in
2979 1379 3244 1449 singulos
3293 1381 3624 1464 imputatis,

1969 1469 2062 1521 est
2092 1480 2234 1536 roga
2263 1468 2418 1520 cent.
2454 1468 2504 1532 1,
2537 1463 2654 1519 litr.
2686 1465 2780 1530 27,
2813 1481 2973 1522 num.
3005 1466 3097 1521 56.
3139 1467 3285 1522 Tota
3313 1483 3451 1539 ergo
3483 1463 3626 1540 roga

1977 1551 2426 1609 caballarlorum
2476 1569 2576 1609 seu
2627 1555 2890 1624 equitum
2940 1553 3030 1610 bis
3079 1554 3242 1610 mille
3284 1556 3525 1628 triginta
3571 1560 3628 1612 et

1975 1647 2201 1714 septem
2231 1647 2373 1698 sunt
2405 1644 2737 1700 centenaria
2766 1645 2820 1713 2,
2855 1642 2972 1698 litr.
3004 1644 3096 1710 54,
3130 1659 3290 1700 num.
3323 1645 3414 1700 38.
3445 1647 3627 1702 Acce-

193 1739 358 1794 dunt
414 1734 714 1791 mantissaa
755 1733 881 1790 loco
923 1737 1012 1788 ter
1061 1732 1220 1790 mille
1269 1735 1548 1805 nongenti
1597 1735 1727 1804 viri,
1777 1749 2026 1806 quorum
2076 1749 2214 1803 roga
2255 1737 2346 1789 est
2394 1740 2542 1789 cent.
2579 1733 2629 1799 1,
2681 1731 2796 1788 litr.
2845 1732 2938 1789 52.
2990 1732 3089 1789 Est
3132 1749 3268 1805 ergo
3328 1750 3464 1806 roga
3522 1751 3625 1807 pro

185 1831 322 1883 tota
354 1823 682 1882 caballaria
713 1822 1042 1879 centenaria
1073 1829 1346 1895 quatuor,
1377 1823 1521 1880 litrae
1551 1824 1608 1891 7,
1643 1839 1806 1880 num.
1837 1823 1935 1878 22.

1902 1929 1951 1994 B

680 1921 776 1975 Διᾶ
815 1924 912 1973 τοῦ
964 1917 1242 1993 προχρέου
1275 1920 1409 1992 (36).

273 2011 378 2066 Διὰ
429 2013 537 2064 τῶν
589 2007 846 2081 πλοΐμων
897 2013 1006 2062 τῶν
1057 2014 1102 2080 γ’
1151 2006 1397 2082 θεμάτων
1449 2011 1557 2063 τῶν
1590 2009 1642 2078 ξε
1673 2003 1874 2082 Κιϐυῤ·

198 2101 471 2180 ῥαιωτῶν
521 2105 623 2168 τῆς
676 2099 868 2169 Σάμου
916 2097 1005 2152 καὶ
1042 2095 1139 2152 τοῦ
1185 2098 1412 2171 Αἰγαίου
1441 2096 1712 2173 πελάγους
1744 2098 1876 2172 ὑπὲρ

194 2190 430 2266 ἀνδρῶν
464 2211 512 2263 κγ
544 2189 643 2242 ἀνὰ
753 2186 933 2262 λίτραι
964 2189 1074 2262 πγ“,
1125 2183 1225 2242 κδ“.
1276 2188 1374 2242 Διὰ
1401 2193 1510 2242 τῶν
1542 2185 1874 2262 Μαρδαϊτῶν

199 2290 310 2352 τῆς
375 2279 587 2336 δύσεως
652 2281 1022 2354 τουρμαρχῶν
1079 2279 1150 2352 γ’,
1209 2277 1309 2332 ἀνὰ
1367 2277 1461 2346 λς“,
1505 2275 1877 2354 δρουγγαρίων

204 2371 302 2445 μβ¹
344 2369 456 2424 ἀνὰ
533 2368 623 2441 ιβ’,
691 2369 952 2438 κομήτων
1025 2365 1116 2439 μβ“
1181 2366 1283 2420 ἀνὰ
1350 2367 1388 2427 ς’
1453 2369 1797 2442 στρατιωτῶν
1838 2386 1878 2439 γε

202 2459 310 2515 ἀνὰ
373 2457 448 2526 δ’,
505 2456 766 2533 γινόμενα
839 2453 1120 2532 ἀμφότερα
1188 2454 1507 2528 κεντηνάρια
1564 2457 1632 2530 β’,
1691 2453 1874 2530 λίτραι

205 2548 312 2626 ιθ,
371 2548 470 2608 νς“.
531 2546 628 2600 Διά
682 2548 790 2599 τῶι
847 2543 1148 2618 Ἀρμενίων
1225 2545 1474 2616 θεμάτων
1552 2538 1876 2603 Σεϐαστείας

206 2639 591 2712 τουρμαρχῶν
651 2636 688 2688 ε’
746 2635 843 2688 ἂνὰ
896 2633 987 2708 ιβ’,
1048 2629 1422 2708 δρουγγαρίων
1485 2635 1515 2688 ι’
1575 2635 1673 2687 ἂνὰ
1705 2633 1878 2702 ς’,κο-

218 2725 420 2796 μήτων
461 2730 511 2792 η’
565 2719 664 2776 ἂνά
719 2729 776 2793 s‘,
835 2725 1180 2795 στρατιωτῶν
1234 2720 1587 2776 ἐννεακοσίων
1619 2722 1877 2790 ἑξήκοντα

207 2811 375 2866 πέντε
426 2811 523 2865 ἀνά
573 2808 636 2878 δ’,
683 2811 942 2886 γινόμενα
993 2809 1260 2886 ἆγφότερα
1320 2808 1501 2882 λίτραι
1551 2810 1618 2864 ve‘
1667 2810 1729 2878 ζ’.
1781 2809 1878 2864 Διὰ

214 2906 326 2955 τῶν
383 2900 686 2974 Ἀρμενίων
759 2899 962 2973 [lpian
1011 2896 1196 2972 ἄνδρες
1246 2901 1297 2978 φ’
1345 2899 1447 2953 ἀνὰ
1499 2900 1565 2972 β’,
1622 2897 1878 2971 γινόμενα

217 2987 405 3062 λίτραι
465 2994 552 3062 ιγ’,
607 2984 698 3058 ξδ’.
750 2988 847 3042 Καὶ
905 2989 1047 3059 ὁμοῦ
1105 2983 1192 3041 διὰ
1245 2990 1344 3041 τοῦ
1392 2986 1703 3064 ἀμφοτέρου
1747 3005 1880 3060 προ-

226 3078 408 3151 χρὲου
461 3083 539 3152 ρρ¹
598 3073 662 3145 δ’,
695 3075 877 3148 λίτραι
929 3075 1119 3150 νβ’,ξ“.
1155 3075 1375 3144 Ἰστέον,
1437 3076 1518 3130 δτι
1577 3072 1790 3148 ἐδέξατο
1849 3076 1876 3128 6

219 3164 525 3238 στρατηγὸς
580 3167 688 3217 τῶν
755 3157 1182 3237 Κιϐυῤῥαιωτῶν
1236 3165 1326 3219 καὶ
1377 3165 1404 3218 6
1454 3164 1736 3220 κατεπάνω
1766 3167 1876 3219 τῶν

214 3251 555 3324 Μαρδαϊτῶν
606 3249 915 3319 Ἀτταλίας,
961 3249 1054 3304 ἵνα
1099 3253 1126 3305 6
1180 3253 1273 3323 μὲν
1339 3255 1644 3330 στρατηγὸς
1695 3253 1878 3327 εὐτρε-

218 3340 360 3410 πίσῃ
398 3335 660 3410 χελάνδια
691 3334 787 3390 δύο
819 3339 924 3391 ἀπὸ
953 3342 1061 3390 τῶν
1109 3339 1310 3391 οὐσιῶν
1344 3343 1452 3392 τῶν
1483 3345 1877 3414 τουρμαρχῶν,

223 3428 252 3480 6
289 3423 349 3480 δὲ
375 3425 657 3479 κατεπάνω
687 3427 791 3477 τῶν
825 3421 1151 3498 Μνρδαϊτιῖη
1180 3425 1466 3500 εὐτρεπίσῃ
1492 3426 1724 3501 γαλαίας
1747 3430 1884 3498 (37),

222 3513 317 3568 καὶ
387 3509 480 3567 διὰ
525 3511 768 3587 Μαρτίου
834 3513 1004 3585 μηνὸς
1067 3513 1432 3568 ἀποστείλωσι
1475 3513 1612 3568 αὐτὰ
1662 3514 1736 3574 εἷς
1784 3521 1884 3568 Συ-

217 3604 366 3680 ρίαν,
415 3603 506 3658 ’ἰνα
544 3602 668 3678 περὶ
717 3604 930 3657 πάντων
983 3607 1091 3657 τῶν
1137 3602 1308 3657 ἐκεῖσε
1357 3601 1748 3675 μελετωμένων
1793 3601 1885 3656 καὶ

220 3693 621 3769 πραττομένων
680 3690 960 3765 ἐνέγκωσιν
1009 3692 1293 3766 ἀπόκρισιν
1351 3693 1440 3746 καὶ
1496 3690 1698 3760 ἀληθὲς
1752 3712 1884 3764 μαν-

224 3779 414 3838 δάτον.
452 3779 669 3848 Ἰστὲον,
704 3781 786 3834 ὅτι
846 3778 1059 3850 ἐδέξατο
1129 3782 1156 3835 ὁ
1213 3779 1701 3855 πρωτοσπαθάριος
1734 3781 1884 3834 Λέων

2515 1920 2610 1975 81
2619 1921 2668 1976 9
2700 1920 2772 1975 De
2806 1920 3085 1991 prochrso.

2053 2013 2161 2066 Pro
2192 2014 2282 2065 ter
2311 2009 2473 2065 mille
2494 2010 2630 2065 viris
2651 2009 2965 2066 classiariis
2987 2025 3018 2066 e
3046 2010 3238 2067 tribus
3261 2010 3378 2068 illis
3405 2012 3625 2069 thema-

1979 2099 2161 2166 tibus,
2193 2098 2719 2170 Cibyrrhmotarum
2769 2114 2998 2171 nempe,
3030 2100 3190 2156 Sami
3222 2104 3399 2172 atque
3445 2102 3624 2158 maris

1979 2188 2174 2259 Egsai,
2225 2187 2382 2242 binis
2432 2187 2495 2242 in
2546 2187 2810 2258 singulos
2861 2188 3118 2244 nummis
3167 2188 3495 2260 imputatis,
3540 2195 3631 2246 est

1982 2291 2154 2346 rogar
2183 2275 2300 2330 litr.
2333 2274 2780 2340 83,num.24.De
2811 2275 3115 2331 Mardaitis
3147 2276 3626 2334 occidentalibus.

1986 2365 2093 2420 Pro
2123 2364 2480 2420 turmarchis
2528 2364 2716 2419 tribus
2744 2365 2879 2420 inde
2925 2365 3140 2436 petitis,
3177 2381 3528 2437 unoquoque
3558 2367 3631 2422 36

1987 2453 2250 2509 nummis
2270 2453 2557 2508 aestimato
2583 2471 2596 2522 ;
2622 2453 2957 2524 druugariis
2977 2452 3326 2524 42,singulis
3341 2455 3628 2510 duodenis

1982 2541 3092 2609 numismatibusmstimatis;comitibus
3107 2543 3631 2610 42,senisnummis

1981 2631 2042 2686 in
2059 2645 2352 2702 quemque
2366 2631 2444 2684 im
2455 2631 2695 2702 putatis;
2716 2630 3004 2686 militibus
3015 2631 3302 2702 gregariis
3313 2631 3628 2702 quinquies

1984 2720 2164 2786 mille,
2197 2719 2496 2790 quaternis
2545 2719 2604 2773 in
2658 2717 2924 2790 singulos
2968 2721 3232 2776 nummis
3280 2719 3626 2792 imputatis;

1982 2808 2288 2864 conﬁcitur
2336 2822 2475 2877 roga
2521 2814 2751 2864 conten.
2799 2807 2854 2877 2,
2894 2807 3010 2862 litr.
3063 2808 3154 2875 99,
3188 2824 3354 2864 num.
3403 2810 3494 2864 56.
3540 2809 3621 2866 De

1983 2895 2339 2952 thematibus
2369 2894 2656 2950 Armenias
2681 2912 2694 2962 ;
2727 2899 2786 2951 et
2816 2895 3005 2965 primo
3033 2895 3106 2950 de
3155 2895 3409 2952 themate
3437 2896 3619 2953 Seba-

1982 2984 2128 3040 βείω,
2162 2982 2268 3038 Pro
2301 2983 2650 3039 turmarcbis
2681 2984 2814 3038 inde
2850 2982 3042 3054 petitis
3082 2983 3622 3056 quinque,quorum

1981 3072 2301 3144 unicuique
2319 3071 2570 3127 duodeni
2592 3071 2760 3127 solidi
2788 3071 3140 3144 stipendium
3162 3077 3332 3141 sunt;
3365 3078 3424 3128 et
3444 3075 3620 3129 drun-

1981 3162 2161 3234 gariis
2189 3161 2412 3227 decem,
2447 3176 2695 3231 quorum
2747 3161 2964 3230 singuli
3011 3160 3370 3232 stipendium
3404 3162 3622 3218 habent

1989 3266 2156 3307 senos
2208 3249 2468 3316 solidos;
2499 3255 2558 3304 et
2588 3249 2901 3304 comitibus
2931 3253 3081 3316 octo,
3130 3249 3379 3321 singulis
3427 3250 3626 3321 quinis

1991 3341 2195 3395 solidis
2253 3339 2465 3406 censis,
2523 3341 2580 3392 et
2636 3325 2923 3393 militibus
2978 3339 3262 3410 gregariis
3317 3339 3630 3411 nongentis

1994 3429 2296 3500 sexaginta
2327 3429 2576 3490 duobus,
2619 3428 2918 3498 quaternis
2970 3427 3230 3483 nummis
3259 3427 3321 3484 in
3370 3428 3633 3501 singulos

1995 3515 2341 3586 imputatis;
2375 3519 2465 3568 est
2511 3530 2651 3584 roga
2683 3517 2740 3568 in
2775 3516 3103 3570 universum
3135 3517 3222 3572 lit.
3251 3517 3345 3583 55,
3379 3533 3542 3572 num.
3573 3518 3630 3571 7.

1995 3603 2069 3657 De
2096 3602 2374 3657 Armenia
2414 3602 2633 3656 Prines.
2665 3601 2922 3656 Veniunt
2969 3602 3103 3656 inde
3148 3602 3255 3656 viri
3305 3604 3634 3673 quingenti,

1993 3689 2212 3762 singuli
2245 3689 2476 3743 duobus
2497 3688 2700 3744 solidis
2723 3688 3151 3744 censi.Faciunt
3181 3687 3346 3744 litras
3374 3691 3632 3760 13,num.

1991 3781 2081 3834 64.
2115 3779 2261 3834 Tota
2292 3793 2524 3834 summa
2555 3776 2823 3849 prochrei
2855 3783 3082 3832 centen.
3115 3776 3309 3844 4,1itr.
3343 3781 3432 3849 52,
3467 3795 3632 3836 num.

1596 3896 1821 3954 VABUE
1862 3891 2276 3951 LECTIONES.

295 3996 346 4030 ⁵ο
379 3995 587 4050 ΣΧΟΛ.
627 3993 786 4050 Οὕτω
817 3993 953 4048 κατὰ
990 3996 1330 4069 προσθήκην.

1293 4117 1492 4173 JOAN.
1530 4117 1671 4172 JAC.
1715 4114 1977 4172 REISKII
2017 4107 2612 4168 COMMENTARIUS.

303 4214 424 4282 (36)
456 4213 602 4288 Quid
640 4211 913 4288 npdlpeov
944 4215 1044 4279 sit,
1075 4232 1190 4271 non
1223 4224 1456 4287 exputo,
1492 4231 1682 4288 neque
1728 4213 1892 4288 inve-

237 4286 358 4348 nio,
395 4289 496 4358 qui
530 4284 968 4358 doceatIFuitne
991 4289 1144 4358 quod
1177 4284 1556 4342 nos'dicimus
1585 4284 1887 4354 Handgeld,

233 4356 470 4425 Angetd,
537 4357 846 4426 Vorschusr,
905 4356 1107 4414 avahce
1173 4359 1441 4427 d’argent,
1508 4373 1889 4413 nummorum

242 4444 634 4497 summa,quaa
670 4429 835 4482 militi
859 4429 915 4483 in
939 4431 1153 4484 bellum
1174 4432 1321 4485 ituro
1345 4429 1401 4484 in
1418 4445 1678 4484 mensem
1704 4445 1887 4483 unum

241 4499 568 4554 alterumve
599 4503 732 4554 ante
782 4499 1042 4555 debitum
1077 4502 1394 4556 terminum
1445 4500 1793 4568 solvebatur,
1828 4503 1890 4553 ut

238 4568 348 4624 sibi
403 4584 585 4633 arma,
620 4571 856 4643 victum_
888 4577 944 4626 et
993 4572 1106 4627 alia
1150 4573 1481 4628 necessaria
1534 4570 1887 4643 expeditioni

244 4655 587 4706 comparare
620 4639 860 4710 posset?

313 4692 972 4784 (siiss't'ybiaea'bica
1002 4714 1241 4782 Khdliat,
1275 4715 1346 4769 de
1378 4731 1492 4784 quo
1525 4714 1640 4769 dixi
1677 4712 1750 4768 ad
1778 4711 1886 4766 Ta-
1923 4692 1965 4756 D

240 4781 439 4856 raptim
473 4781 805 4856 Moallacam
841 4800 894 4851 p.
927 4784 1014 4838 48.
1050 4781 1430 4840 Commodum
1465 4785 1558 4839 hic
1591 4799 1890 4856 exponen-

239 4852 354 4906 dus
378 4852 538 4907 venit
565 4852 724 4906 locus
751 4854 1185 4910 Continuatoris
1208 4852 1681 4911 Constantiniani
1707 4873 1759 4922 p.
1777 4855 1890 4908 122.

241 4922 461 4992 Script.
500 4932 620 4992 post
653 4924 1130 4993 'l‘hgophan.,ubi
1160 4927 1273 4980 tria
1296 4931 1529 4980 navium
1565 4943 1777 4992 genera
1801 4941 1895 4980 no-

244 4989 568 5070 minantur,
600 4989 933 5070 κουμϐεἱρια,
959 4989 1150 5070 γαλὲαι
1170 5003 1237 5070 et
1265 4999 1541 5070 σαξοῦραι,
1566 4989 1689 5070 ’ῌίδὶ
1725 4996 1896 5051 malis

247 5063 572 5139 cumlgqrias
602 5080 635 5117 a
664 5060 1126 5139 yduo§_derivare
1157 5060 1447 5139 (κοῦμῦος,
1479 5061 1893 5139 1611.6096th-

254 5151 358 5216 μ-ος
393 5133 546 5216 idem
580 5133 704 5190 esse
733 5133 871 5216 alibi
902 5137 1040 5203 dixi,
1062 5143 1124 5216 et
1149 5133 1362 5216 valeret
1381 5147 1521 5216 tunc
1547 5133 1893 5216 vocabulum

251 5207 410 5278 idem
431 5210 618 5278 atque
648 5207 921 5264 onerariae
947 5212 1157 5278 naves),
1191 5211 1374 5278 possit
1393 5211 1466 5264 ab
1494 5209 1761 5272 Arabico,
1796 5208 1898 5263 Cu-

255 5277 686 5350 bar,_derivari,
719 5279 776 5333 id
808 5285 898 5350 est
926 5295 1090 5350 naves
1116 5277 1382 5350 grandes,
1434 5281 1607 5350 primi
1648 5280 1894 5344 ordinis,

258 5347 526 5422 maxime
558 5349 772 5406 formae.
807 5347 1005 5404 Γαλὲαι
1046 5347 1206 5420 sunt,
1242 5361 1299 5407 ut
1348 5347 1522 5422 patet,
1558 5357 1764 5408 nostra)
1793 5368 1896 5421 ga-

255 5416 396 5492 leros
424 5425 482 5476 et
510 5421 786 5490 galeones.
823 5427 894 5477 De
921 5416 1452 5492 σατοῦραιίαηᾶοω
1498 5416 1612 5478 non
1644 5416 1893 5486 constat,

255 5489 413 5565 i_tan_e
443 5489 616 5558 recte,
644 5510 716 5565 an
753 5494 965 5548 rectius
995 5489 1286 5565 auaroﬁpat
1309 5495 1616 5555 scribatur.
1650 5499 1714 5548 ut
1739 5495 1895 5565 apud

259 5558 612 5640 Scriptoreni
643 5563 783 5640 Vitta
833 5565 1031 5640 Basilii
1079 5558 1496 5640 Macedonisup.
1533 5566 1635 5620 185
1679 5567 1724 5619 A
1755 5558 1898 5640 legi-

261 5632 440 5707 tur._Si
477 5635 762 5707 posterius
810 5638 1101 5704 praeferas,
1135 5636 1280 5691 nihil
1329 5632 1596 5707 different
1645 5632 1898 5692 nominis

264 5697 510 5782 quidem
525 5697 955 5782 significatione
983 5723 1016 5762 a
1044 5697 1545 5782 «suscenseam
1569 5722 1670 5763 seu
1701 5723 1897 5762 onera-

267 5773 387 5836 riis,
419 5773 466 5823 si
497 5773 578 5826 ita
608 5773 766 5828 velis.
801 5773 944 5830 Nam
993 5773 1505 5849 σακτοῠραίθεδὸηι
1555 5796 1652 5849 pro
1685 5796 1895 5831 σακτω·

2001 4211 2136 4285 ρίαι,
2170 4227 2204 4265 a
2227 4208 2467 4285 σάττειν,
2498 4206 2919 4285 oﬁgrcireMjhi
2951 4215 3142 4262 tamen
3179 4205 3381 4285 melior
3409 4209 3641 4266 videtur

2000 4279 2180 4338 altera
2227 4280 2410 4353 lectio,
2447 4281 2702 4353 σατοῦραι
2753 4279 2838 4334 vel
2887 4287 3051 4353 certe,
3085 4281 3403 4352 σκατοῢραι,
3453 4296 3640 4353 eaque

1999 4355 2215 4424 pariter
2243 4352 2489 4406 Arabica
2519 4351 2627 4406 vox
2675 4367 2824 4406 esse.
2857 4351 3157 4424 Signjlicat
3191 4351 3412 4424 nempe
3446 4351 3642 4424 (hallu-

1998 4422 2290 4478 iiimidiam
2323 4425 2400 4476 rei
2433 4424 2714 4492 cujusque
2741 4423 3122 4491 partem.Ergo
3149 4422 3339 4478 chthor
3369 4440 3538 4479 naves
3561 4423 3645 4480 di-

1999 4497 2178 4550 midia
2208 4494 2348 4559 sint,
2382 4507 2506 4562 quae
2535 4493 3116 4565 ad_cumharias_seu
3165 4494 3418 4565 grandes
3466 4511 3642 4553 naves

1997 4566 2254 4621 habeant
2284 4561 2569 4618 rationem
2596 4561 2921 4617 dimidiam.
2955 4561 3316 4634 Neque'hmc
3345 4565 3470 4622 sola
3500 4571 3643 4622 sunt

1994 4635 2275 4692 vocabula
2325 4636 2556 4689 nautica
2603 4633 2850 4688 Arabica
2881 4633 3079 4690 (ἂνωοὰ
3127 4635 3356 4692 civitate
3404 4637 3641 4694 donata.

1995 4712 2136 4762 Sunt
2167 4718 2219 4763 et
2251 4706 2386 4771 alia,
2421 4715 2482 4759 ut
2509 4720 2642 4777 e._c.
2676 4707 2843 4777 Ταριτ
2876 4706 3248 4777 tha_rid,veloa:
3279 4708 3460 4772 navis,
3481 4709 3642 4776 quasi

1997 4781 2158 4834 dicas
2192 4778 2536 4836 venatrixmt
2566 4775 2767 4830 Batavi
2789 4775 3080 4846 appellant
3102 4793 3236 4832 suas
3255 4775 3643 4846 lagdcnﬂnde

1999 4857 2193 4904 autem
2227 4855 2312 4904 tot
2341 4847 2584 4902 Arabica
2614 4846 2895 4900 vocabula
2926 4847 2986 4900 in
3020 4848 3279 4902 Graecum
3311 4865 3640 4905 sermonem

1999 4939 2061 4975 se
2096 4926 2486 4989 penetrarunt,
2518 4933 2653 4971 cum
2687 4917 2872 4989 Graeci
2897 4917 3098 4989 multis
3126 4919 3355 4974 saeculis
3385 4931 3518 4975 ante
3548 4925 3650 4977 Sa-

1999 4987 2241 5047 racenos
2275 4989 2697 5061 navigationem
2721 4987 3160 5061 excolueriut,et
3194 4990 3384 5045 medio
3416 5007 3648 5061 quoque

1999 5080 2134 5129 aevo,
2171 5061 2221 5116 si
2255 5077 2380 5133 non,
2413 5059 2565 5133 plus,
2598 5062 2750 5114 certe
2783 5075 2894 5114 non
2929 5059 3150 5133 minus”
3171 5077 3350 5133 quam
3376 5059 3644 5118 saraceni

1999 5130 2322 5198 Andalusii,
2355 5131 2498 5204 Afri,
2535 5131 2857 5204 Cretenses,
2901 5130 3205 5202 Egypt“,—
3229 5131 3358 5204 Syri
3390 5149 3560 5189 naves
3589 5139 3646 5190 et

1999 5205 2193 5277 praelia
2221 5207 2395 5277 atque
2427 5201 2632 5256 itinera
2665 5201 2960 5277 maritima
2982 5201 3374 5272 exercuerim,
3399 5204 3646 5274 ideoque

2001 5272 2236 5331 navium
2267 5273 2391 5327 haec
2421 5287 2636 5342 genera
2665 5272 2885 5326 dudum
2917 5279 3051 5329 ante
3081 5280 3395 5330 Saracenos
3427 5272 3644 5330 habue-

1999 5347 2465 5415 rint,eorumque
2498 5358 2634 5398 cum
2668 5343 2814 5413 ipsis
2847 5345 3105 5400 nomina.
3130 5346 3270 5409 Quis
3302 5345 3410 5401 hoc
3437 5347 3641 5402 dicat?

1996 5414 2141 5472 Mira
2170 5433 2261 5472 res
2292 5421 2381 5470 est
2413 5414 2748 5485 linguarum
2783 5415 3047 5471 mutatio.
3079 5415 3152 5472 Ut
3183 5433 3273 5473 res
3313 5433 3532 5485 omnes,
3565 5418 3646 5476 ita

2000 5487 2229 5544 disiecti
2260 5501 2490 5558 quoque
2521 5490 2676 5558 certo
2707 5485 3018 5558 stabilique
3060 5487 3188 5543 loco
3231 5505 3346 5543 non
3380 5495 3639 5558 manent,

2000 5561 2100 5615 sed
2135 5555 2438 5614 mutantur
2457 5555 2515 5610 in
2538 5557 2754 5628 dies,ut
2775 5555 3350 5615 homines.Vicinitas
3381 5555 3644 5628 gentium

1999 5641 2054 5686 et
2083 5628 2447 5685 consuetudo
2479 5631 2535 5681 et
2565 5627 2824 5682 studium
2851 5630 3097 5684 novandi
3125 5630 3348 5685 homini
3379 5627 3646 5687 innatum

2001 5702 2256 5758 multum
2289 5700 2347 5754 in
2381 5713 2704 5756 sermonem
2737 5714 2970 5772 quoque
3000 5699 3643 5775 valent.Vid.ad.p.380.
