4088 6316
265 439 416 500 1221

1107 435 1207 496 DE
1251 433 1703 497 CERIMONIIS
1763 435 1995 498 AULIE
2039 435 2510 502 BYZANTINJE
2554 444 2700 506 LIB.
2745 442 2826 506 II.

3510 456 3665 522 1222

225 575 234 578 ’
275 570 476 649 ἄλογα,
525 566 562 638 ἥ
611 566 701 624 καὶ
751 567 857 624 ἀπὸ
904 565 1160 660 ἔκδέσεως
1209 568 1656 660 μονοπροσώπων
1704 571 1816 660 (44)
1864 568 1910 623 ἐν

2029 572 2229 640 dorus,
2269 575 2558 634 Pancratii
2585 579 2763 650 ﬁlius,
2805 580 2883 653 [id
2914 588 3000 639 est
3028 587 3215 656 gente,
3255 603 3381 660 quae
3411 591 3483 647 de
3522 594 3668 650 Pan-

268 667 346 733 τῷ
386 661 579 733 θέματι
618 663 726 712 τῶν
775 657 1166 716 Ἀνατολικῶν.
1226 656 1362 732 Περὶ
1416 660 1520 711 τῶν
1581 655 1906 735 ὀφειλόντων

278 751 670 822 ἑτοιμασθῆναι
709 748 784 809 εἰς
815 746 1178 821 Θρᾳκησίους,
1209 746 1382 821 ἤγουν
1412 751 1520 800 τῶν
1545 747 1590 800 κ’
1639 743 1910 819 χιλιάδων

266 845 363 895 τοῦ
394 837 678 914 κριθαρίου
723 837 772 871 ⁵³
810 835 899 889 καὶ
941 837 1060 908 περὶ
1113 838 1222 890 τῶν
1286 835 1336 907 μ’
1385 831 1661 911 χιλιάδῶν
1709 839 1806 888 τοῦ
1854 855 1911 889 τε

265 931 416 985 σίτου
454 929 544 982 καὶ
593 930 690 981 τοῦ
728 925 1072 996 παξάματίου
1141 925 1252 997 (45)
1328 923 1418 978 καὶ
1493 923 1745 998 ἆρευρίου
1819 924 1910 977 καὶ

263 1021 386 1093 περὶ
425 1021 522 1072 τοῦ
563 1014 714 1070 οἷ’νου
753 1018 861 1069 τῶν
904 1012 952 1068 λ’
992 1010 1265 1092 χιλιάδων
1304 1013 1396 1068 καὶ
1436 1013 1563 1088 περὶ
1609 1018 1716 1068 τῶν
1777 1033 1908 1090 σφα-

263 1112 404 1163 κτῶν
433 1111 538 1161 τῶν
575 1112 602 1158 ι’
631 1101 904 1183 χιλιάδων
937 1103 1025 1156 καὶ
1057 1103 1178 1176 περί
1220 1107 1321 1156 τοῦ
1383 1103 1776 1174 ὲτοιμασθῆναι
1822 1101 1910 1156 λι-

266 1197 450 1264 νάριον
484 1193 637 1269 λόγῳ
676 1196 782 1246 τῶν
841 1189 1134 1264 προπύρων
1193 1190 1283 1244 καὶ
1340 1190 1770 1260 καλαφατήσεως
1818 1208 1909 1263 χι·

266 1284 456 1347 λιάδας
487 1285 537 1352 ι’,
577 1281 668 1336 ’ίνα
715 1276 820 1357 ἔχῃ
871 1284 985 1355 (46)
1034 1280 1111 1341 εἷς
1155 1280 1222 1334 τὰ
1270 1278 1493 1355 Φύγελα
1541 1282 1654 1352 (47)
1702 1281 1769 1348 ⁵³,
1818 1279 1908 1334 καὶ

264 1376 465 1449 καρφία
504 1369 764 1448 χιλιάδας
793 1372 836 1440 ζ’
887 1369 1041 1446 λόγῳ
1087 1375 1188 1438 τῆς
1237 1367 1502 1438 ἠλώσεως
1549 1374 1656 1423 τῶν
1703 1367 1905 1442 δρομό-

263 1487 390 1521 νων.
460 1460 708 1530 Ἐδέξατο
775 1460 899 1532 περὶ
964 1458 1171 1513 τούτων
1226 1458 1253 1512 ὁ
1305 1458 1744 1533 πρωτονοτάριος
1802 1461 1909 1512 τῶν

264 1553 612 1629 Θρᾳκησίων.
653 1545 900 1618 Ἐδέξατο
930 1548 1020 1601 καὶ
1053 1548 1081 1600 ὁ
1118 1544 1602 1620 Λιμνογάλακτος,
1648 1546 1740 1599 ἳνα
1789 1566 1908 1599 συν-

261 1642 441 1719 δράμῃ
486 1639 646 1695 αὐτὸν
703 1639 779 1700 εἷς
821 1639 915 1692 τὸν
971 1637 1136 1694 οἶνον.
1197 1637 1324 1710 Περὶ
1374 1639 1472 1691 τοῦ
1520 1635 1908 1707 ἒτοιμασθῆναι

257 1732 489 1806 καρφίον
540 1725 1035 1784 πενταδακτυλαῖον
1097 1725 1252 1801 λόγῳ
1307 1727 1406 1793 τῆς
1465 1724 1748 1800 στρώσεως
1797 1726 1906 1778 τῶν

261 1790 599 1896 δρδμονὶων,
633 1817 710 1879 εἷς
751 1816 845 1877 τὰς
889 1812 1092 1876 σκάλάς
1283 1790 1372 1872 εἰς.
1411 1812 1506 1873 τὰς
1531 1790 1753 1873 ’πᾶθνας
1796 1813 1907 1885 (48)

260 1906 522 1985 χιλιάδας
553 1907 624 1975 λ“,
651 1904 742 1961 καὶ
773 1905 1110 1968 κατέλθωσιν
1143 1901 1222 1962 εἷς
1251 1903 1316 1956 τὰ
1365 1900 1609 1977 Φύγελα.
1661 1897 1907 1970 Ἐδέξατο

262 1997 323 2054 δὲ
351 1997 473 2073 περὶ
509 1995 706 2051 τούτου
742 1995 769 2049 ὁ
811 1993 1110 2069 στρατηγὸς
1157 1998 1256 2060 τῆς
1306 1995 1496 2064 Σάμου
1545 1994 1642 2045 τοῦ
1691 1986 1911 2062 λαμϐά-

261 2109 370 2143 νειν
404 2084 584 2160 ἔξοδον
615 2085 761 2159 ποιρᾶ
790 2086 887 2138 τοῦ
939 2081 1401 2156 πρωτονοταρίου.
1453 2079 1581 2155 Περὶ
1629 2082 1726 2133 τοῦ
1769 2080 1907 2134 ἑτοι-

270 2183 546 2250 μασθῆναι
606 2171 835 2250 καρφίον
912 2173 1178 2246 ἁρπάγιον
1263 2174 1676 2242 κοινοοτομαῖον
1755 2167 1910 2244 λόγῳ

267 2264 536 2343 χελωνῶν
563 2264 650 2317 καὶ
687 2261 900 2316 σκαλῶν
933 2259 1022 2314 καὶ
1073 2260 1282 2314 λοιπῶν
1327 2257 1599 2332 κατὲργων
1649 2254 1911 2331 χιλιάδας

265 2362 340 2431 γ“,
373 2354 460 2408 καὶ
495 2353 847 2423 σπιθαμιαῖον
879 2346 1138 2424 χιλιάδας
1168 2354 1235 2422 γ’.
1269 2345 1518 2418 Ἑδέξατο
1551 2343 1608 2400 δὲ
1637 2347 1760 2420 περὶ
1783 2345 1912 2400 τού-

263 2465 363 2500 του
400 2443 426 2497 ὁ
457 2441 756 2517 στρατηγὸς
787 2445 886 2508 τῆς
939 2438 1148 2512 Σάμου.
1199 2436 1329 2511 Περί
1376 2439 1473 2490 τοῦ
1525 2436 1910 2508 ἒτοιμασθῆναι

267 2532 500 2607 καρφίον
532 2529 947 2601 ἑξαδακτυλαῖον
990 2524 1246 2603 χιλιάδας
1302 2523 1364 2595 δ’,
1410 2527 1499 2580 καὶ
1547 2523 1910 2580 πενταδάκτυ-

276 2623 434 2678 λαῖον
463 2618 721 2697 χιλιάδας
752 2617 796 2673 δ“
819 2617 910 2673 καὶ
941 2614 1435 2691 τετραδακτυλαῖον
1459 2613 1501 2670 δ’
1532 2612 1620 2669 διὰ
1644 2613 1739 2676 τὰς
1759 2635 1914 2688 γερά-

264 2710 492 2783 καροιὶας
523 2712 636 2782 (FO)
665 2708 756 2762 καὶ
796 2705 924 2768 τοὺς
955 2703 1248 2766 διαπάτους
1297 2704 1386 2758 καὶ
1439 2703 1638 2764 λοιπὰς
1698 2701 1909 2777 χρείας·

265 2796 513 2868 Ἐδέξατο
562 2797 617 2852 δὲ
664 2797 786 2871 περὶ
845 2795 1044 2850 τούτου
1098 2795 1127 2848 ὁ
1186 2793 1486 2868 στρατηγὸς
1541 2797 1641 2860 τῆς
1698 2790 1908 2863 Σάμου.

267 2889 398 2963 Περί
427 2892 525 2943 τοῦ
556 2884 800 2957 δέξασθαί
836 2904 958 2940 τινα
991 2879 1276 2957 βασιλικὸν
1312 2885 1405 2936 τὸν
1453 2877 1706 2984 ὃπαὶεῖς
1755 2880 1914 2984 Ἀνα-

468 2975 479 2984 .
561 2977 572 2984 .
739 2978 748 2984 .
989 2973 1012 2984 ,ι
1033 2973 1045 2984 .
1211 2972 1226 2984 .
1283 2966 1332 2984 ,μ
1476 2975 1485 2984 .
1739 2969 1758 2984 .

263 2975 528 3038 τολικοὺς
560 2977 845 3048 ἑτοιμάσαι
891 2973 1086 3049 κριθὴν
1139 2966 1401 3046 χιλιάδας
1439 2975 1486 3023 κ’
1522 2967 1612 3023 καὶ
1660 2966 1912 3040 παξαμά-

265 3085 357 3118 τια
384 3065 474 3119 καὶ
519 3071 669 3120 οιτον
716 3064 804 3118 καὶ
861 3061 1108 3136 ἀρεύριον
1158 3055 1416 3134 χιλιάδας
1534 3056 1622 3111 διὰ
1663 3059 1770 3111 τῶν
1820 3061 1912 3110 Κι-

267 3149 620 3228 ϐυρῥαιωτῶν
681 3152 771 3206 καὶ
829 3155 926 3204 τοῦ
976 3146 1351 3215 Ἀνατολικοῦ,
1399 3145 1489 3202 καὶ
1533 3143 1625 3200 *ἱνα
1669 3165 1914 3220 καταγω-

271 3243 564 3315 γιασθῶσιν
600 3239 706 3293 ἀπὸ
757 3235 1140 3298 Ἀνατολικοὺς
1185 3236 1259 3296 εἷς
1311 3234 1598 3292 Ἀτταλίαν
1645 3234 1761 3288 ἀιτὶ
1813 3234 1912 3288 τοῦ

2025 662 2206 718 cratio
2260 679 2469 722 nomen
2519 668 2711 738 habet,
2751 671 3082 745 0riundus,]
3131 678 3345 750 recepit
3383 680 3440 735 in
3485 697 3547 737 se
3600 683 3661 739 in

2019 749 2217 807 thema
2274 754 2524 812 Orientis
2580 759 2741 814 abire
2793 765 2852 816 et
2905 749 3271 822 conscribere
3326 769 3662 829 Platiniatas

2024 838 2178 894 380
2211 843 2540 913 (Armenos,
2565 854 2618 902 et
2638 863 2707 902 ex
2736 849 2806 904 iis
2836 850 3082 923 aliisque
3101 857 3360 924 ejusdem
3386 859 3662 918 thematis

2019 929 2300 984 conﬁcere
2333 948 2641 989 numerum
2675 937 3123 1009 quingentorum
3155 945 3407 1003 virorum
3444 949 3663 1005 milita-

2020 1016 2171 1069 rium
2205 1016 2543 1088 electorum,
2577 1030 2980 1093 prmstantium
3023 1032 3483 1105 sagittariorum,
3515 1055 3664 1109 quo-

2021 1105 2283 1159 rumdam
2309 1123 2541 1179 quoque
2592 1111 2808 1181 forsan,
2847 1119 2968 1172 sive
3017 1121 3087 1175 de
3133 1122 3405 1194 tribunis,
3439 1105 3559 1183 sive
3589 1129 3660 1183 de

2018 1191 2324 1249 scholariis
2375 1211 2476 1251 seu
2509 1201 2792 1269 gregariis
2835 1203 2921 1258 illi
2959 1206 3094 1276 sint,
3141 1191 3400 1282 equestri
3437 1215 3660 1272 militias

2019 1295 2134 1336 non
2171 1282 2518 1354 ineptorum.
2553 1286 2858 1357 Scholarii,
2891 1293 3182 1364 siquidem
3218 1299 3507 1374 integram
3537 1321 3662 1376 per-

2019 1371 2242 1442 cipiunt
2264 1388 2482 1445 rogem,
2507 1375 2578 1430 de
2601 1393 2709 1433 suo
2731 1379 2839 1434 sibi
2861 1385 3283 1453 comparebunt
3303 1371 3659 1452 armaturam

2016 1467 2356 1531 equestrem.
2401 1463 2501 1519 Sin
2551 1465 2769 1536 minus,
2802 1471 3092 1542 accipiant
3137 1490 3320 1545 equos
3349 1495 3380 1534 e
3411 1483 3656 1552 metatis,

2018 1552 2119 1603 aut
2147 1548 2320 1603 etiam
2352 1567 2383 1606 e
2413 1552 2723 1611 rationario
2755 1556 2990 1616 illorum
3030 1562 3090 1618 in
3131 1563 3390 1622 themate
3427 1548 3659 1627 Natoliai

2020 1635 2425 1708 habitantium,
2498 1657 2750 1711 quorum
2814 1650 3214 1722 unusquisque
3279 1657 3658 1729 semetipsum

2019 1725 2374 1797 singularem
2440 1729 2686 1787 militem
2759 1739 3029 1805 praestare
3087 1740 3276 1796 debet.
3344 1725 3660 1805 Trecenses

2025 1819 2230 1885 parata
2285 1818 2497 1874 debent
2536 1820 2766 1908 habere
2817 1824 3022 1896 viginti
3077 1830 3263 1887 millia
3311 1833 3659 1908 [saccorum]

2023 1900 2246 1969 hordei,
2295 1909 2352 1960 et
2394 1907 2785 1980 quadraginta
2822 1913 3009 1969 millia
3050 1915 3216 1973 farris
3249 1900 3659 1992 et‘paxamatii

2020 2006 2120 2046 seu
2143 1994 2312 2064 panis
2335 1994 2425 2050 bis
2448 1997 2594 2050 cocti
2620 2002 2676 2053 et
2709 2000 2903 2055 farinaa
2925 2008 2982 2057 et
3003 2005 3241 2077 triginta
3264 2008 3663 2082 millia[dolio-

2020 2081 2177 2151 rum]
2206 2081 2319 2136 vini
2353 2087 2410 2138 et
2447 2085 2646 2140 decem
2681 2087 2864 2144 millia
2895 2107 3200 2163 caprarum
3235 2081 3657 2171 mactatarum;

2019 2173 2157 2224 item
2189 2171 2386 2226 decem
2420 2173 2606 2228 millia
2636 2175 2980 2252 [saccorum]
3014 2181 3117 2238 lini
3145 2202 3246 2254 pro
3277 2189 3661 2247 accendendis

2019 2255 2254 2327 ignibus
2288 2259 2498 2315 Graecis
2529 2266 2586 2316 et
2625 2280 2728 2334 pro
2768 2268 3085 2327 sarciendis
3125 2275 3366 2332 navibus
3408 2277 3662 2351 Pbygela

2024 2345 2185 2415 [urbs
2227 2346 2423 2418 Ioniae]
2465 2358 2718 2420 praestet,
2756 2359 2814 2410 et
2851 2357 3148 2416 clavorum
3200 2362 3377 2422 millia
3419 2345 3514 2422 ser
3533 2345 3661 2439 —pro

2020 2433 2315 2490 clavatura
2352 2437 2800 2498 dromoniorum.
2841 2444 2972 2502 Hac
3009 2453 3268 2507 curanda
3307 2454 3365 2509 in
3404 2471 3466 2510 se
3505 2433 3660 2514 κιο-σο-

2020 2523 2107 2594 pit
2136 2526 2563 2594 protonotarius
2604 2530 3023 2592 Thracensium
3064 2543 3120 2593 et
3159 2547 3396 2598 curator
3433 2550 3661 2601 curato-

2021 2611 2142 2676 rim,
2173 2614 2266 2667 cui
2299 2629 2508 2670 nomen
2541 2623 2631 2673 est
2659 2619 2844 2677 Lacus
2877 2623 3086 2697 Laetis,
3111 2632 3551 2704 spoponditilli,
3577 2651 3661 2702 se,

2020 2699 2081 2754 in
2130 2703 2452 2770 prastando
2502 2705 2738 2776 quidem
2781 2711 2935 2778 vino,
2985 2730 3098 2771 non
3144 2699 3501 2779 defuturum.
3538 2699 3659 2778 ⁷Ριεο

2020 2791 2300 2847 tabulatis
2340 2794 2777 2856 dromoniorum
2819 2803 3146 2877 alligendis,
3186 2808 3324 2866 item
3375 2813 3432 2868 in
3483 2831 3660 2876 usum

2020 2878 2313 2935 scalarum
2339 2886 2396 2937 et
2418 2886 2790 2958 praesepium,
2809 2898 3010 2962 parata
3030 2900 3199 2952 sunto
3225 2905 3278 2954 et
3307 2900 3380 2955 ad
3409 2901 3663 2976 Pbygela

2027 2969 2227 3024 urbem
2261 2973 2624 3040 perferuntor
2652 2979 2893 3051 triginta
2925 2983 3108 3040 millia
3128 2985 3420 3045 clavorum
3446 2969 3661 3063 quinos

2023 3058 2236 3132 digitos
2266 3060 2592 3134 longorum-
2625 3069 2705 3123 Ea
2729 3086 2791 3125 se
2811 3077 3152 3130 curaturum
3175 3079 3441 3147 promisit
3460 3058 3663 3140 strate-

2021 3163 2133 3221 gus
2162 3149 2613 3225 Sami,eumque
2634 3156 2689 3211 in
2721 3159 2894 3216 ﬁnem
2920 3177 2982 3216 se
3003 3171 3379 3236 sumpturum
3402 3185 3663 3228 necessa-

2024 3239 2141 3294 rias
2172 3237 2470 3310 impensas
2502 3261 2536 3296 a
2574 3249 2982 3315 protonotario.
3025 3251 3235 3310 Parata
3271 3261 3443 3313 sunto
3481 3258 3662 3317 millia

278 3307 660 3403 άπερχομένου
692 3325 767 3385 εἷς
796 3325 859 3378 τὸ
899 3323 1094 3415 Καλὸν
1121 3320 1251 3415 ὅρος
1475 3323 1606 3415 Περὶ
1655 3325 1752 3375 τοῦ
1799 3321 1910 3415 ιὶγο⁴

2022 3326 2134 3382 tria
2164 3326 2456 3384 clavorum
2488 3331 2670 3388 instar
2691 3335 3074 3408 harpagarum
3098 3343 3484 3415 aduncorum,
3507 3363 3662 3404 com-

271 3416 428 3490 ράσαι
454 3417 547 3468 τὸν
577 3411 1017 3487 πρωτονοτάριον
1047 3414 1154 3463 τῶν
1208 3404 1633 3482 Κιὸυῤῥαιωτῶν
1685 3408 1911 3485 καρφίον

273 3505 469 3579 μικρὸν
499 3503 648 3576 λόγῳ
674 3508 775 3569 τῆς
807 3497 1183 3574 παρηλώσεως
1214 3500 1320 3551 τῶν
1371 3493 1677 3570 βυρσαρίων
1725 3494 1914 3569 χιλιά-

270 3593 367 3655 δας
513 3592 641 3665 Περὶ
687 3595 792 3645 τῶν
845 3584 1148 3643 σανδαλίων
1207 3589 1311 3638 τῶν
1369 3583 1716 3656 καμοθέντων
1762 3582 1917 3658 λόγῳ

269 3688 376 3738 τῶν
408 3681 718 3756 δρομονίων
748 3678 822 3740 εἷς
863 3677 952 3732 τὸν
1004 3676 1292 3750 τρέχοντα,
1337 3671 1429 3727 ’ἱνα
1475 3671 1776 3726 ἀποσταλεῖ
1813 3679 1914 3741 τῆς

265 3773 532 3847 ἑταιρείας
587 3771 721 3843 μετὰ
766 3768 1066 3827 κελεύσεως
1119 3762 1258 3838 πρὸς
1313 3763 1406 3817 τὸν
1455 3761 1760 3830 κατεπάνω,
1822 3763 1912 3816 καὶ

264 3859 430 3916 δώσει
482 3859 640 3914 αὐτὸν
691 3851 1282 3931 πρωτοκαγκελλάριον
1330 3851 1420 3905 καὶ
1468 3854 1638 3904 πᾶσαν
1699 3847 1919 3924 συνδρο-

269 3951 377 4022 μὴν
411 3951 478 4020 ⁶⁴,
527 3947 616 4002 καὶ
669 3949 928 4021 κρατήσει
971 3943 1097 4003 τοὺς
1148 3941 1540 4019 Κορφιτιάνους
1595 3941 1702 4011 (52)
1746 3939 1915 4013 Ἦρα-

265 4039 470 4108 κλείας,
533 4037 623 4092 καὶ
680 4035 854 4110 ἐπάρῃ
904 4032 1098 4092 ναύτας
1154 4031 1284 4104 ὑπὲρ
1335 4030 1560 4084 ἑκάστου
1619 4024 1914 4083 σανδαλίου

2027 3416 2224 3470 munis
2245 3419 2498 3487 generis,
2521 3437 2622 3492 pro
2651 3428 3049 3485 testudinibus
3071 3436 3128 3486 et
3145 3433 3318 3489 scalis
3341 3439 3399 3491 et
3421 3437 3660 3509 reliquis

2023 3501 2428 3562 instrumentis
2460 3511 2763 3567 navalibus
2798 3532 2812 3582 ;
2845 3516 2982 3570 item
3017 3519 3202 3575 millia
3230 3523 3340 3578 tria
3369 3523 3660 3584 clavorum

2024 3590 2356 3660 spithaman
2406 3594 2737 3666 longorum.
2799 3601 2957 3658 Idem
3005 3604 3101 3660 ille
3160 3609 3316 3664 Sami
3364 3616 3658 3686 strategus

2023 3676 2144 3731 haec
2202 3682 2594 3748 praestiturum
2653 3687 2710 3742 in
2758 3705 2816 3743 se
2866 3691 3102 3762 recepit,
3159 3697 3244 3751 uti
3301 3698 3478 3755 etiam
3537 3676 3660 3761 hac

2023 3768 2322 3836 sequentia
2340 3786 2351 3822 :
2369 3778 2620 3841 quatuor
2641 3775 2823 3832 millia
2847 3777 3144 3836 clavorum
3167 3785 3235 3838 ad
3259 3801 3430 3843 senos
3451 3790 3660 3861 digitos

2025 3854 2348 3925 longorum,
2383 3861 2495 3915 alia
2524 3862 2766 3920 totidem
2807 3867 3048 3924 aliorum
3081 3871 3153 3926 ad
3176 3872 3406 3944 quinos,
3428 3854 3568 3935 item
3585 3882 3659 3937 ad

2023 3951 2338 4015 quaternos
2361 3949 2476 4005 alia
2514 3957 2762 4022 quatuor
2791 3955 2977 4011 millia
3017 3975 3118 4028 pro
3149 3961 3232 4016 sic
3270 3964 3440 4022 dictis
3481 3968 3662 4025 falco-

2024 4034 2204 4090 nariis
2235 4039 2291 4091 et
2321 4037 2604 4096 tabulatis
2641 4045 2696 4097 et
2727 4042 2856 4098 aliis
2896 4049 3360 4108 necessitatibus.
3401 4055 3662 4129 Recipiat

1623 4157 1711 4210 VA
1722 4155 1857 4210 [lle
1895 4156 2305 4218 LECTIONES.

340 4277 383 4310 ⁸³
414 4277 501 4331 Ita
533 4274 598 4330 Β.
626 4288 676 4330 c.
709 4270 841 4341 sigl.
876 4269 1032 4338 cod.,
1062 4267 1252 4340 κριθοῦ
1278 4266 1369 4321 ed.
1447 4263 1491 4298 ⁵³
1519 4260 1717 4339 καρφία
1742 4279 1859 4318 om.
1894 4263 1985 4333 R.,
2015 4267 2141 4322 cod.
2174 4274 2230 4324 et
2259 4271 2348 4326 ed.
2426 4275 2472 4309 ⁵⁸
2501 4271 2822 4349 συνδρομεῖν
2855 4280 2978 4338 cod.
3011 4285 3069 4337 et
3097 4285 3190 4339 ed.

1305 4379 1508 4437 JOAN.
1539 4380 1678 4436 JAC.
1714 4379 1977 4436 BEISKII
2024 4383 2606 4448 COMMENTARIUS.

335 4500 446 4569 (44)
479 4499 715 4571 Videtur
735 4513 872 4571 esse
910 4495 1082 4571 index
1120 4507 1344 4571 eorum,
1394 4489 1492 4571 qui
1533 4485 1637 4542 soli
1679 4503 1780 4571 pro
1824 4501 1907 4571 se,

264 4558 380 4627 non
433 4558 747 4626 combinati
788 4583 918 4622 cum
960 4565 1088 4620 aliis
1129 4558 1322 4616 σύνδυο
1365 4558 1465 4615 aut
1504 4561 1765 4630 συντρεῖς,
1807 4559 1906 4612 sed

268 4643 511 4698 seorsim
547 4639 816 4704 militant,
850 4645 903 4692 et
931 4643 1072 4706 quot
1102 4649 1298 4690 eorum
1341 4631 1590 4704 quisque
1640 4645 1822 4699 equos
1851 4630 1907 4682 in

264 4714 538 4769 militiam
573 4717 844 4782 praestare
873 4710 1098 4762 debeat.

2020 4491 2264 4581 rationis
2294 4495 2734 4581 interpretandi.
2779 4501 2911 4557 Fuit
2939 4519 3073 4559 cum
3115 4509 3356 4566 credens
3397 4530 3447 4564 οι
3490 4528 3592 4581 pro
3633 4533 3663 4565 0

2020 4568 2269 4641 positum
2328 4568 2527 4636 fuisse,
2578 4575 2824 4626 veterem
2874 4589 3076 4629 canum
3120 4582 3316 4635 rostris
3371 4568 3661 4641 similium.

2020 4635 2181 4699 Quod
2213 4653 2344 4719 cum
2376 4635 2654 4720 deinceps
2674 4643 2965 4720 videretur
2993 4662 3232 4715 prorsus
3255 4635 3659 4720 improbabile:

2021 4711 2314 4777 assumpsi
2337 4709 2491 4764 aliud
2517 4709 2680 4782 quid,
2708 4715 2914 4784 magis,
2934 4709 3010 4770 ne
3029 4733 3269 4775 vacuum
3302 4709 3666 4781 locumsinei-

337 4785 444 4852 (45)
480 4785 538 4838 ν,
573 4769 976 4849 Lindenbrog.
1020 4784 1077 4832 et
1107 4775 1276 4830 Vales
1317 4774 1388 4829 ad
1422 4777 1614 4827 Amm.
1652 4769 1906 4826 Marcell.
1949 4813 1996 4876 Β
2029 4769 2384 4876 νοεῖέλὶᾲιξοω
2418 4769 3472 4876 ρθνέυειεῖοηθξείἱξ-νθιῖίξιῖςξῄᾶίξεξᾷξ

265 4856 549 4934 P-.1.§5§-
589 4924 638 4934 ..
695 4922 806 4934 .
853 4922 887 4934 ..
1298 4931 1315 4934 _

339 4927 450 4996 (46)
502 4922 998 4996 Subintelligitur_
1025 4923 1242 4996 aut_e_m,
1291 4931 1320 4969 e
1361 4913 1750 4996 sequentibus
1785 4912 1913 4996 huc

264 4984 610 5060 trahendus,
651 4984 1078 5063 protonotarius
1107 4985 1554 5063 Thracesiorum
1581 4984 1879 5063 thematis.

344 5069 451 5135 (47)
503 5055 1021 5136 ὃοὸἱῦἱιυεγρῃθθιᾳ
1059 5069 1112 5113 et
1142 5058 1470 5136 Phygela_et
1489 5055 1773 5136 Phyqfllq.
1824 5055 1927 5136 Est

270 5125 414 5193 urbs
436 5125 721 5192 thematis
750 5125 1199 5210 Thracesiorum
1229 5125 1587 5210 :setilonia.’
1619 5125 1924 5210 trajectus

269 5211 432 5266 illinc
464 5216 547 5263 esl
581 5207 637 5261 in
671 5206 896 5290 Cretam
941 5201 1071 5290 ξιιλᾴ
1100 5198 1614 5290 ΟτιιθιὶξΔΤξξξεξυςὶ

267 5281 479 5354 Pygela
517 5284 574 5335 et
615 5277 862 5348 Phygelo
905 5267 959 5330 et
1006 5273 1215 5329 Ricaut
1261 5271 1332 5325 de
1384 5267 1615 5339 l’Eglise
1661 5269 1923 5336 Grecque

267 5370 451 5512 Ρ’(ῗέ)
495 5439 558 5494 Id
589 5442 672 5514 est
718 5435 953 5514 φάτναςᾷ
972 5432 1112 5514 Νονί
1155 5429 1332 5487 ϐπ·ωοί
1373 5425 1699 5514 saepissime
1714 5430 1866 5514 siet
1876 5442 1915 5514 ip

269 5495 598 5582 promiscue
641 5495 875 5565 habent.
919 5507 1109 5561 Potest
1154 5519 1264 5582 vox
1302 5495 1536 5582 proprio
1573 5495 1912 5582 significatu

267 5569 454 5650 accipi
493 5590 546 5634 et
574 5582 842 5650 praesepia
876 5583 1072 5632 notare
1109 5569 1356 5651 ;_aderat
1385 5569 1540 5627 enim
1573 5569 1708 5651 bpic
1740 5580 1910 5651 elipe-

268 5640 472 5708 ἀίιὶόηί
504 5640 796 5720 equitatus
826 5645 1306 5728 quoquezl’otest
1333 5653 1526 5728 tamen
1557 5640 1732 5696 etiam
1759 5640 1909 5709 foro:

267 5727 463 5778 notare
493 5715 1029 5794 et'nrmqria,'vasis
1051 5715 1141 5794 ibi
1173 5715 1539 5787 reponendis.
1625 5782 1637 5794 .

341 5790 452 5862 (49)
493 5790 669 5847 Valde
699 5783 964 5846 ﬂuctuavi
998 5788 1068 5843 ad
1095 5783 1458 5843 banc'vocem
1483 5783 1716 5839 nescius
1739 5783 1906 5834 rectas

2099 4849 2242 4949 (50);
2274 4856 2466 4949 Ineslse
2527 4853 2664 4949 huic
2719 4849 2842 4910 νοοῖ
2882 4856 3100 4949 aliquid
3160 4862 3439 4949 de_:fépa5
3495 4865 3662 4949 ἱὲρξιξζ

2025 4923 2300 5044 αοῗξριιεν,
2325 4923 2494 4993 falco,
2529 4926 2688 4981 video
2714 4943 2728 4993 ;
2753 4942 2868 4983 non
2891 4923 3084 4985 autem
3116 4933 3257 5003 quid
3280 4923 3408 5006 ipsa
3425 4923 3665 4994 voxsibi

2025 5007 2090 5044 ve
2119 5003 2177 5045 ιι.

2095 5063 2206 5135 (51)
2237 5063 2344 5118 Ubi
2385 5064 2561 5120 situm
2599 5067 2772 5122 fuerit
2819 5069 2926 5125 hoc
2964 5072 3144 5128 Calan
3184 5075 3316 5131 Oro:
3355 5092 3458 5134 seu
3491 5079 3664 5135 Mons-

2019 5133 2273 5212 ριιζςρᾳν1
2299 5137 2609 5212 nonAnovi,
2635 5155 2822 5212 neque
2852 5141 3100 5198 invenio.

2095 5202 2386 5288 (5.2).Quid
2415 5202 3458 5292 Qorﬁtiani:mibilideanturfuisse,
3489 5236 3664 5292 expo-

2021 5275 2112 5328 sui
2137 5275 2194 5356 in
2218 5276 2343 5361 ipsa
2373 5279 2866 5361 interpretatione.
2894 5283 3158 5361 Viderint
3175 5287 3295 5358 alii,
3314 5275 3664 5361 quamrecte

2020 5347 2481 5419 conjectaverim.
2506 5351 2672 5406 Nunc
2695 5357 3102 5412 tantummodo
3124 5347 3533 5419 etymologiam
3566 5347 3667 5418 n0-

2022 5417 2198 5472 minis
2232 5418 2408 5492 cor/i2;
2436 5422 2670 5492 addam,
2706 5440 2823 5492 quo
2857 5424 3027 5480 hodie
3057 5417 3309 5487 insulam
3343 5417 3482 5489 olim
3520 5417 3663 5491 C66-

2021 5503 2212 5562 cyram
2245 5491 2456 5546 dictam
2491 5491 2800 5562 appellant.
2836 5496 3065 5553 Scilicet
3105 5499 3278 5557 habet
3309 5520 3518 5560 novum
3557 5523 3660 5561 no-

2019 5573 2152 5645 men
2184 5560 2378 5645 insula
2407 5560 2863 5645 aIpro'monAtorio
2886 5568 3159 5645 _Kopucpdo,
3193 5573 3346 5629 unde
3375 5581 3663 5633 contracts

2018 5630 2531 5720 factumnctgrpf'tos
2572 5641 2637 5720 Iet
2697 5635 2928 5720 Corpltiz
2965 5630 3018 5696 et
3055 5630 3294 5716 Corp/iu.
3336 5630 3662 5720 iuiuspédl

2017 5703 2294 5760 montorii
2326 5703 2407 5759 ﬁt
2423 5704 2684 5763 Ntcetam
2718 5725 2774 5781 p.
2799 5703 2896 5765 '38.
