4122 6296
485 423 640 485 1223

1493 413 1642 474 CON
1650 413 1858 472 STAN
1871 409 1989 468 ΠΝ
1999 410 2022 466 Ι
2073 403 2768 466 PORPHYROGENITI

3734 410 3895 469 1224

478 558 538 616 in
571 573 636 614 se
678 555 1034 613 casarianus
1071 550 1283 624 aliquis
1321 549 1380 604 in
1421 546 1648 606 Natolia
1691 559 1868 616 agens
1919 543 2120 614 parata

2250 532 2297 590 δ’.
2333 533 2589 590 Ἀποστεί
2617 555 2652 608 ῃ
2687 531 2743 588 δὲ
2773 533 2909 589 αὐτὰ
2965 532 3053 591 διὰ
3105 539 3402 610 συντομίας
3449 535 3543 594 διὰ
3589 544 3693 595 τοῦ
3742 561 3892 615 πρω-

479 650 676 704 tenere
707 646 890 700 millia
922 641 1121 713 viginti
1149 637 1499 712 [saccorum]
1523 633 1725 691 hordei
1751 638 1808 688 et
1829 630 2134 700 sexaginta

481 737 666 793 millia
706 736 1033 807 [saccorum
1083 726 1463 797 doliorumve]
1520 722 1836 797 paxamatii
1865 726 1921 775 et
1960 721 2132 774 farris

478 831 534 883 et
567 825 758 880 farinae
791 840 892 894 pro
923 817 1330 892 Cibyrrhazotis
1361 822 1420 872 et
1448 821 1699 883 stratego
1734 810 1996 879 Natolite,
2021 809 2125 880 qui

479 931 510 970 e
563 913 804 968 Natolia
842 908 1264 978 transmigrare
1311 905 1524 961 debent
1573 904 1633 958 in
1678 901 1974 967 Attaliam,
2027 914 2133 968 quo

480 1002 973 1074 praesidiariorum
1007 1000 1132 1068 ejus
1165 998 1234 1051 ad
1269 996 1442 1051 Calon
1479 995 1620 1048 Oros
1671 1006 2032 1060 egressorum
2075 989 2134 1043 in

475 1091 630 1146 vices
689 1090 1022 1145 succedant.
1095 1083 1532 1141 Protonotarius
1599 1080 2131 1152 Cibyrrhaaotarum

475 1184 702 1236 coemat
733 1177 920 1234 millia
961 1177 1265 1247 sexaginta
1304 1173 1598 1228 clavorum
1634 1169 1997 1224 minutorum
2032 1182 2135 1238 pro

484 1269 654 1325 coriis
698 1265 1026 1339 afﬁgendis.
1071 1265 1150 1321 De
1180 1261 1463 1319 sandaliis
1509 1276 1610 1316 seu
1654 1259 1846 1330 parvis
1886 1256 2135 1327 navigiis

485 1358 833 1429 comparatis
864 1356 924 1411 in
957 1371 1126 1410 usum
1172 1351 1608 1407 dromoniorum
1650 1347 1994 1412 notandum,
2038 1345 2133 1400 de-

487 1448 620 1502 bere
651 1461 946 1502 cursorem
969 1443 1224 1513 aliquem
1249 1457 1314 1496 ex
1333 1439 1570 1494 hetaeria
1591 1439 1975 1506 desumptum
1999 1449 2137 1488 cum

485 1552 649 1593 sacro
705 1535 975 1590 mandato
1012 1533 1084 1589 ad
1127 1536 1472 1601 catepanum
1532 1526 1706 1595 mitti,
1753 1529 1809 1579 et
1848 1523 2001 1578 hunc
2049 1522 2134 1578 illi

485 1626 694 1680 addere
717 1620 1293 1696 protocancellarium
1330 1631 1685 1688 omnemque
1716 1611 2133 1670 assistentiam.

483 1711 585 1768 Ille
613 1726 813 1767 cursor
845 1716 1040 1764 sumat
1070 1706 1414 1763 Cortitianos
1445 1703 1591 1759 88]
1626 1701 1914 1758 Heraclea
1937 1699 2018 1771 [id
2041 1702 2131 1754 est

487 1799 819 1857 classiarios
849 1813 918 1852 ex
946 1795 1138 1853 insula
1161 1794 1344 1852 Corfiz
1366 1810 1468 1848 seu
1491 1794 1755 1864 Corcyra,
1781 1791 1928 1861 apud
1959 1792 2139 1844 Hera-

487 1888 671 1945 cleam
695 1903 826 1944 cum
862 1886 1110 1943 navibus
1150 1885 1460 1940 stationem
1488 1881 1773 1954 agentes].
1803 1880 1974 1934 Levet
1994 1893 2139 1948 quo-
2169 1921 2216 1988 Β

488 1993 602 2048 que
633 1980 844 2032 nautas
877 1977 936 2030 in
967 1973 1202 2047 singula
1241 1972 1511 2028 sandalia
1543 1974 1878 2042 quaternos,
1920 1981 2138 2036 eosque

2244 621 2734 698 τοκαγκιλλαρίου.
2767 624 2879 680 Ἵνα
2910 621 2966 678 δὲ
3016 619 3120 699 ἔχῃ
3151 626 3197 662 ⁵⁸
3225 622 3449 682 ἕκαστον
3498 626 3788 683 σανδάλιον
3833 651 3892 684 τυ

2239 713 2530 786 κατάρτιον
2575 713 2742 766 αὐτοῦ
2789 712 2879 767 καὶ
2918 713 2980 768 τὸ
3027 717 3343 790 κερατάριον
3394 718 3478 771 καὶ
3528 716 3632 772 ἀνὰ
3674 718 3893 774 κωπίων

2238 799 2400 856 δ’καὶ
2453 801 2514 855 τὸ
2564 801 2919 875 παρακώπιον
2981 805 3116 875 (53).
3161 805 3284 858 "Eu
3336 801 3392 858 δὲ
3436 807 3531 859 καὶ
3583 804 3808 861 exutae:
3855 815 3894 878 ζ’

2240 891 2554 945 ἆκτάκωπα.
2589 891 2718 963 Περῖ
2749 895 2855 944 τῶν
2907 885 3204 964 τριϐολίων
3253 895 3388 966 (54),
3433 894 3528 948 ’ίνα
3579 893 3836 969 ἐρωτηθῇ
3866 900 3892 952 ὁ

2237 980 2561 1049 κοιτωνίτης
2595 978 2967 1056 Θεοδώρητος,
2997 982 3050 1035 τί
3084 981 3344 1054 ἐγένοντο·
3380 983 3595 1054 ὁμοίως
3631 987 3725 1038 καὶ
3775 990 3893 1060 περὶ

2235 1075 2343 1125 τῶν
2375 1070 2609 1124 σακκίων
2641 1074 2749 1125 τῶν
2779 1075 3052 1143 περι-κυνῶν
3232 1073 3321 1126 καὶ
3353 1079 3458 1127 τῶν
3511 1076 3760 1144 τζαπίων
3808 1079 3892 1131 καὶ

2237 1159 2467 1228 τζὸκων,
2520 1156 2848 1232 κρικελλίων
2907 1179 2966 1214 τε
3014 1160 3102 1214 καὶ
3145 1157 3449 1216 δακτυλίων
3501 1165 3593 1218 καὶ
3647 1164 3886 1238 ψελλίων

2241 1250 2329 1302 καὶ
2358 1253 2546 1323 κριῶν,
2609 1247 2693 1301 ἵνα
2740 1248 3036 1322 ἀποστείλῃ
3092 1250 3185 1304 τὸν
3237 1253 3485 1324 νοτάριον
3538 1253 3705 1308 αὐτοῦ
3761 1257 3888 1327 μετᾶ

2239 1339 2338 1406 τήν
2367 1338 2719 1416 καταγραφὴν
2750 1339 2964 1390 πάντων
2995 1338 3131 1412 πρὸς
3162 1341 3328 1412 ἡμᾶς.
3364 1343 3492 1411 Περὶ
3523 1346 3623 1396 τοῦ
3667 1344 3892 1416 ὁρισθῆ-

2240 1448 2325 1482 ναι
2357 1431 2447 1480 τὸν
2481 1425 2987 1500 παραθαλασσίτην,
3014 1424 3106 1480 ’ἱνα
3137 1425 3395 1503 ἓξοπλίσῃ
3431 1430 3536 1484 ἀπὸ
3587 1430 3888 1497 συνὸὀσεως

2239 1520 2348 1570 τῶν
2383 1515 2558 1570 αὐτῶν
2736 1513 3068 1590 στρατιώτας
3112 1518 3227 1583 ,ασ’.
3283 1519 3496 1586 Ἰστὲον,
3548 1521 3633 1574 ὅτι
3683 1519 3895 1591 ἐδέξατο

2243 1604 2273 1660 ὅ
2301 1626 2360 1660 τε
2391 1599 2812 1680 Κιϐυρῥαιώτης
2847 1605 2938 1659 καὶ
2988 1605 3016 1659 ὁ
3063 1607 3348 1661 κατεπάνω
3403 1613 3511 1662 τῶν
3559 1607 3894 1682 Μαρδαϊτῶν

2243 1692 2533 1754 ’Λτταλίας
2590 1693 2680 1747 καὶ
2731 1693 2757 1746 ὁ
2806 1693 2950 1747 Λέων
2995 1697 3090 1748 τοῦ
3141 1690 3490 1768 Συμδατίκη,
3547 1693 3640 1750 ’ἶνα
3673 1692 3891 1775 ἶχῶςιν

2243 1782 2539 1863 ἀσφάλειαν
2573 1782 2663 1835 καὶ
2695 1776 2994 1854 ἀκρίϐειαν,
3048 1784 3137 1837 καὶ
3193 1785 3270 1856 μὴ
3319 1787 3726 1860 παραχωρῶσίν
3778 1809 3898 1842 τινα

2244 1877 2351 1927 τῶν
2378 1869 2727 1946 ἀγνωρίστων
2757 1870 2892 1943 πρὸς
2922 1871 3116 1946 Συρίαν
3148 1870 3425 1944 ἀπελθεῖν,
3456 1875 3544 1928 καὶ
3596 1871 3665 1928 δι’
3718 1877 3896 1932 αὐτῶν

2246 1961 2685 2032 ἀποκομισθῆναι
2727 1959 2802 2019 εἰς
2835 1959 3029 2034 Συρίαν
3063 1960 3129 2015 τὰ
3158 1959 3266 2015 ἀπὸ
3295 1961 3602 2034 Ῥωμανίας
3635 1962 3896 2036 μανδάτα.

495 2083 628 2122 cum
661 2065 940 2121 sandaliis
972 2072 1336 2136 quantocyus
1367 2062 1559 2117 mittat
1588 2075 1721 2114 cum
1764 2052 2294 2128 protocancellario.
2337 2052 2627 2106 Instructa
2666 2055 2842 2105 sunto
2883 2050 3149 2106 sandalia
3189 2069 3296 2108 suo
3333 2054 3608 2124 quodque
3649 2056 3805 2111 malo
3847 2061 3904 2112 et

480 2161 737 2212 antenna
768 2161 824 2210 et
856 2154 1029 2210 remis
1070 2151 1367 2224 quaternis
1398 2155 1454 2206 et
1484 2165 1647 2204 remo
1681 2147 1915 2201 vicario.
1950 2145 2121 2200 Levet
2162 2142 2294 2197 item
2336 2141 2575 2212 cymbae
2615 2145 2954 2194 octonorum
2999 2156 3294 2196 remorum
3328 2159 3446 2198 sex.
3492 2145 3642 2208 Quid
3686 2145 3902 2200 factum

484 2247 557 2301 sit
588 2247 658 2299 de
690 2245 1028 2308 muricibus,
1062 2244 1204 2299 item
1235 2243 1306 2297 de
1335 2241 1520 2297 saccis
1552 2255 1703 2294 anno
1733 2237 2032 2308 superiore
2078 2233 2453 2303 comparatis,
2496 2231 2564 2284 da
2598 2229 2914 2300 ligonibus,
2961 2232 3282 2302 stipitibus,
3325 2233 3593 2299 circellis,
3639 2236 3900 2303 annulis,

498 2335 814 2406 torquibus
874 2335 1076 2390 ferreis
1111 2342 1166 2390 et
1211 2332 1451 2399 volutis,
1501 2331 1887 2400 interrogetur
1935 2327 2210 2382 cmtonita
2256 2321 2677 2386 Theodoretus,
2726 2321 2894 2391 isque
2935 2336 3068 2375 cum
3108 2322 3364 2378 indiculo
3410 2327 3678 2380 omnium
3729 2344 3903 2382 suum

489 2427 784 2480 notarium
834 2425 905 2479 ad
958 2440 1063 2479 nos
1099 2423 1306 2478 mittat.
1352 2425 1670 2492 Imperetur
1713 2418 1978 2488 praefecto
2017 2431 2129 2470 oris
2171 2411 2479 2467 maritimae
2521 2411 2688 2480 [steni
2734 2411 2988 2481 nempe],
3031 2416 3096 2466 ut
3136 2418 3322 2468 armet
3358 2429 3426 2468 ex
3464 2416 3903 2471 contributione

488 2516 916 2586 oppidanorum
961 2513 1170 2568 milites
1211 2512 1368 2566 mille
1407 2514 1712 2565 ducentos.
1764 2509 2128 2576 Receperunt
2180 2503 2239 2558 in
2288 2517 2350 2556 se
2405 2507 2693 2572 strategus
2739 2502 3010 2554 thematis
3057 2501 3586 2573 Cibyrrhasotarum
3640 2513 3698 2560 et
3748 2511 3899 2560 cate-

492 2621 684 2677 panus
733 2605 1148 2660 Mardaitarum
1204 2602 1428 2658 Attalis:
1477 2606 1536 2656 et
1579 2601 1688 2655 Leo
1738 2599 1807 2653 de
1853 2601 2024 2668 gente
2066 2591 2383 2665 Symbatici
2437 2591 2591 2646 dicta
2640 2589 2925 2646 oriundus
2974 2592 3275 2663 providere
3322 2594 3570 2650 sollicita
3619 2612 3786 2662 cura,
3836 2611 3905 2651 ne

489 2708 656 2762 quem
686 2693 950 2764 ignotum
980 2691 1278 2748 hominem
1319 2693 1516 2748 sinant
1547 2689 1602 2744 in
1637 2687 1860 2759 Syriam
1885 2685 2144 2750 evadere,
2179 2682 2346 2752 cujus
2375 2679 2662 2737 delatione
2692 2680 2833 2749 quid
2864 2697 3058 2736 rerum
3099 2687 3390 2740 nostrates
3422 2684 3670 2741 Romani
3699 2691 3905 2756 agant,

493 2780 690 2836 hostes
718 2779 1101 2852 comperiant.

493 2899 568 2955 Dc
586 2898 856 2968 expeditis
873 2897 933 2953 in
957 2897 1398 2968 Longabardiam
1422 2904 1660 2968 tempore
1683 2895 1900 2968 domini
1916 2891 2147 2968 Romani

614 2964 932 3043 [Lecapenij
963 2964 1101 3041 imp.
1133 2970 1250 3025 ind.
1283 2986 1400 3026 vm.
1435 2964 1612 3039 [Λήηο
1643 2969 1849 3023 Christi
1875 2964 2026 3034 935.]

563 3076 702 3131 Cum
755 3075 1224 3146 protospathario
1273 3075 1592 3147 Epiphanio
1641 3071 1933 3142 appellens
1991 3069 2144 3123 indi-

496 3165 689 3220 ctione
720 3173 919 3218 octava
950 3165 1154 3218 classis
1188 3166 1346 3235 regia
1378 3163 1680 3219 constabat
1703 3158 2019 3215 chelandiis
2047 3161 2148 3212 aut

494 3249 826 3306 lenunculis
877 3251 1145 3305 undecim
1191 3267 1203 3319 ;
1249 3269 1375 3322 quae
1424 3256 1617 3304 autem
1674 3251 2048 3320 praecesserat
2093 3250 2149 3300 et

490 3338 614 3407 jam
649 3336 898 3406 septima
927 3337 1241 3393 indictione
1273 3339 1383 3392 sub
1415 3339 1624 3392 ducatu
1674 3335 1898 3408 patricii
1929 3338 2145 3389 Cosmm

503 3424 808 3495 appulerat
836 3425 1065 3489 classis,
1112 3425 1352 3481 totidem
1399 3424 1724 3482 chelandiis
1769 3424 2065 3479 constabat
2095 3419 2148 3476 el-

501 3519 722 3584 septem
768 3514 1011 3568 carabiis
1062 3513 1284 3569 Russos
1332 3516 1438 3569 415
1490 3514 1857 3570 vehentibus.
1909 3511 2148 3582 Equites

495 3607 720 3657 orante
783 3602 1139 3658 thematibus
1188 3603 1623 3658 Thracesiorum
1674 3607 1734 3657 et
1774 3600 2142 3667 Macedoniae,

498 3697 752 3747 rectores
811 3692 1048 3762 quidem
1103 3693 1230 3758 202,
1295 3693 1562 3749 scholarii
1623 3692 1922 3762 [veterani]
1973 3689 2042 3743 98
2091 3693 2146 3743 et

497 3779 700 3835 novitii
731 3781 856 3836 608.
901 3783 1106 3836 Milites
1147 3789 1312 3837 erant
1355 3782 1662 3854 peregrini,
1697 3786 1754 3835 et
1794 3779 2028 3850 quidem
2080 3779 2149 3832 de

495 3883 710 3938 magna
741 3868 976 3924 hetaeria
1008 3871 1097 3936 31,
1131 3870 1199 3926 de
1245 3873 1436 3926 media
1482 3871 1714 3924 hetzsria
1761 3872 1850 3933 46,
1899 3870 1970 3923 de
2017 3871 2148 3921 Far-

496 3958 666 4028 ganis
698 3957 785 4026 45,
821 3958 892 4012 de
931 3957 1201 4013 Chazaris
1241 3961 1331 4028 47,
1364 3960 1496 4014 dein
1539 3961 1607 4013 de
1650 3957 1908 4012 basilicis
1944 3958 2036 4020 71,
2079 3955 2150 4009 de

497 4043 747 4099 arithmo
777 4045 1132 4101 urbanorum
1162 4047 1253 4114 35,
1285 4047 1353 4101 de
1387 4045 1546 4100 novis
1569 4046 1808 4115 captivis
1829 4045 1919 4109 79,
1947 4042 2148 4096 Musu-

495 4131 598 4187 lini
630 4134 752 4205 [seu
785 4133 1060 4190 Saraceni
1092 4135 1163 4190 de
1195 4135 1334 4190 urbe
1366 4139 1422 4190 et
1464 4133 1754 4205 provincia
1793 4129 2013 4202 Musae]
2058 4131 2145 4198 14,

2251 2884 2349 2938 Διὰ
2406 2887 2512 2937 τῶν
2573 2882 2625 2935 ἐν
2686 2878 3001 2956 Λαγοϐαρδί
3105 2882 3558 3012 ταὶειδευσάντων
3644 2885 3733 2941 ἐπὶ
3812 2892 3908 2942 τοῦ

2360 2958 2530 3012 κυροῦ
2560 2955 2848 3012 Ῥωμανοῦ
2878 2958 2977 3008 τοῦ
3008 2903 3175 3012 Eam.)
3208 2977 3282 3012 ως
3312 2957 3388 3012 εἰς
3423 2954 3527 3012 ἴνδ.
3562 2964 3611 3012 π
3643 2960 3786 3012 (57).

2406 2904 2512 2937 των
2573 2903 2625 2935 εν
2686 2903 3001 2956 Λαγοοαροι
3105 2903 3168 2938 τα
3206 2903 3558 2940 ειοευσαντων
3644 2905 3733 2941 επι

2360 2958 2530 3027 κυροῦ
2560 2955 2848 3026 Ῥωμανοῦ
2878 2958 2977 3008 τοῦ
3008 2903 3282 3030 gaudia):
3312 2957 3388 3018 εἰς
3423 2954 3527 3013 ἴνδ.
3562 2964 3611 3027 η“
3643 2960 3786 3031 (57).

2325 3062 2406 3118 Τὰ
2460 3059 2792 3122 κατελθόντα
2854 3063 2991 3134 μετά
3047 3065 3143 3117 τοῦ
3201 3065 3698 3138 πρωτοσπαθαρίου
3753 3069 3911 3123 Ἐπι-

2253 3151 2442 3228 φανίου
2509 3148 2927 3224 βασιλοπλόϊμα
2986 3154 3096 3223 (58)
3157 3149 3422 3226 χελάνδια
3475 3153 3554 3216 είς
3609 3152 3909 3210 ἰνὸικτίονα

2255 3245 2304 3308 η’
2339 3240 2426 3295 ια’.
2456 3239 2524 3292 τὰ
2554 3235 2998 3310 προκατελθὸντα
3049 3242 3182 3313 μετὰ
3227 3246 3323 3296 τοῦ
3371 3244 3661 3318 πατρικίου
3719 3247 3913 3319 Κοσμί

2257 3325 2524 3403 χελάνδια
2569 3327 2644 3387 εἷς
2695 3325 2986 3383 ἷνδικτίονα
3020 3336 3058 3398 ς’
3092 3332 3177 3385 ια’.
3229 3331 3364 3392 Ῥῶς
3414 3327 3648 3406 napis,“
3699 3336 3819 3407 (59)
3869 3336 3912 3404 ζ,

2255 3412 2456 3490 ἔχοντα
2485 3413 2678 3489 ἄνδρας
2730 3418 2842 3470 υιε“.
2890 3418 2986 3471 Διὰ
3033 3422 3143 3472 τῶν
3185 3414 3632 3494 καϐαλλαρικῶν.
3690 3428 3914 3496 69:11;-

2257 3506 2429 3561 σιᾶνοι
2487 3507 2575 3559 καὶ
2628 3503 2928 3567 Μακεδόνες
2974 3505 3237 3581 ἄρχοντες
3284 3510 3387 3583 σβ“,
3440 3509 3735 3584 σχολάριοι
3791 3513 3903 3587 Lg)‘,

2255 3614 2368 3648 νεοι
2400 3591 2696 3668 σχολάριοι
2738 3601 2849 3668 χη“.
2898 3594 2997 3649 Διὰ
3047 3600 3159 3649 τῶν
3213 3601 3578 3669 χαρακιωτῶν
3628 3600 3743 3670 (60)
3797 3603 3910 3652 τῶν

2259 3681 2500 3746 ἐθνικῶν·
2563 3687 2662 3750 τῆς
2726 3681 2968 3758 μεγάλης
3052 3683 3315 3757 ἓταιρείας
3376 3683 3559 3759 ἄνδρες
3645 3683 3747 3740 λα“·
3807 3693 3918 3756 τῆς

2263 3769 2433 3842 μέσης
2492 3770 2758 3844 ἑταιρείας
2814 3767 3000 3845 ἄνδρες
3062 3777 3164 3843 μζ’.
3229 3774 3507 3848 Φαργάνοι
3563 3771 3754 3847 ἄνδρες
3809 3776 3916 3848 με’.

2257 3861 2494 3934 Χάζαροι
2543 3861 2646 3932 μζ·
2708 3859 2814 3914 ἀπὸ
2869 3865 2975 3914 τῶν
3040 3861 3339 3935 βασιλικῶν
3406 3863 3593 3937 ἂνδρες
3652 3872 3751 3918 ou"
3806 3864 3916 3920 ἀπὸ

2257 3952 2354 4003 τοῦ
2396 3948 2634 4020 ἀριθμοῦ
2675 3953 2782 4002 τῶν
2835 3948 2886 4003 ἐν
2936 3953 3004 4022 τῇ
3063 3950 3222 4005 πόλει
3273 3949 3462 4027 ἂνδρες
3511 3951 3604 4008 λε’·
3656 3954 3762 4008 ἀπὸ
3803 3959 3915 4008 τῶν

2261 4036 2393 4090 νὲων
2438 4035 2814 4111 αἰχμαλώτων
2865 4045 2958 4101 σθ’.
3007 4039 3379 4096 Μουσουλινοί
3428 4045 3540 4114 (61)
3589 4039 3781 4117 ἄνδρες
3840 4063 3912 4096 ια·

2261 4133 2603 4202 Πανορμῖται
2662 4125 2850 4202 ἄνδρες
2913 4129 3003 4199 ιη“.
3063 4131 3298 4204 Τοῦρκοι
3375 4134 3487 4205 (62)
3564 4129 3750 4207 ἄνδρες
3799 4131 3908 4188 τπδ’.

1853 4237 2089 4294 VARLE
2129 4236 2436 4292 LEC'I‘ION
2443 4237 2545 4292 ES.

565 4328 612 4361 ⁵⁸
640 4322 754 4400 ἔχει
789 4328 915 4383 cod.
949 4332 1004 4383 et
1033 4333 1147 4398 ed.,
1183 4333 1246 4384 ut
1275 4329 1433 4384 alibi.

1539 4428 1738 4484 JOAN.
1779 4427 1922 4484 JAC.
1965 4425 2221 4481 REISKII
2259 4424 2840 4481 COMMENTARIUS.

572 4523 682 4595 (53)
743 4523 985 4595 Videtur
1039 4542 1234 4582 remus
1295 4526 1540 4583 vicarius
1599 4543 1745 4595 esse,
1809 4527 1988 4582 fracto
2049 4529 2150 4579 aut

501 4593 719 4648 amisso
761 4594 1227 4676 substituendus.
1275 4602 1338 4655 In
1384 4603 1452 4653 M.
1498 4606 1619 4654 erat
1658 4593 1884 4670 παρακω
1926 4614 2060 4652 cum
2109 4615 2149 4650 π

501 4672 921 4733 suprascripto.

572 4736 682 4806 (54)
714 4737 1086 4793 Tribulorum
1122 4755 1218 4794 seu
1262 4741 1547 4794 muricum
1594 4740 1650 4793 in
1698 4738 1862 4794 bellis
1907 4739 2145 4794 usitato-

498 4823 627 4882 rum
648 4819 973 4882 accuratam
1004 4811 1241 4865 memini
1271 4828 1362 4867 me
1387 4812 1595 4882 legisse
1617 4811 2065 4882 descriptionem
2089 4812 2145 4864 in

497 4879 762 4950 Pr000pii
798 4881 1061 4943 historia,
1095 4883 1329 4936 Gothica
1363 4887 1422 4938 ni
1444 4879 1643 4948 l'allor,
1681 4883 1780 4938 sed
1816 4879 2006 4938 locum
2035 4900 2149 4937 non

502 4951 768 5023 annotavi
805 4972 818 5018 ;
857 4952 971 5005 vid.
1007 4955 1072 5006 ad
1111 4970 1162 5023 p.
1201 4953 1323 5005 389.

573 5022 686 5090 (55)
721 5023 804 5078 Ita
835 5027 926 5076 est
955 5023 1012 5078 in
1049 5022 1130 5078 Μ.
1169 5025 1330 5080 Forte
1363 5025 1494 5079 novi
1523 5025 1704 5079 Graeci
1737 5024 1819 5080 sic
1845 5025 2154 5082 enuntiant

503 5107 621 5166 pro
638 5097 958 5166 περυσινῶν.

574 5164 907 5232 (56)Ῥοι“ῑθ
957 5167 1063 5218 τῶν
1109 5164 1306 5220 ἀστῶν.
1358 5165 1422 5220 Id
1469 5168 1622 5220 certe
1669 5165 1724 5220 in
1773 5167 1993 5222 Latinis
2053 5185 2151 5224 ex-

503 5236 684 5303 pressi
723 5260 738 5302 ;
770 5241 829 5291 at
855 5237 1046 5293 solent
1066 5238 1249 5292 ambas
1284 5253 1449 5292 voces
1475 5253 1506 5290 a
1531 5235 1785 5308 librariis
1811 5241 2152 5308 permutari,

504 5309 571 5359 ut
595 5309 954 5434 :gnlonstravit
982 5312 1134 5364 doct.
1169 5309 1250 5367 Io.
1286 5310 1588 5365 Piersonus
1612 5307 1936 5363 Verosimil.
1965 5309 2063 5378 1.1,
2097 5313 2147 5366 3.

504 5393 555 5434 p.
676 5417 688 5430 .

571 5449 688 5518 (57)
723 5450 934 5523 Incidit
966 5453 1022 5505 in
1055 5452 1119 5506 A.
1155 5451 1214 5509 Ο.
1247 5451 1372 5517 935,
1407 5467 1520 5523 qua
1551 5455 1746 5506 tamen
1779 5451 1838 5505 in
1871 5453 2154 5523 temporis

499 5521 903 5600 notasubesse
921 5523 1151 5600 videtur
1172 5540 1352 5600 error,
1387 5521 1449 5577 ut
1481 5539 1512 5578 e
1536 5523 1808 5600 dicendis
1826 5523 1894 5576 ad
1920 5521 2152 5600 titulum

501 5593 833 5658 proximum
869 5593 1174 5648 constabit.
1205 5593 1502 5648 Romanus
1528 5610 1640 5648 non
1674 5593 1901 5658 Junior,
1928 5595 2022 5648 sed
2049 5599 2145 5649 Le-

498 5673 771 5734 capggug
795 5662 1160 5734 intelligitur.

578 5728 693 5795 (58)
723 5729 824 5784 Vel
857 5728 1056 5797 etiam,
1092 5735 1139 5789 si
1176 5735 1308 5805 quis
1343 5733 1527 5798 malit,
1581 5731 2048 5808 βασιλοπλοΐμου.
2091 5738 2152 5793 In

2257 4524 2443 4600 Μ.ρῇ
2463 4519 2796 4600 βασιλοπλα,
2813 4524 3210 4600 apographum
3236 4526 3472 4582 dederat
3497 4524 3916 4600 βαᾳιλικοπλοι.

2298 4593 2443 4674 ,(59)
2467 4593 2619 4674 82η)
2649 4594 2881 4674 navigia
2910 4593 3157 4674 minora,
3194 4613 3321 4667 quas
3364 4593 3692 4674 majoribus
3732 4601 3917 4674 inser-

2255 4663 2445 4738 viunt.
2500 4663 2638 4718 Tale
2690 4666 2990 4738 navigium
3036 4663 3297 4738 designat
3329 4685 3435 4723 vox
3458 4663 3717 4725 'Arabica
3759 4673 3913 4727 unde

2258 4734 2551 4816 hmc_orta
2599 4751 2706 4816 ;'v.
2739 4734 3067 4816 ‘Du'Cange
3103 4734 3461 4816 foarabus.
3505 4741 3621 4795 Non
3667 4746 3915 4816 confun-

2258 4807 2450 4880 denda
2482 4807 2705 4876 species
2739 4806 2856 4862 haec
2887 4806 3026 4863 cuni
3063 4809 3243 4864 altera
3284 4813 3519 4866 navium
3555 4814 3769 4880 specie,
3814 4814 3912 4870 Go-

2180 4853 2228 4915 Ῑ)
2261 4877 2356 4954 ra_b
2390 4891 2490 4932 seu
2516 4853 2939 4954 Ἐθνυαξ-όὶιξῐειζ
2971 4880 3122 4954 unde
3161 4853 3771 4954 La_tini'suaug‘o?¢lzzi2
3810 4853 3910 4940 8'5-

2263 4948 2562 5003 minarunt
2610 4949 2774 5015 ;vid.
2818 4951 3022 5005 Caﬂ'ari
3066 4952 3320 5008 Annales
3357 4948 3699 5010 Genuénses
3741 4948 3776 5010 ιζ
3825 4957 3913 5011 Vl.

2259 5019 2565 5157 Egi/"fter.
2620 5017 2746 5076 Ital.
2801 5020 3006 5076 Murat.
3056 5039 3109 5094 p.
3171 5023 3298 5078 261.
3357 5028 3414 5080 et
3473 5027 3551 5080 Du
3611 5025 3802 5098 Cange
3861 5045 3916 5083 ν.

2359 5109 2389 5144 a
2449 5109 2491 5144 ι.

2332 5131 2778 5239 (ξδ)”νὶἀθηῑυιυ
2836 5161 3199 5239 iide_m_esse
3229 5169 3405 5239 atque
3457 5165 3508 5218 οἱ
3565 5165 3910 5239 Χαρακηνοέ,

2260 5235 2465 5288 milites
2521 5234 2786 5303 gregarii,
2853 5235 2952 5305 qui
3012 5235 3281 5291 destinati
3311 5234 3470 5293 sunt
3523 5234 3915 5310 expeditioni-

2261 5321 2373 5375 bus
2431 5320 2675 5388 bellicis,
2733 5325 2790 5376 et
2847 5330 2908 5376 ut
2965 5322 3027 5378 in
3093 5323 3263 5391 vallo,
3329 5328 3407 5396 τῷ
3480 5326 3708 5399 χάρακι,
3786 5343 3915 5383 ver-

2265 5401 2804 5546 sé?é?)r."Yidentur.
2840 5479 2969 5520 esse
3014 5465 3228 5546 A_rabes
3277 5466 3607 5546 _aut_Turc_i
3666 5484 3738 5523 ex
3783 5485 3917 5546 pro:

2262 5531 2806 5657 :Lnjctligtittusulensi
2839 5550 2942 5592 seu
2973 5552 3002 5591 e
3034 5536 3447 5608 MeSOpotamia
3490 5537 3643 5593 bello
3673 5531 3829 5609 capti
3862 5545 3918 5594 et

2308 5673 2455 5756 .(62)
2487 5673 2638 5756 S__unt
2667 5675 2767 5756 qui
2803 5675 2972 5756 hodie
3001 5677 3259 5756 ﬂungari
3297 5679 3595 5756 dicuntur.
3629 5679 3780 5739 Nam
3813 5680 3916 5737 ho-

2265 5744 2470 5802 dierna
2501 5744 2798 5817 HungAria
2829 5748 2964 5805 olim
3001 5744 3209 5807 Turcis
3242 5751 3531 5808 audiebat.
