4088 6316
382 385 538 448 1233

1237 393 1332 451 DE
1377 391 1826 456 CEHIMONIIS
1876 392 2108 457 AUL/E
2153 398 2626 462 BYZANTlN/E
2672 404 2814 464 LIB.
2862 406 2936 465 ll.

3625 415 3775 477 1231

395 519 614 582 πόλεως
669 521 722 574 οἱ
771 523 1067 596 στρατηγοὶ
1105 526 1201 576 τοῦ
1260 523 1492 598 Αἰγαίου
1552 524 1823 600 πελάγους
1885 531 2007 601 μετᾶ

2132 533 2446 592 dromones
2476 535 2565 605 ΞΟ,
2599 553 2846 610 quorum
2881 557 3017 596 cum
3048 543 3263 615 singuli
3296 545 3467 603 binas
3499 549 3777 608 haberent

380 606 687 680 χελανδίων
741 610 1055 686 παμφύλων
1159 611 1258 665 ἀνᾶ
1305 610 1513 685 ἀνδρῶν
1555 621 1636 688 ρκ’
1670 617 1767 670 κπὶ
1816 618 2020 690 χελαν-

382 695 518 753 δίων
551 699 820 754 οὐσιακῶν
853 699 899 754 δ’
929 700 1027 754 ἀνὰ
1077 698 1282 769 ἀνδρῶν
1325 703 1429 776 ρη’.
1464 702 1800 776 Κατελείφϐη
1837 704 1893 761 δὲ
1931 711 2018 761 καὶ

380 787 477 860 μία
511 787 668 843 οὐσία
697 789 770 850 εἷς
825 789 884 842 τὸ
932 791 1098 863 κόψαι
1138 792 1237 860 τήν
1277 797 1378 860 τῆς
1429 789 1632 866 ὀγδόης
1695 792 2020 858 ἶνδικτίονος

376 875 544 946 ξυλήν
580 880 715 949 (80).
750 877 810 934 Ὀ
841 879 1144 954 στρατηγὸς
1176 886 1274 948 τῆς
1319 881 1507 954 Σάμου
1533 883 1666 954 μετᾶ
1714 882 2017 957 χελανδίων

377 965 688 1042 παμφύλων
750 973 789 1035 ς’
848 967 946 1021 ἀνὰ
993 965 1198 1043 ἀνδρῶν
1260 969 1448 1024 αν“καὶ
1498 969 1801 1046 χελανδίων
1832 975 2018 1029 οὐσια-

375 1059 486 1108 κῶν
523 1055 563 1122 ζ’
618 1054 717 1108 ἀνᾶ
764 1052 974 1130 ἀνδρῶν
1033 1058 1142 1131 ρη’.
1183 1058 1598 1130 Ἀπεστάλησαν
1636 1059 1692 1115 δὲ
1743 1063 1875 1134 μετὰ
1922 1069 2018 1118 τοῦ

371 1144 863 1218 πρωτοσπαθαρίου
919 1146 1178 1202 Ἰωάννου
1217 1149 1306 1200 vati
1366 1147 1685 1223 ἆσηκρήτης
1735 1149 1786 1205 ἐν
1825 1153 2017 1230 Ἀφρι-

371 1236 444 1306 κῇ
470 1234 580 1305 (81)
612 1231 879 1308 χελάνδιά
906 1235 955 1308 γ’
984 1234 1072 1289 καὶ
1098 1233 1361 1308 δρόμονες
1395 1234 1440 1290 δ’
1471 1237 1570 1292 ἀνὰ
1598 1236 1806 1312 ἀνδρῶν
1837 1248 1930 1298 cx’.
1959 1243 2019 1299 Ὀ

379 1322 681 1395 στρατηγὸς
741 1326 850 1376 τῶν
885 1318 1310 1398 Κιϐυρῥαιωτῶν
1338 1328 1490 1398 ’μετά
1538 1327 1634 1401 χελ
1649 1326 1840 1384 ανδίων
1869 1351 2021 1402 παμ-

371 1407 561 1487 φύλων
597 1410 640 1477 ς’
671 1409 772 1464 ἀνὰ
818 1409 1030 1487 ἀνδρῶν
1057 1414 1132 1485 ρν’
1180 1413 1271 1468 καὶ
1323 1412 1630 1486 χελανδίων
1665 1418 1938 1493 ούφιακῶν
1973 1420 2020 1487 ς’

375 1498 476 1552 ἂινᾶ
531 1495 737 1573 ἀνδρῶν
773 1501 859 1573 pi"
916 1499 1244 1579 κατελείφθη
1281 1500 1338 1556 δὲ
1388 1503 1477 1557 καὶ
1532 1503 1607 1566 εἷς
1649 1504 1873 1584 φύλαξιν
1915 1511 2017 1562 τοῦ

372 1587 609 1660 θέματος
668 1587 953 1667 πάμφυλοι
1025 1591 1092 1663 β’,
1147 1589 1372 1646 οὐσιακὰ
1439 1590 1499 1650 δ’.
1563 1592 1898 1672 Κατελείφθη
1961 1593 2017 1650 δὲ

371 1677 462 1732 καὶ
496 1679 572 1740 εἰς
615 1680 677 1734 τὸ
715 1680 878 1752 κόψαι
907 1681 1010 1748 τήν
1070 1681 1168 1748 τῆς
1226 1679 1428 1756 ὀγδόης
1489 1680 1805 1746 ἷνδικτίονος
1849 1684 2014 1755 ξυλῆν

373 1767 554 1821 οὐσίαι
595 1769 667 1842 β’.
727 1767 1061 1846 Κατελείφθη
1113 1767 1170 1824 δὲ
1226 1772 1311 1824 καὶ
1375 1770 1452 1831 εἷς
1501 1771 1726 1850 φύλαξιν
1776 1775 1889 1847 (82)
1918 1779 2016 1830 τοῦ

2127 639 2265 678 suas
2296 625 2474 693 usias,
2508 627 2911 684 efﬁciebantur
2950 631 3088 686 usia
3130 632 3216 688 40.
3257 635 3576 694 Russorum
3613 646 3776 696 erant

2127 712 2229 767 viri
2259 714 2385 780 584,
2420 715 2634 785 quibus
2669 718 2714 771 si
2748 727 3128 776 accensentur
3164 723 3231 776 42
3273 728 3433 795 pueri
3478 744 3580 783 seu
3625 729 3774 784 servi

2125 799 2184 854 in
2241 804 2447 858 castris
2505 806 2848 875 servientes,
2881 816 3050 865 erunt
3104 813 3277 867 Russi
3335 815 3588 871 universi
3643 817 3771 872 629.

2123 888 2409 946 Tulmatzi
2445 893 2572 961 368,
2618 896 2823 964 captivi
2875 898 3005 954 700.
3068 899 3566 971 Relinquebantur
3611 905 3769 962 domi

2126 977 2199 1031 ad
2249 980 2572 1036 custodiam
2623 984 2784 1038 urbis
2836 985 3051 1058 [regia]
3101 990 3338 1062 strategi
3381 992 3552 1062 ΙΕεωὶ
3599 993 3770 1050 maris

2126 1082 2260 1122 cum
2293 1067 2616 1124 ehelandiis
2644 1073 2974 1145 pamphylis
3001 1077 3056 1145 6,
3090 1093 3332 1147 quorum
3357 1081 3588 1152 singula
3622 1091 3770 1138 tene-

2129 1161 2263 1212 bant
2293 1157 2446 1212 viros
2489 1169 2761 1216 centenos
2803 1163 3054 1232 vicenos,
3096 1172 3153 1222 et
3189 1169 3516 1229 chelandiis
3559 1173 3767 1229 usiacis

2125 1246 2424 1318 quaternis
2457 1247 2704 1318 singulis
2735 1248 2887 1305 viros
2919 1257 3194 1311 centenos
3223 1261 3458 1314 octonos
3499 1259 3768 1316 vehenti-

2124 1334 2250 1390 bus.
2285 1334 2410 1390 Una
2443 1352 2674 1407 quoque
2705 1337 2830 1393 usia
2859 1340 3301 1412 relinquebatur
3337 1347 3406 1401 ad
3435 1348 3764 1405 cadendam

2122 1422 2378 1495 ligneam
2405 1427 2707 1482 materiam
2741 1429 2867 1498 [pro
2891 1429 3152 1486 adiﬁciis
3173 1433 3420 1503 publicis
3451 1436 3763 1508 erigendis]

2122 1527 2222 1582 per
2269 1513 2587 1569 instantem
2641 1522 2900 1573 octavam
2945 1517 3324 1577 indictionem
3374 1523 3498 1593 [seu
3546 1540 3765 1580 annum

2122 1601 2390 1671 proxime
2438 1606 2820 1676 secuturum].
2878 1606 3049 1662 Porro
3099 1609 3476 1666 mittebantur
3522 1611 3583 1666 in
3632 1613 3766 1667 Cre-

2120 1690 2262 1760 tam]
2298 1693 2585 1761 strategus
2604 1693 2759 1748 Sami
2784 1709 2914 1749 cum
2943 1695 3266 1753 chelandiis
3288 1699 3622 1771 pamphylis
3642 1716 3762 1769 sex,

2121 1794 2371 1848 quorum
2406 1781 2862 1852 unumquodque
2905 1783 3055 1840 viros
3085 1791 3361 1842 centenos
3400 1788 3762 1860 quinquage-

371 1860 540 1927 κυροῦ
589 1861 860 1932 Στεφάνου
915 1863 1013 1912 τοῦ
1045 1856 1474 1936 γυναικαδὲλφου
1516 1865 1612 1915 τοῦ
1662 1860 1932 1935 βασιλέως
1965 1863 2007 1918 ἐν

371 1942 494 1960 ..νη
644 1944 719 1960 ,ι
844 1953 855 1960 .
987 1945 1090 1960 ...
1224 1947 1235 1960 ,
1407 1947 1818 1960 .......,,
1978 1953 1991 1960 -

2124 1883 2231 1922 nos
2261 1867 2546 1934 trahebat,
2579 1875 2634 1924 et
2674 1870 2996 1926 chelandiis
3037 1873 3251 1930 usiacis
3285 1875 3339 1944 6,
3371 1856 3432 1930 et
3465 1875 3522 1931 in
3561 1856 3762 1932 eorum

365 1942 544 2017 Ῥόδῳ
599 1944 757 2000 οὐσία
804 1953 855 2000 α’
911 1948 1002 2001 καὶ
1064 1945 1343 2020 δρομόνων
1403 1947 1449 2004 3'
1504 1950 1600 2005 ἀνὰ
1655 1948 1859 2024 ἀνδρῶν
1911 1953 2012 2008 σκ”

364 2031 564 2088 Γαλὲαι
593 2041 692 2103 τῆς
732 2033 1019 2098 Ἀτταλίας
1066 2037 1148 2103 ιε’,
1185 2036 1270 2107 Ἐξ
1329 2038 1506 2093 αὐτῶν
1567 2037 1896 2114 κατελείφθῆ
1939 2043 2014 2104 εἷς

362 2121 590 2201 φύλαξιν
634 2128 731 2178 τοῦ
779 2124 1010 2197 Οὲματος
1057 2125 1253 2200 γαλέαι
1312 2128 1370 2186 ς’.
1425 2127 1623 2183 Γαλέαι
1666 2129 1772 2198 τῆς
1802 2131 2012 2186 Ἀντιο-

359 2212 516 2286 χείας
547 2215 655 2281 (83)
827 2211 1260 2288 Κςτελείφθησαν
1310 2216 1401 2270 καὶ
1450 2217 1604 2272 αὗται
1650 2217 1727 2278 εἷς
1785 2217 2008 2297 φύλαξιν

348 2303 448 2354 τοῦ
479 2299 646 2354 αὐτοῦ
693 2301 950 2372 θέματος.
987 2302 1182 2357 Γαλὲαι
1239 2309 1340 2372 τῆς
1392 2304 1706 2377 Καρπάθου.
1755 2305 2008 2362 Κατελείο

356 2399 566 2467 φθησαν
617 2387 694 2451 εἴς
744 2388 971 2468 φύλαξιν
1023 2394 1123 2456 τῆς
1173 2394 1348 2462 νήσου
1391 2395 1686 2468 Καρπάθου
1733 2395 1902 2468 γαλέα
1940 2398 2006 2453 α’.

360 2477 492 2533 ’Λπὸ
529 2480 627 2531 τοῦ
672 2476 908 2551 θέματος
953 2476 1375 2549 Πελοποννησου
1427 2482 1455 2535 6
1513 2483 1877 2561 τουρμάρχης
1908 2491 2006 2554 τῆς

359 2566 638 2640 παραλίου
679 2567 812 2639 μετά
861 2565 1162 2642 χελανδίων
1224 2566 1309 2625 δι’.
1342 2570 1477 2626 Ἀπὸ
1515 2575 1622 2625 τῶν
1682 2569 2004 2646 λίαρδαῖτῶν

358 2659 464 2709 τῶν
495 2662 594 2723 τῆς
645 2655 854 2710 Δύσεως
915 2657 1186 2730 θεμάτων,
1219 2655 1603 2727 Νικοπόλεως,
1665 2660 2009 2732 Πελοποννή-

363 2763 481 2812 σου,
503 2741 848 2821 Κεφαληνίας
881 2742 1068 2819 ὀὶνδρες
1098 2768 1161 2820 ⁸γ.

2128 1972 2481 2028 unoquoque
2539 1957 2676 2013 viris
2733 1958 2854 2014 108.
2916 1959 3300 2017 Mittebantur
3346 1979 3576 2035 quoque
3625 1980 3761 2020 cum

2121 2045 2346 2101 Joanne
2377 2047 2843 2118 protospatbario
2874 2057 2925 2104 et
2957 2059 3210 2106 asecreta
3248 2051 3307 2106 in
3341 2051 3592 2108 Africam
3624 2053 3762 2108 che-

2121 2133 2318 2188 landia
2364 2136 2398 2189 3
2446 2139 2502 2190 et
2550 2136 2858 2192 dromones
2917 2138 2969 2203 4,
3022 2138 3312 2212 habentes,
3346 2139 3560 2212 singuli
3608 2140 3760 2197 viros

2122 2223 2478 2280 ducentenos
2545 2225 2798 2280 vicenos.
2869 2226 3166 2298 Strategus
3229 2227 3758 2298 Cibyrrhaotarum

2122 2312 2462 2368 mittebatur
2492 2329 2624 2368 cum
2656 2313 2979 2369 cbelandiis
3010 2314 3335 2387 pamphylis
3366 2332 3486 2384 sex,
3520 2317 3758 2373 trahen-

2119 2401 2277 2456 tibus
2334 2401 2582 2473 singulis
2633 2401 2785 2457 viros
2843 2406 3116 2458 centenos
3183 2403 3644 2476 quinquagenos,
3704 2410 3763 2462 et

2118 2488 2439 2544 chelandiis
2468 2489 2682 2544 usiacis
2714 2491 2748 2542 6
2779 2505 2910 2544 cum
2951 2490 3092 2545 viris
3119 2507 3352 2562 quoque
3392 2493 3650 2549 centenis
3687 2494 3759 2549 de

2119 2578 2230 2632 nis.
2268 2577 2767 2648 Relinquebantur
2797 2579 2855 2632 in
2889 2578 3224 2650 prasidium
3257 2580 3563 2650 provincia
3598 2599 3758 2650 pain-

2115 2665 2274 2734 pbyli
2303 2667 2358 2734 2,
2391 2666 2589 2722 usiaca
2618 2666 2922 2722 chelandia
2953 2669 2984 2722 4
3007 2687 3022 2735 ;
3045 2667 3183 2722 item
3217 2667 3356 2724 usia
3384 2671 3419 2723 2
3440 2671 3510 2724 ad
3542 2671 3760 2726 caden-

2115 2755 2248 2808 dam
2313 2755 2616 2810 materiam
2672 2772 2772 2825 pro
2821 2760 3024 2811 octava
3072 2756 3409 2812 indictione.
3459 2757 3646 2812 Etiam
3695 2759 3756 2814 in

365 2835 552 2890 insula
611 2835 808 2893 Rhodo
866 2837 1296 2894 observandum
1365 2840 1675 2896 Dominum
1746 2841 2125 2910 Stephanum,
2195 2844 2429 2899 fratrem
2500 2844 2906 2914 imperatricis,
2963 2844 3399 2917 relinquebatur
3456 2847 3586 2903 usia
3641 2865 3760 2904 una

364 2929 422 2981 et
451 2926 752 2982 dromonia
783 2937 1049 2999 quatuor,
1106 2929 1214 2983 220
1279 2931 1541 3000 quodque
1602 2931 2054 2987 classiariorum.
2114 2933 2189 2987 De
2237 2933 2569 3002 quindecim
2641 2935 2823 3004 galeis
2879 2936 3103 2990 Attalia
3154 2935 3634 3006 relinquebantur
3683 2938 3756 2992 ad

367 3015 686 3072 custodiam
731 3016 899 3072 istius
937 3017 1241 3087 provincia
1285 3019 1460 3090 galea
1503 3034 1623 3073 sex.
1669 3018 1830 3074 Domi
1873 3035 2106 3090 quoque
2143 3023 2460 3077 manebant
2498 3022 2624 3076 dua
2662 3023 2990 3078 Antiochia
3031 3022 3210 3094 galea
3255 3024 3508 3094 praesidii
3555 3041 3753 3082 causa.

360 3102 602 3160 Naulica
642 3121 873 3177 quoque
912 3106 998 3161 vis
1037 3106 1243 3163 insula
1292 3107 1566 3180 Carpathi
1610 3108 1766 3164 domi
1808 3109 2108 3165 restitabat
2145 3111 2416 3167 eumdem
2465 3111 2522 3166 in
2572 3112 2767 3168 ﬁnem.
2813 3112 3182 3168 Consistebat
3229 3116 3356 3167 tum
3410 3129 3476 3169 ea
3527 3117 3653 3170 tota
3696 3113 3758 3168 in

359 3209 472 3247 una
531 3192 716 3263 galea.
775 3195 1133 3264 Expeditioni
1192 3197 1466 3254 intererat
1523 3213 1553 3251 e
1614 3197 1866 3254 themate
1925 3197 2306 3270 Peloponnesi
2360 3201 2696 3257 turmarcha
2753 3217 2864 3256 ora
2921 3201 3225 3257 maritima
3281 3217 3412 3257 cum
3453 3202 3748 3259 chelandii

362 3284 626 3351 quatuor.
666 3282 1076 3337 Mardaitarum
1117 3299 1148 3337 e
1187 3286 1499 3354 provinciis
1540 3287 2016 3355 occidentalibus,
2057 3293 2122 3342 ut
2171 3289 2451 3362 Nicopoli,
2502 3290 2896 3360 Peloponneso
2944 3295 3001 3345 et
3041 3289 3390 3362 Cephalenia
3435 3291 3754 3348 excitorum

361 3367 602 3422 aderant
631 3367 740 3420 viri
772 3372 858 3422 ter
889 3367 1062 3423 mille.

851 3455 948 3509 Διᾶ
978 3459 1074 3510 τυῦ
1100 3450 1540 3530 καϐαλλαρικοῦ.

436 3543 574 3598 Ἀπὸ
620 3547 716 3598 τοῦ
775 3542 1006 3616 θέματος
1073 3544 1288 3618 Θρᾴκης
1346 3547 1373 3598 ὁ
1439 3549 1848 3620 τοποτηρητῆς,
1915 3549 2004 3601 καὶ

362 3631 468 3686 ἀπὸ
498 3637 608 3688 τῶν
640 3629 685 3686 δ’
723 3633 1019 3708 ταγμάτων
1065 3631 1328 3712 ἄρχοντες
1378 3631 1564 3707 ἄνδρες
1600 3634 1748 3708 μλθ’,
1798 3634 2008 3710 σχολά-

367 3725 602 3795 ριοιτῶν
660 3719 702 3775 δ’
729 3721 1046 3796 ταγμάτων,
1104 3720 1296 3796 ἄνδρες
1353 3720 1479 3777 τνδ¹⁸
1551 3724 1695 3796 ὁμοῦ
1745 3723 2005 3798 ἄρχοντες

357 3809 448 3864 καὶ
481 3809 773 3885 σχολάριοι
822 3808 1006 3866 τῶνδ’
1061 3813 1376 3887 ταγμάτων,
1411 3809 1599 3887 ἄνδρες
1667 3813 1804 3890 υίιγξ
1862 3814 1999 3871 Ἀπὸ

355 3904 465 3955 τῶν
537 3900 766 3974 θέματος
824 3899 1154 3964 Μακεδονίας
1224 3903 1254 3956 6'
1309 3905 1698 3978 τοποτηρητὴς
1749 3905 1835 3958 καὶ
1895 3903 2001 3958 ἀπὸ

355 3993 464 4044 τῶν
495 3986 540 4043 δ’
586 3992 882 4067 ταγμάτων
933 3989 1223 4070 ἄρχοντες,
1282 3989 1470 4066 ἄνδρες
1525 3993 1634 4067 πγ’.
1695 3991 1998 4069 Σχολάριοι

2745 3473 2822 3524 De
2849 3470 3126 3539 equitatu.

2185 3553 2460 3622 Equitum
2503 3555 2741 3609 aderant
2782 3556 2850 3608 ad
2911 3555 3072 3610 illam
3112 3555 3538 3625 expeditionem
3581 3556 3661 3614 hi.
3707 3559 3748 3613 E

2117 3637 2372 3693 themate
2401 3640 2656 3694 Thracia
2688 3640 3059 3696 lociservator
3089 3646 3142 3696 et
3161 3646 3406 3713 quatuor
3428 3648 3752 3716 tagmatum

2115 3732 2384 3793 rectores,
2420 3727 2518 3797 qui
2550 3728 2702 3783 viros
2739 3728 2838 3782 l39
2877 3729 3229 3796 efﬁciebant,
3273 3746 3403 3786 cum
3448 3731 3756 3788 scholariis

2112 3819 2360 3884 quatuor
2408 3819 2753 3884 tagmatum,
2806 3816 3092 3888 capitibus
3144 3816 3266 3872 354.
3310 3817 3373 3873 In
3412 3820 3748 3875 universum

2111 3902 2194 3959 illi
2227 3902 2566 3969 efﬁciebant,
2610 3908 2723 3958 tam
2757 3911 3028 3972 rectores,
3072 3921 3250 3975 quam
3293 3905 3567 3963 scholarii
3608 3924 3753 3979 qua-

2108 3997 2238 4048 tuor
2267 4000 2590 4066 tagmatum
2640 3994 2817 4050 simul
2857 3995 3098 4066 sumpti,
3138 3997 3330 4068 capita
3368 3997 3492 4055 493.
3539 4001 3578 4052 Ε
3621 3998 3749 4056 the-

1402 4113 1606 4169 JOAN.
1666 4113 1809 4170 JAC.
1854 4111 2104 4168 REISKII
2144 4111 2730 4169 COMMENTARIUS.

430 4218 550 4292 (80)_
592 4219 655 4274 Id
704 4223 792 4274 est
824 4216 1024 4292 guttam
1053 4219 1425 4292 lignaturam,
1487 4220 1791 4276 materiam
1830 4219 1993 4292 ligni

363 4289 652 4361 eadedam
687 4307 788 4361 pro
820 4289 1138 4347 indictione
1181 4309 1284 4348 seu
1327 4309 1482 4347 anno
1531 4293 1745 4348 futuro.
1799 4289 1994 4348 Naula

363 4360 461 4413 otii
493 4360 752 4429 tempore
769 4363 857 4416 vel
888 4363 1122 4433 quando
1146 4380 1259 4418 non
1287 4363 1344 4418 in
1379 4363 1738 4433 expeditione
1765 4363 1996 4418 nautica

359 4437 578 4495 essent,
618 4433 690 4486 ad
722 4449 896 4503 opera
927 4435 1159 4503 publica
1190 4434 1638 4502 adhibebantur,
1672 4437 1736 4488 ut
1757 4435 1824 4488 ad
1847 4449 1998 4488 com-

361 4505 707 4576 portandarn
765 4504 1023 4560 adiﬁciis
1060 4505 1313 4576 publicis
1360 4505 1656 4560 struendis
1696 4503 1993 4559 materiem

362 4572 498 4646 (vid.
536 4573 647 4646 Leo
677 4573 938 4646 Gramm.
972 4594 1027 4646 p.
1060 4572 1168 4629 172
1197 4583 1253 4632 et
1291 4577 1414 4631 481.
1447 4577 1686 4632 Cedren.
1721 4593 1774 4643 p.
1805 4576 1912 4630 585
1940 4578 1997 4646 et

362 4643 512 4714 599),
571 4645 656 4699 ita
710 4645 802 4700 hic
859 4643 1104 4718 loci'_ad
1165 4649 1434 4703 cadenda
1496 4649 1653 4718 ligna
1690 4647 1777 4718 fin
1845 4645 2082 4718 silvisD

365 4730 470 4784 pro
526 4730 636 4771 usu
678 4719 780 4771 aut
821 4716 1018 4787 palatii
1059 4721 1158 4772 aut
1211 4721 1355 4774 forte
1395 4716 1567 4775 totius
1617 4717 1780 4774 urbis
1830 4717 2003 4772 CPta-

363 4801 472 4840 Πω-

434 4857 548 4927 (81)
596 4856 790 4913 Africa
830 4857 924 4913 hic
964 4862 1052 4913 est
1093 4875 1202 4914 non
1246 4876 1380 4929 pars
1416 4863 1697 4914 terrarum
1739 4858 1892 4914 orbis
1936 4859 2007 4913 de

362 4933 617 4999 quatuor
645 4944 781 4996 una,
814 4930 913 4984 sed
938 4934 1040 4984 aut
1063 4929 1358 4999 provincia
1378 4931 1578 4984 stricte
1607 4930 1691 4985 sic
1712 4931 1888 4994 dicta,
1911 4934 2010 4984 aut

367 4996 547 5071 l_1uj_us
578 4999 882 5071 provincia
916 4996 1180 5069 capitalis
1219 4999 1598 5071 cognominis,
1640 5000 1806 5055 sedes
1856 5001 2008 5071 regia

362 5067 856 5140 Fatbemidarum,
915 5067 1224 5139 antequam
1285 5067 1343 5125 in
1384 5074 1694 5140 Egyptum
1732 5069 2009 5123 transmi-

361 5143 614 5210 grarent,
645 5137 791 5194 alias
820 5143 890 5194 de
919 5137 1215 5196 conditore
1246 5145 1300 5195 et
1331 5137 1717 5210 gentis'istius
1747 5141 2004 5210 eturbis,

363 5209 621 5276 Mahadi,
655 5210 923 5265 Mahadia
946 5212 1100 5265 dicta
1129 5213 1201 5280 (ν.
1235 5209 1588 5266 D’Herbelot.
1614 5209 1758 5265 Bibl.
1788 5209 2002 5265 Orient.

360 5297 412 5335 v.
458 5281 706 5336 Mehedia
747 5298 800 5351 p.
842 5283 994 5353 573.)
1036 5282 1450 5337 Dominabatur
1499 5287 1690 5336 autem
1743 5297 1809 5335 eo
1852 5287 2005 5353 item-

359 5367 516 5422 pore,
565 5363 633 5407 A.
685 5355 746 5406 C.
803 5353 929 5413 949,
975 5354 1177 5407 Africa
1220 5354 1559 5416 Almansur,
1609 5369 1787 5421 nepos
1848 5352 2004 5422 illius

360 5421 714 5487 Almahadii,
767 5439 940 5494 quem
993 5425 1162 5478 modo
1218 5421 2003 5494 nominavimustprimiide

365 5501 532 5560 gente
582 5492 1054 5549 Fathemldarum
1094 5495 1150 5549 in
1191 5495 1378 5549 Africa
1420 5500 1477 5549 et
1525 5492 1873 5564 Mauritania
1905 5493 2003 5564 dy-

366 5569 567 5617 nasta.
623 5567 745 5620 Non
809 5565 954 5620 bene
1018 5566 1390 5621 conveniebat
1457 5565 1544 5619 his
1622 5562 1998 5633 Fatbemidis,

365 5633 566 5707 Africa
617 5639 676 5707 et
715 5635 922 5707 Sicilia
967 5644 1136 5707 atque
1198 5635 1476 5692 Sardinia
1533 5635 1999 5707 domin_is,___cum

371 5701 714 5771 0mmiadis,
746 5705 844 5778 qui
870 5701 1202 5778 supremum
1225 5712 1366 5764 tunc
1397 5707 1702 5781 imperium
1724 5705 1783 5760 in
1808 5705 1979 5779 Hispa

2103 4236 2210 4274 nos
2236 4219 2456 4292 Arabes
2485 4235 2802 4292 eorumque
2834 4219 3053 4292 multos
3083 4219 3343 4275 diversos
3367 4221 3598 4292 regulos
3625 4237 3747 4278 om-

2105 4307 2208 4363 nes
2238 4291 2599 4345 exercebant.
2645 4291 2762 4363 Illa
2801 4291 3130 4363 simultates
3174 4291 3744 4363 tempore’postsub

2103 4361 2424 4424 Almoézzo,
2451 4363 2622 4417 istius
2646 4361 2976 4417 Almansuri
3001 4361 3161 4429 iiilio,
3176 4361 3233 4416 in
3251 4361 3508 4431 apertum
3527 4362 3744 4418 bellum

2105 4433 2506 4502 erumpebant.
2561 4431 2802 4486 Videtur
2856 4434 3054 4502 itaque
3106 4431 3427 4502 legationis
3472 4433 3631 4488 illius
3679 4434 3743 4489 in

2103 4503 2354 4557 Africam
2377 4518 2583 4572 scopus
2614 4503 2810 4565 fuisse,
2835 4508 2895 4555 ut
2917 4501 3252 4569 A’Imansur,
3276 4501 3548 4559 dominus
3570 4506 3745 4559 maris

2105 4573 2509 4628 mediterranei
2557 4575 2704 4626 inter
2735 4572 2991 4626 Siciliam
3030 4573 3396 4645 etGraciam
3434 4574 3744 4645 interjecti,

2113 4649 2428 4698 Saracenos
2494 4645 2813 4708 Cretenses,
2880 4649 2943 4698 ut
2993 4660 3032 4716 _a
3094 4644 3392 4716 Saracenis
3468 4644 3745 4716 Hispanis

2115 4716 2531 4785 dependentes,
2587 4728 2899 4785 eorumque
2956 4711 3125 4785 olim,
3165 4712 3444 4785 ἀποικους,
3521 4711 3749 4772 vexaret

2117 4783 2398 4857 quantum
2433 4793 2620 4857 posset
2648 4801 2662 4852 ;
2696 4783 2828 4857 vidi
2843 4785 2912 4838 ad
2945 4799 2998 4853 p.
3033 4783 3156 4850 330,
3191 4784 3372 4857 _di_cta.

2187 4857 2296 4926 (82)
2349 4855 2696 4926 Stephanus,
2749 4854 2902 4909 ﬁlius
2957 4854 3204 4926 Romani
3251 4854 3550 4926 Lecapeni,
3604 4857 3742 4913 olim

2115 4924 2465 4996 imperator,‘
2500 4927 2728 4981 tandem
2765 4941 2916 4981 anno
2953 4925 3078 4991 945,
3119 4924 3354 4980 ineunte
3393 4924 3427 4981 ἁ
3465 4924 3745 4982 Constan-

2117 4998 2235 5078 t_in_o
2271 4997 2528 5078 imperio
2575 5002 2771 5078 exutus
2831 4997 3001 5078 e_t_in
3058 4996 3480 5078 Proconnesum
3531 4998 3743 5078 primo,

2117 5069 2324 5124 deinde
2372 5066 2634 5123 Rhodum
2687 5066 3024 5130 translatus,
3078 5067 3313 5121 exilium
3355 5074 3410 5122 et
3458 5066 3744 5137 privatam

2113 5141 2290 5193 vitam
2323 5155 2423 5208 per
2462 5139 2528 5192 19
2570 5155 2752 5210 annos
2793 5138 3055 5193 toleravit
3093 5137 3202 5210 Vid
3250 5138 3487 5210 Cedren.
3520 5157 3573 5210 p.
3615 5139 3743 5197 634.

2114 5215 2170 5264 et
2202 5210 2535 5278 Luitprand.
2565 5209 2781 5264 Hister.
2817 5209 2854 5264 l.
2887 5224 2965 5271 vr,
2992 5225 3119 5276 cap.
3153 5209 3352 5273 10,11.

2187 5281 2298 5351 (83)
2339 5280 2705 5334 Antiochiam
2745 5279 3015 5335 tenebant
3045 5279 3228 5351 Graci
3280 5281 3350 5351 ab
3400 5280 3484 5345 A._
3512 5279 3570 5334 C.
3614 5281 3740 5335 903.

2113 5351 2282 5419 (teste
2315 5351 2449 5422 Hagi
2484 5351 2748 5415 Chalil'at)
2783 5353 2848 5422 arl
2883 5353 2948 5404 A.
2999 5350 3154 5414 1070,
3187 5367 3301 5420 quo
3340 5350 3540 5405 Turcis
3577 5351 3744 5422 cessit

2113 5427 2241 5490 post
2288 5423 2486 5476 infelix
2537 5423 2768 5476 Romani
2824 5421 3096 5490 Diogenis
3146 5437 3276 5474 cum
3324 5423 3455 5490 Alp.
3497 5421 3742 5476 Arslano

2112 5491 2393 5561 pralium.
2447 5493 2622 5560 Atqui
2664 5499 2856 5546 tamen
2899 5492 3124 5545 invenio
3176 5494 3325 5553 apud
3368 5492 3739 5559 Abultedam,

2112 5579 2264 5617 anno
2303 5564 2432 5617 Chr.
2491 5562 2615 5632 965,
2673 5579 2797 5618 eam
2834 5562 3156 5634 Saracenis
3206 5563 3589 5619 Tarsensibus
3645 5580 3744 5634 pa-

2111 5634 2347 5710 ruisse_._
2377 5635 2550 5710 Anno
2586 5639 2779 5691 tamen
2823 5633 2950 5703 969,
3005 5635 3294 5693 Romanos
3339 5649 3468 5691 eam
3499 5633 3730 5710 recupeq

2111 5720 2264 5761 resse
2294 5705 2446 5762 idem
2477 5704 2576 5762 ait.
