4122 6296
388 343 542 403 1235

1443 327 1975 391 CONSTANTINI
2016 318 2720 388 PORPHYROGENITI

3629 321 3656 379 1
3670 319 3794 380 236

387 480 543 533 mate
571 474 917 533 Macedoniae
948 469 1323 529 lociservator
1342 473 1394 521 et
1425 471 1675 535 quatuor
1696 464 2024 532 tagmatum

2160 461 2245 511 τῶν
2279 455 2324 510 δ’
2369 453 2664 529 ταγμάτων
2710 448 2922 527 ἄνδρες,
2962 449 3114 529 σίπμκ
3175 450 3316 523 ὁμοῦ
3370 450 3635 525 ἄρχοντες
3694 449 3792 505 καί

387 569 655 633 rectores,
698 563 805 620 viri
844 562 956 628 83;
997 566 1054 617 et
1097 554 1371 614 scholarii
1413 556 1662 625 quatuor
1700 553 2027 621 tagmatum

384 655 497 711 viri
514 655 640 725 293,
674 653 771 726 qui
803 649 978 709 simul
1010 645 1230 717 sumpti
1261 643 1403 715 [una
1440 657 1572 697 cum
1606 637 2028 711 superioribus]

386 743 652 800 efﬁciunt
689 754 995 797 numerum
1052 735 1355 791 hominum
1408 731 1535 786 869.
1585 728 1627 784 Ε
1676 726 2029 797 tagmatibus

387 831 655 903 peraticis
686 830 932 885 aderant
961 824 1262 897 prefectus
1283 818 1686 878 excubitorum
1717 815 1867 874 885
1892 830 2030 873 cum

385 917 789 974 losiservatore
819 929 925 970 suo
966 915 1207 985 totoque
1246 925 1353 965 suo
1395 910 1674 980 tagmate,
1718 906 1896 977 quod,
1938 919 2031 960 rs-

385 1005 640 1062 ctoribus
668 1007 726 1060 et
754 1001 1062 1060 scholariis
1101 997 1278 1056 simul
1319 996 1697 1069 computatis,
1735 992 2022 1050 efficiebat

384 1093 538 1149 viros
594 1093 702 1148 700
752 1109 768 1159 ;
816 1091 959 1147 item
1017 1091 1220 1147 aderat
1262 1086 1666 1143 hicanatorum
1732 1083 2033 1155 praefectus

388 1200 522 1241 cum
552 1182 957 1241 lociservatore
986 1197 1093 1238 suo
1124 1184 1182 1236 et
1212 1179 1444 1238 cohorte
1475 1194 1602 1245 sua,
1644 1192 1775 1248 quas
1809 1178 2035 1232 consta-

386 1274 486 1330 bat
512 1273 653 1330 viris
688 1274 814 1342 456,
842 1276 965 1329 tam
1007 1269 1351 1335 rectoribus,
1394 1282 1571 1340 quam
1612 1264 2029 1322 cohortalibus.

386 1363 467 1419 De
497 1361 612 1418 illis
634 1362 927 1431 Armenia,
950 1359 1053 1433 qui
1079 1375 1263 1431 nuper
1285 1357 1457 1413 modo
1478 1372 1612 1412 cum
1636 1354 2035 1426 assignatione

388 1467 543 1523 roga;
574 1449 812 1506 Natoliss
845 1447 1193 1519 tagmatibus
1226 1445 1485 1517 adjuncti
1520 1444 1770 1511 fuerant,
1795 1442 2036 1497 aderant

389 1538 499 1593 viri
531 1537 706 1593 mille.
741 1536 822 1592 De
850 1534 1279 1591 Sthlabesianis
1311 1534 1437 1601 [seu
1460 1530 1671 1601 Slavis]
1696 1529 2034 1585 sedentibus

388 1625 451 1682 in
481 1625 711 1697 Opsicio
738 1624 843 1679 viri
871 1624 998 1679 220.
1035 1623 1176 1679 Item
1209 1622 1409 1677 aderat
1455 1624 1744 1687 strategus
1782 1618 2036 1675 Thrace-

392 1715 688 1771 sianorum
735 1729 868 1769 cum
900 1712 1086 1768 tribus
1137 1710 1259 1767 suis
1303 1707 1655 1765 turmarchis
1702 1710 1763 1763 et
1800 1705 2038 1779 reliquis

397 1804 521 1859 suis
550 1802 872 1858 rectoribus
910 1798 1367 1873 provincialibus
1406 1797 1794 1867 cmnibusquc
1833 1794 2040 1868 primi-

396 1890 531 1964 pilis
571 1895 631 1946 et
677 1894 796 1946 tota
844 1905 951 1945 sua
998 1888 1364 1960 processione
1415 1890 1474 1941 et
1528 1884 1835 1952 militibus,
1895 1900 2041 1956 quos

408 1978 707 2051 drungarii
739 1984 793 2034 et
822 1977 1061 2035 comites
1087 1976 1243 2032 illius
1272 1975 1475 2031 usibus
1495 1974 1870 2047 praestabant,
1899 1973 2041 2029 viris

400 2084 610 2140 nempe
658 2067 777 2123 150.
824 2065 971 2123 Nam
1020 2065 1227 2138 reliqui
1280 2066 1385 2120 800
1436 2065 1764 2120 debuerunt
1818 2061 2039 2119 viritim

401 2160 715 2228 quaternos
759 2170 1028 2211 nummos
1073 2158 1370 2227 praestare.
1414 2152 1577 2209 Unde
1612 2152 1883 2208 coniectas
1925 2151 2045 2207 fue-

400 2248 542 2301 runt
581 2244 728 2300 litraa
769 2244 860 2311 41,
901 2243 1183 2299 numism.
1227 2243 1316 2297 32.
1358 2241 1438 2298 De
1475 2241 1684 2312 quibus
1723 2239 2047 2312 accipiebat

399 2333 600 2390 thema
627 2331 981 2401 Gharpezicii
1012 2330 1178 2387 litras
1206 2330 1298 2395 24,
1332 2330 1685 2386 numismata
1712 2329 1804 2386 56.
1827 2329 1933 2385 Sed
1961 2327 2048 2382 di-

400 2419 672 2488 ligentius
690 2420 883 2475 adhuc
902 2419 1052 2491 apud
1074 2419 1411 2477 archontem
1434 2417 1847 2490 inquirendum
1870 2417 1930 2473 in
1953 2433 2048 2474 ve—

404 2524 536 2564 rum
569 2524 874 2564 numerum
917 2506 1176 2563 militum
1213 2506 1274 2563 in
1310 2508 1536 2563 Cretam
1576 2507 1978 2578 expeditorum
2018 2523 2049 2561 ε

405 2595 660 2651 themate
706 2595 1142 2651 Thraccnsium.
1183 2601 1263 2651 De
1303 2596 1573 2651 Armenia
1612 2594 1879 2666 ejusdem
1920 2594 2047 2650 the-

405 2684 574 2740 matis
604 2682 1045 2751 Thracensium,
1077 2699 1239 2739 oram
1270 2683 1429 2739 illius
1460 2683 1810 2740 maritimam
1845 2687 2046 2740 custo-

405 2770 722 2840 dientibus,
754 2770 997 2827 aderant
1026 2771 1131 2827 viri
1156 2772 1283 2839 600,
1310 2771 1478 2827 exciti
1508 2787 1707 2827 verum
1741 2772 1815 2827 ob
1847 2771 2052 2844 pauci-

404 2863 584 2914 tatem
600 2860 836 2915 navium
861 2860 1255 2915 onerariarum
1279 2876 1394 2916 non
1426 2859 2053 2932 sinebanturtrajicere

406 2947 521 3004 nisi
550 2947 953 3003 tantummodo
989 2948 1097 3003 viri
1137 2947 1582 3020 quinquaginta.
1632 2948 1842 3005 Aderat
1891 2964 2051 3019 porro

409 3038 698 3105 strategus
728 3034 1079 3106 Charpezicii
1111 3050 1246 3091 cum
1277 3039 1396 3090 toto
1434 3034 1692 3090 themate
1723 3052 1853 3101 suo,
1885 3033 1943 3089 id
1968 3040 2056 3091 est

2142 541 2435 620 σχολάριοι
2493 546 2602 598 τῶν
2640 542 2911 614 τεσσάρων
2964 539 3286 617 ταγμάτων,
3362 535 3556 613 ἀνδρες
3639 540 3789 609 ωξθύ

2142 633 2275 691 Ἀπὸ
2333 636 2440 688 τῶν
2488 634 2793 707 περατικῶν
2838 628 3138 705 ταγμάτων
3166 628 3216 684 ’ὁ
3265 621 3594 701 ὶξκουϐίτωρ
3655 630 3793 701 μετᾶ

2140 726 2238 778 τοῦ
2286 740 2674 794 τοποτηρητου
2730 716 2897 774 αὐτοῦ
2951 717 3044 773 καὶ
3099 717 3297 780 παντός
3352 721 3450 772 τοῦ
3507 717 3792 793 τάγματος

2142 811 2325 876 αὐτοῦ,
2386 811 2674 886 ἀρχόντων
2720 810 2811 864 καὶ
2869 806 3214 884 σχολαρίων,
3265 808 3406 878 ὁμοῦ
3472 802 3683 881 ἀνδρῶν
3712 808 3787 882 ψ’.

2143 902 2204 959 Ὀ
2233 899 2484 963 ἱκανάτος
2518 901 2653 972 μετᾶ
2691 903 2789 956 τοῦ
2848 900 3236 972 τοποτηρητοῦ
3264 896 3429 952 αὐτοῦ
3469 898 3557 951 καὶ
3588 899 3789 958 παντὸς

2141 996 2237 1047 τοῦ
2278 993 2557 1067 τάγματος
2595 990 2783 1060 αὐτοῦ,
2814 990 3098 1066 ἀρχόντων
3128 987 3217 1044 καὶ
3274 985 3615 1063 σχολαρίων,
3648 987 3790 1062 ὁμοῦ

2144 1078 2353 1156 ἀνδρῶν
2397 1087 2528 1145 υνς’.
2571 1080 2710 1138 Ἀπὸ
2748 1084 2857 1136 τῶν
2912 1078 3215 1153 Ἀρμενίων
3274 1077 3381 1133 τῶν
3446 1077 3648 1152 ἀρτίως
3703 1098 3795 1133 κα-

2142 1168 2481 1245 ταταγέντων
2533 1168 2852 1246 ρογεύεσϐαι
2897 1166 2976 1230 εἷς
3032 1168 3098 1222 τὰ
3147 1172 3252 1236 τῆς
3325 1163 3629 1234 Ἀνατολῆς
3702 1164 3794 1220 ti-

2146 1279 2351 1336 γματα,
2393 1254 2606 1333 ἀνδρῶν
2638 1278 2710 1332 ⁸α.
2740 1257 2881 1314 Ἀπὸ
2929 1260 3036 1311 τῶν
3068 1250 3495 1326 Σθλαόησιάνων
3527 1258 3636 1310 τῶν
3664 1256 3796 1310 καθ-

2147 1346 2366 1421 ημένων
2434 1347 2508 1409 εἰς
2557 1347 2620 1402 τὸ
2669 1347 2883 1421 ἆψίκιον
2927 1342 3132 1420 ἀνδρῶν
3199 1347 3297 1400 σκ’.
3362 1345 3422 1402 Ὀ
3486 1343 3795 1419 στρατηγὸς

2144 1442 2252 1492 τῶν
2305 1436 2626 1510 Θρακησίων
2683 1436 2818 1509 μετὰ
2846 1439 2954 1490 τῶν
2993 1437 3161 1509 τριῶν
3205 1432 3370 1489 αὐτοῦ
3424 1436 3795 1508 τουρμαρχῶν

2144 1526 2235 1580 καὶ
2265 1530 2370 1580 τῶν
2423 1522 2634 1580 λοιπῶν
2686 1524 2994 1597 θεματικῶν
3024 1522 3309 1597 ἀρχόντων
3340 1521 3505 1576 αὐτοῦ
3541 1519 3629 1576 καὶ
3659 1521 3792 1576 πάν-

2144 1635 2253 1669 των
2295 1616 2403 1668 τῶν
2445 1616 2761 1689 προαγετῶν
2807 1613 2896 1667 καὶ
2936 1612 3116 1681 πάσης
3172 1611 3341 1665 αὐτοῦ
3385 1613 3486 1675 τῆς
3528 1608 3798 1686 προελεύ-

2151 1724 2284 1765 σεως
2314 1702 2401 1757 καὶ
2437 1705 2805 1776 στρατιωτῶν,
2838 1702 2915 1755 ὧν
2966 1699 3120 1775 εἶχον
3180 1699 3233 1754 αἱ
3290 1696 3652 1777 δρουγμάριοι
3702 1699 3795 1754 καὶ

2148 1788 2389 1867 κόμητες
2430 1789 2505 1853 εἷς
2537 1788 2790 1846 δουλείαν
2832 1788 3034 1861 αὐτῶν,
3068 1784 3274 1863 ἀνδρῶν
3309 1788 3410 1864 ρν’.
3463 1790 3551 1851 Ὠς
3593 1786 3793 1862 ἐτέρων

2152 1883 2213 1937 ω’
2262 1884 2606 1955 στρατιωτῶν
2661 1878 3068 1950 ἀπαιτηθέντων
3119 1876 3378 1951 λογάριον
3421 1875 3517 1932 ἆνά
3574 1873 3643 1933 δ’.
3696 1875 3795 1935 Δί-

2149 1990 2270 2045 τραι
2307 1971 2399 2045 μα’
2439 1967 2605 2044 ν.λβ’.
2632 1968 2733 2026 Καὶ
2786 1968 2835 2038 ἐξ
2893 1968 3073 2024 αὐτῶν
3102 1966 3365 2045 ἐρογεόθη
3415 1966 3478 2021 τὸ
3526 1966 3667 2040 θέμα
3697 1969 3798 2021 τοῦ

2152 2059 2519 2136 Χαρπεζικίου
2553 2055 2741 2134 λίτρας
2761 2054 2867 2129 κδ’,
2893 2058 3044 2122 ν.νς’.
3076 2058 3233 2127 Ζήτει
3267 2054 3344 2118 εἷς
3366 2057 3498 2116 τοὺς
3526 2053 3796 2131 ἄρχοντας

2153 2146 2649 2224 λεπτομερέστερον
2706 2148 2816 2221 (84)
2861 2151 2963 2201 τοῦ
3018 2145 3361 2224 πεφάσαντος
3419 2141 3557 2199 λαοῦ
3625 2143 3676 2199 ἐν
3731 2148 3799 2219 τῇ

2155 2239 2308 2310 νήσῳ
2335 2239 2527 2312 Κρήτῃ
2557 2235 2665 2291 ἀπό
2711 2240 2809 2292 τοῦ
2839 2235 3076 2308 θέματος
3120 2238 3228 2291 τῶν
3288 2232 3631 2308 Θρᾳκησίων,
3667 2234 3806 2291 Ἀπὸ

2156 2331 2266 2383 τῶν
2334 2324 2643 2401 Ἀρμενίων
2682 2327 2785 2396 τὴν
2833 2324 3000 2380 αὐτοῦ
3051 2322 3307 2397 θὲματος,
3337 2326 3444 2377 τῶν
3486 2323 3809 2397 Θρᾳκησῖων

2158 2420 2267 2472 τῶν
2298 2413 2687 2494 φυλασσόντων
2739 2416 2838 2485 τὴν
2897 2410 3168 2489 παραλίαν
3197 2414 3295 2467 τοῦ
3333 2413 3590 2486 Θρακήση
3624 2407 3818 2485 ἄνδρες

2161 2506 2240 2584 χ’.
2275 2503 2374 2559 Διά
2424 2502 2481 2559 δὶ
2528 2505 2626 2574 τὴν
2675 2502 2981 2580 ὀλιγότητα
3031 2505 3139 2558 τῶν
3182 2502 3503 2577 καματὲρων
3531 2495 3810 2575 καραϐίων

2159 2594 2221 2650 οὗ
2252 2596 2710 2674 συνεχωρήθησαν
2750 2596 2979 2670 περᾶσαι
3011 2592 3056 2649 εἶ
3092 2594 3166 2667 μή
3200 2589 3390 2668 ἄνδρες
3426 2592 3479 2659 θ’,
3522 2593 3581 2650 Ὀ
3621 2612 3814 2668 στρατ-

2160 2683 2298 2759 ηγὸς
2354 2687 2451 2739 τοῦ
2515 2684 2884 2760 Χαρπεζικίου
2954 2681 3089 2756 μετά
3151 2682 3349 2744 παντὸς
3417 2684 3514 2736 τοῦ
3572 2682 3811 2755 θὲματος

2160 2771 2348 2843 αὐτοῦ,
2401 2769 2571 2849 ἤγουν
2625 2772 2762 2846 μετὰ
2813 2774 3181 2848 τουρμαρχῶν
3229 2767 3688 2846 προκριτωτέρων
3720 2772 3812 2826 καὶ

2162 2866 2261 2915 τοῦ
2292 2862 2539 2934 κόμητος
2570 2867 2672 2931 τῆς
2707 2862 3034 2937 κόρτης,τοῦ
3062 2858 3387 2934 δομεστίκου
3425 2863 3522 2915 τοῦ
3552 2858 3810 2933 θὲματος,

2164 2944 2369 3022 ἀνδρῶν
2428 2955 2523 3020 κε’,
2581 2948 2671 3003 καὶ
2706 2953 2915 3022 μικρῶν
2970 2950 3367 3024 τουρμαρχῶν,
3413 2943 3627 3021 ἀνδρῶν
3689 2949 3811 3021 μζ’,

2164 3037 2255 3091 καὶ
2314 3033 2705 3112 δρουγγαρίων,
2774 3034 2982 3111 ἀνδρῶν
3025 3043 3117 3107 σε’,
3173 3036 3262 3092 καὶ
3321 3040 3689 3108 στρατιωτῶν,
3724 3035 3809 3091 ἀνο

411 3137 543 3179 cum
577 3096 927 3178 turmarchis
948 3122 1411 3194 praestantioribu
1436 3126 1535 3178 set
1560 3123 1771 3180 comite
1792 3096 1969 3179 cortis
1999 3128 2049 3179 et

2171 3122 2310 3200 δρῶν
2343 3096 2657 3197 ῦκηίιὸμοῦ
2687 3096 2884 3200 ἀνδρες.
2903 3127 3003 3200 ψέ.

411 3212 727 3268 domestico
756 3211 1050 3281 thematis,
1093 3211 1231 3269 viris
1259 3213 1350 3280 25,
1395 3211 1840 3284 minoribusque
1878 3213 2237 3271 turmarchis
2277 3215 2368 3285 47,
2400 3216 2735 3289 drungariis
2763 3216 2871 3272 205
2907 3220 2965 3275 et
3003 3218 3284 3292 gregariis
3320 3217 3446 3286 420,
3482 3217 3545 3275 in
3580 3217 3811 3275 univer-

412 3314 549 3356 sum
579 3298 717 3354 viris
745 3298 870 3355 705.

417 3406 491 3461 De
518 3419 652 3476 roga
677 3405 846 3462 totius
872 3404 1029 3490 illius
1066 3407 1276 3490 classis,
1316 3414 1433 3464 tam
1470 3409 1712 3490 peditum
1750 3410 1869 3482 [seu
1906 3410 2055 3467 clas-

832 3479 1152 3550 siariorum]
1182 3496 1347 3551 quam
1375 3479 1641 3551 equitum,

488 3585 599 3641 Pro
632 3589 881 3657 quatuor
897 3588 1248 3659 tagmatibus
1271 3588 1438 3662 regias
1472 3589 1699 3658 classis,
1733 3607 2052 3648 connume-

421 3675 561 3731 ratis
600 3678 719 3731 tam
759 3676 1098 3749 rectoribus,
1139 3695 1315 3749 quam
1356 3679 1650 3751 gregariis,
1700 3680 1837 3736 item
1885 3679 2059 3750 regiis

421 3762 863 3821 mandatoribus
890 3769 948 3821 et
979 3765 1213 3823 medicis
1240 3776 1293 3823 et
1323 3767 1679 3839 captivorum
1726 3777 1842 3824 tam
1870 3774 2060 3826 recto-

422 3852 605 3922 ribus,
647 3869 821 3923 quam
862 3854 1162 3926 gregariis,
1201 3854 1516 3911 Tulmatzis
1560 3860 1618 3911 et
1656 3856 1856 3913 Russis
1892 3862 2057 3929 puta,

424 3957 529 3997 nec
566 3957 682 3997 non
723 3940 859 4010 illis,
908 3959 1055 4013 quos
1099 3943 1352 4000 ecclesia:
1411 3944 1868 4013 contribuerunt,
1916 3945 2058 4000 item

422 4028 826 4085 machinarum
852 4029 1187 4087 bellicarum
1209 4031 1420 4103 operis,
1445 4048 1699 4103 expensa
1722 4032 1831 4086 fuit
1851 4032 2061 4104 rogain

421 4122 620 4189 parato
667 4119 869 4189 grandi
916 4137 1027 4175 tere
1067 4120 1188 4175 haec
1222 4137 1235 4173 :
1270 4119 1415 4175 litraa
1465 4118 1689 4175 scilicet
1738 4120 1869 4175 1691
1923 4136 2059 4175 cum

420 4206 877 4263 numismatibus
912 4208 1003 4273 53,
1044 4213 1102 4263 et
1133 4207 1193 4262 in
1249 4207 1638 4263 miliaresibus
1683 4223 1783 4264 seu
1833 4207 2057 4264 minuto

421 4310 532 4348 aere
579 4292 729 4347 litras
758 4296 850 4361 73,
895 4293 1255 4349 numismata
1286 4295 1376 4361 62,
1439 4293 1771 4351 milliaresia
1822 4296 1875 4352 4.
1928 4297 2065 4361 Qum

421 4383 605 4435 ambae
637 4397 897 4449 summae,
931 4387 1072 4453 tam,
1105 4382 1354 4440 litteram
1388 4400 1718 4455 aurearum,
1751 4402 1925 4459 quam
1951 4386 2063 4442 mi-

2114 3411 2264 3466 .Διὰ
2316 3419 2416 3483 τῆς
2474 3414 2639 3490 ῥόγας
2709 3434 2823 3492 των
2877 3415 3289 3492 προ-ειρημέιιων
3352 3416 3581 3492 ,πάντων
3641 3412 3810 3471 πλοΐ-

2515 3484 2657 3560 μων,
2688 3490 2865 3557 πεζῶν
2910 3484 2999 3543 καὶ
3040 3484 3465 3562 ’καῦαλλαρίων.

2238 3576 2336 3631 Διά
2386 3581 2494 3632 τῶν
2547 3581 2823 3653 τεσσάρων
2875 3578 3127 3653 Θεμάτων
3176 3581 3274 3635 τοῦ
3322 3577 3609 3655 βασιλικοῦ
3656 3575 3817 3634 πλοί-

2171 3684 2297 3737 μου,
2338 3663 2427 3721 διά
2463 3670 2571 3723 τῶν
2609 3666 2895 3746 ἀρχόντων
2936 3667 3025 3723 καὶ
3057 3672 3403 3745 στρατιωτῶν
3436 3669 3528 3723 σὺν
3592 3666 3813 3743 βασιλι-

2164 3758 2276 3808 κῶν
2340 3752 2689 3829 μανδατόρων
2747 3756 2839 3811 καὶ
2884 3756 3082 3831 ἴατρῶν
3136 3757 3227 3813 καὶ
3282 3762 3390 3813 τῶν
3431 3755 3805 3832 αἰχμαλώτων

2166 3842 2449 3918 ἀρχόντων
2506 3846 2596 3900 καὶ
2673 3850 3042 3922 στρατιωτῶν,
3089 3845 3477 3920 Τουλματζίων
3545 3846 3635 3902 καὶ
3698 3849 3806 3901 τῶν

2167 3930 2304 3993 Ῥως
2362 3933 2453 3987 καὶ
2515 3937 2623 3989 τῶν
2681 3933 2986 4006 ἐκκλησιῶν
3044 3934 3134 3991 καὶ
3217 3939 3324 3992 τῶν
3406 3933 3805 4012 μαγγαναρίων,

2170 4019 2303 4094 ῥόγα
2352 4026 2619 4100 χάραγμα
2659 4023 2863 4097 λίτραι.
2895 4024 3060 4103 αχιιό
3087 4027 3239 4101 ν.νγ“.
3269 4024 3375 4082 Καὶ
3408 4021 3496 4080 διὰ
3547 4024 3814 4100 μιλιαρη-

2169 4109 2299 4166 σίων
2356 4110 2535 4189 λίτραι
2577 4133 2674 4189 ογ,,
2702 4115 2862 4189 ν.νβ“,
2922 4112 3020 4184 ξδ’,
3058 4116 3317 4189 γινόμενα
3355 4118 3567 4193 χρυσοῦ
3605 4112 3809 4191 λίτραι,

2175 4199 2526 4276 μιλιαρήσια,
2581 4203 2906 4276 κεντηνάρια
2968 4204 3054 4273 ιζ’,
3112 4202 3301 4279 λίτραι
3353 4204 3439 4275 ξε’,
3499 4206 3668 4280 ν.μβ’,
3718 4201 3813 4274 ζδ“.

2173 4289 2237 4345 ἸΙ
2295 4289 2667 4347 ἀποσταλεῖσα
2724 4290 2864 4368 ῥόγα
2892 4290 2973 4356 εἷς
3024 4292 3088 4348 τὸ
3143 4292 3448 4370 Δυρράχιον
3506 4290 3655 4369 λόγῳ
3702 4297 3807 4348 τῶν

2173 4378 2219 4448 ζ’
2249 4375 2557 4453 χελανδίων
2587 4385 2695 4436 τῶν
2720 4376 2889 4437 ὄντων
2920 4381 3189 4437 ὲκεῖσεγαὶ
3224 4380 3600 4458 αἰχμαλώτων
3633 4380 3813 4440 Τουλ.

423 4468 765 4524 liarensium
825 4477 1252 4543 argenteorum,
1302 4474 1477 4531 simul
1541 4483 1790 4547 sumptae
1842 4474 2049 4532 faciunt

2178 4467 2413 4541 ματζίων
2501 4469 2635 4543 ὑπὲρ
2705 4467 2915 4545 ἀνδρῶν
3001 4470 3127 4549 *μα’
3175 4475 3385 4546 χρυσοῦ
3452 4469 3633 4547 λίτραι
3693 4469 3812 4545 μιλ.

425 4557 759 4614 centenaria
807 4560 894 4629 t7,
934 4560 976 4617 1.
1015 4562 1109 4633 62,
1146 4579 1206 4619 n.
1245 4564 1315 4618 42
1343 4568 1401 4620 et
1455 4564 1774 4620 miliaresia
1802 4565 1856 4622 4.
1905 4564 2068 4637 Roga

426 4644 857 4716 Dyrrhachium
881 4649 1060 4704 missa
1083 4666 1185 4720 pro
1204 4656 1419 4722 septem
1444 4651 1767 4708 chelandiis
1788 4653 1865 4708 ibi
1890 4669 2067 4724 agen-

425 4732 587 4788 tibus
622 4737 679 4788 et
707 4735 951 4806 captivis
975 4736 1292 4793 Tulmatzis
1315 4753 1557 4794 numero
1579 4739 1683 4794 793
1708 4739 1893 4794 fuitin
1919 4739 2070 4797 litris

427 4823 554 4876 auri
577 4822 729 4877 886
760 4828 819 4880 et
855 4823 1206 4882 milliaresiis
1244 4825 1517 4884 litrarum
1560 4832 1794 4885 centum
1825 4833 1882 4885 et
1911 4830 2076 4885 sede-

426 4909 541 4966 cim
572 4915 631 4966 et
659 4911 1082 4970 numismatum
1115 4916 1201 4968 17.
1241 4919 1349 4971 Pro
1377 4916 1632 4973 themate
1664 4917 1834 4991 ΛΕεωί
1865 4917 2066 4986 maris,

426 4999 752 5055 rectoribus
783 5000 909 5072 ejus
954 5005 1095 5074 puta
1121 5005 1180 5058 et
1220 5003 1524 5073 militibus,
1567 5006 1747 5063 missa
1785 5006 1892 5064 fuit
1929 5022 2070 5079 roga

426 5085 546 5141 litr.
578 5087 668 5157 69,
711 5105 873 5145 num.
927 5089 1018 5145 24.
1061 5092 1357 5158 Quantum
1399 5108 1551 5165 rogas
1589 5095 1915 5165 acceperint
1958 5094 2070 5150 tria

296 5173 312 5190 '
425 5172 681 5232 themata
718 5177 960 5248 marina,
1005 5179 1354 5251 deligentius
1393 5180 1812 5252 exquirendum
1856 5182 1930 5239 ab
1970 5199 2063 5237 ar-

426 5263 739 5323 chontibus
784 5273 1039 5340 quatuor
1067 5273 1414 5342 tagmatum.
1454 5270 1752 5327 Thematis
1772 5271 1927 5327 Sami
1948 5276 2066 5327 tam

2178 4555 2362 4631 λίτραι
2404 4560 2531 4631 ρις⁹,
2588 4560 2739 4628 ν,ιζ’.
2798 4560 2907 4615 Διὰ
2971 4562 3071 4614 τοῦ
3146 4560 3384 4634 θέματος
3422 4563 3522 4615 τοῦ
3584 4558 3817 4636 Δῖγαίου

2176 4644 2469 4721 πελάγους,
2502 4643 2591 4701 διὰ
2617 4667 2677 4702 τε
2730 4651 2839 4702 τῶν
2900 4651 3210 4721 θεματικων
3273 4644 3555 4726 ἀρχόντων
3586 4649 3685 4705 παὶ
3723 4651 3820 4703 τοῦ

2179 4738 2482 4809 στρατηγοῦ
2541 4735 2678 4813 ῥόγα
2736 4739 2942 4811 χρυσοῦ
2999 4734 3182 4812 λίτραι
3215 4738 3314 4811 ξδ’,
3354 4734 3512 4810 ν,κδ⁴.
3546 4739 3704 4807 Ζήτει
3744 4736 3823 4800 εἰς

2176 4823 2306 4886 τοὺς
2358 4822 2627 4901 ἄρχοντας
2673 4828 2771 4881 τοῦ
2816 4823 3101 4902 τετραδίου
3150 4827 3647 4902 λεπτομερέστερον
3714 4827 3817 4897 τήν

2180 4912 2342 4991 ρόγὰν
2370 4917 2479 4968 τῶν
2510 4934 2544 4989 γ
2603 4910 3098 4989 πλοϊμοθεμάτων.
3157 4914 3255 4971 Διᾶ
3303 4919 3400 4971 τοῦ
3432 4915 3663 4989 θέματος
3711 4921 3816 4984 τῆς

2182 5005 2391 5076 Σάμου,
2437 5000 2526 5057 διά
2572 5022 2632 5058 τε
2676 5008 2785 5059 τῶν
2835 5005 3140 5078 θεματικῶν
3182 5004 3466 5080 ἀρχόντων
3512 5008 3608 5060 τοῦ
3652 5022 3815 5079 στρα-

2177 5094 2273 5147 τοῦ
2306 5090 2440 5167 ῥόγα
2470 5094 2677 5166 χρυσοῦ
2716 5090 2899 5162 λίτραι
2950 5088 3087 5167 ρλδ’,
3136 5093 3259 5150 ν.κ’.
3302 5090 3399 5147 Διά
3431 5095 3527 5147 αοῦ
3583 5093 3817 5165 θεματος

2179 5184 2286 5236 τῶν
2339 5175 2788 5258 Κιϐυρῥαιωτῶν,
2846 5178 2938 5236 διὰ
3000 5185 3108 5236 τῶν
3169 5186 3474 5255 θεμπικῶν
3529 5180 3813 5257 ἀρχόντων

2177 5271 2268 5325 καὶ
2320 5274 2416 5324 τοῦ
2459 5274 2687 5345 στρατοῦ
2738 5270 2831 5325 σὺν
2884 5267 3208 5347 Μαρδαῖτῶν
3237 5274 3335 5325 τοῦ
3382 5270 3549 5327 αὐτοῦ
3586 5270 3823 5343 “parte:

1462 5434 1657 5492 JOAN.
1696 5435 1840 5493 JAC.
1882 5434 2145 5494 REISKII
2182 5434 2773 5493 COMMENTARIUS.

499 5598 613 5672 (84)
645 5598 707 5672 Ρ,
737 5605 869 5672 post
900 5600 1045 5659 hanc
1076 5618 1272 5661 vocem
1303 5604 1515 5661 excidit
1543 5609 1643 5661 aut
1670 5604 1863 5661 saltim
1886 5603 2058 5661 tacite

430 5671 823 5743 supplendum
879 5681 965 5729 est
1022 5673 1165 5747 περί,
1225 5679 1324 5732 aut
1388 5675 1598 5733 excidit
1657 5675 1747 5729 τὸν
1803 5673 2057 5751 ἀρὶθμὸν,

2165 5603 2554 5681 sciscitantium
2608 5605 2764 5680 apud
2783 5605 3095 5681 praefecto;
3144 5603 3479 5677 accuratius,
3526 5611 3658 5679 quot
3698 5617 3810 5662 nu-

2166 5692 2319 5734 mero
2344 5677 2562 5735 milites
2587 5677 2716 5736 cum
2742 5677 3163 5736 οιὰδεσϊυενίηι.
