4122 6296
321 325 470 384 1241

1157 330 1257 390 DE
1302 321 1756 391 GERIMONIIS
1803 323 2038 390 AUL/E
2083 323 2558 392 BYZANTIN/E
2598 327 2748 392 LIB.
2795 332 2868 393 II.

3566 330 3724 393 1242

322 453 605 530 σφενδόναι
665 454 886 531 σιδηραῖ
937 458 1230 528 πετζέϊναι,
1278 456 1488 512 πὲταλοι
1537 463 1754 532 πορτῶν
1823 459 1972 533 λόγῳ

2086 463 2182 532 bit
2201 462 2459 519 clibanos
2490 464 2578 531 60,
2611 462 2804 536 galeas
2832 463 2904 518 60
2934 468 2990 520 et
3025 462 3236 519 loricas
3286 463 3483 520 denas.
3517 463 3724 520 Usiaca

322 541 578 605 ἐνδύσεως
642 550 750 600 τῶν
814 543 1085 624 διαφόρων
1161 545 1487 620 τροχιλίων,
1557 547 1763 609 σείστας
1832 550 1966 623 (95),

319 633 570 703 τζόκους,
632 634 962 710 ἀξινορύγια,
1013 634 1229 712 βαρέας,
1306 637 1590 709 βυρσάρια,
1654 637 1972 706 κέντουκλα,

324 721 601 797 σκαφίδια,
704 721 993 799 καλδάρια,
1105 724 1383 779 καπούλια
1485 726 1619 797 {96),
1717 727 1971 798 πτυάρια,

324 813 545 888 σχοινία
619 810 872 888 διάφορα,
946 813 1168 893 καρφία,
1253 810 1594 887 ἀρμελαύσια
1668 815 1800 886 (97).
1879 814 1975 868 Δια

322 909 424 970 τῆς
489 901 816 970 ἐξοπλίσεως
861 907 968 957 τῶν
1049 907 1394 979 μαγγανικῶν
1453 899 1727 972 ἐξόπλισις
1783 923 1976 976 τετρα-

329 989 464 1066 ρὲων
529 987 592 1059 δ’,
669 987 985 1047 λαϐδαδέων
1053 990 1116 1058 δ’,
1189 992 1476 1046 εἰλακτιῖυν
1521 993 1635 1063 (98)
1675 988 1738 1062 δ’,
1806 989 1971 1064 ἤγουν

323 1077 800 1154 κρικέλλους“ἀνὰ
852 1078 968 1150 δύο,
1020 1080 1330 1157 παγούρους
1377 1088 1440 1148 α’,
1493 1077 1780 1159 σφενδόνας
1829 1078 1978 1150 σιδη-

327 1174 422 1242 ρᾶς
488 1168 576 1242 ιβ’,
633 1167 840 1223 πέταλα
904 1173 1119 1243 πορτῶν
1191 1170 1268 1230 εἷς
1325 1170 1391 1223 τὰ
1443 1167 1706 1246 τροχίλια
1753 1174 1813 1241 σ¹,
1865 1168 1974 1224 σεί-

326 1277 450 1318 stac
510 1258 574 1331 ρ’,
643 1257 956 1334 ἀξινορύγια
1023 1261 1086 1326 α’,
1149 1257 1376 1313 πελὲκια
1443 1260 1508 1334 ρ’,
1570 1259 1852 1334 τζικοῦρια
1907 1261 1972 1331 τ’,

322 1345 508 1421 κριοὺς
539 1343 613 1406 ἓίς
643 1346 737 1410 τὰς
769 1346 1020 1420 χελώνας
1056 1348 1106 1416 ι’,
1160 1346 1356 1422 βαρέας
1405 1346 1647 1422 μεγάλας
1677 1355 1742 1414 κ’,
1780 1346 1973 1423 βαρέας

327 1435 524 1509 μικρὰς
555 1433 622 1490 λ’.

2077 547 2380 608 chelandia
2412 551 2703 617 habebant
2730 568 2976 624 quasque
2998 551 3260 608 clibanos
3288 552 3492 617 denos,
3525 551 3724 623 galeas

2084 640 2530 706 όοηειε,’1οτὶοειε
2561 649 2762 697 tenues
2802 642 2971 697 binas
3030 646 3086 696 et
3144 640 3408 714 vulgares
3464 652 3722 697 octonas.

2083 732 2426 804 Apparatus.
2445 730 2846 802 expugnandis
2867 731 3076 786 castris
3099 731 3343 787 idoneus
3369 730 3463 785 hic
3482 729 3721 786 aderat:

2084 820 2287 874 Turris
2345 819 2558 890 lignea,
2614 819 2958 886 testudines,
3001 818 3396 875 arcubalistrae
3476 819 3727 892 grandes

2083 923 2214 961 cum
2249 909 2526 963 trochleis
2549 912 2605 963 et
2632 908 2873 964 funibus
2904 925 3006 980 per
3034 911 3209 966 strias
3231 908 3416 976 tortis,
3435 908 3724 980 petrarias,

2084 994 2387 1060 cantherii,
2413 996 2690 1050 inachinae
2709 1011 2842 1052 cum
2868 1013 2975 1052 suo
3021 1003 3328 1068 apparatu.
3374 997 3726 1052 Testudines

2084 1083 2377 1138 habebant
2409 1084 2613 1138 arietes
2647 1101 2805 1152 suos,
2849 1085 3084 1156 reliquae
3133 1086 3275 1142 varii
3315 1085 3544 1157 generis
3595 1101 3726 1150 meo,

2084 1171 2269 1226 chinea
2301 1170 2561 1226 circellos
2595 1188 2726 1226 cum
2762 1175 3041 1243 appositis
3095 1175 3367 1245 utrinque
3398 1174 3723 1241 forﬁcibus,

2084 1258 2333 1314 circulos
2363 1265 2420 1315 et
2469 1259 2731 1314 annulos.
2788 1262 2998 1316 Funde:
3056 1262 3251 1318 ferreas
3310 1267 3366 1318 et
3413 1261 3723 1330 coriaceae;

2084 1349 2352 1416 bracteae,
2384 1348 2588 1420 quales
2637 1348 2821 1419 portis
2876 1348 3042 1402 indui
3095 1349 3283 1404 solent
3325 1348 3723 1405 incrustandis

2082 1437 2251 1491 variis
2282 1437 2597 1506 trochleis;
2645 1437 2923 1504 malleds;
2987 1437 3255 1506 stipites;
3287 1436 3509 1506 ligones
3559 1441 3726 1494 terrm

324 1526 672 1583 revellendaa
697 1550 711 1593 ;
740 1525 942 1582 barilia
973 1543 1072 1583 seu
1127 1527 1334 1596 cados;
1369 1529 1568 1596 coria;
1601 1533 1914 1594 centones;
1948 1526 2229 1597 scaphas;
2291 1525 2547 1582 caldaria
2599 1543 2702 1582 seu
2763 1526 2952 1582 ahena
3000 1541 3164 1597 aqua?
3211 1526 3608 1582 calefacienda!
3641 1527 3730 1582 la-

323 1616 428 1671 bra
459 1615 676 1687 [qualia
704 1621 841 1670 sunt
870 1616 1184 1681 balnearia,
1221 1616 1279 1671 in
1313 1618 1528 1688 quibus
1569 1616 1838 1672 homines
1895 1616 2144 1672 linteave
2185 1615 2515 1686 lavantur];
2568 1615 2763 1671 bottas
2819 1617 3122 1686 egerendis
3181 1616 3453 1671 sordibus
3513 1615 3728 1683 lutove,

322 1705 495 1761 funes
525 1704 731 1772 varios,
763 1704 976 1772 clavos,
1010 1704 1364 1761 armelausia
1399 1723 1502 1762 seu
1527 1723 1665 1778 saga
1694 1705 1917 1762 thoraci
1949 1704 2292 1775 superindui
2342 1704 2532 1760 solita.
2574 1705 2659 1759 Ad
2715 1705 3041 1773 machinas,
3091 1705 3368 1776 petrarias
3415 1709 3555 1777 puta
3595 1705 3626 1759 4
3673 1709 3732 1761 et

1369 1805 1571 1861 JOAN.
1602 1805 1745 1861 JAG.
1781 1804 2044 1860 REISKII
2075 1801 2677 1859 COMMENTARIUS.

325 1901 532 1969 forma,
567 1902 668 1974 sed
702 1905 928 1956 tantum
963 1901 1368 1974 magnitudine
1417 1903 1831 1972 discrepuisse,
1875 1902 1975 1957 illa
2004 1905 2050 1969 B
2083 1900 2292 1974 nusius
2315 1900 2775 1974 indescriptione
2791 1899 2925 1956 belli
2946 1900 3299 1974 V_enet_orum
3316 1917 3446 1974 cum
3462 1900 3726 1970 CPtanis,

324 1974 579 2044 majora,
614 1971 721 2027 hos
753 1975 1008 2029 minores
1041 1971 1241 2040 foisse,
1273 1976 1444 2029 ambo
1471 1971 1721 2030 circulos
1755 1976 1971 2029 ferreos

326 2043 401 2099 ad
431 2043 979 2116 apprehendendum
1023 2045 1243 2116 aliquid
1278 2053 1380 2101 aut
1411 2047 1478 2100 ad
1516 2045 1844 2114 alligandos
1878 2047 1970 2099 lu-

328 2111 617 2171 nesfPost
647 2111 868 2188 σιδηραῖ
897 2123 1000 2171 aut
1027 2111 1404 2172 inserendum
1439 2123 1528 2173 est
1558 2111 1669 2185 καί,
1703 2122 1802 2172 aut
1849 2116 1972 2172 sal-

327 2188 432 2242 tim
465 2203 692 2258 comma
724 2189 1236 2258 interponendum.

404 2258 514 2327 (95)
544 2257 832 2328 Dubitavi,
866 2257 982 2328 quo
1015 2260 1186 2314 modo
1217 2275 1414 2316 vocem
1447 2258 1599 2316 hanc
1648 2260 1966 2315 redderem.

328 2330 594 2402 Poteram
645 2337 865 2385 catenas
917 2331 1309 2402 interpretari,
1359 2335 1416 2385 et
1467 2331 1548 2385 sic
1596 2331 1701 2402 Ieci
1754 2330 1967 2401 p.390.

328 2401 475 2474 Nam
507 2417 685 2471 supra
715 2402 783 2454 ad
821 2418 907 2474 p._
941 2402 1047 2456 336
1074 2400 1511 2474 demonstravi,
1546 2400 1698 2474 σειρά
1754 2400 1812 2457 et
1870 2419 1972 2452 σει-

331 2471 454 2525 στόν
486 2487 658 2526 omne
703 2472 1026 2542 pendulum,
1078 2473 1290 2535 laxum,
1340 2471 1801 2528 osciltans'esse.
1859 2477 1971 2526 Ma-

330 2543 414 2598 lui
447 2549 640 2598 tamen
671 2544 908 2598 malleo:
956 2550 1199 2611 vertere,
1231 2542 1337 2595 ἀπὸ
1376 2545 1473 2596 τοῦ
1523 2542 1705 2613 σείειν,
1757 2545 1829 2599 ab
1881 2544 1969 2597 in-

333 2616 621 2672 cuﬁendo.

403 2687 513 2755 (96)
544 2685 715 2758 Venit
760 2703 791 2740 a
839 2686 1050 2758 Latino
1107 2686 1353 2758 capulus,
1391 2687 1542 2756 quod
1603 2703 1792 2741 arcam
1846 2700 1972 2740 esse

333 2758 567 2829 mortuis
609 2757 920 2828 efferendis,
971 2774 1131 2812 nemo
1181 2760 1428 2828 ignorat.
1490 2759 1717 2829 Proprie
1776 2760 1970 2829 tamen

332 2828 556 2900 capulus
585 2827 668 2900 est
699 2829 896 2884 omnia
925 2846 1058 2884 arca
1089 2827 1489 2900 cujuscunque
1521 2827 1687 2894 usus,
1721 2829 1872 2900 facta
1901 2827 1971 2880 ad

333 2899 512 2974 instar
566 2899 768 2968 κάπης,
826 2901 1111 2974 pressam},
1171 2899 1408 2974 φάτνης,
1477 2903 1629 2974 unde
1707 2899 1974 2968 jumenla

332 2971 610 3041 pabulum
641 2973 900 3042 capiunt.
937 2971 1088 3041 Κάπη
1123 2970 1208 3027 est
1237 2973 1293 3027 il
1349 2973 1502 3041 quod
1554 2970 1835 3042 κάπτετᾳι,
1869 2986 1974 3038 pa-

331 3039 557 3110 bulum,
589 3053 642 3096 et
671 3039 772 3097 vas
803 3039 1086 3113 ligneum,
1135 3039 1468 3107 saxeum‘ve,
1504 3045 1658 3098 unde
1715 3039 1973 3113 κάπτεται

329 3113 416 3186 die
445 3115 663 3186 Krippe.
699 3111 1224 3186 lnde'xdnaloc__et
1271 3116 1498 3186 capulus
1547 3131 1682 3169 arca
1730 3111 1974 3184 praesepi

331 3185 560 3256 similis,
595 3188 652 3237 et
672 3186 916 3256 tandem
948 3183 1252 3256 καπούλιον
1280 3183 1442 3241 novis
1471 3186 1668 3256 graecis
1701 3183 1789 3256 est
1814 3199 1976 3251 capu-

2082 1971 2284 2028 tabula
2313 1971 2504 2038 tertia,
2546 1974 2852 2040 repetitam
2895 1989 2929 2026 a
2971 1971 3054 2026 Du
3109 1971 3327 2040 Gangio
3374 1973 3605 2027 dissert.
3657 1975 3727 2028 de

2082 2043 2343 2099 nummis
2372 2042 2490 2097 tab.
2520 2060 2576 2097 vr
2608 2051 2662 2097 et
2693 2042 2867 2098 aliam
2902 2042 3172 2098 Horatius
3194 2042 3444 2099 Blancus
3472 2044 3532 2098 in
3570 2042 3727 2099 notis

2079 2119 2150 2170 ad
2183 2113 2447 2169 Paullum
2488 2114 2917 2170 Warnefridum
2951 2115 3012 2168 in
3045 2115 3298 2185 imagine
3329 2115 3722 2170 coronationis

2079 2186 2233 2258 regis
2267 2185 2712 2256 Longobardici,
2734 2189 2801 2258 et
2830 2188 2968 2258 item
3001 2185 3178 2258 aliam
3216 2189 3560 2258 Bandurius
3587 2188 3726 2241 Ant-

2082 2256 2232 2327 Imp.
2263 2261 2359 2312 0r.
2393 2267 2431 2313 t.
2466 2273 2530 2323 ιι,
2567 2275 2620 2328 ρ.
2685 2257 2791 2310 632
2846 2256 2962 2311 tab.
3013 2257 3067 2324 3,
3126 2257 3225 2310 ubi
3273 2256 3499 2328 Helena:
3549 2256 3729 2328 impe-

2081 2329 2276 2383 ratrici
2311 2344 2541 2383 crucem
2567 2327 2883 2383 invenieuti
2915 2329 3148 2382 adstant
3177 2327 3400 2382 ostiarii
3452 2331 3566 2382 duo
3613 2327 3719 2383 eiu-

2081 2399 2258 2454 nuchi
2287 2406 2554 2470 gerentes
2579 2399 2879 2470 epomidas
2905 2414 3004 2454 seu
3039 2398 3407 2466 armilausas,
3441 2401 3501 2454 in
3549 2399 3726 2454 armis

2080 2469 2315 2536 clausas,
2348 2479 2406 2524 ut
2437 2472 2518 2526 ait
2548 2469 2838 2535 lsOdorus,
2870 2469 2924 2524 id
2958 2474 3046 2525 est
3079 2469 3136 2525 in
3175 2471 3406 2541 regione
3445 2471 3728 2541 brachio-

2082 2559 2210 2596 rum
2245 2542 2458 2596 solidas
2508 2542 2829 2612 epomidas.
2863 2544 2963 2594 Est
3013 2557 3209 2612 revera
3253 2540 3560 2610 scapulare
3610 2541 3715 2612 hoc

2079 2614 2431 2678 armilausia,
2466 2613 2518 2666 id
2548 2611 2662 2680 est,
2695 2613 2870 2666 vestis
2902 2611 3299 2666 brachialibus
3341 2627 3566 2666 carens.
3614 2611 3728 2666 Ve-

2081 2700 2210 2739 rum
2227 2685 2370 2738 solet
2393 2683 2588 2754 potius
2610 2683 2922 2752 scapulare,
2947 2699 3121 2753 quam
3147 2681 3488 2738 armilausia
3509 2682 3720 2738 vocari.

2082 2755 2229 2809 Illud
2263 2761 2456 2809 autem
2491 2755 2924 2820 vestimentum,
2959 2755 3112 2824 quod
3168 2755 3341 2824 vulgo
3389 2769 3454 2809 eo
3488 2754 3719 2809 nomine

2080 2826 2343 2881 veniebat
2368 2825 2530 2892 olim,
2561 2827 2669 2879 fuit
2699 2825 2871 2895 quale
2901 2825 3322 2896 descripsimus
3371 2841 3573 2890 sagum
3620 2841 3722 2896 pro

2082 2896 2328 2951 manicis
2360 2895 2592 2963 amplas
2620 2897 2906 2951 fenestras
2929 2895 3172 2955 habens.
3199 2913 3296 2966 per
3318 2913 3463 2966 quas
3487 2895 3727 2951 brachia

2082 2972 2516 3024 exsererentur.
2535 2967 2806 3022 Militaris
2818 2966 2940 3022 haec
2953 2968 3288 3022 armilausia
3310 2973 3454 3021 erat.
3479 2966 3724 3022 Militum

2079 3039 2232 3094 enim
2265 3044 2562 3110 gestamen
2597 3040 2771 3093 fuisse
2800 3038 3222 3103 armilausiam,
3254 3043 3483 3110 constat
3509 3054 3578 3091 ex
3606 3037 3724 3110 illis

2078 3109 2378 3166 auctorum
2413 3109 2576 3176 locis,
2617 3109 2881 3180 quosiDu
2917 3110 3108 3179 Gange
3153 3111 3243 3163 Gl.
3294 3114 3415 3164 Lat.
3450 3109 3514 3165 h.
3553 3125 3609 3163 v.
3641 3109 3722 3162 al-

2080 3180 2602 3253 legavitsAlternm
2638 3179 2796 3236 illud
2847 3186 3115 3250 superius
3142 3179 3502 3253 armilausite
3535 3194 3720 3253 genus

338 3255 446 3335 las,
479 3269 612 3339 area
635 3253 859 3339 ahenea
883 3255 1202 3339 velilignea,
1223 3250 1564 3339 labrumfin
1591 3273 1704 3326 quo
1725 3255 1970 3316 lavatur.
2004 3275 2050 3339 ο
2080 3250 2479 3339 ριῖωραὶίευω
2514 3253 2700 3322 magis
2733 3250 3246 3339 erat,.certe.militi
3267 3267 3432 3339 arma
3453 3250 3722 3339 tractanti

333 3325 458 3394 eine
495 3323 898 3394 Waschwanne.
930 3323 1095 3379 Glare
1128 3326 1234 3379 hoc
1265 3332 1422 3394 patet
1451 3342 1519 3378 ex
1552 3323 1674 3394 loco
1721 3329 1979 3380 Pseudo-

335 3392 914 3462 Dioscoridi_s,_quem
950 3395 1032 3448 Du
1064 3392 1279 3462 Gange,
1326 3412 1378 3448 v.
1431 3393 1744 3462 Καπούλιον
1797 3397 1974 3448 citat:

336 3461 616 3533 Καὶταῦτα
637 3457 877 3533 ἔμϐαλον
899 3461 972 3524 εἷς
995 3457 1298 3533 καποῦὶῖιον
1318 3462 1404 3515 καὶ
1430 3461 1682 3533 ἐπιβύσας
1711 3461 1973 3533 ἐπιθύειν,

337 3531 595 3605 [ἐπιθύειν
651 3531 736 3588 est
818 3536 970 3605 idem
1053 3537 1202 3605 quod
1284 3531 1644 3600 ἐπισπένδειν,
1734 3532 1974 3605 ἐπιχεῖν,

332 3596 750 3676 superfundere]
835 3601 997 3676 350D;
1070 3596 1308 3674 διάοησον
1385 3606 1440 3657 ’sv
1516 3609 1595 3676 τῷ
1628 3596 1638 3600 ⁷
1680 3596 1968 3674 καποῦλίῴ

326 3675 453 3737 τοὺς
497 3674 815 3748 ’κάμνονιὲας
879 3674 1452 3743 κοιλιακοῦςήηάίιίδ
1513 3674 1600 3731 his
1648 3677 1976 3748 inrlubrum,

330 3757 382 3803 et
409 3747 700 3818 superfuso
729 3749 952 3804 tantillo
982 3753 1126 3805 αοειὶ
1155 3751 1282 3814 iube
1313 3764 1382 3803 ea:
1421 3753 1606 3803 ventre
1653 3747 1976 3802 laborantes

328 3821 389 3874 in
422 3821 578 3875 labro
606 3819 866 3874 desidere.
905 3820 1070 3874 Liber
1119 3820 1235 3884 ille,
1270 3821 1422 3874 unde
1472 3819 1593 3873 haec
1646 3819 1833 3874 rhesis
1877 3820 1978 3872 de-

331 3891 848 3961 prompta,procul
880 3890 1058 3945 dubio
1108 3906 1176 3946 ex
1232 3891 1474 3946 Arabico
1531 3890 1723 3946 Graece
1777 3905 1979 3961 versus

327 3968 454 4030 est;
489 3964 537 4018 si
572 3960 926 4032 haberemus
950 3961 1215 4028 Arabica,
1251 3961 1492 4017 dubium
1545 3977 1659 4016 non
1691 3965 1798 4028 est,
1835 3960 1974 4032 quin

327 4029 763 4103 pro'xanodhov
799 4033 877 4086 ibi
911 4049 1104 4088 vocem
1140 4035 1324 4103 Apzan
1357 4032 1764 4101 reperiremus.

405 4105 517 4174 (87)
568 4103 988 4160 Armilausium
1038 4110 1123 4159 est
1171 4105 1288 4174 sagi
1339 4119 1522 4174 genus
1568 4104 1721 4158 infra
1768 4103 1974 4174 pubem

331 4177 532 4245 statim
574 4175 849 4231 desinens
880 4183 934 4230 et
983 4174 1228 4231 manicis
1277 4190 1500 4242 carens,
1556 4191 1802 4245 quarum
1852 4174 1977 4245 loco

332 4244 529 4317 hiatus
575 4247 672 4317 vel
695 4247 984 4317 fenestras
1033 4245 1287 4302 habebat
1351 4244 1587 4317 amplas
1642 4244 1977 4317 exserendis

328 4315 608 4372 brachiis.
660 4316 781 4372 Non
833 4317 1135 4373 differebat
1184 4334 1216 4372 a
1263 4315 1703 4388 Romanoisago
1753 4316 1974 4388 nisiiin

332 4403 427 4453 eo,
459 4391 609 4459 quod
643 4390 904 4444 manicas
937 4405 1174 4458 prorsus
1202 4389 1439 4443 haberet
1460 4387 1674 4456 nullas,
1708 4404 1842 4442 cum
1872 4387 1976 4459 Ro-

330 4458 570 4513 mannm
605 4460 909 4528 perbreves
932 4461 1174 4514 haberet
1198 4466 1255 4514 et
1281 4476 1393 4514 non
1418 4459 1490 4514 ad
1521 4459 1834 4514 articulum
1870 4458 1977 4513 hu-

329 4531 614 4601 mericum
648 4529 843 4601 cubito
877 4531 1248 4601 pertinentes.
1282 4531 1517 4585 Videtur
1546 4531 1724 4586 vestis
1764 4546 1795 4584 e
1835 4533 1973 4584 Ger-

329 4600 527 4673 mania
560 4599 616 4652 in
653 4598 893 4673 Italiam
912 4606 969 4655 et
1003 4602 1276 4673 deinceps
1307 4603 1366 4657 in
1409 4601 1684 4673 Graeciam
1712 4603 1970 4673 venisse.

329 4670 549 4725 Nomen
586 4675 740 4724 certe
770 4669 1179 4728 Germanicum
1209 4669 1314 4728 est.
1341 4672 1687 4728 Armelausia
1708 4671 1860 4727 idem
1885 4676 1974 4726 est

328 4748 505 4812 atque
535 4741 796 4812 Armelos,
831 4744 979 4812 quod
1009 4751 1162 4799 caret
1193 4743 1508 4799 armalibus
1549 4760 1650 4799 seu
1700 4744 1969 4810 manicis,

327 4811 644 4885 vel’Apotius
677 4811 1092 4869 brachialibus.
1125 4816 1239 4870 Aut
1268 4815 1452 4870 falsus
1482 4821 1534 4870 et
1565 4819 1819 4885 nugatus
1865 4813 1973 4868 fuit

330 4883 592 4939 Isidorus
622 4884 666 4938 Ι.
699 4899 815 4950 xxx,
849 4899 899 4938 ο.
933 4885 1022 4950 22,
1066 4891 1169 4940 aut
1201 4903 1315 4941 non
1349 4886 1502 4940 idem
1551 4883 1969 4940 vestimentum

330 4955 488 5009 omni
521 4959 781 5025 tempore
810 4971 876 5010 eo
909 4956 1146 5012 nomine
1169 4957 1342 5014 venit.
1376 4956 1685 5024 Describit,
1717 4955 1815 5011 ille
1845 4957 1968 5011 sic:

330 5025 645 5098 armelausa
674 5027 838 5095 vulgo
868 5029 947 5082 sic
977 5031 1186 5098 vocata,
1219 5027 1359 5098 quod
1388 5033 1519 5082 ante
1573 5032 1628 5081 et
1683 5033 1834 5082 retro
1878 5026 1973 5081 di-

328 5096 447 5149 visa
477 5104 643 5168 atque
670 5105 856 5165 aperta
887 5105 985 5161 est,
1020 5097 1078 5152 in
1109 5096 1280 5154 armis
1314 5102 1524 5153 tantum
1572 5099 1781 5164 clausa,
1813 5099 1975 5168 quasi

330 5165 673 5238 armz'clausa
709 5167 899 5220 littera
939 5169 976 5221 C
1025 5169 1232 5224 ablata.
1283 5172 1440 5224 Idem
1489 5169 1695 5238 repetit
1741 5165 1970 5235 Ug'utio,

328 5237 545 5291 addens
573 5239 949 5292 armelausam
985 5248 1036 5294 et
1093 5239 1410 5295 Sclavinam
1466 5237 1717 5294 eamdem
1774 5247 1973 5294 vestem

327 5325 464 5362 esse.
498 5309 656 5371 Quod
690 5309 739 5364 si
773 5314 924 5364 recte
953 5309 1244 5379 perhibet,
1273 5313 1541 5380 idemque
1580 5315 1670 5364 est
1716 5311 1974 5366 Sclavina

329 5387 500 5448 atque
530 5381 969 5451 vestimentum,
1005 5385 1156 5451 quod
1183 5384 1240 5437 in
1266 5383 1513 5437 Saxonis
1531 5381 1811 5436 vocabulo
1840 5383 1973 5436 inde

329 5451 582 5522 derivato
615 5450 925 5506 Schalaune
954 5450 1342 5522 appellamus,
1372 5459 1486 5509 toto
1522 5452 1666 5508 cmlo
1701 5454 1975 5508 ditl'erunt

330 5521 679 5577 armelausia
703 5523 912 5577 Isidori
934 5528 991 5576 et
1014 5521 1369 5580 armeIausia
1387 5524 1672 5580 Sclavina.
1697 5524 1971 5580 Illaenim

332 5591 536 5666 Isidori
561 5594 888 5666 Graecorum
910 5599 1007 5666 est
1030 5593 1265 5666 ἐπωμίς,
1291 5597 1623 5652 Latinorum
1649 5595 1966 5663 scapulare.

330 5661 502 5739 cujus
532 5663 856 5738 elegantem
909 5663 1082 5725 habet
1127 5661 1446 5744 imaginem
1496 5667 1707 5726 Paulus
1753 5661 1972 5726 Rham-

2090 3321 2316 3380 iuutile.
2349 3327 2496 3378 Sane
2525 3321 2642 3378 non
2682 3328 2904 3392 poterat
2929 3325 3130 3388 armis,
3183 3321 3290 3378 hoc
3336 3327 3427 3378 est
3475 3322 3720 3390 thoraci,

2089 3395 2453 3463 superindui,
2489 3395 2636 3462 quod
2687 3399 2882 3449 tamen
2923 3394 2993 3449 de
3041 3393 3358 3449 armilausa
3407 3393 3721 3448 Mauricius

2091 3467 2366 3519 afﬁrmat.
2394 3465 2525 3518 Fuit
2556 3466 2732 3535 igitur
2747 3466 2926 3520 altera
2947 3465 3068 3520 haec
3093 3465 3356 3519 militaris
3378 3464 3721 3520 armilausia

2090 3535 2316 3606 diversa
2346 3536 2417 3588 ab
2447 3535 2547 3606 illa
2578 3535 2876 3606 superiore
2906 3537 3233 3606 pompatica
3263 3543 3319 3590 et
3351 3551 3591 3606 prorsus
3622 3552 3715 3606 ea-

2090 3552 2316 3589 mversa
2346 3552 2417 3588 an
2447 3552 2547 3589 ma
2578 3552 2876 3604 superiore
2906 3552 3233 3606 pompauca
3263 3552 3319 3590 et
3351 3552 3591 3658 prorsus
3622 3552 3715 3590 ea-

2090 3605 2221 3677 dem
2252 3620 2384 3677 cum
2432 3605 2716 3660 Sclavina.
2766 3605 3154 3677 Schalaunam
3203 3622 3346 3674 appe
3372 3605 3562 3660 lamus
3609 3604 3725 3677 pal-

2090 3674 2234 3730 lium
2282 3674 2472 3746 italare
2530 3692 2644 3730 non
2715 3675 3003 3746 amplum,
3061 3693 3094 3730 a
3166 3688 3391 3746 pectore
3459 3674 3721 3746 apertum

2090 3752 2192 3800 aut
2238 3745 2491 3816 globulis
2539 3745 2868 3808 consertile,
2929 3747 3050 3802 loco
3109 3745 3726 3816 manicarum’ampla

2092 3816 2375 3872 foramina
2409 3816 2628 3872 habens
2659 3819 2993 3873 exserendis
3039 3816 3315 3872 brachiis.
3349 3819 3395 3870 Α
3425 3818 3725 3873 schalonna

2088 3887 2196 3942 hac
2247 3904 2358 3943 non
2419 3887 2719 3942 dilfercbat
2771 3895 3032 3944 veterum
3082 3887 3371 3955 Sclavina.,
3429 3889 3541 3944 nisi
3601 3888 3725 3944 sola

2086 3957 2476 4030 longitudine.
2511 3958 2816 4014 Desinebat
2845 3961 3000 4014 enim
3021 3959 3174 4014 intra
3192 3960 3400 4030 pubem
3424 3967 3481 4015 et
3513 3976 3720 4030 genua.

2088 4029 2407 4102 Imaginem
2439 4030 2567 4099 ejus
2597 4029 2789 4102 videre
2816 4035 2906 4086 est
2935 4032 2993 4086 in
3027 4029 3420 4102 notis’Angeli
3455 4029 3531 4086 de?
3565 4031 3722 4087 Nuce

2088 4103 2156 4156 ad
2188 4101 2510 4157 Chronicon
2543 4100 2892 4157 Gassinense
2922 4106 2964 4158 t.
3000 4118 3074 4169 1v,
3097 4100 3332 4171 Script.’
3355 4101 3486 4157 Rer.
3539 4102 3720 4157 Italic.

2087 4189 2145 4244 p.
2176 4173 2301 4227 217.
2327 4173 2534 4240 Vestis,
2559 4189 2734 4243 quam
2785 4173 2971 4228 sancti
3017 4173 3133 4228 duo
3180 4172 3287 4227 viri
3335 4171 3414 4227 ibi
3472 4187 3582 4228 mre
3629 4189 3727 4228 ex-

2088 4244 2268 4314 pressi
2301 4259 2499 4314 gerere
2527 4245 2988 4315 conspiciuntur,
3022 4245 3289 4315 Sclavina.
3309 4249 3420 4310 est,
3451 4249 3505 4300 et
3531 4250 3727 4300 exacte

2087 4319 2259 4370 refert
2287 4319 2521 4369 westam
2555 4331 2653 4370 seu
2677 4314 3053 4370 ’camisolium
3088 4314 3168 4370 vel
3205 4315 3457 4371 tunicam
3500 4321 3726 4370 nostra.

2086 4386 2229 4458 tium
2247 4388 2600 4441 rusticorum
2621 4387 2749 4441 dem
2761 4389 2873 4458 ptis
2887 4385 3305 4458 brachialibus,
3325 4403 3573 4457 quorum
3599 4385 3725 4442 loco

2088 4457 2350 4512 fenestrae
2402 4462 2616 4528 patent.
2669 4459 2731 4510 In
2766 4457 3012 4528 pectore
3061 4457 3245 4513 scissa
3301 4475 3415 4513 non
3464 4463 3572 4526 est,
3623 4460 3724 4514 sed

2087 4528 2264 4583 tablio
2315 4534 2610 4598 praetexta,
2645 4529 2980 4599 margaritis
3038 4545 3142 4600 per
3176 4534 3508 4600 utramque
3563 4545 3724 4585 oram

2087 4600 2377 4654 continuis
2426 4605 2650 4655 ornato.
2697 4601 2857 4654 Circa
2905 4599 3124 4655 femora
3172 4599 3547 4655 habent’illte
3598 4603 3722 4655 duas

2083 4671 2349 4743 sclavinae
2364 4670 2807 4743 scissuras,quae
2822 4689 2854 4726 a
2870 4671 3139 4728 fenestris
3154 4672 3227 4727 hu
3241 4671 3550 4728 meralibus
3564 4671 3717 4727 haud

2083 4741 2332 4796 multum
2367 4742 2601 4797 absunt.

2152 4812 2265 4883 (98)
2294 4813 2419 4868 Non
2452 4813 2681 4869 invenio
2702 4812 2852 4869 hanc
2875 4829 3070 4870 vocem
3097 4814 3234 4870 alibi
3259 4817 3541 4870 notatam.
3575 4812 3722 4879 Quid

2082 4884 2424 4956 crediderim
2465 4900 2613 4956 esse,
2651 4900 2681 4940 e
2737 4885 2959 4941 Latinis
3019 4892 3198 4956 patet.
3257 4885 3455 4941 Putavi
3511 4899 3723 4956 nempe

2083 4958 2182 5010 aut
2225 4954 2376 5026 male
2432 4955 2516 5010 sic
2565 4955 2852 5026 scriptum
2902 4974 2935 5012 a
2991 4954 3249 5023 librario,
3312 4959 3414 5011 aut
3466 4973 3500 5026 a
3557 4955 3722 5026 novis

2081 5025 2294 5098 Grecis
2317 5026 2400 5081 ita
2419 5042 2583 5081 corru
2596 5025 3154 5098 pte’pronu‘ntiatum
3184 5042 3302 5081 aevo
3328 5025 3515 5082 medio
3539 5025 3722 5082 fuisse

2082 5113 2187 5168 pro
2218 5093 2550 5165 ἠλακατιῶν.
2592 5093 2686 5153 Est
2715 5093 2975 5167 ’ἠλακάτη
3021 5098 3229 5164 malus,
3273 5105 3559 5168 truncus,
3591 5112 3721 5152 sca-

2124 5185 2192 5223 us
2224 5184 2500 5240 procerus
2559 5170 2772 5224 omnis.
2823 5170 3120 5224 Sententia
3168 5169 3500 5239 perobscuri
3550 5167 3721 5240 hujus

2105 5238 2245 5312 oci,'r
2298 5246 2576 5312 quantum
2643 5257 2773 5312 ego
2865 5241 3141 5311 equidem
3171 5238 3197 5312 ί
3220 5240 3512 5310 pervideo,
3567 5238 3721 5312 haec

2082 5315 2189 5365 est.
2222 5309 2328 5366 Ad“
2364 5309 2649 5379 singulas
2678 5309 2932 5380 quatuor
2989 5309 3375 5378 petrariarum
3435 5309 3724 5380 pertinere

2082 5382 2357 5436 dicuntur
2386 5382 2506 5436 bini
2539 5381 2738 5436 circuli
2765 5379 2951 5447 ferrei,
2975 5381 3065 5436 vel
3095 5387 3331 5451 torques
3357 5379 3492 5447 etc.,
3517 5382 3722 5436 eadem

2081 5453 2434 5521 totidemque
2466 5452 2538 5506 ad
2571 5453 2836 5521 singulas
2886 5457 3140 5522 quatuor
3188 5453 3636 5519 Labdarearum,
3671 5459 3726 5506 et

2083 5525 2354 5649 grimdem~
2378 5523 2739 5592 totidemque
2773 5523 3022 5594 denique
3051 5523 3123 5580 ad
3165 5523 3432 5597 singulas
3480 5531 3730 5598 quatuor

2107 5631 2116 5649 Α
2163 5613 2418 5649 ακατιων.

2105 5613 2418 5665 δΛακατιων.
