4122 6296
259 349 419 408 1245

1102 353 1204 414 DE
1248 351 1696 414 CERlMONllS
1744 350 1978 414 AUL/E
2023 351 2492 415 ΒΥΖΑΝΤΙΝᾹΞ
2536 351 2684 416 LIB.
2733 352 2810 414 II.

3510 353 3666 413 1246

260 484 308 531 α’
366 478 459 532 σὺν
513 483 622 534 τῶν
678 480 942 554 γονατέων
1001 483 1119 554 (12)
1165 481 1361 538 αὐτῶνθ
1421 482 1604 538 κωπία
1657 483 1757 540 ἀνά
1811 486 1946 559 ρκ’,,

2029 487 2310 545 cancellos
2341 487 2663 544 secundum
2694 489 2890 541 notam
2921 484 3151 540 dudum
3181 490 3234 541 et
3266 485 3662 556 prasscriptam

262 565 408 639 ὁμοῦ
463 567 546 639 βυ¹
593 566 862 640 χαλκίσια
908 577 952 624 κ’
1004 571 1138 643 μετὰ
1184 572 1270 624 καὶ
1318 573 1382 625 τὰ
1434 571 1603 626 λοιπὰ
1644 573 1913 648 μάγγανα,

256 651 464 727 ψελλία
521 656 587 713 κ’.
648 656 956 732 Μαξιλάρια
1014 661 1090 732 μ’,
1146 660 1368 734 περόνια
1412 661 1914 735 κ’,καταπρόσωπα

259 743 356 796 σὺν
402 747 508 798 τῶν
569 747 956 821 κατακοράκων
1011 747 1209 819 αὐτῶν,
1264 746 1462 824 σίδτλρα
1493 747 1782 826 βολιστικὰ
1813 753 1914 824 ρκ’,

255 827 626 906 σιδηροϐόλια
659 841 756 909 ρκ’,
788 835 1253 914 ἆναγοκατάγοντα
1298 839 1389 892 σὺν
1438 842 1544 892 τῶν
1577 839 1914 914 ἱμανταρίων

254 921 438 977 αὐτῶν
486 923 555 992 κ’,
603 925 1005 998 περιπετόμενα
1054 927 1152 982 ἀνὰ
1198 925 1300 999 κδ,
1349 928 1490 1002 ὁμοῦ
1547 929 1670 982 un“
1722 928 1916 1005 φιλου-

257 1010 377 1084 ρέαι
449 1011 547 1066 ἀνὰ
610 1012 697 1087 ιβ’,
765 1013 911 1087 ὁμοῦ
980 1017 1089 1090 σμ’,
1149 1017 1362 1078 σείστας
1431 1023 1493 1088 σ“,
1567 1016 1795 1086 τζὸκους
1849 1019 1914 1087 υ’,

257 1098 577 1176 ἀξινορύγια
643 1103 710 1172 υ’,
779 1104 1010 1178 περόνας
1067 1105 1203 1161 κατᾶ
1258 1105 1563 1180 περισσείαν
1644 1108 1708 1176 α’,
1783 1126 1916 1180 καρ-

250 1188 372 1267 φίον
403 1191 665 1267 ἁρπάγιον
708 1191 967 1267 χιλιάδας
1015 1197 1063 1270 γ’
1109 1193 1409 1270 γολαρικὸν
1443 1198 1557 1267 (13)
1587 1195 1811 1274 καρφίον
1844 1198 1914 1270 γ’,

249 1277 771 1353 τετραδακτυλιαῖον
827 1283 1053 1361 καρφίον
1114 1287 1181 1353 ς’,
1237 1284 1328 1342 καὶ
1385 1291 1488 1355 τῆς
1539 1283 1917 1359 παρηλώσεως

246 1367 510 1444 χιλιάδες
543 1373 636 1446 ιβ’,
671 1371 893 1447 σίδηρον
926 1375 1094 1452 ἀργὸν
1128 1375 1307 1452 Λίτραι
1346 1377 1414 1451 γ’,
1443 1374 1634 1445 κατζία
1663 1376 1736 1434 π’.

2023 577 2292 645 formam,
2325 576 2650 633 maniculas
2690 575 2812 632 sive
2840 590 3016 630 ansas
3046 589 3336 629 remorum
3379 573 3666 628 coriaceas

2021 667 2319 739 sigillatim
2375 669 2844 738 quinquagenas,
2893 666 3150 736 adeoque
3205 663 3266 718 in
3326 677 3663 718 universum

2023 758 2204 823 mille,
2229 773 2360 812 cum
2386 757 2736 828 genualibus
2766 756 2834 810 ad
2867 769 2964 810 eas
2994 751 3448 826 pertinentibus,
3473 767 3666 808 remos

2022 845 2323 916 sigillatim
2370 851 2643 902 centenos
2693 844 2940 912 vicenos,
2991 843 3053 898 in
3103 842 3438 898 universum
3486 841 3662 908 240ος

2023 934 2298 990 chaleisia
2324 935 2394 988 20
2425 941 2481 990 et
2511 933 2768 1004 reliquas
2800 932 3125 999 machinas,
3156 929 3404 986 circulos
3429 930 3520 1000 20,
3543 944 3666 984 cer-

2020 1020 2224 1076 vicalia
2253 1023 2343 1091 40,
2375 1021 2584 1077 fibulas
2613 1023 2684 1076 20
2712 1021 2972 1077 vultibus
3004 1019 3290 1092 aptandas
3321 1034 3455 1075 cum
3489 1017 3667 1090 perti-

2023 1109 2301 1166 nentibus
2332 1109 2471 1166 illuc
2493 1108 2691 1166 ﬁbulis
2712 1109 2787 1165 ad
2820 1109 3094 1166 humeros
3125 1108 3416 1180 aptandis,
3440 1105 3664 1162 balistae

2020 1198 2220 1255 ferreae
2259 1198 2382 1263 120,
2413 1198 2639 1269 Spicula
2680 1198 2800 1264 120,
2833 1197 3047 1254 eilonia
3077 1215 3212 1253 cum
3251 1196 3375 1252 suis
3403 1195 3544 1252 loris
3573 1195 3664 1263 20,

2022 1286 2545 1345 circumvolitantia
2616 1286 2922 1359 sigillatim
2986 1287 3188 1344 vicena
3241 1291 3546 1357 quaterna,
3606 1285 3666 1339 in

2022 1377 2359 1432 universum
2408 1375 2536 1445 480,
2579 1375 2871 1446 philyreas
2915 1375 3037 1445 [seu
3088 1375 3254 1429 funes
3293 1389 3361 1429 ex
3396 1372 3667 1430 interiore

239 1473 381 1528 tilias
445 1475 658 1530 cortice
720 1476 926 1547 tortos]
985 1476 1288 1547 sigillatim
1346 1478 1529 1533 denos
1586 1477 1779 1544 binos,
1812 1477 1872 1532 in
1905 1476 2243 1533 universum
2303 1477 2448 1542 24ος
2486 1474 2732 1531 malleos
2761 1475 2889 1541 200,
2923 1474 3088 1530 funes
3130 1473 3254 1540 400,
3285 1471 3512 1544 ligones
3541 1472 3666 1543 400,

243 1560 467 1618 fibulas
500 1565 1044 1634 supernumerarias
1071 1566 1199 1634 290,
1231 1566 1529 1622 clavorum
1580 1567 1938 1622 aduncorum
1995 1565 2182 1621 millia
2212 1565 2342 1632 tria,
2375 1563 2664 1620 clavorum
2721 1563 3053 1635 gulatorum
3087 1579 3189 1618 seu
3222 1577 3363 1632 gyro
3395 1559 3483 1615 vel
3516 1562 3669 1616 fora-

245 1653 411 1708 mine
471 1653 704 1710 funibus
758 1654 1123 1725 trajiciendis
1179 1657 1600 1712 instructorum
1660 1656 1843 1712 millia
1871 1656 1926 1722 3,
1961 1655 2209 1712 millia6
2253 1656 2542 1710 clavorum
2601 1661 2918 1726 quaternos
2976 1653 3190 1724 digitos
3249 1655 3580 1724 longorum,
3611 1643 3676 1706 et

241 1741 550 1799 clavorum
582 1743 907 1813 vulgarium
941 1746 1012 1800 ad
1045 1746 1405 1817 afﬁgendum
1437 1750 1700 1810 aptorum
1735 1744 1922 1801 millia
1954 1746 2038 1810 12,
2071 1744 2206 1800 ferri
2239 1744 2298 1799 in
2331 1742 2542 1799 massis
2573 1741 2739 1798 litras
2771 1743 2931 1809 3000,
2964 1757 3172 1813 capsas
3199 1741 3291 1795 80.

305 1828 478 1903 ’Υπὲρ
529 1825 857 1898 ἐξοπλίσεως
903 1829 1348 1906 τετραραὶων-δλ
1401 1826 1715 1906 λαϐδαρέων
1765 1827 1830 1900 δ’,

863 1901 1205 1978 μαγγανίκῶν
1249 1901 1311 1958 δ’.

311 1985 636 2067 Κρικὲλλια
683 1988 756 2058 λ’,
805 1991 1077 2066 πάγουροι
1132 1999 1207 2063 ιε’,
1258 1991 1459 2067 ψελλία
1509 1993 1575 2061 λ’,
1627 1992 1713 2047 καὶ
1759 1991 1915 2067 λόγῳ

248 2086 358 2137 τῶν
432 2077 686 2155 μεγάλων
735 2077 1194 2154 τοξοὸολιστρῶν,
1247 2082 1394 2157 κριοὶ
1449 2083 1524 2144 εἷς
1577 2083 1673 2144 τὰς
1731 2081 1918 2156 χελώ-

249 2191 341 2232 νας
409 2169 494 2238 ιε’,
555 2166 839 2225 δακτύλιοι
901 2174 978 2242 ιε’,
1041 2170 1236 2248 βαρέας
1295 2170 1537 2247 μεγάλας
1589 2178 1654 2243 κ’,
1699 2170 1790 2226 καὶ
1824 2192 1918 2244 μι-

251 2261 524 2336 κροτὲρας
571 2257 638 2328 λ’,
691 2259 779 2314 καὶ
827 2258 983 2335 λόγῳ
1027 2266 1136 2316 τῶν
1190 2261 1445 2336 μεγάλων
1475 2257 1914 2334 τοξοϐολίστρων

253 2347 458 2424 σίδηρα
488 2349 625 2404 κατὰ
669 2350 862 2407 τύπον.
915 2349 1086 2407 Ηίσσα
1134 2347 1318 2427 λίτραι
1367 2349 1617 2425 χιλιάδες
1665 2357 1716 2421 ι’,
1747 2350 1917 2425 ὑγρο-

252 2437 476 2492 πίσσιον
540 2437 813 2512 μαγαρικὰ
892 2439 1003 2511 (14)
1080 2436 1391 2514 στρογγύλα
1440 2445 1505 2508 τ“,
1561 2433 1752 2511 κεδρέα
1813 2456 1919 2508 μα-

248 2526 450 2601 γαρικᾶ
507 2526 570 2595 ν’,
631 2523 872 2600 λινάριον
948 2525 1132 2603 λίτραι
1205 2525 1459 2602 χιλιάδες
1529 2528 1600 2598 η’,
1658 2520 1916 2580 κανάϐιον

255 2612 514 2693 χιλιάδες
575 2615 642 2690 β’,
703 2612 1003 2678 σανδάλους
1057 2616 1124 2686 κ’,
1206 2613 1485 2693 σφενδόναι
1544 2613 1766 2689 σιδηραῖ
1826 2614 1914 2688 ιβ’,

252 2698 747 2778 σιδηροϐολιστικᾶ
794 2706 930 2760 κατὰ
985 2705 1290 2780 περίσσειαν
1351 2713 1412 2775 v‘,
1473 2697 1813 2779 σιδηροϐόλα
1851 2708 1916 2772 υ’,

259 2790 546 2868 φιλουρέαι
619 2795 684 2868 ρ’,
749 2793 1147 2868 περιπετόμενα
1213 2797 1278 2870 ρ’,
1339 2795 1631 2868 σπαρτίνας
1691 2793 1754 2868 ρ’,
1823 2789 1913 2846 λε-

259 2882 464 2957 πτάρια
512 2885 625 2954 (15)
683 2884 746 2956 σ’,
802 2882 1138 2960 τετράκουλα
1203 2887 1318 2959 (16)
1357 2884 1433 2946 εἷς
1469 2885 1538 2940 τὰ
1575 2881 1808 2957 σιφώνια
1846 2886 1912 2955 ρ’»

259 2968 508 3047 λίνάριον
558 2971 636 3034 εἰς
683 2973 810 3036 τοὺς
861 2973 1134 3051 σφόγγους
1190 2975 1258 3044 υ’,
1307 2971 1690 3045 σκαλοδὲματα
1735 2973 1800 3040 υ’,
1863 2971 1914 3025 οἱ

255 3063 595 3132 πεντήκοντα
625 3061 688 3144 ’⁵⁸
729 3061 1018 3140 πάμφυλοι
1076 3064 1304 3142 σιφώνια
1352 3060 1453 3133 κδ’,
1499 3061 1568 3117 τὰ
1608 3061 1660 3135 μ’
1691 3058 1917 3116 οὗσιακὰ

255 3152 494 3229 σιφώνια
533 3151 610 3218 π’,
638 3150 862 3228 καρφίον
897 3150 1210 3228 στεγαδερὸν
1242 3156 1355 3228 (17)
1385 3148 1638 3228 χιλιάδες
1669 3151 1733 3214 ς’.

322 3413 406 3472 Τὰ
462 3414 717 3490 andth
777 3414 1199 3490 csnpécou__toii
1265 3416 1472 3472 εἰδικοῦ
1539 3414 1912 3486 ἐξοδιασθέντα

577 3485 707 3558 ὑπὲρ
738 3490 835 3541 τοῦ
874 3485 1148 3557 ’ταξειδὶου
1186 3495 1286 3558 τῆς
1337 3485 1591 3562 Κρήτης,

323 3579 576 3651 Ἐπήρθη
635 3577 742 3632 ἀπὸ
797 3578 889 3632 τὸν
947 3580 1104 3654 ζυγὸν
1174 3577 1329 3656 λόγῳ
1387 3580 1584 3654 ἀγορᾶς
1639 3575 1917 3653 διαφόρων

253 3665 414 3748 εἰδῶν
448 3669 546 3721 τοῦ
574 3665 844 3736 ταξειδῖου
885 3675 986 3738 τῆς
1020 3671 1237 3743 Κρήτης
1269 3668 1361 3723 σὺν
1403 3667 1678 3739 ἔξοπλίσει
1708 3670 1813 3720 τῶν
1849 3666 1912 3722 θ’.

253 3757 558 3814 Ῥουσικῶν
627 3753 903 3830 καραϐίων
985 3758 1074 3813 καὶ
1151 3762 1258 3814 τῶν
1330 3759 1398 3833 β’,
1470 3755 1733 3832 μονερίων
1809 3757 1914 3808 τῶν

259 3842 641 3920 αἷχμαλώτων
675 3848 788 3918 (18)
819 3845 911 3900 σὺν
956 3851 1063 3902 τῶν
1115 3843 1432 3922 ὁρισθέντων
1483 3845 1589 3901 ἀπὸ
1619 3843 1918 3904 κελεύσεως

261 3932 488 4004 δοθῆναι
557 3934 624 3988 τὰ
701 3934 840 3988 κατὰ
915 3937 1223 4011 περίσσειαν
1299 3933 1570 4014 διαογὸρων
1630 3931 1787 3990 εἰδῶν
1844 3931 1919 3992 εἷς

2020 1832 2395 1889 Instrumenta
2447 1832 2480 1885 4
2525 1832 2855 1903 petrarium
2889 1830 2922 1884 4
2971 1829 3385 1884 lamdarearum
3430 1837 3484 1885 et
3539 1827 3667 1884 toti-

2565 1905 2687 1958 dem
2717 1901 3122 1958 machinarum.

2096 1993 2323 2050 Cireelli
2355 1993 2444 2058 30,
2479 1993 2672 2050 cancri
2717 1993 2802 2060 15,
2837 2001 3067 2063 torques
3105 1990 3174 2045 30
3205 2004 3309 2061 pro
3358 1987 3668 2046 tendendis

2028 2084 2256 2157 magnis
2304 2081 2696 2141 arcubalistis.
2745 2080 2968 2138 Arietes
3013 2079 3376 2137 testudinum
3429 2078 3514 2148 15,
3564 2093 3669 2134 an-

2028 2174 2150 2230 nuli
2181 2174 2269 2241 15,
2302 2173 2454 2228 dolia
2482 2171 2723 2244 grandia
2752 2171 2842 2242 20,
2866 2169 3093 2226 minora
3121 2169 3191 2224 30
3220 2173 3277 2225 et
3305 2184 3408 2240 pro
3438 2166 3670 2238 magnis

2028 2261 2397 2319 arcubalistis
2427 2262 2774 2317 ferramenta
2794 2260 3118 2318 secundum
3141 2258 3535 2330 praescriptam
3561 2257 3671 2312 for-

2027 2370 2208 2421 mam,
2238 2353 2379 2425 picis
2421 2351 2566 2408 lilrae
2605 2350 2799 2407 decies
2830 2349 3028 2416 mille;
3059 2349 3206 2420 picis
3237 2346 3472 2419 liquide
3504 2343 3666 2402 seria:

2025 2443 2232 2502 fictiles
2260 2443 2527 2500 rotundas
2564 2445 2888 2498 tercentum
2913 2460 2928 2509 ;
2953 2439 3158 2495 cedria
3189 2437 3481 2509 amphora;
3515 2435 3668 2491 {icti-

2025 2532 2112 2589 les
2171 2531 2599 2604 quinquaginta
2637 2548 2650 2599 ;
2685 2530 2790 2586 lini
2849 2530 3009 2584 libre
3066 2527 3227 2594 8000,
3260 2524 3540 2582 cannabis
3597 2523 3668 2578 li-

2025 2623 2144 2678 brae
2199 2623 2362 2688 2000,
2410 2619 2637 2677 sandali
2685 2620 2777 2686 20,
2829 2618 3022 2674 {unde
3080 2617 3278 2672 ferreas
3336 2615 3425 2681 12,
3473 2616 3667 2670 ferreas

2027 2709 2272 2767 ballistas
2330 2708 2855 2780 supernumerariw
2910 2707 3002 2765 50.
3061 2704 3284 2776 spicula
3336 2703 3427 2767 50,
3478 2698 3670 2774 phily-

2027 2815 2135 2854 νοω
2186 2799 2309 2864 100,
2358 2795 2839 2853 circumvolantia
2886 2796 3009 2864 100,
3061 2793 3278 2866 spartei
3325 2792 3496 2848 funes
3545 2789 3668 2860 100,

2026 2886 2272 2944 funiculi
2300 2886 2597 2943 tenuiores
2635 2885 2762 2951 200,
2795 2883 3078 2941 tetracula
3115 2883 3187 2938 ad
3227 2881 3506 2954 siphones
3545 2879 3668 2945 100,

2024 2975 2132 3032 lini
2153 2976 2224 3032 ad
2248 2976 2522 3047 spongias
2555 2975 2690 3030 inde
2719 2971 3110 3029 conficiendas
3139 2969 3300 3026 libris
3332 2969 3456 3034 400,
3479 2967 3669 3023 scalas

2025 3066 2268 3122 funibus
2309 3063 2511 3136 plexas
2540 3063 2664 3118 400.
2697 3061 3129 3134 Quinquaginta
3170 3056 3467 3132 pamphyli
3497 3057 3672 3112 habe-
3749 3081 3758 3092 ι

2025 3157 2169 3214 bant
2193 3154 2470 3226 siphones
2499 3155 2591 3220 24,
2622 3153 3013 3224 quadraginta
3041 3149 3243 3206 usiaca
3271 3146 3560 3203 habebant
3589 3145 3670 3201 si.

2026 3245 2251 3319 phones
2266 3243 2358 3314 80,
2380 3239 2992 3314 clavorum,qualibus
3016 3254 3155 3296 usus
3177 3241 3265 3295 est
3285 3237 3345 3293 in
3367 3251 3673 3310 coagmeno

1939 3315 1983 3381 (ἶ
2022 3315 2219 3394 tendis
2249 3335 2492 3392 navium
2521 3331 2822 3402 tabulatis,
2853 3329 3038 3387 millia
3064 3331 3122 3388 6.

2025 3461 2177 3517 889
2261 3458 2539 3515 Secretum
2614 3457 2751 3512 idici
2823 3456 3074 3525 erogavit
3144 3455 3204 3510 in
3273 3451 3672 3526 expeditionem

2617 3529 2923 3584 Cretensem
2951 3529 3085 3583 hac.

2099 3661 2147 3714 A
2178 3657 2327 3712 libra
2369 3656 2448 3729 [id
2477 3659 2583 3725 est,
2615 3673 2648 3710 a
2684 3653 2989 3722 tribunali,
3021 3655 3167 3723 quod
3209 3653 3422 3725 pendet
3459 3656 3672 3710 statera

2029 3747 2340 3803 redeuntes
2369 3744 2428 3799 in
2461 3743 2668 3798 ﬁscum
2701 3740 3056 3813 imperialem
3087 3757 3364 3796 nummos
3392 3745 3449 3796 et
3467 3756 3674 3813 expen-

2030 3853 2126 3892 sas
2149 3832 2365 3906 pariter
2381 3831 2690 3904 appendet]
2711 3834 2996 3902 susceptas
3017 3830 3247 3886 fuerunt
3262 3829 3387 3884 auri
3413 3827 3557 3885 litrze
3576 3830 3668 3898 24,

2033 3942 2147 3999 quo
2178 3925 2512 3979 emerentur
2539 3921 2708 3977 varie
2740 3936 2829 3977 res
2871 3919 3223 3991 expeditioni
3261 3917 3519 3976 Cretensi
3559 3917 3673 3974 uti-

1639 4031 1878 4090 VARI/E
1929 4021 2348 4088 LECTIONES.

331 4133 378 4168 ⁸⁸
419 4130 774 4188 ὑπεντίκοντα
812 4131 938 4189 cod.
981 4133 1038 4187 et
1075 4130 1164 4186 ed.
1207 4145 1310 4202 pro
1349 4125 1401 4181 οἱ
1431 4126 1786 4196 πεντήκοντα.

1297 4226 1492 4284 JOAN.
1535 4225 1676 4282 JAC.
1719 4219 2009 4280 REISKII.
2053 4210 2641 4272 COMMENTARIUS.

330 4323 446 4396 (12)
496 4322 738 4396 Videtur
768 4320 890 4376 haec
921 4337 1032 4376 vox
1061 4322 1357 4390 segmenta
1381 4318 1648 4396 Acoriacea
1680 4313 1907 4396 signifi-

2016 4307 2248 4385 Errant-
2270 4302 2656 4385 quoque,_qui
2686 4299 2947 4385 Maiorica
2971 4315 3106 4385 paea
3136 4295 3209 4383 ab
3239 4296 3440 4385 insula
3460 4297 3670 4385 Ilispa-

263 4371 1908 4465 οεὶᾉῖ¹φὶὖῇζᾟὶἦξέ*ξεξιίιᾝ-ῌίιξηίδᾘέῇξ*δόνει-ωε
2017 4371 2462 4465 πίοαοηαῖονὶἑα
2510 4371 2794 4444 derivaut,
2827 4371 3084 4428 nominis
3132 4372 3520 4429 similitudine
3572 4371 3672 4430 in-

265 4450 534 4520 attritum
585 4470 641 4520 et
687 4464 960 4520 duritiem
985 4450 1400 4524 "scamnorum.
1451 4461 1736 4517 adversus
1784 4473 1908 4528 quae
2018 4450 2198 4528 dupli;

264 4535 656 4591 obnitendum
711 4534 856 4617 ipsis
888 4543 991 4617 ρει
1041 4536 1113 4591 ad
1165 4536 1446 4605 majorem
1494 4531 1612 4588 vim
1655 4529 1908 4602 impulso

262 4621 428 4662 remo
458 4607 1031 4661 communicandam.

337 4677 455 4748 (13)
490 4677 570 4751 Ex
611 4694 666 4746 p.
698 4677 824 4741 390,
867 4677 966 4751 ubi
1011 4676 1303 4751 γυραρικὸν
1341 4676 1578 4748 legitur,
1612 4673 1740 4751 veni
1780 4686 1908 4751 eam

265 4746 880 4829 in'opinionem,_esse
919 4746 1112 4805 clavos
1139 4746 1268 4805 cum
1313 4746 1453 4820 gyro
1491 4765 1595 4806 seu
1626 4746 1908 4802 foramine

265 4821 327 4874 in
356 4835 590 4874 summo
621 4822 691 4875 ad
725 4821 915 4877 instar
943 4837 1100 4877 acus.

2092 4519 2204 4593 (15)
2231 4516 2520 4601 Videntur
2545 4532 2671 4574 esse
2703 4515 2945 4600 funiculi
2979 4514 3298 4584 tenuiores,
3329 4515 3532 4643 quales
3561 4532 3668 4572 nos

2092 4589 2339 4643 ndfaden
2405 4590 2682 4643 dicimus.
2741 4587 2947 4643 Franci
3003 4588 3070 4643 de
3122 4588 3187 4643 la
3240 4588 3437 4643 ἤσθιε.
3500 4589 3666 4643 Conf.

2021 4587 2339 4657 Biiidfaden
2405 4589 2682 4657 dicimus,
2741 4587 2947 4643 Franci
3003 4588 3070 4644 de
3122 4588 3187 4644 la
3237 4587 3437 4659 ﬁcelle.
3500 4589 3666 4645 Conf.

2022 4664 2476 4806 β’(ῗὲῗλνίάοιυι-
2521 4747 2647 4788 esse
2697 4748 2800 4804 pro
2845 4727 3185 4806 τετράκωλα,
3217 4728 3672 4806 quatuorpedi-

2018 4801 2130 4862 bus
2154 4801 2298 4860 fulta
2323 4809 2614 4874 pegmata,
2640 4801 2815 4874 su—per
2834 4801 3048 4874 quibus
3069 4801 3374 4872 quiescunt
3395 4801 3670 4874 sip‘bopes

337 4871 902 4963 (iiif'fsiagizhéii'e't'
945 4871 1227 4962 ᾖᾷῗονίσα
1275 4905 1508 4963 quoque
1559 4890 1734 4963 dicta
1773 4904 1909 4943 vasa
2019 4871 2562 4963 ἱτὲῑιίαΐίίςηῖςαῖξξιςῖξ
2588 4871 3015 4963 βῖείξξοῖωυεν
3057 4871 3115 4930 εἴ
3152 4871 3668 4963 Ιεῖξειιιοίοεξζειηξιξο

265 4966 406 5034 sunt
432 4960 610 5034 dolia,
643 4963 802 5034 serias
834 4960 1070 5034 fictiles,
1101 4960 1542 5034 uruca—gastris,
1568 4961 1650 5017 sic
1679 4960 1851 5034 dicta;
1881 4974 1914 5013 a

273 5030 684 5104 Megaris,guhi
728 5033 928 5089 fictilia
968 5030 1188 5090 ﬁebant
1230 5030 1385 5104 apud
1435 5030 1910 5104 antiquos_cele-

270 5101 454 5166 brata,
517 5102 629 5159 vid.
704 5105 1106 5161 Hemsterhus.
1175 5101 1614 5174 ad_Aristoph.
1681 5101 1913 5174 Plutum

267 5188 327 5242 p.
554 5174 753 5255 Mazaei:
791 5193 1020 5247 quoque
1065 5192 1131 5234 ea
1176 5176 1481 5255 dicebant;
1516 5173 1688 5255 quin.
1717 5173 1916 5255 omnia

271 5245 585 5312 scriptione
616 5243 876 5316 quidem,
898 5243 958 5303 at
980 5264 1094 5303 non
1128 5264 1268 5304 sono
1299 5249 1528 5303 diversa
1550 5243 1697 5301 sunt
1720 5261 1734 5312 ;
1759 5261 1793 5312 g
1815 5250 1869 5298 et
1890 5243 1915 5298 ἰ

274 5319 342 5396 et.
374 5332 405 5370 π,
439 5322 661 5372 veteres
709 5319 914 5374 eodem
968 5319 1139 5396 modo
1190 5324 1333 5396 ante
1379 5316 1605 5396 vocales
1643 5331 1671 5371 e
1708 5322 1765 5396 et
1803 5316 1824 5369 ἱ
1858 5317 1915 5370 et

270 5385 422 5467 alias
445 5404 675 5458 quoque
702 5390 1160 5467 pronuntiabant
1185 5407 1272 5467 ;_v.
1299 5392 1380 5446 Du
1415 5391 1607 5467 Gange
1636 5404 1686 5443 v.
1712 5386 1911 5467 Mater.

271 5455 640 5537 ubi._lopgam
681 5455 1150 5537 dissertationem
1175 5455 1254 5537 ‘de
1294 5455 1619 5537 murrhinis
1649 5465 1912 5537 veterum

271 5528 430 5583 texit.
465 5528 744 5587 Recenset
783 5532 861 5588 ibi
885 5549 1142 5605 quoque
1173 5532 1323 5605 inter
1350 5531 1766 5605 appellationes
1804 5530 1914 5586 ho-

275 5609 406 5652 rum
440 5615 716 5676 vasorum
762 5602 982 5672 Macte},
1014 5602 1141 5676 quae
1173 5602 1520 5676 longealius
1552 5602 1804 5676 ονίεὶηἱε.
1824 5605 1912 5657 δι’

278 5681 388 5794 aue
434 5669 609 5754 Μαίη·
654 5678 763 5757 εει,
792 5679 849 5731 et
887 5669 1180 5733 cum-hoc
1227 5669 1506 5732 confundi
1556 5669 1672 5731 non
1721 5674 1911 5756 debet.

325 5741 380 5794 ει
407 5754 561 5794 0mm
590 5743 839 5794 Arabica
867 5763 975 5794 vnx
1005 5763 1132 5794 mm
1163 5751 1355 5794 sonat-
1385 5746 1540 5794 nleba
1566 5745 1655 5794 vel
1685 5745 1909 5794 amula-

325 5741 380 5794 st
407 5741 561 5800 enim
590 5743 839 5803 Arabica
867 5763 977 5804 vox
1005 5763 1132 5822 quae
1163 5751 1355 5814 sonat,
1384 5746 1540 5820 gleba
1566 5745 1655 5802 vel
1685 5744 1910 5816 argilla.

2021 4941 2154 5077 {am
2212 4945 2350 5003 alibi
2387 4941 2820 5014 demonstravi,
2879 4941 3032 5019 saepe
3074 4965 3120 4998 ω
3159 4951 3218 5002 et
3263 4960 3330 4998 ου
3376 4944 3530 5000 vices
3584 4941 3669 4996 al-

2050 5035 2277 5077 ernare.

2050 5035 2277 5077 ernare.

2091 5109 2216 5233 (1Ἳέ
2255 5105 2404 5170 Quia
2441 5103 2622 5190 ,στέγῃ
2675 5111 2766 5192 est
2815 5107 3149 5174 tabulatum,
3201 5100 3672 5229 credidi_xap§iv

2091 5199 2184 5233 εγα
2223 5175 2342 5233 εοόν
2399 5177 2489 5233 hic
2548 5179 2880 5233 signiﬁcare
2936 5180 3126 5233 clavos
3185 5191 3570 5233 comnamnan
3621 5190 3669 5230 ιε

2024 5180 2342 5264 στεγαδερόν
2399 5180 2489 5260 hic
2548 5180 2880 5251 signiﬁcare
2936 5180 3126 5260 clavos
3185 5180 3669 5256 compaginandis

2024 5251 2302 5307 tabulatis
2350 5265 2611 5305 navwm.
2655 5251 2817 5306 Certe
2867 5259 3080 5304 rectius
3129 5254 3182 5302 et
3223 5252 3416 5315 aptius
3464 5251 3670 5300 extun-

2023 5325 2158 5379 dere
2188 5338 2301 5378 non
2335 5321 2510 5376 valui.
2537 5321 2794 5386 Cogitavi
2825 5325 3044 5386 tamen,
3072 5324 3345 5374 essentne
3368 5315 3510 5372 clavi
3533 5333 3669 5373 cum

2025 5393 2162 5450 latis
2220 5391 2488 5450 rotundis
2546 5391 2722 5447 veluti
2777 5390 3064 5463 capitellis
3121 5395 3223 5446 aut
3277 5387 3552 5446 umbellis
3608 5389 3671 5446 in

2027 5481 2219 5609 su(1:18")l
2228 5481 2309 5609 (Bt
2339 5533 2426 5609 sic
2452 5532 2885 5609 interpretarer_
2901 5531 3310 5609 compendium
3344 5531 3670 5604 scripturas,

2026 5603 2205 5736 au'od'
2235 5607 2296 5662 in
2347 5603 2550 5659 tabula
2596 5619 2755 5688 aenea
2783 5608 2828 5660 t.
2864 5605 2909 5671 Ι,
2939 5603 3164 5660 inserta
3210 5604 3363 5689 linea
3409 5603 3606 5686 quarta
3635 5621 3670 5660 α

2073 5697 2141 5736 ne
2168 5684 2254 5736 est
2282 5673 2336 5730 αἶ
2367 5690 2498 5731 cum
2535 5690 2772 5736 gemino
2802 5693 2838 5736 γ
2869 5677 3283 5736 superscripto.
3316 5677 3545 5732 Induxlt
3575 5690 3670 5732 me

2073 5697 2141 5738 ne
2168 5684 2254 5736 est
2282 5673 2337 5750 αξ
2367 5690 2498 5750 cum
2535 5675 2772 5750 gemino
2802 5693 2843 5750 χ
2869 5677 3283 5748 superscripto,
3316 5673 3545 5732 induxit
3575 5690 3671 5732 me

2023 5751 2126 5807 lin.
2157 5765 2290 5825 pen.
2325 5747 2501 5818 hujus
2531 5747 2778 5820 pagina.
