4122 6296
225 437 376 499 1249

1058 437 1161 497 DE
1204 434 1670 498 CEBIMONIIS
1709 436 1952 498 AULIE
1992 435 2464 499 ΒΥΖΑΝΤΙΝΑΞ
2505 436 2653 498 LIB.
2703 435 2778 497 II.

3459 435 3615 500 1250

222 569 487 645 ῥασιακῶν
555 565 601 642 ρ’
645 571 753 622 τῶν
795 564 1055 622 δοθέντων
1111 567 1246 621 κατὰ
1301 565 1606 640 περίσσειαν
1647 567 1723 630 εἰς
1769 566 1859 621 τὸν

1973 568 2169 625 mism.
2191 569 2283 638 62,
2308 585 2443 626 nam
2476 569 2711 642 reliqua
2736 569 2803 624 19
2832 568 3012 643 pelles
3045 569 3194 628 datis
3223 573 3362 628 sunt
3388 587 3458 627 ex
3488 570 3618 626 illa-

222 655 376 712 αὐτόν
409 653 632 722 στόλον,
663 677 713 714 ν.
740 657 847 726 κη’,
881 656 1008 730 ζιβ“.
1043 651 1241 724 Ἐδόθη
1272 655 1405 730 ὑπὲρ
1435 654 1634 730 ἀγορᾶς
1661 657 1864 731 βυρσα-

219 745 344 820 ρίων
398 746 442 780 ⁵⁷
513 745 708 818 βοείων
774 745 911 819 ρκβ“,
977 762 1113 814 mw.
1182 740 1379 814 Ἐδόθη
1451 744 1584 818 ὑπὲρ
1651 744 1856 818 ἀγορᾶς

220 831 562 890 κεντοῦκλων
595 839 638 886 σ¹
659 837 766 887 τῶν
806 830 1068 896 δοθέντων
1114 832 1250 888 κατά
1296 831 1603 906 περίσσειαν
1654 832 1859 905 ὁμοίως

222 927 296 986 εἷς
321 925 381 979 τὸ
415 922 702 998 βασιλικὸν
749 921 1014 996 πλόϊμον,
1063 928 1184 993 κηζ.
1238 919 1437 992 Ἐδόθη
1489 923 1617 995 ὑπὲρ
1666 921 1865 997 ἀγορᾶς

219 1012 470 1068 κιλικίων
503 1033 549 1086 ,α
576 1016 682 1066 τῶν
714 1012 776 1081 ς’,
809 1033 857 1069 ν.
893 1015 1016 1085 ρξς,
1072 1012 1166 1081 ζς’.
1232 1009 1428 1082 Ἐδόθη
1485 1011 1616 1084 ὑπὲρ
1660 1011 1864 1087 ἀγορᾶς

220 1101 478 1180 σχοινίων
548 1101 862 1175 λεπταρίων
927 1103 1018 1156 καὶ
1105 1099 1416 1176 χαρταρίων
1510 1100 1601 1154 καὶ
1657 1098 1860 1168 λοιπῆς

221 1188 428 1264 ἐξόδου,
485 1212 534 1247 ν.
608 1191 669 1259 ις’
729 1194 822 1259 ζς.
893 1189 1059 1265 Λόγῳ
1124 1196 1352 1258 ποιῆσαι
1420 1187 1649 1263 ἀτεγίων
1710 1187 1861 1243 κιλι-

219 1280 376 1334 κίνων
441 1280 506 1354 ρ’,
564 1279 739 1353 ρπγν’.
800 1273 996 1346 Ἐδόθη
1059 1277 1190 1351 ὑπὲρ
1258 1276 1462 1351 ἀγορᾶς
1547 1275 1862 1350 κασσιτέρου

225 1367 408 1440 λίτραι
440 1369 504 1438 σ“,
550 1388 598 1422 ν.
645 1364 748 1420 λδ“.
801 1362 998 1436 Ἐδόθη
1061 1367 1194 1440 ὑπὲρ
1240 1366 1442 1440 ἀγορᾶς
1487 1363 1861 1440 χαλκώματος

225 1457 482 1532 λίτραισ“,
526 1477 572 1511 ν.
620 1457 714 1526 ιη’.
747 1452 940 1526 Ἐδόθη
978 1456 1110 1530 ὑπὲρ
1132 1456 1329 1530 ἀγορᾶς
1348 1453 1645 1532 σκαφιδίων
1669 1475 1863 1528 στρογ-

215 1545 402 1623 γύλων
437 1543 693 1621 μεγάλων
729 1553 791 1619 ρ’,
825 1567 874 1602 ν.
928 1545 1018 1619 ιβ’.
1067 1541 1261 1614 Ἐδόθη
1315 1543 1448 1618 ὑπὲρ
1485 1543 1684 1618 ἀγορᾶς
1731 1563 1863 1598 σκαο

219 1633 418 1713 φιδίων
480 1634 823 1709 μικροτέρων
882 1640 948 1708 p‘,
983 1656 1030 1690 ν.
1078 1635 1178 1707 κγ’.
1237 1630 1432 1704 Ἐδόθη
1477 1633 1609 1706 ὑπὲρ
1661 1633 1861 1707 ἀγορᾶς

217 1722 531 1799 καλδαρίων
593 1731 655 1794 σ“,
711 1745 762 1780 ν.
815 1723 917 1798 λγ“.
961 1719 1158 1792 Ἐδόθη
1217 1723 1350 1796 ὑπὲρ
1407 1721 1606 1798 ἀγορᾶς
1656 1742 1863 1776 καπου-

214 1814 346 1870 λίων
394 1815 460 1890 β“,
490 1835 538 1868 ν.
578 1821 648 1887 μ“.
679 1809 878 1881 Ἐδόθη
907 1812 1042 1885 ὑπὲρ
1071 1811 1269 1887 ἀγορᾶς
1300 1812 1576 1886 πτυαρίων
1605 1831 1669 1878 κα.
1701 1832 1751 1868 ν.
1781 1809 1861 1868 ιδ’.

210 1901 413 1974 Ἐδόθη
451 1903 585 1973 ὑπὲρ
613 1903 810 1977 ἀγορᾶς
841 1900 1036 1976 ἑτέρων
1067 1897 1247 1955 κάδων
1272 1899 1609 1973 μικροτέρων
1638 1905 1700 1958 ν’.
1733 1921 1778 1958 ν.
1804 1901 1860 1958 ε’.

202 1992 407 2065 Ἐδόθη
451 1993 582 2067 ὑπὲρ
632 1992 832 2068 ἀγορᾶς
881 1992 1063 2066 ἑτέρου
1114 1991 1432 2066 κασσιτέρου
1483 1989 1662 2066 λίτραι
1722 1998 1764 2044 σ⁸
1793 1991 1858 2044 τά

200 2081 435 2148 δοθέντα
465 2079 695 2158 Μιχαὴλ
727 2084 872 2155 χυτῇ
904 2082 1020 2154 (22)
1052 2079 1202 2156 λόγῳ
1231 2078 1695 2150 κατακολλήσεως
1737 2077 1857 2134 δια-

196 2175 394 2252 φόρων
452 2168 622 2246 ἔργων
671 2174 778 2224 τῶν
824 2169 1120 2246 σιφουνίων
1176 2173 1277 2224 τοῦ
1348 2169 1636 2245 βασιλικοῦ
1699 2167 1861 2223 πλοΐ-

198 2283 322 2335 μου,
353 2283 420 2318 vI.
445 2259 582 2330 λςν’.
613 2256 811 2329 Ἐδόθη
838 2258 971 2332 ὑπὶρ
1002 2258 1202 2333 ἀγορᾶς
1223 2258 1422 2331 κηρίου
1443 2256 1625 2330 λίτραι
1646 2259 1773 2331 ρ“,ν.
1798 2258 1856 2315 ε’.

199 2349 407 2420 Ἐδόθη
444 2351 580 2423 ὑπὲρ
606 2347 804 2423 ἀγορᾶς
873 2341 1135 2419 μολιϐίου
1184 2346 1351 2422 ἀργοῦ
1401 2345 1586 2421 λίτραι
1617 2347 1681 2415 σ“,
1714 2367 1760 2403 ν.
1794 2344 1856 2417 δ’,

205 2438 410 2511 Ἐδόθη
458 2439 591 2511 ὑπὲρ
643 2438 846 2513 ἂγορᾶς
893 2434 1267 2510 χαλκώματος
1327 2433 1589 2514 διαφόρου
1639 2439 1718 2507 τῷ
1765 2433 1861 2490 δο-

209 2531 353 2594 θέντι
381 2531 498 2603 (23)
531 2526 688 2603 λόγῳ
726 2534 829 2597 τῆς
867 2527 1167 2600 ὑπουργίας
1210 2530 1309 2580 τοῦ
1355 2521 1718 2600 δρουγγαρίού
1764 2529 1862 2580 τοῦ

211 2615 460 2690 πλοίμου
535 2615 668 2692 ὑπὲρ
726 2613 1001 2670 κακαόίων
1071 2613 1326 2690 μεγάλων
1397 2613 1462 2688 β’,
1524 2612 1614 2668 καὶ
1668 2611 1862 2688 ἒτέρῶν

210 2702 490 2761 κακοϐίων
534 2704 770 2778 μεσαίων
815 2705 862 2740 ⁸⁸
914 2705 982 2779 β’,
1040 2703 1130 2758 καὶ
1181 2697 1635 2781 χυτροκακαϐίων
1679 2723 1862 2777 γανωο

210 2798 316 2849 τῶν
348 2791 410 2866 δ’,
467 2794 554 2848 καὶ
613 2793 962 2866 κουκουμίων
1026 2790 1280 2868 μεγάλων
1341 2791 1408 2866 β’,
1453 2792 1541 2846 καὶ
1601 2791 1858 2866 τιγανίων

215 2883 472 2958 μεγάλων
541 2885 608 2958 β’,
674 2880 1124 2958 χαλκοσταμνίου
1193 2883 1308 2955 (24)
1371 2884 1640 2956 γανωτοῦ,
1725 2880 1862 2949 ἑνὸς,

210 2969 492 3046 φλατρίων
521 2975 780 3046 γανωτῶν
814 2971 882 3045 β’,
917 2963 1340 3043 χερνιόοξεστῶν
1376 2968 1447 3042 β’,
1477 2988 1527 3022 ν.
1559 2963 1659 3022 κδ’.
1690 2967 1864 3039 Ὁμοῦ

205 3061 269 3114 τὸ
309 3065 412 3116 πᾶν
450 3057 632 3129 ἔξοδος
665 3066 716 3134 χ’
755 3058 934 3133 λίτραι
975 3065 1076 3127 κα“,
1107 3079 1156 3115 ν.
1190 3057 1286 3127 νζ“,
1322 3055 1444 3129 μιλ.
1474 3063 1535 3126 ς’.
1564 3052 1861 3126 Ἐδόθησαν

208 3148 360 3223 παρὰ
450 3153 548 3204 τοῦ
650 3145 855 3203 εἲδικοῦ
956 3143 1146 3221 κόρδαι
1246 3145 1549 3218 μεταξωταὶ
1643 3147 1867 3220 σπάρτι-

205 3260 314 3293 ναι.
389 3235 688 3306 Ἐδόθησαν
750 3233 928 3308 ἕτεραι
1015 3232 1208 3307 κόρδαι
1299 3234 1599 3307 μεταξωταὶ
1670 3235 1862 3309 μικραὶ

203 3325 366 3398 λόγῳ
409 3295 1021 3395 τῶνντοξοϐολιστρῶν.
1075 3295 1270 3389 Ἐδόθη
1299 3295 1524 3395 ¹ὁμοίως
1570 3295 1717 3396 παρὰ
1763 3295 1860 3378 τοῦ
1892 3295 1935 3363 C

204 3411 422 3468 εἰδικοῦ
457 3409 609 3487 λόγῳ
638 3416 746 3465 τῶν
779 3405 1197 3482 καλυόωμᾶτων
1247 3413 1354 3463 τῶν
1412 3407 1717 3481 χελανδίων
1764 3415 1863 3464 τοῦ

207 3499 502 3576 βασιλικοῦ
533 3497 780 3571 πλοίμου
811 3497 911 3552 ἀνά
941 3497 1185 3572 χαρτίων
1217 3502 1252 3550 ε’
1286 3491 1541 3568 μολίὸιον
1589 3495 1789 3569 χαρτία
1818 3498 1862 3571 ρ“

199 3611 286 3645 στι
320 3587 509 3662 λίτραι
542 3590 615 3664 γ’.
659 3585 856 3656 Ἐδόθη
906 3586 1000 3640 τὸν
1060 3581 1422 3660 δρουγγάριον
1468 3587 1566 3639 τοῦ
1613 3582 1860 3657 πλοΐμου

199 3680 312 3736 ἀπὸ
358 3683 464 3733 τοῦ
513 3675 794 3733 κατεπάνω
850 3680 949 3731 τοῦ
991 3672 1234 3749 ἅρματος
1282 3675 1327 3710 ⁵⁸
1381 3675 1494 3746 (25)
1553 3672 1753 3736 σπαθία
1794 3694 1859 3747 γγ,

202 3787 504 3841 σκουταρια
561 3788 628 3842 ιγ,
687 3767 948 3841 κοντάρια
1005 3786 1070 3838 ιγ,
1131 3761 1357 3839 σαγίτας
1421 3759 1672 3838 χιλιάδες
1750 3769 1857 3836 σμ’,

202 3859 392 3934 ἑτέρας
446 3857 668 3932 σαγίτας
729 3853 880 3930 λόγῳ
935 3858 1044 3908 τῶν
1090 3847 1530 3928 τοξοόολιστρῶν
1583 3851 1722 3924 μύας
1773 3869 1861 3926 χι-

205 3945 394 4010 λιάδες
429 3943 493 4004 δ’.

1899 1949 1947 2012 Β

1975 675 2537 732 rum.numero,quae
2561 661 2617 714 in
2640 660 2792 716 idico
2830 660 3106 732 depositis
3135 663 3356 733 jacent.
3374 665 3482 717 Pro
3513 679 3619 718 un-

1973 752 2140 803 ctura
2166 750 2505 805 earumdem
2535 749 2774 822 pellium
2805 765 3038 820 expens.
3073 767 3236 808 num.
3269 753 3326 823 7,
3360 751 3506 806 mill.
3538 752 3614 820 0;

1973 853 2076 907 pro
2135 839 2394 894 emendis
2460 841 2764 912 manganis
2833 840 3070 896 illorum
3127 841 3188 896 11
3249 842 3614 896 carabiorum

1973 941 2136 980 num.
2167 926 2237 993 9;
2259 926 2404 981 mill.
2437 927 2507 995 6;
2542 943 2646 998 pro
2694 929 2953 984 emendis
2993 929 3166 985 remis
3214 929 3321 984 485
3365 946 3526 984 ηοω.
3557 931 3616 984 5.

1974 1012 2082 1066 Pro
2122 1020 2500 1084 compactura
2531 1032 2632 1071 seu
2665 1016 3044 1073 fabricatione
3090 1016 3322 1072 illorum
3358 1019 3415 1071 11
3455 1034 3618 1073 cara-

1972 1101 2204 1156 biorum
2236 1108 2293 1157 et
2318 1103 2707 1158 cancellorum
2747 1107 3320 1178 sepimentorumque
3361 1105 3621 1162 tabulata

1975 1205 2203 1245 summa
2251 1191 2608 1260 cingentium
2670 1191 3140 1265 reliquarumque
3187 1198 3618 1251 structurarum

1973 1279 2267 1334 navalium
2302 1295 2464 1334 num.
2500 1280 2585 1334 11.
2618 1281 2772 1335 800
2802 1286 2907 1336 Pro
2957 1282 3220 1353 picatura
3265 1283 3500 1340 illorum
3552 1286 3611 1340 11

1973 1367 2340 1424 carabiorum
2371 1383 2534 1424 num.
2558 1368 2648 1423 33.
2673 1369 2779 1422 Pro
2801 1369 3065 1424 emendis
3096 1371 3200 1426 100
3228 1373 3434 1441 pannis
3463 1388 3620 1428 cras-

1973 1454 2056 1511 sis
2099 1455 2229 1510 aliis
2276 1457 2347 1511 ad
2397 1457 2817 1512 abundantiam
2865 1457 2926 1512 in
2975 1456 3226 1514 classem
3285 1460 3620 1518 distributis

1975 1560 2139 1600 num.
2169 1546 2262 1610 28,
2294 1545 2442 1600 mill.
2477 1546 2581 1615 12;
2611 1562 2714 1617 pro
2759 1545 3022 1602 emendis
3053 1545 3228 1603 coriis
3260 1547 3486 1604 bovillis
3520 1553 3623 1604 122

1974 1648 2226 1704 expensa
2255 1650 2416 1689 num.
2449 1634 2541 1702 88,
2574 1633 2719 1689 mill.
2753 1635 2788 1688 0
2813 1651 2826 1702 ;
2852 1650 2954 1706 pro
2983 1637 3249 1692 emendis
3279 1638 3622 1694 centonibus

1975 1722 2238 1778 ducentis
2261 1722 2474 1794 pariter
2501 1738 2681 1794 super
2701 1739 3015 1780 numerum
3041 1725 3296 1797 erogatis
3316 1725 3376 1781 in
3400 1727 3617 1800 regiam

1973 1811 2220 1868 classem
2268 1827 2522 1883 expensa
2573 1828 2737 1868 num.
2787 1814 2879 1881 28,
2930 1812 3147 1882 mill...;
3200 1831 3302 1886 pro
3355 1817 3623 1874 emendis

1975 1900 2184 1956 ciliciis
2217 1900 2402 1966 mille,
2434 1900 2662 1971 singula
2693 1917 2796 1973 pro
2826 1901 2981 1957 senis
3013 1903 3490 1971 numismatibus,
3523 1921 3624 1962 ex-

1973 2007 2155 2062 pensa
2186 1992 2423 2047 fuerunt
2455 2007 2617 2047 num.
2644 1993 2767 2061 166,
2793 1990 2938 2048 mill.
2961 1993 3015 2049 6.
3043 1992 3150 2048 Pro
3175 1995 3439 2050 emendis
3470 1995 3617 2050 funi-

1967 2081 2080 2135 bus
2131 2080 2375 2136 minutis
2414 2085 2472 2137 et
2510 2081 2727 2137 chartis
2777 2098 2880 2136 seu
2927 2083 3282 2138 membranis
3323 2089 3380 2140 et
3409 2084 3467 2140 in
3501 2084 3618 2142 alia

1971 2169 2303 2226 necessaria
2341 2185 2593 2242 expensa
2633 2171 2872 2226 fuerunt
2913 2187 3075 2226 num.
3113 2172 3202 2238 15,
3234 2172 3384 2228 mill.
3423 2174 3479 2242 6,
3513 2190 3618 2246 pro

1965 2258 2250 2315 faciendis
2265 2259 2527 2314 tentoriis
2539 2258 2787 2314 cilicinis
2800 2265 3033 2315 centum
3049 2276 3178 2330 exp.
3195 2277 3271 2316 nu
3282 2263 3474 2317 mism.
3498 2263 3617 2317 183,

1967 2346 2112 2402 mill.
2135 2348 2193 2415 0,
2219 2364 2321 2419 pro
2343 2347 2612 2403 emendis
2641 2347 2840 2403 stanni
2869 2347 3036 2404 libris
3065 2349 3333 2405 ducentis
3364 2365 3620 2422 expensa

1968 2436 2251 2492 numism.
2284 2437 2390 2505 34;
2427 2453 2528 2507 pro
2559 2453 2729 2492 aeneae
2763 2437 3015 2492 materiai
3045 2437 3209 2493 libris
3238 2438 3343 2492 200
3368 2454 3619 2510 expensa

1971 2525 2192 2582 numis.
2229 2526 2333 2594 18;
2366 2540 2470 2596 pro
2513 2524 2749 2595 scaphis
2795 2526 3016 2596 magnis
3064 2526 3334 2582 rotundis
3383 2532 3618 2584 centum

1974 2630 2227 2687 expensa
2270 2613 2552 2669 numism.
2590 2614 2699 2681 24;
2731 2629 2831 2685 pro
2863 2614 3191 2670 minoribus
3222 2615 3354 2670 aliis
3386 2624 3620 2672 centum

1969 2703 2252 2760 numism.
2280 2703 2379 2772 12;
2415 2719 2518 2775 pro
2542 2702 2803 2757 emendis
2825 2701 3028 2758 ahenis
3057 2702 3323 2760 caldariis
3353 2705 3621 2761 ducentis

1969 2791 2254 2848 numism.
2277 2791 2348 2845 33
2372 2809 2386 2859 ;
2412 2808 2516 2862 pro
2540 2791 2720 2844 labris
2742 2788 2828 2845 vel
2850 2790 3016 2862 cupis
3037 2791 3127 2846 bis
3154 2791 3314 2848 mille
3347 2810 3507 2848 num.
3530 2794 3620 2865 40,

1970 2896 2074 2952 pro
2105 2880 2281 2935 bottis
2311 2879 2473 2934 mille
2504 2896 2664 2934 num.
2691 2879 2755 2932 14
2780 2896 2794 2947 ;
2820 2895 2921 2949 pro
2945 2878 3076 2934 aliis
3101 2880 3426 2936 minoribus
3456 2883 3620 2939 cadis

1970 2969 2057 3026 vel
2090 2968 2260 3024 doliis
2287 2968 2715 3040 quinquaginta
2745 2966 3026 3022 numism.
3049 2969 3122 3025 5:
3148 2985 3250 3040 pro
3272 2969 3465 3026 adhuc
3487 2969 3620 3026 aliis

1971 3058 2165 3115 stanni
2198 3058 2364 3114 libris
2390 3059 2518 3123 200,
2542 3075 2666 3128 qua:
2697 3057 2848 3112 datas
2881 3059 3111 3113 fuerunt
3143 3059 3319 3115 fusori
3349 3059 3618 3117 Micbaéli

1975 3150 2046 3204 ad
2081 3145 2549 3202 ferruminandas
2576 3145 2769 3203 varias
2793 3145 3096 3202 machinas
3118 3147 3434 3218 siphonum
3464 3149 3618 3221 ignis

1975 3236 2159 3293 Graeci
2181 3234 2510 3307 ejaculandi
2525 3234 2731 3290 classis
2744 3235 2933 3306 regis,
2950 3250 3203 3305 expensa
3220 3237 3617 3307 numism.30;

1975 3325 2126 3382 mill.
2148 3325 2212 3385 0;
2239 3340 2341 3396 pro
2363 3339 2504 3379 cera:
2525 3323 2788 3378 emendis
2809 3321 2976 3378 libris
2998 3328 3233 3378 centum
3253 3326 3536 3380 numism.
3553 3328 3620 3395 5;

1972 3429 2075 3484 pro
2108 3413 2372 3468 emendis
2421 3411 2644 3483 plumbi
2678 3412 2736 3467 in
2767 3427 2965 3468 massa
3000 3414 3088 3468 vel
3119 3413 3287 3468 crudi
3325 3413 3487 3470 libris
3513 3415 3622 3470 200

1971 3516 2136 3556 num.
2161 3501 2230 3566 4;
2258 3517 2360 3572 pro
2390 3500 2656 3556 emendis
2688 3501 2900 3555 massis
2933 3499 3107 3555 tensis
3133 3501 3193 3556 in
3217 3517 3388 3558 usum
3409 3502 3618 3560 culinas

1972 3591 2270 3660 drungarii
2301 3592 2505 3646 classis
2536 3592 2604 3645 ad
2639 3591 2972 3646 efﬁciendos
3003 3593 3138 3646 inde
3167 3595 3414 3648 cacabos
3443 3611 3618 3665 gran-

1970 3680 2074 3735 des
2094 3679 2241 3734 duos
2261 3683 2319 3734 et
2339 3679 2486 3735 alios
2509 3679 2658 3734 duos
2681 3679 2881 3733 medim
2906 3679 3120 3745 formae,
3144 3686 3201 3736 et
3221 3681 3465 3738 cacabos
3487 3681 3618 3738 olli-

1972 3769 2184 3824 formes
2215 3771 2516 3822 stannatos
2547 3771 2796 3838 quatuor
2822 3771 2882 3822 et
2908 3782 3186 3823 cucumos
3214 3771 3466 3840 grandes
3499 3771 3616 3827 duo

1970 3863 2023 3913 et
2055 3855 2378 3926 sartagines
2409 3855 2664 3926 grandes
2692 3855 2859 3920 duas,
2892 3862 2948 3910 et
2981 3855 3278 3912 matellam
3311 3858 3437 3928 [seu
3469 3859 3620 3915 hau-

1970 3949 2156 4000 strum
2189 3943 2329 4014 vini]
2363 3959 2590 4000 aeneum
2623 3943 2718 4014 [ab
2747 3942 3081 4015 angustiore
3119 3960 3218 4000 ore
3247 3961 3454 4003 versus
3485 3948 3619 4003 fun-

207 4040 350 4094 dum
387 4035 702 4105 latescens]
735 4037 1076 4089 slannatum
1109 4047 1309 4098 unum,
1343 4035 1402 4086 et
1433 4029 1672 4102 lagonae
1721 4037 2024 4088 stannatas
2074 4032 2241 4099 duas,
2273 4037 2330 4088 et
2359 4031 2637 4087 malluvia
2666 4033 2804 4100 duo,
2838 4047 3093 4104 expensa
3147 4035 3384 4090 fuerunt
3426 4037 3623 4092 numi-

207 4134 398 4184 smata
431 4127 634 4198 viginti
669 4132 936 4196 quatuor.
972 4123 1034 4177 In
1066 4122 1403 4177 universum
1459 4121 1584 4177 auri
1614 4120 1757 4176 litus
1787 4123 1878 4188 21,
1913 4121 2194 4177 numism.
2225 4121 2313 4188 57,
2351 4119 2492 4174 mill.
2523 4121 2580 4178 6.
2615 4121 2833 4176 Idicum
2884 4137 3058 4191 porro
3101 4122 3258 4178 dedit
3306 4130 3486 4180 restes
3517 4139 3622 4196 per

205 4217 382 4272 strias
415 4213 663 4269 firmiter
704 4217 888 4268 tortos
935 4209 1224 4283 spartinos
1250 4225 1264 4276 ;
1298 4213 1482 4265 restes
1513 4208 1659 4264 alios
1688 4209 1940 4264 striatim
1972 4214 2148 4264 tortos
2181 4209 2437 4264 minores
2468 4225 2568 4278 pro
2599 4208 2991 4265 arcubalistis.
3029 4213 3136 4266 Pro
3168 4209 3445 4267 tabulatis
3475 4211 3618 4269 che-

203 4305 541 4361 landiorum
571 4301 740 4373 regia
789 4299 992 4356 classis
1040 4298 1408 4353 bracteandis
1458 4297 1753 4366 sigillatim
1784 4298 1843 4352 in
1876 4297 2338 4368 unumquodque
2395 4296 2766 4353 chelandium
2828 4298 3038 4370 quinas
3096 4299 3358 4355 bracteas
3417 4300 3616 4372 plum-

205 4395 365 4452 beas.
413 4397 478 4450 In
530 4393 866 4447 universum
917 4405 1054 4462 ergo
1097 4390 1155 4445 in
1205 4387 1409 4459 viginti
1458 4387 1766 4444 chelandia
1811 4389 2076 4446 bracteas
2125 4387 2352 4458 plumbi
2401 4394 2657 4455 centum,
2708 4389 3024 4460 pendentes
3072 4389 3248 4447 libras
3296 4395 3384 4448 ter
3429 4391 3614 4448 mille.

202 4482 539 4554 Drungario
570 4481 777 4536 classis
807 4479 985 4535 dabat
1013 4483 1327 4548 catepauus
1356 4477 1600 4533 armatis
1634 4477 1762 4548 [seu
1812 4475 2275 4547 armamentarii]
2320 4473 2547 4548 gladios
2589 4482 2676 4532 ter
2706 4477 2888 4546 mille,
2920 4487 3084 4534 scuta
3110 4479 3382 4547 totidem,
3411 4489 3614 4538 contos

199 4592 303 4632 seu
359 4573 567 4628 hastas
623 4571 886 4638 totidem,
919 4569 1263 4641 sagittarum
1323 4567 1511 4623 millia
1564 4569 1691 4635 240,
1723 4569 1972 4626 aliarum
2031 4568 2394 4640 sagittarum,
2427 4566 2684 4638 qualium
2745 4585 2892 4624 usus
2921 4574 3008 4626 est
3039 4571 3097 4627 in
3160 4573 3532 4630 arcubalistis
3563 4582 3617 4630 et

201 4682 354 4738 quas
386 4677 624 4720 muscas
653 4661 740 4716 vel
772 4660 1129 4717 muscbettas
1151 4657 1474 4732 appellant,
1508 4658 1690 4715 millia
1719 4664 1987 4730 quatuor.

1564 4804 1806 4860 VARl/E
1842 4802 2256 4861 LECTIONES.

273 4939 317 4973 ⁸⁷
352 4934 664 5064 Ξυρσαρίων
719 4951 835 4993 em.
895 4937 986 5005 Κ,
1045 4931 1234 5008 βυσαρ.
1285 4931 1413 4987 cod.
1475 4932 1532 4986 et
1577 4929 1667 4984 ed.
1746 4927 1792 4963 ⁵⁸
1853 4925 2056 5000 μεσέων
2110 4933 2167 4985 et
2223 4937 2511 5001 κυθροκακ.
2575 4931 2704 4988 cod.
2765 4934 2820 4988 et
2875 4932 2965 4988 ed.
3041 4931 3090 4967 ⁶⁹
3127 4934 3223 4987 τοῦ
3268 4931 3400 4986 κατὰ
3440 4930 3617 5007 ἅρμα-

273 5031 296 5064 ς
325 5026 356 5064 e
406 5051 418 5064 .

201 5029 296 5072 τος
325 5026 418 5065 θα.

1257 5143 1463 5200 JOAN.
1501 5141 1648 5198 JAC.
1692 5141 1958 5199 REISKII
1997 5143 2584 5203 COMMENTARIUS.

269 5275 390 5347 (22)
423 5272 610 5347 Χυτήν
661 5272 757 5328 hic
782 5274 968 5347 _pu_to_
999 5270 1274 5347 eumdem
1315 5283 1444 5324 esse
1475 5271 1656 5347 atque
1684 5283 1859 5338 quem
1892 5271 1939 5336 D

197 5338 306 5418 nos
360 5338 729 5418 appellamus
775 5338 1136 5412 Rbthgieuer,
1167 5343 1423 5396 fusorem
1465 5338 1858 5405 metallorum,

194 5412 831 5486 fabrum'cuprarium.
968 5483 1006 5486 _
1199 5483 1248 5486 η
1470 5481 1521 5486 __
1593 5481 1625 5486 __
1655 5479 1668 5486 _
2041 5413 2164 5486 (25)
2189 5412 2406 5486 _Fuisse
2454 5416 2635 5486 armis
2685 5415 3020 5486 praefectum
3071 5412 3325 5484 aliquem
3374 5412 3514 5470 olim
3560 5413 3621 5470 in

267 5490 386 5560 (23)
425 5490 529 5560 ita,
550 5478 934 5544 membrana.
967 5483 1085 5556 Ego
1117 5483 1348 5560 quidem
1382 5481 1524 5560 quid
1557 5479 1670 5538 sibi
1698 5478 1857 5560 velit,
1971 5478 2108 5537 aula
2138 5478 2386 5560 CPtana,
2407 5484 2516 5538 sub
2539 5478 3122 5560 cujusdispositione
3151 5478 3536 5560 essentarma
3567 5491 3624 5542 et

193 5551 333 5632 non
369 5551 638 5632 intelligo
688 5563 746 5615 et
804 5551 1044 5630 prorsus
1103 5551 1294 5612 deleta
1349 5551 1521 5610 ambo
1576 5551 1860 5610 vocabula
1972 5570 2276 5632 armorum
2311 5551 2878 5632 horreu‘m,’d_ubiu_m
2927 5555 3150 5632 nullum
3181 5556 3483 5632 est.__Num
3516 5573 3624 5632 au-

196 5631 464 5686 mallem.
569 5623 600 5632 V
806 5623 822 5630 ’
1325 5697 1330 5698 ί
1468 5696 1478 5698 μ
1749 5694 1784 5698 __
1970 5628 2090 5698 tem
2143 5627 2736 5698 Calepanu:_Armatis
2784 5623 2881 5681 ille
2923 5625 3090 5698 fuerit
3135 5627 3481 5698 appellatus,
3509 5629 3624 5684 du-

265 5704 415 5784 (24)-
440 5699 734 5784 Σταμνίονᾼ
779 5704 870 5784 est
925 5699 1081 5771 quod
1141 5713 1248 5784 nos
1273 5696 1566 5784 ‘Stdndern
1587 5694 1864 5784 appella-
1976 5695 2115 5766 bito,
2151 5694 2277 5752 eum
2303 5696 2574 5770 nuspiam
2605 5697 2734 5770 ejus
2762 5695 3116 5755 mentionem
3150 5694 3273 5757 fieri
3306 5699 3620 5756 inveniam.

199 5767 370 5840 mus,
391 5767 582 5829 Latini
617 5773 917 5837 matulam,
942 5767 1048 5826 'vas
1076 5769 1397 5826 rotundum
1443 5767 1649 5824 orificii
1679 5783 1864 5837 angu-

1972 5267 2196 5341 stioris,
2244 5269 2405 5324 fundi
2457 5271 2697 5326 latioris.
2744 5271 2934 5328 Gloss.
2978 5271 3077 5329 Gr.
3111 5272 3230 5327 Lat.
3265 5288 3280 5326 :
3322 5270 3622 5341 Matutam,

1971 5336 2255 5412 ἀρύταινα.
2291 5341 2597 5407 Matellala,
2629 5341 2904 5412 σταμνίον.
