4088 6316
335 378 492 440 1269

1218 393 1318 450 DE
1365 395 1828 460 CERIMONIIS
1871 400 2102 460 AUL/E
2147 403 2621 467 BYZANTINAE
2664 409 2810 470 LIB.
2863 413 2941 472 II.

3597 423 3752 484 i270

344 513 527 582 χρυσῆ
560 508 834 566 δισολὸία·
873 537 898 563 ‹‹
939 516 1194 580 Κὲλευσις
1245 519 1305 575 ἐκ
1333 527 1440 577 τῶν
1495 527 1876 604 φιλογρίστων
1923 528 1987 586 δε·

345 600 901 624 ----ξνηνῌ,ς,ςι>υ
1037 607 1049 620 ι
1127 607 1141 624 9
1187 605 1302 624 α..
1657 595 1673 606 ’⁸
1746 617 1812 624 -.

2116 532 2222 590 hos
2255 553 2456 594 omnes
2487 539 2638 596 idem
2673 545 2764 598 est
2793 543 2979 616 stylus
3011 549 3067 601 et
3097 545 3319 618 titulus,
3353 550 3751 624 inscriptionis

343 604 560 654 σποτῶν
592 603 727 674 πρὸς
759 603 786 656 6
818 600 966 658 δεῖνα
999 607 1088 660 τὸν
1124 605 1467 678 ἐνδοξότατον
1498 600 1938 689 κουρονπαλατην,
1966 645 1993 671 ››

346 688 505 763 Ἔχει
541 685 598 742 δὲ
628 690 752 764 περὶ
785 691 942 746 αὐτὸν
976 695 1003 747 ὁ
1051 696 1478 772 κουροπαλάτης
1526 685 1707 776 ἑτέρας
1756 685 1995 775 ἐξω-σίας

341 773 401 831 δ’.
442 777 534 838 Εἷς
563 779 652 832 τὸν
714 780 954 855 ἄρχοντα
1001 788 1096 838 τοῦ
1143 789 1439 863 Βεριασάχ,
1493 787 1724 866 Ἰϐηρία·
1777 795 1852 856 εἷς
1904 797 1996 850 τὸν

346 863 592 940 ἄρχοντα
640 874 737 923 τοῦ
797 872 1402 953 Καρνατάης,Ἰϐηρία⁶
1466 879 1542 944 εἷς
1600 883 1692 936 τὸν
1754 883 1995 958 ἄρχοντα

341 959 440 1048 τοᾌῦ
506 956 699 1027 Κούελ,
757 956 988 1035 Ἰϐηρία·
1023 963 1098 1025 εἷς
1146 964 1238 1019 τὸν
1287 966 1528 1044 ἄρχοντα
1577 976 1678 1026 τοῦ
1739 956 1992 1048 ’Ᾱτξαρᾶ,

341 1039 575 1118 Ἰϐηρέαο
631 1069 656 1098 α
705 1047 966 1113 Κέλευσις
1029 1052 1086 1107 ἐκ
1130 1059 1235 1109 τῶν
1291 1054 1669 1134 φιλοχρῖατιον
1718 1060 1992 1118 δεσποτῶν

334 1134 476 1226 πρὸς
526 1135 553 1188 6
605 1133 767 1192 δεῖνα.
805 1161 832 1189 ››
883 1140 979 1202 Εἰς
1027 1142 1118 1196 τὸν
1169 1133 1618 1224 ἐξουοιοκράτορα
1668 1153 1779 1226 (67)
1823 1152 1994 1208 Ἀλα-

333 1219 455 1282 vim:
487 1223 622 1294 (68).
654 1222 872 1280 Βοῦλλα
905 1236 1085 1301 χρυσῆ
1120 1227 1393 1304 δισολδὶα,
1418 1219 1457 1288 ἰι
1626 1219 1852 1312 ὀνόματι
1891 1245 1992 1296 τοῦ

336 1309 572 1382 Πατρὸς,
600 1312 689 1366 καὶ
719 1318 820 1366 τοῦ
853 1315 1000 1384 ι’ἱοὺ,
1035 1320 1124 1372 καὶ
1156 1325 1252 1374 τοῦ
1306 1323 1464 1397 ἁγίου
1514 1329 1846 1400 Πνεύματος,
1896 1335 1990 1385 τοῦ

331 1397 456 1459 ἑνὸς
489 1399 578 1452 καὶ
614 1401 780 1472 μόνου
815 1401 1080 1474 ἀληθινοῦ
1111 1413 1244 1463 Θεοῦ
1275 1413 1458 1483 ἡμῶν.
1487 1421 1878 1481 Κωνσταντῖνος
1901 1420 1989 1474 καὶ

327 1487 639 1559 Ῥωμανὸς,
671 1490 854 1546 πίστοῖ
889 1491 939 1546 ἐν
971 1494 1117 1567 αὐτῷ
1147 1498 1222 1569 τῷ
1254 1504 1371 1572 Θεῴ
1407 1502 1648 1576 βασιλεῖς
1679 1507 1986 1580 Ῥωμαίων,

330 1576 478 1651 πρὸς
510 1579 537 1631 6
571 1573 713 1633 δεῖνα
742 1581 835 1634 τὸν
855 1581 1201 1654 ἐξουσιαστὴν
1232 1589 1286 1642 Ἀ
1302 1587 1489 1654 λανίας
1509 1595 1598 1646 καὶ
1620 1599 1984 1667 πνευματικὸν

333 1666 504 1737 ἡμῶν
573 1667 773 1726 τέκνον.
846 1693 871 1724 ι
927 1672 1022 1733 Εἷς
1083 1674 1173 1728 τὸν
1242 1676 1588 1748 ἐξουσιαστὴν
1673 1679 1983 1760 Ἀϐασγίας.

332 1754 563 1850 Βούλλα
593 1765 771 1831 χρυσῆ
807 1757 1140 1850 διαολδίαοα
1176 1765 1436 1832 Κέλευσις
1465 1767 1524 1823 ἐκ
1570 1775 1676 1824 τῶν
1723 1754 1986 1850 φιλονχρί-

334 1865 480 1898 σνων
532 1842 805 1902 δεσποτῶν
861 1851 998 1923 πρὸς
1030 1852 1056 1905 ὁ
1090 1849 1236 1908 δεῖνα
1285 1857 1377 1910 τὸν
1425 1867 1689 1936 περιφανῆ
1735 1842 1985 1931 ’ἐξουσια-

331 1935 468 2002 στῆν
529 1931 839 2012 Ἀϐασγίας,
875 1963 904 1990 ››
950 1940 1042 2001 Εἲς
1100 1943 1191 1996 τὸν
1247 1931 1501 2020 ἄρχοντα
1543 1931 1857 2013 ’Ἀλϐανίαςο
1906 1953 1981 2015 εἰς

322 2023 424 2077 τὸν
458 2025 698 2100 ἄρχοντα
730 2033 838 2082 τῶν
891 2025 1274 2103 Κρεϐατάὃων,
1333 2037 1503 2110 ἤγουν
1541 2039 1633 2093 τὸν
1683 2040 1978 2114 λεγόμενον

336 2108 640 2185 Κρεϐατᾶνο
676 2116 750 2178 εἰς
798 2118 888 2171 τὸν
934 2116 1172 2194 ἄρχοντα
1226 2121 1526 2191 Κηδωνίας·
1581 2127 1657 2191 εἰς
1702 2129 1830 2192 τοὺς
1885 2132 1983 2206 ἄρ-

335 2220 536 2276 χοντας
592 2203 915 2280 Τζαναρίας·
989 2209 1064 2272 εἰς
1128 2211 1220 2265 τὸν
1282 2211 1527 2287 ἃρχοντα
1588 2221 1685 2271 τοῦ
1741 2203 1979 2293 Σαρϐειν,

337 2287 536 2356 οἵτινες
593 2299 792 2348 κεῖνται
854 2297 1020 2369 μέσον
1081 2299 1336 2364 Ἀλανέας
1394 2305 1483 2358 καὶ
1532 2307 1842 2380 Τζαναρίας’
1905 2310 1982 2372 εἷς

332 2380 461 2441 τοὺς
503 2382 777 2458 ἄρχοντας
803 2386 1007 2455 Ἀζίας,
1050 2387 1102 2442 ἐν
1143 2388 1188 2460 ᾦ
1222 2390 1354 2444 εἰσιν
1387 2393 1442 2445 αἱ
1476 2396 1736 2449 Κασπεὶαι
1790 2395 1982 2451 πύλαι·

340 2467 419 2530 εἴς
445 2469 536 2524 τὸν
568 2469 806 2546 ἄρχοντα
851 2475 1059 2548 Χρύσαο
1115 2477 1192 2538 εἰς
1237 2480 1329 2533 τὸν
1382 2481 1625 2554 ἄρχοντα
1671 2485 1718 2520 ⁸⁵
1766 2483 1984 2558 Βρέζαν·

340 2557 418 2619 εἷς
448 2559 540 2614 τὸν
571 2559 809 2637 ἄρχοντα
840 2564 1060 2620 Μωκᾶν.
1095 2567 1339 2636 (Ἰστέον,
1374 2569 1457 2624 ὅτι
1492 2570 1596 2625 ἀπὸ
1627 2575 1823 2628 Μωκᾶν
1845 2571 1986 2628 ἐστιν

341 2650 376 2716 ἡ
411 2649 662 2712 Μαιῶτις
696 2649 916 2726 λίμνη.)
946 2657 1254 2734 Ἐπιγραφή
1292 2656 1366 2718 εἷς
1398 2660 1601 2722 πάντας
1633 2661 1760 2725 τοὺς
1796 2683 1988 2736 προει-

345 2739 632 2811 ρημένους’
669 2763 696 2790 ‹‹
729 2739 982 2804 Κέλευσις
1015 2743 1073 2797 ἐκ
1128 2750 1237 2799 τῶν
1288 2745 1660 2825 φιλοχρίστων
1709 2747 1983 2806 δεσποτῶν

338 2827 474 2900 πρὸς
498 2827 525 2881 6
549 2825 694 2883 δεῖνα
707 2829 796 2884 τὸν
822 2829 1064 2910 ἄρχοντα
1077 2831 1261 2902 τῆσδε.
1286 2857 1312 2887 ιι
1341 2835 1435 2898 Εἷς
1456 2836 1546 2890 τὸν
1568 2838 1856 2900 καθολικὸν
1872 2839 1985 2912 (69)

336 2915 642 2990 Ἀρμενίας,
685 2918 760 2981 εἷς
791 2921 880 2976 τὸν
909 2923 1203 2986 καθολικὸν
1236 2920 1499 3000 Ἰϐηρίας,
1533 2925 1609 2988 εἷς
1641 2928 1732 2981 τὸν
1765 2929 1987 2981 καθολι-

2107 643 2353 700 nempe:
2393 653 2419 680 «
2454 631 2782 690 Mandatum
2811 654 2843 691 a
2874 637 3124 694 dominis
3154 639 3443 699 Christum
3491 648 3751 703 amanti-

2107 716 2214 771 bus
2247 722 2312 772 ad
2350 719 2538 791 illum,
2572 725 2905 793 prafectum
2954 727 3111 783 illius
3161 728 3360 800 [castri
3406 733 3493 790 vel
3545 739 3748 808 prafe-

2106 809 2323 878 ctura].
2361 832 2387 858 ››
2417 812 2498 864 Ad
2532 814 2925 886 curopalatem
2977 816 3176 874 Iberia
3225 819 3382 878 bulla
3430 841 3606 881 aurea
3653 827 3749 882 hi-

2104 893 2308 950 soldia.
2337 920 2362 947 ‹‹
2387 900 2715 957 Mandatum
2749 921 2781 958 a
2813 905 3065 962 dominis
3095 907 3390 966 Christum
3419 916 3746 972 amantibus

2104 981 2176 1035 ad
2233 981 2421 1052 illum,
2463 987 2949 1058 gloriosissimum
3009 996 3420 1070 curopalatem.
3474 1022 3502 1051 ››
3562 1001 3745 1059 Habet

2104 1073 2300 1158 autem
2351 1077 2711 1145 curopalates
2759 1083 3052 1151 appositas
3096 1085 3206 1140 sibi
3257 1092 3506 1158 quatuor
3553 1091 3742 1149 adhuc

2103 1144 2248 1212 alias
2279 1144 2616 1229 potestates,
2650 1144 2858 1238 nempe
2890 1172 3186 1239 prafectos
3227 1144 3740 1246 BeriasachpCar;

2103 1249 2306 1336 natea,
2325 1248 2463 1304 Cuel
2485 1255 2542 1304 et
2562 1254 3098 1320 Atzara,tractuum
3124 1261 3340 1330 Iberia,
3356 1266 3425 1319 ad
3451 1283 3598 1336 quos
3620 1266 3741 1323 hac

2102 1333 2372 1406 dirigitur
2418 1337 2763 1411 inscriptio:
2809 1343 3144 1403 Mandatum
3193 1367 3226 1404 a
3273 1333 3526 1408 dominis
3575 1355 3740 1410 Chri-

2102 1427 2254 1478 stum
2288 1428 2620 1482 amantibus
2651 1430 2720 1483 ad
2755 1429 2944 1487 illum.
2965 1455 2992 1483 »
3023 1435 3106 1488 Ad
3143 1441 3488 1504 potestatum
3520 1441 3738 1498 Alania

2102 1511 2350 1567 mittitur
2377 1515 2538 1570 bulla
2557 1534 2732 1574 aurea
2763 1519 3012 1577 bisoldia
3043 1539 3175 1578 sum
3200 1524 3305 1580 hac
3331 1526 3736 1599 inscriptione:

2100 1602 2214 1655 «In
2239 1601 2471 1657 nomine
2501 1606 2710 1671 Patris,
2734 1612 2790 1662 et
2811 1608 2960 1674 Filii,
2981 1615 3037 1664 et
3061 1611 3310 1680 Spiritus
3331 1616 3539 1684 sancti,
3563 1617 3740 1674 unius

2097 1693 2155 1746 et
2185 1690 2362 1746 solius
2394 1692 2512 1748 veri
2539 1695 2633 1749 Dei
2657 1697 2864 1764 nostri,
2885 1698 3303 1757 Constantinus
3333 1706 3389 1759 et
3420 1703 3738 1778 Romanus,

2099 1779 2298 1835 ﬁdeles
2331 1781 2386 1834 in
2419 1783 2623 1837 eodem
2673 1784 2783 1840 Deo
2815 1784 3188 1857 imperatores
3218 1789 3632 1859 Romanorum,
3665 1796 3737 1850 ad

2016 1903 2064 1967 Β
2097 1867 2282 1937 illum,
2316 1874 2667 1940 potestatum
2719 1871 2932 1928 Alania
2978 1879 3033 1930 et
3063 1876 3420 1946 spiritualem
3470 1887 3735 1938 nostrum

2095 1958 2302 2012 ﬁlium.
2336 1981 2365 2007 »
2399 1959 2483 2013 Ad
2532 1966 2879 2030 potestatum
2927 1965 3208 2035 Abasgia,
3243 1967 3404 2024 bulla
3435 1985 3611 2026 aurea
3641 1971 3736 2024 bi-

2092 2044 2272 2101 soldia
2303 2063 2436 2101 cum
2480 2047 2582 2102 hac
2636 2049 3055 2121 inscriptione:
3090 2074 3118 2102 «
3156 2054 3497 2110 Mandatum
3531 2073 3564 2112 a
3596 2057 3734 2128 phi-

2091 2133 2387 2191 lochristis
2437 2135 2690 2193 dominis
2722 2140 2792 2193 ad
2839 2139 3030 2206 illum,
3060 2140 3348 2198 illustrem
3380 2149 3733 2214 potestatum

2095 2224 2374 2296 Abasgia.
2411 2246 2438 2273 »
2469 2226 2556 2279 Ad
2589 2226 2925 2283 archontem
2959 2245 3056 2284 seu
3089 2232 3422 2300 pratectum
3455 2232 3540 2288 vel
3571 2234 3735 2305 prin-

2095 2312 2280 2381 cipem
2321 2312 2604 2378 Albania,
2637 2314 2711 2370 ad
2745 2315 3083 2373 archontem
3126 2318 3527 2386 Crebatadum,
3559 2320 3732 2393 vulgo

2095 2400 2180 2455 sic
2210 2401 2428 2455 dictum
2463 2402 2804 2471 Crebatam;
2839 2405 2910 2458 ad
2955 2406 3288 2461 archontem
3338 2407 3625 2476 Cidonia;
3660 2409 3733 2464 ad

2097 2490 2402 2544 archontes
2447 2489 2698 2544 Zanaria
2731 2509 2744 2558 ;
2777 2492 2846 2546 ad
2880 2494 3216 2549 archontem
3264 2495 3511 2551 Sarbani
3563 2498 3735 2566 (jacet

2097 2592 2165 2631 ea
2209 2577 2367 2632 natio
2417 2578 2610 2633 media
2656 2579 2804 2634 inter
2847 2581 3185 2637 Tzanariam
3219 2589 3274 2638 et
3303 2583 3630 2656 Alaniam);
3664 2585 3735 2641 ad

2097 2664 2406 2720 archontes
2456 2666 2622 2733 Azia,
2656 2667 2779 2732 (ubi
2828 2673 2964 2723 sunt
3011 2675 3186 2740 porta
3225 2670 3505 2743 Caspia);
3539 2673 3610 2726 ad
3642 2689 3735 2728 ar-

2098 2753 2365 2808 chontem
2418 2756 2651 2822 Mocan;
2685 2757 2792 2825 (est
2841 2756 2990 2811 circa
3041 2758 3308 2828 paludem
3350 2759 3730 2833 Maotidem);

2096 2843 2166 2896 ad
2197 2857 2401 2897 omnes
2431 2842 2535 2898 bos
2574 2843 2876 2915 inscriptio
2909 2845 3228 2902 litterarum
3269 2852 3356 2903 est
3391 2849 3592 2905 eadem
3624 2851 3731 2908 hoc

2097 2929 2246 3002 stylo
2277 2936 2556 3000 concepta
2582 2948 2594 2984 :
2625 2951 2646 2979 ι
2680 2931 3016 2989 Mandatum
3048 2951 3078 2988 a
3109 2934 3508 3006 philoehristis
3538 2939 3728 2994 domi-

1679 3037 1921 3093 VARLE
1961 3036 2375 3094 LECTIONES.

399 3119 448 3152 ⁸⁵
477 3119 552 3181 εἰς
583 3121 674 3175 τὸν
709 3119 948 3199 ἄρχοντα
978 3123 1165 3197 Χρύσα
1195 3125 1374 3182 semel
1407 3127 1559 3191 cod.,
1593 3125 1680 3182 ed.
1718 3143 2019 3198 perperam
2051 3126 2163 3181 bis.

1360 3224 1562 3280 JOAN.
1596 3225 1741 3281 JAC.
1785 3225 2034 3280 REISKII
2077 3224 2659 3282 COMMENTARIUS.

404 3315 669 3403 (6'7).an
694 3333 905 3403 pomen
939 3319 1023 3403 vel
1055 3320 1149 3401 hic
1179 3320 1385 3403 titulus
1417 3321 1784 3402 peculiariter
1810 3324 1977 3403 at_t_ri-
2009 3324 2052 3389 C
2095 3323 2258 3403 biduo
2282 3342 2318 3403 ᾳ
2353 3325 2466 3378 Bab
2495 3324 2549 3403 el
2575 3324 2768 3403 actual)
2815 3324 3034 3403 distare
3070 3327 3222 3403 [seu
3250 3327 3430 3403 portis
3461 3327 3732 3403 Caspiis].

334 3387 622 3442 buebatur
639 3387 958 3443 Alanorum
981 3392 1236 3454 domino,
1253 3387 1432 3443 Graci
1458 3390 1690 3458 imperii
1724 3394 1936 3446 vasallo
1961 3410 1976 3457 ;

335 3458 452 3514 vid.
498 3459 801 3530 Constant.
838 3461 1112 3530 Porphyr.
1147 3462 1216 3514 de
1264 3460 1486 3513 admin.
1520 3460 1664 3530 imp.
1715 3477 1770 3527 p.
1803 3463 1895 3527 6‘2,
1927 3467 1985 3515 et

337 3529 628 3600 pracipue
661 3534 741 3584 Du
773 3529 967 3600 Cange
997 3529 1065 3584 ad
1101 3530 1353 3584 Alexiad.
1389 3547 1443 3596 p.
1475 3531 1580 3583 209
1605 3529 1662 3584 et
1701 3532 1824 3585 395.

409 3602 519 3670 (68)
556 3602 637 3655 Du
677 3602 868 3673 Cange
897 3604 965 3655 ad
998 3601 1256 3656 Alexiad.
1295 3618 1350 3672 p.
1384 3601 1507 3673 209,
1541 3603 1776 3673 eosdem
1821 3605 1986 3670 putat

338 3687 462 3727 esse
493 3674 776 3743 Abasgos,
807 3672 1022 3729 Alanos
1053 3680 1106 3727 et.
1141 3675 1354 3728 Iberos.
1390 3672 1555 3726 Alani
1587 3672 1674 3726 vel
1706 3673 1894 3726 Allani
1929 3677 1986 3725 et

340 3744 549 3797 Albani
601 3760 738 3798 num
784 3745 958 3798 iidem
1013 3745 1149 3809 sint,
1185 3745 1460 3812 disquirit
1494 3743 1689 3798 Barth.
1724 3745 1792 3797 ad
1827 3743 1981 3797 Guil.

339 3815 558 3870 Briton.
593 3832 644 3884 p.
678 3816 765 3870 31.
800 3817 961 3880 Quod
1013 3816 1156 3869 mihi
1211 3815 1451 3870 definire
1488 3815 1546 3868 in
1589 3823 1816 3884 promtu
1868 3831 1982 3868 non

338 3895 443 3958 est.
480 3887 766 3941 Abulfeda
795 3903 944 3942 certe
978 3903 1274 3958 nunquam
1325 3885 1721 3958 Albanos,_sed
1753 3902 1984 3956 semper

338 3957 567 4012 Allanos
616 3963 936 4028 nuncupat,
972 3955 1250 4028 tanquam
1304 3959 1351 4012 si
1399 3958 1454 4011 al
1503 3955 1784 4012 articulus
1831 3955 1983 4011 esset

338 4029 708 4101 praepositus,
741 4031 934 4101 ipsum
987 4045 1197 4085 nomen
1248 4030 1384 4082 Lan.
1420 4028 1629 4095 Abasgi
1683 4034 1877 4101 autem
1926 4031 1982 4082 et

337 4099 524 4154 Allani
559 4099 967 4170 proculdubio
998 4101 1209 4155 diversi
1241 4106 1402 4163 sunt,
1428 4116 1539 4153 non
1566 4104 1794 4153 tantum
1829 4099 1976 4162 ideo,

337 4172 484 4242 quod
511 4171 603 4225 hic
626 4179 905 4242 tanquam
931 4173 1170 4226 diversa
1193 4179 1394 4241 gentes
1417 4177 1857 4242 enumerantur.
1879 4171 1977 4242 sed

338 4241 513 4296 etiam
561 4241 714 4322 situs
748 4240 1138 4322 demonstrat.
1173 4240 1362 4322 Allani
1395 4242 1551 4322 enim
1591 4241 1781 4322 multo
1807 4240 1980 4322 altius

336 4329 542 4392 versus
594 4316 1054 4392 septentrionem
1107 4315 1164 4368 in
1216 4316 1342 4392 ipso
1367 4317 1642 4392 Caucaso
1692 4312 1975 4392 habitant,

338 4385 546 4453 Abasgi
598 4384 793 4439 autem
826 4386 886 4440 in
927 4385 1115 4440 littore
1149 4384 1328 4439 maris
1359 4384 1568 4452 Caepii,
1603 4384 1754 4453 quod
1801 4384 1977 4436 etiam

341 4455 534 4526 adnue
565 4471 722 4509 mare
748 4458 1017 4522 Abosgun,
1050 4458 1120 4511 de
1147 4457 1290 4526 ipsis
1321 4455 1662 4526 appellatur.
1698 4457 1977 4526 Autgergo

342 4525 550 4596 diversi
587 4535 721 4579 sunt
752 4527 823 4580 ab
855 4530 1122 4592 Abeassis,
1155 4524 1254 4596 qui
1293 4524 1371 4580 art
1393 4531 1642 4580 Pontum
1694 4524 1977 4578 Euxinum

345 4594 704 4661 habitarunt,
754 4596 852 4650 ubi
900 4599 1070 4652 etiam
1119 4594 1401 4653 Abulleda
1450 4597 1654 4650 Abchas
1711 4595 1975 4662 collocat,

2093 3395 2172 3450 Ad
2200 3395 2463 3450 ditionem
2507 3395 2744 3450 Ardobit
2771 3399 2948 3472 refert
2978 3397 3034 3450 al
3064 3395 3338 3472 Azizicus.
3373 3399 3495 3467 Hoc,
3529 3395 3731 3472 inquit,

2092 3476 2324 3532 tempore
2380 3480 2488 3519 non
2541 3469 2782 3534 superest
2832 3467 3086 3533 Mugana
3141 3470 3470 3535 celebritas;
3511 3467 3733 3528 tan-lunt

2090 3545 2241 3611 notae
2270 3539 2397 3588 sunt
2426 3540 2592 3611 terra
2605 3537 3025 3611 _Mug_an,_terrae
3057 3537 3170 3592 illa
3201 3550 3389 3607 vastae,
3412 3543 3732 3611 frequentes

2091 3607 2249 3673 aquis
2273 3613 2321 3658 et
2349 3608 2546 3659 cannis
2595 3606 2865 3673 Sacthari,
2897 3611 2943 3660 et
2973 3611 3210 3675 pascuis,
3244 3613 3303 3662 in
3336 3606 3528 3665 littore
3557 3614 3731 3669 maris

2096 3676 2539 3730 Thaberestanici
2588 3691 2752 3744 prope
2807 3693 2980 3744 mare,
3041 3680 3100 3731 in
3155 3689 3354 3740 puncto
3410 3683 3733 3738 occidentali

2089 3747 2500 3814 septentrionali
2551 3747 2736 3801 Tebriz
2773 3748 2845 3800 ad
2880 3747 3060 3802 decem
3104 3749 3222 3817 fere
3268 3750 3558 3805 diatarum
3604 3753 3731 3810 inde

2089 3819 2432 3888 distantiam.
2469 3817 2550 3870 lbi
2597 3817 2922 3872 hibernatur
2969 3817 3112 3872 0rdu
3141 3819 3374 3888 (Horda,
3405 3828 3598 3876 castra
3641 3825 3730 3880 vel

2091 3887 2246 3958 aula)
2280 3890 2601 3942 Tatutorum
2632 3897 2688 3942 ut
2723 3891 3045 3958 plurimum.
3079 3894 3248 3945 Porro
3275 3891 3432 3946 addit
3461 3893 3519 3945 at
3548 3895 3729 3949 Asizi-

2087 3975 2202 4022 cus,
2245 3960 2429 4027 Mogan
2479 3973 2592 4012 esse
2637 3962 2698 4012 in
2745 3962 3088 4014 extremitate
3143 3969 3424 4016 terrarum
3477 3964 3637 4018 Kilan
3694 3983 3730 4021 a

2087 4031 2252 4097 plaga
2303 4028 2670 4102 occidentali;
2700 4031 2847 4084 inter
2892 4045 3012 4083 eam
3051 4041 3101 4084 et
3140 4034 3338 4086 ostium
3383 4033 3543 4102 ﬂuvii
3589 4036 3722 4092 Con

2088 4101 2193 4172 [vel
2227 4100 2399 4170 Cyri],
2429 4102 2480 4154 si
2507 4116 2698 4168 nempe
2743 4116 2910 4166 super
2939 4102 3118 4155 littore
3169 4105 3347 4172 maris
3375 4100 3560 4157 uersus
3589 4108 3730 4161 occi-

2086 4173 2294 4246 dentem
2324 4187 2446 4246 cum
2477 4172 2713 4246 aliquali
2741 4188 2922 4226 versus
2953 4172 3176 4246 boream
3205 4171 3574 4229 inclinatione
3598 4193 3728 4246 pro-

2086 4242 2260 4309 cedas,
2311 4240 2571 4312 interesse
2623 4244 2694 4295 26
2745 4258 3102 4312 parasangas,
3154 4242 3300 4298 inter
3356 4249 3554 4299 ostrum
3598 4240 3724 4303 'vero

2088 4313 2235 4367 idem
2284 4311 2410 4367 σπρνί
2437 4321 2488 4368 et
2515 4313 2575 4366 al
2623 4311 2753 4378 Bab,
2787 4315 2847 4366 in
2902 4311 3084 4368 littore
3129 4317 3299 4369 maris
3343 4315 3576 4371 C/tozari
3614 4332 3726 4373 esse

2083 4385 2146 4437 2t
2202 4399 2564 4453 parasangas.
2607 4386 2858 4454 Apparet
2907 4382 3064 4449 hinc,
3099 4382 3216 4438 falli
3265 4391 3565 4440 auctorem
3615 4404 3722 4443 no-

2085 4459 2266 4508 strum
2301 4455 2358 4508 in
2391 4469 2477 4518 eo,
2512 4455 2662 4523 quod
2713 4459 2910 4508 Mocan
2957 4455 3029 4508 ad
3081 4456 3352 4524 paludem
3400 4457 3720 4515 Maotidem

2086 4525 2416 4595 collocatet
2443 4525 2597 4595 hanc
2627 4525 2696 4578 ab
2729 4525 2828 4595 illa
2860 4524 3111 4595 incipere
3142 4525 3240 4579 ait.

2155 4596 2268 4672 {69)
2319 4593 2391 4650 Ut
2435 4593 2637 4672 flama
2659 4600 2722 4672 et
2767 4593 3279 4672 Caeca—episcopi
3311 4613 3374 4653 se
3416 4596 3719 4672 οἰκουμενι-

342 4671 446 4721 aut
493 4666 839 4736 migrarunt,
872 4668 956 4722 vel
997 4684 1078 4747 ex
1111 4679 1292 4747 parte,
1324 4669 1428 4747 vel_
1460 4674 1580 4747 tota
1628 4682 1791 4747 gens,
1828 4666 1974 4745 utin
2008 4677 2051 4740 υ
2081 4664 2210 4726 κοὺς
2253 4664 2596 4747 appellant,
2655 4665 2737 4747 ita
2810 4664 3272 4747 Christianorum
3345 4664 3714 4726 orientalium

342 4753 465 4810 non,
491 4752 702 4810 magna
723 4743 999 4810 terrarum
1025 4736 1321 4806 distantia,
1342 4739 1484 4794 vela
1507 4737 1710 4810 Pontio
1751 4736 1973 4792 Euxino

341 4809 411 4864 ad
443 4807 741 4880 Caspium,
765 4807 852 4862 vel
874 4809 1075 4880 abhoc
1105 4812 1174 4864 ad
1207 4811 1394 4864 illum.
1420 4808 1693 4880 Τζαναρία
1725 4810 1866 4863 forte
1887 4812 1975 4861 est

340 4881 497 4946 regio
548 4879 872 4946 Tmnorum,
913 4879 1065 4934 circa
1109 4880 1350 4934 Pontum
1403 4879 1709 4934 Euxinum.
1756 4879 1974 4932 Arabes

340 4896 400 4935 re
445 4897 497 4935 ιο
549 4896 872 4946 manorum,
913 4896 1065 4934 circa
1109 4896 1350 4934 rontum
1403 4896 1709 4934 numnum.
1756 4896 1971 4932 arabes

339 4896 613 5006 vigentur
649 4967 749 5005 eos
791 4967 858 5004 ar
908 4951 1019 5004 Ran
1069 4950 1418 5022 appellasse,
1455 4953 1605 5022 unde
1639 4967 1735 5018 per
1763 4966 1971 5022 corru-

341 5023 594 5090 ptionem
619 5021 782 5076 ﬂuxit
806 5036 1016 5076 nomen
1043 5020 1188 5084 Iron,
1209 5022 1356 5092 quod
1375 5020 1572 5074 totiilli
1597 5021 1800 5092 tractui
1828 5022 1975 5073 inter

339 5094 670 5147 Armeniam
695 5099 751 5146 et
772 5108 930 5147 mare
959 5091 1239 5162 Caspium
1267 5107 1574 5146 commune
1604 5099 1707 5162 est.
1732 5091 1974 5162 Tsanto-

339 5180 470 5218 rum
504 5165 672 5218 sedes
698 5163 966 5233 designat
995 5159 1266 5232 Agathias
1299 5163 1459 5233 initio
1493 5161 1619 5216 libri
1650 5160 1732 5233 γε
1767 5159 1972 5233 οἰκοῦσι

338 5233 404 5287 τὰ
461 5234 596 5306 πρὸς
652 5232 806 5286 νότον
829 5229 1069 5306 ήόινεῳφν⁷
1125 5236 1222 5286 τοῦ
1288 5229 1802 5306 Εὕξείνουμπόντου
1871 5230 1974 5283 ὑπὸ

340 5297 723 5376 Τραπεζοῦντα
768 5305 867 5372 τὴν
914 5297 1100 5358 πολιν.
1134 5297 1394 5374 Sequens
1434 5297 1643 5375 Σαρϐἆν
1686 5304 1976 5358 videretur

340 5377 493 5430 idem
553 5393 682 5432 esse
740 5385 912 5447 atque
968 5376 1282 5438 Schirwan,
1327 5376 1440 5429 nisi
1497 5376 1744 5430 additum
1800 5379 1971 5441 esset,

344 5448 599 5517 medium
643 5448 700 5502 id
743 5449 937 5517 jacere
986 5448 1137 5502 inter
1184 5447 1470 5501 Allaniam
1503 5453 1560 5501 et
1601 5447 1972 5517 Tzanaream.

347 5516 428 5588 De
474 5520 654 5572 Mocan
702 5516 822 5572 hac
868 5517 1042 5574 habet
1077 5519 1379 5585 Abull'eda,
1420 5518 1519 5588 qui
1567 5520 1637 5572 ad
1686 5519 1842 5585 long.
1881 5516 1972 5588 78,

349 5584 496 5644 latit.
515 5591 724 5658 33(aut
753 5590 842 5644 38.
863 5589 1134 5645 collocat:
1158 5590 1345 5644 Mucan
1368 5584 1472 5650 est.
1496 5594 1554 5643 ut
1583 5590 1661 5644 ait
1689 5591 1745 5645 al
1778 5584 1972 5654 Lobab,

351 5659 479 5738 urbs
505 5659 564 5712 in
597 5661 1083 5738 tractumDerbend,
1125 5663 1584 5738 quemadmodum
1631 5661 1872 5738 perhibet
1919 5673 1975 5738 _o_s

355 5726 724 5785 Samanensis.
758 5731 929 5785 Plura
970 5748 1075 5786 non
1116 5726 1225 5787 dat.
1267 5732 1450 5787 Filius
1490 5726 1718 5787 Hauc'ali
1753 5729 1971 5798 asserit,

2085 4738 2300 4810 summi
2323 4737 2597 4806 episcopi,
2621 4736 2720 4810 qui
2746 4751 2951 4806 nempe
2971 4738 3327 4810 Antiocheno
3351 4755 3465 4794 non
3491 4751 3709 4810 parent,

2083 4809 2383 4864 catholicos
2404 4824 2465 4861 se
2482 4807 2770 4876 appellant
2798 4823 2898 4861 seu
2932 4809 3242 4878 generales.
3274 4807 3505 4865 Arabes
3528 4807 3720 4867 Tscha-

2082 4879 2221 4934 sotik
2275 4879 2541 4945 efferunt,
2573 4883 2630 4932 et
2661 4879 2742 4933 sic
2792 4893 3023 4948 quoque
3079 4880 3283 4934 extulit
3337 4879 3446 4935 hoc
3505 4897 3713 4937 nomen

2083 4952 2307 5004 Marcus
2340 4948 2554 5002 Paulus
2583 4951 2837 5004 Venetus
2868 4949 2912 5012 Ι,
2947 4950 3032 5014 15,
3067 4965 3222 5004 more
3253 4949 3448 5004 Italico
3478 4951 3716 5016 lacolick

2082 5036 2343 5084 exaraus,
2373 5035 2426 5072 v.
2461 5025 2545 5074 Du
2586 5023 2773 5089 Cange
2803 5036 2854 5072 v.
2891 5019 3219 5074 Catholicus.
3255 5019 3436 5075 Hodie
3485 5026 3712 5078 tantum

2085 5106 2234 5146 unus
2257 5096 2520 5158 superest
2539 5091 2996 5145 Christianorum
3017 5106 3114 5160 per
3129 5090 3446 5146 Chaldaam
3463 5108 3712 5150 summus

2082 5163 2358 5232 pontifex,
2386 5161 2706 5216 catholicus
2730 5162 2945 5232 dictus,
2970 5161 3223 5230 Bagdadi
3259 5163 3540 5218 residens.
3560 5163 3711 5219 Olim

2081 5231 2272 5287 tamen
2299 5234 2493 5300 plures
2515 5238 2697 5287 erant.
2727 5231 2828 5285 Hic
2851 5238 3003 5286 certe
3027 5247 3144 5287 tres
3165 5232 3375 5287 diversi
3407 5235 3713 5290 nominan-

2081 5309 2178 5358 tur
2225 5302 2520 5363 Catholici.
2565 5303 2863 5372 Armenia,
2895 5301 3110 5370 Iberia,
3152 5303 3426 5372 Albania,
3458 5310 3515 5359 et
3568 5308 3712 5361 forte

2080 5374 2179 5444 qui
2211 5374 2382 5428 hodie
2411 5373 2662 5442 episcopi
2708 5371 2968 5445 audiunt,
3001 5374 3266 5428 catholici
3306 5371 3427 5428 tum
3461 5377 3711 5445 appella-

2079 5442 2309 5500 bantur.
2344 5446 2608 5517 Annensis
2637 5442 2964 5506 catholicus,
2999 5461 3172 5517 quem
3209 5449 3288 5498 Du
3321 5442 3510 5517 Cange
3532 5442 3570 5501 l.
3603 5464 3651 5502 c.
3675 5463 3706 5505 θ

2078 5517 2387 5587 Wilhelmo
2417 5515 2582 5584 Tyrio
2614 5521 2913 5587 memorat,
2937 5515 3173 5570 sedebat
3203 5517 3354 5587 apud
3386 5515 3585 5582 Anam,
3609 5535 3708 5573 ur-

2081 5589 2210 5642 bem
2244 5587 2312 5640 ad
2348 5585 2719 5654 Euphratem,
2753 5585 2822 5639 de
2853 5602 2966 5654 qua
2994 5585 3256 5641 Teixeira
3283 5591 3340 5641 et
3369 5587 3517 5642 della
3542 5587 3702 5644 Valle

2080 5657 2138 5712 in
2175 5657 2509 5712 ltinerariis.
2535 5656 2620 5711 Ad
2652 5657 2839 5728 lycum
2871 5655 2984 5728 Nili
3016 5657 3347 5728 Doxopatrii
3379 5657 3590 5728 ibidem
3614 5659 3704 5728 ci-

2083 5737 2263 5786 tatum
2298 5729 2630 5797 tenendum,
2664 5725 2996 5797 Bagdadum
3028 5745 3061 5784 a
3090 5725 3299 5784 Graecis
3336 5725 3696 5802 Εῒρηνόπολιν
