4080 6300
238 383 398 442 1273

1100 389 1203 447 DE
1247 386 1690 451 GERIMONHS
1737 389 1970 452 AUL/E
2010 388 2486 451 BYZANTIN/E
2531 391 2675 452 LIB.
2725 394 2803 453 II.

3490 403 3648 463 12⁵74

280 516 292 530 \
380 513 431 530 (an
623 523 630 533 ι
679 515 690 532 Ι
850 511 872 532 τ’
1175 515 1200 534 ν
1841 519 1853 537 Ι

236 535 334 568 τον
367 534 508 589 ρηγα
534 520 768 589 Βα¹ιουρη
824 518 984 588 [εστιν
1033 514 1090 571 δὲ
1138 540 1270 588 αντη
1325 521 1359 588 ἡ
1411 521 1569 594 χώρα
1619 522 1670 574 οἱ
1721 527 1880 596 λεγο-

2000 523 2116 578 Deo
2150 523 2524 594 imperatores
2556 525 2952 582 Romanorum
2997 529 3067 584 ad
3102 529 3289 594 illum,
3341 534 3644 590 sanctissi-

245 623 403 674 μενοι
434 604 724 674 Νεμίτζιοι
754 607 910 676 (71)].
945 603 1018 666 εἰς
1051 607 1139 659 τὸν
1184 607 1322 682 ῥῆγα
1380 606 1637 671 Γαλλίας·
1673 609 1747 671 εἷς
1794 613 1885 665 τὸν

239 692 390 768 ῥῆγα
422 692 722 764 Γερμανίας
766 694 831 727 δδ·
878 695 1150 773 ἐπιγραφὴ
1207 695 1281 756 εἷς
1326 697 1527 758 πάντας
1576 697 1701 758 τοὺς
1751 721 1887 773 προ-

236 779 584 854 ειρημένους·
621 803 648 831 ‹‹
683 782 769 835 Ἐν
803 781 1029 853 ὀνόματι
1061 786 1156 836 τοῦ
1191 784 1420 858 Πατρὸς,
1449 785 1538 838 καὶ
1587 790 1682 838 τοῦ
1731 787 1888 847 Υἲοῦ,

228 869 324 922 καὶ
358 873 455 923 τοῦ
487 869 645 942 ἁγίου
681 870 1016 943 Uva-31.1.1104,
1047 875 1142 925 τοῦ
1175 873 1287 934 ἑνὸς
1327 873 1418 927 καὶ
1467 880 1634 946 μόνον)
1686 875 1881 944 ἀληοιο

237 961 336 1011 νοῦ
397 962 530 1012 Θεοῦ
589 960 770 1030 ἡμῶν.
830 965 1238 1023 Κωνσταντῖνος
1297 962 1385 1016 καὶ
1441 964 1737 1035 Ῥωμανὸς,
1797 985 1886 1017 πι-

163 1053 167 1056 ’
240 1045 361 1100 στοὶ
426 1047 477 1100 ἒν
530 1047 678 1119 αὐτῷ
720 1053 796 1119 τῷ
844 1047 958 1120 Θεῷ
1018 1049 1261 1124 βασιλεῖς
1319 1051 1625 1124 Ῥωμαίων,
1669 1051 1806 1126 πρὸς
1855 1051 1883 1105 ὁ

239 1131 391 1188 δεῖνα
420 1136 512 1189 τὸν
543 1135 918 1211 πεποθημένον
949 1141 1310 1212 πνευματικὸν
1366 1136 1599 1218 ἀδελφὸν
1649 1142 1760 1212 (72)
1789 1141 1883 1194 τὸν

237 1216 612 1292 περίϐλεπτον
646 1221 808 1300 ῥῆγα.
836 1246 860 1276 ι
896 1224 988 1286 Εἰς
1019 1226 1109 1279 τὸν
1141 1226 1372 1300 πρίγκιψ
1401 1216 1632 1298 Ῥώμης·
1666 1225 1884 1282 Βούλλα

233 1317 421 1383 χρυσῆ
447 1309 718 1365 δισολδίαο
752 1337 778 1363 ‹‹
800 1318 1201 1376 Κωνσταντῖνος
1225 1315 1315 1369 καὶ
1343 1315 1627 1386 Ῥωμανὸς
1648 1315 1738 1368 καὶ
1761 1315 1884 1370 λοι-

229 1399 309 1452 πὰ
339 1401 480 1473 πρὸς
514 1401 541 1453 ὁ
576 1397 721 1454 δεῖνα
751 1402 844 1456 τὸν
883 1399 1224 1472 ἐνδοξότατον
1269 1403 1532 1479 πρίγκιπα
1579 1405 1815 1476 Ῥώμης.
1854 1427 1881 1454 ››

237 1486 331 1548 Εἲς
363 1489 457 1542 τὸν
490 1487 705 1562 ἀμηρᾶν
746 1495 1034 1564 Ἀφρικῆς·
1087 1516 1113 1542 ‹‹
1163 1494 1566 1554 Κωνσταντῖνος
1613 1492 1703 1546 καὶ
1751 1494 1884 1548 Ῥω·

233 1576 432 1648 μανὸς,
466 1577 650 1630 πιστοὶ
680 1577 730 1631 ἐν
759 1580 976 1652 Χριστῴ
1005 1585 1084 1652 τῷ
1123 1585 1237 1652 Θεῷ
1259 1580 1650 1656 αὐτοκράτορες
1673 1577 1882 1655 Αὔγου-

231 1685 351 1719 στοι
392 1663 630 1739 μεγάλοι
667 1665 907 1739 βασιλεῖς
929 1667 1242 1741 Ῥωμαίων,
1263 1669 1396 1742 πρὸς
1420 1671 1511 1724 τὸν
1537 1667 1878 1738 ἐνδοξότατον

229 1753 324 1809 καί
411 1755 780 1830 εὐγενέστατον
872 1755 1214 1825 ἒξουσιαστὴν
1287 1762 1394 1812 τῶν
1479 1758 1882 1832 Μουσουλημι-

226 1849 338 1898 τῶν
357 1846 493 1917 (73)·
518 1867 545 1896 ι)
573 1842 795 1900 Βούλλα
822 1853 1000 1924 χρυσῆ
1028 1843 1295 1901 ὃισολδία.
1321 1847 1414 1908 Εἰς
1435 1849 1525 1902 τὸν
1551 1850 1764 1922 ἁμηρᾶν
1781 1850 1880 1905 Αἱ-

224 1934 463 2007 γύπτου.
498 1931 721 1988 Βούλλα
753 1943 929 2008 χρυσῆ
959 1934 1339 2010 τετρασολδία,
1381 1939 1498 1993 Τοῦ
1549 1936 1881 1992 ἀποσταλέν-

225 2044 324 2086 τος
355 2022 685 2101 γράμματος
745 2024 832 2078 ἐπί
876 2027 1278 2081 Κωνσταντίνου
1321 2028 1410 2081 καὶ
1442 2028 1728 2100 Ῥωμανοῦ
1774 2033 1882 2082 τῶν

2000 627 2157 666 mum
2208 629 2419 684 papam
2469 613 2660 669 Romae
2709 619 2766 669 et
2814 615 3179 686 spiritualem
3230 623 3494 676 nostrum
3536 625 3642 678 Pa-

1996 705 2163 756 trem.
2198 724 2225 750 »
2257 703 2342 758 Ad
2377 719 2572 773 regem
2601 704 3037 774 Saxonise,398
3069 709 3139 762 ad
3191 725 3386 781 regem
3436 711 3632 781 Bajuri

1996 806 2095 844 seu
2129 790 2405 860 Bajoariaa
2434 792 2520 847 vel
2553 792 2802 848 Bavarize
2828 796 2933 864 (est
2965 811 3032 851 ea
3063 796 3434 868 regio,quam
3467 799 3636 871 vulgo

1994 877 2155 931 nobis
2186 879 2320 932 dicti
2354 879 2654 946 Nemetzii,
2679 881 2736 936 id
2767 891 2852 938 est
2881 886 3156 940 Germani
3187 886 3275 941 vel
3305 887 3635 958 Alamanni,

1995 965 2317 1034 incolunt);
2351 969 2419 1022 ad
2454 985 2647 1039 regem
2681 970 2899 1041 Gallias,
2932 974 3001 1027 ad
3034 989 3224 1045 regem
3258 976 3633 1032 Germaniciaa

1992 1054 2081 1108 vel
2114 1053 2428 1110 Germaniae
2461 1059 2841 1125 perscribitur
2870 1062 3070 1116 eodem
3103 1063 3173 1118 ad
3206 1079 3411 1120 omnes
3443 1064 3637 1131 titulo,

1995 1157 2188 1212 nempe
2219 1141 2327 1197 hoc
2359 1159 2373 1196 :
2408 1164 2436 1191 «
2470 1143 2532 1197 In
2565 1146 2797 1201 nomine
2827 1148 3095 1217 Patris,et
3125 1149 3272 1218 Filii,
3297 1157 3355 1206 et
3383 1152 3634 1223 Spiritus

1993 1232 2389 1298 sancti,unius
2419 1237 2475 1288 et
2521 1232 2706 1289 solius
2736 1237 2854 1290 veri
2903 1237 3004 1292 Dei
3046 1241 3252 1307 nostri,
3301 1244 3634 1298 Constanti-

1993 1338 2106 1376 nus
2135 1327 2193 1376 et
2222 1321 2752 1388 Romanusﬁdeles
2783 1324 2842 1378 in
2874 1326 3076 1380 eodem
3113 1329 3221 1384 Deo
3254 1331 3632 1401 imperatores

1993 1409 2390 1465 Romanorum
2442 1411 2512 1464 ad
2565 1409 2753 1477 illum,
2808 1411 3216 1470 charissimum
3274 1418 3634 1488 spiritualem

1993 1499 2249 1566 fratrem,
2284 1498 2571 1554 illustrem
2606 1516 2816 1571 regem.
2852 1522 2880 1550 »
2931 1503 3013 1556 Ad
3064 1504 3393 1576 principum
3440 1507 3632 1564 Romae

1992 1588 2370 1658 prescribitur
2401 1587 2510 1642 hcc
2537 1588 2704 1644 titulo
2727 1607 2738 1642 :
2765 1610 2792 1640 (ι
2813 1591 3232 1648 Constantinus
3258 1600 3315 1650 et
3339 1595 3632 1652 Romanus

1991 1677 2238 1747 (reliqua
2287 1681 2351 1730 ut
2399 1679 2600 1747 supra)
2645 1679 2715 1732 ad
2766 1679 3252 1748 gloriosissimum
3308 1685 3633 1756 principem

1991 1766 2206 1820 Romae.
2242 1785 2270 1813 »
2303 1764 2385 1818 Ad
2421 1764 2679 1819 Amiram
2714 1765 2920 1820 Africa
2965 1767 3244 1823 scribitur
3273 1769 3383 1825 hoc
3415 1771 3581 1827 titulo
3616 1787 3629 1825 ε

1992 1875 2019 1903 ‹‹
2051 1854 2469 1910 Constantinus
2499 1857 2556 1908 et
2588 1853 2903 1924 Romanus,
2938 1855 3139 1912 ﬁdeles
3170 1857 3228 1912 in
3261 1858 3484 1914 Christo
3514 1865 3632 1915 Deo

1988 1942 2368 2013 imperatores
2400 1943 2662 2012 Augusti,
2683 1943 2882 2014 magni
2914 1959 3077 2016 reges
3109 1944 3528 2014 Romanorum,
3561 1949 3634 2004 ad

1995 2031 2488 2104 gloriosissimum
2520 2039 2573 2086 et
2600 2031 3032 2088 nobilissimum
3055 2039 3404 2105 potestatum
3439 2036 3636 2092 Musu-

1582 2129 1824 2185 VARl/E
1862 2129 2273 2187 LECTIONES.

300 2222 350 2256 ⁶⁶
382 2221 680 2295 Γερμανίας
711 2240 824 2280 em-
859 2226 950 2293 R.,
981 2224 1369 2299 ιερμανικείας
1400 2228 1528 2282 cod.
1561 2232 1617 2282 et
1645 2228 1736 2284 ed'

1260 2325 1458 2381 JOAN.
1498 2325 1636 2380 JAC.
1693 2325 1958 2381 REISKII
2007 2325 2596 2382 COMMENTARlUS.

218 2420 443 2482 pactum
477 2411 732 2483 [tabulas
765 2415 1017 2486 fmderis]
1049 2414 1115 2469 ab
1146 2431 1206 2470 eo
1235 2415 1296 2469 in
1343 2416 1569 2470 ecclesia
1616 2431 1870 2486 suscepe-

209 2490 351 2559 runt
381 2490 434 2539 et
461 2500 611 2559 more
653 2501 771 2551 suo,
806 2486 862 2539 id
905 2494 984 2541 est
1016 2487 1209 2554 lingua
1261 2486 1470 2551 anca,
1521 2487 1708 2542 laudes
1753 2489 1873 2559 ejus

216 2553 912 2628 dixerunt,imperatorem
942 2574 1064 2612 eum
1096 2553 1146 2613 et
1181 2559 1460 2612 Basileum
1499 2553 1868 2628 appellantes.

225 2631 308 2700 pe
363 2627 672 2700 Nicephori
732 2627 1025 2683 Generalis
1094 2630 1163 2683 ad
1242 2627 1874 2700 Carolumﬂlegatione

229 2697 389 2750 idem
435 2699 693 2764 Rhegino
737 2702 804 2754 ad
845 2702 952 2754 An.
1003 2701 1127 2765 803,
1177 2701 1282 2753 810
1311 2706 1369 2755 et
1415 2701 1515 2754 811
1569 2697 1760 2755 habet.
1796 2708 1874 2755 De

225 2766 518 2837 legatione
550 2770 841 2825 Michaelis
875 2771 1032 2826 Balbi
1056 2773 1125 2826 ad
1155 2771 1506 2826 Ludovicum
1534 2773 1700 2825 Pium
1733 2772 1872 2826 γηδί-

229 2841 772 2912 εοοειιῐηϐθωὺιδο.
805 2844 874 2896 ad
908 2859 1002 2897 an.
1037 2844 1160 2897 824.
1192 2843 1318 2909 '[De
1361 2842 1638 2912 legatione
1687 2842 1872 2897 Theo-

231 2908 376 2982 phili
411 2911 481 2964 ad
515 2926 703 2982 regem
739 2917 1088 2969 Francorum
1120 2914 1318 2968 auxilii
1347 2908 1577 2982 petendi
1611 2930 1786 2968 causa
1819 2930 1872 2968 v.

232 2931 376 2978 puul
411 2931 481 2964 an
515 2931 703 2982 regem
739 2931 1088 2969 r'rancorum
1120 2931 1318 2968 auxuu
1386 2931 1577 2968 etenat
1611 2931 1786 2968 causa
1819 2931 1872 2968 v.

232 2981 568 3056 gantinuat.
604 2983 939 3055 Theophan.
977 3003 1030 3056 p.
1067 2986 1205 3056 84.]⁹
1255 2987 1327 3040 De
1347 2931 1643 3056 legatione
1674 2985 1873 3039 Basilii

233 3053 562 3129 Macedonis
600 3058 686 3129 ad
708 3053 1309 3129 Ludovicnmtregem
1342 3053 1686 3129 Germaniae,
1711 3073 1761 3129 v.
1787 3056 1875 3110 Si-

232 3125 712 3200 gebert._Gembl.
756 3129 824 3180 ad
857 3145 888 3181 a
936 3129 1060 3182 872.
1094 3125 1333 3184 Ροέεεηῑ
1365 3128 1472 3183 hoc
1520 3129 1692 3183 modo
1719 3127 1877 3200 lega-

232 3196 423 3268 tiones
444 3197 782 3268 Graecorum
817 3199 884 3250 ad
919 3201 1296 3254 occidentales
1330 3217 1397 3254 ex
1431 3200 1651 3254 Latinis
1682 3203 1738 3254 et
1769 3196 1875 3268 By-

1983 2414 2232 2470 maximo
2277 2418 2520 2486 principi
2566 2415 2871 2471 Alemaniae
2915 2432 3075 2472 suam
3121 2424 3172 2472 et
3217 2424 3532 2484 fraternam
3579 2423 3631 2475 et

1981 2487 2289 2556 plurimam
2345 2487 2714 2558 dilectionem.
2766 2487 2970 2542 Malala
3017 2493 3060 2542 t.
3119 2487 3190 2554 tl,
3252 2505 3307 2558 p.
3370 2491 3476 2543 219
3525 2488 3626 2558 ait,

1982 2558 2370 2630 Justinianum
2399 2566 2455 2612 et
2475 2557 2747 2612 Cosroem
2785 2559 2938 2613 inter
2973 2559 3086 2630 alia
3127 2557 3452 2630 pepégisse,
3478 2565 3537 2614 ut
3563 2557 3626 2615 se

1983 2629 2254 2700 deinceps
2282 2633 2485 2696 fratres
2506 2629 2854 2700 appellarent
2873 2629 3168 2684 secundum
3193 2629 3418 2685 veterem
3441 2646 3620 2686 usum.

1983 2699 2216 2756 Alexius
2246 2699 2664 2772 Comnen‘us'in
2697 2700 2906 2772 litteris
2947 2701 3258 2772 Henricum
3291 2701 3337 2754 V
3369 2702 3622 2772 impera-

1985 2775 2177 2844 torem
2221 2769 2663 2842 πανευγενέστστε
2709 2769 2799 2824 καὶ
2843 2768 3083 2844 τῷῗόντι
3133 2768 3627 2844 Χριστιανιξιῶτατε

1986 2836 2185 2914 ἀδελφέ
2241 2836 2512 2914 appellat.
2571 2843 2726 2914 Alex:
2788 2836 2973 2914 p.793
3033 2836 3192 2914 item,
3337 2842 3474 2914 ττρὸς
3527 2845 3628 2910 τήν

1986 2861 2114 2893 αοεΛ
2163 2861 2185 2892 ε
2241 2861 2512 2912 appetitu.
2571 2861 2726 2897 Alex.
2788 2861 2843 2911 p.
2903 2861 2973 2896 υό
3033 2861 3190 2909 Item,
3249 2861 3283 2910 η
3337 2862 3474 2914 προς
3527 2861 3621 2910 την

1985 2861 2250 2988 ᾑμετῖραν
2288 2910 2563 2988 βασιλείαν
2615 2909 2879 2988 ἀδελφικῄ
2912 2932 3006 2964 σου
3047 2913 3312 2988 ῥοπὴ-καὶ
3340 2910 3621 2988 Δδιάθεσις.

1987 2983 2240 3040 Isaacius
2287 2983 2539 3053 Angelus
2579 2983 3143 3056 apud'Odonem’de
3191 2985 3413 3055 Dtngilo
3447 3003 3500 3056 p.
3559 2987 3624 3040 15

1987 3071 2090 3126 per
2121 3057 2339 3126 legatos
2389 3072 2526 3110 suos
2557 3059 2626 3109 ad
2674 3055 3035 3126 Ludovicum
3077 3055 3192 3126 VII,
3244 3055 3492 3111 Francite
3542 3073 3624 3112 re-

1987 3125 2420 3197 gem,prolixam
2449 3125 2842 3181 adulationem
2871 3126 3140 3196 depinxit,
3171 3142 3348 3196 regem
3378 3132 3625 3183 nostrum

1987 3199 2325 3254 nominando
2353 3201 2624 3264 sanctum,
2657 3199 2900 3252 amicum
2920 3206 2971 3252 et
3012 3197 3269 3265 fratrem.
3303 3198 3452 3252 Otho
3501 3198 3623 3252 Fri-

231 3267 500 3341 zantinis
520 3267 923 3341 scriptoribus,
945 3274 1091 3341 item
1127 3274 1193 3323 ad
1227 3271 1549 3341 Orientales
1582 3262 1874 3341 principes
1907 3262 1948 3328 C
1988 3270 2280 3340 singensis
2313 3269 2349 3322 l.
2395 3286 2434 3334 ι,
2468 3270 2546 3323 De
2577 3262 2747 3323 rebus
2778 3269 2950 3338 gestis
2988 3262 3263 3322 Friderici
3303 3270 3622 3324 Barbaros-

231 3351 301 3388 ex
330 3335 592 3406 Arabicis
624 3339 874 3406 excerpi,
909 3340 953 3391 si
989 3346 1213 3393 vacaret
1244 3350 1295 3393 et
1325 3339 1550 3406 liberet,
1582 3335 1874 3394 aerumno-

227 3421 356 3478 eam
391 3405 831 3478 inquisitionem
865 3409 1060 3462 ordiri.
1097 3410 1225 3478 [Der
1255 3405 1542 3463 Ausdruck
1568 3411 1680 3464 Rex
1709 3411 1876 3464 Saxo-

225 3477 346 3531 niae
391 3476 535 3531 hiess
573 3477 896 3543 ebensoviel,
947 3479 1029 3532 als
1078 3476 1176 3532 rex
1225 3479 1548 3544 Germaniae,
1599 3481 1739 3532 denn
1790 3481 1876 3534 die

229 3549 458 3616 Russen,
509 3549 670 3602 Esten
717 3551 839 3603 und
893 3551 1106 3603 Finnen
1165 3565 1386 3604 nennen
1437 3549 1526 3603 die
1574 3550 1876 3604 Deutschen

230 3619 432 3673 Sassen
464 3623 592 3674 oder
630 3619 835 3673 Saxen.
868 3620 1240 3675 Stiernhielm
1273 3619 1658 3675 Anti-Cluver.
1694 3638 1748 3690 p.
1781 3621 1872 3686 65,

233 3690 520 3762 recitante
551 3690 825 3746 Stadenio
851 3693 908 3746 in
957 3691 1233 3747 Memoria
1280 3691 1626 3747 Stadeniana
1659 3709 1714 3762 p.
1748 3691 1871 3746 354.

225 3762 312 3816 Ex
338 3761 603 3833 Addend]

307 3832 421 3901 (71)
449 3832 690 3905 Wen’edi
727 3833 806 3888 sic
836 3833 1132 3905 appellant
1161 3833 1517 3901 Germanos;
1553 3834 1662 3888 vid.
1683 3833 1872 3888 Leun-

233 3903 583 3975 clav.rapud
633 3903 720 3959 Du
770 3903 1043 3974 Can'gium
1099 3907 1168 3959 ad
1220 3905 1474 3960 Alexiad.
1529 3922 1584 3975 p.
1633 3906 1737 3958 257
1772 3921 1784 3959 :
1817 3909 1876 3960 et

236 3974 410 4029 Turci
443 3992 711 4045 quoque;
745 3977 859 4030 vid.
912 3975 1095 4030 Clodii
1129 3977 1258 4031 Lex.
1309 3977 1474 4031 Turc.
1508 3974 1561 4031 v.
1614 3975 1874 4031 Germani

239 4046 350 4118 Ero
406 4047 784 4118 Γερμανικείας
842 4046 949 4115 leg.
1031 4046 1346 4117 Γερμάνίας.
1426 4048 1611 4111 Quare
1677 4053 1872 4102 autem

238 4117 565 4190 Einnamus
598 4137 652 4190 p.
687 4119 774 4183 46,
807 4124 862 4190 et
891 4118 1026 4172 alibi
1076 4135 1264 4184 regem
1309 4119 1560 4173 Franciaa
1589 4121 1694 4170 τῶν
1745 4123 1876 4189 Γερ-

241 4190 422 4257 μανῶν
462 4189 620 4262 prae
672 4189 946 4262 appellet,
1003 4206 1116 4262 non
1174 4195 1423 4262 exputo;
1474 4192 1634 4254 item,
1693 4206 1874 4262 quare

232 4263 404 4330 Anna
450 4259 762 4317 Coninena’
792 4260 1049 4330 Alexiad.
1085 4277 1139 4330 p.
1189 4263 1277 4316 62.
1310 4259 1618 4330 ‘Nemitzos
1667 4260 1870 4330 appel-

229 4328 310 4384 let
341 4338 572 4405 gentem
602 4335 672 4404 τῇ
707 4329 956 4405 βασιλείᾳ
983 4327 1273 4403 Ῥωμαίων
1307 4327 1563 4405 δουλεῦον
1594 4327 1870 4405 ἆνὲδιαρεν,

232 4403 434 4474 ᾳιιοάίιι
477 4403 774 4474 ιοηθοῇάηι
823 4409 1058 4474 tempore
1105 4405 1472 4458 Romanorum
1503 4404 1579 4472 (id
1625 4407 1715 4458 est
1761 4403 1871 4472 By-

233 4473 626 4544 zantinorum)
657 4473 885 4544 imperio
930 4478 1274 4544 pareat.Non
1320 4482 1471 4530 certe
1518 4474 1744 4529 videtur
1773 4490 1871 4528 vo-

235 4541 418 4615 luisse
448 4541 656 4609 dicere,
689 4541 1106 4600 Germanorum
1135 4547 1345 4602 multos
1377 4547 1434 4600 in
1483 4545 1693 4600 militia
1723 4545 1874 4615 pala-

235 4613 358 4667 tina
390 4613 646 4684 Byzantii
679 4615 978 4671 militasse.

311 4684 422 4758 (72)
465 4685 745 4758 _‘[Fratres
813 4686 1254 4758 appellabantur
1323 4703 1488 4758 reges
1565 4685 1745 4742 exteri
1804 4687 1875 4741 ab

239 4755 617 4812 orientalibus
666 4755 1241 4828 imperatoribus;v.
1293 4755 1590 4822 Eginhart.
1624 4760 1874 4828 interpp.

241 4841 295 4900 p.
331 4829 493 4895 128.;
529 4830 600 4883 de
632 4835 836 4884 mutua
880 4830 1121 4884 fratrum
1174 4830 1579 4900 appellatione,
1613 4846 1725 4900 qua
1758 4834 1877 4883 ute-

240 4895 450 4954 bantur
482 4902 882 4971 imperatores,
918 4899 1002 4955 Du
1049 4895 1334 4967 Gange-ad
1366 4895 1715 4969 Alexiadfp.
1749 4901 1873 4957 274.

241 4973 296 5043 et
328 4971 396 5023 ad
429 4971 684 5043 Joinvill.
719 4990 774 5043 p.
804 4972 984 5041 279.]‘
1011 4972 1088 5027 De
1121 4978 1347 5043 recepta
1378 4973 1531 5027 inter
1560 4988 1878 5043 regesimu-

241 5041 345 5112 tua
374 5041 814 5110 compellatione
841 5045 1023 5112 frater
1051 5043 1165 5098 vid.
1198 5041 1386 5098 vales.
1407 5044 1478 5097 ad
1513 5047 1694 5097 Amm.
1724 5042 1874 5097 Mar-

237 5109 364 5162 cell.
403 5129 454 5180 p.
491 5109 610 5181 179,
643 5119 700 5168 et
744 5109 1002 5168 Alcman.
1038 5115 1113 5169 ad
1161 5115 1397 5185 Procop.
1448 5131 1502 5185 p.
1552 5113 1655 5185 23.,
1688 5118 1878 5185 Appa-

236 5185 564 5255 retquoque
579 5200 642 5238 ex
670 5185 1149 5255 inscriptionibus
1164 5184 1487 5240 litterarum
1503 5184 1872 5253 Calojoannis

232 5252 302 5328 ad
335 5256 656 5328 Qonradum
692 5256 788 5310 IlI.
822 5252 878 5310 et
924 5258 1121 5311 Isaacii
1174 5257 1376 5328 Angeli
1409 5257 1479 5311 ad
1514 5252 1871 5328 Frid’ericum

233 5320 656 5397 Ijarbarossam,
689 5343 832 5397 quas
863 5328 1029 5382 affert
1059 5320 1296 5384 Selden:
1325 5329 1439 5383 Tit.
1475 5328 1748 5396 Honor.p.
1777 5327 1867 5382 33.

233 5390 394 5450 Prior
423 5398 506 5452 sic
536 5390 751 5453 sonat':
783 5400 1020 5454 Joannes
1053 5402 1108 5454 in
1165 5401 1386 5455 Christo
1419 5400 1522 5454 Deo
1562 5390 1739 5467 fidelis
1771 5414 1870 5453 rex

229 5467 751 5540 Porphyrogenitus,
789 5471 1067 5537 sublimis,
1097 5474 1283 5539 fortis,
1316 5475 1605 5540 Augustus,
1643 5470 1866 5524 Comne-

228 5548 321 5610 nos
350 5547 398 5592 et
428 5543 726 5608 imperator
771 5543 1158 5607 Romanorum,
1190 5543 1260 5596 ad
1311 5543 1706 5597 nobilissimum
1739 5544 1868 5610 fra—

225 5606 361 5675 trem
393 5617 442 5664 et
489 5606 724 5665 amicum
756 5613 989 5675 imperii
1035 5606 1164 5669 mei.
1199 5614 1485 5669 Posterior
1533 5606 1748 5668 autem
1780 5612 1863 5667 sic

225 5674 393 5757 hab-et
431 5697 444 5734 :
476 5683 718 5757 Isaacius
747 5701 780 5737 a
811 5674 919 5738 Deo
948 5685 1302 5757 constitutus,
1329 5687 1626 5757 imperator
1662 5699 1863 5757 sarra-

225 5752 482 5825 tissimus.
538 5755 1052 5822 excellentissimus,
1099 5752 1526 5825 potentissimus,
1583 5754 1858 5818 sublimis,

1986 3357 2084 3407 sae,
2116 3357 2166 3395 ο.
2198 3341 2267 3394 59
2303 3357 2315 3393 :
2351 3341 2654 3400 Conradus,
2691 3341 3055 3394 Romanorum
3103 3341 3422 3411 imperator,
3457 3356 3628 3395 naves

1983 3411 2128 3479 apud
2183 3412 2574 3464 Ptolemaidem
2629 3413 2924 3479 ingressus,
2981 3413 3219 3480 fratrem
3275 3420 3328 3466 et
3382 3414 3626 3466 amicum

1983 3496 2141 3533 suum
2173 3481 2578 3547 Manuel,regise
2607 3481 2782 3552 urbis,
2804 3482 3428 3552 [Constantinopoleos]
3456 3483 3622 3552 prin-

1983 3553 2184 3618 cipem,
2235 3553 2294 3604 in
2336 3552 2552 3604 Achaiae
2602 3567 2694 3605 seu
2729 3551 3019 3606 Thessalia?
3073 3553 3277 3620 ﬁnibus
3334 3551 3623 3608 inveniens

1984 3619 2326 3693 adiit..Juvat
2356 3623 2536 3693 etiam
2551 3620 2970 3693 Thrasonicam
2997 3621 3621 3693 illaminscriptionem

1984 3690 2313 3745 litterarum
2346 3691 2575 3745 Cosrois
2594 3692 2660 3746 ad
2682 3691 3080 3746 Justinianum
3101 3709 3134 3746 a
3155 3690 3471 3748 Menandro
3491 3695 3624 3748 Pro-

1986 3767 2195 3817 lectore
2227 3779 2283 3832 p.
2318 3763 2440 3834 114,
2492 3765 2616 3834 [ἐξω.
2651 3762 2841 3834 Legat.
2886 3762 3112 3834 licaschf
3148 3762 3387 3834 relatam
3443 3781 3621 3834 appo-

1985 3831 2356 3906 nereer’sigq
2401 3831 2618 3906 6131064,
2670 3831 3036 3906 eip'qvoirmoc,
3086 3831 3324 3906 ᾀρχαῖος
3375 3831 3621 3906 Χοόρὸης

1987 3899 2248 3978 βασιλεὺς
2299 3898 2605 3978 βασιλειῶν,
2656 3898 2913 3978 εὐτυχὴς,
2958 3898 3214 3978 εὐσεϐής,
3264 3898 3619 3978 ἀγαθοττοιὸς,

1983 3973 2144 4064 ᾗτινι
2203 3975 2254 4027 ο”ι
2300 3973 2424 4064 ’ρεοί
2483 3974 2618 4061 μετα
2662 3973 2838 4060 τύχὴν⁸
2884 3973 2973 4064 καὶ
3037 3974 3275 4048 μεγάλην
3309 3973 3620 4064 βασιλείαν

1981 4043 2209 4122 ἕδωκαγρ
2269 4043 2425 4120 γίγας
2476 4043 2771 4122 mimi?
2817 4044 2991 4122 ὃς-ἐῆ
3031 4043 3184 4122 θεῶν,
3224 4043 3620 4122 χαράκτηρὲζε-

1980 4137 2103 4192 ται,
2166 4111 2556 4188 Ἰουὲςτίνιανῷ’
2591 4115 2823 4192 Καίσαρι
2878 4113 3098 4192 ἀδελφῷ
3127 4189 3139 4192 _
3162 4111 3435 4192 ἡμετέρῳ.
3461 4111 3488 4120 Π

1985 4140 2094 4181 ται,
2185 4140 2533 4188 ιουστινιανῳ
2591 4140 2823 4186 Δαισαρι
2878 4140 3098 4192 αοεΛφῳ
3162 4140 3366 4191 ημετερ
3423 4161 3435 4174 ο
3523 4140 3619 4174 le

1985 4189 2106 4244 fieri
2139 4195 2349 4259 potest,
2383 4192 2524 4260 quin
2575 4189 2722 4244 male
2751 4205 2913 4242 versa
2960 4189 3080 4244 sint
3126 4189 3248 4244 haec
3290 4207 3319 4244 e
3369 4140 3619 4246 gersicis

1985 4276 2100 4332 non
2131 4261 2276 4332 bene
2309 4261 2612 4332 perceptis.
2645 4261 3003 4330 Capitolinus
3051 4261 3109 4316 in
3160 4261 3359 4316 Clodio
3405 4261 3616 4318 Albino

1981 4331 2203 4386 litteras
2235 4331 2427 4386 Severi
2458 4331 2708 4395 exhibet,
2759 4347 3005 4402 quarum
3050 4331 3154 4402 hoc
3199 4337 3290 4386 est
3329 4331 3563 4387 initium
3599 4350 3613 4387 :

1981 4406 2290 4471 Imperator
2318 4403 2546 4457 Severus
2574 4401 2852 4470 Augustus
2883 4401 3125 4457 Claudio
3163 4402 3356 4458 Albino
3385 4404 3617 4470 Caesari,

1981 4475 2152 4543 fratri
2205 4472 2586 4528 amantissimo
2663 4478 2716 4527 et
2789 4473 3266 4540 desideratissimo,
3352 4475 3616 4531 salutem.

1984 4544 2184 4598 Stante
2213 4545 2400 4599 adhuc
2431 4543 2674 4615 imperio
2706 4547 2964 4599 Romano
2999 4545 3310 4613 imperator
3339 4545 3619 4615 collegam

1904 4606 1952 4670 D
1985 4620 2088 4688 aut
2115 4616 2398 4688 Caesarem
2429 4606 2599 4670 suum
2629 4615 2868 4687 fratrem
2898 4606 3241 4688 appellabat.
3265 4606 3620 4686 Capitolinus

1982 4686 2098 4758 vita
2127 4685 2318 4741 Albini
2351 4691 2392 4742 t.
2425 4689 2469 4754 Ι,
2501 4685 2721 4742 Scr.'H.
2755 4688 2904 4755 Aug.
2937 4685 2991 4756 ᾗ).
3022 4687 3149 4753 695,
3191 4685 3366 4742 habet
3404 4689 3615 4758 episto-

1982 4757 2097 4812 lam
2124 4759 2335 4827 Severi,
2367 4759 2532 4829 cujus
2584 4758 2686 4829 hoc
2715 4763 2805 4813 est
2825 4758 3070 4829 initium
3123 4775 3135 4812 :
3185 4757 3490 4828 Imperator
3518 4759 3618 4814 Se-

1979 4845 2138 4884 verus
2168 4827 2449 4900 Augustusi
2489 4827 2717 4882 Claudio
2749 4828 2942 4883 Albino
2989 4827 3394 4900 Caesarijratri
3419 4846 3616 4884 aman-

1981 4900 2192 4955 tissimo
2222 4905 2274 4953 et
2303 4899 2787 4966 desideratissimo,
2815 4901 3068 4956 salutem.

2053 4971 2167 5040 (73)
2199 4971 2402 5025 Reddit
2431 4970 2539 5024 hoc
2571 4971 2878 5025 Arabicum
2927 4971 3186 5036 titulum,
3215 4971 3368 5025 Amir
3414 4971 3468 5025 οι
3497 4975 3616 5026 Mo-

1979 5041 2403 5110 slemine.Atqui
2435 5041 2638 5096 titulus
2664 5042 2764 5096 ille
2795 5058 2908 5097 non
2941 5043 3050 5097 fuit
3080 5042 3138 5096 in
3172 5058 3279 5098 usu
3312 5047 3436 5096 tum
3470 5047 3616 5098 tem-

1980 5113 2160 5184 poris,
2214 5118 2271 5168 et
2328 5111 2499 5183 longo
2531 5120 2787 5182 tempore
2838 5118 2966 5184 post
3022 5113 3231 5184 saeculo
3287 5113 3522 5168 demum
3558 5129 3616 5169 x1

1980 5182 2295 5252 usurpatus
2311 5182 2776 5240 esta’Moravedis
2797 5182 2854 5236 in
2876 5182 3228 5254 Mauritania
3248 5189 3304 5238 et
3321 5185 3614 5254 Hispania.

1978 5255 2256 5327 florebant
2287 5273 2345 5310 se
2368 5257 2603 5327 quidem
2629 5256 2750 5327 jam
2777 5259 2898 5307 tum
2938 5253 3244 5327 principes
3274 5253 3470 5310 Africae
3515 5272 3616 5311 seu

1976 5325 2163 5408 Libyae
2194 5325 2945 5408 degenteFathemida-rum
2981 5340 3083 5395 pro
3113 5325 3369 5408 Cbaliﬁs_,
3413 5342 3613 5408 verum

1973 5395 2130 5452 Amir
2158 5399 2209 5454 ol
2238 5395 2549 5452 Mumenine
2588 5395 2926 5468 utebantur,
2974 5411 3292 5468 eorumque
3346 5397 3524 5468 hostis
3556 5402 3614 5453 et

1973 5470 2240 5537 aamulus,
2277 5471 2468 5524 Abdor
2498 5467 2782 5528 Rahman,
2816 5464 3104 5536 Hispanias
3151 5464 3435 5522 hactenus
3462 5467 3611 5522 Emi-

1971 5555 2070 5595 rus
2102 5559 2202 5596 seu
2237 5541 2526 5610 princeps,
2556 5539 2625 5610 ab
2653 5553 2804 5610 anno
2835 5537 2968 5592 inde
2997 5537 3211 5610 Christi
3241 5539 3346 5593 936
3368 5538 3608 5608 incipie-

1969 5611 2070 5666 bat
2126 5606 2255 5668 eum
2301 5606 2528 5681 quoque
2574 5606 2830 5674 titulum,
2881 5609 3251 5664 amulatione
3300 5606 3605 5681 accensus,

1969 5680 2507 5753 usurpare.Arabici
2533 5686 2735 5753 tamen
2770 5681 3086 5753 scriptores
3118 5685 3451 5736 constanter
3482 5680 3613 5752 per-

1965 5750 2168 5808 hibeat
2198 5754 2418 5819 ambos,
2447 5757 2502 5806 et
2530 5750 2906 5806 Fatbemidas’
2925 5755 2981 5806 et
2998 5750 3309 5809 0mmiadas
3337 5750 3601 5810 Andalu~

227 5818 528 5876 moderator
572 5818 1224 5896 Romanorumangelus
1269 5828 1434 5880 totius
1477 5825 1646 5896 orbis,
1685 5825 1859 5896 haeres
1964 5839 2133 5896 senos
2162 5821 2355 5896 titulo
2405 5818 2532 5877 Ami
2576 5821 2989 5896 il_Humenine,
3022 5839 3138 5881 non
3192 5830 3383 5881 autem
3429 5824 3601 5882 titulo

231 5903 440 5947 coronae
467 5896 657 5965 magni
689 5892 1289 5964 Constantini,'dilecto
1315 5895 1486 5966 fratri
1515 5895 1743 5966 imperii
1769 5893 1859 5950 sui
1961 5894 2140 5949 Amiri
2161 5894 2200 5948 ’l
2229 5892 2538 5949 Moslemine
2567 5892 2748 5951 fuisse
2779 5909 2940 5952 usos.
