4080 6300
230 379 383 440 1281

1068 379 1168 440 DE
1213 380 1660 444 CERIMONIIS
1706 380 1941 443 AULE
1982 378 2459 440 ΒῩΖΑΝΤΙΝΛΞ
2501 379 2655 441 LIB.
2703 379 2780 440 Il.

3468 384 3493 443 1
3506 383 3622 446 282

232 533 412 587 μημα.
444 511 508 568 '0
540 510 616 573 εἷς
667 510 794 576 τοὺς
841 511 1178 587 Φαργάνους,
1227 511 1335 567 εἷ’τε
1381 512 1460 578 εἷς
1502 513 1627 576 τοὺς
1675 512 1864 583 Χαζά-

1981 512 2124 582 ginti
2155 528 2318 569 num.
2349 511 2408 567 in
2451 529 2647 583 rogam
2697 513 2926 587 accipit,
2959 513 3129 572 solvit
3166 516 3332 574 litras
3379 518 3616 589 decem;

235 621 358 676 ρους
397 599 571 663 θέλων
602 599 863 674 γενέσθαι,
905 599 1110 678 ὀφείλει
1147 597 1367 655 διδόναι
1422 601 1612 674 λίτρας
1661 603 1723 672 ζ’,
1774 599 1877 671 δη-

235 689 418 746 λονότι
450 689 514 742 νὰ
547 691 663 760 (87)
696 685 811 765 ἔχει
864 687 1028 764 ῥόγαν
1079 689 1399 762 νομίσματα
1451 691 1539 763 ιβ’.
1590 692 1650 747 '0
1695 687 1751 744 δὲ
1798 690 1874 750 είς

229 779 291 833 τὸ
348 779 653 851 τραπέζιον,
704 774 811 831 εἷ’τε
861 776 938 838 είς
992 777 1054 831 τὸ
1117 776 1440 852 βεστιάριον,
1500 776 1608 832 εἷ’τε
1678 778 1752 840 εἰς
1809 776 1875 831 τὰ

231 865 786 939 ὰρχοντογεννήματα
873 865 1044 919 θέλων
1124 865 1391 938 γενέσθαι,
1452 865 1539 920 ἐὰν
1607 858 1874 938 λαμϐάνει

233 953 393 1030 ῥόγαν
438 952 752 1027 νομίσματα
813 954 863 1024 ι’,
912 951 1118 1029 ὀφείλει
1176 951 1382 1008 διδόναι
1440 953 1629 1028 λίτρας
1688 953 1750 1023 ς’.
1812 953 1874 1009 Ὀ

230 1043 305 1103 εἰς
337 1043 464 1104 τοὺς
496 1041 798 1116 κληρικοὺς
833 1045 930 1096 τοῦ
977 1046 1105 1096 ναοῦ
1159 1040 1329 1097 θέλων
1377 1042 1620 1118 γενέσθαι
1665 1039 1874 1119 ὀφείλει

231 1128 434 1185 διδόναι
469 1130 656 1203 λίτρας
691 1136 752 1200 ζ’.
785 1131 846 1187 '0
885 1130 962 1194 εἷς
1008 1132 1077 1185 τὰ
1123 1130 1458 1204 ἀσηκρητεῖα
1511 1129 1732 1203 μέλλων
1782 1151 1874 1208 γε·

227 1223 430 1288 νέσθαι,
485 1219 572 1274 ἐὰν
628 1215 899 1292 λαμϐάνει
954 1219 1118 1294 ῥόγαν
1181 1220 1491 1294 νομίσματα
1537 1219 1606 1288 λ’,
1666 1219 1873 1299 ὀφείλει

228 1307 437 1364 διδόναι
471 1307 661 1382 λίτρας
723 1309 814 1384 ιβ’.
879 1307 942 1364 Εἰ
1002 1306 1060 1362 δὲ
1115 1307 1341 1364 πλείονα
1390 1309 1556 1384 ῥόγαν
1606 1307 1871 1380 ἐπιζητεῖ,

226 1399 362 1452 κατᾶ
429 1395 726 1471 ἀναλογίαν
784 1399 884 1461 τῆς
952 1395 1117 1471 ῥόγας
1184 1396 1388 1473 ὀφείλει
1455 1391 1873 1465 ἀναϐιϐάζεσθαι

225 1487 312 1541 καί
343 1487 409 1542 τὸ
437 1487 679 1558 τίμημα.
733 1487 789 1539 '0
843 1483 900 1540 δὲ
953 1485 1204 1560 νοτάριος
1268 1491 1376 1540 τῶν
1435 1485 1812 1561 ἀσηκρητειῶν
1845 1486 1874 1540 ὁ

225 1574 402 1640 θέλων
455 1574 714 1652 γενέσθαι,
771 1573 859 1628 ἐὰν
908 1569 1179 1647 λαμϐάνει
1233 1573 1399 1649 ῥόγαν
1451 1573 1766 1648 νομίσματα
1805 1579 1872 1646 κ’,

223 1664 433 1743 ὀφείλει
465 1662 648 1720 δοῦναι
697 1661 890 1737 λίτρας
947 1664 1016 1731 η’.
1065 1665 1126 1720 '0
1175 1661 1231 1718 δὲ
1281 1659 1738 1738 κουϐικουλάριος
1784 1663 1873 1718 θέ-

225 1753 338 1809 λων
368 1752 636 1828 γενέσθαι,
679 1752 724 1807 εἰ
794 1751 886 1825 μέν
953 1750 1093 1807 ἐστιν
1146 1751 1249 1807 ε’ἰτε
1306 1751 1382 1814 εἷς
1438 1753 1501 1807 τὸ
1559 1758 1869 1828 τραπέζιον,

221 1843 328 1898 εἳτε
389 1844 466 1905 είς
531 1843 593 1898 τὸ
655 1840 982 1918 βεστιάριον,
1040 1841 1129 1896 καί
1178 1841 1320 1897 θέλει
1387 1840 1626 1916 γενέσθαι
1677 1836 1866 1896 κουϐι-
1903 1871 1950 1936 Β

221 1929 543 2005 κουλάριος,
577 1930 664 1984 ἐὰν
695 1929 1084 2003 καταλιμπάνῃ
1117 1929 1212 1990 τὰς
1255 1930 1445 1992 ἁνόνας
1493 1931 1681 2000 αὐτοῦ,
1732 1928 1866 1984 δίδει

221 2019 380 2095 λόγῳ
413 2019 697 2074 κανισκίου
753 2017 1062 2092 νομίσματα
1093 2016 1161 2074 λ’.
1205 2019 1269 2074 Ei
1302 2019 1359 2074 δὲ
1407 2017 1654 2090 ἐπιζητεῖ
1699 2018 1865 2095 ῥόγαν

221 2109 388 2164 αὐτοῦ
446 2107 746 2178 αὐξηθῆναι
805 2107 893 2160 καὶ
950 2108 1046 2170 τὰς
1096 2105 1309 2176 ἀνόνας,
1366 2109 1504 2162 κατᾶ
1568 2105 1866 2182 ἀναλογίαν

217 2205 316 2267 τῆς
361 2198 530 2272 ῥόγας
581 2197 674 2251 καὶ
729 2201 836 2251 τῶν
891 2195 1090 2250 ἀνονῶν
1147 2194 1312 2250 αὐτοῦ
1363 2195 1571 2275 ὀφείλει
1605 2191 1865 2251 ἀναϐιϐά-

219 2294 407 2358 ζεσθαι
435 2288 621 2342 καὶτὸ
653 2283 816 2359 δόμα.
865 2287 928 2342 Ὁ
979 2283 1036 2339 δὲ
1087 2286 1192 2340 ἀπὸ
1243 2285 1510 2359 καλιγίων
1563 2288 1676 2360 (88)
1721 2285 1869 2362 γενό-

226 2397 391 2450 μενος
459 2371 921 2448 κουϐικουλάριος
989 2373 1034 2428 εἰ
1109 2374 1201 2446 μὲν
1266 2373 1495 2428 αἰτεῖται
1570 2370 1864 2447 λαμϐάνειν

218 2464 388 2539 ῥόγαν
424 2470 491 2530 κ“,
533 2462 741 2536 ὀφείλει
783 2458 989 2516 διδόναι
1048 2458 1237 2534 λίτρας
1282 2468 1351 2531 η“.
1401 2462 1462 2518 '0
1513 2459 1569 2516 δὲ
1625 2459 1715 2516 διὰ
1764 2463 1864 2516 πό-

218 2549 358 2614 λεως
406 2554 518 2624 (89)
576 2550 748 2605 θέλων
817 2550 1061 2626 γενέσθαι
1127 2543 1586 2624 κουϐικουλάριος
1655 2549 1864 2626 ὀφείλει

219 2637 403 2695 δοῦναι
453 2639 645 2715 λίτρας
692 2646 751 2709 ς’.
806 2640 866 2695 '0
919 2636 976 2692 δὲ
1033 2638 1138 2692 ἀπὸ
1201 2641 1297 2692 τοῦ
1361 2634 1864 2713 κουϐικουλαράτου

220 2727 444 2800 μέλλων
533 2730 774 2803 γενέσθαι
868 2726 1572 2803 σπαθαροκουοικουλάριος
1659 2726 1863 2803 ὀφείλει

214 2813 403 2871 δοῦναι
437 2816 626 2892 λίτρας
658 2819 724 2874 ἄ“.
758 2819 882 2874 Ἐὰν
925 2815 984 2871 δὲ
1007 2819 1096 2871 καὶ
1127 2819 1446 2887 προσθήκην
1481 2816 1644 2891 ῥόγας
1673 2816 1863 2886 ἐπιζη-

210 2911 316 2975 τεῖ,
348 2907 484 2961 κατά
512 2906 798 2983 ἀναλογίαν
830 2914 931 2976 τῆς
973 2907 1137 2981 ῥόγας
1189 2905 1357 2961 αὐτοῦ
1415 2905 1625 2980 ὀφείλει
1675 2901 1862 2959 ἀναϐι-

217 2989 469 3064 ϐάζεσθαι
501 2997 592 3051 καὶ
623 2997 684 3052 τὸ
711 2998 956 3069 τίμημα.
988 2997 1048 3053 Ὁ
1083 2993 1140 3050 δὲ
1169 2995 1274 3049 ἀπὸ
1317 2994 1563 3070 καλίγων
1615 2995 1861 3070 γενέσθαι

214 3083 388 3148 θέλων
423 3081 1123 3160 σπαθαροκουϐικουλάριος
1155 3083 1365 3159 ὀφείλει
1403 3081 1613 3138 διδόναι
1667 3081 1860 3159 λίτρας

216 3173 268 3227 ι’.
303 3173 368 3228 Ei
403 3170 458 3227 δὲ
498 3173 588 3228 καὶ
635 3176 956 3247 προσθήκην
1010 3173 1172 3248 ῥόγας
1213 3171 1482 3243 ἐπιζητεῖ,
1531 3173 1667 3226 κατὰ
1723 3173 1860 3226 ἀνα-

217 3259 410 3333 λογίαν
436 3267 535 3329 τῆς
587 3241 747 3334 ῥόγτας
798 3241 1018 3336 ὀφείλει.
1053 3241 1475 3329 ἀναϐιϐάζεσθαι
1529 3262 1618 3315 καὶ
1673 3262 1737 3315 τὸ
1783 3241 1939 3316 τί-(Ῑ

223 3368 406 3419 μημα.
457 3348 518 3404 Ὀ
577 3345 634 3401 δὶ
692 3347 964 3420 ὀστιάριος
1023 3348 1128 3401 ἀπὸ
1183 3353 1283 3401 τοῦ
1334 3344 1864 3421 σπαθαροκουϐικου-

221 3434 463 3510 λαρατου
520 3434 692 3489 θέλων
748 3436 982 3510 γενέσθαι
1050 3433 1255 3510 ὀφείλει
1321 3433 1502 3488 δοῦναι
1570 3435 1759 3510 λίτρας
1814 3437 1863 3492 ι’.

217 3524 283 3578 Εἰ
326 3521 384 3577 δὲ
431 3525 518 3578 καὶ
563 3526 880 3596 προσθήκην
932 3522 1098 3599 ῥόγας
1151 3523 1416 3592 ἐπιζητεῖ,
1475 3523 1611 3576 κατά
1666 3521 1868 3576 ἀναλο-

215 3612 334 3687 γίαν
367 3621 469 3682 τῆς
529 3613 691 3688 ῥόγας
741 3611 944 3689 ὀφείλει
997 3605 1408 3680 ἁναϐιϐἀζεσθαι
1453 3610 1540 3667 καὶ
1588 3611 1650 3664 τὸ
1697 3608 1866 3682 τίμη-

221 3723 315 3776 μα.
350 3703 411 3758 '0
445 3699 501 3756 δὲ
531 3703 891 3776 πριμικήριος
923 3701 1028 3755 ἀπὸ
1075 3701 1137 3755 τὸ
1185 3699 1501 3772 ὀστιαράτον
1548 3697 1718 3763 θέλων
1772 3718 1867 3772 γε-

219 3793 404 3855 νέσθαι
435 3791 644 3867 ὀφείλει
675 3787 886 3844 διδόναι
927 3789 1116 3864 λίτρας
1172 3794 1216 3843 ι’.
1271 3788 1333 3845 Ei
1381 3786 1438 3842 δὲ
1483 3788 1574 3842 καὶ
1629 3789 1868 3858 προσθή-

220 3904 324 3952 κην
359 3881 524 3958 ρόγας
556 3882 824 3950 ἐπιζητςῖ,
856 3881 988 3934 κατὰ
1020 3879 1308 3954 ἀναλογίαν
1338 3886 1438 3949 τῆς
1472 3878 1633 3954 ῥόγας
1660 3878 1865 3956 ὀφείλει

218 3967 633 4039 ἀναϐιϐάζεσθαι
666 3971 755 4024 καὶ
785 3970 848 4024 τὸ
868 3970 1110 4044 τίμημα.

215 4062 297 4116 Τὰ
366 4059 698 4138 ὀφειλόμενα
766 4055 1044 4138 δίδοσθαι.
1082 4057 1296 4138 δόματα
1336 4057 1448 4138 εἷς,
1489 4057 1556 4138 τὰ
1622 4076 1866 4131 χαρτουο

471 4126 679 4204 λαρατα
718 4131 806 4184 καὶ
848 4131 1117 4205 νοταράτα
1153 4126 1261 4184 τῶν
1301 4126 1586 4203 σεκρέτῶν.

297 4311 364 4367 Οἱ
393 4312 638 4383 νοτάριοι
696 4314 793 4364 τοῦ
852 4306 1058 4365 εἰδικοῦ
1099 4308 1289 4383 λίτρας
1327 4309 1415 4362 vs"
1460 4309 1512 4362 οἱ
1552 4306 1866 4382 χαρτουλάο

221 4418 331 4473 ριοι
398 4396 494 4453 τοῦ
555 4403 800 4471 γεννιγοῦ
841 4396 1030 4471 λίτρας
1094 4402 1178 4470 Es"
1219 4399 1270 4452 o't
1329 4391 1429 4469 ἔξω
1470 4396 1866 4474 χαρτουλάριοι

1983 601 2192 674 quodsi
2221 617 2355 658 vero
2385 603 2703 659 auctiorem
2736 620 2932 673 rogem
2969 605 3212 677 ﬂagitat.
3239 607 3412 664 debet
3443 609 3617 665 etiam

1982 691 2261 761 majorem
2292 694 2485 746 texam
2534 691 2754 748 solvere
2803 709 2904 763 pro
2955 695 3176 751 ratione
3221 701 3401 751 auctis
3450 713 3619 765 rogas.

1981 780 2090 843 Qui
2121 778 2277 849 cupit
2305 778 2366 833 in
2415 779 2709 851 Farganos
2738 785 2839 836 aut
2875 781 3160 839 Chazaros
3209 785 3406 856 recipi,
3451 785 3623 842 solvit

1978 865 2144 922 litras
2175 872 2440 938 septem;
2473 869 2523 922 si
2574 885 2782 941 nempe
2813 887 3009 941 rugam
3059 873 3367 929 duodecim
3421 877 3618 932 numi-

1979 961 2237 1011 smatum
2268 955 2615 1020 habeat.Qui
2647 959 2720 1015 ad
2751 960 3068 1032 trapezium
3092 979 3194 1018 seu
3228 963 3617 1020 ministerium

1980 1059 2157 1098 sacra;
2190 1045 2501 1110 mensae,ad
2532 1047 2963 1115 vestiarium,in
2993 1049 3620 1121 archontogennemata

1978 1148 2082 1188 seu
2112 1131 2330 1186 valetos
2363 1131 2674 1189 nobiliores
2704 1136 2864 1206 cupit
2892 1137 3143 1208 recipi,si
3176 1154 3375 1209 rogam
3406 1140 3618 1211 accipit

1980 1221 2176 1277 decem
2210 1225 2656 1290 numismatum,
2688 1223 2861 1278 solvit
2892 1241 2990 1280 sex
3019 1225 3204 1282 litras.
3227 1229 3618 1298 Recipiendus

1979 1310 2124 1366 inter
2153 1311 2396 1368 clericos
2426 1310 2623 1385 palatii
2653 1309 2824 1367 solvit
2850 1311 3010 1368 litras
3041 1319 3282 1385 septem.
3317 1317 3619 1388 Recipien-

1978 1399 2087 1455 dus
2119 1400 2177 1454 in
2208 1410 2514 1470 asecretas,
2545 1400 2595 1456 si
2647 1401 2857 1471 accipit
2904 1416 3098 1471 rogum
3148 1403 3382 1473 triginta
3431 1406 3620 1460 numi-

1979 1493 2258 1559 smatum,
2291 1489 2466 1546 solvit
2513 1489 2678 1546 litras
2707 1489 3035 1545 duodecim.
3067 1490 3123 1544 Si
3170 1495 3364 1546 autem
3418 1509 3616 1564 rogam

1978 1576 2203 1649 ﬂagitat
2230 1579 2566 1646 auctiorem,
2598 1577 2768 1633 debet
2797 1579 2972 1634 etiam
3004 1578 3234 1634 auctius
3266 1595 3368 1650 pro
3399 1581 3620 1637 ratione

1981 1664 2354 1720 honorarium
2388 1666 2628 1722 solvere.
2658 1667 2718 1721 Si
2749 1666 3010 1722 notarius
3062 1672 3448 1724 asecretarum
3486 1668 3620 1740 quis

1979 1755 2139 1824 cupit
2169 1759 2226 1810 et
2255 1755 2424 1810 debet
2455 1754 2600 1823 fieri,
2632 1754 2805 1810 solvit
2835 1753 2999 1810 litras
3029 1761 3176 1824 octo,
3211 1755 3260 1809 si
3307 1772 3514 1828 nempe
3557 1757 3618 1812 in

1981 1857 2173 1911 rogam
2205 1843 2556 1898 numismata
2587 1841 2791 1913 viginti
2822 1842 3052 1912 accipit.
3094 1843 3200 1906 Qui
3228 1844 3619 1900 cubicularius

1978 1931 2267 1986 creandas
2297 1935 2408 1999 est,
2440 1931 2562 1986 sive
2591 1934 2762 1986 antea
2793 1930 2852 1986 in
2873 1931 3126 2000 trapezio
3157 1947 3260 1986 seu
3293 1932 3616 1988 ministerio

1977 2020 2044 2074 ad
2079 2035 2368 2086 mensam,
2393 2019 2512 2074 sive
2542 2019 2602 2074 in
2633 2020 2900 2075 vestiario
2931 2035 3032 2074 seu
3066 2019 3392 2076 ministerio
3439 2037 3616 2077 sacras

1976 2107 2153 2162 vestis
2187 2107 2376 2174 fuerit,
2409 2107 2584 2177 ille,si
2613 2124 2873 2163 annonas
2904 2124 3040 2162 suas
3070 2108 3415 2180 sibi,quales
3445 2114 3616 2165 antea

1977 2197 2234 2261 fuerunt,
2267 2196 2517 2267 relinqui
2552 2197 2900 2268 patitur,dat
2930 2198 3166 2251 nomine
3193 2197 3468 2269 sportula:
3499 2215 3613 2253 nu-

1975 2284 2245 2340 mismata
2265 2285 2591 2356 trigiuta.Si
2611 2290 2804 2340 autem
2828 2300 3024 2355 rogam
3048 2301 3216 2340 suam
3237 2301 3614 2357 annonaeque

1973 2372 2169 2444 augeri
2211 2372 2509 2439 sollicitat,
2559 2373 2724 2430 debet
2769 2373 2941 2429 etiam
2992 2373 3367 2430 honorarium
3407 2376 3611 2446 augeri

1973 2479 2077 2533 pro
2107 2463 2328 2518 ratione
2358 2469 2538 2519 aucte
2570 2479 2719 2535 roga:
2749 2469 2805 2519 et
2851 2479 3236 2521 annonarum.
3268 2464 3374 2527 Qui
3421 2470 3611 2520 autem

1973 2567 2008 2607 a
2032 2551 2234 2623 caligis
2265 2551 2331 2606 fit
2359 2551 2824 2617 cubicularius,si
2859 2553 3128 2624 precibus
3157 2554 3379 2608 obtinet
3409 2569 3610 2624 rogam

1970 2639 2174 2710 viginti
2207 2640 2657 2709 numismatum,
2690 2641 2858 2696 debet
2886 2640 3053 2696 litras
3078 2645 3205 2696 octo
3236 2641 3394 2697 dare.
3428 2641 3613 2696 Urba-

1973 2743 2082 2782 nus
2112 2730 2396 2784 arcendus
2427 2728 2826 2785 cubicularius
2856 2729 2954 2784 dat
2981 2728 3148 2784 litras
3179 2733 3348 2784 sex.E
3377 2729 3613 2785 cubicu-

1971 2815 2114 2871 lario
2147 2818 2576 2888 promovendus
2603 2819 2672 2871 ad
2716 2817 3480 2888 spatharocubiculariatum
3511 2817 3613 2874 de-

1970 2904 2067 2960 bet
2092 2910 2343 2975 quatuor
2372 2904 2571 2972 litras;
2605 2904 2938 2960 sollicitanti
2988 2910 3180 2960 autem
3229 2910 3609 2977 augmentum

1970 3010 2118 3063 roga;
2174 2994 2347 3048 debet
2402 2993 2574 3048 etiam
2635 2993 3011 3048 honorarium
3080 2993 3278 3066 augeri
3352 3011 3454 3064 pro
3513 3012 3608 3050 ra-

1970 3083 2305 3138 tione.40l
2352 3081 2459 3146 Qui
2491 3099 2524 3136 a
2553 3081 2758 3153 caligis
2787 3081 3457 3154 spatharocubicularius
3488 3083 3612 3139 vult

1969 3180 2024 3227 et
2054 3173 2225 3228 debet
2252 3171 2396 3238 ﬁeri,
2429 3172 2530 3227 dat
2559 3170 2723 3226 litras
2754 3171 2950 3227 decem
2980 3189 2993 3238 ;
3028 3177 3102 3237 et,
3131 3172 3176 3227 si
3210 3172 3485 3228 sollicitat
3514 3188 3610 3228 au-

1969 3267 2273 3333 gmentum
2324 3277 2497 3332 rogas,
2531 3261 2626 3315 dat
2669 3260 2900 3316 auctius
2950 3276 3183 3332 quoque
3229 3259 3609 3317 honorarium

1969 3348 2178 3419 aequali
2233 3348 2479 3404 ratione.
2538 3349 2582 3402 E
2631 3348 3262 3419 spatharocubiculario
3319 3348 3610 3404 crcandus

1970 3436 2236 3491 ostiarius
2268 3437 2367 3490 dat
2396 3435 2559 3490 litras
2590 3435 2788 3490 decem
2819 3440 2876 3491 et
2906 3438 3058 3506 plus,
3092 3436 3140 3491 si
3173 3435 3304 3507 plus
3332 3452 3482 3508 rogis
3514 3435 3613 3491 ﬂa-

1969 3523 2136 3593 gitat,
2172 3523 2600 3593 proportionate
2642 3523 2879 3578 scilicet.
2918 3523 3002 3578 Ab
3043 3524 3342 3578 ostiariatu
3377 3540 3610 3594 promo-

1971 3611 2194 3664 vendus
2227 3610 2299 3663 ad
2332 3608 2793 3679 primicerialum
2825 3609 3108 3665 datlitras
3137 3613 3334 3665 decem
3362 3615 3451 3677 ;et
3476 3611 3610 3681 plus

1964 3696 2126 3767 justa
2156 3696 2216 3751 in
2246 3697 2638 3768 proportione,
2673 3699 2722 3752 si
2753 3695 2885 3768 plus
2917 3713 3070 3769 rogas
3117 3699 3406 3769 rogaverit
3433 3702 3612 3770 atque

1969 3786 2382 3858 impetraverit.

1971 4059 2194 4128 Ea,qua:
2205 4075 2238 4112 a
2260 4074 2447 4112 recens
2462 4059 2749 4116 honoratis
2763 4060 3053 4116 honorarii
3066 4061 3176 4117 loco
3189 4063 3249 4116 in
3260 4061 3456 4118 charta
3464 4062 3525 4116 ια
3533 4079 3620 4117 ra-

2044 4136 2100 4183 ta
2121 4130 2204 4184 vel
2223 4131 2533 4184 tribunalia
2550 4132 3090 4201 chartuiariorum,ci
3107 4135 3394 4188 notariata
3414 4133 3499 4190 vel
3520 4135 3621 4188 iri.

2048 4217 2282 4273 bunalia
2310 4219 2655 4274 notariorum
2678 4223 3005 4276 secretorum
3030 4221 3198 4291 pendi
3225 4221 3433 4278 debent.

2046 4305 2266 4361 Notarii
2324 4306 2462 4363 idici
2515 4322 2618 4362 seu
2679 4308 2758 4363 rei
2816 4308 3054 4380 privatae
3099 4309 3397 4380 accipiunt
3448 4307 3616 4365 litras

1975 4393 2397 4465 quinquaginta
2428 4395 3066 4467 quinque.Chartularii
3097 4399 3282 4469 genici
3313 4399 3440 4471 [seu
3471 4415 3609 4455 sara-

223 4491 320 4540 τοῦ
365 4491 632 4560 γεννικοῦ,
692 4484 816 4554 ἤτοι
881 4491 988 4541 τῶν
1042 4485 1284 4560 ἀρκλῶν,
1353 4485 1560 4558 λίτρας.
1615 4486 1667 4540 οἱ
1729 4504 1867 4559 χαρ-

1981 4482 2045 4536 rii
2091 4482 2332 4553 publici]
2375 4483 2538 4539 litras
2587 4487 2964 4558 septuaginta
3012 4487 3310 4558 quinque;
3360 4487 3617 4543 extranei

219 4575 508 4650 τουλάριοι
573 4580 669 4629 τοῦ
735 4580 1126 4650 στρατιωτικοῦ
1193 4575 1382 4648 λίτρας
1440 4577 1511 4647 μ’·
1598 4575 1650 4628 οἱ
1706 4576 1860 4628 veroi-

1981 4569 2315 4625 chartularii
2348 4571 2651 4628 stratiotici
2683 4590 2786 4628 seu
2819 4574 2942 4629 ﬁsci
2974 4573 3246 4630 militaris
3277 4574 3362 4630 lit.
3387 4576 3477 4630 40.
3500 4575 3616 4630 Νο-

218 4684 332 4738 ριοι
387 4668 487 4718 τοῦ
548 4669 936 4737 στρατιωτικοῦ
1002 4663 1194 4738 λίτρας
1259 4671 1324 4718 it"
1387 4665 1438 4718 οἱ
1477 4661 1716 4735 νοτάριοι
1765 4664 1863 4733 τῆς

214 4751 490 4823 σακέλλης
570 4750 757 4824 λίτρας
825 4749 891 4805 λ’·
971 4754 1022 4807 οἱ
1105 4753 1333 4828 θοτάριοι
1392 4757 1486 4811 τοῦ
1549 4753 1862 4827 βεστιαρίου

220 4839 434 4917 λίτρας.

223 4931 352 5006 Περί
398 4935 503 4986 τῶν
544 4929 962 5006 αἰχμαλώτωνᾴ
1002 4933 1330 5006 Σαρακηνῶν
1405 4931 1519 5002 (90)
1593 4933 1698 4983 τῶν
1777 4929 1864 4984 ἐπὶ

701 5001 894 5075 θέματι
940 5001 1367 5076 βαπτιζομένων.

291 5091 410 5164 Χρή
459 5087 676 5160 εἰδέναι,
725 5089 807 5145 ὅτι
869 5087 1152 5168 ὀφείλουσι
1209 5083 1502 5162 λαμϐάνειν
1570 5089 1715 5162 παρὰ
1768 5091 1864 5142 τοῦ

1974 4661 2106 4715 tarii
2135 4661 2446 4718 stratiotici
2494 4662 2608 4717 litr.
2639 4663 2729 4718 20.
2782 4663 3003 4720 Notarii
3048 4664 3248 4720 sacelli
3298 4665 3460 4721 litras
3509 4665 3616 4720 tri-

1974 4748 2153 4818 ginta.
2186 4749 2404 4804 Notarii
2438 4750 2696 4807 vestiarii
2724 4751 2890 4808 litras
2919 4768 2974 4807 ο.

2083 4931 2156 4985 De
2179 4931 2412 5002 captivis
2440 4931 2762 5005 Saracenis,
2795 4933 2890 5005 qui
2919 4933 3110 5005 aliqua
3140 4935 3200 4989 in
3227 4933 3513 5003 provincia

2537 5003 2814 5075 baptizaii’
2831 5003 3066 5074 fuerint.

2048 5090 2208 5146 Unus
2239 5091 2440 5147 talium
2475 5092 2723 5166 quisque
2771 5093 2940 5149 debet
2968 5111 3000 5147 a
3048 5091 3438 5163 protonotario
3487 5090 3617 5147 the-

1277 5223 1478 5279 JOAN.
1512 5222 1656 5281 JAC.
1695 5223 1952 5279 BEISKII
1984 5223 2570 5282 COMMENTARIUS.

295 5351 404 5420 (87)
434 5350 530 5406 Sic
560 5349 766 5406 dicunt
795 5349 926 5404 novi
972 5349 1154 5406 Graeci
1188 5363 1288 5420 pro
1318 5345 1422 5420 ἳνα.
1467 5346 1570 5420 Hic
1618 5345 1731 5402 loci
1763 5363 1866 5420 no:

1979 5363 2090 5418 pus
2120 5353 2435 5419 augustum
2489 5351 2852 5421 pertinentis,
2882 5353 2951 5421 ut
2998 5365 3152 5404 unus
3196 5367 3229 5404 a
3277 5350 3495 5416 calceis,
3527 5351 3615 5406 al-

224 5417 315 5476 tat
370 5417 466 5476 ubi
518 5421 606 5476 vel
657 5421 908 5492 quando;
961 5437 1074 5492 quo
1122 5417 1298 5476 sensu
1345 5417 1436 5471 ’ἰνα
1477 5417 1663 5492 etiam
1711 5419 1867 5492 apud
1978 5417 2064 5474 ter
2106 5436 2140 5474 a
2191 5417 2357 5476 barba
2393 5417 2706 5488 vel'coma,
2764 5419 2966 5475 tertius
3013 5438 3046 5475 a
3103 5421 3369 5476 malluvio
3425 5429 3478 5477 et
3535 5422 3616 5479 sic

226 5489 679 5563 vetustissimos
737 5498 793 5548 et
861 5489 1305 5563 probatissimos
1377 5489 1690 5562 scriptores
1754 5489 1868 5545 ha-

228 5560 417 5616 betur.

296 5632 412 5701 (88)
438 5634 676 5690 Videtur
720 5650 790 5690 ex
821 5635 930 5690 hoc
966 5634 1092 5689 loco
1136 5633 1629 5688 cubiculariorum
1681 5647 1866 5686 unus-

229 5703 475 5773 quisque
504 5704 783 5761 habuisse
813 5721 1016 5761 curam
1051 5703 1357 5774 peculiaris
1387 5705 1605 5760 servitii
1637 5703 1707 5758 ad
1740 5718 1864 5758 cor-

1977 5506 2168 5632 Ροὲἕί
2210 5562 2596 5618 Cubicularia:
2644 5561 2884 5632 urbanus
2941 5565 3039 5615 aut
3093 5562 3156 5617 in
3204 5565 3342 5617 urbe
3388 5563 3614 5620 videtur

1976 5631 2063 5688 illi
2092 5633 2324 5702 opponi,
2356 5633 2453 5702 qui
2484 5633 2544 5687 in
2577 5631 2806 5703 palatiis
2833 5633 3188 5688 suburbanis
3217 5633 3411 5689 servit.

2048 5704 2161 5773 (90)
2196 5705 2375 5760 Medio
2422 5721 2537 5760 aevo
2585 5705 2905 5760 Saracenus
2934 5707 2990 5759 et
3036 5703 3217 5762 Arabs
3265 5705 3416 5761 idem
3467 5709 3608 5775 erat,
