4080 6300
245 328 407 388 1285
1103 328 1203 387 DE
1244 327 1702 390 CERIMONIIS
1746 329 1975 392 AULIE
2017 331 2492 402 BYZANTIN/E
2534 345 2680 406 LIB.
2728 345 2805 406 ΙΙ.

3494 350 3648 415 1286

241 480 432 574 gaios,
466 478 620 574 leves
651 479 891 574 milites,
923 479 1364 574 excursionibus
1388 480 1448 535 in
1479 497 1687 553 agrum
1701 481 1974 574 hostilem
1991 489 2048 541 et
2061 491 2275 559 praedis
2295 497 2534 567 agendis
2552 502 2784 555 tantum
2811 499 3180 574 destinatos,]
3194 518 3224 558 e
3238 501 3450 574 quibus
3472 503 3646 560 etiam

239 571 536 664 Tzecoues
569 569 691 664 [seu
726 568 1222 664 Peloponnesiaci]
1251 570 1734 664 desumunturet
1762 573 2092 664 seliguntur
2115 580 2175 636 in
2209 585 2446 642 castella
2476 590 2547 645 ad
2607 591 2834 662 agenda
2891 591 3126 648 interim
3161 568 3468 664 'prmsidia,
3501 595 3644 652 dum

235 660 359 753 veri
395 658 605 753 milites
636 658 710 753 ob
744 657 892 753 bella
922 658 1153 713 absunt.
1189 656 1335 712 Loca
1365 673 1498 753 vero
1528 659 1613 714 vel
1648 661 1808 753 fundi
1837 669 1938 718 aut
1969 669 2181 736 predia
2211 673 2468 744 ipsorum
2502 656 2894 736 hero-interea
2923 685 3150 747 vacant,
3178 656 3370 753 neque
3400 656 3498 738 alii
3520 685 3646 739 cui-

236 750 377 803 dam
413 749 746 839 traduntur,
784 747 887 802 scd
920 755 1154 839 manent
1187 752 1556 839 sequestrata
1576 754 1634 804 et
1659 751 1846 839 afﬁxis
1875 756 2056 812 sacris
2097 760 2277 819 bullis
2306 767 2556 839 signata,
2616 776 2682 826 ut
2734 786 2872 827 usus
2902 772 3124 828 fructus
3162 747 3360 829 eorum
3391 775 3463 830 ad
3506 792 3646 831 aera-

239 840 398 894 rium
434 838 732 938 publicum
767 839 995 904 redeat;
1030 854 1095 938 eo
1128 837 1266 938 linez
1293 844 1352 892 ut
1383 837 1555 938 siOtsli
1597 838 2085 938 cuidamcassato
2111 837 2409 927 contingat
2457 859 2700 918 facultas
2736 864 3028 918 fortunam
3076 880 3243 919 suam
3285 864 3647 938 afﬂictasque

241 944 340 982 res
375 927 757 995 restaurandi,
792 930 1092 997 recuperet
1125 927 1338 982 fundos
1370 925 1648 999 pristinos
1682 927 2070 1005 militiamque
2101 925 2435 1009 pristinam.

887 1034 1144 1088 ΚΕΦΑΛ.
1189 1033 1271 1088 Ν¹⁶

247 1122 401 1196 Emi.»
466 1123 520 1175 αἱ
575 1124 711 1176 κατὰ
774 1122 943 1176 τύπον
996 1119 1160 1196 -ῥὸγαι
1219 1125 1325 1196 τῶν
1421 1125 1739 1196 στρατηγῶν
1808 1122 1898 1176 καὶ

323 1194 794 1269 κλεισουραρχῶν,
852 1192 1435 1269 ,καθῷςέρογεύοντο
1489 1192 1589 1248 ’ἐπὶ
1644 1192 1900 1254 ’Λέοντος

324 1269 420 1319 τοῦ
451 1261 816 1342 φιλοχρίῖπού
849 1261 1136 1322 δεσπότου.

327 1355 384 1408 'O
418 1355 718 1429 στρατηγὸς
767 1358 872 1408 τῶν
915 1351 1284 1408 Ἀνατολικῶν
1339 1351 1430 1410 λλ.
1488 1360 1559 1425 μ“.
1601 1355 1663 1410 '0
1712 1375 1902 1425 στρατ-

252 1443 396 1517 ηγὸς
445 1447 552 1496 τῶν
601 1443 972 1515 Ἀρμενιακῶν
1032 1439 1123 1496 λλ.
1191 1443 1260 1515 μ’.
1332 1443 1394 1498 Ὁ
1462 1442 1732 1516 στατηγὸς
1796 1447 1903 1496 τῶν

253 1532 574 1606 Θρςμησίων
606 1529 698 1586 λλ.
737 1536 808 1604 μ.
841 1531 903 1587 '0
935 1530 1239 1606 στρατηγὸς
1268 1535 1365 1584 τοῦ
1397 1530 1650 1604 Ὀψικίου
1701 1528 1792 1587 Λλ.
1829 1529 1899 1585 λ’.

249 1623 317 1678 '0
347 1620 649 1695 στρατηγὸς
691 1623 799 1674 τῶν
849 1617 1263 1692 Βουκελλαρίων
1314 1617 1408 1675 λλ.
1466 1617 1534 1675 λ“.
1584 1620 1645 1675 '0
1702 1638 1904 1693 στρατ-

252 1712 389 1787 ηγὸς
425 1707 810 1772 Καππαδοκίας
841 1709 934 1766 Λλ.
965 1711 1030 1765 κ’.
1063 1711 1124 1767 '0
1149 1710 1452 1785 στρατηγὸς
1478 1713 1574 1764 τοῦ
1595 1711 1904 1783 Χαρσιανοῦ

254 1798 355 1868 λλ,
387 1800 453 1855 κ’.
485 1799 546 1855 '0
576 1799 880 1874 στρατηγὸς
917 1797 1299 1876 Παφλαγονίας
1333 1799 1424 1854 λλ.
1479 1801 1545 1853 κ“.
1598 1799 1659 1855 '0
1709 1819 1906 1872 στρατ-

257 1888 394 1964 ηγὸς
466 1893 682 1961 Θρᾳκης
756 1886 848 1941 λλ.
927 1889 990 1943 κ’.
1068 1887 1125 1939 '0
1202 1888 1502 1963 στρατηγὸς
1569 1885 1909 1950 Μακεδονίας

257 1977 353 2034 λλ.
388 1976 454 2032 λ’.
488 1977 549 2033 '0
591 1976 891 2050 στρατηγὸς
932 1973 1171 2032 Χαλδίαί
1230 1973 1324 2033 λλ.
1370 1983 1420 2046 ι“,
1483 1977 1556 2039 ὡς
1607 1972 1904 2050 λαμϐάνων

266 2067 374 2122 ἂπὸ
404 2071 500 2121 τοῦ
531 2065 864 2142 κουμερκίου
897 2068 1009 2139 (95)
1042 2067 1223 2136 ἑτέρας
1252 2063 1346 2124 λλ.
1400 2067 1450 2120 ι’.
1497 2067 1557 2122 '0
1608 2068 1911 2141 στρατηγὸς

263 2155 573 2217 Κολωνείας
609 2152 701 2212 λλ.
733 2161 797 2211 κ“.
831 2156 892 2211 '0
923 2153 1226 2230 στρατηγὸς
1257 2156 1676 2228 Μεσοποταμίας
1709 2154 1803 2210 λλ.
1844 2156 1907 2212 o'.

261 2243 353 2300 διὰ
395 2245 458 2298 τὸ
507 2238 655 2322 ἔχειν
703 2243 865 2297 αὐτὸν
914 2241 1044 2298 ὅλον
1094 2244 1155 2297 τὸ
1204 2242 1556 2318 κουμέρκιον.
1611 2244 1672 2299 '0
1720 2262 1913 2317 στρατ-

263 2335 403 2411 ηγὸς
438 2330 780 2400 Σεϐαστείας,
812 2333 887 2394 ὡς
920 2330 993 2385 ὥν
1021 2331 1146 2386 τότε
1193 2331 1656 2410 κλεισουράρχης,
1707 2331 1800 2388 λλ.
1853 2338 1908 2388 ε’.

1930 1048 1982 1114 Α

2704 1057 2857 1114 CAP.
2895 1059 2956 1116 L.

2015 1135 2222 1222 Tabula
2251 1157 2534 1222 togarum,
2567 1162 2700 1216 quas
2723 1149 2930 1222 pitypi
2957 1153 3055 1204 aut
3103 1150 3362 1219 formulae
3390 1151 3648 1222 praeri-

2079 1218 2194 1291 pia;
2203 1221 2608 1291 atquefeceptw
2616 1217 2958 1291 accipiebant
2970 1217 3196 1291 strategi
3207 1231 3262 1276 et
3288 1217 3647 1278 clisurarcha:

2083 1283 2323 1353 tempore
2349 1288 2561 1357 Leonis,
2595 1283 2805 1343 domini
2824 1290 3106 1346 Christum
3124 1283 3386 1348 dmantis.

2083 1370 2380 1445 Strategus
2404 1375 2833 1432 Anatolicorum
2849 1378 3165 1449 accipiebat
3177 1379 3365 1437 littras
3377 1382 3467 1436 40.
3485 1383 3649 1438 Stra-

2012 1460 2182 1530 tegus
2210 1462 2687 1520 Armeniacorum
2721 1465 2834 1520 litr.
2863 1467 2953 1521 40.
2987 1467 3292 1538 Strategus
3312 1468 3650 1525 Thracesio-

2014 1562 2138 1602 rum
2171 1548 2286 1604 litr.
2321 1552 2408 1605 40.
2439 1553 2735 1624 Strategus
2767 1555 2983 1625 Opsicii
3055 1555 3143 1610 lit.
3201 1555 3290 1610 30.
3351 1555 3653 1627 Strategus

2015 1637 2465 1695 Bucellariorum
2492 1640 2652 1698 litras
2673 1642 3080 1714 30.Strategus
3093 1643 3466 1716 Cappadociae
3489 1643 3654 1699 litras

2013 1725 2102 1781 20.
2120 1727 2420 1799 Strategus
2441 1730 2740 1785 Charsiani
2766 1729 2928 1785 litras
2963 1733 3053 1785 20.
3084 1731 3382 1802 Strategus
3422 1731 3655 1802 Paphla-

2017 1816 2200 1885 genia:
2219 1815 2331 1870 lilr.
2355 1818 2444 1872 20.
2469 1818 2757 1890 Strategus
2775 1819 3032 1875 Thraciae
3055 1819 3219 1874 litras
3239 1820 3329 1876 20.
3354 1821 3657 1892 Strategus

2019 1901 2366 1958 Macedoniae
2397 1905 2514 1960 litr.
2545 1907 2635 1962 30.
2669 1911 2972 1978 Strategus
3028 1906 3279 1962 Chaldiae
3324 1908 3440 1962 litr.
3475 1908 3561 1974 10,
3594 1913 3658 1963 ut

2021 1991 2117 2060 qui
2148 1997 2423 2062 praeterea
2454 1995 2648 2051 decem
2676 1995 2823 2051 alias
2870 1995 3036 2053 litras
3066 2012 3097 2051 e
3141 1996 3490 2051 commercio
3549 2011 3654 2052 seu

2018 2079 2403 2152 vectigalibus
2434 2083 2715 2138 mercium
2747 2084 3163 2140 introeuntium
3214 2092 3268 2140 et
3318 2083 3656 2140 exeuntium

2023 2167 2152 2223 fert.
2187 2170 2487 2243 Strategus
2516 2171 2763 2227 Coloniae
2793 2172 2956 2228 litras
2998 2173 3088 2227 20.
3124 2174 3421 2245 Strategus
3469 2174 3658 2230 Meso-

2024 2259 2291 2330 potamias
2323 2261 2369 2328 Ι,
2401 2277 2454 2329 o,
2485 2262 2752 2333 [prorsus
2781 2260 2969 2334 nihil].
3006 2267 3070 2317 ut
3109 2262 3209 2333 qui
3265 2267 3453 2318 totum
3500 2279 3658 2319 com-

2025 2349 2305 2406 mercium
2338 2366 2440 2406 seu
2473 2352 2694 2407 reditus
2722 2351 3092 2424 vectigalium
3133 2369 3337 2408 omnes
3379 2352 3489 2424 ipsi
3545 2353 3659 2409 sibi

263 2410 326 2476 Ὃν
355 2422 662 2498 στρατηγὸς
704 2418 994 2490 Λικανόοὖ,
1039 2422 1112 2482 ὡς
1161 2419 1234 2475 ὢν
1285 2423 1406 2476 τότε
1452 2419 1909 2499 κλεισουράρχης,

2032 2443 2237 2492 servat.
2284 2439 2578 2509 Strategus
2624 2410 2923 2509 Sebastiae',
2958 2448 3019 2494 ut
3067 2442 3168 2512 qui
3215 2445 3354 2496 tunc
3384 2410 3661 2512 temporis

271 2510 368 2568 λλ.
405 2513 463 2569 ε’.
495 2511 555 2568 '0
607 2511 911 2586 στρατηγὸς
964 2509 1308 2579 Σελευκείας,
1355 2509 1430 2570 ὡς
1477 2506 1550 2561 ὤν
1595 2509 1719 2563 τότε
1763 2509 1916 2565 κλει-

269 2601 611 2675 σουράρχης,
647 2598 740 2655 λλ.
775 2600 830 2653 ε’.
864 2600 920 2651 '0
960 2599 1266 2674 στρατηγὸς
1300 2599 1734 2671 Λεοντοκώμεως
1781 2600 1916 2672 (96),

273 2691 350 2751 ὡς
407 2687 483 2741 ὢν
540 2690 663 2742 τότε
717 2687 1180 2762 κλεισουροὶρχης,
1236 2685 1328 2742 λλ.
1390 2699 1444 2741 ε’.
1504 2689 1566 2744 '0
1615 2687 1918 2762 στρατηγὸς

268 2783 380 2832 τῶν
413 2772 838 2852 Κιϐυῤῥαιωτῶν
870 2774 959 2833 λλ.
1015 2777 1062 2829 ι’.
1122 2778 1183 2832 '0
1233 2777 1533 2852 στρατηγὸς
1582 2782 1683 2845 τῆς
1729 2777 1919 2848 Σάμου

274 2864 368 2922 λλ.
423 2867 473 2922 ι’.
520 2867 581 2921 Ὁ
632 2867 929 2941 στρατηγὸς
981 2868 1078 2919 τοῦ
1128 2863 1350 2940 Αἰγαίου
1399 2865 1670 2940 πελάγους
1721 2863 1814 2920 λλ.
1867 2865 1916 2920 ι’.

272 2954 486 3023 Ἰστέον,
520 2953 604 3008 ὅτι
635 2955 685 3009 οἱ
716 2961 814 3022 τῆς
850 2954 1066 3015 Δύσεως
1116 2954 1415 3029 στρατηγοὶ
1465 2953 1565 3008 οὐκ
1607 2953 1921 3028 ὲρογεύοντο

271 3040 360 3097 διὰ
385 3044 446 3097 τὸ
479 3037 778 3116 λαμϐάνειν
831 3042 1024 3104 αὐτοὺς
1080 3043 1184 3096 ἀπδ
1242 3047 1350 3097 τῶν
1407 3039 1560 3096 ῗδίων
1606 3043 1782 3096 αὐτῶν
1835 3053 1924 3105 θε-

276 3133 461 3204 μάτων
529 3133 624 3193 τὰς
687 3130 823 3192 ἰδίας
888 3131 1062 3185 αὐτῶν
1136 3131 1414 3201 συνηθείας
1474 3131 1589 3185 κατ’
1663 3127 1802 3190 ἔτος.
1862 3131 1922 3188 '0

275 3220 579 3292 στρατηγὸς
615 3219 1052 3288 Πελοποννήσου.
1088 3221 1146 3276 Ὀ
1193 3220 1493 3295 στρατηγὸς
1539 3218 1916 3279 Νικοπόλεως.

277 3309 340 3363 '0
376 3306 673 3379 στρατηγὸς
730 3304 1022 3366 Ἑλλάδος.
1062 3312 1115 3358 Ὁ
1180 3309 1479 3379 στρατηγὸς
1537 3306 1808 3370 Σικελίας.
1861 3309 1920 3364 Ὁ

275 3395 581 3468 στρατηγὸς
631 3388 1030 3468 Λαγοόαρδίας.
1084 3395 1140 3444 '0
1205 3395 1511 3466 στρατηγὸς
1567 3398 1920 3464 Στρυμῶνος.

272 3485 335 3541 '0
384 3482 690 3555 στρατηγὸς
745 3479 1108 3557 Κεφαληνίας.
1147 3481 1208 3536 '0
1265 3481 1570 3554 στρατηγὸς
1647 3479 1922 3533 Θεσσαλοο

272 3573 452 3642 νίκης.
494 3572 555 3628 Ὁ
597 3570 900 3644 στρατηγὸς
957 3572 1053 3623 τοῦ
1117 3566 1452 3642 Δυρῥαχίου.
1511 3567 1567 3620 '0
1623 3571 1922 3640 στρατηγός

273 3658 608 3732 Δαλματίας.
642 3660 700 3714 ‘0
730 3658 1034 3733 στρατηγὸς
1066 3660 1373 3731 Χερσῶνος.

269 3857 399 3932 Περὶ
429 3859 492 3913 τὸ
529 3856 668 3920 τίνες
701 3856 801 3912 οὐκ
831 3853 1110 3934 ὀφείλουσι
1173 3852 1548 3934 τερατεύεσθαι
1586 3851 1907 3926 τηρωνάτου

863 3926 1148 4001 γινομένου
1180 3928 1316 3998 (97).

340 4195 406 4251 Οἱ
438 4193 492 4248 ἐν
529 4197 608 4265 τῷ
639 4187 1016 4263 κουϐουκλείῳ
1047 4188 1471 4264 κατειλεγμέναι.
1528 4187 1596 4243 0i
1657 4186 1735 4247 εἰς
1791 4187 1916 4246 τοὺς

271 4283 593 4356 βασιλικοὺς
619 4284 961 4356 ἀνθρώπους.
995 4282 1062 4338 Oi
1093 4281 1167 4340 εἷς
1208 4281 1307 4348 τήν
1351 4275 1599 4352 μεγάλην
1632 4274 1912 4349 ἑταιρείαν.

269 4373 335 4428 Οἱ
367 4372 442 4434 εἷς
471 4373 572 4440 τήν
620 4375 786 4444 μὲσην
833 4369 1119 4443 ἑταιρείαν.
1172 4369 1238 4424 Οἱ
1284 4366 1358 4428 εἷς
1401 4365 1526 4426 τοὺς
1575 4365 1914 4440 Φαργάνους.

270 4461 338 4515 Οἱ
370 4459 446 4520 εἷς
478 4461 576 4528 τὴν
629 4459 903 4528 οἷκειακήν
955 4459 1241 4533 τράπεζαν.
1290 4456 1356 4513 Οἱ
1411 4455 1485 4515 εἰς
1534 4454 1599 4507 τὰ
1648 4454 1917 4530 ἄρχοντο-

268 4552 605 4622 γεννήματα.
655 4550 722 4605 0't
773 4549 850 4609 εἱς
901 4549 963 4602 τὸ
1019 4548 1288 4602 οἷκειακὸν
1344 4547 1674 4621 βεστιάριον.
1725 4545 1792 4600 Οἱ
1842 4543 1917 4604 εἷς

268 4637 330 4691 τὸ
364 4635 590 4691 σκὲπτον
638 4643 738 4705 τῆς
791 4636 1128 4709 Αὖγούστης.
1181 4637 1249 4692 O't
1295 4635 1373 4698 εἷς
1416 4635 1544 4694 τοὺς
1596 4630 1919 4706 βασιλικοὺς

268 4727 567 4801 στράτορας
624 4723 661 4794 ἤ
720 4726 846 4788 τοὺς
915 4724 1251 4798 ίπποκράτας
1305 4727 1440 4798 (98).
1513 4723 1580 4779 Οἱ
1647 4723 1725 4783 εἰς
1791 4719 1920 4780 τοὺς

2023 2527 2150 2596 (sub
2175 2527 2384 2598 Leone)
2415 2528 2774 2583 clisurarcha
2798 2535 3023 2583 tantum
3056 2532 3200 2596 erat,
3253 2529 3288 2584 l.
3329 2530 3386 2584 5.
3437 2529 3660 2585 Strate-

2022 2631 2132 2686 gus
2157 2616 2428 2688 Lycandi,
2443 2618 2598 2672 403
2619 2625 2678 2671 ut
2695 2619 2792 2688 qui
2815 2622 2941 2672 tum
2961 2616 3314 2672 clisurarcha
3336 2622 3480 2682 erat,
3498 2615 3660 2672 litras

2020 2705 2074 2759 5.
2109 2706 2408 2775 Strategus
2437 2707 2736 2775 Seleuciae,
2761 2711 2825 2762 ut
2855 2710 2956 2778 qui
2985 2711 3110 2762 tum
3131 2706 3486 2762 clisurarcha
3515 2709 3658 2773 erat,

2023 2791 2186 2849 litras
2222 2795 2277 2848 5.
2311 2795 2610 2866 Strategus
2635 2797 3060 2864 Leonlocomes,
3086 2801 3151 2850 ut
3172 2795 3276 2866 qui
3305 2801 3428 2848 tum
3449 2794 3662 2849 clisur-

2023 2881 2199 2937 archa
2254 2887 2397 2950 erat,
2452 2882 2569 2937 litr.
2628 2884 2684 2940 5.
2760 2887 3064 2955 Strategus
3136 2883 3659 2954 Cibyrrhasotarum

2023 2969 2186 3026 litras
2210 2973 2296 3027 10.
2334 2973 2634 3044 Strategus
2663 2974 2818 3027 Sami
2862 2973 2978 3026 litr.
3031 2973 3096 3027 10
3143 2973 3440 3042 Strategus
3481 2971 3660 3028 maris

2022 3059 2195 3130 ΛΕρωὶ
2225 3060 2342 3114 litr.
2377 3061 2463 3113 10.
2497 3061 2742 3131 Strategi
2775 3060 3103 3116 Occidentis
3131 3076 3247 3115 non
3296 3059 3661 3130 accipiebant

2024 3164 2217 3219 rogas,
2237 3149 2375 3219 quia
2392 3149 2846 3204 consuetudines
2869 3162 3024 3203 unus
3044 3163 3246 3204 eorum
3261 3146 3505 3218 quisque
3527 3163 3661 3202 suas

2025 3238 2325 3292 annuatim
2357 3251 2388 3291 e
2421 3253 2524 3292 suo
2553 3236 2807 3293 themate
2857 3237 3095 3293 ferebat.
3129 3236 3280 3290 Sunt
3333 3241 3527 3290 autem
3577 3235 3660 3290 illi

2026 3329 2350 3392 sequentes.
2385 3325 2688 3395 Strategus
2720 3325 3126 3396 Peloponnesi.
3160 3325 3461 3395 Strategus
3491 3323 3662 3379 Nico-

2025 3413 2243 3482 poleos.
2278 3413 2580 3484 Strategus
2612 3413 2873 3469 Helladis
2919 3429 3020 3469 seu
3079 3413 3330 3469 Graecisa.
3363 3413 3663 3482 Strategus

2027 3499 2259 3553 Siciliae.
2312 3501 2613 3570 Strategus
2669 3502 3030 3570 Lagobardie
3081 3517 3181 3556 seu
3225 3500 3658 3570 Longobardias.

2026 3585 2327 3654 Strategus
2360 3586 2710 3655 Strymonis.
2752 3587 3053 3656 Strategus
3091 3585 3471 3657 Cephaleniaa.
3505 3585 3663 3639 Stra-

2025 3676 2192 3743 tegus
2213 3671 2981 3742 ThessalonicesStrategus
2996 3670 3664 3743 Dyrrhachii.Strategus

1947 3760 1989 3827 C
2028 3759 2346 3815 Dalmatiae.
2380 3759 2684 3831 Strategus
2715 3759 3045 3815 Chersonis.

2025 3865 2200 3927 Index
2239 3881 2452 3934 eorum,
2508 3864 2606 3937 qui
2659 3881 2770 3921 non
2825 3873 3079 3921 tenentur
3136 3881 3194 3922 in
3249 3863 3661 3935 expeditionem

2085 3943 2135 3992 et
2163 3942 2341 3992 castra
2370 3939 2472 4003 ire,
2502 3940 2716 4008 quando
2745 3939 3018 3992 tirenatus
3048 3938 3111 4006 ﬁt
3157 3953 3254 3992 seu
3288 3938 3510 4008 juvenis
3554 3938 3662 3991 mi-

2095 4009 2224 4063 litia
2252 4008 2314 4062 in
2343 4007 2523 4062 unum
2547 4013 2732 4063 coacta
2749 4010 2924 4064 locum
2943 4009 3211 4064 solemnia
3240 4007 3300 4062 in
3326 4007 3663 4063 armisezer-

2093 4081 2229 4134 citia
2258 4080 2410 4146 facit.

2097 4185 2376 4241 Cubiculo
2405 4187 2664 4257 ascripti.
2698 4186 2805 4252 Qui
2828 4187 2899 4241 ad
2941 4185 3214 4242 basilicus
3263 4185 3352 4241 vel
3398 4185 3658 4245 caesaria-

2028 4292 2134 4331 nos
2174 4275 2467 4346 pertinent
2495 4293 2508 4342 ;
2543 4275 2645 4346 qui
2677 4276 2748 4330 ad
2785 4291 3057 4346 magnam
3080 4274 3376 4331 hetmriam
3403 4294 3418 4343 ;
3451 4274 3553 4342 qui
3585 4275 3657 4329 ad

2029 4363 2277 4419 mediam
2311 4364 2602 4418 hetaeriam
2629 4381 2642 4431 ;
2669 4362 2769 4434 qui
2800 4362 2873 4418 ad
2907 4364 3201 4435 Farganos
3225 4383 3239 4431 ;
3265 4363 3364 4434 qui
3386 4363 3459 4418 ad
3482 4364 3664 4435 priva-

2027 4457 2147 4506 tam
2181 4467 2440 4506 mensam
2475 4470 2489 4518 ;
2524 4452 2623 4522 qui
2655 4453 2725 4506 ad
2757 4451 3420 4523 archontogennemata;
3455 4451 3554 4522 qui
3587 4453 3660 4508 ad

2033 4540 2319 4610 privatum
2339 4541 2677 4595 vestiarium
2697 4558 2710 4609 ;
2727 4542 2826 4612 qui
2844 4541 2913 4596 ad
2935 4545 3230 4612 sceptrum
3252 4541 3664 4612 Augustas,qui

2031 4627 2446 4698 adimperialcs
2459 4633 2736 4685 stratores
2766 4629 3214 4700 velequisones;
3248 4631 3347 4699 qui
3374 4630 3446 4683 ad
3477 4629 3663 4700 impe-

2032 4717 2203 4774 riales
2233 4717 2470 4774 clericos
2502 4717 2722 4789 palatii.
2758 4717 2965 4775 Clerici
2997 4733 3116 4774 neas
3147 4734 3250 4775 seu
3284 4735 3440 4774 novae
3478 4717 3665 4773 eccle-

1295 4900 1487 4956 JOAN.
1529 4899 1673 4953 JAC.
1717 4896 1974 4952 REISKII
2015 4891 2604 4948 COMMENTARIUS.

339 5055 454 5124 (95)
485 5055 586 5109 Est
618 5054 770 5110 idem
804 5069 869 5108 ac
904 5053 949 5107 si
982 5053 1347 5107 diceremus:
1383 5047 1590 5124 hicvel
1627 5047 1722 5124 ille
1754 5045 1904 5124 acc_i_-
1941 5048 1984 5112 ι)
2019 5041 2330 5124 multarum
2350 5042 2581 5124 orbium
2600 5042 3666 5124 nomineobtinet,formaruntquoque

269 5116 355 5197 pit
376 5116 659 5197 salarium
685 5141 866 5197 suum
890 5140 953 5197 ex
983 5125 1326 5197 Λαπίθαι-εει]
1357 5138 1431 5197 ex
1480 5120 1578 5174 illo
1604 5116 1906 5197 tribunali,

2017 5113 2252 5191 κῴμεως
2304 5115 2360 5168 in
2393 5115 2530 5191 _hac
2598 5115 3038 5191 compositione.
3099 5109 3475 5191 Aeovtqmbp'q
3511 5109 3666 5163 Λέον-

268 5181 364 5251 ubi
397 5195 697 5267 vectigalia
758 5194 1136 5265 recipiuntur.
1181 5181 1526 5267 ’Κουμὲρκιον
1589 5189 1909 5267 est‘ipsum

2032 5181 2360 5267 τόπολιςκεξδι
2390 5181 2745 5267 in_then_iate'
2766 5185 3023 5267 Lycaudi.
3049 5200 3149 5237 seu
3197 5187 3255 5237 in
3292 5181 3536 5267 Isauria.

268 5262 706 5334 commercium,
735 5262 1082 5331 mercatura,
1127 5262 1441 5336 negotiatio
1490 5271 1544 5336 et
1585 5262 1906 5336 portoriu_m

307 5356 369 5394 ro
427 5329 753 5409 importatis
809 5343 912 5409 aut
965 5329 1280 5409 exp—artatis
1337 5329 1670 5409 mercibus;
1723 5329 1906 5409 v..Du

307 5356 369 5394 1⁵0
427 5354 753 5409 tmportatls
809 5354 910 5391 αυι
965 5354 1280 5404 exportatls
1337 5354 1670 5398 merclous;
1725 5354 1774 5383 ν.
1821 5354 1903 5384 υυ

265 5354 456 5479 Sango
480 5411 550 5464 ad
585 5409 742 5465 Alex.
769 5424 826 5478 p.
855 5408 982 5463 315.
1018 5406 1376 5479 Κουμέρκιον-
1403 5407 1499 5456 τοῦ
1519 5398 1903 5479 -πανηγυείου,

263 5472 495 5554 vectigal
529 5472 938 5554 nundindrum,
971 5472 1260 5554 est_a'pud
1317 5475 1651 5554 Theophau.
1689 5472 1901 5554 ρβθρτ

261 5544 582 5622 ϐυῌῖοικρ.
610 5553 736 5607 725.
781 5544 1200 5607 commercium
1252 5546 1509 5605 nonnihil
1561 5563 1595 5601 a
1641 5544 1904 5616 vectigali

263 5621 496 5694 diiierre
525 5621 833 5678 monstrat.
1047 5692 1056 5694 Α
1172 5690 1181 5694 _
1272 5691 1282 5694 Α
1437 5686 1471 5694 __
1847 5685 1856 5694 .

338 5691 451 5763 (96)
475 5694 557 5748 Ad
613 5694 858 5749 formam
889 5690 1318 5748 terminationis
1377 5686 1617 5752 πόλεως,
1664 5703 1788 5758 quae
1844 5686 1902 5740 in

2092 5256 2204 5325 (97)
2237 5255 2578 5312 Tironatum
2613 5257 2707 5311 hic
2757 5255 2884 5325 esse
2931 5258 3066 5324 puto
3117 5269 3231 5308 non
3277 5259 3498 5308 statum
3554 5267 3658 5325 seu

2019 5323 2412 5382 conditionem
2432 5328 2662 5392 tironis,
2681 5327 2780 5381 sed
2807 5323 3126 5380 solemnem
3151 5338 3525 5395 congressum
3552 5323 3662 5378 mi-

2017 5397 2153 5452 litiae
2178 5399 2338 5453 rudis
2362 5408 2415 5452 et
2444 5414 2628 5467 nuper
2649 5395 2986 5462 conscriptas
3005 5395 3075 5450 ad
3099 5396 3430 5467 condictum
3447 5395 3657 5467 locum,

2017 5477 2077 5524 ut
2109 5469 2447 5524 tirocinium
2480 5464 2561 5522 ibi
2593 5473 2804 5534 ponant
2833 5481 3028 5520 coram
3079 5469 3325 5536 stratego
3374 5464 3656 5519 thematis

2016 5544 2072 5596 et
2100 5540 2507 5595 dexteritatem
2532 5537 2774 5591 suamin
2801 5536 3087 5590 tractandi
3108 5539 3289 5592 armis
3312 5541 3652 5592 monstrent.

2085 5612 2195 5681 (98)
2231 5610 2456 5666 Poterat
2500 5623 2734 5680 quoque
2778 5604 3204 5681 ἱπποκρατορας.
3250 5608 3310 5664 In
3361 5611 3656 5662 membra-

2015 5682 2107 5736 nis
2145 5679 2267 5737 erat
2300 5679 2531 5751 ἱπποκρ.
2557 5695 2687 5735 cum
2718 5698 2746 5730 τ
2772 5679 3245 5750 superimposito.
