4088 6316
214 312 237 372 ί
248 315 364 373 289

1018 309 1120 369 DE
1163 308 1628 371 CERIMONIIS
1673 309 1909 370 AULAE
1953 308 2420 371 ΒΥΖΑΝΤΙΝιΕ
2463 313 2612 374 LIB.
2662 313 2738 374 ΙΙ.

3455 265 3609 382 ιρρό

113 464 150 516 ς...
205 443 401 516 ἕτοιμά
433 441 554 510 εἰσι,
587 439 678 496 καὶ
726 435 870 514 λάϐῃ
916 441 978 494 τὸ
1030 446 1297 507 Paratus,
1340 441 1679 518 εἰσέρχονται
1711 443 1847 495 κατὰ

1975 441 2110 498 nica.
2145 445 2356 500 Parata
2387 449 2443 501 in
2471 447 2624 502 hunc
2648 448 2882 503 modum
2917 449 3116 506 omnia
3146 443 3275 508 esse
3301 451 3502 508 videns
3534 454 3611 509 si-

92 563 144 607 υτ
204 537 267 589 τὸ
317 527 437 596 ἔθος
505 532 557 584 οἱ
599 531 896 603 πατρίκιοι.
960 531 1097 584 Εἶτα
1161 527 1438 607 ἐξέρχεται
1491 531 1518 583 6
1571 529 1848 604 βασιλεὺς,

91 643 149 694 ετ..
205 620 537 678 καῖ’ίσταται
578 619 630 674 ἐν
682 624 761 690 τῷ
814 618 960 691 μὲσῳ
1005 620 1100 671 τοῦ
1153 616 1398 690 μεγάλου
1427 618 1728 692 τρικλίνου,
1761 619 1851 673 καὶ

95 754 121 787 με
207 713 376 768 πάντα
431 710 635 784 γίνεται
697 708 770 769 ὡς
849 705 900 760 ἐν
976 705 1370 780 κονσιστωρίῳ,
1428 707 1518 759 καὶ
1577 705 1853 784 ἐξέρχεται

96 850 134 876 ιτ·
208 799 631 876 δηριγευόμενος
691 793 779 850 διὰ
833 802 934 864 τῆς
998 795 1334 870 βαλνιαρίας,
1392 796 1480 850 καὶ
1542 795 1670 849 ὅταν
1719 793 1854 870 ἔλθῃ

207 892 347 945 δπου
410 889 461 941 o't
519 882 830 941 κανδιδάτοι
887 884 953 940 τά
1014 883 1158 939 ὅπλα
1205 889 1490 959 κρατοῦσιν
1521 885 1588 952 το,
1640 883 1748 938 ἐκεῖ
1806 885 1858 938 οἱ

92 967 144 1053 γ’
204 973 480 1053 τριϐοῦνοι
543 979 640 1030 τοῦ
705 974 1028 1048 πραισὲντου
1085 977 1484 1049 προσκυνοῦσιν
1540 973 1724 1042 αὐτὸν,
1769 972 1858 1027 καὶ

98 1057 138 1133 ’ξ
201 1069 291 1123 σὺν
365 1065 552 1125 αὐτοῖς
611 1065 639 1118 6
695 1065 1058 1137 πριμικήριος
1115 1068 1222 1116 τῶν
1304 1062 1660 1135 δομεστίκων.
1722 1062 1860 1119 Εἶτα

191 1156 397 1212 ἐκεῖθεν
467 1152 774 1231 εἷ’σὲρχεται
841 1151 917 1216 εἷς
979 1153 1072 1206 τὸν
1136 1149 1501 1226 ἱππόδρομον,
1582 1153 1670 1206 καὶ
1750 1149 1861 1206 ἐκεῖ

194 1245 586 1317 προσκυνεῖται
637 1239 739 1293 ὑπὸ
787 1242 892 1293 τῶν
947 1235 1288 1310 δομεστίκων
1335 1239 1424 1293 καὶ
1467 1237 1856 1313 προτηκτόρων

194 1334 302 1405 ἅμα
388 1327 604 1402 εἰσέλθῃ
669 1329 769 1397 τήν
839 1326 1024 1400 θύραν,
1092 1325 1180 1381 καὶ
1251 1324 1676 1401 δηριγευόμενος
1717 1324 1860 1400 ἐξέρ-

193 1439 350 1495 χεται
427 1416 527 1486 ἔξω
583 1420 679 1470 τοῦ
727 1412 1104 1490 ἱπποδρόμου,
1156 1420 1264 1469 τῶν
1312 1412 1498 1469 ἵππων
1551 1413 1862 1486 ἑλκομένων

92 1487 120 1518 εἴ
190 1487 418 1582 έμπρός
466 1507 656 1574 αὐτοῦ,
710 1503 799 1557 καὶ
857 1487 1143 1579 ἀνέρχεται
1215 1503 1290 1564 εἰς
1347 1503 1409 1557 τὸ
1469 1499 1685 1577 ὄχημα.
1759 1503 1860 1558 Καὶ

91 1653 108 1676 ὲ
186 1600 342 1657 ἓκαστ
373 1621 430 1661 ος
479 1602 585 1653 τῶν
636 1595 915 1672 ἀρχόντων
965 1597 1104 1652 κατὰ
1156 1596 1302 1666 τάξιν
1349 1594 1500 1667 φιλεῖ
1545 1595 1612 1650 τὰ
1663 1597 1864 1672 γόνατα

105 1693 109 1698 ⁷
191 1689 398 1757 αὖτοῦ,
424 1687 513 1743 καὶ
550 1687 683 1761 μετὰ
725 1687 930 1749 πάντας
979 1688 1006 1740 6
1057 1684 1300 1761 ἔπαρχος
1348 1690 1456 1740 τῶν
1487 1683 1863 1761 πραιτωρίων,

100 1814 106 1844 ;
190 1781 260 1841 ὡς
306 1776 566 1833 ὂηείλων
621 1773 939 1850 συγκαθίσαι
981 1773 1151 1846 αὐτῷ,
1199 1777 1285 1828 καὶ
1334 1773 1607 1848 ἐπιτρέπει
1641 1776 1668 1829 6
1703 1775 1858 1849 βασι·
1892 1811 1940 1876 Β

92 1925 102 1932 _
189 1867 332 1936 λεὺς,
426 1867 471 1921 εἰ
543 1863 828 1940 βούλεται,
893 1868 1009 1924 τοῖς
1069 1863 1302 1938 ἄρχουσι
1356 1865 1569 1918 καθίσαι
1613 1862 1685 1926 εἰς
1735 1863 1860 1924 τοὺς

94 1949 100 2032 ξ
184 1955 406 2016 ’ἵππους
455 1956 650 2024 αὐτῶν,
716 1953 805 2008 καὶ
863 1954 1147 2021 κάθηνται.
1198 1953 1259 2010 Ὀ
1311 1950 1368 2006 δὲ
1415 1951 1656 2026 ἔπαρχος
1716 1950 1868 2027 φιλεῖ

189 2046 311 2107 τοὺς
376 2041 546 2104 πόδας
576 2047 672 2098 τοῦ
729 2040 1024 2117 βασιλέως,
1076 2042 1164 2095 καὶ
1216 2041 1499 2116 ἀνέρχεται
1531 2040 1608 2102 εἷς
1638 2042 1735 2110 τήν
1767 2060 1865 2094 κα-

92 2128 108 2200 ί
195 2134 411 2210 ροῦχεαν
471 2132 531 2186 ἐκ
577 2135 678 2185 τοῦ
731 2131 1018 2204 ἀριστεροῦ
1064 2128 1287 2205 μὲρους,
1335 2130 1426 2184 καὶ
1466 2126 1707 2193 ’ίσταταμ
1773 2127 1864 2182 καὶ

198 2223 325 2278 ἐπὰν
399 2219 660 2293 ἐπιτρέψῃ
729 2219 877 2290 αὐτῷ
934 2218 1170 2288 καθίσαι,
1229 2218 1394 2273 πάλιν
1455 2217 1606 2295 φιλεῖ
1659 2217 1725 2270 τὰ
1769 2217 1863 2290 γό-

205 2334 336 2368 νατα
367 2311 535 2366 αὐτοῦ
579 2311 665 2364 καὶ
713 2310 963 2377 καθηται.
1017 2308 1121 2363 Καὶ
1171 2309 1198 2362 6
1243 2305 1488 2381 μουλίων
1523 2309 1601 2382 (4)
1625 2305 1863 2376 ἵσταται,

210 2403 322 2470 καὶ,
356 2401 488 2456 ἐπὰν
520 2397 775 2472 κελευθῇ,
808 2399 898 2452 καὶ
948 2397 1108 2459 αὐτὸς
1142 2396 1294 2474 φιλεῖ
1329 2399 1478 2452 κάτω
1509 2396 1635 2458 τοὺς
1666 2394 1862 2466 πόδας,

209 2493 300 2547 καὶ
345 2489 598 2559 κάθηται.
654 2489 997 2560 Ἕμπροσθεν
1064 2483 1121 2540 δὲ
1188 2485 1542 2560 βαστάζουσιν
1590 2487 1617 2540 6
1662 2505 1867 2558 κουρο-

101 2577 113 2653 ξ
212 2581 467 2649 πάλάτης
515 2579 560 2612 ⁷¹
610 2577 699 2631 καὶ
749 2576 777 2630 6
823 2573 1133 2649 δηκουρίων
1185 2578 1258 2648 (5)
1305 2576 1372 2629 τὰ
1422 2580 1600 2650 χρυσᾶ
1648 2570 1863 2650 ῥαϐδία.

92 2671 113 2744 ρ
213 2667 574 2737 Ἐκατέρωθεν
628 2663 685 2719 δὲ
735 2665 973 2737 κόμητες
1030 2661 1279 2738 σχολῶν,
1328 2663 1420 2725 οὓς
1479 2663 1539 2717 ἂν
1599 2662 1865 2735 κελεύσει,

212 2750 673 2830 παραόαδίζουσιν
719 2757 1042 2825 κρατοῦντες
1089 2751 1157 2804 τὰ
1209 2750 1362 2824 μῆλα
1408 2757 1509 2818 τῆς
1565 2748 1864 2823 καρούχας.

215 2846 317 2902 Καὶ
350 2843 479 2898 ἐπάν
521 2843 814 2920 φθάσουσιν
852 2841 930 2902 εἰς
977 2840 1046 2895 τὰ
1097 2838 1275 2914 ὀῤῥία,
1326 2845 1544 2914 πρῶτον
1595 2839 1649 2892 οἱ
1696 2832 1865 2911 ἔπαρ-

210 2953 308 3008 χοι
339 2930 720 3006 κατέρχονται,
747 2931 838 2984 καὶ
867 2930 991 2983 τότε
1042 2930 1070 2983 6
1121 2925 1409 2998 δεσπότης.
1444 2929 1531 2989 Ὡς
1563 2925 1617 2981 δὲ
1648 2926 1864 2999 εἰσέλθῃ

212 3021 289 3082 εἷς
341 3021 406 3075 τὰ
455 3019 634 3097 ὀρῥία,
683 3020 888 3087 ἀπαντᾷ
938 3018 1085 3089 αὐτῷ
1134 3021 1316 3095 φορῶν
1350 3014 1541 3070 λευκὸν
1578 3012 1866 3089 χλανίδιον

212 3110 240 3163 6
280 3111 459 3182 κόμης
507 3115 614 3163 τῶν
667 3107 865 3181 όρῥίων
916 3109 988 3178 (6)
1037 3106 1126 3161 καὶ
1182 3105 1273 3160 σὺν
1321 3105 1472 3177 αὐτῷ
1519 3105 1546 3158 6
1599 3105 1866 3178 νουμεράο

1963 532 2267 590 lentiarius
2301 541 2363 590 ut
2395 537 2638 608 [editum
2671 555 2702 593 a
2734 541 3066 611 praposito]
3087 543 3344 611 accepit:
3378 565 3405 593 ‹‹
3428 543 3609 598 Para-

1963 625 2058 676 tus
2085 644 2112 671 η
2139 623 2324 693 [puta,
2349 624 2800 695 imperatorjam
2824 627 2956 698 est],
2983 628 3204 684 intrant
3225 631 3309 698 [in
3335 646 3614 701 magnum

1968 711 2308 782 triclinium]
2346 713 2611 783 patricii:
2645 715 2776 769 dein
2809 717 3103 786 egreditur
3131 718 3186 788 [θ
3215 718 3486 774 cubiculo
3524 719 3615 774 vel

1967 803 2184 853 castone
2212 801 2342 871 suo]
2374 800 2691 872 imperator
2721 805 2788 858 ad
2820 805 3078 860 medium
3112 823 3293 877 usque
3334 823 3614 879 magnum

1967 886 2312 954 triclinium,
2350 890 2445 944 ubi
2478 891 2763 960 consistit,
2788 893 3050 964 ﬁuntque
3081 895 3278 951 omnia
3310 900 3374 951 ut
3398 897 3458 951 in
3485 913 3620 952 con-

1968 974 2199 1029 sistorio
2228 994 2243 1044 ;
2270 985 2324 1031 et
2352 978 2486 1033 dein
2506 981 2622 1034 exit
2652 980 2708 1034 in
2731 998 3034 1051 procerum
3054 984 3331 1040 comitatu
3365 1000 3467 1056 per
3487 985 3618 1041 bal-

1970 1063 2237 1118 nearium
2265 1069 2354 1119 vel
2389 1065 2683 1133 balneum,
2731 1074 2788 1123 et
2834 1071 3064 1140 quando
3115 1072 3256 1128 illuc
3284 1075 3616 1144 accesserit,

1972 1152 2072 1206 ubi
2101 1158 2259 1208 stant
2289 1155 2584 1210 candidati
2629 1157 2688 1211 in
2719 1161 2920 1227 armis,
2956 1161 3037 1216 ibi
3069 1163 3292 1219 tribuni
3326 1167 3618 1235 praesentis

1971 1241 2206 1313 [nempe
2251 1242 2472 1298 militiae
2517 1249 2620 1299 aut
2683 1247 3020 1318 comitatus]
3069 1251 3314 1307 adorant
3358 1269 3513 1318 eum,
3563 1261 3616 1309 et

1971 1350 2106 1388 cum
2143 1335 2253 1405 ipsi
2286 1335 2656 1406 primicerius
2685 1337 3161 1398 domesticorum.
3185 1345 3321 1398 Inde
3345 1346 3524 1400 intrat
3552 1346 3612 1402 in

1974 1423 2216 1490 circum,
2247 1428 2305 1478 et
2333 1424 2412 1480 ibi
2446 1425 2722 1481 adoretur
2755 1443 2787 1481 a
2825 1427 3159 1484 domesticis
3189 1435 3246 1485 et
3276 1433 3615 1501 protectori—

1974 1512 2108 1577 bus,
2141 1527 2272 1566 cum
2325 1512 2582 1582 primum
2616 1515 2820 1585 pedem
2869 1515 2928 1570 in
2977 1517 3105 1586 ejus
3136 1521 3304 1588 porta
3333 1521 3616 1589 posuerit.

1973 1601 2110 1656 Inde
2140 1601 2258 1656 exit
2291 1601 2348 1656 in
2380 1603 2659 1657 comitatu
2711 1619 3010 1673 procerum
3045 1621 3074 1661 e
3104 1606 3276 1674 circo,
3309 1608 3472 1679 equis
3501 1608 3615 1664 im-

1974 1689 2290 1761 perialibus
2323 1689 2550 1746 interim
2602 1707 2799 1746 coram
2829 1692 2953 1759 ipso
2995 1709 3174 1749 manu
3207 1697 3530 1766 productis,
3564 1701 3622 1752 et

1975 1779 2239 1834 ascendit
2269 1779 2327 1833 in
2361 1778 2726 1834 carrucham.
2756 1782 2904 1838 405
2944 1785 3006 1836 In
3039 1797 3106 1837 ea
3137 1784 3415 1839 residenti
3447 1801 3617 1840 oscu-

1978 1868 2174 1923 lantur
2187 1868 2528 1923 accedentes
2547 1884 2646 1938 pro
2660 1869 2938 1940 gradibus
2953 1871 3300 1940 dignitatum
3317 1888 3617 1942 procerum

1977 1956 2195 2028 singuli
2218 1972 2428 2027 genua,
2453 1961 2508 2011 et
2529 1965 2858 2028 postremus
2882 1958 3032 2014 idem
3061 1959 3193 2014 facit
3211 1961 3494 2031 eparcbus
3514 1977 3617 2018 seu

1976 2047 2286 2118 praefectus
2319 2045 2742 2115 praetoriorum,
2765 2051 2830 2101 ut
2860 2047 2959 2118 qui
2983 2048 3219 2103 domino
3242 2049 3300 2102 in
3323 2065 3497 2104 curru
3525 2066 3617 2105 as-

1975 2135 2162 2189 sidere
2195 2133 2381 2188 debet.
2417 2133 2494 2188 Eo
2525 2133 2789 2190 absoluto
2820 2135 3033 2202 ofﬁcio,
3081 2137 3180 2191 dat
3209 2137 3535 2208 imperator,
3568 2138 3620 2194 si

1975 2221 2116 2291 vult,
2152 2222 2486 2292 proceribus
2516 2224 2742 2280 veniam
2776 2225 2835 2280 in
2859 2241 3038 2296 equos
3059 2242 3197 2282 suos
3218 2225 3615 2283 inscendendi.

1977 2311 2285 2367 Praefectus
2333 2315 2522 2366 autem
2575 2313 3001 2382 praetoriorum,
3051 2315 3349 2370 osculatus
3397 2314 3621 2371 domini

1975 2417 2190 2470 genua,
2221 2400 2484 2454 ascendit
2513 2401 2570 2455 in
2595 2403 2958 2467 carrucbam,
2975 2403 3076 2458 sed
3099 2420 3129 2457 a
3153 2403 3393 2458 sinistro
3416 2404 3619 2474 latere,

1975 2493 2032 2544 et
2064 2489 2334 2542 subsistit
2355 2489 2412 2542 in
2445 2504 2509 2543 ea
2539 2497 2653 2543 tam
2689 2489 2786 2544 diu
2819 2496 3065 2558 erectus,
3091 2492 3274 2547 donec
3308 2491 3622 2562 imperator

1975 2576 2329 2648 ipsiveniam
2347 2577 2688 2632 considendi
2711 2578 3308 2650 dederit.Priusquam
3333 2595 3465 2636 vero
3489 2597 3622 2635 con-

1979 2667 2163 2722 sideat
2185 2665 2569 2736 ille,osculatu
2580 2684 2605 2720 r
2619 2668 2872 2722 secunda
2892 2667 3014 2724 vice
3028 2667 3104 2722 im
3116 2669 3393 2738 peratoris
3407 2686 3618 2741 genua.

1978 2755 2200 2810 Pariter
2230 2760 2343 2810 stat
2375 2771 2566 2810 coram
2599 2755 2946 2826 imperatore
2970 2756 3149 2812 mulio
3180 2757 3257 2825 [id
3290 2764 3376 2812 est
3397 2758 3619 2830 equiso,

1978 2841 2204 2914 auriga]
2233 2861 2247 2911 ;
2281 2843 2378 2913 qui
2400 2842 2698 2898 considere
2721 2844 2949 2912 jussus,
2976 2843 3322 2915 priusquam
3346 2846 3403 2900 id
3427 2846 3618 2912 faciat,

1976 2930 2126 2985 imos
2159 2931 2333 3000 pedes
2354 2930 2723 3002 imperatoris
2755 2931 3072 2988 osculatur.
3103 2935 3312 2987 Coram
3344 2934 3626 2989 carrucha

1980 3019 2217 3088 praeferu
2230 3023 2290 3072 nt
2319 3019 2686 3090 cur0pa|ates
2716 3024 2772 3074 et
2802 3020 3033 3075 decurio
3055 3021 3247 3091 virgas
3270 3037 3478 3077 aureas
3504 3041 3518 3089 ;
3552 3022 3622 3077 ad

1978 3111 2286 3176 utrumque
2317 3105 2568 3160 vehiculi
2621 3107 2774 3161 latus
2805 3111 2998 3162 autem
3031 3108 3335 3164 ambulant
3383 3107 3621 3164 comites

216 3219 330 3273 ριος
377 3200 474 3269 (7),
523 3197 613 3251 καὶ
663 3193 976 3249 ἐπιδίδωσιν
1019 3195 1165 3265 αὐτῷ
1229 3197 1328 3264 τήν
1365 3198 1562 3270 γνῶσιν
1599 3197 1695 3248 τοῦ
1723 3193 1869 3247 ἀπο-

1983 3173 2339 3261 scholarum,
2355 3211 2504 3267 quos
2525 3195 2838 3266 imperator
2851 3195 3151 3268 delegerit,
3170 3199 3437 3252 tenentes
3453 3212 3626 3268 poma

211 3285 464 3357 κειμένου
541 3284 718 3348 σίτου,
775 3283 867 3336 καὶ
925 3281 1295 3358 περιέρχεται,
1351 3284 1443 3335 καὶ

217 3378 310 3427 Δεῖ
359 3369 416 3426 δὲ
463 3369 895 3444 παρακολουθεῖν
939 3370 1018 3439 τῷ
1070 3367 1285 3440 βασιλεῖ
1342 3368 1430 3420 καὶ
1491 3368 1868 3440 ἀρχιτέκτονα,

215 3457 330 3530 ἵνα,
365 3458 452 3512 ἐὰν
498 3456 704 3530 θελήσῃ
754 3453 1278 3530 πληροφορηθῆναι,
1327 3453 1372 3506 εἰ
1416 3457 1534 3512 ταῖς
1582 3451 1871 3522 ἀληθείαις

216 3550 480 3608 τοσοῦτος
541 3550 690 3607 σῖτος
757 3543 1060 3609 ἀπόκειται,
1135 3543 1378 3614 μετρήσῃ
1439 3541 1467 3594 6
1532 3539 1869 3614 ἀρχιτέκτων

217 3637 347 3696 τοὺς
375 3637 601 3705 τόπους,
634 3634 726 3695 οὓς
772 3630 832 3686 ἂν
887 3628 1073 3706 συνίδῃ
1116 3631 1143 3684 6
1186 3627 1462 3704 βασιλεὺς,
1494 3629 1583 3683 καὶ
1618 3626 1740 3701 εἷ’πῃ
1770 3629 1872 3682 αὐ-

219 3730 300 3795 τῷ
349 3724 412 3780 τὰ
461 3723 684 3794 ἀληθὲς.
741 3721 844 3778 Καὶ
899 3720 1251 3794 ἐξερχόμενος
1317 3715 1507 3772 διδωσι
1554 3722 1634 3788 τῷ
1663 3718 1872 3790 κόμητι

1522 3283 1621 3355 ὁρᾷ
1676 3281 1867 3338 πάντα.

218 3819 328 3870 τῶν
383 3812 580 3889 ὀῤῥίων
629 3810 987 3885 τετρογώνιον
1038 3811 1113 3882 (8)
1163 3806 1364 3881 λιτρῶν
1417 3803 1564 3877 δέκα,
1613 3807 1705 3860 καὶ
1741 3805 1875 3889 λὸλο-

223 3907 450 3976 σήρικον
523 3900 823 3976 στιχάριον,
891 3898 979 3953 καὶ
1044 3901 1122 3968 τῷ
1186 3895 1531 3970 νουμεραρίῳ
1587 3895 1655 3948 τὰ
1714 3894 1870 3952 αὐτὰ.

223 3992 326 4050 Καὶ
378 3993 579 4046 ἓκεῖθεν
644 3987 874 4060 ἐξελθὼν
937 3986 1221 4062 ἀνέρχεται
1294 3985 1368 4045 εἰς
1419 3985 1482 4039 τὸ
1521 3983 1736 4058 ὄχημα,
1785 3984 1874 4039 καὶ

223 4079 391 4137 πάλιν
449 4081 500 4134 οἱ
545 4078 781 4154 ἔπαρχοι
829 4074 1190 4151 συγκάθηνται
1239 4073 1305 4128 τά
1353 4071 1522 4146 ὅμοια
1570 4077 1872 4142 ποιοῦντες,

1982 3285 2107 3354 [seu
2141 3284 2342 3354 globos
2375 3283 2700 3338 metallicos
2732 3283 2791 3339 in
2823 3285 3014 3354 aditu]
3064 3285 3382 3340 carruchis.
3425 3288 3502 3340 Ea
3529 3302 3624 3340 ra-

1980 3371 2137 3424 tione
2160 3375 2223 3424 ut
2249 3376 2590 3440 perventum
2613 3371 2772 3426 estin
2791 3371 3022 3436 horrea,
3046 3372 3350 3430 descendit
3371 3371 3625 3442 primum

1983 3458 2290 3525 prefectus
2312 3459 2551 3512 domino
2573 3459 2890 3512 identidem
2914 3459 3194 3525 assidens,
3218 3461 3351 3515 dein
3375 3461 3624 3530 impera-

1982 3549 2093 3609 tor,
2125 3544 2218 3598 cui
2250 3543 2310 3598 in
2344 3543 2548 3598 horrea
2578 3544 2818 3598 intranti
2843 3545 3065 3599 obviam
3097 3545 3144 3599 it
3174 3563 3366 3601 comes
3402 3546 3628 3602 horreo-

1983 3648 2132 3700 rum,
2160 3648 2365 3702 gerens
2396 3631 2702 3686 candidam
2737 3633 3014 3698 tunicam,
3048 3637 3105 3687 et
3152 3650 3286 3688 cum
3318 3649 3385 3688 eo
3418 3651 3626 3688 nume-

1984 3721 2198 3776 rarius.
2231 3720 2448 3774 Nactus
2469 3721 2539 3774 ab
2562 3737 2628 3775 eo
2651 3721 2860 3775 comite
2884 3722 3196 3792 imperator
3216 3722 3480 3777 notitiam
3507 3723 3626 3776 fru-

1985 3808 2168 3864 menti
2198 3808 2257 3862 in
2294 3809 2513 3862 horreis
2544 3809 2791 3877 depositi
2821 3814 2879 3864 et
2927 3811 3232 3878 asservati,
3274 3810 3624 3865 circumam-

1984 3898 2149 3952 bulat
2178 3903 2233 3953 et
2261 3897 2474 3953 lustrat
2510 3897 2728 3966 omnia,
2761 3913 2960 3954 secum
2993 3898 3216 3954 habens
3245 3899 3498 3968 aliquem
3530 3915 3627 3954 ar-

1985 3988 2317 4055 chitectum,
2351 3987 2451 4059 qui
2504 3988 2740 4043 domino
2787 3988 3061 4060 cupiente
3109 3992 3264 4044 certo
3307 3988 3625 4057 explorare,

1986 4094 2124 4133 num
2159 4093 2352 4133 revera
2393 4081 2557 4132 tanta
2605 4077 2778 4144 adsit,
2831 4083 3046 4147 quanta
3094 4077 3451 4148 perhibetur,
3501 4077 3629 4131 fru-

1571 4199 1806 4256 VARIE
1860 4202 2277 4260 LECTIONES.

299 4299 346 4336 7°
374 4300 584 4356 ΣΧΟΛ.
617 4298 715 4349 τοῦ
745 4294 1039 4369 παρόντος.
1115 4294 1154 4328 ⁷¹
1191 4291 1393 4348 ΣΧΟΛ.
1425 4290 1453 4343 ὁ
1489 4285 1812 4364 βουλευτής.

1265 4388 1461 4444 JOAN.
1503 4387 1642 4443 JAC.
1686 4388 1954 4444 REISKII
1995 4387 2584 4444 COMMENTARIUS.

307 4488 386 4556 (4)
418 4485 582 4556 Melie
604 4484 781 4556 etiam
811 4497 914 4553 pro
943 4478 1456 4556 equisone‘dicitur.
1505 4477 1874 4556 Lamprid,i_n
1908 4479 2114 4544 Ddios
2148 4477 2423 4556 frumenti
2454 4476 2605 4546 quod
2649 4476 2708 4530 in
2763 4476 2966 4556 horrea
3003 4477 3384 4556 inferebatur,
3433 4481 3491 4532 et
3537 4493 3632 4532 ex-

235 4553 562 4615 Alexandro
595 4554 823 4619 Severo,
853 4558 898 4606 t.
952 4553 996 4618 Ι,

1032 4569 1088 4622 p.
1120 4552 1246 4618 990,
1293 4551 1391 4603 ubi
1425 4550 1598 4622 mulis
1629 4557 1684 4602 et
1713 4550 1878 4617 equis

237 4629 527 4685 muliones
556 4618 816 4687 tantum,
838 4639 952 4677 non
1000 4618 1287 4676 muliones
1326 4624 1382 4674 et
1427 4618 1764 4690 equisones,
1822 4627 1883 4673 ut

241 4703 540 4762 curatores
571 4686 854 4749 attribuit.
886 4694 1066 4746 Etiam
1098 4693 1156 4762 in
1198 4691 1422 4762 Glossis
1451 4686 1540 4744 est
1573 4686 1883 4762 μουλάρας,

239 4761 610 4844 ἱπποφόρϐος,
659 4762 1052 4838 κτηνοτρόφος,
1101 4758 1420 4827 ἀναοολεύς,
1471 4762 1642 4816 mulio
1689 4758 1890 4832 super-

245 4840 615 4898 iumehlarius
635 4844 859 4892 strator.

317 4914 395 4982 (5)
429 4911 650 4979 Ergone
681 4915 821 4982 tunc
848 4904 1129 4982 temporis
1178 4902 1373 4982 adhuc
1409 4902 1888 4982 decurionesapf

243 4974 622 5056 pellebantur
650 4979 776 5033 CPli
807 4974 1079 5056 consules
1110 4983 1165 5028 et
1188 4976 1512 5056 .sena‘tores
1543 4974 1894 5056 lurbaniz'ut

241 5043 367 5110 vult
397 5051 766 5116 Scholiastes,
797 5050 898 5118 qui
932 5043 1232 5121 [39013313]:
1278 5043 1694 5121 interpretatur
1715 5043 1742 5096 ‘?
1786 5043 1896 5121 Yix

244 5130 472 5198 putem.
498 5121 706 5198 Potius
725 5112 1185 5198 probabiiemihi
1217 5120 1305 5198 est
1325 5112 1776 5198 silentiariorum
1802 5116 1898 5198 de:

249 5183 524 5254 curiones
554 5192 641 5248 vel
677 5183 925 5245 decanos
974 5189 1068 5242 hic
1101 5186 1364 5254 intelligi,
1419 5184 1520 5250 qui
1551 5183 1726 5236 iidem
1761 5189 1900 5239 sunt

249 5275 426 5338 atque
458 5262 773 5338 primicerii
807 5259 1264 5338 silentiariorum
1292 5273 1392 5337 ;.v.
1423 5254 1718 5338 Vales._ad
1756 5257 1897 5338 Am:

253 5329 729 5397 mianCMarcell.
766 5350 821 5404 p.
868 5333 992 5386 261i.
1044 5329 1508 5384 Silentiariorum
1551 5330 1746 5381 autem
1779 5331 1902 5381 erat

261 5425 472 5466 aureas
502 5409 694 5478 virgas
725 5405 1014 5478 praaferre.
1099 5472 1112 5478 _
1391 5468 1400 5478 _
1630 5467 1641 5478 _

337 5481 412 5549 (6)
434 5468 634 5549 νιάωὶι
651 5468 864 5530 similis
888 5472 1364 5549 munerisLatgue
1391 5468 1730 5549 horrearius
1748 5470 1902 5549 apud

260 5539 758 5619 Ag‘neltumﬂide
780 5545 1126 5619 Mural,_Scr.
1154 5543 1218 5597 R.
1243 5539 1446 5619 Italic”
1473 5549 1509 5593 ι.
1536 5539 1606 5602 lI,
1635 5557 1688 5610 p.
1714 5541 1831 5594 100.

331 5615 422 5688 ’(7)
439 5618 672 5673 Videtur
695 5616 1007 5673 numerarii
1029 5630 1243 5671 numus
1257 5613 1437 5668 fuisse
1459 5626 1764 5667 numerare
1788 5627 1909 5667 mo-

545 5744 803 5802 ΡΑτιιοι..
849 5743 964 5800 Gs.
1011 5740 1193 5800 CXII.

1991 4565 2201 4618 pensas
2260 4547 2319 4601 in
2378 4564 2672 4602 annonam
2734 4547 2986 4602 militum
3048 4548 3301 4619 pariter;
3357 4565 3412 4604 v.
3459 4564 3638 4619 supra

1997 4621 2152 4674 dicta
2180 4619 2250 4672 ad
2287 4635 2340 4687 p.
2375 4619 2494 4672 140.

2067 4691 2143 4760 (8)
2175 4689 2458 4760 Fuitcum
2484 4694 2768 4759 putarem,
2793 4688 2902 4760 hoc
2922 4689 3205 4744 vocabulo
3227 4689 3636 4757 apocombium

2001 4779 2099 4816 seu
2133 4759 2424 4831 sacculum
2479 4761 2727 4813 sericum
2778 4759 3068 4831 designari
3117 4760 3174 4814 in
3210 4760 3453 4815 formam
3486 4775 3634 4828 qua-

2001 4830 2410 4901 drangularem
2435 4835 2742 4901 consutam
2766 4835 2822 4901 et
2838 4830 3287 4894 contormatum,
3307 4831 3400 4901 cui
3430 4831 3638 4901 insutis

2002 4899 2197 4958 essent
2221 4901 2420 4955 decem
2439 4900 2562 4954 auri
2587 4900 2746 4954 Iitraa.
2772 4900 2980 4956 Verum
3006 4902 3055 4956 si
3089 4901 3147 4956 in
3180 4899 3640 4955 numismatibus

2004 4991 2104 5029 seu
2164 4971 2366 5026 solidis
2413 4971 2798 5026 constiterunt
2845 4972 2952 5027 illa!
3000 4973 3195 5027 decem
3246 4970 3408 5036 lilraa,
3460 4969 3640 5026 nimis

2005 5042 2244 5114 grandis
2274 5042 2456 5097 evasit
2483 5041 2582 5114 illa
2622 5042 2886 5114 bursula,
2932 5047 2996 5098 ut
3037 5058 3163 5114 quae
3213 5042 3401 5114 decies
3427 5040 3498 5094 74
3530 5056 3641 5114 nu-

2009 5111 2284 5171 mismata
2314 5129 2416 5167 seu
2446 5113 2553 5168 740
2589 5113 2944 5167 numismata
2973 5113 3313 5168 contineret.
3342 5111 3550 5166 Littras
3580 5111 3642 5165 in

2007 5186 2254 5255 integris
2285 5185 2409 5238 auri
2446 5183 2656 5238 massis
2694 5199 2869 5238 cusas
2919 5183 3118 5255 fuisse,
3167 5181 3641 5255 quandoquidem

2011 5250 2164 5312 mihi
2186 5271 2295 5309 non
2331 5260 2576 5321 constat,
2599 5255 2863 5324 quamvis
2883 5250 3200 5308 admodum
3233 5250 3527 5324 probabile
3549 5251 3640 5315 sit,

2010 5329 2070 5382 in
2102 5327 2278 5380 dubio
2313 5323 2654 5394 relinquam.
2691 5324 2888 5378 Putem
2923 5324 3095 5394 igitur
3139 5323 3356 5391 potius,
3389 5327 3648 5392 tetrago-

2014 5399 2176 5452 nium
2201 5397 2309 5452 hoc
2333 5392 2506 5450 fuisse
2529 5410 2782 5447 massam
2807 5392 3034 5447 auream
3057 5392 3115 5447 in
3134 5398 3375 5447 monetae
3399 5394 3644 5446 formam

2015 5485 2214 5524 cusam
2249 5471 2444 5520 decem
2482 5464 2640 5517 lilras
2672 5464 3038 5529 pendentem.
3072 5464 3204 5530 Sed,
3239 5468 3303 5518 ut
3333 5478 3532 5517 verum
3567 5463 3649 5516 fa-

2016 5545 2160 5607 tear,
2194 5555 2309 5593 non
2336 5536 2520 5590 habeo
2543 5534 2880 5607 exemplum
2895 5551 3100 5589 massa:
3125 5535 3181 5589 in
3216 5549 3526 5607 nummum
3548 5549 3652 5588 cu-

2018 5629 2094 5666 sis
2128 5605 2314 5666 forma
2343 5607 2624 5678 quadrata
2655 5605 2807 5677 apud
2840 5605 3070 5662 Graecos
3099 5609 3201 5661 aut
3230 5606 3544 5661 Romanos.

3258 5733 3331 5791 41
