4088 6316
274 335 427 395 1293

1115 337 1216 396 DE
1259 335 1727 398 CERIMONIIS
1773 335 2010 398 AULIE
2051 336 2521 398 BYZANTIN/E
2563 337 2711 400 LIB.
2759 338 2842 400 II.

3516 340 3689 404 1294·

269 462 743 540 ἐκπληρώσωμεν.
796 463 1028 520 Πολλῶν
1092 465 1194 542 γάρ
1262 463 1430 520 ὄντων
1498 466 1586 522 καὶ
1657 466 1910 544 μεγάλων

2044 468 2380 526 tatisfacere.
2415 469 2701 527 Diffusum
2733 465 2792 528 et'
2822 487 2994 544 grave
3023 476 3080 529 et
3101 472 3410 531 obscurum
3433 489 3582 547 opus
3602 476 3672 530 de

269 559 378 608 τῶν
422 555 572 628 ποιρά
608 558 728 616 τοῖς
771 553 1027 632 ἀρχαίοις
1067 553 1530 629 καταλειφθέντων
1571 557 1915 630 ἀξιωμάτων,

271 643 460 715 πολλή
493 665 551 699 τε
594 645 684 698 καὶ
737 643 947 720 μεγάλη
997 644 1086 698 καὶ
1133 641 1444 714 δύσληπτος
1493 647 1528 713 ἡ
1573 646 1695 720 περὶ
1745 647 1920 701 αὐτῶν

274 733 509 811 ὑπάρχει
543 735 821 812 σαφήνεια.
875 733 974 788 Καὶ
1030 731 1132 806 γὰρ
1181 732 1236 786 αἱ
1287 730 1495 787 πολλαὶ
1538 737 1646 787 τῶν
1677 735 1920 806 ἀξιωμά-

271 845 378 878 των
413 822 816 898 ἀμαυρωθεῖσαι
847 828 925 895 τῷ
977 824 1163 897 χρόνῳ
1211 822 1604 896 προσκλήσεις,
1637 823 1781 878 ἀλλά
1812 825 1918 895 μὴν

273 913 365 967 καὶ
413 917 578 967 πᾶσαι
636 913 691 966 αἱ
751 912 868 986 μετ’
926 911 1125 974 ἐκείνας
1184 910 1542 990 ἐφευρεθεῖσαι
1600 911 1924 984 ἀξιωμάτων

277 999 532 1078 διαφοραὶ
578 1001 837 1076 σύγχυσίν
887 1021 1009 1056 τινα
1053 1001 1470 1077 παρεισάγουσιν
1516 1007 1618 1070 τῆς
1665 995 1922 1074 ἀκριϐοῦς

275 1089 452 1144 αὐτῶν
503 1088 887 1163 καταλήψεως.
937 1089 1042 1145 Καὶ
1090 1087 1276 1159 ἐπειδὴ
1323 1091 1426 1158 τήν
1474 1091 1742 1162 ἡμετέραν
1771 1089 1924 1162 ἀμά-

274 1179 418 1233 θειαν
484 1184 584 1246 τῆς
654 1172 916 1253 ἀκριϐοῦς
982 1178 1189 1233 τούτων
1243 1178 1602 1251 καταλήψεως
1649 1178 1750 1246 τήν
1795 1198 1928 1253 συγ-

276 1268 491 1344 γραφὴν
556 1266 903 1342 έξῃτήσασθε,
955 1265 1077 1322 ὅσον
1138 1271 1218 1338 τῷ
1262 1271 1338 1339 νῷ
1385 1264 1642 1341 ἀμυδρῶς
1704 1264 1763 1320 ἐκ
1819 1269 1927 1320 τῶν

276 1356 469 1427 πρώην
517 1354 841 1430 ἐγκειμένων
889 1359 998 1427 (13)
1045 1355 1136 1410 καὶ
1197 1357 1286 1411 νῦν
1336 1355 1724 1430 πραττομένων
1774 1374 1930 1429 περι-

277 1441 464 1501 λαϐεῖν
528 1444 909 1517 ἠδυνήθημεν,
956 1449 1024 1520 τῇ
1106 1445 1337 1518 ὑμετέρᾳ
1407 1445 1566 1522 φιλίᾳ
1624 1448 1928 1524 περιφανῶς

277 1533 612 1609 έκτιθέμεθα.
664 1531 878 1592 Είδέναι
931 1535 1036 1610 γὰρ
1087 1535 1228 1608 ὑμᾶς
1285 1534 1619 1609 βουλόμεθα,
1669 1534 1714 1588 ὦ
1753 1533 1928 1612 φίλοι,

277 1622 362 1680 ὅτι
406 1629 549 1679 πᾶσα
603 1625 697 1697 μὲν
745 1635 959 1698 τεχΑιυν
1012 1621 1292 1696 ἐπιστήμη
1345 1624 1482 1697 πρός
1527 1644 1577 1676 τι
1625 1619 1927 1697 εὔχρηστον

275 1712 434 1776 τέλος
482 1717 589 1768 τῶν
635 1711 688 1767 ἐν
736 1717 816 1784 τῷ
869 1713 975 1788 βίῳ
1028 1713 1369 1782 συνέστηκεν.
1411 1713 1474 1768 Ἡ
1523 1710 1580 1767 δὲ
1626 1716 1732 1766 τῶν
1780 1711 1930 1784 ἀρτι-

2027 557 2118 612 his
2147 557 2302 614 clare
2333 559 2723 633 distincteque
2765 577 3071 633 exponere,
3113 577 3244 618 cum
3284 578 3398 618 non
3438 567 3669 619 tantum

2026 648 2290 720 plurimae
2304 650 2658 720 dignitatum
2673 669 2706 706 a
2718 651 3006 707 veteribus
3020 653 3089 708 ad
3108 657 3369 723 posteros
3383 653 3675 708 transmis-

2027 751 2222 791 sarum
2257 754 2530 808 processu
2579 740 2852 810 temporis
2900 741 3288 797 obsoleveriut
3322 766 3336 808 ;
3370 743 3469 796 sed
3498 743 3670 796 etiam

2027 841 2228 880 omnes
2279 828 2554 899 deinceps
2593 832 2924 898 excogitatae
2966 837 3023 886 et
3061 832 3396 886 introductae
3433 831 3672 886 diversis

2031 913 2346 983 dignitates
2376 917 2664 974 turbelam
2697 919 2875 974 simul
2904 920 3248 987 luvexeriut,
3279 936 3485 992 eoque,
3527 935 3675 991 quo-

2031 1001 2228 1055 minus
2257 1009 2411 1058 recte
2443 1006 2661 1077 percipi
2699 1023 2791 1063 res
2823 1009 3027 1080 possit,
3067 1009 3347 1066 ofﬁciant.
3384 1009 3673 1073 Quoniam

2029 1088 2213 1160 igitur
2227 1090 2297 1146 ab
2311 1089 2545 1162 ingenio
2559 1099 2756 1151 nostro
2773 1098 2904 1152 rudi
2927 1098 3192 1168 quamvis
3213 1101 3271 1154 et
3292 1114 3496 1170 parum
3520 1112 3679 1154 exer-

2033 1178 2204 1234 citato
2237 1181 2614 1251 scriptiouem
2647 1183 2783 1240 huic
2812 1187 2894 1240 rei
2917 1186 3132 1243 clarius
3154 1188 3538 1259 intelligenda
3561 1188 3681 1245 uti-

2031 1267 2144 1323 lem
2179 1268 2504 1338 ﬂagitastis,
2536 1270 2832 1328 voluimus
2864 1274 2971 1330 hoc
3001 1277 3278 1346 opusculo
3302 1281 3588 1349 quantum
3609 1293 3680 1332 ex

2034 1356 2296 1414 obscuris
2327 1359 2580 1431 vestigiis
2610 1364 2873 1415 veterum
2904 1363 3280 1420 traditionum
3300 1365 3509 1422 litteris
3535 1381 3678 1422 con-

2035 1445 2395 1513 signatarum
2422 1455 2476 1503 et
2498 1448 2912 1505 hodieruarum
2938 1454 3424 1508 consuetudinum
3447 1455 3700 1526 assequi

2037 1535 2359 1605 potuimus,
2391 1541 2591 1592 vestrae
2622 1538 2892 1594 charitati
2923 1555 3226 1610 exponere.
3261 1541 3324 1596 In
3346 1543 3680 1599 universum

2035 1621 2098 1677 id
2129 1639 2162 1678 a
2189 1623 2352 1679 vobis
2383 1625 2562 1681 teneri
2595 1626 2791 1694 velim,
2818 1632 2882 1682 ut
2907 1629 3170 1684 omnium
3195 1628 3411 1684 artium
3433 1631 3683 1700 cognitio

2035 1712 2106 1768 ad
2138 1713 2313 1768 ﬁnem
2345 1713 2598 1785 aliquem
2631 1731 2769 1772 usus
2799 1717 2886 1772 sui
2918 1717 2977 1771 iu
3009 1719 3383 1788 quotidiauas
3411 1719 3682 1776 humana:

275 1803 480 1858 κλινῶν
533 1802 810 1875 ἐπιστήμη
879 1800 933 1855 ἐν
983 1798 1162 1856 οὐδενὶ
1213 1800 1371 1874 ἄλλῳ
1423 1802 1468 1837 ⁷⁴
1511 1802 1574 1856 τὸ
1623 1797 1928 1875 εὔχρηστον

2044 1800 2166 1896 vitae
2198 1819 2288 1858 res
2319 1802 2716 1874 implicantem
2749 1805 2954 1873 tendit,
2987 1808 3137 1861 407
3171 1807 3252 1864 ita
3281 1824 3512 1880 quoque
3545 1808 3685 1863 arti-

274 1890 566 1960 δείκνυσιν,
600 1889 726 1946 ἀλλ’
772 1891 808 1960 ἢ
857 1889 909 1946 έν
939 1894 1020 1962 τῷ
1066 1891 1209 1962 τάξει
1258 1891 1348 1945 καὶ
1379 1889 1622 1945 συστάσει
1652 1891 1743 1944 καὶ
1775 1890 1930 1964 ἀκρι-

272 1976 365 2036 ϐεῖ
408 1977 641 2035 διαθέσει
683 1980 778 2042 τὰς
842 1984 950 2035 τῶν
997 1979 1322 2051 ἀξιωμάτων
1377 1977 1636 2056 διαφορὰς
1687 1976 1933 2033 διαστέλ-

270 2067 391 2128 λειν
437 2071 498 2124 ⁷⁸.
553 2069 647 2124 Καὶ
695 2070 800 2144 γὰρ
850 2073 994 2123 πᾶσα
1067 2069 1382 2146 περιφάνεια
1457 2068 1577 2142 βίου
1626 2068 1660 2137 ἢ
1714 2065 1930 2136 ἔνδοξος

271 2159 601 2232 ἀξιωμάτων
671 2158 792 2228 ἀξία
851 2156 905 2212 ἐν
975 2155 1155 2212 οὐδενὶ
1199 2157 1358 2230 ἄλλῳ
1405 2163 1520 2219 τοῖς
1585 2158 1782 2231 ὁρῶσιν
1848 2156 1935 2210 ἐν-

275 2246 575 2316 δείκνυται,
629 2247 756 2302 ἀλΛ’
819 2247 855 2315 ἢ
926 2245 978 2301 έν
1029 2249 1098 2320 τῇ
1148 2246 1344 2316 κλήσει
1391 2253 1490 2315 τῆς
1541 2243 1932 2322 προκαθεδρίας

275 2343 384 2407 τῆς
433 2336 485 2392 έν
534 2340 602 2410 τῇ
669 2335 898 2410 λαμπρᾷ
959 2334 1196 2409 τραπέζῃ
1267 2335 1356 2389 καὶ
1406 2337 1760 2410 περιποθήτω
1813 2355 1936 2390 συν-

281 2423 519 2482 εστιάσει
570 2429 678 2480 τῶν
730 2426 1062 2498 σοφωτάτων
1109 2427 1270 2497 ἡμῶν
1323 2423 1612 2498 βασιλέων.
1666 2425 1728 2480 Εἰ
1769 2422 1825 2479 δέ
1851 2445 1935 2486 τις

281 2514 345 2571 ὲκ
407 2522 507 2584 τῆς
583 2517 744 2588 ἡμῶν
822 2513 1142 2586 ἀπροσεξίας
1209 2511 1516 2586 έπεσφαλὴς
1577 2513 1935 2589 προσγένηται

282 2605 548 2679 σύγχυσις
595 2608 714 2666 τοῖς
766 2602 1076 2676 βασιλικοῖς
1120 2603 1480 2676 κλητωρίοις,
1531 2601 1592 2656 οὖ
1646 2603 1810 2676 μόνον
1839 2603 1936 2663 τὰς

281 2697 392 2747 τῶν
427 2689 729 2766 βασιλικῶν
775 2691 1098 2764 ἀξιωμάτων
1144 2690 1338 2766 ἀρετάς
1386 2689 1762 2765 καταρῥιπτεῖ,
1791 2689 1940 2746 ἀλλά

283 2780 376 2835 καὶ
428 2783 575 2853 ἡμᾶς
623 2780 820 2841 αὐτοὺς
880 2777 1316 2853 καταγελάστους
1382 2779 1470 2834 καὶ
1532 2779 1791 2855 ἀχρείους
1836 2785 1937 2848 τῆς

287 2867 562 2930 διακονίας
607 2869 918 2943 παρίστησι.
972 2868 1066 2922 Διὸ
1130 2869 1248 2937 οὖν,
1312 2867 1610 2942 ἀγαπητοὶ,
1663 2865 1744 2922 δεῖ
1791 2870 1938 2940 ἡμᾶς

283 2956 336 3013 ἐν
387 2961 454 3032 τῇ
505 2957 728 3032 τοιαύτῃ
782 2956 1058 3033 λαχόντας
1108 2954 1379 3018 διακονίας
1418 2960 1671 3032 προσοχῇ
1706 2955 1938 3030 μελέτης

282 3048 370 3102 καὶ
415 3047 726 3122 ἐπιστήμης
757 3047 851 3110 τὰς
899 3051 1005 3102 τῶν
1053 3047 1377 3121 ἀξιωμάτων
1429 3047 1824 3124 κυριοκλησίας
1886 3045 1937 3100 ἐν

279 3143 360 3210 τῷ
407 3137 593 3210 οἶκείῳ
645 3135 732 3192 νοΐ
783 3139 1157 3214 περιγράφειν,
1206 3139 1293 3192 καὶ
1345 3137 1439 3202 εἶθ’
1489 3136 1661 3199 οὕτως
1710 3136 1806 3199 τὰς
1846 3133 1940 3189 αὐ-

282 3230 389 3282 τῶν
452 3222 737 3298 διαιρέσεις
799 3225 886 3278 καὶ
955 3222 1348 3298 ὑποδιαιρέσεις
1393 3227 1482 3281 καὶ
1541 3220 1781 3300 ἀκριϐεῖς
1846 3245 1941 3278 συ-

287 3313 497 3374 στάσεις
543 3313 800 3388 έκφωνεῖν
850 3312 940 3365 καὶ
986 3312 1306 3375 ἐκτίθεσθαι.
1365 3313 1526 3370 Ἀλλ’
1575 3315 1792 3385 ἐπείπερ
1843 3313 1938 3374 τὰς

285 3405 393 3456 τῶν
422 3400 668 3475 ἀρχαίων
701 3398 932 3460 ἐκθέσεις
983 3400 1115 3473 οὐχὶ
1159 3399 1351 3468 πάσας,
1400 3398 1526 3452 ἀλλ’
1579 3403 1705 3460 ὅσας
1738 3403 1765 3454 ὁ
1801 3403 1942 3473 χρὸ-

289 3509 380 3550 νος
449 3487 846 3562 ἀμαυρωθῆναι
923 3485 1196 3556 ἐποίησεν,
1265 3485 1442 3540 ἑκοντὶ
1493 3484 1939 3561 παρεδράμομεν,

287 3579 416 3655 φέρε
462 3575 529 3645 δή
580 3577 675 3638 τὰς
728 3575 816 3631 ἐπὶ
862 3579 968 3630 τῶν
1049 3572 1316 3650 βασιλέων
1367 3577 1554 3648 ἡμῶν,
1589 3574 1818 3636 Λέοντος
1851 3575 1942 3629 καὶ

287 3663 670 3740 Ἀλεξάνδρου,
721 3664 1123 3741 γνωριζομένας
1185 3685 1243 3719 τε
1308 3665 1421 3736 ἅμα
1485 3661 1576 3718 καί
1632 3663 1943 3738 πραττομέ-

285 3777 379 3817 νας
455 3757 530 3819 ὡς
605 3754 657 3810 ἐν
740 3755 964 3814 πίνακος
1023 3754 1168 3826 τάξει
1235 3750 1500 3828 στιχηδὸν
1569 3753 1940 3825 ὑποτάξωμεν.

289 3849 541 3918 Ποιῶμεν
575 3841 633 3899 δὲ
661 3847 846 3913 τοῦτο,
879 3842 988 3917 οὐχ
1017 3841 1213 3904 ὡς.τᾶς
1260 3846 1368 3896 τῶν
1414 3841 1661 3916 ἀρχαίων
1699 3861 1941 3918 συγγρα-

287 3934 390 4013 φάς
454 3934 862 4006 ἀνατρέποντες,
914 3929 1058 3987 ἀλλὰ
1112 3931 1207 3995 τάς
1261 3932 1385 4006 περὶ
1433 3930 1640 3986 τούτων
1708 3929 1942 3995 ἐκθέσεις

286 4023 362 4084 ὡς
411 4021 462 4077 ἐν
515 4023 656 4092 τάξει
725 4020 948 4076 κανόνος
996 4024 1240 4076 τυπῶσαι
1310 4017 1724 4090 σπουδάζοντες,
1791 4020 1942 4082 ὅπως

290 4113 368 4184 μή
422 4111 585 4184 μόνον
638 4113 688 4166 οἱ
738 4109 860 4185 περὶ
925 4113 1094 4165 ταῦτα
1156 4107 1520 4188 ἐσχολακότες
1577 4110 1674 4178 τήν
1740 4109 1936 4184 εὐχερῆ

284 4200 491 4255 τούτων
541 4198 849 4274 κατάληψιν
895 4196 1126 4274 ἔχωσιν,
1183 4197 1330 4253 ἀλλά
1376 4199 1466 4254 καὶ
1515 4199 1570 4251 οἱ
1620 4196 1740 4253 λίαν
1787 4197 1942 4272 ἆμα-

284 4292 500 4362 θεῖςτῷ
537 4295 715 4364 μικρῷ
762 4289 941 4361 τούτῳ
989 4287 1172 4343 κανόνι
1220 4288 1479 4357 έπομενοι
1529 4285 1939 4356 εὐκατάληπτον

286 4379 377 4433 καὶ
421 4386 562 4455 σαφῆ
611 4381 710 4448 τήν
763 4381 887 4452 περί
937 4379 1034 4439 τάς
1086 4378 1262 4446 τάξεις
1329 4376 1617 4450 εὑρίσκωσι
1684 4395 1942 4450 πραγμα-

285 4467 454 4522 τείαν.
511 4467 586 4522 Οὐ
632 4467 734 4540 γὰρ
784 4463 990 4522 δίκαιον
1070 4464 1377 4540 ἐκρίναμεν,
1440 4465 1566 4527 τοὺς
1634 4465 1710 4536 μή
1778 4468 1943 4519 ταῦτα

2041 1888 2323 1947 clinorum
2371 1893 2676 1949 scientiam
2723 1896 2897 1949 tinem
2942 1895 3153 1951 habere
3191 1912 3390 1965 suum,
3428 1897 3570 1953 etin
3618 1912 3686 1952 eo

2041 1979 2291 2035 maxime
2321 1979 2413 2036 sui
2445 1982 2582 2037 dare
2613 1999 2789 2037 usum
2821 1986 2996 2054 atque
3029 1984 3378 2055 exemplum,
3413 1985 3567 2056 quod
3590 2001 3687 2039 ac-

2041 2067 2338 2124 curatioue
2360 2069 2556 2125 stricta
2579 2071 2895 2142 dignitates
2916 2071 3059 2127 aulai
3084 2071 3340 2128 diversas
3355 2088 3689 2144 suoquam-

2044 2173 2157 2227 que
2189 2157 2406 2224 ordine,
2440 2174 2676 2231 corpore
2702 2159 2898 2216 etloco
2921 2159 3472 2233 dispescit.Illustris
3493 2161 3687 2218 omnis

2041 2246 2159 2301 vita
2198 2263 2528 2320 munusque
2566 2265 2736 2304 omne
2782 2249 2974 2316 glorise
3024 2250 3262 2322 plenum
3311 2251 3372 2306 in
3422 2250 3582 2306 nulla
3629 2266 3688 2306 re

2046 2352 2107 2391 se
2139 2335 2323 2406 magis
2354 2337 2667 2409 spectabile
2697 2339 3092 2410 spectantibus
3125 2339 3356 2396 exhibet
3386 2340 3690 2412 magisque

2045 2424 2178 2480 {erit
2197 2424 2417 2492 oculos,
2449 2442 2625 2496 quam
2650 2427 2696 2481 si
2721 2427 2948 2498 publica
2969 2445 3104 2484 voce
3127 2429 3446 2500 praecedere
3467 2435 3524 2484 et
3545 2445 3689 2501 pm-

2046 2514 2234 2569 sidere
2255 2514 2418 2570 alteri
2448 2515 2702 2572 inferiori
2718 2517 2870 2586 apud
2885 2517 3248 2587 splendidam
3265 2517 3522 2573 tabulam
3545 2533 3692 2588 epu-

2047 2602 2247 2674 lasque
2277 2603 2529 2658 multum
2557 2606 2838 2677 expetitas
2867 2606 3433 2677 sapientissimorum
3463 2611 3694 2663 nostro-

2050 2707 2181 2746 rum
2213 2692 2628 2762 imperatorum
2645 2694 2909 2764 jubetur.
2934 2694 2995 2750 Si
3027 2695 3164 2766 quid
3188 2711 3323 2767 ergo
3345 2697 3402 2752 in
3425 2696 3692 2768 angustis

2049 2780 2327 2836 conviviis
2368 2797 2466 2850 per
2513 2789 2772 2837 nostram
2811 2783 3124 2852 quamdam
3167 2782 3454 2838 incuriam
3491 2791 3545 2838 et
3583 2783 3696 2839 im-

2051 2869 2414 2939 prudentiam
2448 2868 2787 2925 obturbatur
2805 2875 3040 2942 peccetu
3051 2887 3212 2941 rque,
3235 2888 3302 2927 eo
3325 2887 3441 2926 non
3462 2875 3693 2928 tantum

2052 2957 2465 3030 proculcantur
2504 2957 2830 3014 officiorum
2872 2959 3153 3014 curalium
3193 2959 3457 3027 virtutes,
3499 2959 3602 3015 sed
3639 2963 3698 3016 et

2052 3045 2162 3115 ipsi
2191 3043 2469 3102 ridiculos
2501 3061 2606 3101 nos
2635 3053 2688 3102 et
2719 3046 2949 3118 ineptos
2980 3047 3302 3103 ministerio
3333 3045 3693 3103 exhibemus.

2051 3135 2436 3207 Quapropter,
2461 3133 2656 3202 amici,
2685 3139 2908 3207 oportet
2930 3151 3056 3202 nos,
3078 3133 3138 3191 iu
3163 3135 3292 3206 hoc,
3324 3137 3475 3207 quod
3502 3143 3700 3193 nostra

2054 3229 2206 3280 sorte
2259 3223 2426 3280 nobis
2471 3224 2728 3295 contigit,
2784 3225 3135 3282 constitutos
3163 3230 3324 3282 tanto
3355 3225 3696 3294 ministerio,

2053 3313 2306 3384 primum
2338 3311 2576 3383 quidem
2601 3317 2822 3368 attenta
2851 3330 2990 3368 cura
3021 3315 3345 3370 secundum
3366 3315 3509 3370 artis
3540 3315 3698 3386 leges

2053 3401 2248 3453 animo
2282 3400 2546 3471 proprias
2569 3399 2917 3472 dignitatum
2945 3401 3363 3473 appellationes
3387 3402 3694 3474 concipere

2055 3494 2223 3555 atque
2272 3487 2632 3553 conﬁrmare,
2675 3495 2794 3543 tum
2827 3505 2958 3544 vero
2998 3490 3345 3560 dignitatum
3378 3489 3694 3547 divisiones

2053 3576 2305 3643 majores
2334 3574 2700 3644 minoresque
2719 3581 2777 3631 et
2805 3592 2970 3631 veras
3003 3579 3255 3634 rationes
3278 3580 3585 3634 enuntiare
3605 3584 3694 3635 at-

2053 3677 2165 3733 que
2213 3676 2515 3732 exponere.
2545 3661 2830 3732 Antiquae
2877 3668 3071 3719 autem
3101 3682 3235 3720 cum
3268 3667 3696 3722 decreverimus

2052 3755 2341 3821 omittere,
2376 3771 2491 3809 non
2521 3754 2754 3824 quidem
2789 3772 3016 3823 omnes,
3057 3761 3116 3812 at
3144 3774 3242 3814 eas
3283 3763 3500 3827 tamen,
3547 3775 3697 3829 quas

2053 3849 2379 3914 temporum
2412 3844 2693 3899 decursus
2719 3844 2968 3914 caligine
2997 3849 3053 3901 et
3083 3845 3444 3918 ignoratione
3485 3847 3695 3918 sepeli-

2051 3930 2155 3998 vit,
2185 3949 2338 3987 euras
2369 3932 2536 3988 uobis
2567 3938 2689 3989 esto
2718 3949 2841 4000 eas,
2873 3949 2998 4004 quae
3031 3937 3291 4005 tempore
3320 3934 3696 3991 dominorum

2053 4021 2627 4087 uostrorum,Leouis
2645 4027 2701 4077 et
2719 4021 3054 4088 Alexandri,
3080 4022 3249 4078 clarae
3265 4023 3701 4094 exercitatusque

2054 4113 2307 4176 fuerunt,
2353 4125 2529 4165 uuam
2572 4117 2698 4180 post
2735 4109 2976 4166 alteram
3008 4110 3283 4166 continuo
3316 4110 3412 4165 ﬁlo
3444 4111 3600 4166 velut
3637 4112 3700 4167 in

2054 4198 2250 4255 tabula
2303 4212 2641 4268 pr0ponere.
2693 4198 2855 4262 Quod
2905 4214 2971 4253 eo
3022 4215 3138 4253 nou
3195 4197 3438 4253 facimus
3483 4199 3702 4265 animo,

2052 4292 2334 4357 tauquam
2359 4285 2692 4341 couvutsuri
2714 4294 2767 4340 et
2791 4286 3045 4341 eversuri
3068 4290 3326 4341 veterum
3341 4287 3580 4356 scripta,
3597 4285 3702 4342 sed

2055 4375 2423 4431 studebimus
2455 4375 2524 4430 de
2555 4374 2648 4430 his
2679 4375 2854 4430 rebus
2885 4379 3172 4446 praecepta
3199 4373 3434 4430 velutin
3456 4375 3699 4431 canonis

2059 4462 2358 4519 modulum
2394 4463 2655 4533 redigere
2688 4479 2838 4533 ;quo
2867 4479 2979 4519 non
3010 4464 3095 4518 illi
3118 4464 3468 4534 tantum,qui
3493 4463 3702 4520 iisdem

288 4549 530 4625 ἀκριϐῶς
577 4539 971 4625 ἐξησκημένους
1020 4553 1073 4608 ἐν
1246 4552 1472 4628 τοιαύτῃ
1524 4553 1785 4631 τετάχθαι
1839 4553 1934 4628 βα·

2045 4554 2169 4623 jam
2221 4570 2255 4608 a
2299 4553 2470 4624 longo
2512 4558 2772 4622 tempore
2813 4557 3190 4624 occupantur,
3230 4551 3460 4608 facilem
3499 4567 3700 4607 earum

291 4640 482 4715 σιλικῇ
516 4640 848 4714 λειτουργίᾳ,
896 4640 980 4695 ὅτι
1031 4639 1162 4696 οὐδὲ
1209 4642 1396 4718 ἀσόφῳ
1425 4641 1517 4696 καὶ
1547 4641 1751 4714 ἀμαθεῖ
1781 4643 1940 4714 βασι-

291 4729 382 4785 λεῖ
427 4728 755 4801 παρεστάναι
803 4731 965 4800 ἡμεῖς
1023 4731 1450 4804 εὖμοιρήσαμεν,
1503 4728 1650 4784 ἀλλά
1695 4729 1833 4784 πάνυ
1881 4749 1944 4805 γε

291 4817 590 4899 σοφωτάτῳ
621 4815 712 4872 καὶ
762 4814 918 4892 λόγῳ
957 4817 1044 4871 καὶ
1094 4811 1239 4891 ἔργῳ
1284 4822 1353 4892 τῇ
1406 4815 1607 4874 ἄνωθεν
1634 4819 1824 4894 χάριτι
1853 4837 1945 4872 τε-

2052 4644 2426 4711 couspectum
2460 4638 2908 4710 doctrinamque
2927 4639 3196 4708 habeant,
3221 4640 3318 4695 sed
3337 4644 3394 4694 et
3414 4639 3501 4694 vel
3526 4640 3700 4694 maxi-

2053 4745 2146 4783 me
2178 4728 2374 4798 rudes,
2409 4727 2724 4784 dummodo
2754 4728 3027 4799 exiguum
3046 4727 3207 4784 hunc
3233 4743 3513 4785 canonem
3541 4743 3706 4783 asse—

2054 4823 2306 4886 cteutur,
2339 4818 2707 4892 perspicuam
2738 4822 2795 4874 et
2831 4822 3006 4892 captu
3038 4819 3265 4876 facilem
3298 4818 3370 4874 de
3396 4816 3703 4873 ordinibus

1660 4961 1899 5017 VARI/E
1937 4960 2345 5016 LECTIONES.

363 5073 414 5108 ⁷⁴
454 5071 597 5128 ἄλλο
639 5073 765 5129 cod.
796 5077 854 5129 et
881 5071 999 5140 ed.;
1041 5073 1104 5127 ut
1133 5069 1311 5141 paulo
1341 5075 1489 5140 post.
1569 5067 1615 5104 ⁷⁸
1646 5063 1915 5122 διαστὲλει
1948 5069 2078 5125 cod.
2111 5071 2168 5124 et
2195 5068 2287 5124 ed.

1339 5195 1540 5254 JOAN.
1579 5195 1725 5252 JAC.
1773 5194 2034 5251 REISKII
2073 5197 2658 5255 COMMENTARIUS.

293 5315 545 5396 vnotqutx
575 5313 924 5396 φιλικῆς-καὶ
960 5312 1306 5396 εὐγνώμονος
1344 5309 1634 5396 διαθέσεως
1677 5310 1950 5396 οἰκείωσιν
2061 5317 2368 5384 gnatomm.
2399 5320 2588 5396 .Saape
2633 5314 2761 5396 novi
2813 5311 2990 5396 Graeci
3034 5308 3090 5396 έν
3139 5314 3204 5396 ϐξ
3242 5308 3332 5396 σόν
3378 5310 3706 5396 promisitque

297 5375 389 5444 κᾶἲ
421 5375 626 5444 έξςνοιάν
660 5375 995 5462 Tioiév‘h’fa‘lt'r;
989 5375 1203 5462 iiévo'tc
1219 5375 1692 5462 ἐπαγγελλομένη.
1727 5387 1804 5462 De
1844 5399 1953 5454 quo
2061 5375 2371 5458 usurpant.
2399 5387 2477 5462 ita
2499 5375 2812 5462 Ρποοορὶυε
2837 5383 3122 5462 p._83,ﬂtli,_
3138 5381 3230 5435 ed.
3257 5375 3536 5462 Hcs's'ch‘e‘l.
3563 5375 3702 5462 ἔνδε-

301 5463 458 5517 cultu
507 5463 625 5518 vid.
670 5457 948 5516 Goarﬂad
986 5457 1326 5526 Theophan.

305 5606 482 5660 Graec.
521 5605 577 5658 h.
612 5608 753 5673 mret
786 5603 974 5658 Latin.
1005 5618 1060 5656 v.
1095 5600 1401 5673 Aﬂ'ectz'vus.

378 5673 490 5745 (t3)
537 5674 642 5730 Est
677 5672 833 5730 idem
883 5682 1053 5743 atque
1092 5670 1482 5746 συγκειμένων,
1529 5671 1728 5726 litteris
1768 5671 1952 5726 consi-

1362 5455 1418 5526 p.
1462 5457 1586 5520 340,
1636 5455 1721 5510 Du
1764 5456 1954 5526 Cauge

300 5535 431 5590 CPli
477 5533 690 5590 Christ.
736 5532 836 5600 ΙΙΙ,
871 5547 920 5586 c.
964 5531 1054 5596 61,
1085 5529 1153 5584 ad
1187 5527 1652 5599 Alexiad.p.293,
1681 5531 1737 5583 et
1766 5527 1949 5583 Gloss.

2067 5449 2226 5528 σμον’
2254 5474 2356 5527 pro
2396 5449 2702 5523 σύνδεσμον
2727 5449 2950 5528 posuit.
2999 5452 3284 5528 Zosimus,
3332 5449 3537 5528 11119,
3645 5450 3702 5518 7,

2065 5519 2366 5600 spatiatus
2397 5543 2509 5600 ipro
2569 5519 2942 5600 συμπίπτειν..
2977 5521 3210 5577 Anthol.
3248 5538 3344 5600 Δρ-
3388 5521 3514 5600 296,
3565 5519 3702 5575 item

2065 5591 2120 5670 ρ’.
2154 5601 2276 5668 ⁵1⁸15,
2311 5591 2425 5654 υὺῖ
2440 5601 2529 5653 est
2559 5591 2724 5670 ὀφρῦς
2757 5591 3101 5658 ἔνεσπάσατο,
3133 5591 3480 5647 contrahebat
3508 5605 3702 5661 super-

2064 5670 2218 5727 cilia.
