4080 6300
342 476 499 537 1297

1117 504 1120 508 '
1197 484 1294 541 DE
1337 483 1798 544 CEHIMONIIS
1844 485 2079 545 AUL/E
2120 485 2608 546 BYZANTIN/E
2649 487 2794 547 LIB.
2842 487 2917 548 ΙΙ.

3601 497 3756 557 1398

351 627 582 683 quoque
617 613 706 668 bis
739 613 1074 684 suppositas
1105 623 1475 684 exsequente,
1509 616 1742 672 ordines
1771 635 1967 675 earum
2003 619 2276 677 distincte
2306 622 2654 691 declarante,
2686 627 2742 677 et
2781 623 3036 694 privatos
3067 625 3277 696 cuique
3325 643 3462 685 suos
3505 628 3754 688 honores

358 707 534 772 atque
566 704 978 776 prmrogativas
1028 702 1353 759 luculenter
1398 707 1661 762 docente.
1695 709 2032 778 Propositus
2061 709 2371 766 laterculus
2402 713 2592 768 tradet
2639 713 3176 784 contemplantibus
3206 716 3414 774 harum
3469 735 3664 776 rerum
3696 725 3754 776 et

353 790 572 845 claram
606 796 662 847 et
691 793 1116 861 comprehensu
1150 792 1400 863 facilem,
1435 799 1497 847 ut
1529 794 1902 860 introductio,
1938 797 2222 852 notitiam.
2257 801 2547 872 Quotquot
2575 817 2706 857 eum
2739 802 3084 874 inspicietis,
3128 807 3514 864 memineritis
3557 809 3748 866 velum

346 882 521 934 tenue
553 885 818 935 nostrum
853 883 1269 952 modicumque
1300 882 1560 937 studium
1595 900 1882 954 nusquam
1919 901 2032 940 non
2063 890 2356 943 assectari.

672 969 850 1043 Ἀρχῆ
879 976 981 1038 τῆς
1015 971 1320 1034 ὑποθέσεως
1347 975 1443 1026 τοῦ
1477 971 1667 1049 λόγου.

417 1058 534 1109 Τῶν
603 1054 904 1129 βασιλικῶν
954 1058 1276 1130 ἀξιωμάτων
1326 1060 1380 1113 αἱ
1429 1061 1618 1134 χάριτι
1657 1064 1790 1114 Θεοῦ
1845 1058 1994 1115 διδό-

350 1163 504 1214 μεναι
538 1141 757 1214 δωρεαὶ,
804 1145 880 1207 ὡς
928 1144 988 1200 ἐκ
1033 1151 1168 1201 Θεοῦ
1219 1149 1319 1215 τὴν
1374 1151 1553 1226 ψῆφον
1595 1144 1994 1222 λαμϐάνουσαι,

346 1230 434 1287 ἐπὶ
474 1235 570 1286 τοῦ
601 1233 749 1306 ἱεροῦ
780 1233 870 1288 καὶ
904 1235 1218 1307 θαυμαστοῦ
1255 1235 1545 1310 βασιλικοῦ
1597 1238 1846 1310 βήματος
1897 1241 1994 1291 τοῦ

350 1327 610 1397 λαμπροῦ
667 1327 1126 1399 χρυσοτρικλίνου
1185 1325 1244 1381 ἐκ
1305 1327 1502 1389 αἰσίαις
1552 1329 1785 1403 ἡμέραις
1849 1327 1994 1402 παρὰ

344 1414 452 1464 τῶν
501 1408 929 1484 θεοπροϐλήτων
981 1412 1248 1488 βασιλέων
1302 1422 1418 1480 τοῖς
1474 1415 1639 1488 ἀξίοις
1694 1412 1993 1490 βραϐεύον-

343 1521 454 1568 ται,
489 1497 752 1569 δηλονότι
803 1503 1158 1575 παρεστώσης
1217 1506 1430 1574 ἁπάσης
1483 1512 1583 1573 τῆς
1646 1506 1845 1576 τάξεως
1894 1509 1990 1560 τοῦ

340 1587 635 1662 βασιλικοῦ
701 1586 1096 1646 κουϐουκλείου
1153 1594 1242 1648 καὶ
1303 1595 1476 1648 αὐτῶν
1549 1601 1655 1650 τῶν
1720 1590 1986 1670 βραϐείων

339 1678 714 1752 προκειμένων
781 1681 1018 1751 πλησίον
1083 1689 1183 1751 τῆς
1237 1683 1525 1758 βασιλικῆς
1601 1683 1866 1754 ἐξουσίας.
1925 1685 1989 1739 Οἱ

341 1768 446 1842 γὰρ
493 1768 784 1840 μέλλοντες
840 1776 1026 1846 τυχεῖν
1085 1778 1184 1840 τῆς
1244 1773 1416 1828 αὐτῶν
1472 1772 1815 1846 ἀντιλήψεως
1874 1771 1983 1843 ἤδη

344 1858 857 1931 προευτρεπίζονται
962 1859 1065 1914 ὑπὸ
1157 1864 1254 1915 τοῦ
1345 1860 1673 1937 τεταγμένου
1771 1861 1988 1934 βασιλι-

341 1947 594 2017 κῶν(17)
645 1948 1135 2023 πρωτοσπαθαρίου
1194 1946 1292 2017 ἔξω
1357 1953 1453 2004 τοῦ
1525 1947 1702 2024 βήλου
1769 1948 1988 2004 ἐστολι-

338 2033 529 2105 σμένοι
563 2035 771 2108 ῥοαίοις
793 2037 1025 2109 σαγίοις.
1043 2041 1128 2095 Ἑν
1154 2035 1207 2092 δὲ
1231 2043 1297 2111 τῇ
1321 2038 1527 2093 τούτων
1554 2040 1826 2114 εἰσαγωγῇ
1855 2061 1986 2114 προ-

339 2124 777 2198 συνεισέρχονται
808 2129 886 2195 τῷ
937 2124 1208 2198 βασιλικῷ
1258 2127 1515 2201 ὀστιαρίῳ
1565 2127 1828 2200 ὁμότιμοι
1871 2133 1981 2182 τῶν

339 2211 658 2285 μελλόντων
697 2221 884 2290 τυχεῖν
935 2215 1279 2290 ἀντιλήψεως
1338 2215 1524 2290 ἄνδρες
1575 2218 1981 2294 σπαθαροφόροι

2018 978 2074 1043 Α

2379 980 2530 1033 409
2563 983 2795 1037 Initium
2823 983 3104 1039 tractandi
3131 989 3466 1056 argumenti.

2180 1064 2382 1120 Ofﬁcia
2414 1069 3096 1143 palatina,munera,quaa
3129 1078 3360 1147 proprie
3389 1077 3597 1132 divinis
3628 1077 3745 1134 cle-

2107 1153 2336 1206 mentia:
2368 1154 2674 1224 debentur,
2705 1159 2775 1212 ab
2809 1159 3277 1230 imperatoribus,
3307 1164 3501 1220 divina
3534 1167 3746 1222 consti-

2104 1241 2248 1296 tutis
2281 1243 2769 1314 aucteritate,Deo
2799 1247 2952 1302 velut
2980 1251 3262 1321 peripsos
3294 1253 3638 1325 suffragium
3662 1255 3743 1312 fe-

2103 1333 2286 1397 rente,
2318 1331 2377 1386 in
2411 1348 2577 1386 sacro
2625 1337 2683 1388 et
2726 1334 3055 1389 admirabili
3105 1338 3388 1408 imperiali
3439 1342 3740 1413 tribunali,

2103 1422 2258 1489 quod
2281 1422 2336 1476 in
2358 1421 2664 1493 splendido
2682 1423 3121 1495 chrysotriclino
3140 1429 3517 1500 conspicitur,
3534 1431 3742 1488 diebus

2102 1508 2466 1565 solemnibus
2489 1511 2870 1567 conferuntur
2890 1517 2952 1568 ut
2969 1516 3206 1585 praemia
3226 1517 3461 1573 virtutis
3479 1519 3535 1572 in
3561 1519 3744 1575 homi-

2101 1616 2207 1654 nes
2265 1602 2494 1672 dignos,
2554 1603 2754 1658 ordine
2798 1608 2919 1659 toto
2986 1606 3134 1661 sacri
3181 1597 3738 1678 cubiculi‘astante,

2097 1689 2360 1761 ipsisque
2398 1691 2714 1747 tribuendis
2744 1692 3032 1749 honorum
3067 1695 3398 1767 insignibus
3439 1715 3614 1768 penes
3645 1715 3740 1754 sa-

2097 1794 2254 1833 cram
2290 1781 2648 1850 majestatem
2682 1781 2740 1836 in
2787 1783 3091 1852 propatulo
3123 1785 3421 1855 expositis.
3474 1787 3605 1850 Quae
3636 1787 3738 1858 qui

2094 1869 2358 1938 adepturi
2389 1874 2714 1936 sunt,extra
2743 1870 2934 1925 velum
2969 1872 3148 1941 parati
3183 1878 3448 1930 tenentur
3478 1892 3511 1930 a
3542 1876 3737 1932 basili-

2095 1973 2291 2013 corum
2316 1959 2402 2013 vel
2422 1961 2870 2016 caesarianorum
2891 1963 3360 2032 protospatbario
3382 1980 3507 2018 eam
3529 1963 3588 2019 in
3613 1979 3733 2019 rem

2093 2045 2381 2116 delegato,
2413 2048 2571 2118 sagis
2604 2050 2797 2104 rubris
2831 2050 3039 2105 induti.
3071 2053 3218 2104 Ante
3246 2067 3378 2106 vero
3427 2066 3598 2123 quam
3632 2067 3731 2121 per

2090 2133 2283 2188 velum
2305 2134 3070 2206 introducantur,introeunt
3092 2138 3262 2194 simul
3291 2155 3423 2195 cum
3446 2138 3732 2209 imperiali

2092 2221 2329 2278 ostiario
2363 2228 2482 2279 tres
2512 2225 2617 2279 viri
2650 2225 2889 2297 spathas
2926 2230 3239 2294 gestantes,
3271 2227 3556 2299 dignitate
3584 2227 3729 2294 illis,

332 2307 497 2375 τρεῖς,
545 2303 634 2357 καὶ
682 2304 744 2356 τὸ
790 2304 1013 2373 σύνηθες
1063 2301 1220 2367 σέϐας
1271 2307 1602 2376 ποιήσαντες
1651 2305 1977 2378 ἀναμένουσι

417 2392 430 2408 κ
539 2393 553 2408 ι
599 2389 694 2408 ﬂ-‘
806 2392 820 2408 Ί
901 2398 927 2408 ~
1125 2396 1138 2408 ι
1294 2398 1320 2408 ιν
1411 2394 1424 2408 I
1621 2393 1631 2408 ο

2094 2309 2193 2380 qui
2227 2312 2690 2368 munificentiam
2722 2319 2777 2369 et
2807 2317 3124 2370 mercedem
3156 2315 3437 2371 virtutum
3466 2316 3730 2386 adepturi

332 2392 470 2466 πρὸς
500 2393 561 2446 τὸ
598 2389 771 2466 βῆλον
803 2392 1033 2454 ἑστῶτες
1079 2396 1178 2463 τὴν
1228 2398 1323 2448 τοῦ
1381 2393 1731 2469 εἰσαγομένου
1780 2415 1978 2469 παρου⁸

336 2479 470 2548 σίαν,
501 2481 591 2534 καὶ
623 2481 778 2545 αὖθις
806 2485 903 2536 τοῦ
956 2481 1133 2556 βήλου
1183 2484 1533 2545 πετασθέντος
1575 2484 1620 2519 ⁷⁷
1663 2485 1799 2557 (18),
1849 2506 1982 2539 συν-

337 2567 638 2644 εισέρχεται
687 2574 764 2642 τῷ
825 2569 1096 2642 βασιλικῷ
1146 2571 1404 2647 ὀστιαρίῳ
1444 2573 1472 2626 ὁ
1511 2577 1617 2626 τῶν
1680 2571 1978 2645 βασιλικῶν

333 2659 825 2734 πρωτοσπαθάριος
911 2659 1139 2736 εἷτάγων
1232 2659 1322 2714 τὸν
1425 2657 1702 2732 μέλλοντα
1791 2666 1979 2735 τυχεῖν

336 2744 705 2819 ἀντιλήψεως,
809 2747 896 2802 καὶ
998 2752 1191 2803 τοῦτον
1292 2749 1735 2824 προτρεπόμενος
1834 2750 1978 2825 τρισὶ

336 2835 527 2896 τόποις
601 2843 824 2905 ποιῆσαι
897 2839 995 2906 τήν
1091 2838 1480 2911 προσκύνησιν,
1569 2835 1786 2908 ’ίστησιν
1881 2839 1978 2892 αὐ-

337 2925 426 2978 τὸν
478 2925 614 2979 κατά
657 2925 947 2999 πρόσωπον
1000 2931 1098 2981 τοῦ
1159 2925 1432 3000 βασιλέως
1478 2929 1616 3001 πρὸς
1676 2927 1740 2982 τὸ
1797 2926 1845 2997 ἐξ
1907 2928 1982 2981 oi.-

337 3014 494 3068 κείων
528 3019 730 3093 χειρῶν
759 3015 923 3070 αὐτοῦ
964 3012 1148 3071 λαϐεῖν
1198 3017 1260 3071 τὸ
1312 3011 1561 3091 βραϐεῖον
1594 3021 1690 3071 τοῦ
1738 3016 1981 3089 ἀξιώμα-

330 3124 439 3165 τος.
479 3105 584 3159 Καὶ
622 3105 814 3178 μικρὸν
867 3105 1024 3159 αὐτὸν
1082 3107 1172 3161 τὸν
1221 3107 1462 3181 τυχόντα
1509 3103 1801 3175 διαστήσας
1853 3104 1980 3158 ὀπι-

330 3192 618 3253 σθοπόδως
649 3194 676 3246 ὁ
709 3194 872 3254 αὐτὸς
921 3196 1412 3270 πρωτοσπαθάριος
1459 3191 1782 3268 περιϐάλλει
1832 3192 1979 3264 αὗτῷ

333 3281 397 3334 τὸ
429 3277 582 3332 δοθέν
636 3282 782 3349 παρά
847 3284 941 3334 τοῦ
1012 3281 1277 3354 βασιλέως
1340 3282 1614 3357 βραϐεῖον,
1683 3283 1774 3337 καὶ
1830 3283 1979 3346 αὖθις

339 3367 506 3421 αὐτὸν
562 3367 923 3440 προσωθήσας
993 3367 1328 3422 ἀσπάσασθαι
1409 3375 1555 3421 ποιεῖ
1615 3369 1742 3429 τοὺς
1805 3370 1982 3439 ἱεροὺς

331 3453 506 3515 πόδας
556 3457 654 3509 τοῦ
716 3453 1004 3528 βασιλέως·
1062 3456 1426 3528 καταχθέντος
1489 3453 1544 3508 δὲ
1618 3455 1780 3508 αὐτοῦ
1845 3457 1981 3526 πρὸς

339 3549 453 3605 τοῖς
502 3544 673 3613 κάτω,
734 3544 787 3597 οἱ
846 3541 1109 3614 ὁμότιμοι
1163 3546 1259 3597 τοῦ
1315 3542 1625 3614 ἀξιώματος
1667 3539 1852 3614 ἄνδρες
1909 3543 1981 3603 ὡς

333 3633 582 3706 ἰσότιμον
639 3630 1001 3704 εἷσδεξάμενοι
1061 3631 1244 3708 φίλον,
1306 3631 1368 3685 τὸ
1433 3626 1589 3692 σέϐας
1644 3629 1980 3704 πληροῦντες

2091 2403 2244 2466 sunt,
2279 2400 2546 2472 aequales.
2581 2402 2749 2472 Hi,ut
2778 2403 3100 2474 principem
3134 2409 3407 2460 consueto
3439 2405 3597 2460 cultu
3626 2421 3728 2461 ve-

2092 2489 2272 2543 nerati
2305 2494 2461 2556 sunt,
2488 2495 2844 2562 exspectant,
2877 2492 3029 2562 apud
3063 2492 3256 2548 velum
3290 2493 3728 2559 stantes,intro-

2089 2575 2336 2630 ducendi
2366 2577 3086 2649 adventum,protinusque
3116 2584 3182 2634 ut
3210 2578 3398 2634 velum
3425 2580 3726 2634 reductum

2090 2664 2475 2732 fuerit,intrat
2507 2665 2683 2720 simul
2715 2681 2844 2721 cum
2867 2667 3023 2737 regio
3055 2667 3290 2723 ostiario
3324 2667 3723 2739 protospatba-

2090 2752 2211 2807 rius
2244 2752 2639 2821 basilicorum,
2673 2753 3052 2809 introducens
3107 2755 3533 2812 honorandum.
3565 2755 3727 2811 Hunc

2089 2839 2355 2894 hortatur
2380 2842 2568 2896 tribus
2589 2842 2647 2896 in
2671 2841 2913 2897 diversis
2939 2842 3081 2898 locis
3110 2845 3435 2914 Augustum
3465 2845 3725 2911 adorare,

2090 2928 2333 2982 collocat
2355 2945 2549 2984 coram
2573 2929 2794 2984 domini
2819 2929 3122 3000 vultu,quo
3152 2947 3218 2986 ex
3242 2932 3426 3002 ipsius
3455 2932 3726 2986 manibus

2090 3016 2393 3088 dignitatis
2442 3017 2669 3088 insigne
2717 3019 2978 3088 accipiat.
3013 3019 3170 3074 Idem
3222 3020 3725 3090 protospatbarius

2091 3121 2221 3161 eum
2259 3105 2310 3159 id
2349 3111 2582 3160 nactum
2624 3111 2777 3161 retro
2825 3105 3186 3176 aliquantum
3235 3108 3294 3162 in
3343 3108 3586 3179 vestigia
3617 3124 3725 3164 sua

2089 3193 2249 3248 vultu
2281 3194 2546 3249 irretorto
2591 3197 2732 3266 agit,
2764 3200 2820 3249 et
2849 3195 3098 3266 acceptis
3135 3214 3168 3251 a
3197 3195 3432 3252 domino
3478 3195 3723 3268 insigni-

2090 3284 2200 3337 bus
2233 3283 2768 3352 induit,rursusque
2801 3300 3064 3352 prorsum
3085 3285 3325 3339 ductum
3348 3285 3504 3356 cogit
3532 3300 3723 3340 sacros

2089 3373 2334 3442 Augusti
2368 3373 2543 3442 pedes
2573 3372 2846 3428 osculari.
2881 3373 2954 3428 Ut
2983 3373 3155 3428 rediit
3186 3375 3460 3431 reductus
3499 3375 3570 3429 ad
3601 3390 3722 3441 eos,

2091 3461 2191 3528 qui
2223 3461 2373 3513 infra
2403 3459 2476 3514 ad
2506 3460 2693 3514 velum
2730 3465 2909 3526 stant,
2943 3460 3051 3530 ipsi
3082 3461 3364 3532 dignitate
3397 3460 3726 3531 pares,reci-

2092 3545 2260 3614 piunt
2283 3551 2346 3599 ut
2369 3547 2620 3600 amicum
2645 3552 2701 3600 et
2721 3547 3455 3617 collegam,venerationem
3477 3549 3725 3620 Augusti

2096 3631 2478 3697 absolventes,
2511 3635 2826 3702 gratiarum
2859 3637 3137 3690 actionem
3175 3654 3340 3692 suam
3373 3639 3556 3693 eidem
3586 3654 3724 3696 voce

329 3723 428 3790 τὴν
477 3720 826 3795 εὐχαριστίαν
879 3718 969 3774 διὰ
1013 3726 1114 3788 τῆς
1164 3721 1581 3794 προσκυνήσεως
1630 3724 1709 3790 τῷ
1763 3719 1977 3791 βασιλεῖ

2094 3718 2242 3774 clara
2272 3729 2323 3775 et
2354 3723 2685 3776 adoratione
2717 3722 3137 3793 signiﬁcant,et
3160 3741 3292 3778 cum
3326 3742 3471 3781 novo
3500 3724 3724 3798 collega

335 3814 745 3888 προσφωνοῦσι,
776 3810 868 3864 καῖ
900 3808 1273 3883 συνεξέρχεται
1304 3809 1352 3845 ’⁷⁸
1395 3809 1592 3880 τούτῳ.
1652 3810 1713 3864 ἸΙ
1765 3805 1823 3862 δὲ
1852 3828 1981 3882 παρ·

337 3904 544 3954 εστῶσα
611 3899 824 3953 πάντων
889 3900 997 3952 τῶν
1074 3901 1174 3952 τοῦ
1238 3893 1634 3952 κουϐουκλείου
1708 3895 1829 3967 ἀξία
1892 3897 1982 3950 τὸν

336 3985 566 4061 βασιλέα
634 3988 798 4056 ἀξίως
857 3984 1316 4061 ἐπευφημήσασα,
1381 3987 1472 4039 καὶ
1538 3983 1673 4053 αὖτή
1741 3983 1981 4058 συνεξέρ-

338 4097 494 4152 χεται
525 4075 763 4137 τούτοις.
810 4073 1125 4149 Εἷσάγονται
1159 4071 1215 4128 δέ
1243 4079 1412 4128 πᾶσαι
1452 4074 1506 4127 αἱ
1548 4076 1655 4127 τῶν
1711 4069 1799 4126 διὰ
1852 4073 1986 4146 βρα-

333 4163 493 4223 ϐείων
525 4167 864 4240 ιᾶξιωμάτων
912 4164 1166 4245 διαφοραὶ
1215 4165 1352 4220 κατὰ
1397 4165 1544 4236 τάξιν
1601 4164 1692 4218 καὶ
1751 4164 1980 4237 ἀριθμὸν

333 4256 425 4312 τὸν
479 4255 587 4328 ἤδη
631 4255 996 4330 λεχθήσεσθαι
1056 4253 1352 4328 μέλλοντα,
1391 4254 1482 4308 καὶ
1547 4253 1642 4314 τὰς
1701 4252 1982 4323 συνηθείας

333 4347 592 4420 παρέχειν
649 4344 988 4421 ὀφείλοντας.
1051 4345 1149 4398 Καὶ
1217 4343 1319 4419 γὰρ
1378 4343 1432 4396 αἱ
1504 4343 1594 4415 μὲν
1655 4342 1834 4396 αὐτῶν
1895 4338 1983 4394 διὰ

335 4430 605 4508 βραϐείων
673 4435 1030 4508 παρέχονται,
1099 4434 1152 4487 αἱ
1194 4431 1252 4487 δὲ
1311 4430 1401 4487 διὰ
1460 4430 1750 4506 βασιλικοῦ
1811 4429 1982 4506 λόγου

329 4523 734 4597 προσγίνονται,
763 4524 850 4576 καὶ
896 4525 1215 4577 συνέπονται
1259 4527 1382 4583 ταῖς
1431 4518 1520 4575 διὰ
1573 4515 1848 4596 βραϐείων
1897 4517 1982 4572 δι-

336 4607 590 4683 δομέναις
621 4610 814 4678 ἀξίαις,
845 4610 938 4664 καὶ
966 4611 1020 4664 αἱ
1070 4611 1162 4682 μὶν
1210 4609 1382 4665 αὐτῶν
1433 4611 1494 4664 τὸ
1547 4609 1782 4682 μόνιμον
1828 4602 1985 4684 ἔχου-

338 4719 445 4768 σιν,
479 4699 534 4753 αἱ
566 4695 623 4752 δὲ
655 4695 854 4771 ῥᾳδίως
903 4696 1066 4752 πάλιν
1123 4698 1517 4774 ἀφαιρούμεναι
1568 4696 1628 4752 ἐκ
1674 4696 1983 4772 προσώπων

341 4789 415 4851 είς
437 4788 706 4862 πρόσωπα
737 4781 1126 4844 διαϐαίνουσιν,

753 4878 819 4933 Al.
859 4873 948 4930 διὸ.
990 4871 1258 4951 βραϐείων
1299 4875 1438 4945 ἀξίαι
1476 4881 1563 4946 ιη’.

2088 3808 2264 3862 simul
2313 3809 2546 3863 abeunt.
2581 3809 2799 3864 Pariter
2846 3814 3039 3866 astans
3089 3811 3336 3867 cubiculi
3389 3817 3539 3868 totus
3583 3816 3722 3870 ordo

2091 3896 2264 3952 simul
2298 3913 2428 3952 cum
2452 3896 2569 3952 illis
2600 3898 2718 3952 abit
2749 3902 2882 3969 post
2903 3899 3106 3954 laudes
3127 3902 3183 3954 et
3204 3899 3355 3956 bona
3373 3903 3547 3957 verba
3569 3902 3723 3973 prin-

2089 3985 2201 4054 cipi
2233 3986 2504 4040 decenter
2547 3984 2715 4042 dicta.
2752 3987 3204 4042 Introducuntur
3255 3992 3450 4044 autem
3498 4005 3721 4058 omnes,

2091 4093 2216 4146 qua:
2229 4093 2362 4131 cum
2382 4076 2602 4131 brabeis
2620 4076 2707 4131 vel
2724 4076 2973 4147 praemiis
2991 4081 3091 4132 aut
3111 4077 3439 4148 insignibus
3459 4079 3722 4134 tribuun-

2086 4170 2195 4232 tur,
2232 4165 2569 4236 dignitates,
2599 4181 2665 4221 eo
2698 4181 2858 4236 quem
2893 4181 3026 4220 mox
3051 4166 3332 4234 dicemus,
3373 4167 3577 4223 ordine
3610 4183 3720 4223 nu-

2089 4269 2500 4324 meroque,quo
2523 4254 2690 4309 etiam
2712 4254 3158 4309 consuetudines
3181 4259 3454 4325 praestare
3485 4256 3717 4312 debent.

2090 4343 2448 4414 Dignitatum
2465 4344 2726 4413 quaedam
2748 4342 3123 4407 brabeis,aliaa
3141 4342 3262 4398 solo
3285 4343 3505 4400 domini
3536 4345 3722 4402 edicto

2087 4434 2550 4504 impetrantur,et
2579 4433 2931 4486 comitantur
2952 4431 3078 4486 illas
3113 4433 3414 4501 priores,et
3442 4449 3576 4488 cum
3608 4434 3722 4488 illis

2088 4523 2289 4577 eodem
2321 4525 2580 4590 tempore
2610 4525 2856 4589 possunt
2904 4522 2974 4574 ab
3007 4521 3205 4575 eodem
3256 4521 3400 4592 geri.
3446 4523 3720 4586 Quadam

2089 4608 2268 4665 semel
2300 4609 2530 4663 tributis
2561 4611 2894 4662 constanter
2918 4607 3238 4676 inhaerent;
3271 4609 3394 4663 aliae
3421 4609 3528 4664 levi
3555 4626 3723 4682 nego-

2088 4697 2166 4753 tio
2197 4712 2398 4752 rursus
2427 4696 2710 4766 adempta
2742 4695 2813 4750 ab
2846 4711 2960 4751 uno
2993 4696 3065 4750 ad
3097 4695 3340 4751 alterum
3372 4696 3644 4769 migrant.

2179 4876 2252 4928 De
2273 4872 2562 4929 octodecim
2593 4870 2975 4941 dignitatibus,
3017 4887 3143 4943 quae
3171 4888 3293 4928 cum
3321 4872 3632 4944 insignibus

2729 4945 3068 4999 tribuuntur.

405 5036 526 5092 Εἰσὶ
569 5033 625 5091 δὶ
682 5039 848 5090 πᾶσαι
909 5036 1049 5108 ὁμοῦ
1107 5035 1161 5089 αἱ
1219 5032 1308 5089 διὰ
1368 5028 1635 5109 βραϐείων
1692 5031 1972 5107 διδόμεναι

2151 5035 2286 5098 Quae
2316 5048 2444 5088 cum
2468 5032 2794 5104 insignibus
2817 5033 3109 5103 dantur,et
3127 5031 3309 5089 semel
3325 5032 3470 5089 datas
3487 5048 3716 5105 rursus,

1697 5143 1938 5199 VARI/Ii
1968 5141 2267 5198 LECTION
2275 5141 2375 5196 ES.

404 5236 450 5272 "7
482 5236 731 5310 συρέντος
764 5235 872 5305 leg.
908 5249 1037 5291 esse
1069 5237 1232 5306 putat
1260 5235 1326 5290 Β.
1360 5250 1464 5307 pro
1492 5231 1858 5293 πετασθέντος.
1934 5233 1977 5267 ⁷⁸
2008 5228 2284 5308 συνεξέρχ.
2319 5231 2384 5287 R.
2418 5232 2733 5309 συνέρχεται
2764 5233 2888 5289 cod.
2922 5239 2975 5288 et
2999 5233 3090 5287 ed.

1379 5341 1578 5398 JOAN.
1617 5341 1754 5396 JAC.
1799 5340 2062 5396 REISKII
2099 5339 2679 5396 COMMENTARIUS.

332 5442 484 5496 nudo
514 5442 672 5496 verbo
701 5441 904 5511 absque
929 5440 1130 5510 scripto
1153 5439 1236 5494 vel
1267 5440 1703 5503 charta,tantum
1731 5455 1856 5493 cum
1879 5439 1976 5511 ito-

333 5515 478 5568 mini
504 5512 686 5583 gladio
715 5510 993 5580 vet'galea
1040 5511 1127 5566 vet
1155 5526 1325 5564 cornu
1355 5512 1437 5565 vet
1484 5515 1722 5583 cratera,
1748 5514 1798 5564 et
1845 5510 1974 5580 ptu-

333 5585 484 5638 rima
510 5581 815 5637 tencmenta
843 5600 970 5638 cum
1000 5583 1230 5652 calcari,
1261 5598 1384 5636 cum
1426 5581 1665 5652 strigili,
1695 5597 1815 5635 cum
1842 5597 1978 5634 arcu

336 5659 389 5710 ct
418 5654 699 5708 nonnulla
727 5671 850 5708 cum
880 5653 1108 5720 sagitta.

410 5725 522 5795 (17)
555 5726 812 5794 ltajacet
842 5724 900 5779 in
926 5723 1310 5795 membranis,
1343 5724 1494 5795 quod
1527 5739 1600 5778 ne
1629 5723 1857 5779 dubites
1890 5739 1978 5779 re-

337 5793 676 5862 clumesse,
709 5798 810 5850 aut
858 5794 1051 5850 saltim
1081 5794 1191 5846 τῶν
1244 5793 1568 5865 βασιλικῶν,
1609 5795 1984 5864 persuadebit

2124 5435 2254 5518 aulo
2305 5441 2454 5508 post,
2503 5437 2601 5490 ubi
2647 5435 2673 5487 ὁ
2717 5437 2823 5486 τῶν
2879 5432 3176 5506 βασιλικῶν
3225 5438 3716 5511 πρωτοσπαθᾶριος

2106 5515 2447 5649 θῗλῐὲἶἾῐηο
2496 5591 2628 5649 vero
2679 5572 2923 5647 συρέντος
2981 5573 3376 5649 ἐφελκομένου,
3418 5590 3714 5649 contracto,

2086 5647 2304 5724 reducto
2333 5649 2469 5724 veto.
2496 5647 2676 5701 Nemo
2705 5649 2860 5702 enim
2886 5649 3108 5720 ingredi
3139 5647 3327 5720 potest
3361 5648 3538 5724 βήλου
3562 5647 3721 5708 πεταὲ

2091 5718 2322 5786 σθέντος,
2354 5720 2470 5774 veto
2498 5733 2751 5790 expanso.
