4080 6300
3549 407 3705 468 1306

312 533 476 602 λικῆς
531 553 720 609 χειρος
769 535 1090 597 ἒπιδίδοται.
1137 537 1335 594 Δίδωσι
1384 543 1668 611 συνήθειαν
1730 544 1811 612 τῷ
1853 543 1954 606 τῆς

2066 554 2242 621 dicta,
2267 571 2440 626 super
2489 555 2875 625 chrysostorio
2922 569 3026 610 seu
3075 555 3199 610 sala
3237 557 3430 612 aureis
3484 560 3701 614 statuis

311 624 690 686 καταστάσεως
718 627 780 680 τὸ
811 627 1061 698 καμίσιον
1092 632 1138 666 ⁸³
1168 631 1286 700 (40)
1315 630 1505 698 αὐτοῦ,
1536 636 1656 691 τοῖς
1689 628 1745 684 δὲ
1791 650 1951 701 πραι-

2063 624 2366 713 inslructa]
2401 645 2554 714 regia
2585 624 2758 699 manu
2789 644 3044 711 tradita;
3086 644 3184 698 dat
3213 646 3698 702 consuetudinem

310 713 559 775 ποσίτοις
591 714 681 768 καὶ
726 716 1043 791 μαγίστροις
1087 723 1422 774 συνεστιᾶται
1476 724 1731 793 παρέχων
1765 720 1952 779 αὐτοῖς

385 801 398 820 ‘
439 799 494 820 NI
673 804 686 820 α
817 805 830 820 Ι
965 813 999 820 .-
1090 809 1133 820 .Α
1304 804 1343 820 αι
1473 812 1495 820 -ι
1824 807 1833 820 1

2063 733 2461 789 eerimoniario
2483 735 2788 789 camisium
2821 750 2993 790 suum
3019 752 3032 800 ;
3065 735 3409 806 praepositos
3439 747 3492 792 et
3524 737 3708 809 magi-

310 804 402 856 καὶ
435 804 645 875 δόματα
673 804 928 875 ἱματίων.
962 809 1252 876 Συνήθειαν
1300 804 1356 861 δὲ
1406 812 1522 868 τοῖς
1573 807 1953 880 πραιποσίτοις

2063 827 2212 877 stros
2243 824 2506 878 convivio
2529 824 2741 893 excipit
2762 822 3137 892 vestibusque
3159 825 3331 879 donat
3357 843 3370 892 ;
3402 830 3716 881 consuetu-

310 893 400 945 καὶ
461 891 780 968 μαγίστροις
830 896 919 949 καὶ
977 894 1194 959 λοιποῖς
1239 898 1336 964 τήν
1383 900 1481 950 τοῦ
1535 895 1822 970 πατρικίου
1872 893 1955 947 δι-

2063 911 2256 965 dinem
2289 920 2482 966 autem
2511 891 2717 966 iisdem
2751 891 3080 984 praepositis
3109 917 3167 968 et
3196 891 3499 984 magistris
3530 919 3712 971 caete-

311 978 460 1049 πλῆν
525 985 802 1051 συνήθειαν
885 983 1129 1062 παρέχει.
1229 981 1681 1053 Πεντεκαιδεκάτη
1751 985 1786 1051 ἠ
1853 988 1953 1050 τῆς

2063 998 2272 1068 risque,
2315 999 2549 1067 [quibus
2581 1001 2705 1054 dari
2737 978 3008 1065 mos'est,
3041 978 3354 1073 datamque
3382 1020 3415 1057 a
3447 1003 3710 1074 patriciis

313 403 467 464 i305
1141 455 1143 458 ‹
1183 413 1284 472 DE
1327 410 1784 474 CERIMONIIS
1825 404 2057 468 AUL/E
2099 405 2574 467 BYZANTINIE
2615 407 2763 467 LIB.
2808 407 2886 466 II.

315 1075 526 1139 ζωστῆς
587 1072 872 1147 πατρικίας
938 1074 1077 1144 ἀξία,
1134 1075 1200 1143 ἧς
1263 1069 1514 1150 βραϐεῖον
1587 1070 1788 1132 πλάκες
1838 1069 1955 1126 ἐλε-

313 1161 555 1236 φάντιναι
588 1161 797 1233 ὁμοίως
825 1168 939 1224 τοῖς
981 1163 1316 1238 πατρικίοις,
1350 1163 1408 1217 ἐκ
1453 1163 1642 1240 χειρὸς
1687 1159 1953 1235 βασιλέως

313 1245 612 1304 ἐπιδίδοται
669 1254 804 1323 (41).
868 1249 1068 1307 Δίδωσι
1123 1255 1405 1323 συνήθειαν
1470 1258 1584 1312 τοῖς
1646 1251 1956 1325 βασιλικοῖς

312 1338 604 1414 κληρικοῖς
634 1338 736 1407 κδ’,
767 1345 847 1413 τῷ
891 1338 1125 1417 δευτέρῳ
1173 1341 1274 1413 κδ’,
1321 1341 1449 1403 τούς
1497 1342 1813 1402 κοιτωνίτας
1864 1339 1955 1395 λί-

313 1448 442 1503 τρας
473 1429 543 1502 γ’,
573 1429 636 1482 τὸ
665 1425 1054 1485 κουϐούκλειον
1109 1433 1202 1484 σὺν
1254 1438 1374 1492 τοῖς
1423 1432 1804 1506 πραιποσίτοις
1855 1430 1956 1501 μό-

312 1537 427 1577 νοις
458 1522 668 1592 χρυσοῦ
727 1518 914 1593 λίτρας
962 1521 1031 1595 γ’,
1083 1520 1172 1574 καὶ
1219 1521 1282 1575 τὸ
1335 1521 1620 1594 πιχάριον
1668 1519 1835 1587 αὐτῆς
1879 1523 1957 1589 τῷ

314 1607 683 1682 πραιποσίτῳ.
717 1612 812 1681 Τῷ
836 1617 937 1679 τῆς
985 1611 1257 1685 τραπέζης
1304 1617 1407 1680 τῆς
1453 1610 1770 1688 Αὐγούστης
1823 1609 1956 1681 μετὰ

311 1700 411 1766 τὴν
486 1693 982 1774 πρωτοὸεστιαρίαν
1049 1700 1136 1754 ααὶ
1203 1701 1301 1768 τήν
1366 1702 1796 1774 πριμικήρισσαν
1864 1697 1954 1752 καὶ

311 1785 406 1846 τὰς
471 1787 879 1850 κοιτωνπτίσσας
954 1790 1044 1842 καὶ
1119 1783 1558 1862 κουϐουκλαρέας
1635 1787 1823 1862 λίτρας
1887 1787 1952 1862 β’.

2061 1085 2360 1156 diximus,]
2384 1087 2624 1157 duplam
2645 1089 2741 1143 dat
2761 1089 3110 1160 ejus,,quam
3143 1090 3394 1146 diximus
3426 1091 3704 1162 patricios

2061 1175 2216 1229 dare.
2269 1173 2503 1229 Decima
2550 1177 2750 1244 quinta
2797 1176 3054 1246 dignitas
3107 1182 3196 1233 est
3241 1185 3412 1236 zostm
3456 1181 3580 1251 [seu
3615 1195 3706 1235 ac-

2061 1261 2285 1331 cinctae]
2319 1263 2594 1332 patriciae,
2627 1263 2795 1332 cujus
2827 1264 3108 1320 brabeum
3143 1271 3283 1322 sunt
3321 1269 3586 1324 eburnea
3618 1273 3704 1324 ta-

2065 1351 2236 1417 bula,
2270 1350 2485 1421 pariter
2513 1357 2688 1422 atque
2709 1355 2849 1405 sunt
2879 1353 3278 1423 patriciorum,
3327 1357 3484 1427 regia
3527 1372 3705 1411 manu

2063 1439 2307 1494 traditas.
2341 1440 2832 1496 Consuetudinem
2865 1441 2966 1495 dat
2992 1441 3268 1512 palatinis
3303 1443 3529 1500 clericis
3561 1444 3708 1500 soli-

2063 1531 2187 1596 dos,
2219 1529 2310 1596 24,
2339 1530 2576 1584 deutero
2605 1532 2992 1598 tantumdem,
3043 1531 3334 1587 cmtonitis
3372 1533 3535 1588 litras
3566 1539 3702 1601 tres,

2063 1617 2329 1674 cubiculo
2359 1622 2416 1672 et
2447 1618 2770 1688 praepositis
2800 1618 2925 1672 auri
2973 1617 3138 1674 litras
3182 1625 3340 1688 tres;
3392 1622 3702 1692 praeposito

2065 1722 2275 1763 mensis
2315 1707 2725 1777 imperatricis,
2759 1711 2825 1761 ut
2851 1713 2908 1762 et
2938 1709 3383 1777 protovestiarias
3413 1714 3472 1765 et
3500 1710 3703 1780 primi-

2064 1796 2296 1851 cerissae
2325 1801 2383 1852 et
2412 1794 2732 1851 caatonissis
2763 1799 2820 1850 et
2849 1795 3318 1852 cubiculariabus
3343 1797 3625 1852 datlitras
3646 1799 3704 1854 2.

313 1872 692 1946 Ἑξκαιδεκάτη
725 1878 760 1945 ἡ
792 1881 888 1931 τοῦ
919 1877 1340 1953 κουροπαλάτου
1372 1877 1510 1946 ἀξία,
1556 1877 1622 1946 ἧς
1677 1871 1952 1950 βραϐεῖον,

2069 1885 2298 1940 Decima
2351 1889 2512 1940 sexta
2541 1885 2801 1956 dignitas
2839 1888 2928 1939 est
2958 1884 3325 1954 curopalatm,
3372 1887 3540 1955 cujus
3571 1885 3704 1940 bra-

314 1965 488 2040 χιτὼν
530 1966 780 2026 κόκκινος
813 1965 1239 2040 χρυσοποίκιλος
1271 1966 1359 2021 καὶ
1392 1966 1616 2040 χλαμὺς
1643 1965 1732 2020 καί
1784 1966 1952 2036 ζώνη,

314 2053 375 2108 ἐκ
407 2055 593 2128 χειρὸς
633 2053 898 2128 βασιλέως
949 2055 1034 2110 ἐπὶ
1091 2061 1220 2110 ναοῦ
1269 2055 1472 2129 Κυρίου
1523 2054 1792 2128 λαμπρῶς
1841 2053 1958 2108 ἐπι-

315 2139 545 2197 δίδυται.
583 2141 783 2198 Δίδωσι
815 2146 1096 2214 συνήθειαν
1127 2146 1226 2213 τήν
1253 2149 1350 2199 τοῦ
1384 2143 1684 2220 μαγίστρου
1729 2141 1956 2212 διπλῆν,

310 2236 390 2304 τῷ
431 2229 664 2306 δευτέρῳ
735 2231 923 2308 λίτραν
981 2235 1047 2303 α’,
1107 2233 1364 2307 παρέχων
1419 2238 1578 2288 πᾶσιν
1634 2230 1956 2304 ἀντιλήψεις

309 2322 400 2376 καί
450 2316 857 2394 ἀναϐιϐασμούς
907 2326 1038 2395 (42).
1091 2320 1554 2393 Ἑπτακαιδεκάτη
1608 2324 1642 2391 ἡ
1689 2325 1786 2375 τοῦ
1848 2342 1956 2375 νω-

313 2406 622 2486 ϐελησιμου
653 2412 794 2482 ἀξία,
843 2414 910 2482 ἧς
964 2409 1242 2487 βραϐεῖον,
1293 2414 1466 2488 χιτὼν
1519 2411 1571 2482 ἐξ
1620 2407 1955 2487 ἁλουργίδος

2066 1973 2240 2028 beum
2291 1972 2489 2028 tunica
2537 1972 2805 2029 coccinea
2848 1989 2990 2028 auro
3024 1973 3171 2042 picta
3221 1979 3278 2029 et
3320 1973 3585 2045 chlamys
3616 1973 3705 2029 vel

2068 2061 2542 2131 paludamentum
2567 2065 2624 2116 et
2642 2078 2811 2126 zona,
2834 2061 2990 2128 regia
3013 2077 3189 2117 manu
3214 2061 3426 2117 tradita
3448 2061 3710 2118 solemne

2065 2165 2279 2220 pompa
2299 2148 2359 2203 in
2385 2147 2600 2220 templo
2622 2149 2874 2204 Domini.
2909 2150 3014 2204 Dat
3035 2150 3521 2205 consuetudinem
3553 2149 3707 2220 ejus,

2066 2254 2241 2308 quam
2275 2238 2549 2308 magister
2579 2239 2692 2305 dai,
2716 2237 2981 2310 duplam,
3013 2239 3251 2294 deutero
3271 2238 3468 2294 litram
3497 2254 3698 2306 unam,

2064 2327 2338 2383 omnibus
2370 2343 2611 2383 munera
2641 2333 2698 2382 et
2729 2327 3142 2399 promotiones.
3192 2327 3430 2384 Decima
3455 2327 3708 2399 septima

2063 2414 2319 2485 dignitas
2393 2420 2482 2471 est
2555 2415 2928 2484 nobilissimi,
3010 2417 3180 2486 cujus
3251 2417 3532 2472 brabeum
3609 2420 3706 2470 tu-

1661 2511 1892 2566 VARUE
1929 2511 2235 2569 LECTION
2243 2511 2345 2567 ES.

371 2610 417 2644 ⁸³
445 2613 522 2680 τῷ
553 2630 683 2683 καμ.
717 2612 808 2667 ed.

1337 2702 1540 2759 JOAN.
1581 2703 1728 2758 JAC.
1771 2703 2037 2759 REISKII
2078 2702 2674 2759 COMMENTARIUS.

316 2817 566 2872 semper,
617 2802 822 2857 saltem
875 2803 1163 2858 interdum
1217 2801 1481 2858 baltheus
1513 2806 1654 2857 erat.
1697 2803 1764 2856 Et
1795 2803 1951 2872 apud

313 2875 525 2929 Arabes
554 2874 754 2930 eodem
789 2891 1030 2945 prorsus
1058 2875 1227 2930 modo
1253 2891 1355 2945 pro
1386 2873 1571 2943 ofﬁcio
1601 2873 1690 2929 vel
1719 2873 1952 2940 militia,

309 2946 580 3017 στρατείᾳ,
637 2946 897 3017 ponitur.
957 2946 1067 3001 Sed
1126 2947 1416 3001 Abulfeda
1476 2945 1547 3017 ad
1600 2961 1652 2999 a.
1700 2945 1808 2999 230
1867 2945 1950 3015 [C.

309 3016 434 3086 843]
505 3016 720 3083 narrat,
779 3016 833 3072 al
903 3017 1304 3073 Watschecum
1366 3016 1668 3071 Aschnaso
1726 3017 1953 3072 dedisse

307 3091 512 3158 tagjam
524 3104 625 3144 seu
644 3089 869 3144 cidarin
892 3095 948 3144 et
957 3092 1241 3157 geminum
1263 3089 1559 3152 halt/zeum,
1574 3088 1728 3158 quod
1745 3103 1951 3157 quam-

303 3162 391 3214 vis
425 3161 800 3231 materialiter
820 3162 1221 3231 accipiendum
1242 3160 1320 3216 sit
1347 3177 1360 3214 :
1384 3161 1558 3214 dabat
1576 3160 1728 3214 enim
1757 3173 1954 3213 revera

306 3229 600 3298 geminum
634 3229 962 3297 balineum,
993 3232 1094 3301 qui
1125 3232 1296 3286 ambo
1345 3247 1472 3286 sese
1503 3231 1562 3285 in
1607 3231 1866 3285 humeris
1896 3233 1954 3284 et

305 3305 536 3370 pectore
566 3301 976 3371 decussarent:
1010 3301 1324 3371 symbolice
1353 3307 1548 3356 tamen
1580 3301 1736 3356 idem
1769 3301 1948 3371 signi-

307 3371 537 3431 ficabat,
591 3370 885 3424 Aschnaso
915 3370 1285 3424 commissam
1336 3386 1461 3425 esse
1509 3387 1706 3424 curam
1749 3370 1946 3426 rerum

306 3445 424 3496 tam
458 3439 838 3510 politicarum,
862 3456 1040 3511 quam
1077 3440 1440 3494 militarium.
1475 3439 1555 3511 Ea
1585 3440 1674 3493 his
1707 3441 1953 3511 ballheis

307 3512 424 3567 nati
460 3509 599 3566 sunt
623 3509 910 3566 cordones
942 3514 1044 3565 aut
1075 3512 1362 3580 prandete,
1387 3509 1637 3576 caerulei,
1673 3510 1951 3578 aurantii,

307 3582 466 3638 rubri
500 3581 822 3637 aliorumve
853 3583 1136 3646 colorum,
1171 3583 1386 3652 quibus
1417 3586 1699 3635 ornantur
1729 3585 1954 3652 equites

305 3657 596 3710 variorum
631 3655 930 3717 ordinum,
963 3655 1012 3707 le
1040 3653 1238 3708 cordon
1269 3653 1413 3716 bleu,
1447 3658 1580 3715 etc.,
1614 3668 1741 3722 qua
1794 3656 1950 3707 nota.

377 3726 492 3796 (40)
518 3725 638 3779 Mos
662 3734 769 3793 est,
793 3741 963 3797 quem
980 3726 1098 3797 jam
1122 3723 1258 3778 alibi
1283 3724 1374 3797 his
1396 3723 1454 3777 in
1480 3724 1633 3797 notis
1653 3723 1954 3797 tetigimus

303 3794 481 3869 (v.'p.'
508 3797 648 3866 135),
684 3797 740 3850 in
777 3794 926 3851 aulis
976 3794 1384 3869 Ottomannica
1433 3799 1501 3869 et_
1521 3794 1750 3850 Persica
1781 3794 1954 3850 hodie

310 3865 500 3924 adhuc
531 3865 822 3933 obtinens,
845 3871 909 3922 ut
935 3868 1214 3921 Sultanus
1241 3866 1323 3920 vel
1356 3882 1451 3920 rex
1470 3865 1775 3920 Persarum
1811 3881 1951 3935 prae-

305 3941 470 3995 fectis
504 3939 934 4008 provinciarum
969 3954 1071 3993 seu
1103 3937 1163 3992 in
1199 3937 1602 4009 praefecturam
1635 3953 1803 3992 suam
1838 3938 1950 3992 im-

305 4011 610 4066 mittendis
641 4011 695 4082 in
722 4011 952 4082 signum
985 4010 1364 4082 investituraa,
1397 4023 1496 4082 seu
1520 4008 1584 4062 in
1612 4009 1954 4082 praefectura

306 4081 714 4137 confirmandis
738 4080 802 4136 iii
817 4083 1050 4150 signum
1068 4080 1479 4135 benevolentiae
1493 4084 1548 4133 et
1563 4080 1950 4134 confirmatio-

302 4155 394 4208 nis
410 4155 669 4208 trabeam
687 4153 1225 4222 mittat(quotannis
1241 4151 1293 4205 id
1314 4151 1861 4221 contingitillis,qui
1889 4151 1947 4205 in

302 4232 498 4296 sporta
527 4241 633 4279 sua
677 4221 1064 4296 continu-int),
1100 4239 1274 4296 quam
1328 4221 1579 4296 (Inuitum
1610 4223 1946 4296 nominant,

303 4293 458 4352 unde
478 4302 743 4351 nostrum
766 4312 833 4350 en
861 4295 994 4350 Gala
1019 4295 1296 4349 manavit.
1330 4293 1586 4346 Mittitur
1610 4293 1727 4347 haec
1749 4296 1950 4349 trabea

304 4384 407 4438 per
437 4369 835 4422 mandatorem
897 4369 1148 4436 regium,
1180 4365 1392 4438 quiide
1438 4366 1689 4438 adventu
1735 4381 1841 4438 suo
1875 4365 1947 4438 ad

303 4435 637 4508 praefectum
671 4437 925 4492 nuntiari
959 4435 1140 4491 curat.
1179 4436 1483 4490 Praefectus
1506 4435 1949 4508 illumsolemni

303 4505 436 4562 cum
475 4525 685 4579 pompa
715 4517 874 4562 extra
905 4507 1190 4562 masniain
1224 4523 1361 4577 agro
1406 4523 1520 4561 suae
1552 4505 1821 4577 capitalis
1849 4523 1946 4561 ex-

304 4579 470 4648 cipit,
503 4579 732 4633 obviam
786 4580 1110 4633 mandatori
1168 4579 1482 4647 procedens
1527 4594 1657 4633 cum
1688 4581 1804 4632 tota
1836 4594 1947 4632 sua

304 4647 660 4716 co’mitativa,
695 4664 841 4704 nova
866 4654 922 4703 et
967 4649 1272 4718 splendida
1300 4655 1462 4704 veste
1490 4647 1753 4704 indutus.
1787 4649 1944 4703 Hanc

302 4725 535 4776 exutam
569 4719 746 4774 tradit
786 4727 840 4774 et
880 4719 1053 4790 donat
1083 4721 1432 4787 mandatori,
1461 4727 1516 4775 et
1547 4725 1842 4790 acceptam
1875 4720 1945 4775 ab

302 4808 369 4848 eo
404 4791 648 4846 invicem
676 4791 936 4846 trabeam
962 4789 1356 4846 Solthanicam
1380 4791 1607 4857 induit;
1637 4789 1752 4845 vid.
1781 4791 1942 4846 Petro

302 4862 452 4918 delia
482 4862 641 4917 Valle
677 4861 766 4930 IV,
798 4863 889 4926 26,
921 4862 1024 4931 Ep.
1059 4863 1324 4932 Itinerar.
1360 4862 1504 4916 Hinc
1527 4863 1784 4917 manavit
1815 4864 1943 4932 ipsa

301 4951 410 4990 vox
440 4933 594 4989 Gala.
628 4926 929 5002 Signiﬁcat
954 4926 1113 5004 enim
1145 4926 1372 5003 ἔκὸυμα,
1403 4941 1599 5004 vestem
1627 4947 1754 5004 qua?
1781 4926 1940 4988 etauio

303 5012 414 5074 tur,
462 5023 576 5060 non
628 5019 752 5075 qua?
800 5003 1069 5059 induitur.
1121 5005 1281 5069 Quod
1337 5003 1548 5058 mirum
1584 5003 1728 5059 forte
1757 5005 1944 5060 videa-

299 5081 419 5133 tur.
451 5077 560 5131 Sed
587 5074 750 5130 facile
774 5076 1120 5146 concipitur,
1153 5075 1202 5130 si
1224 5074 1382 5145 origo
1413 5075 1685 5130 dictionis
1717 5083 1941 5145 specte-

302 5151 422 5202 tur.
459 5147 694 5229 Q-uando
729 5149 948 5228 Arabes
973 5146 1328 5229 .signilicare
1375 5146 1574 5229 volunt
1617 5147 1870 5229 aliquem
1906 5163 1939 5202 a

298 5220 512 5289 potenti
535 5219 731 5288 aliquo
753 5217 870 5272 viro
905 5217 1394 5289 principeinsigni
1426 5217 1639 5272 honore
1663 5218 1934 5289 affectum

295 5287 498 5356 fuisse,
533 5287 769 5344 dicunt:
819 5288 952 5342 talis
977 5289 1058 5342 vel
1091 5287 1226 5342 talis
1272 5289 1529 5358 princeps
1558 5288 1710 5343 exuit
1739 5297 1936 5342 vestem

295 5377 452 5415 suam
479 5377 643 5432 super
658 5361 804 5415 hunc
826 5361 906 5414 vel
929 5359 1112 5424 illum,
1140 5359 1290 5413 idest
1314 5361 1666 5430 donavitipsi
1692 5365 1934 5428 vestem,

296 5449 470 5501 quam
504 5431 628 5502 ipse
660 5447 898 5502 corpore
927 5447 1034 5486 suo
1065 5439 1400 5499 gestaverat.
1441 5435 1637 5502 Neque
1667 5431 1934 5502 incogni-

295 5511 385 5557 tus
403 5511 526 5558 erat
549 5504 643 5556 ille
669 5519 792 5573 mos
817 5502 1260 5573 imperatoribus
1275 5502 1503 5557 Graecis.
1534 5502 1761 5558 Nicetas
1782 5507 1934 5557 certe

297 5590 353 5644 p.
419 5575 518 5644 100
574 5574 664 5629 ed.
727 5572 972 5637 Venetae,
1042 5579 1242 5628 narrat
1307 5573 1632 5628 Manuelem
1711 5574 1931 5642 Gabrie,

297 5643 522 5698 Sullani
555 5644 866 5716 [coniensis
901 5646 974 5701 ad
1027 5661 1084 5700 se
1113 5644 1302 5716 legato
1335 5645 1492 5716 pacis
1514 5644 1931 5700 constituendae

296 5731 488 5785 causa,
513 5714 780 5788 gallinam
803 5732 969 5788 suam
991 5714 1207 5788 vestem
1231 5714 1470 5788 corpore
1499 5720 1816 5788 detractam
1835 5718 1932 5772 do-

297 5782 490 5844 nasse:
515 5782 622 5853 τήν
655 5783 1015 5860 ἐπιθωράκιον
1047 5782 1250 5854 στολὴν
1279 5782 1483 5846 ἀποδὺς
1514 5783 1704 5859 ἐκείνῳ
1735 5783 1926 5840 δίδωσι

2062 2801 2313 2883 πορφνξρᾳ
2363 2799 2467 2883 καὶΔ
2499 2804 2712 2883 χρυσῴ-
2736 2797 3142 2883 διηνθισμένην.
3195 2802 3266 2883 Et
3305 2802 3435 2883 talis
3467 2801 3644 2859 vestis
3673 2820 3708 2860 a

2064 2873 2325 2944 principe
2353 2873 2591 2942 gestata,
2639 2873 2835 2940 alicui,
2885 2875 2980 2928 cui
3030 2873 3491 2944 benevolentiam
3538 2889 3705 2928 suam

2064 2943 2387 3000 monstrare
2423 2945 2670 3012 volebat,
2723 2945 2960 3012 donata,
3010 2945 3179 2999 initio
3229 2943 3356 3000 sola
3402 2945 3707 3000 dicebatur

2061 3016 2251 3070 challa
2281 3015 2447 3070 vestis
2475 3024 2664 3071 exuta.
2696 3016 2926 3088 Deinde
2951 3015 3235 3088 ampliato
3267 3032 3380 3070 usu
3410 3025 3463 3070 et
3485 3015 3704 3082 signiti-

2063 3095 2192 3142 caiu
2229 3089 2422 3142 omnis
2471 3088 2649 3142 vestis
2694 3086 3005 3142 honoraria
3051 3086 3395 3158 aprincipe,
3440 3088 3619 3158 etiam
3654 3087 3704 3143 si

2063 3175 2366 3229 nunquam
2399 3159 2471 3213 ab
2505 3157 2623 3213 ullo
2655 3163 2896 3229 gestata,
2919 3157 3138 3213 vasallo
3169 3162 3363 3212 tamen
3399 3157 3570 3212 alicui
3605 3174 3708 3229 suo

2064 3237 2165 3285 aut
2193 3227 2384 3301 legato
2415 3229 2486 3284 ad
2520 3245 2579 3286 se
2606 3227 2750 3284 aulis
2781 3230 3434 3301 cujusdamperegrinaai
3461 3227 3701 3301 honoris

2061 3306 2119 3356 et
2149 3294 2564 3372 benevolentia;
2595 3318 2771 3356 causa
2802 3294 2985 3372 missa
3014 3306 3070 3355 et
3091 3294 3325 3370 inject'a,
3359 3300 3468 3372 fuit
3497 3294 3705 3372 ἔκδυμα.

2058 3371 2368 3442 appellata,
2396 3373 2478 3427 sic
2511 3388 2677 3443 pene,
2712 3380 2772 3427 ut
2802 3369 3078 3442 ἀΛλᾶξιμα
3110 3369 3166 3426 et
3199 3370 3495 3426 mutatoria
3510 3369 3702 3427 vestes

2059 3443 2117 3494 in
2152 3457 2364 3514 genere
2394 3451 2548 3497 sunt.
2600 3448 2694 3496 Hie
2723 3444 2894 3514 enim
2935 3445 3118 3498 ambas
3149 3458 3314 3498 voces
3354 3459 3468 3497 non
3513 3443 3701 3514 magis

2060 3514 2126 3585 ad
2155 3509 2652 3585 Evdﬁpzta,_quam
2681 3512 2748 3564 τὰ
2776 3509 3051 3584 ἐκδύματα
3099 3519 3320 3568 notant.
3355 3514 3476 3568 Mos
3522 3509 3702 3585 igitur

2062 3582 2180 3647 ille,
2213 3582 2283 3637 de
2313 3599 2428 3651 quo
2460 3582 2739 3638 hactenus
2769 3582 3166 3650 exposuimus,
3200 3600 3311 3652 quo
3341 3585 3470 3653 ejus
3501 3582 3698 3652 vestis,

2063 3654 2162 3724 qui
2194 3654 2450 3707 trabeam
2475 3670 2508 3707 a
2530 3653 2766 3708 domino
2789 3655 3033 3708 missam
3066 3653 3271 3714 induit,
3294 3654 3378 3724 illi
3401 3654 3572 3720 cedit,
3597 3659 3700 3724 qui

2063 3723 2305 3780 missam
2338 3741 2369 3795 a
2401 3724 2639 3779 domino
2670 3725 2901 3794 perfert,
2919 3724 3095 3778 etiam
3128 3725 3188 3778 in
3219 3723 3353 3778 aula
3382 3723 3698 3795 Byzantina

2062 3795 2199 3850 olim
2232 3794 2551 3866 obtinebat,
2585 3799 2649 3849 ut
2677 3812 2745 3850 ex
2769 3796 2875 3850 hoc
2907 3798 3030 3851 loco
3061 3799 3116 3850 et
3148 3795 3320 3862 paulo
3358 3794 3490 3866 poSt
3521 3801 3696 3865 patet,

2060 3875 2114 3922 et
2143 3882 2276 3920 cum
2309 3865 2438 3921 aliis
2471 3867 2668 3920 multis
2707 3867 2992 3922 institutis
3025 3867 3082 3921 in
3114 3865 3384 3921 Turciam
3416 3883 3448 3922 e
3475 3866 3698 3923 Graecia

2062 3937 2351 3992 migravit.

2131 3954 2617 4079 i(ﬁtiliviiitiambranas
2666 4004 3004 4062 ἔπιδίδωται.
3032 4009 3166 4079 Leg.
3214 4012 3316 4064 aut
3344 4003 3699 4079 ἐπιδίδονται,

2059 4085 2124 4135 ut
2156 4081 2444 4152 Draudius
2475 4095 2707 4151 quoque
2751 4081 2810 4135 in
2843 4083 3199 4152 apograph‘o‘
3220 4087 3570 4152 exaraverat,
3603 4090 3702 4152 aut

2058 4154 2311 4222 exaravit
2360 4145 2634 4205 librarius
2684 4167 2844 4206 more
2879 4145 2998 4206 suo
3028 4145 3344 4203 έίτιδίδωται
3387 4167 3487 4222 pro
3518 4145 3697 4204 ἐπιδί-

2059 4218 2210 4276 δοται
2234 4223 2529 4278 schemate
2554 4222 2874 4289 Pindarico,
2890 4239 3005 4294 quo
3027 4223 3347 4294 singularis
3360 4218 3458 4292 p'ro
3482 4222 3696 4294 plurali

2058 4297 2330 4380 po'nitur;
2381 4294 2501 4378 Vi_d.
2533 4295 2610 4380 ad
2640 4311 2694 4364 p.
2736 4295 2863 4380 .221}.
2882 4291 3060 4359 dicta,
3107 4291 3294 4380 uhi'ai
3321 4291 3694 4380 ξὶρεταξνὺμῶν

2057 4360 2326 4440 avster/texi
2381 4367 2498 4440 φῶς
2542 4360 2682 4440 μέγά
2736 4364 2946 4440 legitur
2990 4381 3089 4440 pro
3145 4360 3444 4440 ἀνέτειλαν.
3495 4360 3695 4440 Neque

2057 4439 2280 4504 dubito,
2314 4435 2691 4508 schemahoc
2721 4441 2778 4490 et
2806 4437 2943 4490 olim
2977 4435 3142 4506 vulgo
3175 4437 3366 4490 Graeco
3410 4435 3689 4508 antiquis-

2055 4510 2204 4563 simo
2234 4509 2294 4562 in
2319 4523 2424 4561 usu
2444 4512 2502 4561 et
2526 4506 2656 4561 aliis
2679 4523 2906 4577 quoque
2929 4508 3264 4562 recentioris
3285 4506 3693 4563 astatisGriecis

2055 4578 2439 4650 scriptoribus
2469 4579 2677 4650 tritum
2710 4578 2905 4650 fuisse.
2939 4579 3206 4648 quamvis
3239 4579 3614 4650 probatiores,
3633 4583 3692 4634 et

2056 4647 2213 4705 aurei
2246 4649 2418 4704 veluti
2451 4648 2763 4720 scriptores
2792 4649 2862 4703 ab
2893 4647 3100 4704 eo’sibi
3134 4647 3408 4704 caverint.
3452 4647 3690 4720 Malalas

2056 4727 2206 4810 certe
2237 4723 2308 4776 ab
2338 4735 2497 4810 eo‘se
2529 4717 2978 4810 n‘onnabsti’nuit,
3011 4721 3200 4810 qu’i‘tp.
3237 4721 3370 4806 161ξ
3404 4724 3500 4773 Ἦν
3532 4717 3583 4772 ὲν
3613 4722 3681 4810 Eii

2051 4789 2210 4846 πόλει
2244 4787 2574 4862 συναλλαγαί
2621 4789 2908 4861 Ῥωμαίων
2941 4787 3045 4844 καῖ
3081 4787 3312 4862 Οἱῖννων,
3345 4793 3408 4846 in
3453 4807 3516 4846 ea
3546 4787 3684 4846 urbe

2051 4863 2310 4920 Romanis
2328 4880 2452 4918 cum
2473 4863 2684 4917 Hunni:
2714 4867 2892 4931 erant,
2923 4863 3384 4930 intercedebant,
3415 4876 3680 4917 commer-

2048 4937 2174 4996 cia;
2206 4935 2303 4990 ubi
2337 4935 2548 4988 frustra
2587 4942 2671 4989 est
2700 4933 3023 4989 Chilmead.
3060 4943 3280 4988 mutare
3309 4937 3558 4987 tentans.
3591 4932 3684 4987 Si-

2049 5004 2161 5077 l_uit
2188 5009 2339 5062 certe
2369 5006 2438 5077 ad
2468 5021 2540 5077 _p.
2572 5005 2697 5072 210,
2727 5005 2831 5077 _ubi
2862 5005 3120 5077 legitur:
3157 5005 3260 5077 Ἦν
3284 5001 3386 5077 γὰρ
3430 4996 3685 5077 λαϐόντες

2049 5074 2332 5150 ᾀπόκρισιν
2390 5073 2500 5150 uno
2533 5078 2635 5150 τοῦ
2682 5075 2858 5150 αὐτῶν
2909 5073 3198 5150 βασιλέως.
3234 5073 3456 5150 Pariter
3479 5073 3681 5150 ﬁvprp

2046 5144 2386 5215 ﬁcav'habet
2415 5147 2728 5218 Sophocles
2755 5144 3024 5202 Trachin.
3053 5147 3180 5210 529,
3204 5146 3303 5199 ubi
3336 5144 3678 5218 vid._Scbol.

2047 5222 2158 5299 Sed
2190 5225 2390 5299 erunt,
2411 5215 2626 5299 quibus
2660 5220 2774 5299 hac
2800 5221 2983 5274 forma
3003 5222 3299 5299 contracta
3327 5233 3430 5299 pro
3453 5215 3677 5299 integro

2044 5291 2180 5360 ἦσαν
2211 5285 2494 5355 videatur,
2539 5297 2600 5345 ut
2633 5288 2839 5362 μίχθην
2870 5305 2975 5361 pro
3028 5285 3300 5361 μίχθησαν
3328 5285 3408 5344 'et
3463 5285 3679 5344 similia

2043 5363 2191 5436 apud
2231 5365 2562 5436 Homerum.

2114 5435 2228 5505 (42)
2257 5431 2774 5505 Promotiones,_ab
2811 5424 3174 5498 ἀναϐιϐάζειν,
3199 5432 3280 5505 Ain
3328 5431 3675 5505 atioremjog

2040 5501 2165 5560 cuin
2195 5501 2548 5576 promovere;
2581 5502 2697 5556 vid.
2742 5501 2830 5576 Du
2857 5505 3045 5572 Cange
3076 5520 3129 5558 ν.
3171 5503 3528 5576 Αηαὸαινηηι.
3562 5502 3675 5557 Sed

2041 5572 2332 5648 quomodo
2357 5577 2575 5648 poterat
2599 5589 2734 5628 curo
2743 5572 2930 5648 palata
2950 5577 3318 5648 promotion"
3337 5576 3474 5648 dare
3491 5573 3520 5628 ?
3551 5577 3672 5648 Non

2040 5643 2194 5704 certe
2225 5648 2283 5702 in
2307 5643 2658 5702 ofﬁcialibus
2679 5644 2843 5715 aulis,
2872 5647 2971 5699 sed
3002 5645 3062 5700 in
3097 5646 3419 5703 ministerio
3450 5661 3579 5714 suo,
3613 5644 3673 5699 in

2037 5719 2256 5845 {Gemina
2287 5717 2530 5843 pzilvzata,
2565 5715 2639 5772 ad
2660 5715 3104 5789 dispositionem
3135 5733 3302 5774 suam
3325 5717 3672 5790 pertinente.

2081 5807 2152 5845 on
2185 5831 2200 5845 .
2233 5805 2290 5845 ο.
2433 5825 2446 5842 .

2081 5805 2200 5848 oni.
2231 5805 2290 5859 p.
2321 5805 2446 5843 uz.
