  <div class='ocr_page' id='page_1' title='image "/cluster/home/n/w/nwhite01/storage/ocr_20150623/112/mdp.39015034364078/664.png"; bbox 0 0 4088 6300; ppageno 0'>
   <div class='ocr_carea' id='block_1_1' title="bbox 254 337 408 399">
    <p class='ocr_par' dir='ltr' id='par_1_1' title="bbox 254 337 408 399">
     <span class='ocr_line' id='line_1_1' title="bbox 254 337 408 399; baseline -0.006 0"><span class='ocrx_word' id='word_1_1' title='bbox 254 337 408 399; x_wconf 79' lang='grc'><strong>1313</strong></span> 
     </span>
    </p>
   </div>
   <div class='ocr_carea' id='block_1_2' title="bbox 1129 343 2946 411">
    <p class='ocr_par' dir='ltr' id='par_1_2' title="bbox 1129 343 2946 411">
     <span class='ocr_line' id='line_1_2' title="bbox 1129 343 2946 411; baseline 0.002 -9"><span class='ocrx_word' id='word_1_2' title='bbox 1129 343 1229 402; x_wconf 93' lang='lat' dir='ltr'><strong>DE</strong></span> <span class='ocrx_word' id='word_1_3' title='bbox 1273 344 1728 407; x_wconf 77' lang='lat' dir='ltr'><strong>CERIMONIIS</strong></span> <span class='ocrx_word' id='word_1_4' title='bbox 1771 344 2005 407; x_wconf 73' lang='lat' dir='ltr'><strong>AUL/E</strong></span> <span class='ocrx_word' id='word_1_5' title='bbox 2046 347 2531 411; x_wconf 74' lang='lat' dir='ltr'><strong>BYZANTlN/E</strong></span> <span class='ocrx_word' id='word_1_6' title='bbox 2573 348 2724 410; x_wconf 92' lang='lat' dir='ltr'><strong>LIB.</strong></span> <span class='ocrx_word' id='word_1_7' title='bbox 2771 349 2851 410; x_wconf 91' lang='lat' dir='ltr'><strong>II.</strong></span> <span class='ocrx_word' id='word_1_8' title='bbox 2943 400 2946 405; x_wconf 78' lang='lat'><strong>.</strong></span> 
     </span>
    </p>
   </div>
   <div class='ocr_carea' id='block_1_3' title="bbox 3496 349 3653 414">
    <p class='ocr_par' dir='ltr' id='par_1_3' title="bbox 3496 349 3653 414">
     <span class='ocr_line' id='line_1_3' title="bbox 3496 349 3653 414; baseline -0.019 0"><span class='ocrx_word' id='word_1_9' title='bbox 3496 349 3653 414; x_wconf 74' lang='lat' dir='ltr'><strong>13M</strong></span> 
     </span>
    </p>
   </div>
   <div class='ocr_carea' id='block_1_4' title="bbox 249 467 1907 556">
    <p class='ocr_par' dir='ltr' id='par_1_4' title="bbox 249 467 1896 547">
     <span class='ocr_line' id='line_1_4' title="bbox 249 467 1896 547; baseline 0.004 -23"><span class='ocrx_word' id='word_1_10' title='bbox 249 489 361 545; x_wconf 90' lang='grc' dir='ltr'><strong>χου</strong></span> <span class='ocrx_word' id='word_1_11' title='bbox 394 467 692 543; x_wconf 81' lang='grc' dir='ltr'><strong>Πρασὶνων·</strong></span> <span class='ocrx_word' id='word_1_12' title='bbox 740 473 813 526; x_wconf 77' lang='grc' dir='ltr'><strong>νθ⁸</strong></span> <span class='ocrx_word' id='word_1_13' title='bbox 860 473 895 541; x_wconf 80' lang='grc' dir='ltr'><strong>ἡ</strong></span> <span class='ocrx_word' id='word_1_14' title='bbox 943 475 1040 526; x_wconf 79' lang='grc' dir='ltr'><strong>τοῦ</strong></span> <span class='ocrx_word' id='word_1_15' title='bbox 1090 479 1191 541; x_wconf 80' lang='grc' dir='ltr'><strong>τῆς</strong></span> <span class='ocrx_word' id='word_1_16' title='bbox 1235 475 1633 538; x_wconf 74' lang='grc' dir='ltr'><strong>καταστάσεως·</strong></span> <span class='ocrx_word' id='word_1_17' title='bbox 1734 479 1769 547; x_wconf 83' lang='grc' dir='ltr'><strong>ή</strong></span> <span class='ocrx_word' id='word_1_18' title='bbox 1800 482 1896 533; x_wconf 77' lang='grc' dir='ltr'><strong>τοῦ</strong></span> 
     </span>
    </p>
   </div>
   <div class='ocr_carea' id='block_1_5' title="bbox 2017 467 3656 556">
    <p class='ocr_par' dir='ltr' id='par_1_5' title="bbox 2017 481 3656 556">
     <span class='ocr_line' id='line_1_5' title="bbox 2017 481 3656 556; baseline 0.004 -20"><span class='ocrx_word' id='word_1_19' title='bbox 2017 490 2301 553; x_wconf 84' lang='lat' dir='ltr'><strong>postrema</strong></span> <span class='ocrx_word' id='word_1_20' title='bbox 2331 486 2420 538; x_wconf 90' lang='lat' dir='ltr'><strong>est</strong></span> <span class='ocrx_word' id='word_1_21' title='bbox 2448 482 2706 538; x_wconf 87' lang='lat' dir='ltr'><strong>solitaria</strong></span> <span class='ocrx_word' id='word_1_22' title='bbox 2730 481 2938 539; x_wconf 77' lang='lat' dir='ltr'><strong>classis</strong></span> <span class='ocrx_word' id='word_1_23' title='bbox 2968 483 3240 556; x_wconf 83' lang='lat' dir='ltr'><strong>[singulis</strong></span> <span class='ocrx_word' id='word_1_24' title='bbox 3287 484 3656 554; x_wconf 89' lang='lat' dir='ltr'><strong>hominibus,</strong></span> 
     </span>
    </p>
   </div>
   <div class='ocr_carea' id='block_1_6' title="bbox 251 555 1904 640">
    <p class='ocr_par' dir='ltr' id='par_1_6' title="bbox 251 555 1904 640">
     <span class='ocr_line' id='line_1_6' title="bbox 251 555 1904 640; baseline 0.005 -29"><span class='ocrx_word' id='word_1_25' title='bbox 251 555 581 631; x_wconf 80' lang='grc' dir='ltr'>ὃομεστίκου</span> <span class='ocrx_word' id='word_1_26' title='bbox 609 563 715 612; x_wconf 83' lang='grc' dir='ltr'><strong>τῶν</strong></span> <span class='ocrx_word' id='word_1_27' title='bbox 767 559 1094 634; x_wconf 79' lang='grc' dir='ltr'><strong>βασιλικῶν.</strong></span> <span class='ocrx_word' id='word_1_28' title='bbox 1155 562 1248 616; x_wconf 84' lang='grc' dir='ltr'><strong>Καὶ</strong></span> <span class='ocrx_word' id='word_1_29' title='bbox 1302 563 1458 616; x_wconf 83' lang='grc' dir='ltr'><strong>αὗται</strong></span> <span class='ocrx_word' id='word_1_30' title='bbox 1505 565 1573 618; x_wconf 79' lang='grc' dir='ltr'><strong>τὰ</strong></span> <span class='ocrx_word' id='word_1_31' title='bbox 1616 569 1707 618; x_wconf 75' lang='grc' dir='ltr'><strong>νῦν</strong></span> <span class='ocrx_word' id='word_1_32' title='bbox 1736 588 1904 640; x_wconf 87' lang='grc' dir='ltr'><strong>τιμη-</strong></span> 
     </span>
    </p>
   </div>
   <div class='ocr_carea' id='block_1_7' title="bbox 251 647 1906 726">
    <p class='ocr_par' dir='ltr' id='par_1_7' title="bbox 251 647 1906 726">
     <span class='ocr_line' id='line_1_7' title="bbox 251 647 1906 726; baseline 0.005 -24"><span class='ocrx_word' id='word_1_33' title='bbox 251 655 426 712; x_wconf 81' lang='grc' dir='ltr'>θεῖσαι</span> <span class='ocrx_word' id='word_1_34' title='bbox 476 649 619 718; x_wconf 79' lang='grc' dir='ltr'>ἀξίαι</span> <span class='ocrx_word' id='word_1_35' title='bbox 671 649 758 705; x_wconf 83' lang='grc' dir='ltr'>ἐπὶ</span> <span class='ocrx_word' id='word_1_36' title='bbox 810 654 1035 708; x_wconf 80' lang='grc' dir='ltr'>Λὲοντος</span> <span class='ocrx_word' id='word_1_37' title='bbox 1082 647 1366 710; x_wconf 79' lang='grc' dir='ltr'><strong>δεσπότοῦ.</strong></span> <span class='ocrx_word' id='word_1_38' title='bbox 1426 658 1768 726; x_wconf 82' lang='grc' dir='ltr'>Διαιροῦνται</span> <span class='ocrx_word' id='word_1_39' title='bbox 1814 658 1906 711; x_wconf 79' lang='grc' dir='ltr'>οὖν</span> 
     </span>
    </p>
   </div>
   <div class='ocr_carea' id='block_1_8' title="bbox 246 738 1904 816">
    <p class='ocr_par' dir='ltr' id='par_1_8' title="bbox 246 738 1904 816">
     <span class='ocr_line' id='line_1_8' title="bbox 246 738 1904 816; baseline 0.004 -24"><span class='ocrx_word' id='word_1_40' title='bbox 246 738 410 792; x_wconf 75' lang='grc' dir='ltr'>αὗται</span> <span class='ocrx_word' id='word_1_41' title='bbox 451 743 616 792; x_wconf 81' lang='grc' dir='ltr'>πᾶσαι</span> <span class='ocrx_word' id='word_1_42' title='bbox 648 738 727 802; x_wconf 74' lang='grc' dir='ltr'><strong>εἷς</strong></span> <span class='ocrx_word' id='word_1_43' title='bbox 767 739 904 812; x_wconf 78' lang='grc' dir='ltr'>μὲρη</span> <span class='ocrx_word' id='word_1_44' title='bbox 955 739 1109 808; x_wconf 76' lang='grc' dir='ltr'><strong>ἑπτὰ,</strong></span> <span class='ocrx_word' id='word_1_45' title='bbox 1155 741 1272 794; x_wconf 81' lang='grc' dir='ltr'><strong>οἷον</strong></span> <span class='ocrx_word' id='word_1_46' title='bbox 1323 740 1398 801; x_wconf 78' lang='grc' dir='ltr'><strong>εἷς</strong></span> <span class='ocrx_word' id='word_1_47' title='bbox 1431 745 1792 816; x_wconf 84' lang='grc' dir='ltr'><strong>στρατηγοὺς,</strong></span> <span class='ocrx_word' id='word_1_48' title='bbox 1827 745 1904 806; x_wconf 80' lang='grc' dir='ltr'><strong>εἷς</strong></span> 
     </span>
    </p>
   </div>
   <div class='ocr_carea' id='block_1_9' title="bbox 247 823 1906 904">
    <p class='ocr_par' dir='ltr' id='par_1_9' title="bbox 247 823 1906 904">
     <span class='ocr_line' id='line_1_9' title="bbox 247 823 1906 904; baseline 0.004 -24"><span class='ocrx_word' id='word_1_49' title='bbox 247 823 636 900; x_wconf 82' lang='grc' dir='ltr'>δομεστίκους,</span> <span class='ocrx_word' id='word_1_50' title='bbox 686 828 762 889; x_wconf 87' lang='grc' dir='ltr'><strong>εἷς</strong></span> <span class='ocrx_word' id='word_1_51' title='bbox 810 829 1017 902; x_wconf 82' lang='grc' dir='ltr'><strong>κριτὰς,</strong></span> <span class='ocrx_word' id='word_1_52' title='bbox 1076 828 1153 890; x_wconf 83' lang='grc' dir='ltr'><strong>εἰς</strong></span> <span class='ocrx_word' id='word_1_53' title='bbox 1212 828 1553 902; x_wconf 78' lang='grc' dir='ltr'><strong>σεκρετικοὺς</strong></span> <span class='ocrx_word' id='word_1_54' title='bbox 1598 830 1674 890; x_wconf 80' lang='grc' dir='ltr'><strong>εἷς</strong></span> <span class='ocrx_word' id='word_1_55' title='bbox 1725 830 1906 904; x_wconf 83' lang='grc' dir='ltr'>δημο-</span> 
     </span>
    </p>
   </div>
   <div class='ocr_carea' id='block_1_10' title="bbox 243 914 1903 992">
    <p class='ocr_par' dir='ltr' id='par_1_10' title="bbox 243 914 1903 992">
     <span class='ocr_line' id='line_1_10' title="bbox 243 914 1903 992; baseline 0.003 -23"><span class='ocrx_word' id='word_1_56' title='bbox 243 915 475 988; x_wconf 83' lang='grc' dir='ltr'><strong>κράτας,</strong></span> <span class='ocrx_word' id='word_1_57' title='bbox 510 914 587 976; x_wconf 78' lang='grc' dir='ltr'><strong>εἷς</strong></span> <span class='ocrx_word' id='word_1_58' title='bbox 637 917 978 992; x_wconf 83' lang='grc' dir='ltr'><strong>στρατάρχας</strong></span> <span class='ocrx_word' id='word_1_59' title='bbox 1023 915 1112 971; x_wconf 83' lang='grc' dir='ltr'>καὶ</span> <span class='ocrx_word' id='word_1_60' title='bbox 1165 918 1239 978; x_wconf 88' lang='grc' dir='ltr'><strong>εἰς</strong></span> <span class='ocrx_word' id='word_1_61' title='bbox 1289 915 1494 980; x_wconf 78' lang='grc' dir='ltr'>εἰδικὰς</span> <span class='ocrx_word' id='word_1_62' title='bbox 1539 919 1704 991; x_wconf 86' lang='grc' dir='ltr'>μόνας</span> <span class='ocrx_word' id='word_1_63' title='bbox 1735 920 1903 990; x_wconf 82' lang='grc' dir='ltr'><strong>ἀξίας.</strong></span> 
     </span>
    </p>
   </div>
   <div class='ocr_carea' id='block_1_11' title="bbox 242 1002 1904 1082">
    <p class='ocr_par' dir='ltr' id='par_1_11' title="bbox 242 1002 1904 1082">
     <span class='ocr_line' id='line_1_11' title="bbox 242 1002 1904 1082; baseline 0.001 -22"><span class='ocrx_word' id='word_1_64' title='bbox 242 1005 414 1060; x_wconf 77' lang='grc' dir='ltr'><strong>’Όσαι</strong></span> <span class='ocrx_word' id='word_1_65' title='bbox 463 1002 514 1057; x_wconf 82' lang='grc' dir='ltr'><strong>ἐν</strong></span> <span class='ocrx_word' id='word_1_66' title='bbox 569 1008 685 1066; x_wconf 86' lang='grc' dir='ltr'><strong>ταῖς</strong></span> <span class='ocrx_word' id='word_1_67' title='bbox 737 1009 846 1058; x_wconf 90' lang='grc' dir='ltr'><strong>τῶν</strong></span> <span class='ocrx_word' id='word_1_68' title='bbox 899 1011 1217 1082; x_wconf 79' lang='grc' dir='ltr'><strong>στρατηγῶν</strong></span> <span class='ocrx_word' id='word_1_69' title='bbox 1265 1008 1683 1062; x_wconf 81' lang='grc' dir='ltr'><strong>κατατάττονται</strong></span> <span class='ocrx_word' id='word_1_70' title='bbox 1731 1009 1904 1080; x_wconf 77' lang='grc' dir='ltr'><strong>τάξεις</strong></span> 
     </span>
    </p>
   </div>
   <div class='ocr_carea' id='block_1_12' title="bbox 242 1092 1905 1172">
    <p class='ocr_par' dir='ltr' id='par_1_12' title="bbox 242 1092 1905 1172">
     <span class='ocr_line' id='line_1_12' title="bbox 242 1092 1905 1172; baseline 0.004 -26"><span class='ocrx_word' id='word_1_71' title='bbox 242 1093 356 1146; x_wconf 83' lang='grc' dir='ltr'><strong>εἰσι</strong></span> <span class='ocrx_word' id='word_1_72' title='bbox 388 1092 478 1146; x_wconf 74' lang='grc' dir='ltr'><strong>τὸν</strong></span> <span class='ocrx_word' id='word_1_73' title='bbox 521 1093 748 1167; x_wconf 86' lang='grc' dir='ltr'><strong>ἀριθμὸν</strong></span> <span class='ocrx_word' id='word_1_74' title='bbox 788 1094 884 1154; x_wconf 74' lang='lat' dir='ltr'><strong>xc&quot;</strong></span> <span class='ocrx_word' id='word_1_75' title='bbox 919 1095 946 1148; x_wconf 98' lang='lat'><strong>6</strong></span> <span class='ocrx_word' id='word_1_76' title='bbox 979 1096 1279 1172; x_wconf 82' lang='grc' dir='ltr'><strong>στρατηγὸς</strong></span> <span class='ocrx_word' id='word_1_77' title='bbox 1319 1099 1426 1151; x_wconf 85' lang='grc' dir='ltr'>τῶν</span> <span class='ocrx_word' id='word_1_78' title='bbox 1458 1097 1842 1153; x_wconf 80' lang='grc' dir='ltr'>Ἀνατολικῶνο</span> <span class='ocrx_word' id='word_1_79' title='bbox 1878 1100 1905 1152; x_wconf 94' lang='lat'><strong>6</strong></span> 
     </span>
    </p>
   </div>
   <div class='ocr_carea' id='block_1_13' title="bbox 242 1181 1902 1259">
    <p class='ocr_par' dir='ltr' id='par_1_13' title="bbox 242 1181 1902 1259">
     <span class='ocr_line' id='line_1_13' title="bbox 242 1181 1902 1259; baseline 0.004 -25"><span class='ocrx_word' id='word_1_80' title='bbox 242 1181 560 1256; x_wconf 83' lang='grc' dir='ltr'><strong>στρατηγὸς</strong></span> <span class='ocrx_word' id='word_1_81' title='bbox 588 1185 695 1236; x_wconf 89' lang='grc' dir='ltr'>τῶν</span> <span class='ocrx_word' id='word_1_82' title='bbox 729 1183 1119 1256; x_wconf 69' lang='grc' dir='ltr'><strong>Ἀρμενιάκωψ</strong></span> <span class='ocrx_word' id='word_1_83' title='bbox 1155 1185 1183 1238; x_wconf 87' lang='grc' dir='ltr'>ὁ</span> <span class='ocrx_word' id='word_1_84' title='bbox 1216 1186 1518 1259; x_wconf 88' lang='grc' dir='ltr'><strong>στρατηγὸς</strong></span> <span class='ocrx_word' id='word_1_85' title='bbox 1554 1189 1660 1240; x_wconf 89' lang='grc' dir='ltr'>τῶν</span> <span class='ocrx_word' id='word_1_86' title='bbox 1691 1193 1902 1259; x_wconf 80' lang='grc' dir='ltr'><strong>Θρᾳκη-</strong></span> 
     </span>
    </p>
   </div>
   <div class='ocr_carea' id='block_1_14' title="bbox 239 1268 1906 1349">
    <p class='ocr_par' dir='ltr' id='par_1_14' title="bbox 239 1268 1906 1349">
     <span class='ocr_line' id='line_1_14' title="bbox 239 1268 1906 1349; baseline 0.005 -27"><span class='ocrx_word' id='word_1_87' title='bbox 239 1268 404 1323; x_wconf 84' lang='grc' dir='ltr'>σίων’</span> <span class='ocrx_word' id='word_1_88' title='bbox 439 1269 466 1322; x_wconf 97' lang='lat'><strong>6</strong></span> <span class='ocrx_word' id='word_1_89' title='bbox 497 1270 679 1342; x_wconf 80' lang='grc' dir='ltr'>κόμης</span> <span class='ocrx_word' id='word_1_90' title='bbox 697 1274 793 1324; x_wconf 79' lang='grc' dir='ltr'><strong>τοῦ</strong></span> <span class='ocrx_word' id='word_1_91' title='bbox 817 1271 1056 1344; x_wconf 84' lang='grc' dir='ltr'>ὀψικίου·</span> <span class='ocrx_word' id='word_1_92' title='bbox 1083 1273 1110 1325; x_wconf 92' lang='lat'><strong>6</strong></span> <span class='ocrx_word' id='word_1_93' title='bbox 1135 1274 1440 1348; x_wconf 83' lang='grc' dir='ltr'><strong>στρατηγὸς</strong></span> <span class='ocrx_word' id='word_1_94' title='bbox 1467 1279 1574 1328; x_wconf 88' lang='grc' dir='ltr'><strong>τῶν</strong></span> <span class='ocrx_word' id='word_1_95' title='bbox 1603 1273 1906 1349; x_wconf 86' lang='grc' dir='ltr'>βουκελλα·</span> 
     </span>
    </p>
   </div>
   <div class='ocr_carea' id='block_1_15' title="bbox 233 1356 1906 1438">
    <p class='ocr_par' dir='ltr' id='par_1_15' title="bbox 233 1356 1906 1438">
     <span class='ocr_line' id='line_1_15' title="bbox 233 1356 1906 1438; baseline 0.004 -28"><span class='ocrx_word' id='word_1_96' title='bbox 233 1356 404 1432; x_wconf 80' lang='grc' dir='ltr'><strong>ρεων·</strong></span> <span class='ocrx_word' id='word_1_97' title='bbox 440 1359 466 1412; x_wconf 85' lang='lat'><strong>6</strong></span> <span class='ocrx_word' id='word_1_98' title='bbox 497 1359 794 1432; x_wconf 84' lang='grc' dir='ltr'><strong>στρατηγὸς</strong></span> <span class='ocrx_word' id='word_1_99' title='bbox 838 1357 1239 1421; x_wconf 81' lang='grc' dir='ltr'><strong>Καππαδοκίας·</strong></span> <span class='ocrx_word' id='word_1_100' title='bbox 1275 1361 1302 1414; x_wconf 97' lang='lat'><strong>6</strong></span> <span class='ocrx_word' id='word_1_101' title='bbox 1334 1363 1638 1436; x_wconf 86' lang='grc' dir='ltr'><strong>στρατηγὸς</strong></span> <span class='ocrx_word' id='word_1_102' title='bbox 1670 1364 1906 1438; x_wconf 84' lang='grc' dir='ltr'><strong>Χαρσια-</strong></span> 
     </span>
    </p>
   </div>
   <div class='ocr_carea' id='block_1_16' title="bbox 229 1444 1906 1527">
    <p class='ocr_par' dir='ltr' id='par_1_16' title="bbox 229 1444 1906 1527">
     <span class='ocr_line' id='line_1_16' title="bbox 229 1444 1906 1527; baseline 0.003 -27"><span class='ocrx_word' id='word_1_103' title='bbox 229 1450 366 1500; x_wconf 83' lang='grc' dir='ltr'><strong>νοῦ·</strong></span> <span class='ocrx_word' id='word_1_104' title='bbox 403 1447 430 1500; x_wconf 94' lang='lat'><strong>6</strong></span> <span class='ocrx_word' id='word_1_105' title='bbox 462 1447 764 1520; x_wconf 85' lang='grc' dir='ltr'><strong>στρατηγὸς</strong></span> <span class='ocrx_word' id='word_1_106' title='bbox 809 1444 1140 1509; x_wconf 85' lang='grc' dir='ltr'>Κολωνείας·</span> <span class='ocrx_word' id='word_1_107' title='bbox 1194 1450 1221 1502; x_wconf 92' lang='lat'><strong>6</strong></span> <span class='ocrx_word' id='word_1_108' title='bbox 1275 1450 1578 1524; x_wconf 87' lang='grc' dir='ltr'><strong>στρατηγὸς</strong></span> <span class='ocrx_word' id='word_1_109' title='bbox 1621 1449 1906 1527; x_wconf 75' lang='grc' dir='ltr'><strong>Παφλαγο-</strong></span> 
     </span>
    </p>
   </div>
   <div class='ocr_carea' id='block_1_17' title="bbox 237 1533 1910 1612">
    <p class='ocr_par' dir='ltr' id='par_1_17' title="bbox 237 1533 1910 1612">
     <span class='ocr_line' id='line_1_17' title="bbox 237 1533 1910 1612; baseline 0.001 -22"><span class='ocrx_word' id='word_1_110' title='bbox 237 1533 392 1596; x_wconf 73' lang='grc' dir='ltr'>νίας.</span> <span class='ocrx_word' id='word_1_111' title='bbox 425 1535 452 1588; x_wconf 97' lang='lat'><strong>6</strong></span> <span class='ocrx_word' id='word_1_112' title='bbox 482 1535 780 1609; x_wconf 83' lang='grc' dir='ltr'><strong>στρατηγὸς</strong></span> <span class='ocrx_word' id='word_1_113' title='bbox 817 1541 916 1603; x_wconf 84' lang='grc' dir='ltr'><strong>τῆς</strong></span> <span class='ocrx_word' id='word_1_114' title='bbox 945 1537 1186 1609; x_wconf 72' lang='grc' dir='ltr'><strong>Θρᾴκης·</strong></span> <span class='ocrx_word' id='word_1_115' title='bbox 1223 1538 1250 1590; x_wconf 88' lang='lat'><strong>6</strong></span> <span class='ocrx_word' id='word_1_116' title='bbox 1282 1539 1580 1612; x_wconf 81' lang='grc' dir='ltr'><strong>στρατηγὸς</strong></span> <span class='ocrx_word' id='word_1_117' title='bbox 1614 1536 1910 1595; x_wconf 81' lang='grc' dir='ltr'>Μακεδονί-</span> 
     </span>
    </p>
   </div>
   <div class='ocr_carea' id='block_1_18' title="bbox 237 1621 1909 1702">
    <p class='ocr_par' dir='ltr' id='par_1_18' title="bbox 237 1621 1909 1702">
     <span class='ocr_line' id='line_1_18' title="bbox 237 1621 1909 1702; baseline 0.002 -24"><span class='ocrx_word' id='word_1_118' title='bbox 237 1643 329 1685; x_wconf 86' lang='grc' dir='ltr'>ας·</span> <span class='ocrx_word' id='word_1_119' title='bbox 370 1625 398 1677; x_wconf 92' lang='lat'><strong>6</strong></span> <span class='ocrx_word' id='word_1_120' title='bbox 430 1624 734 1698; x_wconf 85' lang='grc' dir='ltr'><strong>στρατηγὸς</strong></span> <span class='ocrx_word' id='word_1_121' title='bbox 768 1621 1026 1684; x_wconf 80' lang='grc' dir='ltr'><strong>ΧαΛδίας.</strong></span> <span class='ocrx_word' id='word_1_122' title='bbox 1052 1627 1217 1679; x_wconf 77' lang='grc' dir='ltr'>Λΰται</span> <span class='ocrx_word' id='word_1_123' title='bbox 1243 1622 1335 1678; x_wconf 81' lang='grc' dir='ltr'><strong>οὗν</strong></span> <span class='ocrx_word' id='word_1_124' title='bbox 1359 1626 1415 1680; x_wconf 82' lang='lat' dir='ltr'><strong>al</strong></span> <span class='ocrx_word' id='word_1_125' title='bbox 1439 1628 1766 1702; x_wconf 78' lang='grc' dir='ltr'><strong>στρατηγίαι</strong></span> <span class='ocrx_word' id='word_1_126' title='bbox 1791 1634 1909 1690; x_wconf 81' lang='grc' dir='ltr'><strong>τοῖς</strong></span> 
     </span>
    </p>
   </div>
   <div class='ocr_carea' id='block_1_19' title="bbox 232 1709 1904 1787">
    <p class='ocr_par' dir='ltr' id='par_1_19' title="bbox 232 1709 1904 1787">
     <span class='ocr_line' id='line_1_19' title="bbox 232 1709 1904 1787; baseline 0.002 -22"><span class='ocrx_word' id='word_1_127' title='bbox 232 1711 627 1772; x_wconf 86' lang='grc' dir='ltr'><strong>Ἀνατολικοῖς</strong></span> <span class='ocrx_word' id='word_1_128' title='bbox 673 1709 896 1784; x_wconf 79' lang='grc' dir='ltr'>θέμασιν</span> <span class='ocrx_word' id='word_1_129' title='bbox 938 1709 1316 1787; x_wconf 75' lang='grc' dir='ltr'><strong>ἀριθμοῦνται·</strong></span> <span class='ocrx_word' id='word_1_130' title='bbox 1369 1717 1421 1768; x_wconf 78' lang='grc' dir='ltr'><strong>αἱ</strong></span> <span class='ocrx_word' id='word_1_131' title='bbox 1472 1712 1529 1768; x_wconf 74' lang='grc' dir='ltr'><strong>δὲ</strong></span> <span class='ocrx_word' id='word_1_132' title='bbox 1565 1722 1662 1785; x_wconf 85' lang='grc' dir='ltr'><strong>τῆς</strong></span> <span class='ocrx_word' id='word_1_133' title='bbox 1695 1714 1904 1777; x_wconf 80' lang='grc' dir='ltr'><strong>Δύσεώς</strong></span> 
     </span>
    </p>
   </div>
   <div class='ocr_carea' id='block_1_20' title="bbox 2011 571 3660 647">
    <p class='ocr_par' dir='ltr' id='par_1_20' title="bbox 2011 571 3660 647">
     <span class='ocr_line' id='line_1_20' title="bbox 2011 571 3660 647; baseline 0.004 -22"><span class='ocrx_word' id='word_1_134' title='bbox 2011 587 2125 625; x_wconf 90' lang='lat' dir='ltr'><strong>non</strong></span> <span class='ocrx_word' id='word_1_135' title='bbox 2158 571 2448 642; x_wconf 86' lang='lat' dir='ltr'><strong>pluribus,</strong></span> <span class='ocrx_word' id='word_1_136' title='bbox 2481 587 2678 626; x_wconf 88' lang='lat' dir='ltr'><strong>earum</strong></span> <span class='ocrx_word' id='word_1_137' title='bbox 2712 571 3087 642; x_wconf 77' lang='lat' dir='ltr'><strong>dignitatum,</strong></span> <span class='ocrx_word' id='word_1_138' title='bbox 3108 573 3377 644; x_wconf 90' lang='lat' dir='ltr'><strong>quasilla</strong></span> <span class='ocrx_word' id='word_1_139' title='bbox 3399 591 3660 647; x_wconf 89' lang='lat' dir='ltr'><strong>compre-</strong></span> 
     </span>
    </p>
   </div>
   <div class='ocr_carea' id='block_1_21' title="bbox 2007 658 3661 735">
    <p class='ocr_par' dir='ltr' id='par_1_21' title="bbox 2007 658 3661 735">
     <span class='ocr_line' id='line_1_21' title="bbox 2007 658 3661 735; baseline 0.003 -21"><span class='ocrx_word' id='word_1_140' title='bbox 2007 658 2229 728; x_wconf 86' lang='lat' dir='ltr'><strong>hcndit,</strong></span> <span class='ocrx_word' id='word_1_141' title='bbox 2243 661 2502 730; x_wconf 90' lang='lat' dir='ltr'><strong>singulas</strong></span> <span class='ocrx_word' id='word_1_142' title='bbox 2514 659 2898 730; x_wconf 76' lang='lat' dir='ltr'><strong>gerentibus].</strong></span> <span class='ocrx_word' id='word_1_143' title='bbox 2915 661 2998 714; x_wconf 83' lang='lat' dir='ltr'><strong>Ad</strong></span> <span class='ocrx_word' id='word_1_144' title='bbox 3015 660 3254 717; x_wconf 76' lang='lat' dir='ltr'><strong>classem</strong></span> <span class='ocrx_word' id='word_1_145' title='bbox 3271 667 3661 735; x_wconf 86' lang='lat' dir='ltr'><strong>strategorum</strong></span> 
     </span>
    </p>
   </div>
   <div class='ocr_carea' id='block_1_22' title="bbox 2010 749 3657 822">
    <p class='ocr_par' dir='ltr' id='par_1_22' title="bbox 2010 749 3657 822">
     <span class='ocr_line' id='line_1_22' title="bbox 2010 749 3657 822; baseline 0.004 -20"><span class='ocrx_word' id='word_1_146' title='bbox 2010 764 2108 803; x_wconf 89' lang='lat' dir='ltr'><strong>seu</strong></span> <span class='ocrx_word' id='word_1_147' title='bbox 2143 750 2594 820; x_wconf 77' lang='lat' dir='ltr'><strong>magistratuum</strong></span> <span class='ocrx_word' id='word_1_148' title='bbox 2627 749 2971 818; x_wconf 73' lang='lat' dir='ltr'><strong>campestris</strong></span> <span class='ocrx_word' id='word_1_149' title='bbox 3003 749 3226 806; x_wconf 79' lang='lat' dir='ltr'><strong>militias</strong></span> <span class='ocrx_word' id='word_1_150' title='bbox 3261 753 3551 822; x_wconf 81' lang='lat' dir='ltr'><strong>pertinent</strong></span> <span class='ocrx_word' id='word_1_151' title='bbox 3579 755 3657 808; x_wconf 91' lang='lat' dir='ltr'><strong>vi-</strong></span> 
     </span>
    </p>
   </div>
   <div class='ocr_carea' id='block_1_23' title="bbox 2008 836 3655 908">
    <p class='ocr_par' dir='ltr' id='par_1_23' title="bbox 2008 836 3655 908">
     <span class='ocr_line' id='line_1_23' title="bbox 2008 836 3655 908; baseline 0.005 -19"><span class='ocrx_word' id='word_1_152' title='bbox 2008 836 2157 907; x_wconf 89' lang='lat' dir='ltr'><strong>ginti</strong></span> <span class='ocrx_word' id='word_1_153' title='bbox 2188 854 2288 891; x_wconf 86' lang='lat' dir='ltr'><strong>sex</strong></span> <span class='ocrx_word' id='word_1_154' title='bbox 2319 839 2553 892; x_wconf 87' lang='lat' dir='ltr'><strong>ordines</strong></span> <span class='ocrx_word' id='word_1_155' title='bbox 2583 838 2670 893; x_wconf 87' lang='lat' dir='ltr'><strong>vel</strong></span> <span class='ocrx_word' id='word_1_156' title='bbox 2701 838 2894 892; x_wconf 86' lang='lat' dir='ltr'><strong>tituli:</strong></span> <span class='ocrx_word' id='word_1_157' title='bbox 2931 842 3219 907; x_wconf 76' lang='lat' dir='ltr'><strong>strategus</strong></span> <span class='ocrx_word' id='word_1_158' title='bbox 3249 840 3655 908; x_wconf 78' lang='lat' dir='ltr'><strong>Orientalium,</strong></span> 
     </span>
    </p>
   </div>
   <div class='ocr_carea' id='block_1_24' title="bbox 2006 926 3650 998">
    <p class='ocr_par' dir='ltr' id='par_1_24' title="bbox 2006 926 3650 998">
     <span class='ocr_line' id='line_1_24' title="bbox 2006 926 3650 998; baseline 0.005 -20"><span class='ocrx_word' id='word_1_159' title='bbox 2006 926 2505 993; x_wconf 89' lang='lat' dir='ltr'><strong>Armeniacorum,</strong></span> <span class='ocrx_word' id='word_1_160' title='bbox 2536 926 3004 994; x_wconf 87' lang='lat' dir='ltr'><strong>Thracesiorum,</strong></span> <span class='ocrx_word' id='word_1_161' title='bbox 3039 929 3266 998; x_wconf 73' lang='lat' dir='ltr'><strong>opsicii,</strong></span> <span class='ocrx_word' id='word_1_162' title='bbox 3303 930 3650 986; x_wconf 89' lang='lat' dir='ltr'><strong>bucellario-</strong></span> 
     </span>
    </p>
   </div>
   <div class='ocr_carea' id='block_1_25' title="bbox 2009 1012 3647 1089">
    <p class='ocr_par' dir='ltr' id='par_1_25' title="bbox 2009 1012 3647 1089">
     <span class='ocr_line' id='line_1_25' title="bbox 2009 1012 3647 1089; baseline 0.005 -23"><span class='ocrx_word' id='word_1_163' title='bbox 2009 1027 2163 1080; x_wconf 86' lang='lat' dir='ltr'><strong>rum,</strong></span> <span class='ocrx_word' id='word_1_164' title='bbox 2178 1012 2569 1083; x_wconf 68' lang='lat' dir='ltr'><strong>Cappadociae,</strong></span> <span class='ocrx_word' id='word_1_165' title='bbox 2584 1016 2913 1082; x_wconf 88' lang='lat' dir='ltr'><strong>Charsiani,</strong></span> <span class='ocrx_word' id='word_1_166' title='bbox 2928 1016 3195 1085; x_wconf 72' lang='lat' dir='ltr'><strong>Colonias,</strong></span> <span class='ocrx_word' id='word_1_167' title='bbox 3215 1019 3647 1089; x_wconf 70' lang='lat' dir='ltr'><strong>Paphlagoniae,</strong></span> 
     </span>
    </p>
   </div>
   <div class='ocr_carea' id='block_1_26' title="bbox 2008 1100 3656 1177">
    <p class='ocr_par' dir='ltr' id='par_1_26' title="bbox 2008 1100 3656 1177">
     <span class='ocr_line' id='line_1_26' title="bbox 2008 1100 3656 1177; baseline 0.004 -21"><span class='ocrx_word' id='word_1_168' title='bbox 2008 1100 2290 1167; x_wconf 77' lang='lat' dir='ltr'><strong>Thracias,</strong></span> <span class='ocrx_word' id='word_1_169' title='bbox 2325 1101 2693 1171; x_wconf 66' lang='lat' dir='ltr'><strong>Macedoniae,</strong></span> <span class='ocrx_word' id='word_1_170' title='bbox 2725 1103 2996 1159; x_wconf 79' lang='lat' dir='ltr'><strong>Chaldias.</strong></span> <span class='ocrx_word' id='word_1_171' title='bbox 3032 1105 3099 1159; x_wconf 87' lang='lat' dir='ltr'><strong>Et</strong></span> <span class='ocrx_word' id='word_1_172' title='bbox 3131 1106 3214 1159; x_wconf 68' lang='lat' dir='ltr'><strong>hae</strong></span> <span class='ocrx_word' id='word_1_173' title='bbox 3230 1108 3462 1177; x_wconf 90' lang='lat' dir='ltr'><strong>quidem</strong></span> <span class='ocrx_word' id='word_1_174' title='bbox 3506 1114 3656 1163; x_wconf 89' lang='lat' dir='ltr'><strong>stra-</strong></span> 
     </span>
    </p>
   </div>
   <div class='ocr_carea' id='block_1_27' title="bbox 2012 1189 3643 1262">
    <p class='ocr_par' dir='ltr' id='par_1_27' title="bbox 2012 1189 3643 1262">
     <span class='ocr_line' id='line_1_27' title="bbox 2012 1189 3643 1262; baseline 0.006 -18"><span class='ocrx_word' id='word_1_175' title='bbox 2012 1189 2178 1262; x_wconf 67' lang='lat' dir='ltr'><strong>tegie</strong></span> <span class='ocrx_word' id='word_1_176' title='bbox 2212 1194 2676 1245; x_wconf 84' lang='lat' dir='ltr'><strong>annumerantur</strong></span> <span class='ocrx_word' id='word_1_177' title='bbox 2698 1190 3057 1248; x_wconf 86' lang='lat' dir='ltr'><strong>thematibus</strong></span> <span class='ocrx_word' id='word_1_178' title='bbox 3105 1193 3517 1252; x_wconf 82' lang='lat' dir='ltr'><strong>Orientalibus.</strong></span> <span class='ocrx_word' id='word_1_179' title='bbox 3561 1198 3643 1252; x_wconf 85' lang='lat' dir='ltr'><strong>Ad</strong></span> 
     </span>
    </p>
   </div>
   <div class='ocr_carea' id='block_1_28' title="bbox 2006 1277 3654 1355">
    <p class='ocr_par' dir='ltr' id='par_1_28' title="bbox 2006 1277 3654 1355">
     <span class='ocr_line' id='line_1_28' title="bbox 2006 1277 3654 1355; baseline 0.004 -21"><span class='ocrx_word' id='word_1_180' title='bbox 2006 1277 2408 1335; x_wconf 87' lang='lat' dir='ltr'><strong>Occidentales</strong></span> <span class='ocrx_word' id='word_1_181' title='bbox 2427 1282 2624 1332; x_wconf 87' lang='lat' dir='ltr'><strong>autem</strong></span> <span class='ocrx_word' id='word_1_182' title='bbox 2640 1279 2934 1349; x_wconf 89' lang='lat' dir='ltr'><strong>pertinent</strong></span> <span class='ocrx_word' id='word_1_183' title='bbox 2946 1285 3235 1352; x_wconf 86' lang='lat' dir='ltr'><strong>strategus</strong></span> <span class='ocrx_word' id='word_1_184' title='bbox 3249 1284 3654 1355; x_wconf 86' lang='lat' dir='ltr'><strong>Peloponnesi,</strong></span> 
     </span>
    </p>
   </div>
   <div class='ocr_carea' id='block_1_29' title="bbox 2007 1366 3657 1447">
    <p class='ocr_par' dir='ltr' id='par_1_29' title="bbox 2007 1366 3657 1447">
     <span class='ocr_line' id='line_1_29' title="bbox 2007 1366 3657 1447; baseline 0.004 -25"><span class='ocrx_word' id='word_1_185' title='bbox 2007 1366 2369 1437; x_wconf 88' lang='lat' dir='ltr'><strong>Nicopoleos,</strong></span> <span class='ocrx_word' id='word_1_186' title='bbox 2398 1366 2942 1436; x_wconf 76' lang='lat' dir='ltr'><strong>Cibyrrhasotarum,</strong></span> <span class='ocrx_word' id='word_1_187' title='bbox 2972 1367 3223 1440; x_wconf 58' lang='lat' dir='ltr'><strong>Graeciae,</strong></span> <span class='ocrx_word' id='word_1_188' title='bbox 3247 1372 3657 1447; x_wconf 70' lang='lat' dir='ltr'><strong>Sicilias,Stry-</strong></span> 
     </span>
    </p>
   </div>
   <div class='ocr_carea' id='block_1_30' title="bbox 2007 1454 3648 1531">
    <p class='ocr_par' dir='ltr' id='par_1_30' title="bbox 2007 1454 3648 1531">
     <span class='ocr_line' id='line_1_30' title="bbox 2007 1454 3648 1531; baseline 0.005 -21"><span class='ocrx_word' id='word_1_189' title='bbox 2007 1455 2220 1521; x_wconf 89' lang='lat' dir='ltr'><strong>monis,</strong></span> <span class='ocrx_word' id='word_1_190' title='bbox 2303 1454 2685 1525; x_wconf 76' lang='lat' dir='ltr'><strong>Cephaieniaa,</strong></span> <span class='ocrx_word' id='word_1_191' title='bbox 2757 1455 3222 1526; x_wconf 89' lang='lat' dir='ltr'><strong>Thessalonicee,</strong></span> <span class='ocrx_word' id='word_1_192' title='bbox 3316 1459 3648 1531; x_wconf 84' lang='lat' dir='ltr'><strong>Dyrhachii,</strong></span> 
     </span>
    </p>
   </div>
   <div class='ocr_carea' id='block_1_31' title="bbox 2007 1543 3659 1620">
    <p class='ocr_par' dir='ltr' id='par_1_31' title="bbox 2007 1543 3659 1620">
     <span class='ocr_line' id='line_1_31' title="bbox 2007 1543 3659 1620; baseline 0.004 -22"><span class='ocrx_word' id='word_1_193' title='bbox 2007 1543 2187 1609; x_wconf 88' lang='lat' dir='ltr'><strong>Sami,</strong></span> <span class='ocrx_word' id='word_1_194' title='bbox 2221 1544 2400 1598; x_wconf 86' lang='lat' dir='ltr'><strong>maris</strong></span> <span class='ocrx_word' id='word_1_195' title='bbox 2430 1543 2962 1613; x_wconf 49' lang='lat' dir='ltr'><strong>[Egeiﬁalmatitm</strong></span> <span class='ocrx_word' id='word_1_196' title='bbox 2985 1544 3302 1602; x_wconf 87' lang='lat' dir='ltr'><strong>Chersonis</strong></span> <span class='ocrx_word' id='word_1_197' title='bbox 3345 1553 3404 1602; x_wconf 91' lang='lat' dir='ltr'><strong>et</strong></span> <span class='ocrx_word' id='word_1_198' title='bbox 3453 1565 3659 1620; x_wconf 57' lang='lat' dir='ltr'><strong>reprae-</strong></span> 
     </span>
    </p>
   </div>
   <div class='ocr_carea' id='block_1_32' title="bbox 2007 1631 3664 1709">
    <p class='ocr_par' dir='ltr' id='par_1_32' title="bbox 2007 1631 3664 1709">
     <span class='ocr_line' id='line_1_32' title="bbox 2007 1631 3664 1709; baseline 0.004 -23"><span class='ocrx_word' id='word_1_199' title='bbox 2007 1639 2302 1686; x_wconf 87' lang='lat' dir='ltr'><strong>sentantes</strong></span> <span class='ocrx_word' id='word_1_200' title='bbox 2335 1631 2691 1687; x_wconf 87' lang='lat' dir='ltr'><strong>scholarum.</strong></span> <span class='ocrx_word' id='word_1_201' title='bbox 2728 1633 3191 1689; x_wconf 89' lang='lat' dir='ltr'><strong>Domesticorum</strong></span> <span class='ocrx_word' id='word_1_202' title='bbox 3225 1651 3328 1691; x_wconf 89' lang='lat' dir='ltr'><strong>seu</strong></span> <span class='ocrx_word' id='word_1_203' title='bbox 3353 1637 3664 1709; x_wconf 84' lang='lat' dir='ltr'><strong>magistra-</strong></span> 
     </span>
    </p>
   </div>
   <div class='ocr_carea' id='block_1_33' title="bbox 2006 1719 3653 1791">
    <p class='ocr_par' dir='ltr' id='par_1_33' title="bbox 2006 1719 3653 1791">
     <span class='ocr_line' id='line_1_33' title="bbox 2006 1719 3653 1791; baseline 0.004 -16"><span class='ocrx_word' id='word_1_204' title='bbox 2006 1724 2172 1775; x_wconf 88' lang='lat' dir='ltr'><strong>tuum</strong></span> <span class='ocrx_word' id='word_1_205' title='bbox 2202 1719 2470 1790; x_wconf 68' lang='lat' dir='ltr'><strong>palatinaa</strong></span> <span class='ocrx_word' id='word_1_206' title='bbox 2495 1721 2844 1791; x_wconf 66' lang='lat' dir='ltr'><strong>pompaticas</strong></span> <span class='ocrx_word' id='word_1_207' title='bbox 2864 1721 3653 1782; x_wconf 71' lang='lat' dir='ltr'><strong>militizeclassesconﬁciunt</strong></span> 
     </span>
    </p>
   </div>
   <div class='ocr_carea' id='block_1_34' title="bbox 238 1800 1907 1896">
    <p class='ocr_par' dir='ltr' id='par_1_34' title="bbox 238 1800 1904 1880">
     <span class='ocr_line' id='line_1_34' title="bbox 238 1800 1904 1880; baseline 0.001 -23"><span class='ocrx_word' id='word_1_208' title='bbox 238 1801 390 1857; x_wconf 86' lang='grc' dir='ltr'>εἰσιν</span> <span class='ocrx_word' id='word_1_209' title='bbox 427 1802 602 1855; x_wconf 76' lang='grc' dir='ltr'><strong>αὗταιο</strong></span> <span class='ocrx_word' id='word_1_210' title='bbox 637 1802 662 1855; x_wconf 89' lang='lat'><strong>6</strong></span> <span class='ocrx_word' id='word_1_211' title='bbox 698 1803 997 1876; x_wconf 86' lang='grc' dir='ltr'><strong>στρατηγὸς</strong></span> <span class='ocrx_word' id='word_1_212' title='bbox 1041 1800 1478 1873; x_wconf 77' lang='grc' dir='ltr'><strong>Πελοποννήσου·</strong></span> <span class='ocrx_word' id='word_1_213' title='bbox 1534 1805 1562 1858; x_wconf 91' lang='lat'><strong>6</strong></span> <span class='ocrx_word' id='word_1_214' title='bbox 1602 1806 1904 1880; x_wconf 78' lang='grc' dir='ltr'><strong>στρατηγὸς</strong></span> 
     </span>
    </p>
   </div>
   <div class='ocr_carea' id='block_1_35' title="bbox 2017 1800 3662 1896">
    <p class='ocr_par' dir='ltr' id='par_1_35' title="bbox 2017 1809 3662 1882">
     <span class='ocr_line' id='line_1_35' title="bbox 2017 1809 3662 1882; baseline 0.004 -18"><span class='ocrx_word' id='word_1_215' title='bbox 2017 1813 2234 1878; x_wconf 84' lang='lat' dir='ltr'><strong>septem</strong></span> <span class='ocrx_word' id='word_1_216' title='bbox 2263 1826 2276 1862; x_wconf 90' lang='lat'><strong>:</strong></span> <span class='ocrx_word' id='word_1_217' title='bbox 2301 1809 2651 1864; x_wconf 88' lang='lat' dir='ltr'><strong>domesticus</strong></span> <span class='ocrx_word' id='word_1_218' title='bbox 2671 1809 3022 1877; x_wconf 90' lang='lat' dir='ltr'><strong>scholarum,</strong></span> <span class='ocrx_word' id='word_1_219' title='bbox 3043 1812 3203 1868; x_wconf 91' lang='lat' dir='ltr'><strong>dom.</strong></span> <span class='ocrx_word' id='word_1_220' title='bbox 3231 1815 3662 1882; x_wconf 82' lang='lat' dir='ltr'><strong>excubitorum,</strong></span> 
     </span>
    </p>
   </div>
   <div class='ocr_carea' id='block_1_36' title="bbox 231 1887 1906 1968">
    <p class='ocr_par' dir='ltr' id='par_1_36' title="bbox 231 1887 1906 1968">
     <span class='ocr_line' id='line_1_36' title="bbox 231 1887 1906 1968; baseline 0.002 -24"><span class='ocrx_word' id='word_1_221' title='bbox 231 1889 633 1952; x_wconf 79' lang='grc' dir='ltr'><strong>Νικοπόλεως·</strong></span> <span class='ocrx_word' id='word_1_222' title='bbox 693 1891 720 1944; x_wconf 91' lang='lat'><strong>6</strong></span> <span class='ocrx_word' id='word_1_223' title='bbox 767 1891 1070 1964; x_wconf 86' lang='grc' dir='ltr'><strong>στρατηγὸς</strong></span> <span class='ocrx_word' id='word_1_224' title='bbox 1134 1887 1576 1966; x_wconf 78' lang='grc' dir='ltr'><strong>Κιϐυῤῥαιωτῶν·</strong></span> <span class='ocrx_word' id='word_1_225' title='bbox 1631 1894 1658 1946; x_wconf 91' lang='lat'><strong>6</strong></span> <span class='ocrx_word' id='word_1_226' title='bbox 1712 1915 1906 1968; x_wconf 88' lang='grc' dir='ltr'><strong>στρατ-</strong></span> 
     </span>
    </p>
   </div>
   <div class='ocr_carea' id='block_1_37' title="bbox 233 1977 1908 2056">
    <p class='ocr_par' dir='ltr' id='par_1_37' title="bbox 233 1977 1908 2056">
     <span class='ocr_line' id='line_1_37' title="bbox 233 1977 1908 2056; baseline 0.001 -21"><span class='ocrx_word' id='word_1_227' title='bbox 233 1981 386 2053; x_wconf 83' lang='grc' dir='ltr'><strong>ηγὸς</strong></span> <span class='ocrx_word' id='word_1_228' title='bbox 433 1977 722 2041; x_wconf 70' lang='grc' dir='ltr'><strong>Ἑλλάδος·</strong></span> <span class='ocrx_word' id='word_1_229' title='bbox 776 1981 803 2034; x_wconf 90' lang='lat'><strong>6</strong></span> <span class='ocrx_word' id='word_1_230' title='bbox 855 1982 1154 2054; x_wconf 84' lang='grc' dir='ltr'><strong>στρατηγὸς</strong></span> <span class='ocrx_word' id='word_1_231' title='bbox 1208 1979 1476 2044; x_wconf 81' lang='grc' dir='ltr'><strong>Σικελίας·</strong></span> <span class='ocrx_word' id='word_1_232' title='bbox 1531 1983 1558 2036; x_wconf 93' lang='lat'><strong>6</strong></span> <span class='ocrx_word' id='word_1_233' title='bbox 1609 1983 1908 2056; x_wconf 87' lang='grc' dir='ltr'><strong>στρατηγὸς</strong></span> 
     </span>
    </p>
   </div>
   <div class='ocr_carea' id='block_1_38' title="bbox 235 2069 1908 2147">
    <p class='ocr_par' dir='ltr' id='par_1_38' title="bbox 235 2069 1908 2147">
     <span class='ocr_line' id='line_1_38' title="bbox 235 2069 1908 2147; baseline 0.001 -22"><span class='ocrx_word' id='word_1_234' title='bbox 235 2069 590 2142; x_wconf 78' lang='grc' dir='ltr'><strong>Στρυμόνος·</strong></span> <span class='ocrx_word' id='word_1_235' title='bbox 656 2070 682 2123; x_wconf 89' lang='grc' dir='ltr'>ὁ</span> <span class='ocrx_word' id='word_1_236' title='bbox 752 2069 1054 2144; x_wconf 85' lang='grc' dir='ltr'><strong>στρατηγὸς</strong></span> <span class='ocrx_word' id='word_1_237' title='bbox 1120 2069 1478 2147; x_wconf 71' lang='grc' dir='ltr'><strong>Κεφαληνίας⁸</strong></span> <span class='ocrx_word' id='word_1_238' title='bbox 1530 2073 1558 2126; x_wconf 91' lang='lat'><strong>6</strong></span> <span class='ocrx_word' id='word_1_239' title='bbox 1609 2073 1908 2145; x_wconf 78' lang='grc' dir='ltr'><strong>στρατηγὸς</strong></span> 
     </span>
    </p>
   </div>
   <div class='ocr_carea' id='block_1_39' title="bbox 241 2156 1908 2234">
    <p class='ocr_par' dir='ltr' id='par_1_39' title="bbox 241 2156 1908 2234">
     <span class='ocr_line' id='line_1_39' title="bbox 241 2156 1908 2234; baseline 0 -20"><span class='ocrx_word' id='word_1_240' title='bbox 241 2156 676 2226; x_wconf 60' lang='grc' dir='ltr'>Θεσσαλονίκης</span> <span class='ocrx_word' id='word_1_241' title='bbox 728 2159 755 2212; x_wconf 89' lang='grc' dir='ltr'>ὁ</span> <span class='ocrx_word' id='word_1_242' title='bbox 799 2159 1096 2232; x_wconf 85' lang='grc' dir='ltr'><strong>στρατηγὸς</strong></span> <span class='ocrx_word' id='word_1_243' title='bbox 1133 2163 1229 2212; x_wconf 81' lang='grc' dir='ltr'><strong>τοῦ</strong></span> <span class='ocrx_word' id='word_1_244' title='bbox 1287 2159 1614 2234; x_wconf 68' lang='grc' dir='ltr'><strong>Δυῤῥαχίοιγ</strong></span> <span class='ocrx_word' id='word_1_245' title='bbox 1645 2161 1672 2215; x_wconf 92' lang='lat'><strong>6</strong></span> <span class='ocrx_word' id='word_1_246' title='bbox 1717 2180 1908 2233; x_wconf 87' lang='grc' dir='ltr'><strong>στρατ-</strong></span> 
     </span>
    </p>
   </div>
   <div class='ocr_carea' id='block_1_40' title="bbox 236 2247 1903 2324">
    <p class='ocr_par' dir='ltr' id='par_1_40' title="bbox 236 2247 1903 2324">
     <span class='ocr_line' id='line_1_40' title="bbox 236 2247 1903 2324; baseline 0.001 -24"><span class='ocrx_word' id='word_1_247' title='bbox 236 2247 390 2323; x_wconf 82' lang='grc' dir='ltr'><strong>ηγὸς</strong></span> <span class='ocrx_word' id='word_1_248' title='bbox 417 2253 516 2315; x_wconf 82' lang='grc' dir='ltr'><strong>τῆς</strong></span> <span class='ocrx_word' id='word_1_249' title='bbox 552 2247 758 2319; x_wconf 84' lang='grc' dir='ltr'>Σάμου·</span> <span class='ocrx_word' id='word_1_250' title='bbox 795 2249 822 2302; x_wconf 94' lang='lat'><strong>6</strong></span> <span class='ocrx_word' id='word_1_251' title='bbox 864 2249 1166 2321; x_wconf 85' lang='grc' dir='ltr'><strong>στρατηγὸς</strong></span> <span class='ocrx_word' id='word_1_252' title='bbox 1199 2251 1296 2302; x_wconf 80' lang='grc' dir='ltr'><strong>τοῦ</strong></span> <span class='ocrx_word' id='word_1_253' title='bbox 1338 2248 1571 2324; x_wconf 73' lang='grc' dir='ltr'>Αἴγαίου</span> <span class='ocrx_word' id='word_1_254' title='bbox 1615 2247 1903 2322; x_wconf 77' lang='grc' dir='ltr'>πελάγους·</span> 
     </span>
    </p>
   </div>
   <div class='ocr_carea' id='block_1_41' title="bbox 238 2334 1906 2411">
    <p class='ocr_par' dir='ltr' id='par_1_41' title="bbox 238 2334 1906 2411">
     <span class='ocr_line' id='line_1_41' title="bbox 238 2334 1906 2411; baseline -0.001 -20"><span class='ocrx_word' id='word_1_255' title='bbox 238 2338 271 2391; x_wconf 88' lang='lat'><strong>6</strong></span> <span class='ocrx_word' id='word_1_256' title='bbox 327 2337 634 2409; x_wconf 87' lang='grc' dir='ltr'><strong>στρατηγὸς</strong></span> <span class='ocrx_word' id='word_1_257' title='bbox 681 2334 1011 2408; x_wconf 60' lang='grc' dir='ltr'>Δαλματίας</span> <span class='ocrx_word' id='word_1_258' title='bbox 1065 2337 1092 2390; x_wconf 89' lang='lat'><strong>6</strong></span> <span class='ocrx_word' id='word_1_259' title='bbox 1145 2337 1442 2410; x_wconf 86' lang='grc' dir='ltr'><strong>στρατηγὸς</strong></span> <span class='ocrx_word' id='word_1_260' title='bbox 1492 2340 1777 2411; x_wconf 88' lang='grc' dir='ltr'><strong>Χερσῶνος</strong></span> <span class='ocrx_word' id='word_1_261' title='bbox 1817 2336 1906 2390; x_wconf 85' lang='grc' dir='ltr'>καὶ</span> 
     </span>
    </p>
   </div>
   <div class='ocr_carea' id='block_1_42' title="bbox 241 2421 1907 2500">
    <p class='ocr_par' dir='ltr' id='par_1_42' title="bbox 241 2421 1907 2500">
     <span class='ocr_line' id='line_1_42' title="bbox 241 2421 1907 2500; baseline -0.001 -20"><span class='ocrx_word' id='word_1_262' title='bbox 241 2423 302 2480; x_wconf 64' lang='grc' dir='ltr'><strong>οἵ</strong></span> <span class='ocrx_word' id='word_1_263' title='bbox 337 2423 398 2478; x_wconf 74' lang='grc' dir='ltr'><strong>ἐκ</strong></span> <span class='ocrx_word' id='word_1_264' title='bbox 421 2424 720 2498; x_wconf 81' lang='grc' dir='ltr'>προσώπου</span> <span class='ocrx_word' id='word_1_265' title='bbox 753 2423 852 2479; x_wconf 84' lang='grc' dir='ltr'><strong>εἷ’σὶ</strong></span> <span class='ocrx_word' id='word_1_266' title='bbox 900 2429 1009 2479; x_wconf 85' lang='grc' dir='ltr'><strong>τῶν</strong></span> <span class='ocrx_word' id='word_1_267' title='bbox 1062 2431 1302 2500; x_wconf 79' lang='grc' dir='ltr'>σχολῶν.</span> <span class='ocrx_word' id='word_1_268' title='bbox 1351 2426 1418 2482; x_wconf 86' lang='lat' dir='ltr'><strong>Al</strong></span> <span class='ocrx_word' id='word_1_269' title='bbox 1461 2422 1518 2479; x_wconf 76' lang='grc' dir='ltr'>δὲ</span> <span class='ocrx_word' id='word_1_270' title='bbox 1545 2424 1624 2486; x_wconf 74' lang='grc' dir='ltr'><strong>εἷς</strong></span> <span class='ocrx_word' id='word_1_271' title='bbox 1656 2421 1907 2497; x_wconf 81' lang='grc' dir='ltr'><strong>ὃομεστί-</strong></span> 
     </span>
    </p>
   </div>
   <div class='ocr_carea' id='block_1_43' title="bbox 238 2512 1910 2588">
    <p class='ocr_par' dir='ltr' id='par_1_43' title="bbox 238 2512 1910 2588">
     <span class='ocr_line' id='line_1_43' title="bbox 238 2512 1910 2588; baseline -0.001 -18"><span class='ocrx_word' id='word_1_272' title='bbox 238 2537 387 2578; x_wconf 91' lang='grc' dir='ltr'>κους</span> <span class='ocrx_word' id='word_1_273' title='bbox 434 2514 757 2588; x_wconf 86' lang='grc' dir='ltr'>ταττόμεναί</span> <span class='ocrx_word' id='word_1_274' title='bbox 806 2514 908 2568; x_wconf 84' lang='grc' dir='ltr'>εἰσι</span> <span class='ocrx_word' id='word_1_275' title='bbox 971 2515 1063 2569; x_wconf 84' lang='grc' dir='ltr'><strong>τὸν</strong></span> <span class='ocrx_word' id='word_1_276' title='bbox 1107 2515 1334 2588; x_wconf 75' lang='grc' dir='ltr'><strong>ἀριθμὸν</strong></span> <span class='ocrx_word' id='word_1_277' title='bbox 1387 2516 1447 2584; x_wconf 74' lang='grc' dir='ltr'><strong>ζ’·</strong></span> <span class='ocrx_word' id='word_1_278' title='bbox 1503 2517 1616 2570; x_wconf 80' lang='grc' dir='ltr'>οἷον</span> <span class='ocrx_word' id='word_1_279' title='bbox 1672 2516 1698 2569; x_wconf 98' lang='lat'><strong>6</strong></span> <span class='ocrx_word' id='word_1_280' title='bbox 1744 2512 1910 2587; x_wconf 84' lang='grc' dir='ltr'><strong>δομέ-</strong></span> 
     </span>
    </p>
   </div>
   <div class='ocr_carea' id='block_1_44' title="bbox 243 2598 1903 2678">
    <p class='ocr_par' dir='ltr' id='par_1_44' title="bbox 243 2598 1903 2678">
     <span class='ocr_line' id='line_1_44' title="bbox 243 2598 1903 2678; baseline -0.002 -19"><span class='ocrx_word' id='word_1_281' title='bbox 243 2625 434 2665; x_wconf 83' lang='grc' dir='ltr'><strong>στικος</strong></span> <span class='ocrx_word' id='word_1_282' title='bbox 477 2609 586 2658; x_wconf 91' lang='grc' dir='ltr'><strong>τῶν</strong></span> <span class='ocrx_word' id='word_1_283' title='bbox 629 2601 875 2678; x_wconf 83' lang='grc' dir='ltr'>σχολῶν,</span> <span class='ocrx_word' id='word_1_284' title='bbox 928 2604 956 2658; x_wconf 91' lang='lat'><strong>6</strong></span> <span class='ocrx_word' id='word_1_285' title='bbox 1007 2601 1330 2676; x_wconf 78' lang='grc' dir='ltr'><strong>δομέστικος</strong></span> <span class='ocrx_word' id='word_1_286' title='bbox 1369 2607 1478 2658; x_wconf 88' lang='grc' dir='ltr'><strong>τῶν</strong></span> <span class='ocrx_word' id='word_1_287' title='bbox 1519 2598 1903 2675; x_wconf 74' lang='grc' dir='ltr'>ἐκσκουϐίτων,</span> 
     </span>
    </p>
   </div>
   <div class='ocr_carea' id='block_1_45' title="bbox 250 2689 1910 2768">
    <p class='ocr_par' dir='ltr' id='par_1_45' title="bbox 250 2689 1910 2768">
     <span class='ocr_line' id='line_1_45' title="bbox 250 2689 1910 2768; baseline -0.001 -21"><span class='ocrx_word' id='word_1_288' title='bbox 250 2695 281 2748; x_wconf 88' lang='lat'><strong>6</strong></span> <span class='ocrx_word' id='word_1_289' title='bbox 319 2690 680 2768; x_wconf 80' lang='grc' dir='ltr'><strong>δρουγγάριος</strong></span> <span class='ocrx_word' id='word_1_290' title='bbox 726 2696 822 2746; x_wconf 78' lang='grc' dir='ltr'><strong>τοῦ</strong></span> <span class='ocrx_word' id='word_1_291' title='bbox 871 2693 1127 2764; x_wconf 81' lang='grc' dir='ltr'><strong>ἀριθμοῦ,</strong></span> <span class='ocrx_word' id='word_1_292' title='bbox 1168 2693 1196 2746; x_wconf 90' lang='lat'><strong>6</strong></span> <span class='ocrx_word' id='word_1_293' title='bbox 1230 2689 1547 2764; x_wconf 78' lang='grc' dir='ltr'><strong>δομέστικος</strong></span> <span class='ocrx_word' id='word_1_294' title='bbox 1584 2697 1694 2748; x_wconf 88' lang='grc' dir='ltr'>τῶν</span> <span class='ocrx_word' id='word_1_295' title='bbox 1730 2690 1910 2746; x_wconf 71' lang='grc' dir='ltr'><strong>ἱκανά-</strong></span> 
     </span>
    </p>
   </div>
   <div class='ocr_carea' id='block_1_46' title="bbox 241 2777 1903 2853">
    <p class='ocr_par' dir='ltr' id='par_1_46' title="bbox 241 2777 1903 2853">
     <span class='ocr_line' id='line_1_46' title="bbox 241 2777 1903 2853; baseline 0 -19"><span class='ocrx_word' id='word_1_296' title='bbox 241 2801 384 2847; x_wconf 86' lang='grc' dir='ltr'><strong>των,</strong></span> <span class='ocrx_word' id='word_1_297' title='bbox 419 2781 447 2834; x_wconf 92' lang='lat'><strong>6</strong></span> <span class='ocrx_word' id='word_1_298' title='bbox 479 2777 798 2853; x_wconf 79' lang='grc' dir='ltr'><strong>δομέστικος</strong></span> <span class='ocrx_word' id='word_1_299' title='bbox 845 2784 950 2833; x_wconf 90' lang='grc' dir='ltr'><strong>τῶν</strong></span> <span class='ocrx_word' id='word_1_300' title='bbox 997 2778 1298 2852; x_wconf 84' lang='grc' dir='ltr'><strong>νουμέρων,</strong></span> <span class='ocrx_word' id='word_1_301' title='bbox 1351 2783 1378 2833; x_wconf 91' lang='lat'><strong>6</strong></span> <span class='ocrx_word' id='word_1_302' title='bbox 1432 2777 1750 2853; x_wconf 76' lang='grc' dir='ltr'><strong>δομὲστικος</strong></span> <span class='ocrx_word' id='word_1_303' title='bbox 1795 2784 1903 2834; x_wconf 88' lang='grc' dir='ltr'>τῶν</span> 
     </span>
    </p>
   </div>
   <div class='ocr_carea' id='block_1_47' title="bbox 243 2867 1909 2947">
    <p class='ocr_par' dir='ltr' id='par_1_47' title="bbox 243 2867 1909 2947">
     <span class='ocr_line' id='line_1_47' title="bbox 243 2867 1909 2947; baseline 0 -24"><span class='ocrx_word' id='word_1_304' title='bbox 243 2869 593 2942; x_wconf 87' lang='grc' dir='ltr'><strong>ὀπτιμάτων,</strong></span> <span class='ocrx_word' id='word_1_305' title='bbox 649 2870 677 2924; x_wconf 91' lang='lat'><strong>6</strong></span> <span class='ocrx_word' id='word_1_306' title='bbox 729 2867 1049 2942; x_wconf 78' lang='grc' dir='ltr'><strong>δομὲστικος</strong></span> <span class='ocrx_word' id='word_1_307' title='bbox 1087 2873 1193 2923; x_wconf 90' lang='grc' dir='ltr'>τῶν</span> <span class='ocrx_word' id='word_1_308' title='bbox 1231 2868 1479 2944; x_wconf 82' lang='grc' dir='ltr'><strong>τειχέων,</strong></span> <span class='ocrx_word' id='word_1_309' title='bbox 1522 2869 1575 2924; x_wconf 76' lang='grc' dir='ltr'><strong>οἳ</strong></span> <span class='ocrx_word' id='word_1_310' title='bbox 1614 2870 1702 2923; x_wconf 87' lang='grc' dir='ltr'>καὶ</span> <span class='ocrx_word' id='word_1_311' title='bbox 1745 2870 1909 2947; x_wconf 74' lang='grc' dir='ltr'>ὀφφι-</span> 
     </span>
    </p>
   </div>
   <div class='ocr_carea' id='block_1_48' title="bbox 243 2955 1906 3034">
    <p class='ocr_par' dir='ltr' id='par_1_48' title="bbox 243 2955 1906 3034">
     <span class='ocr_line' id='line_1_48' title="bbox 243 2955 1906 3034; baseline -0.001 -20"><span class='ocrx_word' id='word_1_312' title='bbox 243 2958 461 3015; x_wconf 80' lang='grc' dir='ltr'><strong>κιάλιοι</strong></span> <span class='ocrx_word' id='word_1_313' title='bbox 508 2963 622 3032; x_wconf 66' lang='grc'><strong>(54)</strong></span> <span class='ocrx_word' id='word_1_314' title='bbox 679 2958 945 3032; x_wconf 90' lang='grc' dir='ltr'><strong>λεγονται.</strong></span> <span class='ocrx_word' id='word_1_315' title='bbox 999 2960 1066 3016; x_wconf 89' lang='lat' dir='ltr'><strong>Ol</strong></span> <span class='ocrx_word' id='word_1_316' title='bbox 1108 2955 1165 3013; x_wconf 81' lang='grc' dir='ltr'><strong>δὲ</strong></span> <span class='ocrx_word' id='word_1_317' title='bbox 1205 2959 1281 3021; x_wconf 84' lang='grc' dir='ltr'><strong>εἰς</strong></span> <span class='ocrx_word' id='word_1_318' title='bbox 1320 2959 1510 3034; x_wconf 77' lang='grc' dir='ltr'><strong>κριτὰς</strong></span> <span class='ocrx_word' id='word_1_319' title='bbox 1553 2955 1906 3034; x_wconf 88' lang='grc' dir='ltr'>λογιζόμενοί</span> 
     </span>
    </p>
   </div>
   <div class='ocr_carea' id='block_1_49' title="bbox 240 3045 1906 3124">
    <p class='ocr_par' dir='ltr' id='par_1_49' title="bbox 240 3045 1906 3124">
     <span class='ocr_line' id='line_1_49' title="bbox 240 3045 1906 3124; baseline -0.001 -21"><span class='ocrx_word' id='word_1_320' title='bbox 240 3050 351 3104; x_wconf 78' lang='grc' dir='ltr'><strong>εἰσι</strong></span> <span class='ocrx_word' id='word_1_321' title='bbox 372 3050 462 3103; x_wconf 86' lang='grc' dir='ltr'><strong>τὸν</strong></span> <span class='ocrx_word' id='word_1_322' title='bbox 487 3049 715 3122; x_wconf 86' lang='grc' dir='ltr'><strong>ἀριθμὸν</strong></span> <span class='ocrx_word' id='word_1_323' title='bbox 735 3049 802 3123; x_wconf 72' lang='grc' dir='ltr'><strong>γ’,</strong></span> <span class='ocrx_word' id='word_1_324' title='bbox 826 3052 943 3103; x_wconf 80' lang='grc' dir='ltr'>οἷον</span> <span class='ocrx_word' id='word_1_325' title='bbox 967 3049 995 3102; x_wconf 87' lang='lat'><strong>6</strong></span> <span class='ocrx_word' id='word_1_326' title='bbox 1017 3045 1264 3124; x_wconf 79' lang='grc' dir='ltr'>ἔπαρχος</span> <span class='ocrx_word' id='word_1_327' title='bbox 1299 3047 1537 3116; x_wconf 82' lang='grc' dir='ltr'><strong>πόλεως,</strong></span> <span class='ocrx_word' id='word_1_328' title='bbox 1578 3049 1606 3102; x_wconf 94' lang='lat'><strong>6</strong></span> <span class='ocrx_word' id='word_1_329' title='bbox 1642 3049 1906 3122; x_wconf 80' lang='grc' dir='ltr'><strong>κυέστωρ,</strong></span> 
     </span>
    </p>
   </div>
   <div class='ocr_carea' id='block_1_50' title="bbox 241 3135 1903 3211">
    <p class='ocr_par' dir='ltr' id='par_1_50' title="bbox 241 3135 1903 3211">
     <span class='ocr_line' id='line_1_50' title="bbox 241 3135 1903 3211; baseline 0.001 -20"><span class='ocrx_word' id='word_1_330' title='bbox 241 3140 271 3192; x_wconf 89' lang='lat'><strong>6</strong></span> <span class='ocrx_word' id='word_1_331' title='bbox 312 3143 412 3192; x_wconf 78' lang='grc' dir='ltr'><strong>τοῦ</strong></span> <span class='ocrx_word' id='word_1_332' title='bbox 451 3135 706 3208; x_wconf 74' lang='grc' dir='ltr'><strong>δεήσεως.</strong></span> <span class='ocrx_word' id='word_1_333' title='bbox 751 3139 820 3192; x_wconf 82' lang='lat' dir='ltr'><strong>Al</strong></span> <span class='ocrx_word' id='word_1_334' title='bbox 871 3135 929 3192; x_wconf 75' lang='grc' dir='ltr'><strong>δὲ</strong></span> <span class='ocrx_word' id='word_1_335' title='bbox 986 3137 1062 3199; x_wconf 78' lang='grc' dir='ltr'>εἰς</span> <span class='ocrx_word' id='word_1_336' title='bbox 1121 3138 1342 3211; x_wconf 78' lang='grc' dir='ltr'><strong>σέκρετα</strong></span> <span class='ocrx_word' id='word_1_337' title='bbox 1401 3138 1758 3210; x_wconf 87' lang='grc' dir='ltr'>καθεζόμεναί</span> <span class='ocrx_word' id='word_1_338' title='bbox 1799 3136 1903 3192; x_wconf 88' lang='grc' dir='ltr'><strong>είσι</strong></span> 
     </span>
    </p>
   </div>
   <div class='ocr_carea' id='block_1_51' title="bbox 236 3221 1898 3298">
    <p class='ocr_par' dir='ltr' id='par_1_51' title="bbox 236 3221 1898 3298">
     <span class='ocr_line' id='line_1_51' title="bbox 236 3221 1898 3298; baseline 0.001 -23"><span class='ocrx_word' id='word_1_339' title='bbox 236 3223 338 3276; x_wconf 81' lang='grc' dir='ltr'>καὶ</span> <span class='ocrx_word' id='word_1_340' title='bbox 380 3223 536 3274; x_wconf 76' lang='grc' dir='ltr'><strong>αὗται</strong></span> <span class='ocrx_word' id='word_1_341' title='bbox 573 3222 662 3275; x_wconf 88' lang='grc' dir='ltr'><strong>τὸν</strong></span> <span class='ocrx_word' id='word_1_342' title='bbox 691 3222 922 3294; x_wconf 71' lang='grc' dir='ltr'><strong>ἀριθμὸν</strong></span> <span class='ocrx_word' id='word_1_343' title='bbox 959 3223 1046 3288; x_wconf 77' lang='grc' dir='ltr'><strong>ια’,</strong></span> <span class='ocrx_word' id='word_1_344' title='bbox 1088 3224 1200 3276; x_wconf 81' lang='grc' dir='ltr'>οἷον</span> <span class='ocrx_word' id='word_1_345' title='bbox 1242 3224 1269 3276; x_wconf 94' lang='lat'><strong>6</strong></span> <span class='ocrx_word' id='word_1_346' title='bbox 1313 3221 1697 3298; x_wconf 85' lang='grc' dir='ltr'><strong>σακελλάριος,</strong></span> <span class='ocrx_word' id='word_1_347' title='bbox 1741 3224 1768 3276; x_wconf 91' lang='grc' dir='ltr'>ὁ</span> <span class='ocrx_word' id='word_1_348' title='bbox 1802 3222 1898 3278; x_wconf 88' lang='grc' dir='ltr'>λο-</span> 
     </span>
    </p>
   </div>
   <div class='ocr_carea' id='block_1_52' title="bbox 235 3306 1896 3383">
    <p class='ocr_par' dir='ltr' id='par_1_52' title="bbox 235 3306 1896 3383">
     <span class='ocr_line' id='line_1_52' title="bbox 235 3306 1896 3383; baseline 0.001 -21"><span class='ocrx_word' id='word_1_349' title='bbox 235 3308 477 3383; x_wconf 80' lang='grc' dir='ltr'><strong>γοθέτης</strong></span> <span class='ocrx_word' id='word_1_350' title='bbox 513 3312 610 3362; x_wconf 76' lang='grc' dir='ltr'><strong>τυῦ</strong></span> <span class='ocrx_word' id='word_1_351' title='bbox 655 3312 890 3378; x_wconf 70' lang='grc' dir='ltr'><strong>γειικοῦ,</strong></span> <span class='ocrx_word' id='word_1_352' title='bbox 933 3309 960 3360; x_wconf 91' lang='lat'><strong>6</strong></span> <span class='ocrx_word' id='word_1_353' title='bbox 1002 3306 1296 3379; x_wconf 80' lang='grc' dir='ltr'>λογοθέτης</span> <span class='ocrx_word' id='word_1_354' title='bbox 1335 3314 1429 3362; x_wconf 81' lang='grc' dir='ltr'><strong>τοῦ</strong></span> <span class='ocrx_word' id='word_1_355' title='bbox 1482 3315 1896 3383; x_wconf 80' lang='grc' dir='ltr'><strong>στρατιωτικοῦ,</strong></span> 
     </span>
    </p>
   </div>
   <div class='ocr_carea' id='block_1_53' title="bbox 243 3393 1901 3472">
    <p class='ocr_par' dir='ltr' id='par_1_53' title="bbox 243 3393 1901 3472">
     <span class='ocr_line' id='line_1_53' title="bbox 243 3393 1901 3472; baseline -0.001 -21"><span class='ocrx_word' id='word_1_356' title='bbox 243 3399 274 3452; x_wconf 88' lang='grc' dir='ltr'>ὁ</span> <span class='ocrx_word' id='word_1_357' title='bbox 317 3395 625 3469; x_wconf 77' lang='grc' dir='ltr'>λογοθὲτης</span> <span class='ocrx_word' id='word_1_358' title='bbox 662 3399 758 3448; x_wconf 79' lang='grc' dir='ltr'><strong>τοῦ</strong></span> <span class='ocrx_word' id='word_1_359' title='bbox 800 3393 1033 3468; x_wconf 84' lang='grc' dir='ltr'><strong>δρόμου,</strong></span> <span class='ocrx_word' id='word_1_360' title='bbox 1076 3396 1104 3448; x_wconf 90' lang='lat'><strong>6</strong></span> <span class='ocrx_word' id='word_1_361' title='bbox 1135 3395 1536 3472; x_wconf 81' lang='grc' dir='ltr'><strong>χαρτοῦλάριος</strong></span> <span class='ocrx_word' id='word_1_362' title='bbox 1576 3401 1673 3450; x_wconf 80' lang='grc' dir='ltr'><strong>τοῦ</strong></span> <span class='ocrx_word' id='word_1_363' title='bbox 1711 3395 1901 3450; x_wconf 86' lang='grc' dir='ltr'>σακελ-</span> 
     </span>
    </p>
   </div>
   <div class='ocr_carea' id='block_1_54' title="bbox 240 3481 1901 3557">
    <p class='ocr_par' dir='ltr' id='par_1_54' title="bbox 240 3481 1901 3557">
     <span class='ocr_line' id='line_1_54' title="bbox 240 3481 1901 3557; baseline -0.002 -17"><span class='ocrx_word' id='word_1_364' title='bbox 240 3484 399 3552; x_wconf 86' lang='grc' dir='ltr'>λίου,</span> <span class='ocrx_word' id='word_1_365' title='bbox 439 3485 466 3538; x_wconf 92' lang='lat'><strong>6</strong></span> <span class='ocrx_word' id='word_1_366' title='bbox 512 3483 913 3557; x_wconf 80' lang='grc' dir='ltr'><strong>χαρτουλάριος</strong></span> <span class='ocrx_word' id='word_1_367' title='bbox 967 3486 1064 3536; x_wconf 79' lang='grc' dir='ltr'><strong>τοῦ</strong></span> <span class='ocrx_word' id='word_1_368' title='bbox 1129 3481 1456 3557; x_wconf 85' lang='grc' dir='ltr'><strong>βεστιαρίου,</strong></span> <span class='ocrx_word' id='word_1_369' title='bbox 1498 3484 1525 3536; x_wconf 93' lang='lat'><strong>6</strong></span> <span class='ocrx_word' id='word_1_370' title='bbox 1575 3486 1901 3556; x_wconf 79' lang='grc' dir='ltr'><strong>πρωτοασή-</strong></span> 
     </span>
    </p>
   </div>
   <div class='ocr_carea' id='block_1_55' title="bbox 238 3569 1901 3648">
    <p class='ocr_par' dir='ltr' id='par_1_55' title="bbox 238 3569 1901 3648">
     <span class='ocr_line' id='line_1_55' title="bbox 238 3569 1901 3648; baseline -0.004 -18"><span class='ocrx_word' id='word_1_371' title='bbox 238 3593 459 3648; x_wconf 83' lang='grc' dir='ltr'><strong>κρητις,</strong></span> <span class='ocrx_word' id='word_1_372' title='bbox 502 3573 530 3626; x_wconf 91' lang='lat'><strong>6</strong></span> <span class='ocrx_word' id='word_1_373' title='bbox 569 3577 666 3626; x_wconf 81' lang='grc' dir='ltr'><strong>τοῦ</strong></span> <span class='ocrx_word' id='word_1_374' title='bbox 703 3569 979 3641; x_wconf 78' lang='grc' dir='ltr'><strong>εἰδικοῦ,ὁ</strong></span> <span class='ocrx_word' id='word_1_375' title='bbox 1008 3570 1170 3645; x_wconf 73' lang='grc' dir='ltr'>μέγας</span> <span class='ocrx_word' id='word_1_376' title='bbox 1208 3570 1513 3643; x_wconf 86' lang='grc' dir='ltr'><strong>κουράτωρ,</strong></span> <span class='ocrx_word' id='word_1_377' title='bbox 1555 3572 1582 3624; x_wconf 94' lang='lat'><strong>6</strong></span> <span class='ocrx_word' id='word_1_378' title='bbox 1620 3576 1728 3625; x_wconf 87' lang='grc' dir='ltr'>τῶν</span> <span class='ocrx_word' id='word_1_379' title='bbox 1771 3592 1901 3646; x_wconf 82' lang='grc' dir='ltr'><strong>μαγ-</strong></span> 
     </span>
    </p>
   </div>
   <div class='ocr_carea' id='block_1_56' title="bbox 235 3657 1900 3740">
    <p class='ocr_par' dir='ltr' id='par_1_56' title="bbox 235 3657 1900 3740">
     <span class='ocr_line' id='line_1_56' title="bbox 235 3657 1900 3740; baseline -0.002 -23"><span class='ocrx_word' id='word_1_380' title='bbox 235 3664 439 3740; x_wconf 84' lang='grc' dir='ltr'><strong>γάνων,</strong></span> <span class='ocrx_word' id='word_1_381' title='bbox 481 3662 508 3715; x_wconf 94' lang='lat'><strong>6</strong></span> <span class='ocrx_word' id='word_1_382' title='bbox 549 3661 974 3738; x_wconf 77' lang='grc' dir='ltr'><strong>ὀρφανοτρόφος.</strong></span> <span class='ocrx_word' id='word_1_383' title='bbox 1037 3661 1105 3716; x_wconf 86' lang='lat' dir='ltr'><strong>Al</strong></span> <span class='ocrx_word' id='word_1_384' title='bbox 1165 3657 1222 3714; x_wconf 80' lang='grc' dir='ltr'><strong>δὲ</strong></span> <span class='ocrx_word' id='word_1_385' title='bbox 1275 3658 1350 3722; x_wconf 87' lang='grc' dir='ltr'><strong>εἷς</strong></span> <span class='ocrx_word' id='word_1_386' title='bbox 1407 3657 1755 3734; x_wconf 77' lang='grc' dir='ltr'><strong>δημοκράτας</strong></span> <span class='ocrx_word' id='word_1_387' title='bbox 1798 3659 1900 3714; x_wconf 84' lang='grc' dir='ltr'><strong>εἰσὶ</strong></span> 
     </span>
    </p>
   </div>
   <div class='ocr_carea' id='block_1_57' title="bbox 236 3746 1902 3825">
    <p class='ocr_par' dir='ltr' id='par_1_57' title="bbox 236 3746 1902 3825">
     <span class='ocr_line' id='line_1_57' title="bbox 236 3746 1902 3825; baseline -0.002 -19"><span class='ocrx_word' id='word_1_388' title='bbox 236 3754 338 3817; x_wconf 86' lang='grc' dir='ltr'><strong>τὸν</strong></span> <span class='ocrx_word' id='word_1_389' title='bbox 397 3751 626 3825; x_wconf 83' lang='grc' dir='ltr'><strong>ἀριθμὸν</strong></span> <span class='ocrx_word' id='word_1_390' title='bbox 688 3748 806 3815; x_wconf 73' lang='grc' dir='ltr'><strong>δύο,</strong></span> <span class='ocrx_word' id='word_1_391' title='bbox 867 3751 980 3803; x_wconf 82' lang='grc' dir='ltr'><strong>οἷον</strong></span> <span class='ocrx_word' id='word_1_392' title='bbox 1027 3749 1054 3803; x_wconf 95' lang='lat'><strong>6</strong></span> <span class='ocrx_word' id='word_1_393' title='bbox 1111 3746 1402 3823; x_wconf 83' lang='grc' dir='ltr'><strong>δήμαρχος</strong></span> <span class='ocrx_word' id='word_1_394' title='bbox 1454 3749 1688 3804; x_wconf 80' lang='grc' dir='ltr'><strong>Βενέτων</strong></span> <span class='ocrx_word' id='word_1_395' title='bbox 1746 3748 1837 3803; x_wconf 84' lang='grc' dir='ltr'><strong>καὶ</strong></span> <span class='ocrx_word' id='word_1_396' title='bbox 1874 3750 1902 3803; x_wconf 93' lang='lat'><strong>6</strong></span> 
     </span>
    </p>
   </div>
   <div class='ocr_carea' id='block_1_58' title="bbox 2017 1898 3660 1969">
    <p class='ocr_par' dir='ltr' id='par_1_58' title="bbox 2017 1898 3660 1969">
     <span class='ocr_line' id='line_1_58' title="bbox 2017 1898 3660 1969; baseline 0.005 -17"><span class='ocrx_word' id='word_1_397' title='bbox 2017 1898 2368 1969; x_wconf 89' lang='lat' dir='ltr'><strong>drungarius</strong></span> <span class='ocrx_word' id='word_1_398' title='bbox 2399 1899 2642 1965; x_wconf 90' lang='lat' dir='ltr'><strong>numeri,</strong></span> <span class='ocrx_word' id='word_1_399' title='bbox 2692 1899 3052 1956; x_wconf 90' lang='lat' dir='ltr'><strong>domesticus</strong></span> <span class='ocrx_word' id='word_1_400' title='bbox 3099 1900 3499 1958; x_wconf 86' lang='lat' dir='ltr'><strong>bicanatorum</strong></span> <span class='ocrx_word' id='word_1_401' title='bbox 3550 1920 3660 1960; x_wconf 88' lang='lat' dir='ltr'><strong>nu-</strong></span> 
     </span>
    </p>
   </div>
   <div class='ocr_carea' id='block_1_59' title="bbox 2018 1987 3662 2060">
    <p class='ocr_par' dir='ltr' id='par_1_59' title="bbox 2018 1987 3662 2060">
     <span class='ocr_line' id='line_1_59' title="bbox 2018 1987 3662 2060; baseline 0.003 -18"><span class='ocrx_word' id='word_1_402' title='bbox 2018 2003 2332 2054; x_wconf 86' lang='lat' dir='ltr'><strong>merorum,</strong></span> <span class='ocrx_word' id='word_1_403' title='bbox 2357 1987 2732 2057; x_wconf 87' lang='lat' dir='ltr'><strong>optimatum,</strong></span> <span class='ocrx_word' id='word_1_404' title='bbox 2755 1988 3158 2056; x_wconf 89' lang='lat' dir='ltr'><strong>castellorum;</strong></span> <span class='ocrx_word' id='word_1_405' title='bbox 3183 1990 3284 2060; x_wconf 90' lang='lat' dir='ltr'><strong>qui</strong></span> <span class='ocrx_word' id='word_1_406' title='bbox 3310 2007 3512 2046; x_wconf 89' lang='lat' dir='ltr'><strong>omnes</strong></span> <span class='ocrx_word' id='word_1_407' title='bbox 3537 1992 3662 2047; x_wconf 84' lang='lat' dir='ltr'><strong>ofﬁ-</strong></span> 
     </span>
    </p>
   </div>
   <div class='ocr_carea' id='block_1_60' title="bbox 2018 2075 3665 2149">
    <p class='ocr_par' dir='ltr' id='par_1_60' title="bbox 2018 2075 3665 2149">
     <span class='ocr_line' id='line_1_60' title="bbox 2018 2075 3665 2149; baseline 0.003 -19"><span class='ocrx_word' id='word_1_408' title='bbox 2018 2075 2194 2131; x_wconf 89' lang='lat' dir='ltr'><strong>ciales</strong></span> <span class='ocrx_word' id='word_1_409' title='bbox 2223 2075 2607 2146; x_wconf 80' lang='lat' dir='ltr'><strong>appellantur.</strong></span> <span class='ocrx_word' id='word_1_410' title='bbox 2641 2076 3010 2146; x_wconf 86' lang='lat' dir='ltr'><strong>Adjudicum</strong></span> <span class='ocrx_word' id='word_1_411' title='bbox 3061 2094 3158 2134; x_wconf 91' lang='lat' dir='ltr'><strong>seu</strong></span> <span class='ocrx_word' id='word_1_412' title='bbox 3210 2095 3516 2149; x_wconf 88' lang='lat' dir='ltr'><strong>procerum</strong></span> <span class='ocrx_word' id='word_1_413' title='bbox 3545 2081 3665 2149; x_wconf 85' lang='lat' dir='ltr'><strong>juri</strong></span> 
     </span>
    </p>
   </div>
   <div class='ocr_carea' id='block_1_61' title="bbox 2018 2165 3656 2237">
    <p class='ocr_par' dir='ltr' id='par_1_61' title="bbox 2018 2165 3656 2237">
     <span class='ocr_line' id='line_1_61' title="bbox 2018 2165 3656 2237; baseline 0.004 -19"><span class='ocrx_word' id='word_1_414' title='bbox 2018 2165 2274 2219; x_wconf 88' lang='lat' dir='ltr'><strong>dicundo</strong></span> <span class='ocrx_word' id='word_1_415' title='bbox 2333 2165 2736 2235; x_wconf 88' lang='lat' dir='ltr'><strong>deputatorum</strong></span> <span class='ocrx_word' id='word_1_416' title='bbox 2788 2181 3098 2220; x_wconf 90' lang='lat' dir='ltr'><strong>numerum</strong></span> <span class='ocrx_word' id='word_1_417' title='bbox 3170 2167 3459 2237; x_wconf 85' lang='lat' dir='ltr'><strong>pertinent</strong></span> <span class='ocrx_word' id='word_1_418' title='bbox 3516 2174 3656 2235; x_wconf 87' lang='lat' dir='ltr'><strong>tres,</strong></span> 
     </span>
    </p>
   </div>
   <div class='ocr_carea' id='block_1_62' title="bbox 2020 2252 3661 2329">
    <p class='ocr_par' dir='ltr' id='par_1_62' title="bbox 2020 2252 3661 2329">
     <span class='ocr_line' id='line_1_62' title="bbox 2020 2252 3661 2329; baseline 0.005 -23"><span class='ocrx_word' id='word_1_419' title='bbox 2020 2253 2318 2323; x_wconf 67' lang='lat' dir='ltr'><strong>praefectus</strong></span> <span class='ocrx_word' id='word_1_420' title='bbox 2351 2252 2534 2322; x_wconf 88' lang='lat' dir='ltr'><strong>urbis,</strong></span> <span class='ocrx_word' id='word_1_421' title='bbox 2597 2257 2849 2323; x_wconf 71' lang='lat' dir='ltr'><strong>quaestor</strong></span> <span class='ocrx_word' id='word_1_422' title='bbox 2878 2258 2934 2309; x_wconf 88' lang='lat' dir='ltr'><strong>et</strong></span> <span class='ocrx_word' id='word_1_423' title='bbox 2969 2255 3246 2326; x_wconf 83' lang='lat' dir='ltr'><strong>magister</strong></span> <span class='ocrx_word' id='word_1_424' title='bbox 3275 2256 3661 2329; x_wconf 89' lang='lat' dir='ltr'><strong>supplicatio-</strong></span> 
     </span>
    </p>
   </div>
   <div class='ocr_carea' id='block_1_63' title="bbox 2019 2341 3666 2419">
    <p class='ocr_par' dir='ltr' id='par_1_63' title="bbox 2019 2341 3666 2419">
     <span class='ocr_line' id='line_1_63' title="bbox 2019 2341 3666 2419; baseline 0.004 -22"><span class='ocrx_word' id='word_1_425' title='bbox 2019 2357 2182 2397; x_wconf 88' lang='lat' dir='ltr'><strong>num.</strong></span> <span class='ocrx_word' id='word_1_426' title='bbox 2215 2341 2634 2397; x_wconf 88' lang='lat' dir='ltr'><strong>Secreticorum</strong></span> <span class='ocrx_word' id='word_1_427' title='bbox 2663 2357 2766 2397; x_wconf 87' lang='lat' dir='ltr'><strong>seu</strong></span> <span class='ocrx_word' id='word_1_428' title='bbox 2798 2358 3022 2410; x_wconf 90' lang='lat' dir='ltr'><strong>eorum,</strong></span> <span class='ocrx_word' id='word_1_429' title='bbox 3055 2344 3272 2414; x_wconf 89' lang='lat' dir='ltr'><strong>quibus</strong></span> <span class='ocrx_word' id='word_1_430' title='bbox 3302 2347 3535 2401; x_wconf 86' lang='lat' dir='ltr'><strong>archiva</strong></span> <span class='ocrx_word' id='word_1_431' title='bbox 3562 2363 3666 2419; x_wconf 91' lang='lat' dir='ltr'><strong>ge-</strong></span> 
     </span>
    </p>
   </div>
   <div class='ocr_carea' id='block_1_64' title="bbox 2018 2431 3658 2503">
    <p class='ocr_par' dir='ltr' id='par_1_64' title="bbox 2018 2431 3658 2503">
     <span class='ocr_line' id='line_1_64' title="bbox 2018 2431 3658 2503; baseline 0.003 -17"><span class='ocrx_word' id='word_1_432' title='bbox 2018 2431 2172 2486; x_wconf 91' lang='lat' dir='ltr'><strong>neris</strong></span> <span class='ocrx_word' id='word_1_433' title='bbox 2186 2431 2378 2486; x_wconf 91' lang='lat' dir='ltr'><strong>omnis</strong></span> <span class='ocrx_word' id='word_1_434' title='bbox 2400 2446 2554 2485; x_wconf 71' lang='lat' dir='ltr'><strong>cura</strong></span> <span class='ocrx_word' id='word_1_435' title='bbox 2575 2435 2733 2498; x_wconf 89' lang='lat' dir='ltr'><strong>sunt,</strong></span> <span class='ocrx_word' id='word_1_436' title='bbox 2749 2431 2994 2487; x_wconf 86' lang='lat' dir='ltr'><strong>classem</strong></span> <span class='ocrx_word' id='word_1_437' title='bbox 3017 2434 3332 2489; x_wconf 80' lang='lat' dir='ltr'><strong>conficiunt</strong></span> <span class='ocrx_word' id='word_1_438' title='bbox 3365 2436 3658 2503; x_wconf 91' lang='lat' dir='ltr'><strong>undecim,</strong></span> 
     </span>
    </p>
   </div>
   <div class='ocr_carea' id='block_1_65' title="bbox 2018 2518 3661 2593">
    <p class='ocr_par' dir='ltr' id='par_1_65' title="bbox 2018 2518 3661 2593">
     <span class='ocr_line' id='line_1_65' title="bbox 2018 2518 3661 2593; baseline 0.003 -19"><span class='ocrx_word' id='word_1_439' title='bbox 2018 2518 2377 2588; x_wconf 88' lang='lat' dir='ltr'><strong>sacellarius,</strong></span> <span class='ocrx_word' id='word_1_440' title='bbox 2412 2518 2714 2574; x_wconf 88' lang='lat' dir='ltr'><strong>rationalis</strong></span> <span class='ocrx_word' id='word_1_441' title='bbox 2735 2520 3027 2590; x_wconf 88' lang='lat' dir='ltr'><strong>generalis</strong></span> <span class='ocrx_word' id='word_1_442' title='bbox 3047 2525 3103 2576; x_wconf 88' lang='lat' dir='ltr'><strong>et</strong></span> <span class='ocrx_word' id='word_1_443' title='bbox 3124 2523 3414 2593; x_wconf 91' lang='lat' dir='ltr'><strong>militaris,</strong></span> <span class='ocrx_word' id='word_1_444' title='bbox 3435 2528 3494 2578; x_wconf 88' lang='lat' dir='ltr'><strong>et</strong></span> <span class='ocrx_word' id='word_1_445' title='bbox 3524 2540 3661 2580; x_wconf 87' lang='lat' dir='ltr'><strong>cur-</strong></span> 
     </span>
    </p>
   </div>
   <div class='ocr_carea' id='block_1_66' title="bbox 2020 2606 3661 2680">
    <p class='ocr_par' dir='ltr' id='par_1_66' title="bbox 2020 2606 3661 2680">
     <span class='ocr_line' id='line_1_66' title="bbox 2020 2606 3661 2680; baseline 0.002 -17"><span class='ocrx_word' id='word_1_446' title='bbox 2020 2625 2145 2673; x_wconf 90' lang='lat' dir='ltr'><strong>sus,</strong></span> <span class='ocrx_word' id='word_1_447' title='bbox 2187 2606 2580 2663; x_wconf 88' lang='lat' dir='ltr'><strong>chartularius</strong></span> <span class='ocrx_word' id='word_1_448' title='bbox 2625 2607 2883 2674; x_wconf 87' lang='lat' dir='ltr'><strong>sacellii;</strong></span> <span class='ocrx_word' id='word_1_449' title='bbox 2937 2609 3329 2666; x_wconf 86' lang='lat' dir='ltr'><strong>chartularius</strong></span> <span class='ocrx_word' id='word_1_450' title='bbox 3370 2610 3661 2680; x_wconf 86' lang='lat' dir='ltr'><strong>vestiarii;</strong></span> 
     </span>
    </p>
   </div>
   <div class='ocr_carea' id='block_1_67' title="bbox 2021 2696 3667 2770">
    <p class='ocr_par' dir='ltr' id='par_1_67' title="bbox 2021 2696 3667 2770">
     <span class='ocr_line' id='line_1_67' title="bbox 2021 2696 3667 2770; baseline 0.002 -17"><span class='ocrx_word' id='word_1_451' title='bbox 2021 2696 2499 2770; x_wconf 87' lang='lat' dir='ltr'><strong>protoasecretis;</strong></span> <span class='ocrx_word' id='word_1_452' title='bbox 2535 2697 2837 2766; x_wconf 78' lang='lat' dir='ltr'><strong>praefectus</strong></span> <span class='ocrx_word' id='word_1_453' title='bbox 2867 2697 2947 2752; x_wconf 91' lang='lat' dir='ltr'><strong>rei</strong></span> <span class='ocrx_word' id='word_1_454' title='bbox 2981 2700 3214 2768; x_wconf 69' lang='lat' dir='ltr'><strong>privatas</strong></span> <span class='ocrx_word' id='word_1_455' title='bbox 3242 2723 3256 2766; x_wconf 86' lang='lat'><strong>;</strong></span> <span class='ocrx_word' id='word_1_456' title='bbox 3291 2715 3539 2769; x_wconf 81' lang='lat' dir='ltr'><strong>magnus</strong></span> <span class='ocrx_word' id='word_1_457' title='bbox 3568 2715 3667 2757; x_wconf 91' lang='lat' dir='ltr'><strong>cu-</strong></span> 
     </span>
    </p>
   </div>
   <div class='ocr_carea' id='block_1_68' title="bbox 2022 2787 3666 2860">
    <p class='ocr_par' dir='ltr' id='par_1_68' title="bbox 2022 2787 3666 2860">
     <span class='ocr_line' id='line_1_68' title="bbox 2022 2787 3666 2860; baseline 0.002 -20"><span class='ocrx_word' id='word_1_458' title='bbox 2022 2791 2218 2853; x_wconf 90' lang='lat' dir='ltr'><strong>rator;</strong></span> <span class='ocrx_word' id='word_1_459' title='bbox 2250 2787 2557 2857; x_wconf 68' lang='lat' dir='ltr'><strong>praefectus</strong></span> <span class='ocrx_word' id='word_1_460' title='bbox 2585 2801 3011 2856; x_wconf 86' lang='lat' dir='ltr'><strong>manganorum</strong></span> <span class='ocrx_word' id='word_1_461' title='bbox 3045 2791 3101 2840; x_wconf 90' lang='lat' dir='ltr'><strong>et</strong></span> <span class='ocrx_word' id='word_1_462' title='bbox 3131 2787 3666 2860; x_wconf 87' lang='lat' dir='ltr'><strong>orphanotrophus.</strong></span> 
     </span>
    </p>
   </div>
   <div class='ocr_carea' id='block_1_69' title="bbox 2020 2873 3662 2944">
    <p class='ocr_par' dir='ltr' id='par_1_69' title="bbox 2020 2873 3662 2944">
     <span class='ocr_line' id='line_1_69' title="bbox 2020 2873 3662 2944; baseline 0.001 -15"><span class='ocrx_word' id='word_1_463' title='bbox 2020 2873 2494 2930; x_wconf 87' lang='lat' dir='ltr'><strong>Democratarum</strong></span> <span class='ocrx_word' id='word_1_464' title='bbox 2515 2889 2616 2928; x_wconf 89' lang='lat' dir='ltr'><strong>seu</strong></span> <span class='ocrx_word' id='word_1_465' title='bbox 2635 2874 3086 2944; x_wconf 86' lang='lat' dir='ltr'><strong>magistratuum</strong></span> <span class='ocrx_word' id='word_1_466' title='bbox 3103 2875 3494 2931; x_wconf 87' lang='lat' dir='ltr'><strong>factionalium</strong></span> <span class='ocrx_word' id='word_1_467' title='bbox 3519 2877 3662 2932; x_wconf 85' lang='lat' dir='ltr'><strong>clas-</strong></span> 
     </span>
    </p>
   </div>
   <div class='ocr_carea' id='block_1_70' title="bbox 2021 2958 3668 3028">
    <p class='ocr_par' dir='ltr' id='par_1_70' title="bbox 2021 2958 3668 3028">
     <span class='ocr_line' id='line_1_70' title="bbox 2021 2958 3668 3028; baseline 0.001 -12"><span class='ocrx_word' id='word_1_468' title='bbox 2021 2960 2100 3016; x_wconf 87' lang='lat' dir='ltr'><strong>sis</strong></span> <span class='ocrx_word' id='word_1_469' title='bbox 2131 2966 2360 3014; x_wconf 90' lang='lat' dir='ltr'><strong>tantum</strong></span> <span class='ocrx_word' id='word_1_470' title='bbox 2393 2958 2508 3014; x_wconf 92' lang='lat' dir='ltr'><strong>duo</strong></span> <span class='ocrx_word' id='word_1_471' title='bbox 2539 2958 2789 3028; x_wconf 84' lang='lat' dir='ltr'><strong>exhibet,</strong></span> <span class='ocrx_word' id='word_1_472' title='bbox 2812 2960 3194 3015; x_wconf 89' lang='lat' dir='ltr'><strong>demarchum</strong></span> <span class='ocrx_word' id='word_1_473' title='bbox 3229 2962 3575 3017; x_wconf 84' lang='lat' dir='ltr'><strong>Venetorum</strong></span> <span class='ocrx_word' id='word_1_474' title='bbox 3608 2966 3668 3017; x_wconf 89' lang='lat' dir='ltr'><strong>et</strong></span> 
     </span>
    </p>
   </div>
   <div class='ocr_carea' id='block_1_71' title="bbox 2021 3049 3660 3106">
    <p class='ocr_par' dir='ltr' id='par_1_71' title="bbox 2021 3049 3660 3106">
     <span class='ocr_line' id='line_1_71' title="bbox 2021 3049 3660 3106; baseline 0.001 -2"><span class='ocrx_word' id='word_1_475' title='bbox 2021 3049 2403 3104; x_wconf 87' lang='lat' dir='ltr'><strong>demarchum</strong></span> <span class='ocrx_word' id='word_1_476' title='bbox 2436 3049 2836 3105; x_wconf 89' lang='lat' dir='ltr'><strong>Prasinorum.</strong></span> <span class='ocrx_word' id='word_1_477' title='bbox 2867 3049 3018 3106; x_wconf 72' lang='lat'><strong>415</strong></span> <span class='ocrx_word' id='word_1_478' title='bbox 3054 3050 3136 3102; x_wconf 87' lang='lat' dir='ltr'><strong>Ad</strong></span> <span class='ocrx_word' id='word_1_479' title='bbox 3171 3049 3524 3106; x_wconf 85' lang='lat' dir='ltr'><strong>stratarchas</strong></span> <span class='ocrx_word' id='word_1_480' title='bbox 3557 3067 3660 3106; x_wconf 90' lang='lat' dir='ltr'><strong>seu</strong></span> 
     </span>
    </p>
   </div>
   <div class='ocr_carea' id='block_1_72' title="bbox 2021 3134 3664 3209">
    <p class='ocr_par' dir='ltr' id='par_1_72' title="bbox 2021 3134 3664 3209">
     <span class='ocr_line' id='line_1_72' title="bbox 2021 3134 3664 3209; baseline 0.001 -18"><span class='ocrx_word' id='word_1_481' title='bbox 2021 3136 2401 3207; x_wconf 84' lang='lat' dir='ltr'><strong>magistratus</strong></span> <span class='ocrx_word' id='word_1_482' title='bbox 2424 3134 2706 3189; x_wconf 87' lang='lat' dir='ltr'><strong>militares</strong></span> <span class='ocrx_word' id='word_1_483' title='bbox 2728 3135 3030 3191; x_wconf 86' lang='lat' dir='ltr'><strong>inferiores</strong></span> <span class='ocrx_word' id='word_1_484' title='bbox 3053 3145 3106 3190; x_wconf 91' lang='lat' dir='ltr'><strong>et</strong></span> <span class='ocrx_word' id='word_1_485' title='bbox 3134 3136 3496 3192; x_wconf 88' lang='lat' dir='ltr'><strong>collaterales</strong></span> <span class='ocrx_word' id='word_1_486' title='bbox 3526 3155 3664 3209; x_wconf 83' lang='lat' dir='ltr'><strong>per-</strong></span> 
     </span>
    </p>
   </div>
   <div class='ocr_carea' id='block_1_73' title="bbox 2014 3223 3663 3297">
    <p class='ocr_par' dir='ltr' id='par_1_73' title="bbox 2014 3223 3663 3297">
     <span class='ocr_line' id='line_1_73' title="bbox 2014 3223 3663 3297; baseline 0.001 -17"><span class='ocrx_word' id='word_1_487' title='bbox 2014 3226 2203 3281; x_wconf 89' lang='lat' dir='ltr'><strong>tinent</strong></span> <span class='ocrx_word' id='word_1_488' title='bbox 2224 3224 2518 3296; x_wconf 91' lang='lat' dir='ltr'><strong>quinque:</strong></span> <span class='ocrx_word' id='word_1_489' title='bbox 2545 3223 2792 3279; x_wconf 67' lang='lat' dir='ltr'><strong>hetaerias</strong></span> <span class='ocrx_word' id='word_1_490' title='bbox 2816 3224 3119 3296; x_wconf 67' lang='lat' dir='ltr'><strong>praefectus</strong></span> <span class='ocrx_word' id='word_1_491' title='bbox 3157 3225 3550 3297; x_wconf 85' lang='lat' dir='ltr'><strong>:drungarius</strong></span> <span class='ocrx_word' id='word_1_492' title='bbox 3583 3227 3663 3282; x_wconf 90' lang='lat' dir='ltr'><strong>rei</strong></span> 
     </span>
    </p>
   </div>
   <div class='ocr_carea' id='block_1_74' title="bbox 2008 3313 3667 3385">
    <p class='ocr_par' dir='ltr' id='par_1_74' title="bbox 2008 3313 3667 3385">
     <span class='ocr_line' id='line_1_74' title="bbox 2008 3313 3667 3385; baseline 0.001 -16"><span class='ocrx_word' id='word_1_493' title='bbox 2008 3313 2265 3380; x_wconf 88' lang='lat' dir='ltr'><strong>navalis;</strong></span> <span class='ocrx_word' id='word_1_494' title='bbox 2303 3313 2604 3368; x_wconf 87' lang='lat' dir='ltr'><strong>rationalis</strong></span> <span class='ocrx_word' id='word_1_495' title='bbox 2625 3314 3422 3385; x_wconf 86' lang='lat' dir='ltr'><strong>gregum;protospatharius</strong></span> <span class='ocrx_word' id='word_1_496' title='bbox 3465 3314 3667 3370; x_wconf 89' lang='lat' dir='ltr'><strong>basili-</strong></span> 
     </span>
    </p>
   </div>
   <div class='ocr_carea' id='block_1_75' title="bbox 2009 3400 3660 3474">
    <p class='ocr_par' dir='ltr' id='par_1_75' title="bbox 2009 3400 3660 3474">
     <span class='ocr_line' id='line_1_75' title="bbox 2009 3400 3660 3474; baseline 0.001 -18"><span class='ocrx_word' id='word_1_497' title='bbox 2009 3417 2244 3466; x_wconf 84' lang='lat' dir='ltr'><strong>corum;</strong></span> <span class='ocrx_word' id='word_1_498' title='bbox 2279 3416 2468 3456; x_wconf 87' lang='lat' dir='ltr'><strong>comes</strong></span> <span class='ocrx_word' id='word_1_499' title='bbox 2499 3400 2734 3456; x_wconf 85' lang='lat' dir='ltr'><strong>stabuli.</strong></span> <span class='ocrx_word' id='word_1_500' title='bbox 2767 3401 3000 3472; x_wconf 88' lang='lat' dir='ltr'><strong>Septem</strong></span> <span class='ocrx_word' id='word_1_501' title='bbox 3019 3403 3255 3457; x_wconf 89' lang='lat' dir='ltr'><strong>tandem</strong></span> <span class='ocrx_word' id='word_1_502' title='bbox 3277 3403 3558 3474; x_wconf 87' lang='lat' dir='ltr'><strong>sunt,qui</strong></span> <span class='ocrx_word' id='word_1_503' title='bbox 3588 3403 3660 3458; x_wconf 86' lang='lat' dir='ltr'><strong>ad</strong></span> 
     </span>
    </p>
   </div>
   <div class='ocr_carea' id='block_1_76' title="bbox 2010 3486 3658 3562">
    <p class='ocr_par' dir='ltr' id='par_1_76' title="bbox 2010 3486 3658 3562">
     <span class='ocr_line' id='line_1_76' title="bbox 2010 3486 3658 3562; baseline 0.003 -21"><span class='ocrx_word' id='word_1_504' title='bbox 2010 3486 2294 3558; x_wconf 86' lang='lat' dir='ltr'><strong>speciales</strong></span> <span class='ocrx_word' id='word_1_505' title='bbox 2326 3487 2619 3542; x_wconf 88' lang='lat' dir='ltr'><strong>solitariae</strong></span> <span class='ocrx_word' id='word_1_506' title='bbox 2640 3503 2790 3542; x_wconf 88' lang='lat' dir='ltr'><strong>seua</strong></span> <span class='ocrx_word' id='word_1_507' title='bbox 2819 3490 2940 3543; x_wconf 89' lang='lat' dir='ltr'><strong>viro</strong></span> <span class='ocrx_word' id='word_1_508' title='bbox 2973 3507 3110 3557; x_wconf 92' lang='lat' dir='ltr'><strong>uno,</strong></span> <span class='ocrx_word' id='word_1_509' title='bbox 3145 3507 3260 3546; x_wconf 91' lang='lat' dir='ltr'><strong>non</strong></span> <span class='ocrx_word' id='word_1_510' title='bbox 3276 3491 3658 3562; x_wconf 89' lang='lat' dir='ltr'><strong>pluribusge-</strong></span> 
     </span>
    </p>
   </div>
   <div class='ocr_carea' id='block_1_77' title="bbox 2010 3573 3665 3647">
    <p class='ocr_par' dir='ltr' id='par_1_77' title="bbox 2010 3573 3665 3647">
     <span class='ocr_line' id='line_1_77' title="bbox 2010 3573 3665 3647; baseline 0.001 -17"><span class='ocrx_word' id='word_1_511' title='bbox 2010 3575 2224 3630; x_wconf 82' lang='lat' dir='ltr'><strong>rendas</strong></span> <span class='ocrx_word' id='word_1_512' title='bbox 2257 3573 2574 3645; x_wconf 88' lang='lat' dir='ltr'><strong>dignitates</strong></span> <span class='ocrx_word' id='word_1_513' title='bbox 2597 3580 2861 3643; x_wconf 88' lang='lat' dir='ltr'><strong>spectant</strong></span> <span class='ocrx_word' id='word_1_514' title='bbox 2893 3595 2906 3629; x_wconf 87' lang='lat'><strong>:</strong></span> <span class='ocrx_word' id='word_1_515' title='bbox 2960 3576 3352 3647; x_wconf 84' lang='lat' dir='ltr'><strong>basileopator</strong></span> <span class='ocrx_word' id='word_1_516' title='bbox 3393 3585 3622 3646; x_wconf 90' lang='lat' dir='ltr'><strong>;rector</strong></span> <span class='ocrx_word' id='word_1_517' title='bbox 3649 3598 3665 3647; x_wconf 71' lang='grc' dir='ltr'><strong>ς</strong></span> 
     </span>
    </p>
   </div>
   <div class='ocr_carea' id='block_1_78' title="bbox 2013 3659 3668 3734">
    <p class='ocr_par' dir='ltr' id='par_1_78' title="bbox 2013 3659 3668 3734">
     <span class='ocr_line' id='line_1_78' title="bbox 2013 3659 3668 3734; baseline 0.002 -18"><span class='ocrx_word' id='word_1_518' title='bbox 2013 3659 2336 3731; x_wconf 78' lang='lat' dir='ltr'><strong>syncelius;</strong></span> <span class='ocrx_word' id='word_1_519' title='bbox 2373 3661 2770 3716; x_wconf 87' lang='lat' dir='ltr'><strong>chartularius</strong></span> <span class='ocrx_word' id='word_1_520' title='bbox 2787 3662 3025 3717; x_wconf 91' lang='lat' dir='ltr'><strong>caniclei</strong></span> <span class='ocrx_word' id='word_1_521' title='bbox 3052 3668 3462 3734; x_wconf 85' lang='lat' dir='ltr'><strong>;protostrator</strong></span> <span class='ocrx_word' id='word_1_522' title='bbox 3485 3665 3668 3734; x_wconf 86' lang='lat' dir='ltr'><strong>;ceri-</strong></span> 
     </span>
    </p>
   </div>
   <div class='ocr_carea' id='block_1_79' title="bbox 2014 3751 3202 3820">
    <p class='ocr_par' dir='ltr' id='par_1_79' title="bbox 2014 3751 3202 3820">
     <span class='ocr_line' id='line_1_79' title="bbox 2014 3751 3202 3820; baseline 0 -14"><span class='ocrx_word' id='word_1_523' title='bbox 2014 3751 2316 3806; x_wconf 88' lang='lat' dir='ltr'><strong>monarius</strong></span> <span class='ocrx_word' id='word_1_524' title='bbox 2349 3771 2364 3819; x_wconf 90' lang='lat'><strong>;</strong></span> <span class='ocrx_word' id='word_1_525' title='bbox 2403 3751 2760 3806; x_wconf 89' lang='lat' dir='ltr'><strong>domesticus</strong></span> <span class='ocrx_word' id='word_1_526' title='bbox 2791 3752 3202 3820; x_wconf 87' lang='lat' dir='ltr'><strong>imperialium.</strong></span> 
     </span>
    </p>
   </div>
   <div class='ocr_carea' id='block_1_80' title="bbox 239 3835 3670 3919">
    <p class='ocr_par' dir='ltr' id='par_1_80' title="bbox 239 3835 3670 3919">
     <span class='ocr_line' id='line_1_80' title="bbox 239 3835 3670 3919; baseline 0.001 -25"><span class='ocrx_word' id='word_1_527' title='bbox 239 3844 506 3919; x_wconf 65' lang='grc' dir='ltr'><strong>ρήμαχος</strong></span> <span class='ocrx_word' id='word_1_528' title='bbox 557 3840 861 3914; x_wconf 86' lang='grc' dir='ltr'>Πρασίνων.</span> <span class='ocrx_word' id='word_1_529' title='bbox 913 3840 983 3894; x_wconf 88' lang='lat' dir='ltr'><strong>Al</strong></span> <span class='ocrx_word' id='word_1_530' title='bbox 1035 3835 1092 3892; x_wconf 78' lang='grc' dir='ltr'><strong>δὲ</strong></span> <span class='ocrx_word' id='word_1_531' title='bbox 1140 3839 1216 3900; x_wconf 76' lang='grc' dir='ltr'><strong>εἰς</strong></span> <span class='ocrx_word' id='word_1_532' title='bbox 1272 3839 1616 3912; x_wconf 81' lang='grc' dir='ltr'><strong>στρατάρχας</strong></span> <span class='ocrx_word' id='word_1_533' title='bbox 1665 3837 1768 3892; x_wconf 79' lang='grc' dir='ltr'><strong>εἰσὶ</strong></span> <span class='ocrx_word' id='word_1_534' title='bbox 1814 3839 1901 3893; x_wconf 81' lang='grc' dir='ltr'><strong>καὶ</strong></span> <span class='ocrx_word' id='word_1_535' title='bbox 1951 3838 2109 3894; x_wconf 80' lang='grc' dir='ltr'><strong>αὗται</strong></span> <span class='ocrx_word' id='word_1_536' title='bbox 2159 3838 2252 3892; x_wconf 88' lang='grc' dir='ltr'><strong>τὸν</strong></span> <span class='ocrx_word' id='word_1_537' title='bbox 2303 3837 2534 3912; x_wconf 84' lang='grc' dir='ltr'><strong>ἀριθμὸν</strong></span> <span class='ocrx_word' id='word_1_538' title='bbox 2584 3839 2642 3908; x_wconf 85' lang='grc' dir='ltr'><strong>ε’,</strong></span> <span class='ocrx_word' id='word_1_539' title='bbox 2689 3840 2807 3892; x_wconf 80' lang='grc' dir='ltr'>οἷον</span> <span class='ocrx_word' id='word_1_540' title='bbox 2837 3841 2864 3894; x_wconf 89' lang='lat'><strong>6</strong></span> <span class='ocrx_word' id='word_1_541' title='bbox 2897 3838 3304 3918; x_wconf 77' lang='grc' dir='ltr'><strong>ἐταιρειάρχης,</strong></span> <span class='ocrx_word' id='word_1_542' title='bbox 3340 3837 3670 3916; x_wconf 80' lang='grc' dir='ltr'><strong>ὁδρουγγά-</strong></span> 
     </span>
    </p>
   </div>
   <div class='ocr_carea' id='block_1_81' title="bbox 241 3925 3672 4006">
    <p class='ocr_par' dir='ltr' id='par_1_81' title="bbox 241 3925 3672 4006">
     <span class='ocr_line' id='line_1_81' title="bbox 241 3925 3672 4006; baseline 0 -22"><span class='ocrx_word' id='word_1_543' title='bbox 241 3951 368 4006; x_wconf 88' lang='grc' dir='ltr'><strong>ριος</strong></span> <span class='ocrx_word' id='word_1_544' title='bbox 395 3934 492 3983; x_wconf 78' lang='grc' dir='ltr'><strong>τοῦ</strong></span> <span class='ocrx_word' id='word_1_545' title='bbox 521 3927 789 4002; x_wconf 77' lang='grc' dir='ltr'>πλοίμου,</span> <span class='ocrx_word' id='word_1_546' title='bbox 836 3929 863 3982; x_wconf 90' lang='lat'><strong>6</strong></span> <span class='ocrx_word' id='word_1_547' title='bbox 911 3926 1211 4000; x_wconf 82' lang='grc' dir='ltr'>λογοθὲτης</span> <span class='ocrx_word' id='word_1_548' title='bbox 1261 3931 1367 3981; x_wconf 91' lang='grc' dir='ltr'><strong>τῶν</strong></span> <span class='ocrx_word' id='word_1_549' title='bbox 1422 3927 1658 4003; x_wconf 83' lang='grc' dir='ltr'><strong>άγελῶν,</strong></span> <span class='ocrx_word' id='word_1_550' title='bbox 1693 3927 1738 3981; x_wconf 75' lang='grc' dir='ltr'><strong>’ὁ</strong></span> <span class='ocrx_word' id='word_1_551' title='bbox 1791 3927 2275 4002; x_wconf 84' lang='grc' dir='ltr'><strong>πρωτοσπαθάριος</strong></span> <span class='ocrx_word' id='word_1_552' title='bbox 2334 3931 2441 3981; x_wconf 93' lang='grc' dir='ltr'><strong>τῶν</strong></span> <span class='ocrx_word' id='word_1_553' title='bbox 2482 3927 2806 4001; x_wconf 85' lang='grc' dir='ltr'>βασιλικῶν,</span> <span class='ocrx_word' id='word_1_554' title='bbox 2859 3929 2886 3983; x_wconf 87' lang='grc' dir='ltr'>ὁ</span> <span class='ocrx_word' id='word_1_555' title='bbox 2929 3929 3112 4002; x_wconf 82' lang='grc' dir='ltr'>κόμης</span> <span class='ocrx_word' id='word_1_556' title='bbox 3164 3929 3259 3983; x_wconf 79' lang='grc' dir='ltr'>τοῦ</span> <span class='ocrx_word' id='word_1_557' title='bbox 3307 3925 3566 3988; x_wconf 73' lang='grc' dir='ltr'>πάόλου.</span> <span class='ocrx_word' id='word_1_558' title='bbox 3599 3931 3672 3986; x_wconf 81' lang='lat' dir='ltr'><strong>Al</strong></span> 
     </span>
    </p>
   </div>
   <div class='ocr_carea' id='block_1_82' title="bbox 241 4013 3671 4093">
    <p class='ocr_par' dir='ltr' id='par_1_82' title="bbox 241 4013 3671 4093">
     <span class='ocr_line' id='line_1_82' title="bbox 241 4013 3671 4093; baseline 0 -19"><span class='ocrx_word' id='word_1_559' title='bbox 241 4017 305 4074; x_wconf 77' lang='grc' dir='ltr'><strong>δὲ</strong></span> <span class='ocrx_word' id='word_1_560' title='bbox 355 4018 432 4080; x_wconf 72' lang='grc' dir='ltr'>εἷς</span> <span class='ocrx_word' id='word_1_561' title='bbox 479 4015 681 4079; x_wconf 75' lang='grc' dir='ltr'>εἰδικὰς</span> <span class='ocrx_word' id='word_1_562' title='bbox 737 4017 903 4090; x_wconf 88' lang='grc' dir='ltr'>μόνας</span> <span class='ocrx_word' id='word_1_563' title='bbox 949 4016 1095 4086; x_wconf 80' lang='grc' dir='ltr'>ἀξίας</span> <span class='ocrx_word' id='word_1_564' title='bbox 1146 4015 1246 4070; x_wconf 80' lang='grc' dir='ltr'><strong>εἰσί</strong></span> <span class='ocrx_word' id='word_1_565' title='bbox 1296 4016 1384 4070; x_wconf 83' lang='grc' dir='ltr'>καὶ</span> <span class='ocrx_word' id='word_1_566' title='bbox 1441 4016 1596 4070; x_wconf 77' lang='grc' dir='ltr'><strong>αὗται</strong></span> <span class='ocrx_word' id='word_1_567' title='bbox 1655 4016 1748 4070; x_wconf 87' lang='grc' dir='ltr'><strong>τὸν</strong></span> <span class='ocrx_word' id='word_1_568' title='bbox 1799 4016 2029 4091; x_wconf 82' lang='grc' dir='ltr'><strong>ἀριθμὸν</strong></span> <span class='ocrx_word' id='word_1_569' title='bbox 2084 4017 2144 4086; x_wconf 77' lang='grc' dir='ltr'><strong>ζ’,</strong></span> <span class='ocrx_word' id='word_1_570' title='bbox 2197 4018 2317 4071; x_wconf 81' lang='grc' dir='ltr'><strong>οἷον</strong></span> <span class='ocrx_word' id='word_1_571' title='bbox 2367 4016 2393 4070; x_wconf 89' lang='lat'><strong>6</strong></span> <span class='ocrx_word' id='word_1_572' title='bbox 2447 4013 2886 4091; x_wconf 88' lang='grc' dir='ltr'><strong>βασιλεοπάτωρ,</strong></span> <span class='ocrx_word' id='word_1_573' title='bbox 2938 4018 2966 4070; x_wconf 95' lang='lat'><strong>6</strong></span> <span class='ocrx_word' id='word_1_574' title='bbox 3024 4016 3282 4092; x_wconf 71' lang='grc' dir='ltr'><strong>ῥαίκτωρ,</strong></span> <span class='ocrx_word' id='word_1_575' title='bbox 3347 4019 3375 4072; x_wconf 85' lang='lat'><strong>6</strong></span> <span class='ocrx_word' id='word_1_576' title='bbox 3442 4017 3671 4093; x_wconf 81' lang='grc' dir='ltr'>σύγκελ-</span> 
     </span>
    </p>
   </div>
   <div class='ocr_carea' id='block_1_83' title="bbox 241 4103 3669 4185">
    <p class='ocr_par' dir='ltr' id='par_1_83' title="bbox 241 4103 3669 4185">
     <span class='ocr_line' id='line_1_83' title="bbox 241 4103 3669 4185; baseline -0.001 -23"><span class='ocrx_word' id='word_1_577' title='bbox 241 4106 369 4175; x_wconf 84' lang='grc' dir='ltr'>λος,</span> <span class='ocrx_word' id='word_1_578' title='bbox 440 4109 467 4161; x_wconf 91' lang='grc' dir='ltr'>ὁ</span> <span class='ocrx_word' id='word_1_579' title='bbox 537 4105 940 4185; x_wconf 86' lang='grc' dir='ltr'><strong>χαρτουλάριος</strong></span> <span class='ocrx_word' id='word_1_580' title='bbox 1004 4110 1101 4161; x_wconf 78' lang='grc' dir='ltr'><strong>τοῦ</strong></span> <span class='ocrx_word' id='word_1_581' title='bbox 1166 4103 1500 4174; x_wconf 80' lang='grc' dir='ltr'>κανικλείου,</span> <span class='ocrx_word' id='word_1_582' title='bbox 1568 4106 1596 4160; x_wconf 90' lang='lat'><strong>6</strong></span> <span class='ocrx_word' id='word_1_583' title='bbox 1663 4104 2127 4180; x_wconf 87' lang='grc' dir='ltr'><strong>πρωτοστράτωρ,</strong></span> <span class='ocrx_word' id='word_1_584' title='bbox 2171 4105 2198 4158; x_wconf 92' lang='lat'><strong>6</strong></span> <span class='ocrx_word' id='word_1_585' title='bbox 2238 4107 2336 4172; x_wconf 75' lang='grc' dir='ltr'><strong>τῆς</strong></span> <span class='ocrx_word' id='word_1_586' title='bbox 2394 4106 2794 4172; x_wconf 84' lang='grc' dir='ltr'><strong>καταστάσεως,</strong></span> <span class='ocrx_word' id='word_1_587' title='bbox 2858 4105 2886 4159; x_wconf 93' lang='lat'><strong>6</strong></span> <span class='ocrx_word' id='word_1_588' title='bbox 2946 4103 3264 4178; x_wconf 83' lang='grc' dir='ltr'><strong>δομέστικος</strong></span> <span class='ocrx_word' id='word_1_589' title='bbox 3299 4110 3410 4160; x_wconf 91' lang='grc' dir='ltr'>τῶν</span> <span class='ocrx_word' id='word_1_590' title='bbox 3452 4105 3669 4180; x_wconf 85' lang='grc' dir='ltr'><strong>βασιλι-</strong></span> 
     </span>
    </p>
   </div>
   <div class='ocr_carea' id='block_1_84' title="bbox 243 4200 380 4250">
    <p class='ocr_par' dir='ltr' id='par_1_84' title="bbox 243 4200 380 4250">
     <span class='ocr_line' id='line_1_84' title="bbox 243 4200 380 4250; baseline -0.015 0"><span class='ocrx_word' id='word_1_591' title='bbox 243 4200 360 4250; x_wconf 89' lang='grc' dir='ltr'>κῶν</span> <span class='ocrx_word' id='word_1_592' title='bbox 369 4237 380 4249; x_wconf 97' lang='grc'><strong><em>.</em></strong></span> 
     </span>
    </p>
   </div>
   <div class='ocr_carea' id='block_1_85' title="bbox 247 4337 1907 4430">
    <p class='ocr_par' dir='ltr' id='par_1_85' title="bbox 247 4337 1907 4430">
     <span class='ocr_line' id='line_1_85' title="bbox 247 4337 1907 4430; baseline 0 -36"><span class='ocrx_word' id='word_1_593' title='bbox 247 4341 325 4394; x_wconf 82' lang='lat' dir='ltr'><strong>Al</strong></span> <span class='ocrx_word' id='word_1_594' title='bbox 371 4337 428 4392; x_wconf 76' lang='grc' dir='ltr'><strong>δὲ</strong></span> <span class='ocrx_word' id='word_1_595' title='bbox 467 4338 899 4430; x_wconf 59' lang='grc' dir='ltr'><strong>ὑποτεταγμέναι</strong></span> <span class='ocrx_word' id='word_1_596' title='bbox 955 4341 1192 4430; x_wconf 45' lang='grc' dir='ltr'><strong>ὲκάπων</strong></span> <span class='ocrx_word' id='word_1_597' title='bbox 1219 4340 1461 4430; x_wconf 39' lang='grc' dir='ltr'><strong>ἑορτῶν</strong></span> <span class='ocrx_word' id='word_1_598' title='bbox 1517 4339 1687 4425; x_wconf 42' lang='grc' dir='ltr'><strong>ἀρχῇ,</strong></span> <span class='ocrx_word' id='word_1_599' title='bbox 1725 4340 1815 4393; x_wconf 83' lang='grc' dir='ltr'><strong>καὶ</strong></span> <span class='ocrx_word' id='word_1_600' title='bbox 1859 4342 1907 4394; x_wconf 71' lang='grc' dir='ltr'><strong>αἱ</strong></span> 
     </span>
    </p>
   </div>
   <div class='ocr_carea' id='block_1_86' title="bbox 2017 4337 3677 4430">
    <p class='ocr_par' dir='ltr' id='par_1_86' title="bbox 2023 4340 3677 4430">
     <span class='ocr_line' id='line_1_86' title="bbox 2023 4340 3677 4430; baseline 0.001 -36"><span class='ocrx_word' id='word_1_601' title='bbox 2023 4341 2235 4395; x_wconf 85' lang='lat' dir='ltr'><strong>Harum</strong></span> <span class='ocrx_word' id='word_1_602' title='bbox 2262 4340 2564 4410; x_wconf 84' lang='lat' dir='ltr'><strong>unicuique</strong></span> <span class='ocrx_word' id='word_1_603' title='bbox 2591 4342 2893 4430; x_wconf 59' lang='lat' dir='ltr'><strong>suppositas:</strong></span> <span class='ocrx_word' id='word_1_604' title='bbox 2921 4341 3218 4413; x_wconf 78' lang='lat' dir='ltr'><strong>dignitates</strong></span> <span class='ocrx_word' id='word_1_605' title='bbox 3237 4345 3288 4396; x_wconf 84' lang='lat' dir='ltr'><strong>et</strong></span> <span class='ocrx_word' id='word_1_606' title='bbox 3316 4341 3677 4412; x_wconf 76' lang='lat' dir='ltr'><strong>obsequentes</strong></span> 
     </span>
    </p>
   </div>
   <div class='ocr_carea' id='block_1_87' title="bbox 365 4410 1801 4485">
    <p class='ocr_par' dir='ltr' id='par_1_87' title="bbox 365 4410 1801 4485">
     <span class='ocr_line' id='line_1_87' title="bbox 365 4410 1801 4485; baseline 0.003 -22"><span class='ocrx_word' id='word_1_607' title='bbox 365 4410 973 4485; x_wconf 67' lang='grc' dir='ltr'>συνεπόμεναιούταῖς,</span> <span class='ocrx_word' id='word_1_608' title='bbox 1020 4412 1153 4466; x_wconf 81' lang='grc' dir='ltr'><strong>εἰσὶν</strong></span> <span class='ocrx_word' id='word_1_609' title='bbox 1215 4411 1266 4481; x_wconf 78' lang='grc' dir='ltr'><strong>ἐξ</strong></span> <span class='ocrx_word' id='word_1_610' title='bbox 1309 4410 1801 4483; x_wconf 37' lang='grc' dir='ltr'><strong>ὀνόματος-αὗται.</strong></span> 
     </span>
    </p>
   </div>
   <div class='ocr_carea' id='block_1_88' title="bbox 325 4516 1912 4591">
    <p class='ocr_par' dir='ltr' id='par_1_88' title="bbox 325 4516 1912 4591">
     <span class='ocr_line' id='line_1_88' title="bbox 325 4516 1912 4591; baseline 0.001 -23"><span class='ocrx_word' id='word_1_611' title='bbox 325 4516 712 4572; x_wconf 78' lang='grc' dir='ltr'>Ὑποπὲπτωκε</span> <span class='ocrx_word' id='word_1_612' title='bbox 782 4516 838 4572; x_wconf 74' lang='grc' dir='ltr'><strong>δὲ</strong></span> <span class='ocrx_word' id='word_1_613' title='bbox 894 4518 1090 4591; x_wconf 72' lang='grc' dir='ltr'><strong>ἑκάστῃ</strong></span> <span class='ocrx_word' id='word_1_614' title='bbox 1168 4516 1378 4572; x_wconf 74' lang='grc' dir='ltr'><strong>τούτων</strong></span> <span class='ocrx_word' id='word_1_615' title='bbox 1435 4516 1757 4590; x_wconf 80' lang='grc' dir='ltr'><strong>ἀξιωμάτων</strong></span> <span class='ocrx_word' id='word_1_616' title='bbox 1818 4518 1912 4590; x_wconf 88' lang='grc' dir='ltr'><strong>ἀρ-</strong></span> 
     </span>
    </p>
   </div>
   <div class='ocr_carea' id='block_1_89' title="bbox 256 4601 1912 4682">
    <p class='ocr_par' dir='ltr' id='par_1_89' title="bbox 256 4601 1912 4682">
     <span class='ocr_line' id='line_1_89' title="bbox 256 4601 1912 4682; baseline 0.004 -28"><span class='ocrx_word' id='word_1_617' title='bbox 256 4606 339 4678; x_wconf 76' lang='grc' dir='ltr'>χῇ</span> <span class='ocrx_word' id='word_1_618' title='bbox 384 4601 501 4672; x_wconf 76' lang='grc' dir='ltr'>εἷ’δη</span> <span class='ocrx_word' id='word_1_619' title='bbox 537 4604 858 4676; x_wconf 81' lang='grc' dir='ltr'><strong>ἀξιωμάτων</strong></span> <span class='ocrx_word' id='word_1_620' title='bbox 891 4603 1120 4682; x_wconf 81' lang='grc' dir='ltr'><strong>διάφορα</strong></span> <span class='ocrx_word' id='word_1_621' title='bbox 1155 4607 1290 4662; x_wconf 87' lang='grc' dir='ltr'>κατά</span> <span class='ocrx_word' id='word_1_622' title='bbox 1320 4604 1613 4682; x_wconf 83' lang='grc' dir='ltr'>ἀναλογίαν</span> <span class='ocrx_word' id='word_1_623' title='bbox 1644 4607 1731 4660; x_wconf 83' lang='grc' dir='ltr'>καὶ</span> <span class='ocrx_word' id='word_1_624' title='bbox 1765 4605 1912 4675; x_wconf 79' lang='grc' dir='ltr'><strong>τάξιν</strong></span> 
     </span>
    </p>
   </div>
   <div class='ocr_carea' id='block_1_90' title="bbox 255 4691 1916 4771">
    <p class='ocr_par' dir='ltr' id='par_1_90' title="bbox 255 4691 1916 4771">
     <span class='ocr_line' id='line_1_90' title="bbox 255 4691 1916 4771; baseline 0 -23"><span class='ocrx_word' id='word_1_625' title='bbox 255 4692 352 4748; x_wconf 76' lang='grc' dir='ltr'><strong>καὶ</strong></span> <span class='ocrx_word' id='word_1_626' title='bbox 384 4698 483 4756; x_wconf 82' lang='grc' dir='ltr'><strong>τῆς</strong></span> <span class='ocrx_word' id='word_1_627' title='bbox 511 4692 735 4748; x_wconf 65' lang='grc' dir='ltr'><strong>ἑκάστου</strong></span> <span class='ocrx_word' id='word_1_628' title='bbox 770 4693 1165 4766; x_wconf 79' lang='grc' dir='ltr'><strong>προελεύσεως,</strong></span> <span class='ocrx_word' id='word_1_629' title='bbox 1204 4691 1236 4748; x_wconf 79' lang='grc' dir='ltr'>ἅ</span> <span class='ocrx_word' id='word_1_630' title='bbox 1275 4694 1522 4750; x_wconf 83' lang='grc' dir='ltr'>καὶαύτᾶ</span> <span class='ocrx_word' id='word_1_631' title='bbox 1547 4696 1778 4771; x_wconf 71' lang='grc' dir='ltr'>ὀφφίκια</span> <span class='ocrx_word' id='word_1_632' title='bbox 1799 4695 1916 4748; x_wconf 86' lang='grc' dir='ltr'><strong>ὀνο-</strong></span> 
     </span>
    </p>
   </div>
   <div class='ocr_carea' id='block_1_91' title="bbox 2721 4413 2970 4469">
    <p class='ocr_par' dir='ltr' id='par_1_91' title="bbox 2721 4413 2970 4469">
     <span class='ocr_line' id='line_1_91' title="bbox 2721 4413 2970 4469; baseline 0.012 -3"><span class='ocrx_word' id='word_1_633' title='bbox 2721 4422 2851 4467; x_wconf 81' lang='lat' dir='ltr'><strong>sunt</strong></span> <span class='ocrx_word' id='word_1_634' title='bbox 2869 4413 2970 4469; x_wconf 64' lang='lat' dir='ltr'><strong>lim.</strong></span> 
     </span>
    </p>
   </div>
   <div class='ocr_carea' id='block_1_92' title="bbox 2094 4516 3702 4588">
    <p class='ocr_par' dir='ltr' id='par_1_92' title="bbox 2094 4516 3702 4588">
     <span class='ocr_line' id='line_1_92' title="bbox 2094 4516 3702 4588; baseline 0.001 -16"><span class='ocrx_word' id='word_1_635' title='bbox 2094 4516 2438 4588; x_wconf 88' lang='lat' dir='ltr'><strong>Dignitates,</strong></span> <span class='ocrx_word' id='word_1_636' title='bbox 2471 4532 2615 4587; x_wconf 81' lang='lat' dir='ltr'><strong>quas</strong></span> <span class='ocrx_word' id='word_1_637' title='bbox 2671 4517 2948 4585; x_wconf 84' lang='lat' dir='ltr'><strong>diximus,</strong></span> <span class='ocrx_word' id='word_1_638' title='bbox 3004 4519 3176 4574; x_wconf 87' lang='lat' dir='ltr'><strong>etiam</strong></span> <span class='ocrx_word' id='word_1_639' title='bbox 3235 4517 3428 4573; x_wconf 78' lang='lat' dir='ltr'><strong>ofﬁcia</strong></span> <span class='ocrx_word' id='word_1_640' title='bbox 3481 4518 3702 4573; x_wconf 22' lang='lat' dir='ltr'><strong>solent.</strong></span> 
     </span>
    </p>
   </div>
   <div class='ocr_carea' id='block_1_93' title="bbox 2025 4607 3674 4679">
    <p class='ocr_par' dir='ltr' id='par_1_93' title="bbox 2025 4607 3674 4679">
     <span class='ocr_line' id='line_1_93' title="bbox 2025 4607 3674 4679; baseline 0.001 -17"><span class='ocrx_word' id='word_1_641' title='bbox 2025 4607 2326 4678; x_wconf 87' lang='lat' dir='ltr'><strong>appellari,</strong></span> <span class='ocrx_word' id='word_1_642' title='bbox 2359 4607 2719 4679; x_wconf 72' lang='lat' dir='ltr'><strong>diversasque</strong></span> <span class='ocrx_word' id='word_1_643' title='bbox 2751 4611 2885 4662; x_wconf 90' lang='lat' dir='ltr'><strong>sunt</strong></span> <span class='ocrx_word' id='word_1_644' title='bbox 2929 4608 3254 4664; x_wconf 88' lang='lat' dir='ltr'><strong>secundum</strong></span> <span class='ocrx_word' id='word_1_645' title='bbox 3287 4625 3450 4664; x_wconf 86' lang='lat' dir='ltr'><strong>suam</strong></span> <span class='ocrx_word' id='word_1_646' title='bbox 3490 4608 3674 4664; x_wconf 84' lang='lat' dir='ltr'><strong>ratio-</strong></span> 
     </span>
    </p>
   </div>
   <div class='ocr_carea' id='block_1_94' title="bbox 2027 4695 3674 4768">
    <p class='ocr_par' dir='ltr' id='par_1_94' title="bbox 2027 4695 3674 4768">
     <span class='ocr_line' id='line_1_94' title="bbox 2027 4695 3674 4768; baseline 0.001 -18"><span class='ocrx_word' id='word_1_647' title='bbox 2027 4711 2160 4751; x_wconf 90' lang='lat' dir='ltr'><strong>nem</strong></span> <span class='ocrx_word' id='word_1_648' title='bbox 2193 4700 2248 4750; x_wconf 89' lang='lat' dir='ltr'><strong>et</strong></span> <span class='ocrx_word' id='word_1_649' title='bbox 2305 4695 2566 4750; x_wconf 86' lang='lat' dir='ltr'><strong>ordinem</strong></span> <span class='ocrx_word' id='word_1_650' title='bbox 2617 4696 3009 4768; x_wconf 87' lang='lat' dir='ltr'><strong>processionis</strong></span> <span class='ocrx_word' id='word_1_651' title='bbox 3067 4697 3556 4768; x_wconf 90' lang='lat' dir='ltr'><strong>uniuscujusque,</strong></span> <span class='ocrx_word' id='word_1_652' title='bbox 3616 4700 3674 4753; x_wconf 89' lang='lat' dir='ltr'><strong>et</strong></span> 
     </span>
    </p>
   </div>
   <div class='ocr_carea' id='block_1_95' title="bbox 1319 4840 2617 4898">
    <p class='ocr_par' dir='ltr' id='par_1_95' title="bbox 1319 4840 2617 4898">
     <span class='ocr_line' id='line_1_95' title="bbox 1319 4840 2617 4898; baseline -0.001 -2"><span class='ocrx_word' id='word_1_653' title='bbox 1319 4841 1519 4896; x_wconf 85' lang='lat' dir='ltr'><strong>JOAN.</strong></span> <span class='ocrx_word' id='word_1_654' title='bbox 1553 4841 1698 4898; x_wconf 86' lang='lat' dir='ltr'><strong>JAC.</strong></span> <span class='ocrx_word' id='word_1_655' title='bbox 1729 4841 1992 4897; x_wconf 81' lang='lat' dir='ltr'><strong>REISKlI</strong></span> <span class='ocrx_word' id='word_1_656' title='bbox 2023 4840 2617 4896; x_wconf 84' lang='lat' dir='ltr'><strong>COMMENTARIUS.</strong></span> 
     </span>
    </p>
   </div>
   <div class='ocr_carea' id='block_1_96' title="bbox 258 5006 1910 5079">
    <p class='ocr_par' dir='ltr' id='par_1_96' title="bbox 258 5006 1910 5079">
     <span class='ocr_line' id='line_1_96' title="bbox 258 5006 1910 5079; baseline -0.001 -14"><span class='ocrx_word' id='word_1_657' title='bbox 258 5009 633 5074; x_wconf 84' lang='lat' dir='ltr'><strong>litaetschaus,</strong></span> <span class='ocrx_word' id='word_1_658' title='bbox 668 5009 766 5063; x_wconf 90' lang='lat' dir='ltr'><strong>ubi</strong></span> <span class='ocrx_word' id='word_1_659' title='bbox 795 5010 1094 5075; x_wconf 87' lang='lat' dir='ltr'><strong>rudentes,</strong></span> <span class='ocrx_word' id='word_1_660' title='bbox 1129 5006 1418 5079; x_wconf 67' lang='lat' dir='ltr'><strong>anchorae,</strong></span> <span class='ocrx_word' id='word_1_661' title='bbox 1447 5010 1687 5075; x_wconf 84' lang='lat' dir='ltr'><strong>ferrum,</strong></span> <span class='ocrx_word' id='word_1_662' title='bbox 1716 5009 1910 5079; x_wconf 93' lang='lat' dir='ltr'><strong>plum-</strong></span> 
     </span>
    </p>
   </div>
   <div class='ocr_carea' id='block_1_97' title="bbox 257 5077 1915 5149">
    <p class='ocr_par' dir='ltr' id='par_1_97' title="bbox 257 5077 1915 5149">
     <span class='ocr_line' id='line_1_97' title="bbox 257 5077 1915 5149; baseline -0.001 -14"><span class='ocrx_word' id='word_1_663' title='bbox 257 5081 427 5144; x_wconf 90' lang='lat' dir='ltr'><strong>bum,</strong></span> <span class='ocrx_word' id='word_1_664' title='bbox 463 5082 576 5146; x_wconf 89' lang='lat' dir='ltr'><strong>pix,</strong></span> <span class='ocrx_word' id='word_1_665' title='bbox 606 5080 819 5147; x_wconf 87' lang='lat' dir='ltr'><strong>trabes,</strong></span> <span class='ocrx_word' id='word_1_666' title='bbox 848 5085 1143 5135; x_wconf 88' lang='lat' dir='ltr'><strong>tormenta</strong></span> <span class='ocrx_word' id='word_1_667' title='bbox 1159 5077 1390 5144; x_wconf 88' lang='lat' dir='ltr'><strong>bellica,</strong></span> <span class='ocrx_word' id='word_1_668' title='bbox 1415 5084 1524 5134; x_wconf 90' lang='lat' dir='ltr'><strong>etc.</strong></span> <span class='ocrx_word' id='word_1_669' title='bbox 1557 5077 1915 5149; x_wconf 80' lang='lat' dir='ltr'><strong>quaecunque</strong></span> 
     </span>
    </p>
   </div>
   <div class='ocr_carea' id='block_1_98' title="bbox 257 5149 1916 5219">
    <p class='ocr_par' dir='ltr' id='par_1_98' title="bbox 257 5149 1916 5219">
     <span class='ocr_line' id='line_1_98' title="bbox 257 5149 1916 5219; baseline -0.002 -12"><span class='ocrx_word' id='word_1_670' title='bbox 257 5152 619 5207; x_wconf 71' lang='lat' dir='ltr'><strong>instruendae</strong></span> <span class='ocrx_word' id='word_1_671' title='bbox 652 5151 784 5205; x_wconf 87' lang='lat' dir='ltr'><strong>navi</strong></span> <span class='ocrx_word' id='word_1_672' title='bbox 816 5159 870 5205; x_wconf 89' lang='lat' dir='ltr'><strong>et</strong></span> <span class='ocrx_word' id='word_1_673' title='bbox 902 5150 1074 5206; x_wconf 90' lang='lat' dir='ltr'><strong>classi</strong></span> <span class='ocrx_word' id='word_1_674' title='bbox 1107 5150 1348 5216; x_wconf 84' lang='lat' dir='ltr'><strong>faciunt,</strong></span> <span class='ocrx_word' id='word_1_675' title='bbox 1367 5149 1520 5203; x_wconf 88' lang='lat' dir='ltr'><strong>velut</strong></span> <span class='ocrx_word' id='word_1_676' title='bbox 1549 5150 1606 5203; x_wconf 93' lang='lat' dir='ltr'><strong>in</strong></span> <span class='ocrx_word' id='word_1_677' title='bbox 1640 5151 1916 5219; x_wconf 88' lang='lat' dir='ltr'><strong>apotheca</strong></span> 
     </span>
    </p>
   </div>
   <div class='ocr_carea' id='block_1_99' title="bbox 251 5219 1915 5294">
    <p class='ocr_par' dir='ltr' id='par_1_99' title="bbox 251 5219 1915 5294">
     <span class='ocr_line' id='line_1_99' title="bbox 251 5219 1915 5294; baseline -0.002 -17"><span class='ocrx_word' id='word_1_678' title='bbox 251 5224 454 5294; x_wconf 89' lang='lat' dir='ltr'><strong>jacent</strong></span> <span class='ocrx_word' id='word_1_679' title='bbox 486 5227 987 5294; x_wconf 10' lang='lat' dir='ltr'><strong>etiasservantur,</strong></span> <span class='ocrx_word' id='word_1_680' title='bbox 1021 5221 1338 5294; x_wconf 67' lang='lat' dir='ltr'><strong>simulque</strong></span> <span class='ocrx_word' id='word_1_681' title='bbox 1365 5219 1581 5294; x_wconf 82' lang='lat' dir='ltr'><strong>fuerint</strong></span> <span class='ocrx_word' id='word_1_682' title='bbox 1609 5220 1915 5294; x_wconf 84' lang='lat' dir='ltr'><strong>telonium,</strong></span> 
     </span>
    </p>
   </div>
   <div class='ocr_carea' id='block_1_100' title="bbox 257 5290 1916 5363">
    <p class='ocr_par' dir='ltr' id='par_1_100' title="bbox 257 5290 1916 5363">
     <span class='ocr_line' id='line_1_100' title="bbox 257 5290 1916 5363; baseline -0.003 -14"><span class='ocrx_word' id='word_1_683' title='bbox 257 5290 357 5349; x_wconf 74' lang='lat' dir='ltr'><strong>ubi</strong></span> <span class='ocrx_word' id='word_1_684' title='bbox 386 5293 748 5362; x_wconf 82' lang='lat' dir='ltr'><strong>recipiuntur</strong></span> <span class='ocrx_word' id='word_1_685' title='bbox 778 5292 1052 5363; x_wconf 90' lang='lat' dir='ltr'><strong>portoria,</strong></span> <span class='ocrx_word' id='word_1_686' title='bbox 1082 5290 1379 5353; x_wconf 67' lang='lat' dir='ltr'><strong>vectigalia</strong></span> <span class='ocrx_word' id='word_1_687' title='bbox 1411 5291 1690 5363; x_wconf 85' lang='lat' dir='ltr'><strong>mercium</strong></span> <span class='ocrx_word' id='word_1_688' title='bbox 1724 5293 1916 5362; x_wconf 74' lang='lat' dir='ltr'><strong>ingre-</strong></span> 
     </span>
    </p>
   </div>
   <div class='ocr_carea' id='block_1_101' title="bbox 263 5362 1918 5420">
    <p class='ocr_par' dir='ltr' id='par_1_101' title="bbox 263 5362 1918 5420">
     <span class='ocr_line' id='line_1_101' title="bbox 263 5362 1918 5420; baseline -0.001 -1"><span class='ocrx_word' id='word_1_689' title='bbox 263 5363 556 5419; x_wconf 89' lang='lat' dir='ltr'><strong>dientium</strong></span> <span class='ocrx_word' id='word_1_690' title='bbox 588 5370 646 5419; x_wconf 89' lang='lat' dir='ltr'><strong>et</strong></span> <span class='ocrx_word' id='word_1_691' title='bbox 675 5362 1038 5420; x_wconf 79' lang='lat' dir='ltr'><strong>exeuntium.</strong></span> <span class='ocrx_word' id='word_1_692' title='bbox 1075 5363 1366 5418; x_wconf 84' lang='lat' dir='ltr'><strong>Curatores</strong></span> <span class='ocrx_word' id='word_1_693' title='bbox 1397 5378 1538 5417; x_wconf 82' lang='lat' dir='ltr'><strong>sane</strong></span> <span class='ocrx_word' id='word_1_694' title='bbox 1568 5362 1706 5416; x_wconf 91' lang='lat' dir='ltr'><strong>olim</strong></span> <span class='ocrx_word' id='word_1_695' title='bbox 1758 5363 1918 5418; x_wconf 87' lang='lat' dir='ltr'><strong>dice-</strong></span> 
     </span>
    </p>
   </div>
   <div class='ocr_carea' id='block_1_102' title="bbox 261 5432 1915 5506">
    <p class='ocr_par' dir='ltr' id='par_1_102' title="bbox 261 5432 1915 5506">
     <span class='ocr_line' id='line_1_102' title="bbox 261 5432 1915 5506; baseline -0.001 -17"><span class='ocrx_word' id='word_1_696' title='bbox 261 5435 480 5490; x_wconf 87' lang='lat' dir='ltr'><strong>bantur</strong></span> <span class='ocrx_word' id='word_1_697' title='bbox 511 5441 832 5496; x_wconf 82' lang='lat' dir='ltr'><strong>receptores</strong></span> <span class='ocrx_word' id='word_1_698' title='bbox 867 5437 1280 5506; x_wconf 88' lang='lat' dir='ltr'><strong>portoriorum,</strong></span> <span class='ocrx_word' id='word_1_699' title='bbox 1309 5438 1367 5487; x_wconf 88' lang='lat' dir='ltr'><strong>et</strong></span> <span class='ocrx_word' id='word_1_700' title='bbox 1399 5432 1508 5506; x_wconf 80' lang='lat' dir='ltr'><strong>tale</strong></span> <span class='ocrx_word' id='word_1_701' title='bbox 1543 5432 1824 5499; x_wconf 83' lang='lat' dir='ltr'><strong>tribunal,</strong></span> <span class='ocrx_word' id='word_1_702' title='bbox 1855 5434 1915 5488; x_wconf 93' lang='lat' dir='ltr'><strong>in</strong></span> 
     </span>
    </p>
   </div>
   <div class='ocr_carea' id='block_1_103' title="bbox 267 5504 1914 5577">
    <p class='ocr_par' dir='ltr' id='par_1_103' title="bbox 267 5504 1914 5577">
     <span class='ocr_line' id='line_1_103' title="bbox 267 5504 1914 5577; baseline -0.001 -17"><span class='ocrx_word' id='word_1_703' title='bbox 267 5521 384 5577; x_wconf 89' lang='lat' dir='ltr'><strong>quo</strong></span> <span class='ocrx_word' id='word_1_704' title='bbox 406 5506 712 5577; x_wconf 87' lang='lat' dir='ltr'><strong>vectigalia</strong></span> <span class='ocrx_word' id='word_1_705' title='bbox 770 5504 1244 5577; x_wconf 43' lang='lat' dir='ltr'><strong>recipiebantur,</strong></span> <span class='ocrx_word' id='word_1_706' title='bbox 1269 5504 1548 5577; x_wconf 84' lang='lat' dir='ltr'><strong>audiebat</strong></span> <span class='ocrx_word' id='word_1_707' title='bbox 1586 5506 1866 5560; x_wconf 76' lang='lat' dir='ltr'><strong>curatoria</strong></span> <span class='ocrx_word' id='word_1_708' title='bbox 1892 5521 1914 5566; x_wconf 73' lang='grc' dir='ltr'><strong>,ο</strong></span> 
     </span>
    </p>
   </div>
   <div class='ocr_carea' id='block_1_104' title="bbox 267 5576 1310 5648">
    <p class='ocr_par' dir='ltr' id='par_1_104' title="bbox 267 5576 1310 5648">
     <span class='ocr_line' id='line_1_104' title="bbox 267 5576 1310 5648; baseline -0.001 -17"><span class='ocrx_word' id='word_1_709' title='bbox 267 5576 384 5631; x_wconf 84' lang='lat' dir='ltr'><strong>vid.</strong></span> <span class='ocrx_word' id='word_1_710' title='bbox 407 5576 617 5634; x_wconf 87' lang='lat' dir='ltr'><strong>Murat.</strong></span> <span class='ocrx_word' id='word_1_711' title='bbox 650 5582 694 5632; x_wconf 89' lang='lat' dir='ltr'><strong>t.</strong></span> <span class='ocrx_word' id='word_1_712' title='bbox 733 5577 781 5633; x_wconf 92' lang='lat' dir='ltr'><strong>II</strong></span> <span class='ocrx_word' id='word_1_713' title='bbox 818 5576 943 5634; x_wconf 72' lang='lat' dir='ltr'><strong>Ant.</strong></span> <span class='ocrx_word' id='word_1_714' title='bbox 977 5577 1106 5633; x_wconf 90' lang='lat' dir='ltr'><strong>Ital.</strong></span> <span class='ocrx_word' id='word_1_715' title='bbox 1132 5594 1188 5648; x_wconf 90' lang='lat' dir='ltr'><strong>p.</strong></span> <span class='ocrx_word' id='word_1_716' title='bbox 1221 5576 1310 5630; x_wconf 88' lang='lat'><strong>28.</strong></span> 
     </span>
    </p>
   </div>
   <div class='ocr_carea' id='block_1_105' title="bbox 344 5647 1916 5720">
    <p class='ocr_par' dir='ltr' id='par_1_105' title="bbox 344 5647 1916 5720">
     <span class='ocr_line' id='line_1_105' title="bbox 344 5647 1916 5720; baseline 0 -19"><span class='ocrx_word' id='word_1_717' title='bbox 344 5647 456 5720; x_wconf 77' lang='grc'>(54)</span> <span class='ocrx_word' id='word_1_718' title='bbox 469 5649 716 5720; x_wconf 82' lang='lat' dir='ltr'><strong>Apparet</strong></span> <span class='ocrx_word' id='word_1_719' title='bbox 736 5650 1058 5716; x_wconf 89' lang='lat' dir='ltr'><strong>hinc,unde</strong></span> <span class='ocrx_word' id='word_1_720' title='bbox 1072 5647 1386 5704; x_wconf 83' lang='lat' dir='ltr'><strong>manaverit</strong></span> <span class='ocrx_word' id='word_1_721' title='bbox 1402 5663 1528 5703; x_wconf 90' lang='lat' dir='ltr'><strong>mos</strong></span> <span class='ocrx_word' id='word_1_722' title='bbox 1544 5647 1916 5719; x_wconf 86' lang='lat' dir='ltr'><strong>magistratus</strong></span> 
     </span>
    </p>
   </div>
   <div class='ocr_carea' id='block_1_106' title="bbox 2019 5005 3664 5082">
    <p class='ocr_par' dir='ltr' id='par_1_106' title="bbox 2019 5005 3664 5082">
     <span class='ocr_line' id='line_1_106' title="bbox 2019 5005 3664 5082; baseline 0.002 -22"><span class='ocrx_word' id='word_1_723' title='bbox 2019 5005 2305 5082; x_wconf 69' lang='lat' dir='ltr'><strong>militares</strong></span> <span class='ocrx_word' id='word_1_724' title='bbox 2349 5007 2610 5076; x_wconf 74' lang='lat' dir='ltr'><strong>ofﬁciales</strong></span> <span class='ocrx_word' id='word_1_725' title='bbox 2669 5025 2938 5066; x_wconf 87' lang='lat' dir='ltr'><strong>sermone</strong></span> <span class='ocrx_word' id='word_1_726' title='bbox 2987 5011 3260 5082; x_wconf 84' lang='lat' dir='ltr'><strong>Francico</strong></span> <span class='ocrx_word' id='word_1_727' title='bbox 3309 5007 3664 5082; x_wconf 74' lang='lat' dir='ltr'><strong>appellandi.</strong></span> 
     </span>
    </p>
   </div>
   <div class='ocr_carea' id='block_1_107' title="bbox 2025 5077 3772 5152">
    <p class='ocr_par' dir='ltr' id='par_1_107' title="bbox 2025 5077 3772 5152">
     <span class='ocr_line' id='line_1_107' title="bbox 2025 5077 3772 5152; baseline 0.005 -21"><span class='ocrx_word' id='word_1_728' title='bbox 2025 5077 2317 5152; x_wconf 83' lang='lat' dir='ltr'><strong>O_f_ficiales</strong></span> <span class='ocrx_word' id='word_1_729' title='bbox 2367 5085 2526 5152; x_wconf 89' lang='lat' dir='ltr'><strong>sunt,</strong></span> <span class='ocrx_word' id='word_1_730' title='bbox 2586 5083 2681 5150; x_wconf 93' lang='lat' dir='ltr'><strong>qui</strong></span> <span class='ocrx_word' id='word_1_731' title='bbox 2743 5083 2895 5151; x_wconf 89' lang='lat' dir='ltr'><strong>apud</strong></span> <span class='ocrx_word' id='word_1_732' title='bbox 2967 5081 3288 5152; x_wconf 79' lang='lat' dir='ltr'><strong>principem</strong></span> <span class='ocrx_word' id='word_1_733' title='bbox 3341 5077 3430 5135; x_wconf 77' lang='lat' dir='ltr'><strong>vel</strong></span> <span class='ocrx_word' id='word_1_734' title='bbox 3489 5079 3673 5152; x_wconf 78' lang='lat' dir='ltr'><strong>alium</strong></span> <span class='ocrx_word' id='word_1_735' title='bbox 3767 5137 3772 5140; x_wconf 89' lang='lat'><strong>.</strong></span> 
     </span>
    </p>
   </div>
   <div class='ocr_carea' id='block_1_108' title="bbox 2026 5149 3669 5223">
    <p class='ocr_par' dir='ltr' id='par_1_108' title="bbox 2026 5149 3669 5223">
     <span class='ocr_line' id='line_1_108' title="bbox 2026 5149 3669 5223; baseline 0.001 -21"><span class='ocrx_word' id='word_1_736' title='bbox 2026 5149 2310 5223; x_wconf 83' lang='lat' dir='ltr'><strong>aliquem_</strong></span> <span class='ocrx_word' id='word_1_737' title='bbox 2339 5151 2616 5223; x_wconf 80' lang='lat' dir='ltr'><strong>majorem</strong></span> <span class='ocrx_word' id='word_1_738' title='bbox 2663 5149 3062 5223; x_wconf 77' lang='lat' dir='ltr'><strong>magistratum</strong></span> <span class='ocrx_word' id='word_1_739' title='bbox 3113 5149 3177 5207; x_wconf 75' lang='lat' dir='ltr'><strong>in</strong></span> <span class='ocrx_word' id='word_1_740' title='bbox 3205 5152 3393 5208; x_wconf 74' lang='lat' dir='ltr'><strong>officio</strong></span> <span class='ocrx_word' id='word_1_741' title='bbox 3418 5159 3576 5216; x_wconf 91' lang='lat' dir='ltr'><strong>sunt,</strong></span> <span class='ocrx_word' id='word_1_742' title='bbox 3610 5151 3669 5205; x_wconf 91' lang='lat' dir='ltr'><strong>id</strong></span> 
     </span>
    </p>
   </div>
   <div class='ocr_carea' id='block_1_109' title="bbox 2026 5220 3674 5294">
    <p class='ocr_par' dir='ltr' id='par_1_109' title="bbox 2026 5220 3674 5294">
     <span class='ocr_line' id='line_1_109' title="bbox 2026 5220 3674 5294; baseline 0.001 -20"><span class='ocrx_word' id='word_1_743' title='bbox 2026 5225 2134 5285; x_wconf 88' lang='lat' dir='ltr'><strong>est,</strong></span> <span class='ocrx_word' id='word_1_744' title='bbox 2169 5220 2228 5273; x_wconf 91' lang='lat' dir='ltr'><strong>in</strong></span> <span class='ocrx_word' id='word_1_745' title='bbox 2262 5220 3308 5293; x_wconf 77' lang='lat' dir='ltr'><strong>obsequio,domestici,apparitores,</strong></span> <span class='ocrx_word' id='word_1_746' title='bbox 3344 5223 3446 5294; x_wconf 92' lang='lat' dir='ltr'><strong>qui</strong></span> <span class='ocrx_word' id='word_1_747' title='bbox 3477 5238 3674 5292; x_wconf 81' lang='lat' dir='ltr'><strong>exspe-</strong></span> 
     </span>
    </p>
   </div>
   <div class='ocr_carea' id='block_1_110' title="bbox 2026 5294 3674 5365">
    <p class='ocr_par' dir='ltr' id='par_1_110' title="bbox 2026 5294 3674 5365">
     <span class='ocr_line' id='line_1_110' title="bbox 2026 5294 3674 5365; baseline 0.001 -19"><span class='ocrx_word' id='word_1_748' title='bbox 2026 5296 2187 5346; x_wconf 91' lang='lat' dir='ltr'><strong>ctant</strong></span> <span class='ocrx_word' id='word_1_749' title='bbox 2211 5295 2549 5365; x_wconf 69' lang='lat' dir='ltr'><strong>mandatum</strong></span> <span class='ocrx_word' id='word_1_750' title='bbox 2592 5296 2720 5363; x_wconf 91' lang='lat' dir='ltr'><strong>ejus</strong></span> <span class='ocrx_word' id='word_1_751' title='bbox 2761 5296 2954 5364; x_wconf 89' lang='lat' dir='ltr'><strong>aliquo</strong></span> <span class='ocrx_word' id='word_1_752' title='bbox 2999 5295 3196 5359; x_wconf 90' lang='lat' dir='ltr'><strong>eundi,</strong></span> <span class='ocrx_word' id='word_1_753' title='bbox 3257 5294 3476 5365; x_wconf 90' lang='lat' dir='ltr'><strong>aliquid</strong></span> <span class='ocrx_word' id='word_1_754' title='bbox 3511 5310 3674 5349; x_wconf 78' lang='lat' dir='ltr'><strong>exse-</strong></span> 
     </span>
    </p>
   </div>
   <div class='ocr_carea' id='block_1_111' title="bbox 2027 5362 3679 5436">
    <p class='ocr_par' dir='ltr' id='par_1_111' title="bbox 2027 5362 3679 5436">
     <span class='ocr_line' id='line_1_111' title="bbox 2027 5362 3679 5436; baseline 0.002 -21"><span class='ocrx_word' id='word_1_755' title='bbox 2027 5362 2265 5436; x_wconf 64' lang='lat' dir='ltr'><strong>quendi.</strong></span> <span class='ocrx_word' id='word_1_756' title='bbox 2298 5362 2363 5418; x_wconf 88' lang='lat' dir='ltr'><strong>Hi</strong></span> <span class='ocrx_word' id='word_1_757' title='bbox 2391 5362 3058 5436; x_wconf 28' lang='lat' dir='ltr'><strong>semper’armati&#39;erant,</strong></span> <span class='ocrx_word' id='word_1_758' title='bbox 3093 5371 3155 5420; x_wconf 94' lang='lat' dir='ltr'><strong>ut</strong></span> <span class='ocrx_word' id='word_1_759' title='bbox 3181 5362 3386 5436; x_wconf 76' lang='lat' dir='ltr'><strong>cogere</strong></span> <span class='ocrx_word' id='word_1_760' title='bbox 3443 5372 3679 5434; x_wconf 90' lang='lat' dir='ltr'><strong>possent</strong></span> 
     </span>
    </p>
   </div>
   <div class='ocr_carea' id='block_1_112' title="bbox 2025 5433 3672 5504">
    <p class='ocr_par' dir='ltr' id='par_1_112' title="bbox 2025 5433 3672 5504">
     <span class='ocr_line' id='line_1_112' title="bbox 2025 5433 3672 5504; baseline 0.001 -16"><span class='ocrx_word' id='word_1_761' title='bbox 2025 5449 2144 5499; x_wconf 90' lang='lat' dir='ltr'><strong>eos,</strong></span> <span class='ocrx_word' id='word_1_762' title='bbox 2173 5433 2273 5504; x_wconf 90' lang='lat' dir='ltr'><strong>qui</strong></span> <span class='ocrx_word' id='word_1_763' title='bbox 2290 5435 2433 5488; x_wconf 79' lang='lat' dir='ltr'><strong>forte</strong></span> <span class='ocrx_word' id='word_1_764' title='bbox 2449 5433 2738 5504; x_wconf 79' lang='lat' dir='ltr'><strong>mandatis</strong></span> <span class='ocrx_word' id='word_1_765' title='bbox 2761 5437 3040 5504; x_wconf 82' lang='lat' dir='ltr'><strong>principis</strong></span> <span class='ocrx_word' id='word_1_766' title='bbox 3055 5437 3122 5488; x_wconf 89' lang='lat' dir='ltr'><strong>ad</strong></span> <span class='ocrx_word' id='word_1_767' title='bbox 3134 5433 3350 5492; x_wconf 72' lang='lat' dir='ltr'><strong>versari</strong></span> <span class='ocrx_word' id='word_1_768' title='bbox 3367 5433 3672 5490; x_wconf 87' lang='lat' dir='ltr'><strong>auderent.</strong></span> 
     </span>
    </p>
   </div>
   <div class='ocr_carea' id='block_1_113' title="bbox 2028 5502 3675 5577">
    <p class='ocr_par' dir='ltr' id='par_1_113' title="bbox 2028 5502 3675 5577">
     <span class='ocr_line' id='line_1_113' title="bbox 2028 5502 3675 5577; baseline 0 -18"><span class='ocrx_word' id='word_1_769' title='bbox 2028 5504 2212 5559; x_wconf 88' lang='lat' dir='ltr'><strong>Gloss.</strong></span> <span class='ocrx_word' id='word_1_770' title='bbox 2249 5503 2365 5577; x_wconf 89' lang='lat' dir='ltr'><strong>Gr._</strong></span> <span class='ocrx_word' id='word_1_771' title='bbox 2394 5504 2507 5558; x_wconf 87' lang='lat' dir='ltr'><strong>Lat.</strong></span> <span class='ocrx_word' id='word_1_772' title='bbox 2546 5502 2839 5573; x_wconf 78' lang='grc' dir='ltr'><strong>ταξεώτης,</strong></span> <span class='ocrx_word' id='word_1_773' title='bbox 2900 5502 3187 5575; x_wconf 62' lang='lat' dir='ltr'><strong>apparitor</strong></span> <span class='ocrx_word' id='word_1_774' title='bbox 3244 5508 3504 5577; x_wconf 72' lang='lat' dir='ltr'><strong>ofﬁcialis</strong></span> <span class='ocrx_word' id='word_1_775' title='bbox 3539 5523 3553 5572; x_wconf 89' lang='lat'><strong>;</strong></span> <span class='ocrx_word' id='word_1_776' title='bbox 3617 5509 3675 5559; x_wconf 89' lang='lat' dir='ltr'><strong>et</strong></span> 
     </span>
    </p>
   </div>
   <div class='ocr_carea' id='block_1_114' title="bbox 2027 5574 3662 5702">
    <p class='ocr_par' dir='ltr' id='par_1_114' title="bbox 2027 5574 3662 5702">
     <span class='ocr_line' id='line_1_114' title="bbox 2027 5574 3662 5702; baseline 0 -72"><span class='ocrx_word' id='word_1_777' title='bbox 2027 5579 2111 5702; x_wconf 48' lang='lat' dir='ltr'><strong>.léu</strong></span> <span class='ocrx_word' id='word_1_778' title='bbox 2133 5574 2411 5701; x_wconf 62' lang='lat' dir='ltr'><strong>Cangeuhs.</strong></span> <span class='ocrx_word' id='word_1_779' title='bbox 2435 5593 2487 5630; x_wconf 84' lang='grc' dir='ltr'><strong>ν.</strong></span> <span class='ocrx_word' id='word_1_780' title='bbox 2503 5580 2699 5646; x_wconf 58' lang='lat' dir='ltr'><strong>etquae.</strong></span> <span class='ocrx_word' id='word_1_781' title='bbox 2715 5579 2882 5631; x_wconf 89' lang='lat' dir='ltr'><strong>modo</strong></span> <span class='ocrx_word' id='word_1_782' title='bbox 2913 5574 2985 5632; x_wconf 86' lang='lat' dir='ltr'><strong>de</strong></span> <span class='ocrx_word' id='word_1_783' title='bbox 3005 5574 3344 5634; x_wconf 83' lang='lat' dir='ltr'><strong>domesticis</strong></span> <span class='ocrx_word' id='word_1_784' title='bbox 3371 5577 3662 5644; x_wconf 77' lang='lat' dir='ltr'><strong>diximus;</strong></span> 
     </span>
     <span class='ocr_line' id='line_1_115' title="bbox 2027 5661 2428 5702; baseline -0.002 -1"><span class='ocrx_word' id='word_1_785' title='bbox 2027 5663 2044 5701; x_wconf 88' lang='grc' dir='ltr'><strong>ι</strong></span> <span class='ocrx_word' id='word_1_786' title='bbox 2090 5661 2181 5702; x_wconf 86' lang='lat' dir='ltr'><strong>sm</strong></span> <span class='ocrx_word' id='word_1_787' title='bbox 2215 5663 2270 5702; x_wconf 88' lang='lat' dir='ltr'><strong>n.</strong></span> <span class='ocrx_word' id='word_1_788' title='bbox 2417 5687 2428 5700; x_wconf 93' lang='lat'><strong>.</strong></span> 
     </span>
    </p>
   </div>
   <div class='ocr_carea' id='block_1_115' title="bbox 2027 5646 2428 5717">
    <p class='ocr_par' dir='ltr' id='par_1_115' title="bbox 2027 5646 2428 5717">
     <span class='ocr_line' id='line_1_116' title="bbox 2027 5646 2428 5717; baseline -0.005 -15"><span class='ocrx_word' id='word_1_789' title='bbox 2027 5646 2181 5702; x_wconf 83' lang='lat' dir='ltr'><strong>idem</strong></span> <span class='ocrx_word' id='word_1_790' title='bbox 2215 5663 2270 5717; x_wconf 91' lang='lat' dir='ltr'><strong>p.</strong></span> <span class='ocrx_word' id='word_1_791' title='bbox 2304 5646 2428 5701; x_wconf 78' lang='grc'>415.</span> 
     </span>
    </p>
   </div>
  </div>
