4080 6300
477 381 644 449 1323

1560 371 2088 435 CONSTANTINI
2133 368 2827 434 PORPHYBOGENITI

3727 362 3893 424 1324

481 521 714 579 tulariis
769 520 1119 592 tagmatum,
1163 511 1482 585 legatariis,
1531 509 1888 581 optionibus,
1931 512 2124 580 proto-

2247 507 2507 582 Βαρικίου,
2547 504 2673 574 ἤτοι
2712 509 2810 560 τοῦ
2867 499 3240 576 ἱπποδρόμου,
3278 495 3594 555 κανδιδάτοι
3653 499 3883 570 ὁμοίως,

481 611 848 674 cancellario,
924 603 1388 662 mandatoribus.
1453 599 1817 669 Drungarius
1891 597 2127 653 arithmi

478 701 676 756 decem
727 695 973 751 diversis
1015 693 1263 761 imperat
1294 686 1535 742 ofﬁciis:
1573 685 1927 756 topoteretis,
1960 684 2130 738 char-

480 788 714 852 tulario,
751 782 1040 845 acolutbo,
1074 777 1408 842 comitibus,
1431 775 1785 842 centarchis,
1808 773 2126 828 bandil‘eris

482 877 575 931 vel
619 870 1006 930 bannerariis.
1034 865 1461 930 labarensibus,
1503 863 1820 933 signiferis,
1863 862 2128 916 ducinia-

481 965 708 1021 toribus
753 961 842 1016 vel
891 958 1244 1020 ducenariis,
1292 953 1748 1010 mandatoribus.
1804 952 2126 1020 Drungario

483 1054 566 1109 rei
600 1050 906 1106 maritimas
939 1047 1137 1102 addita
1166 1049 1304 1099 sunt
1333 1044 1606 1099 inferiora
1637 1046 1858 1112 septem
1893 1040 2086 1095 officia
2112 1057 2124 1094 :

482 1145 845 1214 topoteretaa,
887 1135 1296 1197 chartularius,
1333 1130 1831 1202 protomandator,
1863 1130 2126 1197 comites,

483 1232 798 1294 centarchi,
832 1245 1027 1286 comes
1059 1227 1324 1291 hetaeriae,
1360 1223 1756 1278 mandatores.
1790 1223 2132 1293 Logothetes

487 1322 674 1378 dromi
693 1320 779 1376 vel
803 1333 1012 1374 cursus
1045 1312 1264 1384 publici
1298 1310 1514 1380 pariter
1543 1315 1768 1380 septem
1799 1311 2133 1366 moderatur

485 1411 717 1469 ofﬁcia:
747 1404 1208 1479 pratanotarium
1231 1399 1441 1465 dromi,
1466 1397 1886 1454 chartularium
1919 1399 2127 1465 dromi,

485 1502 870 1572 episceptetas
903 1509 1002 1548 seu
1037 1491 1395 1560 inspectores
1441 1489 1677 1558 [nempe
1719 1488 2131 1557 evectionum],

484 1586 1182 1657 interpretes,curatorem
1209 1577 1600 1650 apocrisiariei
1625 1577 1748 1647 [seu
1778 1577 2132 1647 legationum

484 1671 866 1742 exterarum],
899 1669 1334 1724 diatrecbootas
1377 1683 1478 1722 seu
1511 1666 1850 1720 vernaculos
1882 1671 1938 1720 et
1970 1683 2132 1720 man-

486 1768 739 1821 datores.
782 1759 1290 1831 Pratospatharius
1331 1756 1700 1812 basilicarum
1733 1762 1835 1810 aut
1865 1756 2132 1811 caesaria-

486 1870 699 1911 norum
735 1852 848 1907 sub
879 1867 941 1905 se
972 1849 1145 1903 habet
1191 1846 1383 1902 ofﬁcia
1429 1853 1712 1914 quatuor:
1745 1845 2130 1900 domesticum

485 1944 888 2008 basilicarum,
921 1937 1250 2011 spatharios
1299 1934 1634 2007 spalharicii
1669 1951 1769 1989 seu
1798 1935 1960 2004 circi,
1992 1952 2129 1990 can-

489 2033 715 2089 didatos
761 2024 1101 2101 spatharicii
1141 2031 1196 2080 et
1245 2025 1615 2078 mandatores
1657 2023 2004 2094 imperiales.
2038 2024 2132 2078 Lo-

487 2122 730 2194 gothetm
761 2133 1001 2191 gregum
1034 2115 1344 2185 suppositas
1375 2117 1511 2167 sunt
1541 2111 1855 2183 dignitates
1894 2112 2130 2167 diversas

489 2211 787 2282 quinque:
823 2203 1253 2278 protonotarius
1282 2201 1466 2267 Asiae;
1501 2201 1930 2267 protonatarius
1963 2201 2133 2274 Phry-

489 2299 633 2371 giae:
669 2298 922 2352 dimcetaa
973 2294 1060 2348 vel
1107 2291 1429 2362 pravisores
1472 2294 1816 2345 metatorum
1846 2314 1861 2357 ;
1892 2292 2132 2346 comites

491 2396 546 2444 et
589 2386 967 2457 inspectores.
1002 2379 1326 2436 Domestica
1381 2378 1778 2433 hicanatorum
1827 2380 2134 2449 subjacent

491 2477 721 2531 diversa
783 2488 986 2529 novem
1045 2469 1272 2526 ofﬁcia:
1311 2473 1662 2539 topoteretae,
1723 2469 2130 2535 chartularius,

489 2564 754 2628 comites,
803 2558 1303 2632 protomandator,
1335 2555 1656 2621 centarchi,
1691 2557 1996 2625 bandiferi,
2028 2561 2132 2613 du-

491 2652 802 2708 ciuialores
848 2649 936 2704 vel
994 2646 1310 2712 ducenarii,
1361 2645 1681 2715 vexilliferi,
1742 2649 2132 2703 mandatores.

494 2739 820 2798 Domestica
869 2751 1245 2793 numerorum
1297 2734 1599 2804 subjacent
1647 2735 1836 2790 ofﬁcia
1881 2753 2016 2791 sex:
2049 2743 2134 2793 to-

490 2835 810 2903 poteretaa;
870 2825 1206 2883 chartularii
1267 2823 1486 2878 tribuni
1534 2843 1549 2893 ;
1610 2827 2132 2896 protomandator;

489 2918 740 2986 vicarii;
804 2916 1216 2981 mandatores;
1277 2914 1535 2984 portarii.
1598 2915 1743 2968 417
1807 2914 2137 2972 Domestica

2235 597 2324 650 καὶ
2387 593 2662 670 βασιλικοὶ
2725 589 3074 665 μανδάτορες.
3105 593 3198 661 Τῷ
3231 587 3287 643 δὲ
3320 589 3586 661 λογοθέτῃ
3617 590 3726 639 τῶν
3759 587 3887 658 ἀγε-

2240 683 2354 739 λῶν
2405 683 2761 737 ὑποτέτακται
2811 677 2927 745 εἴδη
2973 677 3322 749 ἀξιωμάτων,
3356 678 3466 730 οἷον
3516 677 3543 730 6
3594 695 3888 749 πρωτονο-

2235 775 2421 848 τάριος
2447 773 2650 839 Ἀσίας,
2699 773 2727 825 6
2793 768 3235 844 πρωτονοτάριος
3285 763 3554 841 Φρυγίας,
3610 762 3887 833 διοικηταὶ

2235 870 2344 919 τῶν
2404 866 2684 936 μητάτων,
2730 861 2994 934 κάμητες,
3035 858 3447 924 ἐπισκεπτῆται.
3491 859 3587 927 Τῷ
3622 852 3678 909 δὲ
3710 852 3886 926 δαμε-

2237 955 2403 1026 στίκῳ
2423 958 2530 1008 τῶν
2589 952 2852 1006 ἰκανάτων
2884 944 3241 1004 ὑποτέτακται
3295 944 3413 1016 εἴδη
3448 944 3772 1017 ἀξιωμάτων
3820 946 3886 1008 θ’,

2237 1047 2350 1100 οἷον
2410 1043 2808 1116 τοποτηρηταὶ,
2851 1039 3282 1118 χαρτουλάριος,
3348 1038 3610 1110 κόμητες,
3675 1055 3888 1109 πρωτο·

2241 1131 2551 1207 μανδάτωρ,
2611 1132 2924 1204 κένταρχοι,
3014 1125 3369 1206 βανὸυφὺροι,
3457 1123 3886 1197 Scantini-rapx,

2238 1244 2302 1293 ση
2317 1223 2626 1298 μειοφόροι,
2662 1217 3008 1293 μανδάτορες.
3066 1221 3156 1283 Τῷ
3189 1213 3247 1270 δὲ
3287 1213 3592 1288 δομεστίκῳ
3625 1219 3733 1269 τῶν
3759 1235 3887 1268 νου-

2243 1314 2420 1388 μέρων
2453 1310 2810 1366 ὑποτέτακται
2841 1307 2960 1378 εἷ’δη
2995 1308 3318 1380 ἀξιωμάτων
3361 1302 3434 1378 ἕξ,
3480 1306 3595 1360 οἷον
3645 1326 3893 1374 tono-.7,-

2240 1400 2422 1476 ρηταὶ,
2495 1397 2890 1474 χαρτουλάριοι
2977 1391 3282 1469 τριϐοὗνοι,
3381 1392 3892 1468 πρωτομανόἀτωρ,

2242 1492 2506 1565 βικάριοι,
2558 1487 2908 1561 μανδάτορες,
2959 1485 3246 1560 πορτάριοι
3307 1486 3438 1558 (80).
3497 1489 3585 1555 Τῷ
3636 1480 3694 1538 δὲ
3733 1482 3895 1555 Bap:-

2239 1578 2409 1651 στίκῳ
2450 1583 2558 1633 τῶν
2615 1576 2933 1647 ὀπτιμὼτων
2984 1575 3340 1629 ὑποτέτακται
3400 1571 3518 1642 εἴδη
3551 1574 3889 1644 ἀξιωμάτῶν

2242 1675 2297 1738 ε’,
2332 1668 2444 1722 οἷον
2508 1665 2907 1740 τοποτηρηταὶ,
2947 1661 3376 1738 χαρτουλάριος,
3425 1662 3688 1734 κόμητες,
3734 1662 3896 1716 κέντ-

2241 1779 2428 1835 αρχοι,
2480 1753 3093 1830 πρωτοκαγκελλάριος.
3155 1755 3250 1823 Τῷ
3328 1748 3385 1806 δὲ
3442 1749 3755 1824 δομεστὶκῳ
3784 1757 3889 1806 τῶν

2239 1849 2468 1922 τειχέων
2502 1845 2861 1900 ὑποτέτακται
2897 1841 3016 1912 εἷ’δη
3043 1842 3364 1914 ἀξιωμάτων
3403 1843 3470 1909 ς’,
3502 1840 3618 1895 οἷον
3648 1861 3894 1910 τοποτη-

2241 1937 2424 2011 ρηταὶ,
2465 1933 2864 2010 χαρτουλάριοι
2904 1927 3212 2003 τηιϐοὖνοι,
3244 1928 3763 2005 πρωτομανδάτωρ,
3796 1932 3888 2004 βι-

2239 2031 2443 2101 κάριοι,
2495 2022 3194 2098 μανδάτορες,πορτάριοι.
3246 2023 3340 2092 Τῷ
3393 2019 3451 2075 δὲ
3498 2022 3894 2095 χαρτουλσρξῳ

2236 2121 2334 2172 τοῦ
2392 2113 2686 2170 σακελλὶου
2737 2113 3093 2168 ὑποτέτακται
3145 2109 3265 2179 εἷ’ὂη
3316 2110 3641 2181 ἀξιωμάτων
3687 2110 3745 2178 ι’,
3787 2111 3892 2164 οἷον

2238 2209 2482 2280 νοτάριοι
2521 2201 2799 2278 βασιλικοὶ
2847 2206 2944 2256 τοῦ
2996 2199 3270 2274 σεκρέτου,
3318 2199 3764 2272 πρωτονοτάριοι
3794 2203 3894 2253 τῶν

2241 2296 2507 2368 θεμάτων,
2548 2291 2850 2367 ξενοδόχοι,
2893 2293 2921 2346 6
2975 2292 3334 2367 ζυγοστάτης,
3382 2290 3677 2363 μετρηταὶ,
3719 2310 3894 2364 mpo-

2241 2385 2430 2455 κόμοι,
2483 2379 2884 2456 χαρτουλάριοι
2913 2383 3022 2434 τῶν
3063 2377 3229 2433 οἷ’κων
3268 2380 3409 2450 (81),
3460 2377 3892 2451 πρωτοκαγκελ-

2242 2476 2452 2544 Λάριος,
2483 2469 2872 2546 καγκελλάριοι
2901 2469 2992 2523 καὶ
3043 2470 3070 2522 6
3117 2466 3440 2540 δομέστικος
3469 2473 3568 2535 τῆς
3621 2466 3896 2540 θυμέλης.

2239 2561 2332 2634 Τῷ
2364 2560 2420 2616 δὲ
2449 2559 2844 2636 χαρτουλαρίῳ
2877 2563 2975 2613 τοῦ
3027 2556 3342 2632 βεστιαρίου
3383 2557 3747 2611 ὑποτέτακται
3781 2555 3893 2626 εἴδη

2240 2651 2564 2724 ἀξιωμάτων
2603 2653 2655 2720 ι’,
2692 2651 2804 2704 οἷον
2839 2647 3117 2722 βασιλικοὶ
3159 2645 3402 2717 νοτάριοι
3453 2649 3550 2699 τοῦ
3617 2647 3896 2720 cupi-.03,

2242 2741 2565 2816 κένταρχος,
2625 2738 2977 2815 λεγατάριος,
3017 2734 3205 2811 ἅρχων
3238 2742 3336 2804 τῆς
3407 2741 3693 2810 χαραγῆς,
3752 2734 3900 2807 ἐξαρ.

2241 2831 2429 2897 τιστής
2484 2831 2619 2900 (82),
2705 2825 3135 2905 χαρτουλάριος,
3219 2826 3566 2898 κουράτορες,
3661 2819 3901 2898 χοσὸαὴο

2240 2939 2328 2974 ται
2359 2920 2494 2992 (83),
2544 2913 3091 2991 πρωτομανδάτορες,
3125 2918 3215 2986 Τῷ
3265 2911 3320 2969 δὲ
3371 2912 3770 2989 χαρτουλαρίῳ
3800 2919 3893 2969 τοῦ

1523 3010 1724 3066 JOAN.
1767 3011 1911 3067 JAC.
1957 3013 2220 3070 REISKII
2260 3015 2848 3072 COMMENTARIUS.

565 3114 674 3184 (80)
714 3113 902 3184 iForte
960 3113 1100 3164 sunt
1137 3122 1444 3184 carcerum
1495 3108 1801 3176 janitores.
1835 3109 1999 3184 _Vid.
2053 3110 2136 3184 ad
2169 3120 2211 3184 ί]
2251 3113 2394 3168 mihi
2454 3114 2524 3168 de
2581 3130 2716 3168 voce
2775 3113 2836 3166 ba

497 3178 668 3254 p.71.
709 3183 882 3234 Paulo
943 3187 1098 3254 post_
1129 3178 1476 3254 tribuuntur
1533 3193 1761 3254 quoque
1818 3178 2135 3235 domestico

499 3247 818 3308 castrorum
868 3247 1142 3318 portarii;
1177 3248 1318 3300 forte
1359 3247 1421 3313 ii,
1451 3247 1662 3312 quibus
1704 3255 1874 3318 portae
1918 3257 2137 3308 castro-

497 3341 627 3380 rum
657 3319 1050 3377 custodiendaa
1082 3320 1405 3372 commissa
1437 3323 1618 3370 erant.

567 3394 678 3464 (81)
727 3391 926 3446 Posset
956 3393 1026 3445 de
1057 3389 1460 3458 imperialibus
1502 3388 1726 3457 palatiis
1766 3393 2138 3464 recreationis

495 3471 553 3520 et
582 3464 999 3528 rusticationis,
1035 3465 1088 3514 in
1122 3477 1269 3530 quas
1304 3475 1609 3529 processus
1641 3463 1824 3514 facere
1853 3463 2138 3529 solebant,

497 3541 617 3591 tam
690 3535 949 3599 urbanis,
1009 3548 1180 3598 quam
1254 3531 1604 3586 suburbanis
1643 3533 1940 3603 intelligi.
2000 3536 2140 3601 Quia

499 3615 690 3662 tamen
723 3607 834 3659 ista
867 3603 1076 3671 palatia
1109 3619 1211 3658 seu
1248 3602 1457 3671 prsedia
1489 3603 1570 3656 sic
1603 3602 1876 3658 absolute
1899 3623 2012 3662 non
2045 3625 2138 3661 so-

498 3678 619 3732 lent
692 3676 745 3729 oi.
815 3675 955 3728 οἶκοι
1031 3673 1332 3746 appellari,
1405 3674 1520 3746 sed
1583 3673 1634 3725 oi.
1713 3673 1990 3746 βασιλικοὶ
2067 3677 2142 3730 οἶ-

496 3768 587 3802 κοι
614 3751 633 3767 “
663 3747 778 3803 vid.
814 3765 869 3816 p,
902 3747 1026 3810 426,
1061 3743 1215 3799 etde
1246 3743 1580 3816 xenodocﬁha
1612 3752 1670 3798 et
1699 3743 2004 3816 gerocomo
2037 3766 2137 3804 seu

499 3815 825 3889 inspectore
874 3817 1339 3890 hospitaliumet
1368 3815 1640 3890 senilium
1670 3815 1755 3883 (ut
1804 3819 1884 3890 ita
1927 3822 2140 3890 dicam)

499 3886 689 3945 sermo
758 3889 1071 3956 praecessit,
1129 3886 1306 3956 malin
1372 3887 1561 3953 potius
1613 3891 1719 3940 τῶν
1776 3887 1941 3943 οἷ’κων
1999 3886 2142 3947 acci-

502 3977 650 4031 pere,
683 3953 781 4031 pro
826 3962 931 4011 τῶν
980 3956 1181 4029 sema»
1234 3953 1395 4010 οἷ’κων
1451 3959 1719 4026 positum,
1755 3967 1811 4014 et
1849 3964 1997 4016 aedes
2043 3979 2138 4016 ve-

501 4030 787 4086 nerabiles
820 4031 923 4103 (ila
953 4030 1309 4103 monasteria
1360 4031 1675 4103 appellant)
1711 4031 1801 4085 hic
1847 4033 2140 4103 designari

501 4103 752 4158 credere.
830 4100 994 4156 Cant’.
1069 4120 1123 4171 p.
1196 4101 1320 4173 417,
1395 4100 1496 4152 426
1563 4107 1620 4152 et
1687 4103 1806 4155 436.
1881 4100 2141 4173 Agnosco

500 4179 692 4229 tamen
733 4172 882 4227 ultro
913 4177 1254 4242 argumenta
1282 4171 1404 4224 haec
1437 4185 1713 4240 perquam
1749 4171 1962 4227 debilia
1991 4191 2138 4228 esse.

571 4244 683 4315 (82)
715 4246 858 4309 Quis
887 4243 981 4296 hic
1011 4249 1313 4309 intcgrator
1345 4247 1445 4293 aut
1471 4246 1654 4315 sartor
1684 4242 1770 4297 vel
1803 4251 2144 4300 restaurator

503 4313 601 4379 sit,
635 4313 747 4384 non
779 4319 1012 4383 exputo.
1047 4313 1671 4384 Deisartoregvestium
1723 4315 1978 4384 cogitare
2027 4334 2140 4372 non

501 4384 654 4437 licet.
681 4383 783 4438 Hic
809 4381 962 4438 enim
998 4383 1172 4438 nimis
1205 4381 1462 4443 humilis,
1490 4397 1664 4450 quam
1698 4391 1762 4438 ut
1792 4381 1850 4440 in
1883 4388 2140 4442 oilicium

503 4455 726 4523 regium
805 4455 1055 4521 veniat;
1114 4452 1402 4525 et_Graaci
1465 4451 1679 4525 ῥάπτην
1751 4457 1835 4511 vel
1913 4456 2137 4525 ἀκεστὴν

503 4522 636 4578 eum
685 4525 999 4594 appellant,
1027 4542 1141 4579 non
1193 4522 1526 4596 ἐξαρτιστῆν.
1563 4525 1740 4580 Penes
1781 4545 1869 4584 me
1899 4522 2142 4585 dubium

504 4612 618 4670 non
651 4596 932 4670 est,_huic
963 4597 1152 4670 ol'flcio
1182 4613 1310 4670 cum
1350 4600 1581 4670 moneta
1611 4602 1902 4663 negotium
1948 4603 2146 4670 fuisse,

503 4666 600 4720 sed
643 4665 782 4737 quid
830 4667 1058 4734 proprie
1100 4669 1295 4731 egerit.
1330 4666 1482 4737 alius
1529 4667 1752 4720 dixerit.
1793 4671 2015 4726 Interea
2047 4665 2145 4727 ne;

502 4753 639 4808 gare
665 4735 869 4810 quolim
932 4737 1192 4804 patuisse
1225 4736 1436 4790 Graecis
1481 4745 2055 4810 eorumhtemporum
2089 4745 2146 4797 in

503 4805 614 4882 usu
675 4807 872 4872 fuisse,
906 4814 970 4860 ut
1021 4813 1316 4882 sarturenr
1359 4806 1609 4882 vestium
1672 4805 1986 4882 ἐξαρτιὲττὴν
2045 4831 2146 4882 ap-

503 4880 805 4949 pellarent,
840 4893 1073 4948 prorsus
1105 4882 1167 4930 ut
1197 4878 1382 4931 Latini
1438 4887 1731 4936 sartorem.
1766 4878 1909 4938 Nam
1947 4878 2152 4939 sartor

504 4958 609 5016 est,
643 4952 738 5021 qui
782 4954 1005 5021 sartum
1057 4949 1214 5012 facit,
1268 4965 1389 5021 non;
1433 4952 1846 5008 vestimentum
1895 4960 2146 5019 tantum,

503 5023 602 5076 sed
635 5019 790 5075 aliud
826 5019 1234 5098 quodcunque.
1270 5019 1340 5072 Et
1371 5019 1556 5074 Latini
1591 5025 1765 5078 medii
1799 5041 2028 5098 quoque
2058 5044 2151 5091 pa-

503 5099 745 5164 ratorem
779 5091 1165 5164 appellabant,
1207 5106 1379 5162 quem
1415 5107 1521 5146 nos
1552 5091 1875 5164 sartorem;
1910 5091 2025 5154 vid.
2059 5099 2148 5154 Du

503 5162 693 5230 Gange
721 5178 774 5216 v.
802 5163 1051 5217 Parator.

573 5227 688 5304 (83)
743 5233 985 5288 Perinde
1043 5237 1133 5287 est
1175 5231 1278 5296 sic,
1311 5231 1396 5286 vel
1455 5227 1756 5288 Χοσϐαῖται
1814 5240 2054 5301 scribas,
2091 5247 2150 5295 ut

504 5303 850 5373 plerumque
880 5307 1026 5357 solet
1054 5304 1297 5358 exarari.
1325 5305 1410 5358 Ita
1432 5310 1522 5359 est
1544 5307 1599 5358 in
1631 5307 1854 5364 Glossis
1881 5329 1893 5366 :
1917 5306 2150 5365 Χοσϐαὶ-

503 5372 603 5447 της
653 5373 681 5426 ὁ
728 5372 1090 5446 βεστιαρίτης.
1151 5375 1466 5431 Vcstiaritae
1525 5377 1700 5447 igitur
1755 5388 1917 5435 erant
1968 5384 2146 5437 Chas-

505 5445 672 5500 baitaa
729 5445 970 5512 amnes;
1005 5453 1062 5499 at
1095 5463 1205 5500 non
1265 5449 1521 5502 vicissim
1555 5445 1788 5506 omnes
1847 5453 2146 5509 vestiaritae

505 5523 672 5570 erant
716 5515 1056 5571 Chosbaitaz.
1089 5517 1265 5570 Erant
1296 5526 1490 5574 autem
1535 5521 1593 5574 hi
1641 5539 1767 5577 mea
1798 5527 2084 5578 sententia
2114 5543 2148 5580 a

505 5587 802 5664 calceis_et
835 5587 1153 5664 tibialibus
1189 5592 1446 5664 Augusti,
1479 5597 1536 5644 et
1566 5594 1649 5646 sic
1702 5595 1837 5646 dicti
1873 5595 1944 5647 ab
1976 5596 2142 5664 hosis,

507 5660 661 5736 quod
710 5658 970 5736 horarum
1018 5658 1172 5736 liayj,
1209 5659 1495 5736 ti_bialiur_n
1542 5667 1596 5714 et
1640 5679 1934 5719 ocrearum
1983 5658 2146 5736 pueri

504 5727 594 5779 vel
647 5729 796 5780 servi
855 5733 1068 5782 essent.
1097 5727 1264 5790 Quod
1316 5735 1380 5784 ut
1435 5732 1841 5802 demonstrem,
1887 5727 2141 5807 primum

2251 3113 2394 3168 mihi
2454 3114 2524 3168 de
2581 3130 2716 3168 voce
2775 3113 2881 3237 ὺαὲ
2909 3119 2962 3166 et
2994 3111 3114 3183 bay.
3151 3112 3359 3167 deinde
3403 3111 3472 3166 de
3521 3110 3656 3166 hosa
3707 3112 3896 3167 disse-

2250 3184 2493 3239 rendum
2545 3185 2673 3238 erit.
2713 3185 2793 3237 Ad
2891 3201 3018 3250 anc,
3054 3200 3224 3256 quam
3254 3183 3577 3256 proposui,
3621 3184 3896 3254 etymolo-

2291 3256 2402 3309 iam
2463 3272 2639 3309 manu
2702 3270 2794 3309 me
2852 3257 3018 3310 duxit
3083 3271 3185 3308 vox
3245 3255 3506 3324 Marcpai,
3559 3255 3895 3324 Marepahis,

2291 3272 2402 3309 Iam
2463 3272 2639 3309 manu
2702 3271 2794 3309 me
2852 3271 3018 3310 auxnt
3083 3271 3185 3308 vox
3245 3271 3506 3324 marcpat,
3559 3271 3895 3324 marepams,

2247 3271 2552 3397 glarepazis
2605 3331 2662 3382 et
2720 3327 3042 3397 Marepagis.
3089 3326 3305 3382 Omnes
3349 3326 3515 3397 enim
3573 3326 3631 3380 bi
3684 3327 3896 3382 diversi

2249 3395 2405 3451 sunt
2438 3398 2594 3452 modi
2647 3395 3138 3468 pronuntiationis
3169 3403 3223 3452 et
3251 3395 3580 3466 scriptionis
3623 3399 3894 3466 ejusdem

2247 3471 2428 3534 vocis,
2457 3486 2582 3538 quae
2618 3486 2854 3536 puerum
2888 3485 3193 3538 equorum,
3218 3470 3553 3538 equisonem
3578 3469 3892 3539 signiﬁcat.

2249 3541 2579 3610 Composita
2610 3541 2711 3595 illa
2744 3546 2827 3594 est
2862 3557 2929 3594 ex
2961 3556 3096 3594 voce
3125 3556 3300 3598 mare.
3322 3557 3481 3610 equa,
3501 3547 3556 3594 et
3585 3555 3698 3610 pay
3735 3557 3895 3610 puer.

2250 3612 2501 3667 Manavit
2550 3612 2670 3666 haec
2715 3628 2821 3666 vox
2863 3629 2972 3682 pay
3020 3610 3109 3665 vel
3158 3613 3260 3681 bay
3312 3613 3508 3682 plures
3546 3614 3603 3665 in
3639 3612 3897 3682 linguas.

2250 3683 2421 3752 Angli
2471 3683 2606 3737 inde
2659 3683 2757 3752 boy
2809 3683 3186 3737 retinuerunt.
3221 3685 3334 3737 Nos
3377 3682 3530 3744 bube.
3565 3684 3710 3751 bule,
3748 3686 3898 3738 unde

2251 3754 2590 3808 Francicum
2645 3754 2860 3824 bouﬂon
2913 3763 2965 3808 et
3016 3755 3385 3823 bou/‘onnert’e,
3428 3754 3694 3825 Buberey.
3727 3753 3900 3809 Dein-

2251 3842 2387 3894 ceps
2437 3826 2869 3892 demonstrabo,
2902 3842 2935 3896 y
2963 3831 3019 3879 et
3046 3843 3079 3892 g
3111 3832 3165 3878 et
3195 3830 3303 3896 {et
3331 3842 3379 3879 τυ
3410 3841 3558 3894 saepe
3586 3827 3740 3879 vices
3778 3842 3898 3894 per-

2252 3902 2479 3968 mutare
2526 3898 2678 3949 inter
2709 3912 2788 3968 se.
2823 3895 2949 3968 Nos
2973 3895 3533 3968 quoqueiGermanii
3558 3912 3754 3950 vocem
3791 3899 3894 3964 bag

2252 3967 2630 4030 retinuimus,
2663 3974 2718 4022 et
2750 3966 2954 4022 Franci
2999 3966 3170 4038 atque
3210 3967 3334 4021 Itali
3365 3967 3536 4022 medii
3569 3968 3670 4020 aevi
3707 3969 3897 4022 nobis-

2251 4054 2385 4093 cum
2445 4054 2636 4108 pagus.
2693 4055 2880 4108 vagus,
2939 4055 3040 4107 pro
3098 4039 3457 4094 adolescente
3524 4038 3783 4093 formoso
3840 4046 3892 4093 et

2253 4116 2490 4163 strenuo
2523 4108 2885 4175 adhibentes,
2914 4111 3067 4164 unde
3098 4115 3296 4164 natum
3331 4112 3481 4177 pazis
3500 4115 3555 4163 et
3570 4126 3745 4180 page;
3771 4112 3888 4164 vid.

2252 4180 2528 4252 Murator.
2584 4183 2716 4234 Ant.
2767 4180 2892 4235 Ital.
2930 4187 2969 4234 t.
3006 4180 3076 4243 Il,
3110 4198 3164 4252 p.
3202 4182 3356 4235 1325.
3397 4183 3704 4236 Germanis
3750 4182 3888 4236 olim

2253 4251 2638 4323 terminabant
2660 4251 3005 4323 diminutiva
3027 4252 3083 4305 in
3111 4251 3182 4318 el,
3198 4269 3370 4323 quam
3396 4252 3886 4312 terminationem.

2254 4328 2318 4376 ut
2351 4322 2580 4390 reliquae
2623 4327 2819 4392 gentes
2860 4322 3226 4377 Germanicae
3265 4339 3409 4392 pene
3461 4324 3892 4385 oblitterarent.

2251 4393 2332 4446 ita
2364 4394 2532 4448 Silesi
2564 4401 2636 4459 et,
2667 4394 2711 4446 si
2746 4393 2892 4448 bene
2925 4395 3186 4459 memini,
3224 4395 3512 4450 Austriaci
3549 4402 3670 4450 tam
3707 4400 3892 4450 terunt

2176 4464 2464 4546 Badhuc,
2498 4470 2559 4545 ut
2598 4465 2762 4546 nimii
2812 4465 2878 4546 _in
2937 4465 3183 4546 eo_sint
3236 4472 3293 4521 et
3327 4466 3543 4546 omnia
3596 4483 3746 4546 pene
3804 4482 3892 4546 va-

2257 4535 2464 4607 cabula
2494 4536 2550 4589 in
2576 4537 2625 4590 et
2655 4536 2988 4591 terminent.
3019 4537 3344 4607 Supersunt
3371 4543 3567 4592 tamen
3597 4535 3793 4592 adhuc
3823 4543 3892 4590 ta-

2255 4606 2341 4679 l_ia_
2363 4607 2424 4679 in
2456 4613 2652 4679 nostra
2683 4622 2913 4679 quoque
2943 4606 3230 4674 sermune,
3255 4610 3352 4662 sed
3383 4625 3584 4679 pauca,
3609 4615 3677 4663 ut
3697 4609 3892 4664 Schm-

2259 4677 2363 4749 kel,
2390 4676 2610 4736 chkel.
2635 4676 2900 4745 Enkel,et
2925 4681 3159 4733 nomina
3179 4676 3440 4748 quaedam
3467 4681 3706 4749 propria
3727 4685 3893 4736 Fren-

2253 4748 2338 4802 kel
2365 4754 2421 4801 et
2448 4749 2692 4815 Fl'enzel,
2724 4749 3066 4814 Franculus,
3109 4749 3414 4818 Schwabel,
3447 4748 3753 4819 Suevelus,
3787 4759 3890 4806 etc.

2253 4822 2540 4894 Quorsum
2594 4820 2713 4874 haec
2758 4822 3069 4894 spectant?
3101 4821 3220 4875 Huc
3266 4838 3491 4891 nempe.
3526 4829 3572 4877 A
3606 4825 3735 4893 bag,
3762 4838 3894 4894 puer

2253 4891 2337 4963 vel
2398 4890 2728 4963 adolescens,
2761 4893 3031 4946 dicebant
3087 4897 3308 4946 veteres
3366 4890 3544 4963 (λάθει,
3577 4890 3892 4949 adoleren-

2254 4962 2421 5035 tulus.
2455 4959 2601 5016 Hinc
2651 4963 2962 5031 bagelariu:
2991 4973 3042 5018 et
3083 4965 3413 5035 corruptius
3438 4959 3658 5020 'adhuc
3709 4967 3895 5020 bacca-

2257 5032 2480 5106 laureus
2526 5050 2628 5106 pro
2677 5034 2882 5106 tirone,
2915 5038 3030 5088 tam
3074 5032 3334 5104 milita—ri,
3368 5051 3541 5106 quam
3595 5037 3894 5099 litterario,

2257 5103 2356 5174 qui
2388 5105 2647 5176 nandum
2704 5103 2873 5159 miles
2905 5113 3004 5159 aut
3036 5103 3325 5176 magister
3345 5103 3561 5163 artium
3593 5115 3700 5163 est.
3734 5107 3894 5162 Cani".

2259 5176 2341 5229 Du
2391 5174 2582 5248 Gange
2630 5191 2684 5228 ν.
2729 5174 3162 5248 βαοεαιαιινεαδῖ
3205 5179 3534 5234 Baccalaria
3582 5195 3738 5247 vero,
3769 5194 3894 5248 qua:

2255 5250 2340 5300 est
2371 5247 2553 5316 predii
2601 5246 2800 5300 rustici
2845 5249 3085 5316 species,
3119 5251 3185 5302 ut
3214 5248 3323 5304 hoc
3353 5249 3521 5304 liceat
3553 5250 3612 5304 in
3646 5246 3898 5304 transitu

2255 5317 2558 5388 attingere.
2595 5325 2684 5371 cst
2714 5324 2985 5386 corrupta
3017 5321 3412 5388 pronuntiatio
3449 5321 3607 5375 vocis
3649 5321 3898 5375 bucella-

2252 5390 2361 5453 ria,
2397 5388 2676 5457 prazdium
2721 5389 2895 5443 alicui
2943 5391 3002 5444 in
3055 5391 3337 5446 bucellam
3382 5394 3604 5457 datum,
3637 5393 3797 5447 unde
3831 5391 3904 5445 vi-

2253 5464 2435 5534 ctu_m_
2491 5461 2716 5514 habeat.
2773 5459 2892 5515 Vox
2959 5461 3228 5534 bajularis
3296 5465 3449 5534 apud
3523 5462 3896 5527 Ugutionem,

2251 5531 2350 5598 qui
2415 5531 2665 5604 iuvenem
2732 5531 3346 5604 [orlamgsigniﬁcare'
3387 5536 3488 5604 ait,
3547 5541 3637 5588 est
3697 5536 3898 5590 eadem

2249 5605 2427 5671 atque
2513 5601 2829 5656 bacalarius
2887 5602 2971 5658 vel
3044 5601 3636 5660 baccalaureat'Vox
3704 5614 3897 5662 autem

2249 5671 2618 5750 ὀρθ-αἰωρτο
2661 5683 2947 5750 curatore,
2984 5678 3149 5750 unde
3177 5675 3648 5750 baillif,inatu_m,
3683 5679 3735 5733 si
3767 5679 3899 5750 quis

2249 5742 2318 5796 ab
2351 5741 2459 5798 hoc
2492 5741 2594 5813 b’ay
2625 5750 2680 5799 et
2707 5748 2833 5816 ejus
2865 5741 3223 5803 deminutiva
3254 5741 3413 5818 bayel
3444 5741 3708 5804 derivare
3741 5741 3894 5813 velit,
