4080 6300
276 336 442 396 1333

1142 342 1242 401 DE
1286 337 1735 404 CERIMONIIS
1780 344 2017 404 AUL/E
2059 336 2532 403 BYZAN'I‘INA-E
2574 343 2726 404 LIB.
2775 345 2856 403 II.

3547 348 3700 408 1334

281 467 404 522 οἷον
458 466 673 537 ὕπατοι,
722 470 1065 543 βεστνςτορες,
1133 471 1508 548 σιλεντιάριοι,
1555 475 1906 551 ἆποεπᾶρχον

2055 492 2301 532 novem:
2334 477 2800 549 protonotarius;
2848 477 3056 533 notarii
3100 476 3473 548 imperiales;
3516 496 3691 536 cura-

279 576 398 625 τες,
429 556 814 634 συγκλητικοί.

286 649 543 704 rustici:
604 650 792 719 major
848 649 1050 721 palatii
1111 653 1180 707 de
1242 653 1574 709 Eleutherio
1633 657 1962 723 nominati;

2049 571 2203 622 tores
2248 566 2632 637 palatiorum;
2665 571 2964 624 curatores
3006 567 3350 638 praediorum
3379 573 3439 624 et
3470 570 3693 637 pecoris

2023 658 2398 713 xenodochus
2454 657 2737 729 Sangari;
2797 659 3174 714 xenodochus
3233 661 3546 732 Pylarum;
3604 676 3697 715 xe-

286 739 592 794 nodochus
648 738 1019 810 Nicomedia,
1084 746 1141 796 et
1197 743 1436 798 curiosi.
1498 745 1757 799 Curatori
1826 762 2250 816 manganornm
2319 746 2546 818 [palatii
2616 748 2820 802 urbani
2882 749 2967 803 sic
3023 748 3185 819 dicti]
3244 750 3446 804 eadem
3506 749 3701 804 ofﬁcia

285 827 564 894 subsunt,
597 844 722 898 qua:
767 845 977 900 magno
1027 831 1276 886 curatori
1330 838 1538 902 praeter
1583 835 1968 889 xenodochos.
2002 834 2487 906 OrphanotrOpho
2541 838 2789 892 subsunt
2836 837 3028 892 ofticia
3077 844 3366 908 quatuor:
3399 839 3698 894 chartula-

284 919 358 972 rii
392 919 642 985 domus;
675 918 1017 974 chartularii
1076 923 1454 977 sanctimonii
1515 923 1624 994 [vel
1677 940 1855 994 opum
1905 924 1963 977 in
2013 925 2140 993 pios
2189 941 2334 979 usus
2364 931 2421 980 et
2459 928 2864 984 educationem
2923 929 3192 984 orborum
3249 928 3691 1000 depositurum;

282 1006 546 1062 arcarius
596 1011 654 1062 et
710 1013 1028 1065 curatores.
1064 1009 1387 1082 Unicuique
1445 1013 1752 1067 amborum
1813 1011 2256 1066 demarchorum
2319 1015 2625 1083 subjacent
2684 1017 2800 1071 haec
2857 1017 2918 1072 in
2977 1018 3224 1074 factione
3276 1034 3522 1090 quaque
3579 1035 3688 1073 sua

282 1094 515 1150 officia:
548 1096 933 1151 secundicerii
961 1113 975 1162 ;
1009 1097 1403 1154 chartularius
1431 1117 1443 1166 ;
1491 1105 1660 1170 poeta
1692 1118 1708 1170 ;
1742 1099 2051 1154 archontes
2085 1117 2098 1165 ;
2151 1099 2527 1169 gitoniarchas
2585 1102 2672 1156 vel
2728 1103 3058 1160 insularum
3119 1106 3384 1177 magistri
3420 1123 3434 1172 ;
3484 1111 3682 1161 canto-

275 1197 406 1250 res;
449 1183 661 1239 notarii
723 1184 1092 1252 factionum;
1137 1187 1375 1259 aurigae,
1434 1188 1695 1258 primarii
1754 1189 1825 1243 de
1882 1187 2132 1242 factione
2184 1186 2290 1242 viri
2348 1192 2404 1242 et
2461 1189 2729 1244 factionis
2786 1191 3029 1247 tribules
3085 1193 3312 1263 plebeii.
3374 1194 3528 1250 418
3588 1196 3685 1251 Ce-

270 1270 649 1328 rimoniarius
681 1274 919 1330 tandem
979 1276 1083 1329 sub
1134 1292 1195 1331 se
1226 1275 1402 1332 habet
1445 1276 1638 1332 ofﬁcia
1683 1277 1983 1348 quinque:
2017 1276 2258 1347 hypatos
2307 1293 2409 1331 seu
2461 1277 2748 1347 consules,
2780 1278 3101 1351 vestitores,
3133 1282 3506 1353 silentiarios,
3538 1283 3693 1339 viros

266 1361 630 1431 praelectales
661 1367 717 1418 et
751 1362 1104 1434 syncleticos
1137 1381 1238 1420 seu
1273 1366 1614 1422 senatorios.

270 1458 410 1532 Περὶ
461 1464 564 1534 τῆς
609 1462 718 1534 τῶν
779 1460 1060 1534 εὐνούχων
1098 1461 1305 1534 ,τάξεως
1361 1463 1452 1534 καὶ
1507 1468 1607 1530 τῆς
1654 1465 1762 1515 τῶν
1808 1460 1930 1531 ἄξι-

351 1529 590 1606 ωμάτων
651 1530 826 1606 αὐτῶν
894 1529 1293 1606 κυριοκλησίας
1353 1533 1444 1588 καὶ
1514 1529 1752 1602 ποσότης
1824 1529 1932 1587 τῶν

351 1604 651 1672 συνηθειῶν
685 1601 865 1656 αὐτῶν
881 1624 892 1637 ·

349 1691 417 1747 Αἱ
457 1688 515 1746 δὲ
561 1696 668 1746 τῶν
723 1691 998 1767 εὐνούχῶν
1069 1691 1210 1764 ἀξίαι
1269 1693 1358 1747 καὶ
1406 1695 1561 1748 αὗται
1610 1695 1703 1766 μὶν
1757 1690 1928 1768 διχῶς

279 1775 544 1835 δίδονται.
603 1779 703 1833 Καὶ
749 1781 851 1854 γὰρ
902 1780 956 1833 αἱ
1015 1780 1109 1851 μὲν
1153 1779 1207 1850 ἐξ
1256 1782 1436 1836 αὐτῶν
1479 1779 1619 1857 ἔργῳ
1672 1784 1786 1854 (94)
1835 1780 1930 1841 τὰς

274 1867 426 1938 ἀξίας
475 1867 725 1940 νομίμως
780 1863 1172 1941 λαμϐάνουσιν·
1234 1871 1289 1923 αἱ
1324 1866 1383 1924 δὲ
1422 1867 1578 1944 λόγῳ
1608 1875 1725 1932 τοῖς
1757 1869 1932 1941 ἀξίοις

277 1957 686 2033 προσγίνονται,
726 1955 786 2011 αἶ’
807 1959 896 2012 καὶ
956 1955 1155 2032 ῥᾳδίως
1207 1959 1267 2013 ἐκ
1314 1961 1621 2032 προσώπων
1662 1959 1737 2020 εἷς
1769 1958 1932 2032 πρόσ-

275 2067 401 2102 ωπα
450 2045 598 2120 λόγῳ
641 2045 908 2120 βασιλέως
945 2048 1327 2122 μετέρχονται.
1372 2048 1498 2104 Etsi
1550 2045 1609 2102 δὲ
1657 2049 1797 2120 ὁμοῦ
1825 2050 1929 2102 πᾶ-

273 2157 362 2191 σαι
395 2137 447 2190 αἱ
481 2133 570 2190 διὰ
614 2130 890 2210 βραϐείων
936 2135 1122 2197 αὐτοῖς
1154 2138 1527 2212 παρεχόμεναι
1555 2137 1647 2192 τόν
1697 2137 1928 2211 ἀριθμὸν

270 2225 439 2282 ὀκτώ.
491 2225 597 2282 Καὶ
650 2226 848 2300 πρώτη
895 2225 988 2298 μὲν
1048 2225 1100 2278 ἐν
1156 2224 1341 2287 αὐτοῖς
1405 2228 1440 2295 ἡ
1490 2230 1599 2280 τῶν
1667 2229 1930 2298 νιψιστισ-

272 2315 405 2391 ρίων
447 2317 557 2389 (95)
617 2313 736 2384 ἀξία
786 2314 1133 2388 γνωρίζεται,
1192 2314 1261 2383 ἧς
1347 2311 1604 2390 βραϐεῖον
1671 2315 1924 2388 καμίσιον

270 2404 455 2460 λινοῦν
515 2399 1011 2476 ὑποϐλαττωμένον
1056 2406 1168 2477 (96)
1217 2405 1463 2478 σχήματι
1517 2404 1738 2477 φιαλίου
1787 2406 1924 2478 (97),

271 2493 364 2548 καὶ
416 2490 586 2569 λόγος
647 2490 918 2566 βασιλέως
981 2492 1430 2568 προσγινόμενος.
1493 2491 1722 2548 Δίδωσιν
1799 2515 1920 2547 συν-

270 2585 456 2651 ἠθειαν
485 2587 601 2644 τοῖς
635 2583 1020 2655 πραιποσίτοις
1057 2583 1147 2655 ιβ’,
1169 2586 1249 2653 τῷ
1279 2579 1512 2655 δευτέρῳ
1531 2585 1598 2658 γ’,
1622 2587 1701 2654 τῷ
1730 2603 1922 2658 πριμι-

269 2672 452 2745 κηρίῳ
496 2669 658 2726 αὐτοῦ
834 2670 1062 2745 Δευτὲρα
1116 2668 1172 2725 δὲ
1214 2673 1249 2739 ἡ
1307 2674 1403 2725 τοῦ
1459 2666 1921 2746 κουϐικουλαρίου

275 2759 412 2829 ἀξία,
454 2759 520 2828 ἦς
557 2753 807 2835 βραϐεῖον
864 2759 898 2824 ἡ
950 2759 1215 2837 ἀμφίασις
1261 2763 1359 2813 τοῦ
1414 2756 1917 2833 περιϐλαττομένου

270 2846 533 2920 καμισίου
578 2845 669 2901 καὶ
717 2849 750 2917 ἡ
806 2851 906 2902 τοῦ
953 2845 1254 2922 λεγομένου
1303 2842 1674 2921 παραγαϐδίου
1720 2847 1914 2917 στολὴ,

277 2937 313 3006 ἢ
345 2935 433 2990 καὶ
467 2932 558 2990 διὰ
584 2939 684 3004 τῆς
724 2939 833 2991 τῶν
893 2936 1264 3010 πραιποσίτων
1310 2936 1605 3010 παρουσίας
1651 2938 1918 3014 γνωρίζε-

269 3045 381 3082 ται.
422 3023 656 3080 Δίδωσιν
711 3027 994 3095 συνήθειαν
1043 3029 1160 3087 τοῖς
1219 3025 1600 3097 πραιποσίτοις
1625 3047 1675 3081 ν.
1712 3025 1802 3096 ιβ’,
1835 3028 1914 3096 τῷ

2045 1463 2120 1516 De
2166 1462 2358 1517 ordine
2413 1462 2810 1540 cunuchorum,
2860 1466 3131 1534 quomodo
3187 1466 3506 1540 dignitates,
3556 1485 3690 1540 quas

2112 1549 2300 1602 gerere
2355 1535 2548 1610 solent,
2599 1536 2968 1610 appellentur,
3017 1546 3068 1591 et
3121 1535 3358 1608 quantas
3411 1535 3688 1610 dare—pro

2112 1620 2327 1674 quaque
2353 1607 2569 1659 soleant
2599 1607 3038 1661 consuetudines.

2111 1691 2431 1762 Dignitates
2480 1694 2886 1748 cunuchorum
2938 1700 3080 1749 sunt
3129 1696 3382 1767 duplicis
3429 1697 3684 1768 generis.

2039 1780 2286 1843 Quidam
2310 1798 2408 1836 eas
2433 1798 2634 1851 reapse
2665 1781 2924 1852 legitime
2955 1791 3416 1854 consequuntur,
3439 1786 3564 1840 alia:
3590 1801 3688 1854 per

2039 1871 2285 1940 simplex
2306 1873 2561 1927 edictum
2588 1873 2782 1943 dignis
2809 1873 3118 1944 obtingunt
3147 1893 3162 1942 ;
3188 1891 3314 1945 quae
3339 1879 3686 1944 posteriores

2041 1960 2215 2014 etiam
2267 1961 2452 2026 facile,
2497 1971 2666 2031 prout
2708 1961 2978 2016 dominus
3016 1962 3282 2031 jusserit,
3327 1964 3397 2017 ab
3445 1981 3558 2020 uno
3609 1966 3682 2019 ad

2035 2049 2283 2104 alterum
2336 2054 2659 2104 transeunt.
2712 2055 2856 2104 Sunt
2910 2056 3104 2105 autem
3163 2050 3500 2121 dignitates,
3549 2070 3678 2122 quis

2037 2139 2322 2194 eunuchis
2361 2154 2495 2194 cum
2530 2139 2757 2193 brabeis
2798 2138 2968 2194 tribui
3009 2140 3220 2204 solent,
3251 2139 3308 2192 in
3347 2140 3675 2198 universum

2036 2233 2184 2283 octo.
2217 2228 2286 2282 Et
2315 2229 2502 2299 prima
2531 2228 2764 2299 quidem
2803 2229 3320 2296 malluviariorum,
3352 2231 3522 2300 cujus
3552 2232 3682 2287 bra-

2035 2316 2209 2372 beum
2241 2321 2330 2372 est
2359 2316 2667 2371 camisium
2697 2316 2788 2372 vel
2819 2316 3116 2372 indusium
3153 2316 3395 2385 lineum,
3428 2319 3680 2376 sericum

2035 2405 2188 2460 velut
2218 2404 2514 2462 cucullum
2549 2405 2788 2472 habens,
2811 2411 2868 2461 et
2889 2405 3060 2460 simul
3090 2406 3384 2461 sententia
3411 2407 3672 2478 impera-

2034 2495 2180 2550 toris
2201 2509 2297 2549 ore
2317 2494 2636 2561 enuntiata,
2662 2493 3118 2564 dignitatemque
3139 2492 3300 2548 illam
3323 2493 3667 2550 attribuens.

2031 2587 2139 2638 Dat
2179 2581 2662 2638 consuetudinem
2705 2580 3030 2652 praepositis
3069 2581 3286 2637 solidos
3318 2583 3407 2650 12,
3437 2583 3672 2640 deutero

2028 2674 2082 2743 3,
2107 2673 2434 2744 primicerio
2455 2689 2558 2728 suo
2582 2673 2748 2744 [puta
2771 2672 3381 2743 malluviariorum],2.
3405 2673 3671 2730 Secunda

2027 2761 2281 2832 dignitas
2319 2770 2406 2816 est
2439 2761 2803 2828 cubicularii,
2835 2763 3005 2831 cujus
3045 2760 3274 2831 insigne
3303 2767 3391 2816 est
3425 2763 3668 2832 gestatio

2027 2849 2254 2906 camisii
2282 2849 2515 2904 blatteis
2546 2850 2885 2919 praetextati,
2915 2859 2968 2903 et
2999 2848 3083 2904 sic
3115 2849 3252 2903 dicti
3283 2850 3622 2920 paragaudii
3648 2869 3664 2918 ;

2028 2943 2128 2994 aut
2177 2938 2348 2992 etiam
2387 2956 2420 2991 a
2460 2937 2764 3007 praesentia
2817 2936 3254 3007 praepositorum
3305 2937 3663 3006 agnoscitur.

2027 3032 2135 3082 Dat
2177 3026 2499 3096 praepositis
2540 3024 3015 3080 consuetudinem
3047 3024 3266 3080 solidos
3307 3026 3393 3092 12,
3425 3028 3660 3081 deutero

279 3111 565 3185 δευτέρων.
599 3111 747 3184 δ’,τῷ
776 3115 1126 3189 πριμικηρίῳ
1160 3135 1208 3169 ν.
1248 3114 1491 3188 β’.Τρίτη
1521 3115 1669 3180 ἡτοῦ
1702 3124 1912 3176 σπαθα-

2029 3116 2078 3183 4,
2096 3114 2422 3186 primicerio
2441 3115 2495 3166 2.
2513 3112 2704 3168 Tertia
2725 3117 2814 3167 est
2835 3112 3452 3182 spatharocubicularii
3475 3115 3665 3184 digni-

273 3196 801 3274 ροκουϐικουλαρίου
867 3202 1008 3271 ἀξία,
1066 3202 1135 3267 ἧς
1184 3199 1457 3270 βραϐεῖον,
1506 3203 1730 3256 σπαθίον
1771 3221 1910 3277 χρυ-

274 3288 519 3356 σόκανον,
542 3288 754 3360 ὁμοίως
774 3292 890 3348 τοῖς
923 3287 1240 3359 σπαθαρίοις
1275 3285 1362 3340 διὰ
1402 3289 1692 3360 βασιλικῆς
1723 3292 1909 3362 χειρὸς

267 3373 591 3430 ἐπιδίδοται.
627 3372 819 3429 διδωσι
853 3376 1137 3443 συνήθειαν
1166 3379 1284 3433 τοῖς
1314 3373 1696 3444 πραιποσίτοις
1737 3397 1786 3429 ν.
1816 3378 1909 3444 ιη’,

267 3470 347 3537 τῷ
376 3465 552 3536 παπίᾳ
579 3463 669 3519 καὶ
717 3467 795 3534 τῷ
826 3460 1060 3534 δευτὲρῳ
1097 3482 1146 3516 ν.
1185 3463 1253 3536 β’,
1282 3465 1362 3532 τῷ
1390 3461 1738 3534 πριμικηρίῳ
1763 3484 1812 3519 ν.
1846 3460 1909 3518 δ’.

256 3554 516 3628 ηΤετάρτη
549 3556 585 3622 ἡ
633 3573 741 3608 των
790 3551 1080 3626 ὀστιαρίων
1132 3549 1272 3620 ἀξία,
1303 3553 1370 3618 ἧς
1412 3545 1686 3624 βραϐεῖον,
1731 3557 1906 3623 χρυσῆ

271 3638 470 3720 ῥάϐδος
519 3640 579 3696 ἐκ
608 3640 776 3698 λίθων
819 3641 1021 3712 τιμίων
1074 3637 1499 3714 περικεφαλαίαν
1532 3640 1638 3710 (98)
1687 3633 1908 3714 ἔχουσα,

267 3732 357 3785 διὰ
405 3731 593 3806 χειρὸς
652 3728 922 3806 βασιλέως
980 3725 1300 3785 ἐπιδίδοται.
1338 3724 1480 3783 Δίόει
1525 3729 1802 3796 συνήθειαν
1831 3731 1910 3798 τῷ

265 3819 441 3890 παπίᾳ
467 3821 556 3874 καὶ
597 3823 677 3890 τῷ
709 3817 946 3890 δευτέρῳ
974 3839 1022 3874 ν.
1064 3819 1128 3888 ς’,
1159 3823 1275 3878 τοῖς
1318 3816 1699 3891 πραιποσίτοις
1722 3838 1770 3872 ν.
1804 3814 1907 3886 κδ’,

262 3910 340 3978 τῷ
369 3905 718 3980 πριμικηρίῷ
746 3909 842 3960 τοῦ
869 3899 1263 3959 κουϐουκλείου
1293 3925 1342 3961 ν,
1375 3899 1437 3958 δ’.
1470 3902 1699 3975 Πὲμπτη
1732 3905 1765 3972 ἡ
1801 3907 1906 3956 τῶν

265 3993 642 4068 πριμικηρίων
683 3993 822 4063 ἀξία,
863 3996 929 4061 ἧς
974 3987 1253 4067 βραϐεῖον,
1282 3991 1454 4065 χιτὼν
1493 3989 1682 4053 λευκὸς
1706 3991 1800 4045 σὺν
1824 3991 1911 4046 ἐπ-

263 4082 460 4155 ωμίοις
629 4081 718 4136 καὶ
758 4080 970 4143 πώλοις
1002 4083 1076 4154 (1)
1127 4079 1586 4157 χρυσοϋφάντοις,
1639 4078 1906 4154 λαμπρῶς

2021 3210 2135 3268 tas,
2167 3205 2336 3274 cujus
2383 3203 2610 3271 insigne
2660 3201 2865 3270 spatha
2912 3218 3043 3256 cum
3103 3217 3279 3256 aureo
3327 3203 3658 3271 manubrio,

2021 3294 2232 3364 pariter
2279 3298 2454 3362 atque
2502 3289 2816 3359 spathariis
2858 3295 2967 3354 est,
3001 3291 3160 3362 regia
3205 3306 3379 3344 manu
3431 3292 3660 3345 tradita.

2027 3382 2131 3434 Dat
2167 3380 2646 3434 consuetudinem
2688 3377 3012 3448 praepositis
3053 3394 3322 3432 nummos
3357 3377 3441 3442 18,
3475 3379 3659 3449 papim

2021 3472 2079 3520 et
2116 3467 2353 3520 deutero
2382 3467 2438 3534 2,
2476 3466 2802 3536 primicerio
2844 3464 3658 3538 [spatharocubiculariorum]

2023 3555 2072 3608 4.
2106 3556 2320 3619 Quarta
2349 3562 2436 3608 est
2475 3553 2868 3620 ostiariorum,
2895 3555 3065 3622 cujus
3106 3554 3377 3608 brabeum
3417 3561 3507 3609 est
3545 3572 3659 3610 au-

2023 3658 2156 3696 reus
2207 3641 2448 3696 baculus
2487 3641 2571 3695 vel
2614 3640 2775 3710 virga
2813 3656 3075 3710 gemmeo
3127 3646 3328 3694 ornata
3367 3642 3657 3711 capitello,

2021 3730 2179 3801 regia
2226 3745 2396 3785 manu
2429 3729 2664 3784 tradita.
2697 3729 2807 3783 Dat
2854 3729 3337 3783 consuetudinem
3390 3728 3572 3799 papire
3603 3733 3661 3785 et

2021 3819 2256 3874 deutero
2301 3818 2356 3887 6,
2398 3817 2727 3888 praepositis
2775 3818 2864 3883 24,
2915 3816 3246 3887 primicerio
3301 3816 3554 3871 cubiculi
3601 3817 3655 3871 4.

2018 3907 2232 3971 Quinta
2260 3906 2514 3978 dignitas
2541 3911 2630 3960 est
2661 3904 3147 3975 primiceriorum,
3180 3904 3346 3974 cujus
3375 3904 3658 3960 hrabeum

2015 3995 2215 4051 tunica
2246 3994 2498 4052 candida
2529 4010 2660 4050 cum
2686 3993 3092 4066 scapularibus
3113 3998 3170 4048 et
3198 3993 3347 4063 polis
3377 4008 3476 4048 seu
3511 3996 3658 4065 ligu-

2017 4086 2098 4141 ris
2129 4101 2412 4156 equorum
2446 4101 2585 4140 auro
2624 4085 2879 4149 intextis,
2911 4082 3150 4139 solenne
3186 4099 3399 4154 pompa
3427 4084 3652 4140 induta.

1296 4198 1495 4255 JOAN.
1535 4199 1678 4253 JAC.
1723 4200 1985 4257 HEISKII
2026 4199 2600 4258 COMMENTARIUS.

330 4309 448 4379 (94)
479 4313 586 4379 Est
607 4308 965 4379 idem,guod
997 4323 1175 4379 supra
1203 4305 1523 4363 habuimus
1554 4315 1604 4362 et
1639 4308 1903 4377 protinus

259 4374 536 4446 recurret,
569 4375 658 4432 διὰ
691 4374 976 4451 βραϐείων.

2010 4304 2180 4379 Kopﬂ,
2204 4309 2260 4363 id
2293 4312 2380 4362 est
2410 4311 2602 4376 caput,
2629 4306 2859 4379 videtur
2889 4322 3119 4376 quoque
3140 4322 3334 4379 aeupa
3363 4323 3464 4363 seu
3496 4324 3654 4377 cym-

1931 4384 1977 4447 D
2009 4378 2445 4434 bio'rmanasse.
2495 4378 2750 4432 'l‘unicas
2800 4393 2931 4432 cum
2985 4378 3234 4446 caputiis
3285 4380 3655 4447 appellabant

329 4433 441 4520 (95)
473 4433 576 4512 Qui
611 4433 952 4504 mal'luvium
990 4450 1326 4518 imperatori
1358 4454 1560 4505 tenent
1594 4455 1695 4505 aut
1722 4467 1902 4520 appo-
1931 4433 1974 4447 υ
2011 4433 2224 4504 tunicas
2275 4451 2599 4518 palliolatus
2629 4449 2836 4520 etipsa
2865 4433 3092 4516 caputia
3131 4433 3408 4520 pellicia..-
3439 4465 3489 4502 v.
3523 4433 3653 4503 Sal;

261 4519 992 4592 nunt'suntwquntatptoi.
1028 4521 1365 4592 Malluvium
1418 4521 1574 4575 enim
1626 4527 1715 4576 est
1760 4519 1903 4592 νιψίτ

264 4609 406 4644 στιον
438 4605 452 4657 ;
485 4608 518 4663 a
544 4587 716 4663 νίπτω
750 4591 813 4645 ﬁt
849 4587 1020 4662 νίψις,
1051 4592 1186 4663 hinc
1213 4589 1441 4663 νιψίζειν
1493 4596 1739 4646 formant
1769 4587 1900 4647 novi

264 4663 465 4746 Graeci,
490 4660 635 4746 'hinc
665 4660 928 4734 νιψιστής
945 4666 1002 4717 et
1037 4660 1329 4733 νιψίστιον,
1361 4669 1417 4718 et
1448 4665 1683 4718 tandem
1739 4663 1899 4717 illinc

268 4751 646 4793 νιψιστιαριος.

320 4734 646 4814 ψιστιάριος.

331 4805 445 4876 (96)
476 4805 566 4859 Sic
596 4804 817 4876 placuit
858 4803 1097 4858 librario
1139 4819 1376 4876 exarare
1405 4821 1509 4874 pro
1551 4797 1901 4876 ὑποϐλαττω-

265 4867 439 4946 μενον,
461 4867 616 4945 quod
639 4876 791 4946 idem
824 4879 912 4930 est
942 4867 1731 4946 αῑουο-ἆίποοεϐλάττωμὲνον,
1757 4876 1900 4929 blat-

263 4943 351 5002 tea
401 4943 499 5000 seu
559 4945 741 5015 serica
801 4943 1096 5015 praetexta,
1128 4943 1222 4998 hic
1264 4944 1388 5015 _loci
1433 4946 1589 5013 (quia
1644 4945 1901 5014 sequitur

265 5015 508 5090 σχήματι
551 5013 1054 5090 φιαλίου)“1)1ειιῐοο
1110 5013 1340 5069 cucullo
1397 5031 1574 5084 super
1630 5013 1900 5086 scapulas

269 5087 627 5156 dependente
657 5087 1028 5140 instructum.

331 5155 446 5229 (’97)
477 5157 672 5212 Phiala
701 5155 914 5212 Graecis
947 5158 1097 5211 inter
1127 5155 1240 5210 alia
1283 5155 1578 5229 cucullum
1623 5159 1769 5211 vesti
1801 5173 1898 5212 as-

266 5227 458 5283 sutum
483 5234 544 5283 et
563 5245 675 5296 quo
698 5243 930 5281 sursum
957 5232 1196 5281 attracto
1214 5232 1384 5292 caput
1407 5227 1649 5290 velatur,
1677 5234 1900 5297 regesto

267 5316 408 5370 pone
441 5301 716 5355 cervicem
753 5301 1025 5370 nudatur,
1059 5300 1194 5370 item
1233 5299 1569 5370 almutziam
1603 5298 1686 5350 vel
1723 5301 1899 5370 bone-

269 5369 386 5425 tum
419 5378 520 5426 aut
553 5371 820 5425 biretum.
845 5369 1108 5423 Nominis
1139 5370 1280 5421 ratio
1306 5369 1422 5422 hiec
1445 5376 1555 5433 est,
1579 5370 1729 5437 quod
1768 5369 1900 5423 talia

270 5442 472 5510 capitis
521 5443 772 5513 tegmina
821 5443 1104 5513 referrent
1151 5438 1340 5513 philas
1378 5439 1472 5513 _vel
1526 5441 1753 5513 cymbia
1789 5445 1902 5513 aut

273 5508 554 5580 cymbala,
577 5508 787 5582 quibus
820 5510 928 5578 lac,
952 5511 1141 5566 calida
1162 5518 1215 5582 et
1236 5508 1346 5582 alia
1378 5508 1747 5582 hauriuntur.
1772 5511 1899 5581 Cop-

273 5598 396 5654 pam
425 5580 614 5638 adhuc
641 5581 811 5654 hodie
839 5582 1132 5654 appellant
1163 5580 1291 5654 I_t_ali
1319 5583 1568 5654 occiput,
1610 5581 1768 5654 quia,
1799 5580 1901 5636 cu-

280 5650 411 5726 pam
458 5657 558 5708 aut
598 5650 1137 5724 cuppolam'refert.
1177 5650 1461 5708 Nostrum
1494 5650 1898 5709 Germanicum

2006 4538 2154 4576 mas.
2205 4525 2247 4576 t.
2282 4521 2344 4591 ill
2391 4521 2597 4589 Script.
2634 4519 2780 4591 Hist.
2817 4527 2962 4588 Aug.
2998 4536 3052 4587 p.
3084 4520 3206 4573 771.
3245 4519 3467 4574 Casulas
3501 4537 3652 4591 quo-

2010 4609 2120 4661 que
2144 4590 2330 4646 medio
2352 4607 2468 4662 aevo
2494 4589 2863 4662 appellabant
2885 4595 3071 4662 vestes
3092 4605 3224 4643 cum
3253 4597 3448 4645 assuto
3479 4589 3652 4662 capu-

2009 4660 2086 4717 tio
2117 4662 2202 4716 vel
2253 4661 2497 4714 cucullo.
2527 4661 2778 4714 lsidorus
2804 4675 2816 4712 :
2839 4660 3025 4713 casula
3047 4671 3123 4714 est
3144 4666 3305 4715 vestis
3333 4660 3647 4729 cucullala;

2008 4749 2061 4786 v.
2095 4734 2162 4786 ad
2198 4749 2252 4801 p.
2285 4732 2384 4786 271
2421 4731 2591 4800 dicta,
2624 4740 2677 4785 et
2709 4729 2982 4785 Murator.
3015 4731 3246 4801 Antiqu.
3279 4733 3459 4787 Italic.
3498 4738 3539 4786 t.
3574 4733 3646 4799 ll,

2010 4822 2062 4856 ο.
2094 4804 2200 4856 425
2230 4819 2355 4856 sua.

2049 4847 2062 4859 .
2094 4805 2200 4857 425
2230 4819 2355 4859 sua.

2008 4822 2062 4873 p.
2094 4819 2200 4857 tua
2230 4819 2355 4872 sqq.

2080 4874 2186 4938 (98)
2219 4871 2345 4926 Vid.
2379 4872 2532 4926 dicta
2562 4873 2632 4926 de
2662 4872 2928 4941 phengiis
2959 4872 3028 4926 ad
3063 4887 3118 4940 p.
3153 4871 3275 4928 340.

2079 4944 2191 5015 (99)
2221 4942 2390 4998 Verte
2419 4940 2830 5014 scapularibus.
2851 4943 3054 4998 Procul
3077 4942 3250 5015 dub_io
3281 4941 3436 4995 enim
3467 4940 3645 5015 libra-

2009 5011 2132 5069 rius
2173 5011 2266 5068 hic
2296 5033 2322 5085 ο
2357 5031 2458 5084 pro
2488 5011 2531 5066 ω
2565 5015 2760 5085 posuit
2805 5030 2966 5068 more
3014 5028 3138 5066 suo.
3169 5011 3270 5085 Est
3299 5026 3435 5082 ergo
3485 5011 3642 5085 idem

2009 5090 2180 5162 atque
2208 5079 2392 5162 φιάλῐν
2424 5089 2524 5140 aut
2551 5079 2928 5162 similequid.
2955 5087 3115 5162 Forte
3146 5079 3331 5162 φιάλιν
3365 5079 3641 5162 amplius,

2009 5157 2180 5210 latius
2211 5153 2300 5210 est
2329 5163 2387 5210 et
2417 5161 2591 5225 caput
2621 5153 3109 5225 tegit,_scapulare
3136 5153 3312 5223 caput
3343 5169 3454 5208 non
3482 5153 3640 5222 item,

2007 5227 2102 5282 sed
2136 5227 2289 5280 solas
2321 5228 2582 5296 scapulas
2611 5228 2770 5295 tegit.

2079 5298 2153 5364 (1)
2199 5297 2348 5352 Verti
2387 5289 2560 5367 equis.
2592 5289 2756 5350 Certe
2799 5289 2988 5350 πῶλος
3023 5292 3199 5346 etiam
3232 5307 3448 5362 equum
3482 5295 3644 5350 novis

2008 5370 2216 5423 Graecis
2252 5375 2425 5432 notit,
2453 5371 2786 5436 plerumque
2811 5371 2999 5436 tamen
3028 5370 3248 5430 ponunt
3277 5379 3402 5416 eam
3428 5381 3638 5436 (vocem

2010 5456 2110 5508 pro
2135 5443 2318 5493 asino.
2336 5439 2442 5490 Sed
2455 5434 2764 5502 indignum
2790 5434 3091 5508 videbatur
3108 5450 3405 5508 procerum
3424 5435 3641 5508 Byzan-

2008 5503 2262 5564 tinorum
2294 5520 2609 5576 eorumque
2658 5521 2883 5574 semper
2926 5507 3080 5576 circa
3109 5503 3250 5576 imp.
3283 5503 3638 5562 versantium

2008 5585 2152 5637 vesti
2183 5574 2532 5645 honoraria,
2554 5591 2676 5645 qua
2707 5574 2968 5645 investiri
2999 5575 3284 5635 solebant.
3319 5576 3511 5633 asinos
3541 5577 3636 5636 in-

2013 5656 2218 5707 texere.
2248 5650 2551 5720 Propterea
2577 5644 2758 5717 equos
2789 5644 2988 5701 malui.
