4088 6300
472 319 629 383 1335

1546 301 2068 369 CONSTANTINI
2117 293 2802 361 PORPHYROGENITI

3787 294 3902 354 1336

471 457 587 511 Dat
616 446 1098 508 consuetudinem
1122 440 1447 515 praepositis
1472 454 1746 496 nummos
1767 437 1857 502 36,
1882 436 2119 490 deutero

2246 430 2584 507 Ξιμφιάζεται.
2616 422 2761 481 Δίδει
2792 424 3076 494 συνήθειαν
3131 426 3273 482 τοῖς
3326 418 3731 495 πραιποσίτοις
3757 444 3799 479 ν.
3826 424 3899 491 λς’,

474 545 564 614 12,
615 541 667 598 si
710 540 859 597 forte
909 536 1021 608 ipsi
1071 532 1485 588 indumentum
1543 525 1848 599 imperiale
1904 523 2121 614 tradat,

477 613 803 704 primicerio
833 641 951 682 sex.
985 623 1151 679 Sexta
1188 619 1447 690 dignitas
1493 621 1581 672 est
1622 613 2126 688 prolospathario-

476 739 608 780 rum
659 716 1138 777 eunucbicorum,
1189 710 1359 781 cujus
1407 708 1683 764 brabeum
1734 714 1966 775 torques
2011 720 2125 759 au-

475 827 611 869 reus
667 807 919 880 gemmis
965 808 1020 858 et
1071 798 1404 873 margaritis
1459 797 1709 865 obsitus,
1769 810 1944 867 quem
2003 792 2127 864 ipse

478 901 791 971 imperator
805 893 929 950 suis
946 890 1219 947 manibus
1240 889 1582 961 impositum
1604 885 1929 944 cervicibus
1950 883 2128 939 hono-

479 986 590 1044 rati
638 982 949 1041 concludit.
997 979 1302 1051 Accipiunt
1348 985 1623 1050 praeterea
1650 980 1708 1032 et
1735 972 1850 1045 ipsi
1898 986 2127 1043 quoque

477 1074 731 1131 tunicam
778 1071 1089 1129 candidam
1142 1083 1284 1124 auro
1334 1068 1718 1122 incrustatam
1767 1063 1839 1119 ad
1891 1061 2125 1117 modum

481 1161 747 1229 dibitisii,
778 1167 837 1217 et
877 1159 1140 1230 diploida
1184 1156 1515 1213 coccineam
1556 1169 1688 1210 cum
1737 1150 1937 1207 tabliis
1984 1165 2127 1206 auro

484 1252 789 1309 contextis.
845 1250 950 1305 Dat
1006 1245 1489 1303 consuetudinem
1547 1241 1874 1314 praepositis
1921 1244 1979 1294 et
2026 1255 2128 1308 pa-

482 1341 667 1397 triciis
702 1336 988 1395 eunuchis
1028 1335 1179 1391 419
1222 1338 1276 1390 et
1320 1330 1798 1404 protospathariis
1838 1327 2127 1383 eunuchis

477 1431 570 1496 72,
630 1428 815 1501 papias
883 1435 936 1482 et
994 1426 1233 1481 deutero
1286 1423 1340 1477 6.
1398 1421 1657 1493 Septima
1722 1419 1978 1490 dignitas
2045 1421 2130 1471 est

478 1518 1017 1577 illustrissimorum
1032 1514 1474 1586 prapositorum
1485 1552 1501 1579 ,
1515 1511 1685 1581 cujus
1700 1509 1979 1564 brabeum
1994 1513 2129 1562 sunt

480 1608 694 1665 tabulae
753 1606 1117 1679 patriciatus,
1174 1603 1391 1672 absque
1446 1606 1645 1655 tamen
1704 1596 2013 1666 codicillis,
2066 1594 2129 1650 in

484 1697 851 1771 processione
867 1694 923 1747 in
939 1689 1469 1764 chrysotriclinium
1493 1688 1654 1759 regia
1681 1704 1859 1742 manu
1882 1684 2126 1741 traditae.

484 1792 587 1843 Dat
635 1783 1140 1847 consuetudinem,
1174 1778 1224 1835 si
1255 1778 1434 1882 simul
1476 1776 1997 1882 protospatharius‘
2030 1774 2130 1829 de-
2164 1818 2211 1882 B

486 1873 760 1941 claretur,
781 1871 974 1926 litram
1008 1884 1185 1924 unam
1207 1871 1264 1923 et
1283 1867 1523 1923 deutero
1546 1883 1646 1939 pro
1667 1865 1885 1920 tabulis
1913 1863 2133 1919 solidos

488 1962 580 2017 24.
640 1960 841 2031 Neque
898 1958 1054 2013 enim
1117 1973 1233 2012 non
1288 1955 1646 2027 permittitur
1695 1953 2021 2025 praepositis
2072 1952 2134 2007 in

492 2049 702 2108 officiis
749 2048 1021 2104 eminere.
1055 2046 1248 2101 Potest
1293 2045 1533 2099 omnino
1582 2045 1930 2115 praepositus
1959 2041 2136 2098 simul

492 2143 665 2197 etiam
699 2136 963 2192 efﬁciatis
996 2133 1421 2206 qualiscunque
1452 2133 1685 2187 tandem
1732 2149 1884 2188 esse.
1916 2132 1976 2187 Si
2006 2147 2138 2187 vero

493 2226 670 2284 simul
694 2240 927 2298 quoque
948 2222 1231 2295 patricius
1254 2223 1645 2289 renuntietur,
1669 2221 1871 2292 pendit
1892 2226 2143 2275 tantum-

493 2318 626 2371 dem
666 2320 841 2386 atque
880 2311 1122 2382 patricii.
1156 2310 1366 2366 Octava
1397 2315 1482 2366 est
1524 2309 1923 2381 patriciorum,
1954 2324 2143 2364 eunu-

494 2406 795 2461 chicorum
845 2416 1074 2472 nempe,
1126 2401 1403 2470 dignitas,
1451 2400 1623 2470 cujus
1672 2400 1952 2454 brabeum
2003 2400 2144 2452 sunt

502 2493 717 2547 tabulas
747 2492 1015 2544 eburneae
1063 2503 1192 2543 cum
1242 2486 1548 2553 codicillis,
1584 2487 1735 2542 haud
1769 2502 1941 2541 secus
1972 2491 2147 2555 atque

504 2585 646 2636 sunt
673 2578 921 2634 aliorum
956 2575 1330 2647 patriciorum
1372 2576 1771 2631 barbatorum.
1805 2576 2020 2629 Horum
2050 2589 2145 2629 ve-

504 2668 676 2725 stitus
707 2685 741 2722 a
768 2666 983 2721 vestitu
1014 2663 1615 2736 protospathariorum
1648 2679 1764 2719 non
1806 2662 1998 2717 differt
2036 2661 2149 2718 nisi

502 2755 645 2812 loris
700 2759 952 2820 tantum,
996 2753 1045 2808 si
1097 2751 1271 2807 simul
1328 2753 1498 2807 etiam
1559 2751 2147 2824 protospathariorum

508 2843 856 2918 dignitatem
905 2849 1134 2915 gerunt.
1167 2840 1401 2897 Patricii
1434 2841 1685 2896 eunuchi
1729 2842 1870 2896 dant
1912 2857 2153 2897 consue-

505 2935 768 2989 tudinem
800 2932 1088 2994 eamdem,
1113 2947 1290 3002 quam
1320 2929 1564 2985 barbati.
1590 2928 1827 2986 Obtinet
1848 2937 2065 2999 autem,
2088 2937 2151 2985 ut

502 3024 573 3077 ab
599 3020 875 3078 omnibus
918 3023 989 3075 ad
1021 3019 1210 3075 ofﬁcia
1242 3020 1520 3090 promotis
1552 3021 1916 3089 praepositus,
1948 3024 2149 3090 utpote

2233 523 2315 590 τῷ
2345 515 2581 592 δευτέρῳ
2611 538 2658 572 ν.
2688 517 2780 590 ιβ’,
2804 513 2893 569 ἐὰν
2925 511 3026 588 ἄρα
3058 508 3247 567 δώσει
3284 509 3469 565 αὐτὸν
3505 510 3781 585 βασιλικὸν
3805 514 3899 585 ἱμέ-

2236 630 2371 678 τιον,
2401 611 2482 678 τῷ
2512 605 2870 681 πριμικηρίῳ
2891 626 2939 658 ν.
2966 604 3028 665 ς’,
3052 604 3246 673 Ἕκτη
3276 603 3317 670 ἡ
3344 605 3463 655 τῶν
3501 597 3558 654 έν
3589 600 3770 664 αὐτοῖς
3794 626 3901 677 πρω-

2234 695 2616 772 τοσπαοαρίων
2668 695 2810 768 ἀξία,
2858 697 2926 763 ἧς
2979 689 3283 768 βραϐεῖον,
3342 695 3607 767 χρυσοῦν
3671 696 3899 765 μανιάκην

2235 787 2296 844 ἐκ
2357 786 2527 850 λίθων
2584 784 2785 858 τιμίων
2843 783 2934 838 καί
2997 785 3422 860 μαργαριτῶν,
3476 779 3899 862 snite-315150;

2237 873 2324 931 διὰ
2370 876 2558 953 χειρὸς
2615 874 2888 949 βασιλέως
2944 869 3452 946 έπισυγκλείεται.
3510 871 3693 927 Χιτὼν
3748 869 3797 926 δὲ
3838 875 3898 927 καὶ

2238 963 2419 1025 αὐτοῖς
2465 962 2660 1025 λευκὸς
2710 959 3176 1038 χρυσοκόλλητος
3241 953 3690 1029 διϐητισοειδὴς
3735 961 3808 1016 καὶ
3840 960 3898 1017 δι-
3984 986 3985 1011 ξ

2236 1053 2416 1124 πλόης
2444 1054 2696 1115 κόκκινος
2745 1051 2840 1107 σὺν
2889 1045 3144 1113 ταῦλίοις
3196 1048 3703 1126 χρυσοϋφάντοις.
3747 1049 3897 1107 Aiacis:

2238 1147 2522 1215 συνήθειαν
2568 1148 2683 1205 τοῖς
2731 1141 3113 1215 πραιποσίτοις
3190 1138 3298 1194 καὶ
3379 1137 3703 1214 πατρικίοις
3754 1141 3893 1197 εὐνού-

2237 1252 2364 1308 χοις
2393 1234 2482 1286 καὶ
2511 1231 3024 1308 πρωτοσπαθαρίοις
3075 1228 3408 1304 εὐνούχοις
3443 1250 3498 1285 ν.
3534 1229 3645 1303 οβ’,
3672 1233 3745 1300 τῷ
3767 1230 3895 1299 mai;

2237 1323 2325 1376 καὶ
2358 1321 2437 1393 τῷ
2471 1319 2704 1395 δευτέρῳ
2735 1342 2783 1375 ν.
2821 1321 2879 1383 ς“.
2910 1315 3162 1393 Ἑϐδόμη
3206 1316 3276 1373 δὲ
3310 1319 3571 1398 πέφυκεν
3606 1320 3639 1387 ἡ
3672 1322 3766 1373 τῶν
3791 1317 3892 1391 λειμ-

2238 1415 2521 1489 προτάτων
2586 1432 2963 1487 πραιποσιτων
3016 1412 3160 1482 ἀξία,
3240 1413 3317 1478 ἧς
3388 1405 3678 1484 βραϐεῖον,
3738 1407 3892 1473 πλάγες

2239 1502 2682 1577 πατρικιότητος,
2716 1500 2841 1555 ἄνευ
2879 1500 2975 1572 μέν
3006 1497 3406 1555 κωδικελλῶν
3442 1496 3542 1553 ἐπὶ
3575 1495 3888 1573 προελέῦσεως

2240 1588 2703 1668 χρυσοτρικλίνου
2775 1590 2923 1665 χειρὶ
2995 1588 3292 1663 βασιλέως
3370 1585 3738 1643 ἇπιδίδονται·
3791 1586 3888 1642 Bias:

2240 1685 2548 1754 συνήθειαν,
2618 1680 2664 1736 εἰ
2733 1679 2837 1756 ἄρα
2899 1684 3113 1755 τιμηθῇ
3184 1677 3792 1754 πρωτοσπαθάριοςὲν
3834 1683 3885 1750 τῷ
3984 1744 3985 1747 η

2244 1774 2374 1845 ἅμα,
2407 1773 2462 1830 λ.
2498 1773 2563 1841 α’,
2595 1770 2687 1827 καὶ
2716 1775 2797 1843 τῷ
2833 1768 3068 1846 δευτέρῳ
3110 1770 3259 1828 ὑπὲρ
3313 1774 3436 1825 τῶν
3471 1769 3700 1824 πλακῶν
3736 1789 3776 1825 ν.
3812 1765 3882 1823 ιδ’.

2242 1862 2306 1920 Εἰ
2337 1858 2393 1916 δὲ
2421 1860 2512 1916 καὶ
2543 1859 2827 1935 πατρίκιος
2858 1861 2886 1914 ὁ
2921 1860 3084 1921 αὐτὸς
3129 1859 3191 1914 ἐν
3247 1863 3452 1930 ταυτῷ
3482 1858 3715 1931 τιμηθῇ,
3744 1852 3883 1910 δίδωσι
3984 1878 3985 1907 l

2243 1952 2521 2021 συνήθειαν
2568 1934 2663 2013 ὡς
2691 1951 2745 2004 οἱ
2792 1949 3091 2020 πατρίκιοι.
3139 1944 3373 2022 Ὀγδὸη
3429 1947 3466 2015 ἡ
3522 1950 3632 2001 τῶν
3672 1943 3721 1999 ἐν
3748 1945 3882 2004 αὐτοῇ
3984 1934 3985 1969 θ

2241 2039 2542 2113 πατρικίων
2607 2038 2744 2111 ἀξία,
2812 2040 2878 2106 ἧς
2944 2031 3233 2111 βραϐεῖον,
3297 2033 3549 2106 πλάκες,
3591 2034 3780 2107 ὁμοίως
3816 2033 3879 2087 σὺν
3984 2052 3985 2085 l

2242 2124 2608 2188 κωδικέλλοις
2667 2127 2744 2188 ὡς
2797 2130 2930 2180 πᾶσι
2983 2129 3103 2185 τοῖς
3161 2124 3509 2197 πατρικίοις
3561 2120 3801 2178 δίδονται.
3832 2121 3882 2173 06

2248 2214 2641 2273 διαλλάττουσι
2692 2213 2750 2270 δὲ
2780 2213 2832 2269 ἐν
2858 2220 2978 2275 ταῖς
3010 2212 3196 2268 αὐτῶν
3235 2211 3485 2275 στολαῖς
3516 2219 3618 2282 τῆς
3648 2216 3744 2267 τῶν
3766 2230 3881 2283 npu-
3983 2211 3985 2259 ζ

2252 2305 2631 2381 τοσπαθαρίων
2685 2303 3000 2384 ἀμφιάσεως
3050 2302 3205 2369 πλὴν
3265 2302 3493 2379 λώροις
3540 2303 3630 2357 καὶ
3675 2302 3826 2374 μόνον,
3849 2299 3879 2352 εἰ

2248 2396 2350 2468 ἄρα
2405 2396 2493 2449 καὶ
2554 2396 2589 2463 ἡ
2650 2398 2757 2448 τῶν
2814 2392 3346 2469 πρωτοσπαθαρίων
3428 2392 3622 2451 αὐτοῖς
3682 2387 3878 2464 ipim“:

2251 2481 2398 2556 δόξα,
2468 2481 2596 2537 οὐδὲ
2660 2481 2970 2538 κωλύονται
3020 2482 3073 2537 οἱ
3121 2481 3510 2558 πραιπόσιτοι
3563 2478 3615 2534 ἐν
3661 2477 3876 2556 destricte

2253 2570 2592 2645 διαπρέπειν,
2658 2572 2777 2627 οἷον
2846 2573 2907 2625 ἄν
2971 2569 3116 2625 ἐστιν
3186 2570 3489 2648 ὀφφίκιον,
3540 2573 3636 2624 τοῦ
3673 2564 3877 2621 εἶναικαὶ

2251 2657 2609 2734 πραιπόσιτος
2676 2660 2766 2715 καὶ
2832 2659 3212 2739 ὀφφικιάλιος.
3294 2659 3646 2734 Παρέχουσιν
3699 2652 3872 2739 δεσυν-

2252 2752 2440 2821 ήθειαν
2473 2751 2525 2804 οἱ
2554 2750 2828 2824 πατρίκιοι
2860 2738 3117 2824 εὐνοῦχοι
3146 2749 3342 2810 καθὼς
3396 2749 3491 2804 καὶ
3543 2748 3596 2801 οἱ
3644 2738 3870 2821 βαρϐἀτοι.

2256 2840 2409 2914 Παρὰ
2439 2836 2496 2894 δὲ
2524 2844 2631 2894 τῶν
2663 2839 2740 2901 εἷς
2790 2837 3017 2916 ὀφφίκια
3062 2834 3567 2911 προϐαλλομένων
3594 2836 3779 2890 πάντων
3804 2830 3866 2884 ἐκ·

2254 2929 2622 3002 κομιζομένου
2667 2933 2765 2982 τοῦ
2811 2927 3202 3000 πραιποσίτου,
3254 2928 3335 2989 ὡς
3390 2926 3454 2980 ἐκ
3502 2924 3774 2999 προσώπου
3800 2920 3867 2973 τοῦ

2260 3016 2552 3093 βασιλέως,
2583 3017 2682 3084 τήν
2711 3016 2999 3090 ἀπόκρισιν
3045 3024 3148 3086 τῆς
3200 3011 3599 3092 προϐλήσεως,
3632 3004 3865 3083 λαμϐάνειν

503 3109 990 3181 significationem
1059 3108 1437 3176 promotionis
1485 3121 1553 3161 ex
1601 3123 1850 3177 persona
1910 3111 1967 3161 et
2022 3108 2138 3162 loco

2252 3108 2343 3161 τὸν
2372 3105 2529 3160 αὐτὸν
2560 3106 2920 3179 πραιπόσιτον
2966 3108 3084 3170 καθ’
3125 3103 3368 3163 ἕκαστον
3423 3099 3754 3183 ὀφφικιάλιον
3780 3116 3867 3150 συν-

500 3169 868 3266 ἱιιῖρεταῑοιὶε
897 3169 1099 3260 edens,
1131 3194 1377 3263 accipiat
1406 3192 1477 3248 ab
1509 3169 1859 3264 unoquoque
1896 3193 2138 3249 ofﬁcials

2252 3196 2436 3264 ήθειαν
2461 3215 2509 3250 ν.
2543 3190 2643 3252 κδ’.
2678 3191 2890 3264 Μηδεὶς
2912 3194 3094 3251 τοίνυν
3117 3191 3516 3270 παραϐαινέτω
3539 3194 3635 3262 τήν
3661 3184 3862 3252 τοιαύτην

503 3300 607 3353 pro
638 3281 1062 3337 consuetudine
1094 3296 1369 3336 nummos
1398 3297 1604 3337 aureos
1630 3282 1836 3354 viginti
1867 3287 2139 3352 quatuor.

500 3371 684 3428 Nemo
730 3371 922 3440 itaque
954 3370 1111 3426 hunc
1142 3371 1498 3443 dignitatum
1550 3370 1831 3428 hactenus
1860 3373 2143 3445 exposita-

502 3474 632 3516 rum
662 3459 925 3515 ordinem
955 3464 1130 3531 atque
1160 3460 1636 3516 constitutionem
1662 3462 2141 3533 transgrediatur,

502 3548 684 3605 aliove
731 3547 905 3605 modo
935 3564 1032 3605 eas
1078 3549 1312 3604 ambeat
1340 3553 1398 3604 et
1430 3548 1686 3605 obtineat
1732 3556 1939 3621 praeter
1987 3552 2143 3609 solos

501 3638 765 3707 clericos,
798 3638 899 3711 qui
934 3638 1058 3694 solo
1090 3639 1281 3695 edicto
1313 3638 1626 3708 dignitates
1658 3642 1970 3712 accipiunt.
2004 3643 2145 3700 Pro-

501 3727 843 3799 tospatharii
909 3728 1165 3797 dignitas
1234 3728 1615 3783 confirmatur
1670 3734 1728 3784 et
1782 3730 2146 3801 signiﬁcatur

504 3815 910 3888 epirrhiptario
941 3832 1039 3870 seu
1073 3814 1321 3884 cucullo,
1350 3832 1522 3885 quem
1575 3817 1687 3889 ipsi
1730 3820 1887 3883 regia
1933 3837 2143 3876 manus

506 3900 799 3959 concludit
828 3904 949 3971 [seu
982 3904 1051 3958 ad
1079 3904 1356 3976 jugulum
1388 3906 1715 3977 adtibulat].
1749 3907 1986 3976 Oportet
2014 3926 2145 3965 con-

504 3997 772 4064 gregatas
805 3991 909 4047 has
940 3993 1389 4048 consuetudines
1430 3994 1780 4065 dignitatum
1814 4013 1848 4050 a
1879 3998 2047 4067 papia
2085 4003 2143 4053 et

505 4083 742 4137 deutero
764 4082 1085 4149 aequalibus
1115 4083 1380 4153 partibus
1402 4083 1579 4139 dividi
1607 4091 1812 4153 printer
1840 4092 2144 4142 consuetu-

504 4171 668 4227 dines
699 4169 1165 4242 chrysotriclinii,
1197 4188 1340 4241 quas
1366 4172 1570 4242 papias
1593 4172 1699 4227 soli
1723 4172 1832 4228 sibi
1866 4180 2139 4233 reservat.

505 4258 965 4316 Consuetudines
1013 4264 1226 4326 autem,
1260 4274 1385 4328 quae
1418 4275 1520 4329 pro
1569 4259 1777 4315 tabulis
1807 4261 2079 4318 eburneis
2109 4278 2145 4320 ο,

507 4345 822 4415 magistris,
856 4361 891 4400 a
921 4345 1266 4415 primiceriis
1299 4351 1355 4400 et
1394 4363 1427 4400 a
1456 4347 1829 4404 cubiculariis
1878 4352 2142 4421 pendun-

504 4437 620 4498 tur,
652 4432 762 4486 soli
792 4434 1004 4488 cedunt
1046 4435 1322 4503 deutero;
1357 4440 1526 4505 prout
1570 4438 1869 4509 superiora
1916 4440 2141 4497 docent.

2248 3284 2397 3355 τάξιν
2442 3303 2502 3337 τε
2545 3282 2636 3338 καὶ
2698 3285 2881 3338 στάσιν
2935 3288 3044 3340 τῶν
3102 3284 3480 3359 ἐκτιθεμένων
3511 3272 3862 3352 ἀξιωμάτων,ἧ

2252 3370 2439 3434 ἄλλως
2471 3392 2589 3434 πως
2621 3372 2822 3435 ταύτας
2855 3375 3231 3449 μετερχέσθω,
3284 3375 3442 3444 πλὴν
3492 3377 3597 3427 τῶν
3632 3366 3860 3441 κληρικῶν

2250 3462 2340 3516 καὶ
2386 3456 2574 3534 μόνον.
2627 3463 2794 3519 Οὗτοι
2842 3463 2946 3538 γὰρ
2998 3461 3151 3538 λόγῳ
3205 3465 3371 3538 μόνῳ
3422 3457 3755 3537 μετέρχονται
3790 3451 3863 3510 τᾶς

2253 3549 2423 3621 ἀξίας.
2459 3551 2522 3607 Ἡ
2555 3547 2613 3605 δὲ
2642 3555 2751 3606 τῶν
2781 3553 3296 3625 πρωτοσπαθαρίων
3348 3553 3470 3623 ἀξία
3507 3550 3590 3605 διὰ
3621 3543 3858 3622 βασιλικῆς

2251 3640 2438 3717 χειρὸς
2495 3640 2628 3712 μετὰ
2676 3639 3059 3716 ἑπιριπταρίου
3110 3641 3414 3716 βασιλικοῦ
3463 3632 3856 3717 ἐπισυγκλείεται.

2252 3727 2464 3792 Ταύτας
2506 3726 2564 3782 δὲ
2609 3728 2704 3790 τὰς
2754 3730 3124 3803 συναγομένας
3172 3729 3466 3802 συνηθείας
3514 3728 3617 3782 τῶν
3664 3716 3853 3791 ἀξίωμά·

2250 3837 2357 3872 των
2407 3816 2552 3891 παρὰ
2597 3820 2695 3871 τοῦ
2743 3816 2948 3871 παπίου
2996 3819 3083 3873 καὶ
3137 3822 3239 3873 τοῖ’)
3292 3816 3544 3893 δευτέρου
3596 3808 3849 3888 negites“!

2250 3906 2436 3966 αὐτοῖς
2483 3905 2568 3959 ἐπ’
2614 3903 2733 3974 ἴσης
2780 3905 2827 3940 ⁸⁷
2876 3907 3000 3961 ἄνευ
3043 3913 3142 3975 τῆς
3185 3906 3480 3977 συνηθείας
3504 3907 3595 3959 τυῦ
3613 3911 3850 3979 xitum?“

2249 3993 2457 4061 κλίνου,
2490 3994 2573 4047 ’ὁτι
2610 3998 2931 4069 μονομερῶς
2977 3999 3075 4049 τοῦ
3122 3996 3299 4051 παπία
3351 3994 3482 4051 ἔστί.
3528 3995 3637 4049 Τῶν
3666 3985 3714 4041 δὲ
3737 3981 3847 4069 πλαξ

2249 4086 2360 4136 κῶν
2411 4085 2498 4137 καὶ
2550 4087 2658 4137 τῶν
2710 4082 3019 4159 μαγίστρων
3064 4085 3153 4139 καὶ
3218 4091 3331 4141 τῶν
3398 4075 3739 4159 πριμικηρίων
3777 4068 3844 4123 καῖ

2249 4176 2357 4227 τῶν
2432 4155 2922 4245 κουϐικουλαρίων
2973 4180 3299 4248 μονομερῶς
3365 4155 3618 4246 λαμϐάνει
3678 4155 3840 4218 αὖτᾶὅ

2254 4257 2524 4336 δεύτερος,
2568 4262 2751 4325 καθὼς
2786 4261 3035 4336 ἀνωτέρω
3084 4260 3392 4339 διαγορεύει
3443 4264 3538 4336 (2).
3575 4259 3674 4314 Τοῦ
3707 4249 3754 4305 δὲ
3780 4266 3839 4299 τι·

2256 4348 2384 4422 μίου
2428 4354 2660 4425 σταυροῦ
2701 4355 2782 4422 τῷ
2830 4350 3129 4425 Αὐγούστῳ
3165 4354 3297 4426 μηνί
3328 4351 3595 4425 ἐξέρχεται
3621 4344 3688 4417 (3)
3715 4340 3835 4426 ὁπξ·

2251 4438 2401 4505 πίας,
2431 4439 2522 4493 καὶ
2571 4439 2625 4493 εἷ’
2665 4461 2719 4494 τι
2765 4438 2825 4495 ἂν
2871 4442 3194 4513 ἐπισυνάξει,
3241 4440 3360 4518 ἔχει
3409 4439 3557 4507 αὐτὰ,
3603 4433 3679 4489 κειὶ

506 4519 571 4574 In
605 4519 749 4574 l‘esto
771 4519 1152 4577 Exaltationis
1185 4527 1399 4578 sanctis
1429 4524 1619 4580 crucis
1647 4507 1850 4581 mense
1881 4531 2138 4599 Auguste

2254 4530 2362 4580 τῶν
2395 4522 2614 4580 δίδωσιν
2645 4526 2737 4580 καὶ
2767 4532 2846 4599 τῷ
2877 4507 3116 4604 δευτέρορ
3160 4507 3327 4605 μέρος
3371 4550 3443 4585 τι.
3477 4523 3543 4581 Ei
3576 4518 3627 4576 δί
3654 4515 3712 4572 δι’
3736 4507 3833 4567 ἆδυ·

508 4605 623 4664 exit
643 4606 799 4679 [cum
821 4623 990 4663 cruce
1019 4609 1257 4680 obitque
1290 4611 1563 4678 palatium
1588 4614 1886 4685 eturbem]
1920 4617 2141 4687 papias,

509 4700 567 4753 et
591 4693 878 4767 quidquid
901 4693 1215 4765 collegerit,
1235 4696 1404 4751 habet
1419 4695 1550 4763 sibi,
1566 4704 1725 4769 parte
1741 4705 1934 4757 tamen
1951 4703 2147 4775 aliqua

508 4785 745 4842 deutero
777 4782 1029 4841 indulta.
1053 4782 1113 4838 Si
1132 4799 1267 4840 vero
1289 4788 1393 4841 aut
1416 4786 1636 4844 morbis
1658 4793 1762 4845 aut
1791 4789 1921 4847 aliis
1952 4793 2144 4850 causis

2251 4614 2448 4687 ναμίαν
2496 4613 2602 4670 εἴτε
2648 4616 2801 4669 νόσον
2848 4616 2950 4672 οὐκ
3002 4615 3275 4692 ἐξέρχεται
3306 4620 3335 4674 ὁ
3367 4605 3830 4692 παπίας,ἒεέρχεται

2254 4704 2282 4757 δ
2315 4701 2583 4778 δεύτερος,
2625 4704 2713 4757 καὶ
2751 4703 2804 4759 εἷ’
2841 4725 2896 4760 τι
2947 4704 3006 4760 ἂν
3055 4705 3372 4779 ἐπισυνάξει,
3424 4701 3703 4780 μερίζονται
3725 4684 3827 4780 «in?

2254 4793 2283 4846 δ
2320 4813 2381 4848 τε
2416 4771 2617 4854 παπίας
2644 4793 2734 4847 καὶ
2774 4794 2803 4848 ὁ
2853 4790 3099 4871 δεύτερος
3145 4796 3196 4867 ἐξ
3418 4771 3625 4865 ίΕπὲχει
3652 4784 3717 4858 (4)
3740 4771 3826 4831 δὲδ

1860 4915 2103 4972 VARI/E
2144 4917 2444 4974 LECTION
2451 4919 2552 4975 ES.

572 4997 617 5034 ³⁷
647 4994 872 5072 ἐφίσσης
902 4997 1028 5053 cod.
1061 5003 1114 5053 et
1145 4996 1235 5054 ed.

1490 5111 1693 5173 JOAN.
1731 5117 1874 5173 JAC.
1918 5118 2173 5177 REISKII
2212 5119 2805 5179 COMMENTARIUS.

576 5202 663 5279 (2)_
687 5202 902 5279 Nempe
932 5201 959 5255 ὁ
989 5198 1328 5279 διαγρρΔεύων.
1370 5202 1457 5259 vel
1511 5213 1730 5279 auctor.
1784 5207 1975 5279 Possit
2006 5227 2153 5279 quo-

508 5269 905 5355 (ιυαὰνωτὲῥεο
939 5291 1041 5355 pro
1068 5269 1135 5327 τὰ
1153 5269 1418 5349 ’ἀνωτέρω
1464 5277 1666 5347 accipi,
1700 5269 2154 5348 quemadmodum

506 5345 796 5411 superiora
815 5345 1054 5399 edicunt.

579 5416 656 5483 (3)
708 5415 1007 5483 Antehac
1057 5417 1293 5471 verbum
1342 5418 1569 5473 videtur
1600 5419 1674 5475 ob
1705 5418 2151 5477 similitudinem

511 5482 800 5563 excidisse
840 5482 1218 5563 ἐξερχομένου.
1254 5488 1416 5543 Conf.
1449 5507 1506 5561 p.
1538 5493 1661 5545 311.
1696 5492 1770 5546 Μ.
1805 5498 1995 5546 tamen
2029 5494 2153 5547 edi-

510 5554 590 5606 tis
662 5553 792 5608 lura
824 5553 1205 5612 non’nabent.

584 5570 660 5695 (ὃ
708 5622 867 5680 Verti
915 5629 1098 5694 curat,
1130 5628 1186 5682 id

584 5621 660 5695 (4)
708 5622 867 5680 Verti
915 5629 1098 5694 curat,
1130 5628 1186 5682 id
1221 5630 1310 5682 est
1338 5627 1513 5687 habet
1557 5632 1982 5705 inspectionem
2029 5638 2149 5692 tam

2270 5212 2596 5281 hominum,
2649 5218 2707 5269 ut
2753 5212 3166 5286 diaatariorum,
3212 5197 3806 5286 candelaptarumtgtﬁ-Av

2266 5302 2438 5354 quam
2473 5274 2662 5340 rerum
2698 5300 2808 5339 non
2839 5274 3244 5356 animataru'm,
3278 5295 3338 5343 ut
3366 5274 3488 5356 olei,
3518 5292 3618 5351 quo
3646 5274 3807 5356 uellit}?

2260 5334 2662 5410 mmmam
2677 5334 3347 5423 ισῖέέῆιιῑί;ῖςῑε“ιῖε·δεεῑι’.
3368 5334 3601 5427 saxa,
3626 5334 3806 5427 ME:

2260 5427 2514 5498 eminere
2545 5444 2720 5495 super
2757 5405 3033 5498 aliquem,
3066 5405 3383 5498 imminere,
3411 5405 3799 5498 ἱυνῖξείίειιρζξξξξ

2260 5496 2415 5574 ὕει’-εΔ
2424 5512 2552 5574 Δσου
2563 5475 2701 5574 lein
2740 5515 2803 5552 su
2814 5475 2913 5574 puter
2922 5475 2947 5483 ⁷
2958 5475 3142 5571 ἦ)ἐῖ
3151 5475 3465 5574 ἷῶἓέἐὲςὸῗ
3482 5475 3802 5574 ’Ἰτμμιγέίςξθ

2258 5582 2315 5637 p.
2347 5567 2453 5619 572
2482 5583 2656 5622 naves
2686 5560 3258 5628 Lacedaemoniorum
3279 5560 3800 5637 navibusAtticis‘E'

2259 5620 2498 5703 stantes.
2530 5620 2717 5710 vigili
2733 5620 3794 5714 neuio—observantes:vneielaberentnr,

3983 2352 3985 2391 1

3972 2562 3985 2661 ,Γ
