4080 6300
278 358 435 420 1337

1119 366 1221 427 DE
1265 367 1715 430 CERIMONIIS
1758 367 1993 428 AUL/E
2034 367 2508 429 BYZANTlN/E
2551 367 2698 429 LIB.
2746 364 2824 426 II.

3514 368 3668 432 i338

275 490 484 554 παπίας
512 495 608 551 τᾶς
639 489 692 561 ἒξ
723 489 1030 565 ἑϐδομάδας
1059 497 1140 566 (5)
1173 498 1299 558 τοὺς
1345 495 1676 573 διαιταρίους
1727 497 1818 553 καὶ
1857 497 1919 553 τὸ

2032 498 2349 572 impeditus
2398 503 2650 571 nequeat
2717 500 2770 569 [θ
2824 497 3040 570 palatio
3079 514 3214 556 cum
3270 499 3460 572 cruce]
3515 499 3672 555 exire

281 575 467 636 ἔλαιον
533 585 642 635 τῶν
686 588 945 656 καμαρῶν
989 588 1090 638 τοῦ
1151 586 1606 659 χρυσοτρικλίνου
1662 588 1753 642 σὺν
1813 592 1917 642 τῶν

277 666 690 738 κανδηλαπτῶν.
724 671 798 724 Τὸ
859 668 914 725 δὲ
953 667 1142 727 ἔλαιον
1195 678 1292 728 τοῦ
1348 673 1772 746 πολυκανὸήλου
1822 680 1919 730 τοῦ

276 759 411 812 κατὰ
457 759 520 813 τὸ
572 757 733 830 μέσον
779 759 1124 835 κρεμαμένου
1171 766 1268 817 τοῦ
1325 763 1781 838 χρυσοτρικλίνου
1830 765 1920 818 καὶ

278 852 386 903 τῶν
416 847 626 902 λοιπῶν
661 846 1097 922 πολυκανδήλων
1135 852 1222 906 καὶ
1272 852 1506 926 ψιαθίων
1557 856 1656 926 (6),
1705 852 1922 927 ἐπικρα-

272 942 456 994 τοῦσιν
499 939 637 994 αὐτὰ
685 940 842 994 αὐτοὶ
901 941 952 994 οἱ
1000 940 1403 1012 κανδηλάπται.
1454 943 1678 1018 Ἐπὲχει
1732 941 1788 997 δὲ
1834 943 1922 997 καὶ

275 1026 403 1090 τοὺς
436 1025 670 1088 λούστας
699 1028 949 1092 καὶτοὺς
996 1029 1314 1105 καμηνάδας
1359 1033 1449 1088 καὶ
1503 1033 1634 1095 τοὺς
1683 1029 1924 1100 κανθηλ-

274 1115 445 1177 άπτας
473 1120 568 1171 τοῦ
603 1115 897 1173 λαυσιακοῢ
935 1119 1025 1174 καὶ
1076 1125 1173 1176 τοῦ
1237 1119 1618 1178 Ἰουστινιανδῦ
1660 1119 1750 1176 καὶ
1794 1120 1921 1181 τοὺς

273 1203 599 1280 ὡρολόγους
628 1209 720 1260 καί
756 1208 884 1271 τοὺς
915 1204 1148 1283 ζαράϐας
1180 1213 1278 1283 (7),
1320 1211 1412 1265 καὶ
1459 1210 1606 1271 ὅστις
1644 1209 1696 1282 ἐξ
1747 1208 1921 1264 αὐτῶν

273 1291 467 1368 λείψῃ,
495 1289 612 1368 ἔχει
644 1293 883 1365 ἐξουσίαν
929 1305 1106 1352 ποιεῖν
1154 1299 1598 1370 ἀννισηκοῦντας,
1646 1300 1736 1354 καὶ
1785 1297 1925 1372 λαμ-

273 1379 420 1438 ϐάνει
451 1405 502 1441 ν.
543 1386 592 1459 ρ’
625 1387 700 1457 (8)
733 1389 1018 1457 συνήθειαν
1050 1385 1244 1458 αὒτῶν,
1279 1390 1355 1452 εἰς
1390 1391 1484 1462 μὲν
1514 1391 1640 1452 τοὺς
1664 1410 1926 1463 πριμικη-

276 1473 421 1549 ρίους
461 1475 545 1541 ιϐ’,
578 1475 673 1528 καὶ
727 1475 803 1537 εἷς
854 1475 982 1538 τοὺς
1035 1474 1367 1553 διαιταρίους
1415 1480 1504 1534 καὶ
1551 1477 1782 1540 λοιποὺς
1834 1479 1929 1533 ἀνᾶ

271 1583 320 1620 ν.
345 1563 410 1628 ς’,
439 1558 726 1636 λαμϐάνοι)
739 1585 790 1618 σι
816 1561 872 1619 δὲ
900 1565 990 1620 καὶ
1014 1567 1066 1620 οἱ
1087 1570 1441 1642 πριμικήριοι
1465 1591 1513 1624 ν.
1537 1569 1602 1639 α’,
1627 1568 1716 1622 καὶ
1739 1569 1766 1623 ὁ
1791 1568 1924 1630 λαὸς

274 1652 333 1707 ι’.
367 1652 591 1726 Ἐπὲχει
623 1649 681 1708 δὲ
710 1655 800 1712 καὶ
833 1655 860 1708 ὁ
894 1651 1138 1731 δεύτερος
1167 1657 1235 1712 τά
1263 1657 1456 1713 σελλία
1485 1657 1574 1712 καὶ
1604 1657 1733 1719 τοὺς
1781 1655 1926 1711 διαι-

275 1739 502 1815 ταρίους
530 1741 620 1795 καὶ
649 1742 741 1797 τὸν
773 1746 1132 1818 πριμικήριον
1179 1745 1353 1801 αὐτῶν
1391 1748 1480 1802 καὶ
1527 1748 1594 1802 τὰ
1644 1747 1924 1820 στέμματα

2029 590 2249 660 papias,
2281 590 2397 645 exit
2437 591 2733 659 deuterus,
2773 593 2831 644 et
2862 589 3148 660 quidquid
3187 589 3357 660 stipis
3386 587 3523 644 inde
3551 588 3670 643 col-

2029 677 2251 750 legerit,
2282 679 2338 734 id
2375 679 2708 750 partiuntur
2738 679 3054 750 aequaliter,
3087 679 3211 748 ipse
3248 683 3422 750 atque
3446 675 3668 748 papias.

2027 765 2211 823 Habet
2233 775 2427 823 autem
2460 769 2664 839 papias
2688 767 2795 822 sub
2827 767 3195 838 inspectione
3239 783 3348 822 sua
3377 766 3668 821 dimtarios

2029 870 2131 924 per
2151 872 2252 911 sex
2277 857 2498 928 [magni
2526 856 2764 927 jejunii]
2794 857 3156 927 septimanas
3191 880 3205 923 ;
3237 861 3294 911 et
3324 853 3516 910 oleum
3547 853 3666 910 for-

2031 943 2226 1000 nicum
2260 945 2709 1017 chrysotriclinii
2763 951 2820 1002 et
2873 945 3245 1001 candelarum
3306 961 3666 1001 accensores.

2030 1030 2233 1087 Oleum
2263 1050 2398 1091 vero
2430 1033 2702 1090 multiﬁdi
2743 1033 3098 1106 candelabri,
3158 1035 3311 1106 quod
3369 1034 3426 1089 in
3477 1034 3669 1090 medio

2031 1120 2473 1192 chrysotriclino
2501 1139 2852 1194 suspensum
2883 1129 2993 1192 est,
3033 1130 3084 1180 et
3117 1123 3472 1194 reliquorum
3505 1121 3670 1194 poly-

2031 1211 2928 1282 candelorum,ipsicandelaptaa
2959 1213 3283 1270 sufﬁciunt.
3315 1213 3471 1270 420
3493 1213 3672 1269 Curat

2031 1300 2202 1356 etiam
2239 1299 2619 1370 balneatores,
2679 1305 2735 1355 et
2791 1301 3156 1357 caminorum
3213 1301 3578 1368 calfactores,
3617 1305 3676 1356 et

2033 1388 2409 1461 candelaptas
2441 1389 2686 1445 lausiaci
2708 1393 2882 1460 atque
2901 1389 3246 1454 Justiniani,
3276 1391 3411 1445 item
3446 1389 3674 1446 horolo-

2032 1494 2138 1550 gos
2168 1484 2223 1533 et
2252 1480 2513 1534 zarabas.
2548 1478 2828 1549 Quisquis
2853 1495 3052 1532 eorum
3115 1493 3354 1533 munere
3412 1480 3678 1536 decesse-

2033 1567 2130 1630 rit,
2159 1567 2332 1623 habet
2388 1568 2735 1640 praapositus
2794 1573 3136 1638 potestatem
3172 1584 3371 1624 eorum
3396 1568 3452 1624 in
3485 1569 3678 1624 locum

2033 1655 2176 1712 alios
2205 1655 2612 1726 subslituendi,
2663 1661 2720 1712 et
2765 1657 2979 1728 accipit
3007 1658 3080 1711 ab
3112 1657 3259 1728 ipsis
3299 1662 3518 1712 certum
3572 1674 3678 1728 pe-

2033 1746 2217 1801 cuniis
2251 1762 2560 1802 numerum
2591 1746 2649 1801 in
2673 1747 3161 1802 consuetudinem
3197 1763 3211 1813 ;
3246 1763 3280 1802 a
3327 1746 3677 1818 primiceriis

275 1829 367 1884 καὶ
397 1831 492 1891 τὰς
535 1828 765 1899 ἐσθῆτας
794 1837 902 1887 τῶν
941 1834 1209 1908 βασιλέων
1236 1835 1326 1889 καὶ
1354 1836 1421 1890 τὰ
1452 1834 1599 1909 βῆλα
1650 1839 1747 1890 τοῦ
1793 1854 1922 1910 χρυ·

472 1916 491 1938 Χ
516 1918 526 1938 1
742 1921 754 1937 \
879 1919 891 1936 ἱ
995 1921 1009 1938 1
1065 1922 1079 1938 \
1171 1928 1197 1938 ω
1297 1924 1309 1938 9
1325 1923 1340 1938 \
1361 1923 1379 1938 κ
1437 1923 1478 1938 nl
1727 1923 1741 1938 ι
1869 1922 1881 1938 \

2037 1850 2246 1907 nempe
2302 1851 2573 1891 nummos
2630 1835 2717 1902 19,
2768 1839 2828 1891 et
2882 1852 2916 1891 a
2973 1833 3244 1905 singuliis
3289 1835 3561 1890 diastariis
3619 1840 3677 1891 et

278 1916 626 1989 σοτρικλίνου
671 1921 758 1974 καὶ
810 1919 938 1982 τοὺς
991 1921 1080 1976 ἰπὶ
1131 1928 1241 1978 τῶν
1286 1923 1605 1996 ἀλλαξίμων
1654 1923 1744 1978 καὶ
1800 1922 1928 1981 τοὺς

283 2007 614 2083 βεστήτορας
673 2008 767 2063 σὺν
820 2011 930 2065 τῶν
988 2013 1368 2087 πριμικηρίων
1444 2012 1620 2067 αὐτῶν
1700 2012 1789 2068 καὶ
1867 2012 1934 2067 τά

282 2097 448 2166 σκεύη
479 2101 587 2151 τῶν
617 2097 939 2171 ἀξιωμάτων
991 2101 1064 2172 (9)
1112 2099 1200 2156 καὶ
1248 2101 1374 2162 τοὺς
1421 2101 1510 2155 ἐπὶ
1549 2107 1658 2156 τῶν
1692 2099 1935 2173 ἆξιωμά·

278 2205 387 2239 των
416 2187 551 2256 (10),
595 2183 646 2240 οἵ
676 2185 763 2240 καὶ
820 2189 1144 2264 συνάγουσιν
1195 2191 1264 2244 τὰ
1305 2189 1586 2262 ἀξιώματα
1635 2189 1782 2264 παρᾶ
1821 2194 1928 2244 τῶν

284 2269 678 2347 λαμϐανόντων
709 2275 803 2338 τὰς
844 2276 1015 2346 ἀξίας.
1063 2280 1166 2334 Καὶ
1216 2279 1363 2340 ’ὀστις
1415 2278 1464 2352 ἐξ
1515 2280 1692 2333 αὐτῶν
1741 2277 1927 2354 hic“,

277 2363 370 2418 ἰνα
412 2363 641 2439 παρέχει
700 2365 728 2419 ὁ
792 2363 1013 2438 μέλλων
1072 2366 1311 2440 γίνεσθαι
1364 2367 1459 2428 τὰς
1518 2368 1796 2436 συνηθείας
1851 2371 1930 2438 τῷ

283 2449 540 2526 δευτέρῳ,
593 2453 772 2517 καθὼς
815 2455 905 2509 καὶ
937 2456 965 2510 ὁ
995 2456 1199 2518 παπίας
1253 2451 1538 2529 λαμϐάνει.
1589 2457 1684 2518 Εἰς
1731 2454 1788 2512 δὲ
1832 2458 1930 2520 τὰς

284 2541 632 2617 προελεύσεις
662 2544 751 2598 ἳνα
782 2545 1100 2621 συνάγονται
1132 2549 1183 2600 oi.
1217 2549 1543 2622 βεστήτορες
1581 2548 1669 2602 οιαὶ
1703 2550 1754 2602 οἱ
1800 2567 1929 2623 πρι-

289 2634 537 2706 μικήριοι
579 2633 799 2704 πάντες,
845 2635 936 2688 καί
999 2636 1356 2710 βαστάζουσιν
1386 2637 1452 2692 τὰ
1496 2635 1782 2713 κορνίοιλια
1833 2639 1923 2691 συν

279 2726 396 2780 τοῖς
428 2718 744 2793 στέμμασιν.
778 2723 1107 2799 Συνάγεσθαι
1150 2721 1209 2778 δὲ
1248 2723 1376 2788 τοὺς
1413 2725 1734 2802 ἀμφοτέρων
1785 2722 1926 2779 διαι-

281 2808 496 2881 ταρίους
555 2810 644 2864 καὶ
705 2811 988 2886 βαστάζειν
1047 2813 1124 2874 εἰς
1188 2817 1284 2876 τὰς
1336 2812 1682 2890 προελεύσεις
1732 2814 1799 2869 τά
1842 2834 1930 2869 τοι·

283 2893 412 2952 ϐλία
459 2901 572 2971 (11)
619 2900 685 2954 τὰ
731 2900 990 2975 βασιλικὰ
1047 2902 1182 2974 μετᾶ
1229 2907 1335 2958 τῶν
1388 2901 1727 2976 ἀλλαξίμων.
1771 2905 1930 2960 Ἀκο-

283 2986 498 3042 λουθεῖν
527 2985 584 3043 δὲ
613 2987 689 3052 εἷς
720 2990 816 3052 τὰς
847 2989 1194 3068 προελεύσεις
1224 2993 1353 3056 τοὺς
1401 2992 1606 3068 ῥάπτας
1653 2991 1781 3054 τοὺς
1832 2993 1928 3067 βα-

281 3075 526 3139 σιλικοὺς
558 3078 648 3131 καὶ
677 3078 806 3142 τοὺς
836 3077 1353 3156 χρυσοκλαϐαρίους
1401 3083 1491 3138 καὶ
1545 3081 1673 3144 τοὺς
1723 3102 1931 3159 χρυσο-

276 3171 438 3240 χοῦς,
476 3167 828 3240 βαστάζοντες
859 3169 948 3223 καὶ
987 3169 1138 3226 αὐτοὶ
1185 3171 1383 3236 σπαθία
1427 3171 1493 3226 τὰ
1544 3170 1801 3248 βασιλικὰ
1847 3171 1924 3234 εἰς

2037 1923 2275 1994 reliquis
2304 1940 2476 1980 senos
2506 1940 2803 1980 nummos.
2828 1924 3137 1996 Accipiunt
3167 1924 3342 1980 etiam
3356 1923 3672 1995 primicerii

2037 2029 2220 2068 unum
2243 2018 2300 2068 et
2330 2013 2586 2085 populus
2615 2030 2718 2069 seu
2750 2022 2954 2069 caetera
2983 2014 3174 2069 turba.
3230 2014 3295 2068 In
3337 2013 3672 2069 universum

2035 2103 2312 2158 deuterus
2341 2107 2506 2158 curat
2535 2102 2796 2174 regitque
2825 2100 2996 2156 sellas
3016 2101 3370 2157 seuthronos
3399 2099 3676 2172 imperia-

2035 2189 2138 2256 les,
2171 2195 2229 2246 et
2257 2190 2543 2246 diaetarios
2575 2195 2631 2245 et
2661 2188 3336 2262 primiceriumipsorum
3363 2206 3376 2257 ;
3411 2193 3466 2245 et
3495 2197 3676 2244 stem-

2035 2284 2189 2334 mata
2220 2294 2324 2336 seu
2357 2279 2874 2346 infulas,etvestes
2904 2277 3258 2348 imperiales,
3283 2283 3343 2333 et
3370 2277 3492 2333 vela
3512 2278 3676 2347 chry-

2033 2366 2549 2439 sotriclinii,etqui
2573 2385 2607 2421 a
2640 2367 2966 2422 mutatoriis
2991 2370 3155 2431 sunt,
3188 2370 3246 2421 et
3265 2366 3676 2422 vestitoreseo-

2033 2472 2282 2528 rumque
2339 2455 2722 2527 primicerius,
2783 2462 2842 2511 et
2889 2463 3075 2511 vestes
3134 2456 3486 2512 axiomatum
3544 2456 3673 2526 [seu

2031 2545 2245 2614 quibus
2275 2560 2478 2600 recens
2501 2543 2770 2600 honorati
2800 2543 3239 2614 investiuntur,J
3289 2549 3346 2599 et
3402 2559 3522 2610 eos,
3571 2543 3674 2614 qui

2030 2645 2166 2695 sunt
2197 2637 2269 2692 ab
2301 2635 2707 2701 axiomatibus,
2764 2635 2864 2705 qui
2895 2649 3106 2705 nempe
3142 2634 3384 2705 exigunt
3438 2637 3498 2689 et
3552 2633 3674 2689 col-

2030 2729 2249 2783 lectant
2277 2725 2563 2781 axiomata
2592 2723 2681 2780 vel
2715 2723 3173 2779 consuetudines
3211 2739 3316 2794 pro
3365 2721 3529 2778 novis
3583 2722 3676 2776 di-

2031 2815 2352 2887 gnitatibus
2383 2813 2454 2868 ab
2486 2813 2783 2868 honoratis
2824 2813 3069 2867 dandas.
3123 2811 3404 2883 Quisquis
3463 2811 3673 2866 horum

2034 2915 2274 2956 munere
2305 2914 2414 2954 suo
2435 2897 2771 2966 decesserit,
2831 2896 2889 2951 in
2939 2897 3064 2967 ejus
3112 2894 3305 2951 locum
3337 2893 3674 2951 sufﬁciendi

2033 2989 2212 3045 alium
2272 2986 2516 3043 facultas
2557 2990 2645 3042 est
2702 2986 2959 3050 deutero,
3015 2984 3300 3055 debetque
3353 2984 3466 3054 ipsi
3523 3000 3673 3040 novo

2032 3093 2272 3136 munere
2285 3076 2630 3132 mactandus
2644 3076 3029 3142 tantumdem,
3049 3079 3328 3144 quantum
3344 3073 3516 3129 modo
3527 3074 3672 3128 dice-

2033 3169 2241 3224 hamus
2272 3167 2452 3240 papiaa
2479 3164 2690 3220 deberi.
2728 3162 2792 3218 In
2814 3161 3288 3234 processionibus
3318 3162 3376 3216 id
3406 3178 3557 3218 curas
3587 3167 3675 3219 est

398 3235 568 3322 Mira:
614 3253 788 3308 αὐτῶν
837 3257 972 3328 (12).
1030 3259 1132 3314 Καὶ
1185 3255 1484 3331 λαμϐάνειν
1536 3235 1731 3323 αὐτοὺς
1777 3259 1922 3334 παρὰ

2035 3235 2295 3322 deutero,
2319 3235 2386 3312 ut
2405 3262 2604 3311 coeant
2635 3254 2936 3310 vestitores
2965 3255 3023 3307 et
3079 3249 3392 3322 primicerii
3445 3266 3670 3319 omnes,

271 3345 369 3395 τοῦ
405 3336 684 3414 βαρϐάρου
715 3344 829 3414 (13)
879 3349 1151 3416 μαϊουμᾶν
1203 3347 1279 3407 εἷς
1329 3348 1395 3400 τὰ
1433 3347 1724 3418 πρόκενσα.
1776 3356 1925 3420 Λαμ-

270 3424 447 3484 ϐάνειν
477 3429 534 3484 δὲ
562 3429 652 3483 καὶ
682 3429 846 3498 ξύλον
874 3431 966 3490 τὸν
1012 3431 1218 3487 παπίαν
1259 3437 1328 3506 τῇ
1379 3429 1648 3506 ἔϐδομάδι
1703 3435 1751 3469 ⁸⁸
1798 3436 1924 3489 πισ-

2033 3357 2088 3404 et
2112 3349 2302 3403 ferant
2331 3343 2608 3401 corniclia
2637 3359 2738 3398 seu
2785 3340 3057 3414 capsulas
3110 3339 3202 3396 vel
3269 3339 3506 3412 pyxides
3535 3355 3671 3395 cum

2034 3433 2264 3490 coronis
2293 3433 2454 3488 intus
2485 3430 2755 3502 repositis
2788 3447 2800 3497 ;
2833 3430 2973 3486 item
3027 3432 3094 3484 ut
3147 3432 3352 3485 coeant
3407 3428 3671 3484 omnium

1637 3531 1881 3587 νΑΗΙιΕ
1919 3529 2307 3587 LECTIONES

341 3615 390 3652 ⁸⁸
415 3619 484 3689 τῇ
516 3609 795 3687 ἑϐδομάδα
821 3619 947 3676 cod.
981 3622 1039 3676 et
1067 3619 1158 3675 ed.

1351 3717 1554 3774 JOAN.
1593 3717 1742 3774 JAC.
1787 3719 2048 3775 REISKII
2085 3715 2667 3774 COMMENTARIUS.

276 3819 572 3894 ἐπεχουσας
618 3817 896 3894 appellat.
958 3814 1400 3894 [linc_inf_erius
1449 3815 1645 3894 p._423
1675 3816 1922 3894 legimus

279 3885 584 3962 epi's'copos
614 3885 1002 3962 ἐτὶέχομένους,
1031 3885 1128 3962 qui
1159 3887 1270 3942 sub
1303 3885 1665 3962 inspectioqe
1694 3885 1920 3962 archie-

281 3957 503 4033 piscOpi
551 3971 650 4019 aut
699 3957 1128 4033 metropolitani
1177 3962 1334 4033 sunt.
1379 3957 1546 4033 Apud
1596 3958 1918 4033 Cedrenum

278 4023 335 4105 ξ).
380 4023 486 4089 547
541 4035 762 4105 όὶοἰιυιξ
797 4023 1165 4105 philosophia
1216 4023 1446 4105 πάντων
1493 4023 1721 4103 ἔποχος,
1765 4032 1918 4105 quod

280 4103 469 4176 potest
510 4106 658 4161 verti
686 4103 845 4159 rebus
875 4103 1131 4176 omnibus
1159 4103 1400 4155 exaltz'or
1439 4107 1494 4156 et
1526 4106 1690 4176 rebus
1730 4103 1919 4176 eruni-

277 4172 374 4231 bus
395 4177 720 4245 inuigilans,
762 4178 1059 4245 imperans,
1107 4172 1264 4245 leges
1313 4172 1707 4245 prmscribens.
1739 4173 1921 4228 Valde

279 4241 606 4303 luculentus
630 4241 714 4301 est
735 4241 898 4300 locus
921 4241 1182 4315 Procopii
1207 4241 1518 4315 Vandalirl.
1547 4245 1592 4311 Ι,
1617 4261 1672 4315 p.
1702 4245 1804 4298 102
1825 4245 1917 4300 ed.

277 4319 547 4385 Hoesch.,
581 4318 683 4374 ubi
715 4331 959 4372 narrans
987 4315 1059 4368 de
1087 4313 1398 4368 insolentia
1425 4313 1818 4371 Vandalorum
1865 4323 1920 4372 et

277 4391 628 4446 Arianorum
681 4404 830 4458 erga
864 4386 1138 4458 ecclesias
1169 4391 1228 4458 et_
1269 4385 1605 4458 sacerdotes
1633 4388 1919 4458 orthodo-

277 4477 508 4531 xorum,
549 4459 675 4519 τοὺς
725 4450 922 4531 ἱέρέας,
969 4454 1060 4531 οὖς
1107 4451 1166 4531 ἂν
1213 4450 1457 4531 λάϐοιεν2
1493 4454 1803 4531 -ἐρῥάπιζόν
1861 4477 1919 4511 τε

277 4530 367 4583 καὶ
425 4525 697 4598 ξαῖνοντες
745 4525 883 4582 κατὰ
936 4530 1034 4598 τ-οὖ
1088 4525 1264 4598 νώτου
1323 4525 1607 4598 «ollae-,1
1629 4528 1915 4598 ὑπηρετεῖν

280 4668 648 4743 ἐτὶιστέλλειν]
694 4673 800 4743 τῶν
830 4668 1050 4743 οἰκετων
1093 4668 1566 4741 τοῖξάτιμοτάτοις
1617 4668 1914 4734 εἰώθεισαὴ

279 4745 410 4800 Pari
457 4737 654 4815 modo:
679 4742 883 4815 dicunt
936 4737 1142 4815 ἐνέχειν
1180 4737 1563 4815 procurare,
1612 4743 1917 4811 invigilare

279 4815 451 4870 alicui
484 4814 586 4880 rei,
637 4811 803 4887 ἐνοχή
855 4809 1134 4887 inspectio,
1179 4809 1923 4887 ἔνοχοςμίιιδρεειογνρνέεια-

277 4891 428 4953 ctus;
457 4903 520 4957 v.
545 4887 631 4941 Du
663 4883 852 4957 Gange
883 4899 941 4937 ν.
972 4884 1174 4957 ᾼρχῳν
1225 4883 1330 4934 τῶν
1360 4883 1602 4957 Epit-rw,
1655 4883 1750 4940 ubi
1779 4883 1920 4957 legi-

281 4966 372 5013 tur
396 4951 421 5011 ε’
445 4956 473 5009 ὁ
502 4955 658 5029 ’ὲχιον
688 4951 1032 5029 τὴνίένοχὴν
1056 4951 1164 5005 τῶν
1196 4951 1592 5029 νεοφωτίστωνζ

347 5029 427 5098 (5)
451 5026 615 5083 Forte
636 5026 1038 5098 intelliguntur
1060 5040 1158 5080 sex
1179 5026 1520 5095 septimanae
1540 5027 1690 5096 quad
1701 5026 1918 5098 regesi-

277 5101 448 5154 malis
471 5098 707 5162 jejunii.

345 5113 448 5241 alii;
471 5113 754 5241 iii'iiifo'q'bi
779 5161 1023 5241 qiaBiovA
1049 5169 1138 5241 est
1178 5170 1388 5233 storea,
1415 5175 1708 5241 _1_nauadcl
1757 5168 1918 5241 iunco

269 5236 454 5312 pléxd.
488 5245 625 5308 Quae
656 5236 805 5311 quid
846 5239 956 5312 huc
1001 5237 1178 5292 faciat
1222 5253 1336 5312 non
1375 5238 1560 5295 video.
1611 5236 1915 5310 Καμινάδες

271 5310 501 5384 quoque
549 5310 690 5384 sunt
734 5310 967 5384 camini,
1014 5325 1127 5363 non
1176 5310 1914 5384 caminorumjalfaclores;

273 5379 366 5454 atq
380 5379 434 5454 ui
468 5383 574 5438 hos
597 5383 821 5454 videtur
845 5379 952 5454 loci
978 5381 1496 5454 nexus‘requirere.
1523 5382 1583 5436 F.
1608 5379 1803 5437 tamen
1826 5401 1916 5436 κα-

277 5447 496 5526 μινάδες
527 5455 610 5509 sic
641 5452 780 5509 dicti
815 5456 878 5506 ut
911 5447 1237 5526 βαλαντάδες
1263 5447 1477 5526 μιιοδ,
1515 5454 1619 5526 ubi
1647 5454 1794 5509 vide.

343 5526 420 5593 (7)
454 5526 823 5580 Barbaricnm
861 5521 989 5578 esse
1030 5521 1139 5596 hoc
1181 5523 1554 5591 vocabulum,
1584 5523 1912 5596 liquet;ad

273 5611 445 5664 quam
478 5612 609 5651 vero
642 5597 928 5650 nationem
965 5594 1268 5664 pertineat,
1319 5609 1434 5648 non
1481 5594 1910 5652 novifArabica

273 5665 475 5737 lingua
495 5665 639 5721 nihil
661 5666 754 5722 hic
784 5664 1076 5720 commodi
1099 5671 1352 5735 praestat.
1374 5667 1473 5720 Est
1493 5667 1730 5737 quidem
1761 5667 1820 5722 in
1841 5684 1911 5724 ea

273 5735 500 5801 Zarrab,
531 5751 812 5811 percussor
857 5737 1124 5805 pulsator,
1158 5741 1216 5811 et
1263 5741 1458 5811 posset
1505 5735 1642 5809 ergo
1673 5740 1745 5794 de
1772 5739 1906 5811 pul-

278 5813 468 5865 satore
522 5804 619 5860 τοῦ
659 5804 974 5879 σημάντρου
1021 5820 1126 5862 seu
1172 5804 1316 5876 ligni
1366 5807 1536 5864 horas
1572 5804 1818 5878 precum
1851 5813 1908 5865 et

279 4571 367 4583 η...
454 4571 696 4589 mw”-..
747 4571 883 4582 η...-
947 4571 1033 4580 --ν
1099 4571 1262 4580 .--ην
1329 4571 1542 4588 mm.-.
1629 4571 1721 4582 ν...
1782 4571 1912 4582 -.-η

279 4571 463 4681 σφισιν
507 4599 777 4681 ἐκέλευον,
827 4598 926 4681 ὅσα
956 4593 1023 4681 δέ)
1083 4596 1296 4681 ἐπέχειν
1341 4571 1568 4681 [ἑφθοί
1595 4571 1917 4681 ἒπςιτάιῗττειν,
1953 4571 1997 4635 D

2031 3818 2349 3888 conventus
2395 3813 2483 3888 in,
2500 3811 2812 3888 ecclesiam
2864 3812 3177 3888 indicantis
3208 3816 3414 3888 accipi.
3449 3814 3661 3888 Verum

2029 3889 2259 3961 videtur
2291 3886 2399 3961 hoc
2429 3884 2780 3961 officiumad
2802 3883 2927 3961 τους
2951 3885 3267 3961 ὡρολόγους
3292 3883 3658 3961 pertinuisse,

2029 3976 2063 4014 a
2093 3957 2310 4030 quibus
2340 3956 2659 4030 hi_Zara‘bae
2682 3955 2891 4012 diversi
2918 3955 3336 4030 nominantur;
3367 3964 3424 4014 et
3451 3958 3664 4014 Zarrab

2031 4026 2145 4084 non
2179 4028 2236 4083 in
2269 4028 2460 4103 specie
2485 4026 2838 4099 pulsatorem
2870 4029 3004 4086 talis
3028 4031 3188 4103 ligni,
3221 4032 3322 4086 sed
3355 4032 3435 4085 rei
3467 4033 3661 4098 cujus-

2028 4116 2260 4171 cunque
2282 4100 2550 4174 _tandem,
2571 4104 2634 4152 ut
2650 4114 2941 4156 cursorem
2965 4100 3231 4170 monetae,
3262 4117 3662 4174 percussorem

2029 4172 2315 4242 tympani,
2350 4175 2486 4238 etc.,
2520 4174 2697 4224 notat.

2099 4239 2178 4314 (8)
2211 4242 2622 4315 Quidsibihic
2652 4239 2762 4296 loci
2795 4241 2933 4297 velit
2965 4243 3075 4300 hoc
3095 4243 3661 4315 compendium,non

2027 4312 2260 4382 exputo.
2284 4313 2440 4368 Solet
2462 4312 2608 4367 alias
2628 4315 3004 4370 centenarium
3029 4331 3130 4371 seu
3156 4312 3411 4372 massam
3430 4320 3667 4370 centum

2027 4386 2150 4441 auri
2199 4386 2481 4457 librarum
2530 4385 2892 4457 significare;
2925 4389 3076 4457 quod
3127 4393 3322 4443 tamen
3385 4387 3496 4442 huc
3545 4403 3664 4442 non

2029 4458 2335 4527 quadrare,
2373 4455 2524 4510 ultro
2557 4462 2727 4526 patet.
2749 4455 3057 4514 Miliaresia
3086 4461 3144 4514 in
3179 4457 3404 4515 Latinis
3437 4459 3664 4514 substi-

2029 4529 2114 4582 tui
2158 4545 2226 4582 ex
2255 4528 2611 4594 conjectura.

2101 4601 2178 4668 (9)
2209 4597 2475 4672 Supellex
2503 4597 2854 4672 axiomatum
2899 4605 3042 4656 sunt
3096 4617 3147 4657 ο.
3195 4617 3244 4657 ο.
3277 4601 3452 4672 γίνεαι
3482 4616 3667 4656 aurea

2027 4671 2404 4726 ostiariorum
2462 4674 2519 4724 et
2575 4669 3054 4740 silentiariorum,
3086 4672 3340 4728 codicilli
3369 4669 3427 4728 ἐι
3454 4673 3666 4729 tabulis

2026 4742 2295 4797 eburneae
2326 4741 2724 4813 patriciorum,
2767 4746 3000 4813 torques
3032 4745 3499 4813 candidatorum,
3555 4749 3664 4799 etc.

2101 4810 2382 4882 (10(Hinc
2415 4816 2476 4866 ut
2505 4828 2571 4866 ex
2593 4811 2690 4867 illo
2723 4810 2977 4884 proxime
3012 4819 3293 4886 sequente
3335 4834 3362 4867 ο
3389 4810 3507 4867 ’ίκαὶ
3540 4832 3667 4866 συν-

2047 4883 2212 4922 ῧνηηηι
2288 4901 2352 4922 φη
2424 4880 2700 4922 ἆῖηίηιηφη
2777 4883 2882 4922 nio}.
2959 4889 3068 4922 «Em
3125 4883 3512 4922 ληηηηυιζυφοηυ
3568 4882 3667 4922 unin-

2032 4883 2218 4955 άγουσι
2288 4901 2355 4936 τα
2424 4883 2703 4953 ἀξιώματα
2730 4883 2737 4884 ί
2777 4883 2882 4938 ἀπὸ
2959 4889 3068 4940 τῶν
3096 4883 3512 4956 “λαμοανόντων
3568 4883 3667 4946 τὰς

2027 4953 2177 5024 ἀξίας
2209 4959 2468 5026 apparet,
2500 4952 2780 5024 ἀξιώματα
2810 4957 2902 5013 hic
2931 4964 3132 5015 notare
3170 4959 3346 5025 idem,
3377 4957 3532 5026 quod
3566 4972 3666 5010 no-

2027 5031 2155 5083 tant
2184 5025 2259 5078 αι
2290 5025 2599 5094 συνήθειαι,
2656 5029 3132 5100 consuetudines,
3181 5033 3328 5084 taxa
3375 5025 3663 5084 solvendas

2028 5115 2130 5168 pro
2171 5113 2319 5168 novo
2359 5113 2622 5168 munere.

2096 5170 2210 5238 (11)
2240 5167 2364 5223 Non
2386 5167 2479 5224 hic
2510 5168 2583 5225 do
2612 5169 2806 5226 tabliis
2833 5187 2936 5226 seu
2969 5172 3261 5241 praatextis
3291 5169 3664 5227 vestimento-

2025 5255 2153 5295 rum
2185 5241 2582 5310 cogitandum,
2603 5241 2702 5295 sed
2737 5247 2872 5296 sunt
2900 5243 3111 5298 tabulas
3142 5243 3226 5299 vel
3257 5258 3403 5302 areae
3445 5243 3664 5310 vestia-

2022 5312 2133 5385 ria),
2154 5309 2348 5378 vastae,
2369 5311 2734 5385 latrator-mas
2767 5314 3084 5382 quadralaa,
3117 5330 3249 5370 cum
3281 5315 3347 5371 τὰ
3375 5309 3661 5385 κορνίκλια

2021 5383 2138 5439 sint
2165 5385 2398 5454 pyxides
2430 5382 2778 5454 cylindricas.

2088 5451 2359 5533 (i‘ZiNon
2379 5451 2536 5533 enim
2569 5453 2743 5533 nudis
2772 5451 3004 5533 gladiis,
3039 5456 3236 5533 sedhin
3273 5459 3490 5533 Vagina
3513 5475 3660 5533 con-

2019 5524 2158 5599 ditis
2186 5525 2454 5580 astabant
2515 5529 2870 5599 protectores
2909 5527 3276 5599 principibus
3308 5524 3385 5586 ef
3409 5531 3659 5588 archon-

2020 5598 2202 5674 tibus,
2243 5601 2326 5674 _ut
2359 5594 3022 5674 extemplqmemorabili
3072 5594 3448 5674 Aitrdeschiris
3502 5605 3657 5674 apud

2017 5668 2358 5746 Erocopium
2411 5665 2698 5723 Vandalic.
2733 5669 2775 5721 Ι.
2815 5685 2875 5736 n,
2921 5671 3029 5726 sub
3061 5671 3258 5737 finem,
3304 5691 3362 5746 p.
3411 5665 3654 5740 162,'ed.

2015 5737 2305 5795 Hmschel.

2087 5809 2200 5879 (l3)
2231 5808 2372 5872 Quis
2403 5809 2497 5865 hic
2538 5809 2615 5865 sit
2655 5809 2941 5882 barbarus,
2971 5813 3152 5873 fateor
3199 5832 3294 5874 me
3323 5816 3569 5876 nescire.
3600 5818 3658 5873 Si
