4088 6300
336 379 490 441 1339
1398 365 1928 432 CONSTANTINI
1975 371 1991 429 l

2104 366 2677 430 {PHYROGENITI
3575 360 3738 422 13ιο

322 513 695 586 [palatiorum
714 510 878 584 puta]
909 506 1173 571 diaetarii,
1201 509 1258 560 et
1285 509 1490 576 gerant
1511 505 1569 560 in
1586 503 1972 576 processioni-

2104 523 2182 556 ταν
2235 501 2382 574 μίαν,
2432 501 2522 558 καὶ
2567 502 2659 556 τὸν
2703 497 2948 573 δεύτερον
2990 495 3182 552 πίσσαν
3238 496 3389 568 μίαν,
3439 499 3620 551 Ταῦτα
3670 494 3730 551 δὲ

326 585 440 660 bus
469 603 702 660 tabulas
731 598 1135 672 imperialibus
1168 593 1496 650 mutatoriis
1527 597 1800 659 onustas;
1835 593 1971 648 item

2104 593 2256 646 πάντα
2313 591 2695 669 φυλάττεσθαι,
2755 589 3037 664 τηρεῖσθαί
3111 607 3169 642 τε
3235 586 3325 641 καὶ
3401 585 3736 659 πράττεσθαι

325 701 386 749 ut
442 671 842 766 processiones
886 690 1210 757 sequantur
1257 688 1491 739 sutores
1533 681 1864 754 imperiales
1919 685 1976 737 et

2104 681 2500 756 ἱπαρασάλευτα
2556 681 2648 736 καὶ
2699 677 2969 751 διαμένειν
3025 671 3237 752 βέϐαια,
3292 676 3473 740 καθὼς
3505 679 3540 745 ἡ
3577 675 3740 732 εὐσε-

326 763 750 839 auroclavarios
780 781 835 834 et
864 775 1207 831 aurifabros.
1261 772 1534 827 Ofﬁcium
1568 787 1803 842 quoque
1831 772 1974 826 deu-

2104 763 2189 837 ἷής
2225 770 2314 824 καὶ
2364 767 2542 834 ἔνθεος
2605 766 2854 842 βασιλεία
2911 768 3071 835 ἡμῶν
3130 763 3359 835 ἐξέθετο,
3415 766 3491 827 ὡς
3539 766 3629 819 καὶ
3684 765 3737 836 ἐξ

327 877 585 927 terorum
619 873 728 936 est,
764 874 821 921 ut
851 864 1087 936 spathae
1109 861 1439 932 imperiales
1470 861 1691 932 vaginis
1726 861 1845 916 suis
1884 876 1975 917 re-

2104 859 2330 934 ἱρχαίων
2360 866 2468 916 τῶν
2513 860 2732 939 χρόνων
2781 857 2927 934 παρᾶ
2966 862 3076 912 τῶν
3116 857 3221 931 πρὸ
3274 858 3434 928 ἡμῶν
3495 852 3736 919 εὐσεϐῶς

326 959 592 1016 conditas
622 958 853 1028 gerant,
881 958 938 1009 et
968 970 1000 1008 a
1031 951 1279 1008 barbaro
1303 951 1431 1022 [seu
1468 949 1766 1022 capitaneo
1798 950 1975 1004 hetae-

2104 948 2528 1005 Ξασιλελσάντων
2558 947 2782 1009 δικαίως
2823 946 3057 1020 ἐξετέθη.

326 1049 447 1119 riae]
479 1048 796 1118 majumam
829 1044 1066 1101 nomine
1097 1041 1536 1115 processionum
1594 1040 1901 1110 accipiant.
1960 1040 2134 1096 Debet
2192 1042 2360 1098 etiam
2391 1042 2593 1114 papias
2643 1041 2869 1113 lignum
2902 1041 2961 1095 in
2995 1039 3322 1111 septimana
3351 1038 3473 1095 vice
3534 1055 3647 1094 una
3679 1041 3737 1094 et

321 1139 592 1195 deuterus
623 1152 852 1208 quoque
873 1135 994 1191 vice
1027 1133 1438 1204 unaaccipere.
1472 1131 1601 1187 Haec
1646 1131 1839 1186 omnia
1895 1132 2201 1198 custodiri,
2237 1133 2530 1188 observari
2580 1136 2637 1188 et
2693 1131 2891 1203 peragi
2941 1135 3188 1202 oportet,
3249 1146 3438 1203 neque
3487 1129 3729 1196 turbari,

323 1229 424 1284 sed
459 1228 624 1283 firma
642 1232 701 1282 et
723 1226 964 1281 immota
992 1239 1249 1293 manere,
1281 1221 1774 1293 quemadmodum
1807 1220 1901 1292 pia
1933 1224 1989 1276 et
2015 1221 2132 1277 Deo
2165 1222 2335 1293 plena
2375 1223 2654 1294 majestas
2714 1227 2913 1277 nostra
2960 1220 3283 1284 constituit,
3334 1221 3586 1292 itemque
3633 1236 3736 1273 an-

325 1315 511 1388 tiquis
541 1315 905 1386 temporibus
926 1313 1026 1383 qui
1058 1315 1191 1366 ante
1223 1327 1328 1366 nos
1360 1310 1452 1381 pie
1473 1313 1813 1380 regnarunt,
1849 1325 1964 1381 qua
2003 1326 2109 1380 par
2137 1317 2277 1378 erat,
2310 1311 2671 1367 ordinarunt.

434 1407 506 1461 De
525 1404 889 1477 dignitatibus
908 1476 915 1477 ί
935 1419 1068 1475 quas
1106 1400 1346 1457 eunuchi
1375 1401 1488 1456 solo
1518 1399 1868 1472 imperatori:

2104 1399 2238 1454 Ὀσαι
2297 1397 2386 1454 διὰ
2447 1397 2735 1474 βασιλικοῦ
2803 1398 2974 1477 λόγου
3057 1399 3443 1475 προσγίνονται
3516 1396 3735 1459 τούτοις

828 1476 1002 1532 edicto
1050 1481 1476 1544 consequuntur.

400 1567 615 1623 Novem
647 1565 880 1638 proprie
911 1568 969 1619 et
997 1565 1193 1618 stricte
1241 1565 1382 1617 sunt
1419 1559 1566 1616 tales
1623 1559 1972 1632 dignitates:

328 1657 549 1712 domini
609 1668 1152 1726 paracoemomenus
1199 1665 1302 1705 seu
1361 1649 1703 1714 accubitor;
1749 1647 1972 1704 domini

326 1742 832 1816 protovestiarius;
867 1741 1170 1811 praefectus
1202 1753 1417 1793 mensm
1463 1737 1687 1793 domini
1721 1755 1734 1804 ;
1770 1737 1973 1807 prefe-

2829 1471 2992 1530 ἀξίαι.

2157 1561 2226 1617 Αἱ
2257 1558 2313 1614 δὲ
2347 1559 2503 1635 λόγῳ
2551 1519 2973 1635 προσγινόμέναι
3024 1561 3241 1622 τούτοις
3292 1561 3436 1630 ἀξίαι
3491 1557 3594 1614 εἶσὶ
3643 1558 3734 1612 καὶ

2084 1649 2238 1702 αὗται
2293 1649 2388 1703 τὸν
2445 1650 2677 1723 ἀριθμὸν
2753 1650 2954 1722 κυρίως
3034 1651 3096 1703 θ’·
3157 1649 3185 1702 6
3241 1649 3738 1722 παρακοιμώμενος

2082 1741 2179 1791 τοῦ
2237 1734 2528 1795 δεσπότου.
2590 1739 2617 1791 6
2675 1734 3174 1812 πρωτοϐεστιάριος
3212 1742 3310 1792 τοῦ
3370 1734 3656 1806 δεσπότου,
3707 1737 3736 1790 6

326 1840 455 1888 ctus
487 1847 700 1886 mensae
722 1827 1140 1899 imperatricis;
1161 1825 1784 1898 papiasmagnipalatii
1813 1827 1982 1892 ;deu-

2104 1825 2179 1880 ιπὶ
2200 1832 2304 1894 τῆς
2348 1825 2622 1900 τραπέζης
2659 1830 2756 1881 τοῦ
2807 1825 3092 1894 δεσπότου,
3125 1828 3154 1880 6
3184 1825 3273 1881 ἐπὶ
3317 1832 3419 1894 τῆς
3465 1827 3736 1901 τραπέζης

330 1926 484 1976 terus
541 1919 738 1990 magni
797 1916 1032 1988 palatii;
1099 1916 1376 1987 pincerna
1422 1920 1741 1987 Augustae;
1776 1915 1977 1986 papias

335 2024 668 2080 magnauraa
717 2011 774 2063 et
823 2007 1023 2079 papias
1071 2005 1367 2078 Daphnes.
1419 2010 1669 2061 Possunt
1700 2006 1979 2061 tamenin

331 2097 669 2152 universum
693 2095 1280 2166 eunuchidignitates
1302 2110 1507 2151 omnes
1529 2095 1810 2166 obtinere,
1835 2112 1980 2166 quas

327 2186 577 2254 barbati,
612 2191 820 2256 preter
844 2184 1078 2257 eparcbi
1114 2201 1216 2241 seu
1252 2184 1504 2254 praefecti
1538 2183 1704 2240 urbis
1734 2187 1791 2238 et
1821 2199 1984 2254 quaa—

329 2274 501 2332 storis
535 2278 594 2332 et
628 2274 1086 2332 domesticorum
1109 2273 1446 2346 dignitates.

933 2543 1081 2599 421
1111 2543 1295 2613 Caput
1315 2540 1388 2596 ΙΙ.

420 2635 530 2689 Has
556 2633 734 2705 igitur
757 2647 964 2689 omnes
1009 2631 1321 2702 dignitates
1373 2629 1679 2701 utriusque
1735 2628 1985 2700 generis,

343 2726 466 2777 tam
499 2737 560 2776 re
587 2725 643 2777 et
659 2719 1017 2777 solemnibus
1046 2731 1180 2774 cum
1213 2717 1592 2785 caeremoniis,
1607 2734 1778 2788 quam
1791 2717 1987 2773 verbis

342 2811 652 2867 attributas
711 2826 844 2866 cum
894 2808 1237 2864 studeamus
1283 2807 1562 2862 distincto
1595 2807 1987 2879 perpicuoque

343 2903 679 2955 etaccurato
697 2914 965 2955 sermone
982 2895 1271 2970 persequi,
1295 2911 1531 2968 mquum
1557 2912 1669 2952 non
1687 2899 1984 2968 putamus,

342 3005 375 3044 ο
399 2990 591 3059 amici,
625 3005 759 3048 cum
793 2987 969 3043 dictis
997 2986 1322 3042 tractationi
1343 2985 1516 3040 linem
1541 2985 1862 3056 imponere,
1886 2985 1988 3040 sed

346 3080 542 3151 potius
576 3095 819 3135 necesse
869 3077 1117 3141 videtur,
1168 3079 1254 3142 ut,
1309 3076 1490 3144 (quod
1537 3075 1782 3130 maxime
1818 3073 1986 3129 nobis

339 3169 739 3239 indagandum
759 3171 816 3220 et
845 3163 1265 3219 declarandum
1297 3167 1441 3230 erat,
1473 3166 1531 3218 et
1579 3179 1682 3217 vos
1713 3179 1747 3216 a
1777 3178 1870 3217 me
1892 3179 1985 3217 ro-

339 3255 567 3328 gastis),
601 3253 830 3325 plenam
854 3251 1129 3306 omnibus
1162 3251 1418 3306 numeris
1449 3250 1857 3321 perhibeamus
1886 3267 1984 3306 ex-

340 3343 691 3416 positionem
706 3342 774 3397 de
796 3339 1276 3412 praesessionibus
1289 3344 1345 3394 et
1372 3339 1770 3410 precedentiis
1784 3340 1923 3395 haru
1934 3356 1987 3396 m

343 3433 720 3502 dignitatum.
756 3430 1068 3502 Propterea
1088 3428 1387 3500 repetituri
1418 3433 1701 3500 tanquam
1728 3429 1786 3484 in
1829 3445 1990 3484 reca-

345 3521 690 3594 pitulatione
715 3520 838 3590 jam
853 3519 1137 3574 dictarum
1157 3519 1510 3590 dignitatum
1529 3519 1788 3585 nomina,
1822 3519 1989 3575 dabi-

344 3627 474 3666 mus
505 3627 660 3665 nunc
689 3624 949 3682 operam,
981 3609 1342 3679 utcujusque
1359 3608 1623 3664 ordinem
1645 3612 1701 3664 et
1731 3610 1991 3681 appella-

344 3699 557 3755 tionem
576 3703 632 3754 et
671 3698 965 3770 propriam
1014 3697 1211 3752 sedem
1262 3695 1564 3768 perspicue
1620 3697 1988 3769 breviterque

348 3793 628 3860 tanquam
658 3787 718 3841 in
749 3801 972 3843 canone
1003 3786 1251 3857 quodam
1285 3791 1387 3840 aut
1415 3784 1694 3841 laterculo
1727 3787 1989 3842 declare--

345 3895 501 3935 mus.
533 3877 766 3949 Oportet
798 3877 952 3933 enim
985 3875 1347 3942 artoclinam,
1371 3876 1533 3946 cujus
1554 3884 1640 3931 est
1671 3878 1989 3949 dignitates

345 3969 417 4024 ad
450 3983 674 4023 sacram
695 3982 961 4022 mensam
985 3981 1320 4021 assessuras
1351 3965 1502 4021 intro
1533 3982 1760 4035 vocare,
1792 3983 1990 4024 omnes

343 4075 441 4115 eas
473 4059 650 4132 probe
685 4074 881 4127 nosse,
913 4071 1332 4128 sacrorumque
1373 4054 1762 4128 imperialium
1794 4059 1987 4113 convi-

342 4148 566 4204 viorum
597 4147 973 4205 cmremonias
1011 4151 1068 4202 et
1117 4146 1497 4202 directionem
1544 4146 1778 4216 gemino
1819 4147 1990 4202 modo

2089 1921 2188 1984 τῆς
2222 1916 2567 1989 Αὐγούστης.
2603 1917 2630 1970 6
2661 1917 2867 1977 παπίας
2918 1920 3015 1970 τοῦ
3069 1917 3314 1989 μεγάλου
3363 1915 3658 1985 παλατίου,
3709 1915 3737 1969 ὁ

2091 2001 2339 2079 δεύτερος
2399 2009 2497 2059 τοῦ
2557 2004 2802 2081 μεγάλου
2847 2004 3136 2071 παλατίου,
3189 2005 3216 2058 6
3273 2002 3591 2079 ἐπιγκὲρνης
3641 2007 3739 2058 τοῦ

2092 2090 2378 2164 δεσπότου,
2413 2095 2441 2147 6
2481 2096 2776 2168 πιγκέρνης
2823 2101 2921 2164 τῆς
2969 2092 3303 2169 Αὖγούστης,
3336 2094 3364 2148 6
3394 2095 3600 2154 παπίας
3640 2099 3740 2162 τῆς

2096 2183 2426 2257 μανναύρας,
2461 2184 2488 2237 ὁ
2519 2182 2722 2244 παπίας
2769 2189 2870 2252 τῆς
2914 2184 3150 2260 Δάφνης.
3185 2181 3330 2237 ἀλλὰ
3385 2184 3493 2255 μὴν
3543 2182 3636 2236 καὶ
3683 2184 3740 2238 αἱ

2093 2270 2259 2327 ἄλλαι
2290 2275 2479 2340 πᾶσαι,
2511 2271 2630 2326 ὅσαι
2674 2272 2765 2326 καὶ
2812 2276 2930 2333 τοῖς
2983 2265 3280 2346 βαρϐάτοις
3328 2271 3740 2348 προσγίνονται,

2092 2360 2241 2430 πλὴν
2272 2369 2372 2432 τῆς
2411 2366 2508 2417 τοῦ
2557 2361 2808 2439 ἐπάρχου
2859 2361 2948 2416 καὶ
2993 2362 3299 2435 κυέστωρος
3344 2361 3433 2416 καὶ
3484 2358 3743 2435 δομεστί-

2095 2471 2206 2505 κων
2249 2450 2422 2521 ἀξίας·

2775 2541 2958 2613 Τόμος
3002 2542 3062 2597 Β.

2165 2627 2370 2688 Ταύτας
2402 2626 2496 2682 οὖν
2528 2629 2739 2691 ἁπάσας
2767 2630 2864 2690 τὰς
2895 2624 3035 2706 ἔργῳ
3082 2630 3168 2684 καὶ
3225 2627 3380 2705 λόγῳ
3424 2631 3536 2703 (14)
3592 2626 3744 2685 διδο-

2101 2719 2261 2791 μένας
2334 2717 2488 2786 ἀξίας
2545 2723 2702 2796 σαφεῖ
2756 2719 2846 2772 καὶ
2921 2714 3139 2794 ἀκριϐεῖ
3196 2717 3346 2793 λόγῳ
3401 2725 3746 2792 παραστῆσαι

2097 2803 2520 2878 σπουδάσαντες,
2552 2807 2620 2864 οὐ
2653 2804 2864 2862 δίκαιον
2897 2806 3203 2882 ἐκρίναμεν,
3250 2808 3294 2861 ὦ
3344 2807 3523 2884 φίλοι,
3581 2807 3748 2883 μέχρι

2097 2896 2304 2952 τούτων
2330 2899 2670 2951 καταπαῦσαι
2711 2897 2803 2950 τὸν
2851 2893 3042 2970 λόγον,
3093 2895 3240 2952 ἀλλὰ
3291 2897 3406 2970 καὶ,
3447 2896 3478 2952 ὅ
3510 2897 3759 2970 μάλιστα

2101 2988 2226 3060 ὑμῖν
2288 2981 2581 3056 ζητητέον,
2638 2991 2739 3054 τῆς
2797 2984 2919 3058 περὶ
2967 2990 3076 3040 τῶν
3132 2983 3408 3050 καθεδλῶν
3468 2981 3750 3061 ἀκριϐείας

2097 3077 2439 3148 καθάψασθαι
2505 3074 2595 3128 καὶ
2658 3075 2758 3142 τὴν
2825 3074 3071 3129 ὑπόθεσιν
3137 3075 3214 3137 εῗς
3271 3075 3452 3151 ζπέρας
3523 3074 3746 3151 ἀγάγαι,

2096 3165 2235 3218 καθᾶ
2264 3163 2615 3237 ἐξῃτήσασθε.
2672 3163 2766 3216 Καὶ
2830 3165 2933 3239 γὰρ
2991 3163 3159 3219 πάλιν
3215 3164 3288 3227 ὡς
3346 3163 3428 3220 ἐπ’
3473 3163 3748 3238 ἀναλήψει

2095 3258 2214 3314 ταῖς
2284 3251 2595 3327 λεχθείσαις
2662 3251 2893 3314 ἀπάσαις
2953 3254 3296 3328 χρησάμενοι
3351 3255 3454 3323 τὴν
3515 3252 3746 3324 ἑκάστης

2099 3341 2248 3410 τάξιν
2293 3341 2383 3395 καὶ
2431 3341 2632 3408 κλῆσιν
2697 3340 2787 3395 καὶ
2847 3339 3049 3395 οἰκείαν
3107 3339 3366 3416 καθέδραν
3428 3341 3750 3417 σαφέστερον

2104 3430 2230 3502 ὑμῖν
2287 3436 2580 3498 κανονῆσαι
2642 3429 2991 3506 έπήχθημεν.
3041 3435 3132 3484 Δεῖ
3179 3429 3282 3506 γὰρ
3329 3430 3423 3485 τὸν
3479 3429 3746 3486 καλέοντα

2103 3517 2418 3593 ἂρτικλίνην
2476 3519 2673 3580 ταύτας
2726 3520 2821 3591 μὲν
2871 3520 3078 3582 ἁπάσας
3123 3515 3363 3593 ἀκριϐῶς
3402 3517 3621 3587 εἰδέναι,
3674 3521 3751 3583 ὡς

2103 3603 2466 3685 ἔφαμεν,’καὶ
2515 3609 2616 3676 τήν
2672 3611 2780 3662 τῶν
2839 3608 3000 3683 ἱερῶν
3059 3607 3358 3684 βασιλικῶν
3412 3610 3744 3684 κλητωρίων

2102 3698 2424 3753 κατάστασιν
2485 3694 2678 3757 διττῶς
2737 3699 3006 3752 ποιεῖσθαι
3059 3699 3134 3758 εἰς
3191 3699 3480 3771 κόσμησιν,
3530 3700 3619 3752 καὶ
3667 3704 3749 3771 τῷ

2107 3789 2200 3861 μὲν
2231 3786 2381 3862 λόγῳ
2411 3789 2513 3857 τήν
2543 3786 2742 3851 κλῆσιν
2781 3793 2884 3857 τῆς
2934 3788 3160 3842 ἑκάστου
3210 3787 3360 3860 ἀξίας
3410 3788 3612 3852 οἰκείας
3660 3787 3754 3844 ἒκ-

2103 3878 2304 3953 φέρειν,
2335 3879 2404 3949 τῇ
2438 3873 2495 3930 δὲ
2544 3872 2689 3945 δεξιᾷ
2745 3877 2890 3951 χειρὶ
2953 3873 3042 3930 διὰ
3089 3880 3186 3930 τοῦ
3235 3878 3524 3951 σχήματος
3579 3898 3752 3952 προσ-

2103 3963 2362 4020 δεικνιίειν
2391 3965 2484 4018 τὸν
2534 3965 2730 4037 ἑκάστῃ
2776 3965 3087 4038 ἁρμόζοντα
3132 3965 3326 4032 τόπον,
3375 3967 3464 4019 καί
3510 3967 3602 4021 τὸν
3653 3967 3752 4037 μὲν

2100 4053 2497 4128 πρωτόκλητον
2532 4054 2693 4130 φίλον
2723 4053 2862 4128 πρὸς
2909 4055 2971 4109 τὸ
3022 4055 3304 4127 εὐώνυμον
3351 4057 3751 4128 προτρέπεσθαι

2107 4147 2268 4220 μέρος
2301 4147 2434 4217 (15),
2466 4145 2616 4207 ’ὁπως
2649 4145 2682 4214 ἡ
2717 4151 2818 4214 τῆς
2866 4143 3157 4220 βασιλικῆς
3205 4144 3355 4215 ἀξίας
3403 4149 3517 4220 (16)
3563 4143 3755 4201 ἒπίδο-

1400 4235 1594 4290 ΙΟΑΝ.
1636 4236 1777 4292 JAC.
1823 4236 2082 4293 REISKII
2123 4238 2696 4292 COMMENTARIUS.

348 4329 617 4402 analogia
631 4329 726 4385 hic
739 4329 962 4385 obtinet
980 4326 1390 4402 vocabulorum
1414 4325 1472 4380 in
1506 4331 1700 4402 nostro
1724 4327 1995 4402 frequen-

345 4398 840 4463 tiumfhicanatus
878 4400 1183 4464 excubilus,
1223 4405 1358 4454 etc..
1397 4414 1498 4469 pro
1531 4398 1800 4470 praefecto
1835 4399 1994 4454 hica-

347 4478 638 4534 natorum,
660 4473 1088 4536 excubitorum,
1121 4470 1401 4526 barbarus
1426 4470 1518 4525 hic
1549 4470 1661 4525 erit
1693 4472 1995 4540 priel'ectus

349 4543 732 4598 barbarorum
794 4560 890 4598 seu
945 4543 1211 4598 hetaerias.
1248 4546 1555 4614 Nunquam
1605 4546 1804 4598 tamen
1852 4541 1997 4598 alias

347 4613 407 4669 in
442 4619 642 4668 nostro
672 4614 870 4668 codice
895 4615 978 4669 sic
1001 4615 1351 4684 appellatur.

420 4685 532 4756 (14)
557 4685 750 4739 Potest
798 4683 920 4740 haec
961 4683 1136 4739 dictio
1194 4683 1526 4756 significare
1574 4688 1630 4738 et
1675 4684 1998 4756 honoratos

347 4754 467 4812 tam
503 4754 600 4824 per
623 4755 923 4822 brabeum,
973 4771 1088 4824 qua
1128 4769 1286 4808 mero
1340 4754 1513 4808 eﬂ'ato
1569 4754 1746 4826 regio,
1796 4760 1853 4809 et
1895 4757 1999 4810 ho-

349 4833 588 4898 noratos
620 4831 740 4898 tam
771 4827 828 4880 in
862 4826 1154 4898 ipsogactu
1187 4826 1554 4898 constitutos,
1587 4843 1761 4897 quam
1793 4843 2000 4882 vacan-

343 4904 457 4967 tes,
488 4895 837 4982 ἔμπράττρυς
867 4894 958 4981 καὶ
988 4894 1316 4982 ἀπράττους.

417 4969 783 5041 (lSiSimilis
815 4969 949 5041 huic
989 4969 1152 5041 locus
1183 4977 1275 5041 est
1297 4969 1603 5041 p._55,_uhi
1651 4970 1866 5025 dicitur
1895 4986 1907 5023 :
1940 4969 2001 5024 Ὁ

344 5035 698 5115 πατρ-ιάρχην
727 5039 1007 5108 καθέζεται
1046 5037 1138 5115 ἐπὶ
1200 5035 1426 5115 σελλίου
1455 5035 1534 5108 ’ἐξ
1581 5038 1874 5115 ἀριστερᾶς
1903 5042 2002 5093 τοῦ

352 5111 647 5186 βασιλέωξ.
675 5114 832 5186 Ergo
859 5115 1023 5169 locus
1046 5112 1379 5186 honoratior
1398 5117 1524 5186 erat
1545 5111 1812 5186 sinistra.
1851 5113 2003 5186 Sane

350 5183 543 5241 adhuc
574 5183 867 5241 hodie'est
889 5185 1036 5254 apud
1063 5183 1714 5254 Turcas.Am‘madverli,
1749 5185 1829 5238 ait
1859 5184 1999 5238 Bus-

350 5257 578 5325 bekius,
621 5275 678 5329 p.
701 5258 790 5324 48,
821 5253 969 5328 apud
1008 5271 1116 5329 eos
1145 5254 1454 5329 digniorem
1484 5253 1675 5329 haberi
1723 5255 1897 5308 locum
1927 5255 2001 5308 si-

347 5325 759 5400 nistrumfnisi
806 5325 943 5400 quid
962 5328 1117 5382 aliud
1147 5327 1405 5394 obstaret,
1465 5325 1607 5400 quod
1637 5341 1756 5379 eam
1785 5330 2005 5400 partem

343 5399 572 5469 gladius
593 5397 839 5471 honestet
869 5406 920 5455 el
946 5402 1042 5471 qui
1099 5401 1167 5453 sit
1193 5402 1250 5453 ιιι
1279 5405 1439 5469 parte
1466 5398 1702 5453 dexlera
1729 5397 2003 5471 quodam-

347 5473 505 5527 modo
536 5470 785 5541 gladium
809 5469 1004 5526 habeat
1031 5473 1130 5524 sub
1143 5487 1316 5525 manu
1342 5472 1481 5539 ejus,
1513 5469 2000 5541 quisinistrumla-

349 5549 434 5596 lus
464 5540 693 5607 claudit,
727 5543 824 5598 ille
853 5558 978 5596 vero
1001 5558 1122 5596 eum
1151 5553 1318 5611 gestet
1343 5540 1578 5596 liberum
1604 5540 2005 5611 etexpcdzlum.

351 5613 768 5670 Observaverat
799 5628 1030 5684 quoque
1062 5610 1164 5667 cl.’
1194 5612 1455 5667 Leichius
1508 5614 1566 5667 in
1622 5610 2005 5684 Adversariis,

353 5689 650 5740 notaverat
682 5699 711 5738 ο
764 5683 1067 5739 memoriis
1132 5684 1485 5739 Trevoltinis
1532 5689 1684 5738 Ann.
1729 5683 1886 5736 1707.
1947 5698 2004 5750 p.

347 5756 477 5821 8'22,
521 5754 810 5810 Abbatem
858 5753 1061 5809 Batelli
1125 5754 1182 5808 id
1234 5753 1430 5810 libello
1482 5753 1672 5811 Romae
1716 5756 1785 5811 Α.
1846 5752 2006 5825 1705,

2103 4328 2259 4383 edito
2325 4328 2397 4382 de
2443 4327 2812 4399 Saroophago
2861 4343 3190 4383 marmoreo
3241 4327 3409 4383 Probi
3455 4328 3643 4383 Anicii
3693 4333 3754 4383 et

2105 4400 2303 4454 Probae
2336 4398 2834 4454 Falconiae’multa
2857 4400 3186 4468 disputasse
3202 4400 3272 4454 de
3303 4415 3462 4455 more
3493 4400 3552 4454 S.
3588 4399 3753 4454 Pauli

2026 4441 2072 4503 D
2105 4471 2422 4541 imaginem
2453 4487 2485 4524 a
2518 4471 2718 4526 dextra
2739 4475 2794 4524 et
2824 4470 2882 4524 S.
2907 4441 3055 4525 Petri
3090 4471 3376 4526 asinistra
3405 4470 3754 4540 collocandi,

2099 4547 2156 4598 et
2185 4543 2650 4597 demonstratum
2683 4541 2876 4608 ivisse,
2902 4541 3200 4598 sinistram
3219 4543 3400 4597 fuisse
3415 4543 3756 4598 honoratio-

2099 4629 2241 4669 rem.
2278 4618 2397 4685 Non
2429 4619 2620 4685 tamen
2667 4613 2823 4684 apud
2874 4612 3104 4685 Graecos
3160 4629 3390 4685 quoque
3447 4615 3752 4670 sinistram

2102 4685 2280 4740 fuisse
2301 4684 2761 4756 honoratiorem,
2814 4683 2999 4740 cvinci
3031 4683 3240 4739 idoneo
3271 4683 3612 4756 argumento
3650 4702 3754 4756 po-

2100 4761 2234 4824 test,
2267 4771 2400 4810 cum
2436 4754 3404 4827 potiusmultasint,quaedextram
3433 4756 3552 4810 illis
3574 4755 3753 4811 hahi-

2102 4836 2213 4883 tam
2241 4827 2414 4882 fuisse
2446 4825 2840 4882 honestiorem
2898 4825 3052 4882 clare
3092 4832 3401 4882 testentur.
3436 4828 3589 4882 Sane
3623 4827 3754 4881 ubi-

2101 4914 2332 4968 cunque
2353 4898 2668 4969 imperator
2699 4914 2829 4953 cum
2865 4899 3189 4968 patriarcha
3209 4898 3564 4969 procederet,
3598 4915 3757 4953 sem-

2102 4987 2202 5041 per
2232 4971 2492 5024 dextram
2544 4969 2886 5041 occupabat.
2949 4970 3109 5025 Inter
3139 4969 3500 5025 conditiones
3541 4970 3755 5040 quibus

2101 5040 2468 5097 Justinianus
2499 5043 2568 5094 M.
2629 5040 3075 5096 'l‘heodahatum
3135 5041 3195 5094 in
3230 5056 3408 5111 regno
3430 5042 3750 5096 Gothorum

2107 5113 2304 5169 Italico
2318 5111 2718 5178 conﬁrmabat,
2743 5116 2886 5181 erat,
2916 5117 3061 5167 teste
3075 5113 3348 5182 Procopio
3370 5129 3422 5181 p.
3450 5112 3573 5178 173,
3590 5112 3742 5179 init.,

2104 5191 2161 5241 et
2182 5185 2322 5251 haec,
2357 5192 2417 5238 ut
2449 5183 2828 5239 Theodahato
2869 5199 3171 5254 nunquam
3214 5188 3526 5253 poneretur
3552 5187 3745 5237 statua

2106 5256 2237 5320 soli,
2271 5257 2372 5312 sed
2407 5271 2632 5327 semper
2661 5270 2792 5327 cum
2826 5253 3180 5322 Justiniano,
3221 5259 3277 5327 et
3335 5254 3434 5308 sic.
3483 5259 3544 5307 ut
3594 5254 3740 5327 imp.

2106 5329 2392 5393 dextram,
2414 5325 2543 5397 ipse
2573 5326 2866 5380 sinistram
2901 5331 3139 5380 teneret.
3157 5325 3337 5380 Multa
3355 5330 3582 5395 possent
3598 5325 3742 5378 talia

2106 5399 2372 5479 exempla
2401 5398 2655 5479 congeri.
2688 5399 2996 5479 Sedupa'rco
3027 5399 3084 5451 in
3110 5413 3170 5451 re
3204 5398 3527 5451 manifesta.

2176 5465 2292 5539 (l6)
2349 5465 2582 5537 Accipio
2640 5486 2740 5537 pro
2784 5467 3054 5536 ἀξιώσεως
3111 5484 3372 5533 munere,
3443 5482 3557 5537 quo
3615 5465 3748 5535 quis

2106 5541 2351 5595 alterum
2411 5541 2654 5609 dignum
2705 5546 2900 5594 censet
2927 5545 2986 5595 et
3033 5542 3231 5594 donat.
3290 5539 3567 5594 Caeterum
3629 5553 3748 5592 non

2104 5611 2293 5677 video,
2325 5611 2427 5681 qui
2459 5612 2640 5681 possit
2673 5612 2869 5666 discus
2919 5611 3110 5682 epulis
3159 5616 3408 5666 onustus
3460 5609 3531 5664 ad
3589 5609 3746 5682 sini-_

2107 5687 2286 5808 :tram
2303 5679 2526 5738 sedenti
2547 5682 2914 5739 commodius
2930 5679 3108 5753 quam
3134 5683 3202 5737 ad
3227 5683 3484 5737 dextram
3518 5679 3749 5736 sedenti

2131 5769 2193 5808 ra
2238 5769 2275 5808 1.

2110 5761 2275 5811 tradi.
