  <div class='ocr_page' id='page_1' title='image "/cluster/home/n/w/nwhite01/storage/ocr_20150623/112/mdp.39015034364078/678.png"; bbox 0 0 4088 6300; ppageno 0'>
   <div class='ocr_carea' id='block_1_1' title="bbox 252 403 409 463">
    <p class='ocr_par' dir='ltr' id='par_1_1' title="bbox 252 403 409 463">
     <span class='ocr_line' id='line_1_1' title="bbox 252 403 409 463; baseline 0.006 -1"><span class='ocrx_word' id='word_1_1' title='bbox 252 403 409 463; x_wconf 72' lang='grc'><strong>1341</strong></span> 
     </span>
    </p>
   </div>
   <div class='ocr_carea' id='block_1_2' title="bbox 1100 398 2825 469">
    <p class='ocr_par' dir='ltr' id='par_1_2' title="bbox 1100 398 2825 469">
     <span class='ocr_line' id='line_1_2' title="bbox 1100 398 2825 469; baseline 0.001 -11"><span class='ocrx_word' id='word_1_2' title='bbox 1100 399 1200 462; x_wconf 90' lang='lat' dir='ltr'><strong>DE</strong></span> <span class='ocrx_word' id='word_1_3' title='bbox 1242 400 1694 466; x_wconf 76' lang='lat' dir='ltr'><strong>CERIMONIIS</strong></span> <span class='ocrx_word' id='word_1_4' title='bbox 1741 402 1986 469; x_wconf 61' lang='lat' dir='ltr'><strong>AULIE</strong></span> <span class='ocrx_word' id='word_1_5' title='bbox 2025 399 2505 464; x_wconf 66' lang='lat' dir='ltr'><strong>BYZANTINJE</strong></span> <span class='ocrx_word' id='word_1_6' title='bbox 2548 398 2696 461; x_wconf 89' lang='lat' dir='ltr'><strong>LIB.</strong></span> <span class='ocrx_word' id='word_1_7' title='bbox 2743 400 2825 460; x_wconf 89' lang='lat' dir='ltr'><strong>II.</strong></span> 
     </span>
    </p>
   </div>
   <div class='ocr_carea' id='block_1_3' title="bbox 3508 392 3662 456">
    <p class='ocr_par' dir='ltr' id='par_1_3' title="bbox 3508 392 3662 456">
     <span class='ocr_line' id='line_1_3' title="bbox 3508 392 3662 456; baseline -0.019 0"><span class='ocrx_word' id='word_1_8' title='bbox 3508 392 3662 456; x_wconf 76' lang='grc'><strong>1342</strong></span> 
     </span>
    </p>
   </div>
   <div class='ocr_carea' id='block_1_4' title="bbox 252 527 1908 613">
    <p class='ocr_par' dir='ltr' id='par_1_4' title="bbox 252 529 1906 613">
     <span class='ocr_line' id='line_1_4' title="bbox 252 529 1906 613; baseline 0.002 -25"><span class='ocrx_word' id='word_1_9' title='bbox 252 556 340 600; x_wconf 86' lang='grc' dir='ltr'><strong>σις</strong></span> <span class='ocrx_word' id='word_1_10' title='bbox 393 533 626 608; x_wconf 70' lang='grc' dir='ltr'>εὐχερής</span> <span class='ocrx_word' id='word_1_11' title='bbox 664 537 744 605; x_wconf 79' lang='grc' dir='ltr'>τῷ</span> <span class='ocrx_word' id='word_1_12' title='bbox 791 529 1177 605; x_wconf 73' lang='grc' dir='ltr'>πρωτοκλήτῳ</span> <span class='ocrx_word' id='word_1_13' title='bbox 1225 531 1447 607; x_wconf 73' lang='grc' dir='ltr'>γένηται</span> <span class='ocrx_word' id='word_1_14' title='bbox 1490 534 1659 613; x_wconf 69' lang='grc' dir='ltr'>φίλῳ,</span> <span class='ocrx_word' id='word_1_15' title='bbox 1715 539 1806 592; x_wconf 89' lang='grc' dir='ltr'>τὸν</span> <span class='ocrx_word' id='word_1_16' title='bbox 1849 535 1906 592; x_wconf 76' lang='grc' dir='ltr'><strong>δὲ</strong></span> 
     </span>
    </p>
   </div>
   <div class='ocr_carea' id='block_1_5' title="bbox 2019 527 3664 613">
    <p class='ocr_par' dir='ltr' id='par_1_5' title="bbox 2021 527 3664 605">
     <span class='ocr_line' id='line_1_5' title="bbox 2021 527 3664 605; baseline -0.005 -13"><span class='ocrx_word' id='word_1_17' title='bbox 2021 535 2461 604; x_wconf 86' lang='lat' dir='ltr'><strong>facere,scilicet</strong></span> <span class='ocrx_word' id='word_1_18' title='bbox 2490 551 2628 591; x_wconf 91' lang='lat' dir='ltr'><strong>voce</strong></span> <span class='ocrx_word' id='word_1_19' title='bbox 2657 530 2959 605; x_wconf 80' lang='lat' dir='ltr'><strong>dignitatis</strong></span> <span class='ocrx_word' id='word_1_20' title='bbox 2987 531 3202 602; x_wconf 87' lang='lat' dir='ltr'><strong>cuique</strong></span> <span class='ocrx_word' id='word_1_21' title='bbox 3231 527 3512 598; x_wconf 74' lang='lat' dir='ltr'><strong>singulari</strong></span> <span class='ocrx_word' id='word_1_22' title='bbox 3542 530 3664 585; x_wconf 91' lang='lat' dir='ltr'><strong>viro</strong></span> 
     </span>
    </p>
   </div>
   <div class='ocr_carea' id='block_1_6' title="bbox 251 616 1905 698">
    <p class='ocr_par' dir='ltr' id='par_1_6' title="bbox 251 616 1905 698">
     <span class='ocr_line' id='line_1_6' title="bbox 251 616 1905 698; baseline 0.002 -21"><span class='ocrx_word' id='word_1_23' title='bbox 251 623 351 677; x_wconf 83' lang='grc' dir='ltr'><strong>ἀπ’</strong></span> <span class='ocrx_word' id='word_1_24' title='bbox 405 622 572 676; x_wconf 74' lang='grc' dir='ltr'>αὐτοῦ</span> <span class='ocrx_word' id='word_1_25' title='bbox 629 618 873 695; x_wconf 86' lang='grc' dir='ltr'>δεύτερον</span> <span class='ocrx_word' id='word_1_26' title='bbox 925 619 976 673; x_wconf 85' lang='grc' dir='ltr'>ἐν</span> <span class='ocrx_word' id='word_1_27' title='bbox 1029 624 1146 680; x_wconf 89' lang='grc' dir='ltr'>τοῖς</span> <span class='ocrx_word' id='word_1_28' title='bbox 1197 616 1390 689; x_wconf 80' lang='grc' dir='ltr'><strong>δεξιοῖς</strong></span> <span class='ocrx_word' id='word_1_29' title='bbox 1460 622 1905 698; x_wconf 81' lang='grc' dir='ltr'><strong>προσκαλεῖσθαι,</strong></span> 
     </span>
    </p>
   </div>
   <div class='ocr_carea' id='block_1_7' title="bbox 250 708 1906 789">
    <p class='ocr_par' dir='ltr' id='par_1_7' title="bbox 250 708 1906 789">
     <span class='ocr_line' id='line_1_7' title="bbox 250 708 1906 789; baseline 0.002 -22"><span class='ocrx_word' id='word_1_30' title='bbox 250 713 349 767; x_wconf 82' lang='grc' dir='ltr'><strong>καὶ</strong></span> <span class='ocrx_word' id='word_1_31' title='bbox 409 711 610 789; x_wconf 74' lang='grc' dir='ltr'>λέγειν’</span> <span class='ocrx_word' id='word_1_32' title='bbox 672 735 698 762; x_wconf 79' lang='grc' dir='ltr'><strong>α</strong></span> <span class='ocrx_word' id='word_1_33' title='bbox 739 712 800 768; x_wconf 90' lang='grc' dir='ltr'>Ὁ</span> <span class='ocrx_word' id='word_1_34' title='bbox 857 708 1202 788; x_wconf 75' lang='grc' dir='ltr'><strong>πατριάρχης</strong></span> <span class='ocrx_word' id='word_1_35' title='bbox 1254 713 1906 785; x_wconf 81' lang='grc' dir='ltr'>Κωνσταντινουπόλεως,</span> 
     </span>
    </p>
   </div>
   <div class='ocr_carea' id='block_1_8' title="bbox 255 795 1906 877">
    <p class='ocr_par' dir='ltr' id='par_1_8' title="bbox 255 795 1906 877">
     <span class='ocr_line' id='line_1_8' title="bbox 255 795 1906 877; baseline -0.006 -21"><span class='ocrx_word' id='word_1_36' title='bbox 255 803 285 856; x_wconf 89' lang='lat'><strong>6</strong></span> <span class='ocrx_word' id='word_1_37' title='bbox 317 806 533 876; x_wconf 86' lang='grc' dir='ltr'>καῖσαρ,</span> <span class='ocrx_word' id='word_1_38' title='bbox 567 802 595 856; x_wconf 98' lang='lat'><strong>6</strong></span> <span class='ocrx_word' id='word_1_39' title='bbox 643 795 1051 872; x_wconf 69' lang='grc' dir='ltr'>νωϐελήσιμος,</span> <span class='ocrx_word' id='word_1_40' title='bbox 1101 800 1130 853; x_wconf 97' lang='lat'><strong>6</strong></span> <span class='ocrx_word' id='word_1_41' title='bbox 1179 799 1628 873; x_wconf 77' lang='grc' dir='ltr'>κουροπαλάτης,</span> <span class='ocrx_word' id='word_1_42' title='bbox 1681 804 1709 856; x_wconf 91' lang='lat'><strong>6</strong></span> <span class='ocrx_word' id='word_1_43' title='bbox 1751 804 1906 877; x_wconf 80' lang='grc' dir='ltr'><strong>βασι-</strong></span> 
     </span>
    </p>
   </div>
   <div class='ocr_carea' id='block_1_9' title="bbox 259 887 1910 963">
    <p class='ocr_par' dir='ltr' id='par_1_9' title="bbox 259 887 1910 963">
     <span class='ocr_line' id='line_1_9' title="bbox 259 887 1910 963; baseline 0.001 -19"><span class='ocrx_word' id='word_1_44' title='bbox 259 887 572 963; x_wconf 81' lang='grc' dir='ltr'>λεοπάτωρ,</span> <span class='ocrx_word' id='word_1_45' title='bbox 617 891 652 958; x_wconf 78' lang='grc' dir='ltr'><strong>ἡ</strong></span> <span class='ocrx_word' id='word_1_46' title='bbox 688 889 865 958; x_wconf 81' lang='grc' dir='ltr'>ζωστή</span> <span class='ocrx_word' id='word_1_47' title='bbox 917 887 1196 962; x_wconf 73' lang='grc' dir='ltr'>πατρικία.</span> <span class='ocrx_word' id='word_1_48' title='bbox 1229 913 1258 940; x_wconf 88' lang='grc'><strong>››</strong></span> <span class='ocrx_word' id='word_1_49' title='bbox 1307 887 1518 944; x_wconf 77' lang='grc' dir='ltr'>Είδὲναι</span> <span class='ocrx_word' id='word_1_50' title='bbox 1569 887 1625 945; x_wconf 70' lang='grc' dir='ltr'><strong>δὲ</strong></span> <span class='ocrx_word' id='word_1_51' title='bbox 1669 887 1769 960; x_wconf 81' lang='grc' dir='ltr'>δεῖ,</span> <span class='ocrx_word' id='word_1_52' title='bbox 1825 890 1910 946; x_wconf 81' lang='grc' dir='ltr'>ὅτι</span> 
     </span>
    </p>
   </div>
   <div class='ocr_carea' id='block_1_10' title="bbox 256 976 1908 1054">
    <p class='ocr_par' dir='ltr' id='par_1_10' title="bbox 256 976 1908 1054">
     <span class='ocr_line' id='line_1_10' title="bbox 256 976 1908 1054; baseline 0.002 -22"><span class='ocrx_word' id='word_1_53' title='bbox 256 980 314 1032; x_wconf 69' lang='grc' dir='ltr'>αἱ</span> <span class='ocrx_word' id='word_1_54' title='bbox 371 977 425 1048; x_wconf 71' lang='grc' dir='ltr'><strong>’ἐξ</strong></span> <span class='ocrx_word' id='word_1_55' title='bbox 487 978 641 1033; x_wconf 82' lang='grc' dir='ltr'>αὗται</span> <span class='ocrx_word' id='word_1_56' title='bbox 697 978 857 1050; x_wconf 84' lang='grc' dir='ltr'>μόναι</span> <span class='ocrx_word' id='word_1_57' title='bbox 909 976 1050 1048; x_wconf 79' lang='grc' dir='ltr'>ἀξίαι</span> <span class='ocrx_word' id='word_1_58' title='bbox 1108 977 1159 1032; x_wconf 78' lang='grc' dir='ltr'>ἐν</span> <span class='ocrx_word' id='word_1_59' title='bbox 1213 981 1281 1050; x_wconf 80' lang='grc' dir='ltr'><strong>τῇ</strong></span> <span class='ocrx_word' id='word_1_60' title='bbox 1339 979 1626 1054; x_wconf 80' lang='grc' dir='ltr'>ἀποκοπτῇ</span> <span class='ocrx_word' id='word_1_61' title='bbox 1666 981 1908 1054; x_wconf 75' lang='grc' dir='ltr'>τραπέζῇ</span> 
     </span>
    </p>
   </div>
   <div class='ocr_carea' id='block_1_11' title="bbox 255 1063 1912 1140">
    <p class='ocr_par' dir='ltr' id='par_1_11' title="bbox 255 1063 1912 1140">
     <span class='ocr_line' id='line_1_11' title="bbox 255 1063 1912 1140; baseline 0.002 -20"><span class='ocrx_word' id='word_1_62' title='bbox 255 1070 640 1122; x_wconf 80' lang='grc' dir='ltr'><strong>συνεστιῶνται</strong></span> <span class='ocrx_word' id='word_1_63' title='bbox 686 1072 801 1127; x_wconf 85' lang='grc' dir='ltr'>τοῖς</span> <span class='ocrx_word' id='word_1_64' title='bbox 851 1063 1164 1140; x_wconf 79' lang='grc' dir='ltr'>βασιλεῦσιν</span> <span class='ocrx_word' id='word_1_65' title='bbox 1210 1067 1347 1137; x_wconf 87' lang='grc'>(17),</span> <span class='ocrx_word' id='word_1_66' title='bbox 1393 1068 1446 1121; x_wconf 78' lang='grc' dir='ltr'>αἱ</span> <span class='ocrx_word' id='word_1_67' title='bbox 1495 1065 1552 1122; x_wconf 72' lang='grc' dir='ltr'><strong>δὲ</strong></span> <span class='ocrx_word' id='word_1_68' title='bbox 1584 1067 1774 1123; x_wconf 84' lang='grc' dir='ltr'>λοιπαὶ</span> <span class='ocrx_word' id='word_1_69' title='bbox 1805 1073 1912 1123; x_wconf 85' lang='grc' dir='ltr'>πᾶ-</span> 
     </span>
    </p>
   </div>
   <div class='ocr_carea' id='block_1_12' title="bbox 251 1151 1913 1231">
    <p class='ocr_par' dir='ltr' id='par_1_12' title="bbox 251 1151 1913 1231">
     <span class='ocr_line' id='line_1_12' title="bbox 251 1151 1913 1231; baseline 0.002 -22"><span class='ocrx_word' id='word_1_70' title='bbox 251 1176 343 1209; x_wconf 88' lang='grc' dir='ltr'><strong>σαι</strong></span> <span class='ocrx_word' id='word_1_71' title='bbox 391 1161 490 1224; x_wconf 84' lang='grc' dir='ltr'><strong>τῆς</strong></span> <span class='ocrx_word' id='word_1_72' title='bbox 541 1151 790 1229; x_wconf 71' lang='grc' dir='ltr'>δευτέρας</span> <span class='ocrx_word' id='word_1_73' title='bbox 840 1155 1148 1231; x_wconf 80' lang='grc' dir='ltr'>ὑπάρχουσι</span> <span class='ocrx_word' id='word_1_74' title='bbox 1199 1156 1397 1224; x_wconf 77' lang='grc' dir='ltr'>τάξεως</span> <span class='ocrx_word' id='word_1_75' title='bbox 1427 1159 1563 1229; x_wconf 89' lang='grc'>(18),</span> <span class='ocrx_word' id='word_1_76' title='bbox 1603 1159 1716 1212; x_wconf 83' lang='grc' dir='ltr'>οἷον</span> <span class='ocrx_word' id='word_1_77' title='bbox 1751 1158 1779 1212; x_wconf 94' lang='lat'><strong>6</strong></span> <span class='ocrx_word' id='word_1_78' title='bbox 1813 1158 1913 1230; x_wconf 81' lang='grc' dir='ltr'><strong>μά-</strong></span> 
     </span>
    </p>
   </div>
   <div class='ocr_carea' id='block_1_13' title="bbox 249 1241 1911 1324">
    <p class='ocr_par' dir='ltr' id='par_1_13' title="bbox 249 1241 1911 1324">
     <span class='ocr_line' id='line_1_13' title="bbox 249 1241 1911 1324; baseline 0.002 -27"><span class='ocrx_word' id='word_1_79' title='bbox 249 1264 495 1318; x_wconf 84' lang='grc' dir='ltr'>γιστρος,</span> <span class='ocrx_word' id='word_1_80' title='bbox 529 1244 557 1298; x_wconf 91' lang='lat'><strong>6</strong></span> <span class='ocrx_word' id='word_1_81' title='bbox 591 1245 889 1318; x_wconf 81' lang='grc' dir='ltr'>μάγιστρος</span> <span class='ocrx_word' id='word_1_82' title='bbox 917 1246 1046 1316; x_wconf 85' lang='grc'><strong>(19).</strong></span> <span class='ocrx_word' id='word_1_83' title='bbox 1099 1243 1162 1300; x_wconf 81' lang='grc' dir='ltr'><strong>Εἰ</strong></span> <span class='ocrx_word' id='word_1_84' title='bbox 1208 1241 1264 1298; x_wconf 76' lang='grc' dir='ltr'><strong>δὲ</strong></span> <span class='ocrx_word' id='word_1_85' title='bbox 1314 1265 1398 1308; x_wconf 88' lang='grc' dir='ltr'><strong>τις</strong></span> <span class='ocrx_word' id='word_1_86' title='bbox 1425 1245 1631 1299; x_wconf 88' lang='grc' dir='ltr'>τούτων</span> <span class='ocrx_word' id='word_1_87' title='bbox 1662 1246 1911 1324; x_wconf 74' lang='grc' dir='ltr'>ὁφιρίκιον</span> 
     </span>
    </p>
   </div>
   <div class='ocr_carea' id='block_1_14' title="bbox 249 1331 1911 1409">
    <p class='ocr_par' dir='ltr' id='par_1_14' title="bbox 249 1331 1911 1409">
     <span class='ocr_line' id='line_1_14' title="bbox 249 1331 1911 1409; baseline 0.002 -23"><span class='ocrx_word' id='word_1_88' title='bbox 249 1332 539 1405; x_wconf 84' lang='grc' dir='ltr'>τετίμηται</span> <span class='ocrx_word' id='word_1_89' title='bbox 591 1335 727 1404; x_wconf 83' lang='grc'><strong>(20),</strong></span> <span class='ocrx_word' id='word_1_90' title='bbox 782 1333 1132 1407; x_wconf 86' lang='grc' dir='ltr'>προκρίνεται</span> <span class='ocrx_word' id='word_1_91' title='bbox 1181 1337 1281 1388; x_wconf 78' lang='grc' dir='ltr'>τοῦ</span> <span class='ocrx_word' id='word_1_92' title='bbox 1343 1331 1579 1409; x_wconf 79' lang='grc' dir='ltr'>ἑταίρου,</span> <span class='ocrx_word' id='word_1_93' title='bbox 1628 1334 1722 1388; x_wconf 64' lang='grc' dir='ltr'><strong>κᾶν</strong></span> <span class='ocrx_word' id='word_1_94' title='bbox 1768 1333 1911 1409; x_wconf 81' lang='grc' dir='ltr'>τάχα</span> 
     </span>
    </p>
   </div>
   <div class='ocr_carea' id='block_1_15' title="bbox 248 1420 1910 1498">
    <p class='ocr_par' dir='ltr' id='par_1_15' title="bbox 248 1420 1910 1498">
     <span class='ocr_line' id='line_1_15' title="bbox 248 1420 1910 1498; baseline 0.001 -22"><span class='ocrx_word' id='word_1_95' title='bbox 248 1420 482 1497; x_wconf 77' lang='grc' dir='ltr'><strong>ἔσχατος</strong></span> <span class='ocrx_word' id='word_1_96' title='bbox 603 1421 758 1491; x_wconf 81' lang='grc' dir='ltr'>Εἶτα,</span> <span class='ocrx_word' id='word_1_97' title='bbox 781 1423 810 1476; x_wconf 90' lang='lat'><strong>6</strong></span> <span class='ocrx_word' id='word_1_98' title='bbox 838 1421 1099 1498; x_wconf 78' lang='grc' dir='ltr'>ῥαίκτωρ,</span> <span class='ocrx_word' id='word_1_99' title='bbox 1134 1423 1162 1476; x_wconf 90' lang='lat'><strong>6</strong></span> <span class='ocrx_word' id='word_1_100' title='bbox 1191 1421 1492 1497; x_wconf 82' lang='grc' dir='ltr'>σύγκελλος</span> <span class='ocrx_word' id='word_1_101' title='bbox 1522 1425 1743 1496; x_wconf 80' lang='grc' dir='ltr'><strong>Ῥώμης</strong></span> <span class='ocrx_word' id='word_1_102' title='bbox 1775 1426 1910 1497; x_wconf 68' lang='grc'>(21),</span> 
     </span>
    </p>
   </div>
   <div class='ocr_carea' id='block_1_16' title="bbox 247 1508 1911 1584">
    <p class='ocr_par' dir='ltr' id='par_1_16' title="bbox 247 1508 1911 1584">
     <span class='ocr_line' id='line_1_16' title="bbox 247 1508 1911 1584; baseline 0.002 -21"><span class='ocrx_word' id='word_1_103' title='bbox 247 1510 277 1563; x_wconf 92' lang='lat'><strong>6</strong></span> <span class='ocrx_word' id='word_1_104' title='bbox 311 1508 610 1584; x_wconf 85' lang='grc' dir='ltr'>σύγκελλος</span> <span class='ocrx_word' id='word_1_105' title='bbox 669 1511 1320 1574; x_wconf 79' lang='grc' dir='ltr'>Κωνσταντινουπόλεως.</span> <span class='ocrx_word' id='word_1_106' title='bbox 1371 1511 1436 1567; x_wconf 77' lang='lat' dir='ltr'><strong>Ei</strong></span> <span class='ocrx_word' id='word_1_107' title='bbox 1468 1509 1526 1566; x_wconf 76' lang='grc' dir='ltr'><strong>δὲ</strong></span> <span class='ocrx_word' id='word_1_108' title='bbox 1555 1512 1645 1566; x_wconf 80' lang='grc' dir='ltr'>καὶ</span> <span class='ocrx_word' id='word_1_109' title='bbox 1674 1517 1780 1566; x_wconf 80' lang='grc' dir='ltr'>τῶν</span> <span class='ocrx_word' id='word_1_110' title='bbox 1809 1519 1911 1580; x_wconf 74' lang='grc' dir='ltr'>τῆς</span> 
     </span>
    </p>
   </div>
   <div class='ocr_carea' id='block_1_17' title="bbox 250 1597 1913 1680">
    <p class='ocr_par' dir='ltr' id='par_1_17' title="bbox 250 1597 1913 1680">
     <span class='ocr_line' id='line_1_17' title="bbox 250 1597 1913 1680; baseline 0 -26"><span class='ocrx_word' id='word_1_111' title='bbox 250 1597 562 1668; x_wconf 80' lang='grc' dir='ltr'>Ἀνατολῆς</span> <span class='ocrx_word' id='word_1_112' title='bbox 594 1602 954 1674; x_wconf 84' lang='grc' dir='ltr'>πατριαρχῶν</span> <span class='ocrx_word' id='word_1_113' title='bbox 993 1598 1212 1674; x_wconf 79' lang='grc' dir='ltr'><strong>τύχοιεν</strong></span> <span class='ocrx_word' id='word_1_114' title='bbox 1254 1602 1299 1637; x_wconf 79' lang='grc'>⁸⁹</span> <span class='ocrx_word' id='word_1_115' title='bbox 1346 1599 1658 1676; x_wconf 84' lang='grc' dir='ltr'>σύγκελλοι,</span> <span class='ocrx_word' id='word_1_116' title='bbox 1692 1599 1913 1680; x_wconf 67' lang='grc' dir='ltr'>προκρίς</span> 
     </span>
    </p>
   </div>
   <div class='ocr_carea' id='block_1_18' title="bbox 255 1686 1893 1767">
    <p class='ocr_par' dir='ltr' id='par_1_18' title="bbox 255 1686 1893 1767">
     <span class='ocr_line' id='line_1_18' title="bbox 255 1686 1893 1767; baseline 0.001 -25"><span class='ocrx_word' id='word_1_117' title='bbox 255 1707 440 1742; x_wconf 88' lang='grc' dir='ltr'>νονται</span> <span class='ocrx_word' id='word_1_118' title='bbox 486 1687 693 1742; x_wconf 89' lang='grc' dir='ltr'>τούτων</span> <span class='ocrx_word' id='word_1_119' title='bbox 747 1687 883 1742; x_wconf 84' lang='grc' dir='ltr'><strong>κατά</strong></span> <span class='ocrx_word' id='word_1_120' title='bbox 925 1688 992 1742; x_wconf 75' lang='grc' dir='ltr'><strong>τὰ</strong></span> <span class='ocrx_word' id='word_1_121' title='bbox 1036 1686 1150 1743; x_wconf 76' lang='grc' dir='ltr'>ἴδια</span> <span class='ocrx_word' id='word_1_122' title='bbox 1199 1689 1375 1744; x_wconf 76' lang='grc' dir='ltr'>αὐτῶν</span> <span class='ocrx_word' id='word_1_123' title='bbox 1413 1689 1771 1767; x_wconf 85' lang='grc' dir='ltr'>πατριαρχία,</span> <span class='ocrx_word' id='word_1_124' title='bbox 1814 1691 1893 1745; x_wconf 74' lang='grc' dir='ltr'>εἶθ</span> 
     </span>
    </p>
   </div>
   <div class='ocr_carea' id='block_1_19' title="bbox 256 1771 1913 1854">
    <p class='ocr_par' dir='ltr' id='par_1_19' title="bbox 256 1771 1913 1854">
     <span class='ocr_line' id='line_1_19' title="bbox 256 1771 1913 1854; baseline 0.003 -25"><span class='ocrx_word' id='word_1_125' title='bbox 256 1771 440 1838; x_wconf 74' lang='grc' dir='ltr'>οὕτως</span> <span class='ocrx_word' id='word_1_126' title='bbox 499 1776 526 1829; x_wconf 92' lang='lat'><strong>6</strong></span> <span class='ocrx_word' id='word_1_127' title='bbox 588 1775 1020 1850; x_wconf 85' lang='grc' dir='ltr'>ἀρχιεπίσκοπος</span> <span class='ocrx_word' id='word_1_128' title='bbox 1078 1775 1439 1854; x_wconf 84' lang='grc' dir='ltr'>Βουλγαρίας,</span> <span class='ocrx_word' id='word_1_129' title='bbox 1497 1779 1774 1854; x_wconf 79' lang='grc' dir='ltr'>πατρίκιοι</span> <span class='ocrx_word' id='word_1_130' title='bbox 1822 1779 1913 1834; x_wconf 87' lang='grc' dir='ltr'><strong>εὐ-</strong></span> 
     </span>
    </p>
   </div>
   <div class='ocr_carea' id='block_1_20' title="bbox 249 1861 1988 1971">
    <p class='ocr_par' dir='ltr' id='par_1_20' title="bbox 249 1861 1988 1971">
     <span class='ocr_line' id='line_1_20' title="bbox 249 1861 1988 1971; baseline 0.002 -52"><span class='ocrx_word' id='word_1_131' title='bbox 249 1869 470 1971; x_wconf 42' lang='grc' dir='ltr'><strong>νοῦχιοιῑ</strong></span> <span class='ocrx_word' id='word_1_132' title='bbox 505 1866 566 1922; x_wconf 83' lang='lat'><strong>&#39;0</strong></span> <span class='ocrx_word' id='word_1_133' title='bbox 598 1861 656 1919; x_wconf 73' lang='grc' dir='ltr'><strong>δὲ</strong></span> <span class='ocrx_word' id='word_1_134' title='bbox 702 1862 780 1970; x_wconf 57' lang='grc' dir='ltr'>ὢν</span> <span class='ocrx_word' id='word_1_135' title='bbox 828 1863 882 1971; x_wconf 58' lang='grc' dir='ltr'><strong>ἐξ</strong></span> <span class='ocrx_word' id='word_1_136' title='bbox 928 1865 1104 1920; x_wconf 79' lang='grc' dir='ltr'>αὐτῶν</span> <span class='ocrx_word' id='word_1_137' title='bbox 1162 1864 1212 1920; x_wconf 83' lang='grc' dir='ltr'>ἐν</span> <span class='ocrx_word' id='word_1_138' title='bbox 1247 1866 1514 1971; x_wconf 54' lang='grc' dir='ltr'>’ὀφφικίῳ</span> <span class='ocrx_word' id='word_1_139' title='bbox 1562 1867 1910 1942; x_wconf 83' lang='grc' dir='ltr'>προκρίνεται</span> <span class='ocrx_word' id='word_1_140' title='bbox 1940 1905 1988 1971; x_wconf 81' lang='grc' dir='ltr'><strong>Β</strong></span> 
     </span>
    </p>
   </div>
   <div class='ocr_carea' id='block_1_21' title="bbox 248 1953 1906 2034">
    <p class='ocr_par' dir='ltr' id='par_1_21' title="bbox 248 1953 1906 2034">
     <span class='ocr_line' id='line_1_21' title="bbox 248 1953 1906 2034; baseline 0.002 -25"><span class='ocrx_word' id='word_1_141' title='bbox 248 1959 346 2009; x_wconf 77' lang='grc' dir='ltr'>τοῦ</span> <span class='ocrx_word' id='word_1_142' title='bbox 387 1953 590 2029; x_wconf 71' lang='grc' dir='ltr'>ἑτερου.</span> <span class='ocrx_word' id='word_1_143' title='bbox 635 1956 696 2012; x_wconf 90' lang='grc' dir='ltr'>Ὁ</span> <span class='ocrx_word' id='word_1_144' title='bbox 756 1955 1058 2018; x_wconf 75' lang='grc' dir='ltr'>ἀνθύπατος</span> <span class='ocrx_word' id='word_1_145' title='bbox 1098 1955 1383 2030; x_wconf 79' lang='grc' dir='ltr'>πατρίκιος</span> <span class='ocrx_word' id='word_1_146' title='bbox 1447 1956 1537 2010; x_wconf 81' lang='grc' dir='ltr'><strong>καὶ</strong></span> <span class='ocrx_word' id='word_1_147' title='bbox 1603 1957 1906 2034; x_wconf 81' lang='grc' dir='ltr'>στρατηγὸς</span> 
     </span>
    </p>
   </div>
   <div class='ocr_carea' id='block_1_22' title="bbox 248 2040 1903 2120">
    <p class='ocr_par' dir='ltr' id='par_1_22' title="bbox 248 2040 1903 2120">
     <span class='ocr_line' id='line_1_22' title="bbox 248 2040 1903 2120; baseline 0.003 -24"><span class='ocrx_word' id='word_1_148' title='bbox 248 2047 357 2097; x_wconf 80' lang='grc' dir='ltr'><strong>τῶν</strong></span> <span class='ocrx_word' id='word_1_149' title='bbox 391 2040 779 2099; x_wconf 75' lang='grc' dir='ltr'>Ἀνατολικῶνο</span> <span class='ocrx_word' id='word_1_150' title='bbox 833 2045 860 2097; x_wconf 92' lang='lat'><strong>6</strong></span> <span class='ocrx_word' id='word_1_151' title='bbox 912 2043 1213 2107; x_wconf 78' lang='grc' dir='ltr'>ἀνθύπατος</span> <span class='ocrx_word' id='word_1_152' title='bbox 1257 2044 1542 2119; x_wconf 77' lang='grc' dir='ltr'>πατρίκιος</span> <span class='ocrx_word' id='word_1_153' title='bbox 1586 2046 1677 2100; x_wconf 89' lang='grc' dir='ltr'>καὶ</span> <span class='ocrx_word' id='word_1_154' title='bbox 1740 2043 1903 2120; x_wconf 81' lang='grc' dir='ltr'><strong>δομέ-</strong></span> 
     </span>
    </p>
   </div>
   <div class='ocr_carea' id='block_1_23' title="bbox 252 2131 1906 2210">
    <p class='ocr_par' dir='ltr' id='par_1_23' title="bbox 252 2131 1906 2210">
     <span class='ocr_line' id='line_1_23' title="bbox 252 2131 1906 2210; baseline 0.002 -25"><span class='ocrx_word' id='word_1_155' title='bbox 252 2153 436 2195; x_wconf 89' lang='grc' dir='ltr'>στικος</span> <span class='ocrx_word' id='word_1_156' title='bbox 467 2138 575 2187; x_wconf 81' lang='grc' dir='ltr'><strong>τῶν</strong></span> <span class='ocrx_word' id='word_1_157' title='bbox 607 2131 851 2208; x_wconf 80' lang='grc' dir='ltr'>σχολῶν·</span> <span class='ocrx_word' id='word_1_158' title='bbox 888 2133 916 2186; x_wconf 90' lang='lat'><strong>6</strong></span> <span class='ocrx_word' id='word_1_159' title='bbox 949 2131 1249 2196; x_wconf 82' lang='grc' dir='ltr'>ἀνθύπατος</span> <span class='ocrx_word' id='word_1_160' title='bbox 1278 2133 1562 2208; x_wconf 77' lang='grc' dir='ltr'>πατρίκιος</span> <span class='ocrx_word' id='word_1_161' title='bbox 1593 2135 1680 2188; x_wconf 87' lang='grc' dir='ltr'>καὶ</span> <span class='ocrx_word' id='word_1_162' title='bbox 1714 2155 1906 2210; x_wconf 86' lang='grc' dir='ltr'>στρατ-</span> 
     </span>
    </p>
   </div>
   <div class='ocr_carea' id='block_1_24' title="bbox 249 2221 1907 2298">
    <p class='ocr_par' dir='ltr' id='par_1_24' title="bbox 249 2221 1907 2298">
     <span class='ocr_line' id='line_1_24' title="bbox 249 2221 1907 2298; baseline 0.003 -24"><span class='ocrx_word' id='word_1_163' title='bbox 249 2221 382 2294; x_wconf 76' lang='grc' dir='ltr'><strong>ηγὸς</strong></span> <span class='ocrx_word' id='word_1_164' title='bbox 430 2225 538 2274; x_wconf 77' lang='grc' dir='ltr'>τῶν</span> <span class='ocrx_word' id='word_1_165' title='bbox 591 2223 983 2295; x_wconf 79' lang='grc' dir='ltr'>’Δρμενιακῶν’</span> <span class='ocrx_word' id='word_1_166' title='bbox 1037 2222 1065 2275; x_wconf 91' lang='lat'><strong>6</strong></span> <span class='ocrx_word' id='word_1_167' title='bbox 1116 2222 1418 2286; x_wconf 77' lang='grc' dir='ltr'>ἀνθύπατος</span> <span class='ocrx_word' id='word_1_168' title='bbox 1486 2223 1772 2298; x_wconf 83' lang='grc' dir='ltr'>πατρίκιος</span> <span class='ocrx_word' id='word_1_169' title='bbox 1817 2230 1907 2284; x_wconf 81' lang='grc' dir='ltr'><strong>καὶ</strong></span> 
     </span>
    </p>
   </div>
   <div class='ocr_carea' id='block_1_25' title="bbox 250 2313 1909 2390">
    <p class='ocr_par' dir='ltr' id='par_1_25' title="bbox 250 2313 1909 2390">
     <span class='ocr_line' id='line_1_25' title="bbox 250 2313 1909 2390; baseline 0.002 -24"><span class='ocrx_word' id='word_1_170' title='bbox 250 2313 550 2386; x_wconf 83' lang='grc' dir='ltr'>στρατηγὸς</span> <span class='ocrx_word' id='word_1_171' title='bbox 605 2317 714 2368; x_wconf 83' lang='grc' dir='ltr'>τῶν</span> <span class='ocrx_word' id='word_1_172' title='bbox 779 2314 1125 2388; x_wconf 80' lang='grc' dir='ltr'>Θρᾳκησίων·</span> <span class='ocrx_word' id='word_1_173' title='bbox 1179 2315 1207 2368; x_wconf 93' lang='lat'><strong>6</strong></span> <span class='ocrx_word' id='word_1_174' title='bbox 1253 2313 1554 2377; x_wconf 82' lang='grc' dir='ltr'>ἀνθύπατος</span> <span class='ocrx_word' id='word_1_175' title='bbox 1625 2317 1909 2390; x_wconf 77' lang='grc' dir='ltr'>πατρίκιος</span> 
     </span>
    </p>
   </div>
   <div class='ocr_carea' id='block_1_26' title="bbox 245 2401 1912 2479">
    <p class='ocr_par' dir='ltr' id='par_1_26' title="bbox 245 2401 1912 2479">
     <span class='ocr_line' id='line_1_26' title="bbox 245 2401 1912 2479; baseline 0.002 -22"><span class='ocrx_word' id='word_1_176' title='bbox 245 2402 336 2457; x_wconf 83' lang='grc' dir='ltr'><strong>καὶ</strong></span> <span class='ocrx_word' id='word_1_177' title='bbox 386 2403 566 2475; x_wconf 83' lang='grc' dir='ltr'>κόμης</span> <span class='ocrx_word' id='word_1_178' title='bbox 618 2406 715 2457; x_wconf 82' lang='grc' dir='ltr'>τοῦ</span> <span class='ocrx_word' id='word_1_179' title='bbox 767 2402 1007 2475; x_wconf 80' lang='grc' dir='ltr'>ὀψικίου·</span> <span class='ocrx_word' id='word_1_180' title='bbox 1063 2403 1090 2457; x_wconf 91' lang='lat'><strong>6</strong></span> <span class='ocrx_word' id='word_1_181' title='bbox 1138 2401 1443 2467; x_wconf 83' lang='grc' dir='ltr'>ἀνθύπατος</span> <span class='ocrx_word' id='word_1_182' title='bbox 1506 2405 1792 2479; x_wconf 89' lang='grc' dir='ltr'>πατρίκιος</span> <span class='ocrx_word' id='word_1_183' title='bbox 1820 2405 1912 2460; x_wconf 82' lang='grc' dir='ltr'>καὶ</span> 
     </span>
    </p>
   </div>
   <div class='ocr_carea' id='block_1_27' title="bbox 263 2489 1915 2567">
    <p class='ocr_par' dir='ltr' id='par_1_27' title="bbox 263 2489 1915 2567">
     <span class='ocr_line' id='line_1_27' title="bbox 263 2489 1915 2567; baseline 0.002 -22"><span class='ocrx_word' id='word_1_184' title='bbox 263 2490 572 2567; x_wconf 81' lang='grc' dir='ltr'>στρατηγὸς</span> <span class='ocrx_word' id='word_1_185' title='bbox 627 2495 736 2547; x_wconf 82' lang='grc' dir='ltr'>τῶν</span> <span class='ocrx_word' id='word_1_186' title='bbox 788 2489 1230 2566; x_wconf 80' lang='grc' dir='ltr'>βουκελλαπίων’</span> <span class='ocrx_word' id='word_1_187' title='bbox 1290 2493 1318 2547; x_wconf 90' lang='lat'><strong>6</strong></span> <span class='ocrx_word' id='word_1_188' title='bbox 1366 2493 1669 2557; x_wconf 85' lang='grc' dir='ltr'>ἀνθύπατος</span> <span class='ocrx_word' id='word_1_189' title='bbox 1723 2492 1915 2567; x_wconf 86' lang='grc' dir='ltr'>πατρί-</span> 
     </span>
    </p>
   </div>
   <div class='ocr_carea' id='block_1_28' title="bbox 249 2580 1916 2659">
    <p class='ocr_par' dir='ltr' id='par_1_28' title="bbox 249 2580 1916 2659">
     <span class='ocr_line' id='line_1_28' title="bbox 249 2580 1916 2659; baseline 0.002 -24"><span class='ocrx_word' id='word_1_190' title='bbox 249 2601 369 2644; x_wconf 89' lang='grc' dir='ltr'>κιος</span> <span class='ocrx_word' id='word_1_191' title='bbox 413 2581 502 2636; x_wconf 82' lang='grc' dir='ltr'><strong>καὶ</strong></span> <span class='ocrx_word' id='word_1_192' title='bbox 553 2582 856 2659; x_wconf 85' lang='grc' dir='ltr'>στρατηγὸς</span> <span class='ocrx_word' id='word_1_193' title='bbox 914 2580 1319 2646; x_wconf 83' lang='grc' dir='ltr'>Καππαδοκίας’</span> <span class='ocrx_word' id='word_1_194' title='bbox 1379 2584 1406 2637; x_wconf 89' lang='lat'><strong>6</strong></span> <span class='ocrx_word' id='word_1_195' title='bbox 1465 2583 1771 2648; x_wconf 86' lang='grc' dir='ltr'>ἀνθύπατος</span> <span class='ocrx_word' id='word_1_196' title='bbox 1812 2605 1916 2639; x_wconf 88' lang='grc' dir='ltr'>πα-</span> 
     </span>
    </p>
   </div>
   <div class='ocr_carea' id='block_1_29' title="bbox 2016 617 3666 698">
    <p class='ocr_par' dir='ltr' id='par_1_29' title="bbox 2016 617 3666 698">
     <span class='ocr_line' id='line_1_29' title="bbox 2016 617 3666 698; baseline -0.005 -17"><span class='ocrx_word' id='word_1_197' title='bbox 2016 625 2262 698; x_wconf 71' lang='lat' dir='ltr'><strong>proprize</strong></span> <span class='ocrx_word' id='word_1_198' title='bbox 2296 623 2740 698; x_wconf 81' lang='lat' dir='ltr'><strong>appellationem</strong></span> <span class='ocrx_word' id='word_1_199' title='bbox 2773 620 3235 694; x_wconf 89' lang='lat' dir='ltr'><strong>pronuntiare,et</strong></span> <span class='ocrx_word' id='word_1_200' title='bbox 3261 618 3430 675; x_wconf 87' lang='lat' dir='ltr'><strong>simul</strong></span> <span class='ocrx_word' id='word_1_201' title='bbox 3463 617 3666 673; x_wconf 84' lang='lat' dir='ltr'><strong>dextra</strong></span> 
     </span>
    </p>
   </div>
   <div class='ocr_carea' id='block_1_30' title="bbox 2019 711 3662 788">
    <p class='ocr_par' dir='ltr' id='par_1_30' title="bbox 2019 711 3662 788">
     <span class='ocr_line' id='line_1_30' title="bbox 2019 711 3662 788; baseline -0.005 -17"><span class='ocrx_word' id='word_1_202' title='bbox 2019 732 2195 770; x_wconf 89' lang='lat' dir='ltr'><strong>manu</strong></span> <span class='ocrx_word' id='word_1_203' title='bbox 2227 723 2506 788; x_wconf 89' lang='lat' dir='ltr'><strong>gestuque</strong></span> <span class='ocrx_word' id='word_1_204' title='bbox 2555 715 2761 769; x_wconf 91' lang='lat' dir='ltr'><strong>decoro</strong></span> <span class='ocrx_word' id='word_1_205' title='bbox 2808 716 2865 766; x_wconf 91' lang='lat' dir='ltr'><strong>et</strong></span> <span class='ocrx_word' id='word_1_206' title='bbox 2913 715 3190 766; x_wconf 87' lang='lat' dir='ltr'><strong>consueto</strong></span> <span class='ocrx_word' id='word_1_207' title='bbox 3239 711 3662 779; x_wconf 89' lang='lat' dir='ltr'><strong>competentem</strong></span> 
     </span>
    </p>
   </div>
   <div class='ocr_carea' id='block_1_31' title="bbox 2018 795 3663 874">
    <p class='ocr_par' dir='ltr' id='par_1_31' title="bbox 2018 795 3663 874">
     <span class='ocr_line' id='line_1_31' title="bbox 2018 795 3663 874; baseline -0.005 -16"><span class='ocrx_word' id='word_1_208' title='bbox 2018 803 2228 874; x_wconf 86' lang='lat' dir='ltr'><strong>cuique</strong></span> <span class='ocrx_word' id='word_1_209' title='bbox 2260 821 2436 860; x_wconf 87' lang='lat' dir='ltr'><strong>suum</strong></span> <span class='ocrx_word' id='word_1_210' title='bbox 2460 804 2651 859; x_wconf 91' lang='lat' dir='ltr'><strong>locum</strong></span> <span class='ocrx_word' id='word_1_211' title='bbox 2676 801 2978 872; x_wconf 87' lang='lat' dir='ltr'><strong>assignare</strong></span> <span class='ocrx_word' id='word_1_212' title='bbox 3004 816 3018 865; x_wconf 88' lang='lat'><strong>;</strong></span> <span class='ocrx_word' id='word_1_213' title='bbox 3041 798 3418 868; x_wconf 83' lang='lat' dir='ltr'><strong>amicumque</strong></span> <span class='ocrx_word' id='word_1_214' title='bbox 3440 795 3663 851; x_wconf 89' lang='lat' dir='ltr'><strong>domini</strong></span> 
     </span>
    </p>
   </div>
   <div class='ocr_carea' id='block_1_32' title="bbox 2019 883 3664 964">
    <p class='ocr_par' dir='ltr' id='par_1_32' title="bbox 2019 883 3664 964">
     <span class='ocr_line' id='line_1_32' title="bbox 2019 883 3664 964; baseline -0.005 -17"><span class='ocrx_word' id='word_1_215' title='bbox 2019 894 2287 964; x_wconf 90' lang='lat' dir='ltr'><strong>eum,qui</strong></span> <span class='ocrx_word' id='word_1_216' title='bbox 2320 893 2544 964; x_wconf 89' lang='lat' dir='ltr'><strong>primus</strong></span> <span class='ocrx_word' id='word_1_217' title='bbox 2575 891 2988 956; x_wconf 89' lang='lat' dir='ltr'><strong>introvocatur,</strong></span> <span class='ocrx_word' id='word_1_218' title='bbox 3008 889 3079 943; x_wconf 92' lang='lat' dir='ltr'><strong>ad</strong></span> <span class='ocrx_word' id='word_1_219' title='bbox 3111 887 3408 942; x_wconf 77' lang='lat' dir='ltr'><strong>sinistram</strong></span> <span class='ocrx_word' id='word_1_220' title='bbox 3440 883 3664 940; x_wconf 89' lang='lat' dir='ltr'><strong>domini</strong></span> 
     </span>
    </p>
   </div>
   <div class='ocr_carea' id='block_1_33' title="bbox 2022 971 3662 1052">
    <p class='ocr_par' dir='ltr' id='par_1_33' title="bbox 2022 971 3662 1052">
     <span class='ocr_line' id='line_1_33' title="bbox 2022 971 3662 1052; baseline -0.005 -16"><span class='ocrx_word' id='word_1_221' title='bbox 2022 997 2260 1036; x_wconf 86' lang='lat' dir='ltr'><strong>manum</strong></span> <span class='ocrx_word' id='word_1_222' title='bbox 2284 980 2695 1052; x_wconf 89' lang='lat' dir='ltr'><strong>ablegare,quo</strong></span> <span class='ocrx_word' id='word_1_223' title='bbox 2718 993 2927 1048; x_wconf 87' lang='lat' dir='ltr'><strong>nempe</strong></span> <span class='ocrx_word' id='word_1_224' title='bbox 2949 994 3053 1034; x_wconf 91' lang='lat' dir='ltr'><strong>sua</strong></span> <span class='ocrx_word' id='word_1_225' title='bbox 3073 976 3340 1047; x_wconf 84' lang='lat' dir='ltr'><strong>majestas</strong></span> <span class='ocrx_word' id='word_1_226' title='bbox 3364 971 3446 1029; x_wconf 90' lang='lat' dir='ltr'><strong>illi</strong></span> <span class='ocrx_word' id='word_1_227' title='bbox 3471 972 3662 1044; x_wconf 91' lang='lat' dir='ltr'><strong>primo</strong></span> 
     </span>
    </p>
   </div>
   <div class='ocr_carea' id='block_1_34' title="bbox 2021 1064 3661 1136">
    <p class='ocr_par' dir='ltr' id='par_1_34' title="bbox 2021 1064 3661 1136">
     <span class='ocr_line' id='line_1_34' title="bbox 2021 1064 3661 1136; baseline -0.005 -12"><span class='ocrx_word' id='word_1_228' title='bbox 2021 1072 2219 1124; x_wconf 89' lang='lat' dir='ltr'><strong>vocato</strong></span> <span class='ocrx_word' id='word_1_229' title='bbox 2259 1084 2324 1124; x_wconf 91' lang='lat' dir='ltr'><strong>eo</strong></span> <span class='ocrx_word' id='word_1_230' title='bbox 2357 1069 2586 1124; x_wconf 80' lang='lat' dir='ltr'><strong>facilius</strong></span> <span class='ocrx_word' id='word_1_231' title='bbox 2633 1066 3116 1136; x_wconf 87' lang='lat' dir='ltr'><strong>commodiusque</strong></span> <span class='ocrx_word' id='word_1_232' title='bbox 3145 1065 3321 1136; x_wconf 83' lang='lat' dir='ltr'><strong>dapes</strong></span> <span class='ocrx_word' id='word_1_233' title='bbox 3369 1064 3661 1134; x_wconf 78' lang='lat' dir='ltr'><strong>porrigere</strong></span> 
     </span>
    </p>
   </div>
   <div class='ocr_carea' id='block_1_35' title="bbox 2022 1153 3656 1230">
    <p class='ocr_par' dir='ltr' id='par_1_35' title="bbox 2022 1153 3656 1230">
     <span class='ocr_line' id='line_1_35' title="bbox 2022 1153 3656 1230; baseline -0.005 -16"><span class='ocrx_word' id='word_1_234' title='bbox 2022 1157 2226 1230; x_wconf 87' lang='lat' dir='ltr'><strong>possit.</strong></span> <span class='ocrx_word' id='word_1_235' title='bbox 2283 1157 2550 1214; x_wconf 91' lang='lat' dir='ltr'><strong>Secundo</strong></span> <span class='ocrx_word' id='word_1_236' title='bbox 2595 1161 2789 1212; x_wconf 89' lang='lat' dir='ltr'><strong>autem</strong></span> <span class='ocrx_word' id='word_1_237' title='bbox 2821 1157 2949 1213; x_wconf 92' lang='lat' dir='ltr'><strong>loco</strong></span> <span class='ocrx_word' id='word_1_238' title='bbox 2979 1159 3246 1212; x_wconf 80' lang='lat' dir='ltr'><strong>vocatum</strong></span> <span class='ocrx_word' id='word_1_239' title='bbox 3275 1153 3346 1208; x_wconf 91' lang='lat' dir='ltr'><strong>ad</strong></span> <span class='ocrx_word' id='word_1_240' title='bbox 3393 1154 3656 1209; x_wconf 83' lang='lat' dir='ltr'><strong>dextram</strong></span> 
     </span>
    </p>
   </div>
   <div class='ocr_carea' id='block_1_36' title="bbox 2021 1239 3660 1318">
    <p class='ocr_par' dir='ltr' id='par_1_36' title="bbox 2021 1239 3660 1318">
     <span class='ocr_line' id='line_1_36' title="bbox 2021 1239 3660 1318; baseline -0.002 -18"><span class='ocrx_word' id='word_1_241' title='bbox 2021 1245 2330 1318; x_wconf 85' lang='lat' dir='ltr'><strong>ablegare;</strong></span> <span class='ocrx_word' id='word_1_242' title='bbox 2364 1249 2420 1301; x_wconf 80' lang='lat' dir='ltr'><strong>et</strong></span> <span class='ocrx_word' id='word_1_243' title='bbox 2473 1244 2834 1316; x_wconf 88' lang='lat' dir='ltr'><strong>proclamare</strong></span> <span class='ocrx_word' id='word_1_244' title='bbox 2881 1243 2988 1299; x_wconf 93' lang='lat' dir='ltr'><strong>hoc</strong></span> <span class='ocrx_word' id='word_1_245' title='bbox 3034 1251 3230 1299; x_wconf 80' lang='lat' dir='ltr'><strong>tenore</strong></span> <span class='ocrx_word' id='word_1_246' title='bbox 3259 1258 3280 1297; x_wconf 89' lang='lat'><strong><em>:</em></strong></span> <span class='ocrx_word' id='word_1_247' title='bbox 3330 1239 3660 1296; x_wconf 80' lang='lat' dir='ltr'><strong>Patriarche</strong></span> 
     </span>
    </p>
   </div>
   <div class='ocr_carea' id='block_1_37' title="bbox 2022 1330 3662 1406">
    <p class='ocr_par' dir='ltr' id='par_1_37' title="bbox 2022 1330 3662 1406">
     <span class='ocr_line' id='line_1_37' title="bbox 2022 1330 3662 1406; baseline -0.004 -15"><span class='ocrx_word' id='word_1_248' title='bbox 2022 1336 2608 1406; x_wconf 76' lang='lat' dir='ltr'><strong>Constantinopoleos;</strong></span> <span class='ocrx_word' id='word_1_249' title='bbox 2641 1333 2861 1399; x_wconf 65' lang='lat' dir='ltr'><strong>Casar;</strong></span> <span class='ocrx_word' id='word_1_250' title='bbox 2913 1331 3296 1393; x_wconf 71' lang='lat' dir='ltr'><strong>Nobilissime;</strong></span> <span class='ocrx_word' id='word_1_251' title='bbox 3327 1330 3662 1402; x_wconf 80' lang='lat' dir='ltr'><strong>Curopalata</strong></span> 
     </span>
    </p>
   </div>
   <div class='ocr_carea' id='block_1_38' title="bbox 2019 1419 3661 1495">
    <p class='ocr_par' dir='ltr' id='par_1_38' title="bbox 2019 1419 3661 1495">
     <span class='ocr_line' id='line_1_38' title="bbox 2019 1419 3661 1495; baseline -0.004 -16"><span class='ocrx_word' id='word_1_252' title='bbox 2019 1426 2436 1494; x_wconf 80' lang='lat' dir='ltr'><strong>Basz&#39;leopator;</strong></span> <span class='ocrx_word' id='word_1_253' title='bbox 2465 1425 2618 1479; x_wconf 78' lang='lat' dir='ltr'><strong>Zoste</strong></span> <span class='ocrx_word' id='word_1_254' title='bbox 2664 1423 2922 1495; x_wconf 81' lang='lat' dir='ltr'><strong>patricia.</strong></span> <span class='ocrx_word' id='word_1_255' title='bbox 2968 1422 3062 1475; x_wconf 73' lang='lat' dir='ltr'><strong>Hae</strong></span> <span class='ocrx_word' id='word_1_256' title='bbox 3094 1435 3301 1490; x_wconf 88' lang='lat' dir='ltr'><strong>nempe</strong></span> <span class='ocrx_word' id='word_1_257' title='bbox 3340 1437 3439 1475; x_wconf 86' lang='lat' dir='ltr'><strong>sex</strong></span> <span class='ocrx_word' id='word_1_258' title='bbox 3470 1419 3661 1489; x_wconf 83' lang='lat' dir='ltr'><strong>digni-</strong></span> 
     </span>
    </p>
   </div>
   <div class='ocr_carea' id='block_1_39' title="bbox 2019 1509 3664 1582">
    <p class='ocr_par' dir='ltr' id='par_1_39' title="bbox 2019 1509 3664 1582">
     <span class='ocr_line' id='line_1_39' title="bbox 2019 1509 3664 1582; baseline -0.003 -13"><span class='ocrx_word' id='word_1_259' title='bbox 2019 1517 2167 1568; x_wconf 85' lang='lat' dir='ltr'><strong>tates</strong></span> <span class='ocrx_word' id='word_1_260' title='bbox 2190 1512 2325 1568; x_wconf 60' lang='lat' dir='ltr'><strong>solae</strong></span> <span class='ocrx_word' id='word_1_261' title='bbox 2349 1513 2528 1567; x_wconf 88' lang='lat' dir='ltr'><strong>simul</strong></span> <span class='ocrx_word' id='word_1_262' title='bbox 2553 1529 2685 1566; x_wconf 90' lang='lat' dir='ltr'><strong>cum</strong></span> <span class='ocrx_word' id='word_1_263' title='bbox 2713 1513 3064 1582; x_wconf 83' lang='lat' dir='ltr'><strong>imperatore</strong></span> <span class='ocrx_word' id='word_1_264' title='bbox 3085 1509 3142 1564; x_wconf 92' lang='lat' dir='ltr'><strong>in</strong></span> <span class='ocrx_word' id='word_1_265' title='bbox 3165 1525 3363 1564; x_wconf 86' lang='lat' dir='ltr'><strong>mensa</strong></span> <span class='ocrx_word' id='word_1_266' title='bbox 3383 1515 3664 1578; x_wconf 89' lang='lat' dir='ltr'><strong>apocopla</strong></span> 
     </span>
    </p>
   </div>
   <div class='ocr_carea' id='block_1_40' title="bbox 2020 1597 3664 1674">
    <p class='ocr_par' dir='ltr' id='par_1_40' title="bbox 2020 1597 3664 1674">
     <span class='ocr_line' id='line_1_40' title="bbox 2020 1597 3664 1674; baseline -0.005 -15"><span class='ocrx_word' id='word_1_267' title='bbox 2020 1618 2118 1659; x_wconf 90' lang='lat' dir='ltr'><strong>seu</strong></span> <span class='ocrx_word' id='word_1_268' title='bbox 2152 1602 2380 1674; x_wconf 90' lang='lat' dir='ltr'><strong>privata</strong></span> <span class='ocrx_word' id='word_1_269' title='bbox 2400 1605 2456 1656; x_wconf 90' lang='lat' dir='ltr'><strong>et</strong></span> <span class='ocrx_word' id='word_1_270' title='bbox 2485 1618 2519 1656; x_wconf 92' lang='lat' dir='ltr'><strong>a</strong></span> <span class='ocrx_word' id='word_1_271' title='bbox 2549 1602 2773 1656; x_wconf 65' lang='lat' dir='ltr'><strong>cateris</strong></span> <span class='ocrx_word' id='word_1_272' title='bbox 2794 1603 3057 1671; x_wconf 85' lang='lat' dir='ltr'><strong>separata</strong></span> <span class='ocrx_word' id='word_1_273' title='bbox 3073 1597 3664 1669; x_wconf 76' lang='lat' dir='ltr'><strong>epulantur.Reliquas</strong></span> 
     </span>
    </p>
   </div>
   <div class='ocr_carea' id='block_1_41' title="bbox 2021 1685 3666 1756">
    <p class='ocr_par' dir='ltr' id='par_1_41' title="bbox 2021 1685 3666 1756">
     <span class='ocr_line' id='line_1_41' title="bbox 2021 1685 3666 1756; baseline -0.005 -8"><span class='ocrx_word' id='word_1_274' title='bbox 2021 1699 2212 1748; x_wconf 89' lang='lat' dir='ltr'><strong>autem</strong></span> <span class='ocrx_word' id='word_1_275' title='bbox 2263 1705 2468 1746; x_wconf 87' lang='lat' dir='ltr'><strong>omnes</strong></span> <span class='ocrx_word' id='word_1_276' title='bbox 2499 1693 2636 1744; x_wconf 90' lang='lat' dir='ltr'><strong>sunt</strong></span> <span class='ocrx_word' id='word_1_277' title='bbox 2685 1689 2928 1744; x_wconf 91' lang='lat' dir='ltr'><strong>secundi</strong></span> <span class='ocrx_word' id='word_1_278' title='bbox 2979 1687 3225 1755; x_wconf 89' lang='lat' dir='ltr'><strong>ordinis,</strong></span> <span class='ocrx_word' id='word_1_279' title='bbox 3275 1690 3340 1740; x_wconf 87' lang='lat' dir='ltr'><strong>ut</strong></span> <span class='ocrx_word' id='word_1_280' title='bbox 3386 1685 3666 1756; x_wconf 82' lang='lat' dir='ltr'><strong>magister</strong></span> 
     </span>
    </p>
   </div>
   <div class='ocr_carea' id='block_1_42' title="bbox 2023 1775 3662 1851">
    <p class='ocr_par' dir='ltr' id='par_1_42' title="bbox 2023 1775 3662 1851">
     <span class='ocr_line' id='line_1_42' title="bbox 2023 1775 3662 1851; baseline -0.002 -18"><span class='ocrx_word' id='word_1_281' title='bbox 2023 1779 2312 1851; x_wconf 90' lang='lat' dir='ltr'><strong>[primus],</strong></span> <span class='ocrx_word' id='word_1_282' title='bbox 2347 1777 2623 1850; x_wconf 86' lang='lat' dir='ltr'><strong>magister</strong></span> <span class='ocrx_word' id='word_1_283' title='bbox 2652 1775 2990 1847; x_wconf 78' lang='lat' dir='ltr'><strong>[secundus]</strong></span> <span class='ocrx_word' id='word_1_284' title='bbox 3022 1783 3076 1831; x_wconf 89' lang='lat' dir='ltr'><strong>et</strong></span> <span class='ocrx_word' id='word_1_285' title='bbox 3107 1777 3192 1832; x_wconf 89' lang='lat' dir='ltr'><strong>sic</strong></span> <span class='ocrx_word' id='word_1_286' title='bbox 3223 1790 3411 1846; x_wconf 89' lang='lat' dir='ltr'><strong>porro.</strong></span> <span class='ocrx_word' id='word_1_287' title='bbox 3449 1775 3662 1830; x_wconf 78' lang='lat' dir='ltr'><strong>florum</strong></span> 
     </span>
    </p>
   </div>
   <div class='ocr_carea' id='block_1_43' title="bbox 2019 1864 3662 1937">
    <p class='ocr_par' dir='ltr' id='par_1_43' title="bbox 2019 1864 3662 1937">
     <span class='ocr_line' id='line_1_43' title="bbox 2019 1864 3662 1937; baseline -0.005 -13"><span class='ocrx_word' id='word_1_288' title='bbox 2019 1867 2435 1924; x_wconf 86' lang='lat' dir='ltr'><strong>honoratorum</strong></span> <span class='ocrx_word' id='word_1_289' title='bbox 2463 1865 2513 1921; x_wconf 92' lang='lat' dir='ltr'><strong>si</strong></span> <span class='ocrx_word' id='word_1_290' title='bbox 2561 1867 2695 1937; x_wconf 90' lang='lat' dir='ltr'><strong>quis</strong></span> <span class='ocrx_word' id='word_1_291' title='bbox 2742 1864 2934 1921; x_wconf 90' lang='lat' dir='ltr'><strong>ofﬁcio</strong></span> <span class='ocrx_word' id='word_1_292' title='bbox 2966 1868 3242 1936; x_wconf 68' lang='lat' dir='ltr'><strong>praeterea</strong></span> <span class='ocrx_word' id='word_1_293' title='bbox 3289 1867 3520 1919; x_wconf 89' lang='lat' dir='ltr'><strong>mactus</strong></span> <span class='ocrx_word' id='word_1_294' title='bbox 3551 1865 3662 1930; x_wconf 87' lang='lat' dir='ltr'><strong>est,</strong></span> 
     </span>
    </p>
   </div>
   <div class='ocr_carea' id='block_1_44' title="bbox 2018 1951 3660 2028">
    <p class='ocr_par' dir='ltr' id='par_1_44' title="bbox 2018 1951 3660 2028">
     <span class='ocr_line' id='line_1_44' title="bbox 2018 1951 3660 2028; baseline -0.004 -16"><span class='ocrx_word' id='word_1_295' title='bbox 2018 1956 2389 2028; x_wconf 64' lang='lat' dir='ltr'><strong>praebebatur</strong></span> <span class='ocrx_word' id='word_1_296' title='bbox 2419 1956 2585 2012; x_wconf 89' lang='lat' dir='ltr'><strong>alteri</strong></span> <span class='ocrx_word' id='word_1_297' title='bbox 2617 1955 2878 2025; x_wconf 86' lang='lat' dir='ltr'><strong>ejusdem</strong></span> <span class='ocrx_word' id='word_1_298' title='bbox 2912 1953 3146 2025; x_wconf 89' lang='lat' dir='ltr'><strong>quidem</strong></span> <span class='ocrx_word' id='word_1_299' title='bbox 3179 1951 3488 2024; x_wconf 83' lang='lat' dir='ltr'><strong>dignitatis</strong></span> <span class='ocrx_word' id='word_1_300' title='bbox 3517 1951 3660 2020; x_wconf 78' lang='lat' dir='ltr'><strong>viro,</strong></span> 
     </span>
    </p>
   </div>
   <div class='ocr_carea' id='block_1_45' title="bbox 2015 2042 3666 2114">
    <p class='ocr_par' dir='ltr' id='par_1_45' title="bbox 2015 2042 3666 2114">
     <span class='ocr_line' id='line_1_45' title="bbox 2015 2042 3666 2114; baseline -0.003 -13"><span class='ocrx_word' id='word_1_301' title='bbox 2015 2047 2112 2102; x_wconf 90' lang='lat' dir='ltr'><strong>sed</strong></span> <span class='ocrx_word' id='word_1_302' title='bbox 2146 2044 2336 2100; x_wconf 87' lang='lat' dir='ltr'><strong>ofﬁcio</strong></span> <span class='ocrx_word' id='word_1_303' title='bbox 2367 2060 2548 2111; x_wconf 84' lang='lat' dir='ltr'><strong>casso,</strong></span> <span class='ocrx_word' id='word_1_304' title='bbox 2593 2043 2823 2099; x_wconf 89' lang='lat' dir='ltr'><strong>etiamsi</strong></span> <span class='ocrx_word' id='word_1_305' title='bbox 2866 2042 2990 2114; x_wconf 89' lang='lat' dir='ltr'><strong>ipse</strong></span> <span class='ocrx_word' id='word_1_306' title='bbox 3024 2046 3353 2114; x_wconf 89' lang='lat' dir='ltr'><strong>postremus</strong></span> <span class='ocrx_word' id='word_1_307' title='bbox 3385 2057 3488 2096; x_wconf 91' lang='lat' dir='ltr'><strong>seu</strong></span> <span class='ocrx_word' id='word_1_308' title='bbox 3539 2054 3666 2110; x_wconf 84' lang='lat' dir='ltr'><strong>pro-</strong></span> 
     </span>
    </p>
   </div>
   <div class='ocr_carea' id='block_1_46' title="bbox 2016 2130 3663 2204">
    <p class='ocr_par' dir='ltr' id='par_1_46' title="bbox 2016 2130 3663 2204">
     <span class='ocr_line' id='line_1_46' title="bbox 2016 2130 3663 2204; baseline -0.004 -13"><span class='ocrx_word' id='word_1_309' title='bbox 2016 2134 2293 2191; x_wconf 83' lang='lat' dir='ltr'><strong>motionis</strong></span> <span class='ocrx_word' id='word_1_310' title='bbox 2322 2139 2583 2204; x_wconf 89' lang='lat' dir='ltr'><strong>tempore</strong></span> <span class='ocrx_word' id='word_1_311' title='bbox 2614 2132 3055 2189; x_wconf 86' lang='lat' dir='ltr'><strong>recentissimus</strong></span> <span class='ocrx_word' id='word_1_312' title='bbox 3081 2131 3178 2186; x_wconf 89' lang='lat' dir='ltr'><strong>sit.</strong></span> <span class='ocrx_word' id='word_1_313' title='bbox 3213 2130 3431 2185; x_wconf 90' lang='lat' dir='ltr'><strong>Deinde</strong></span> <span class='ocrx_word' id='word_1_314' title='bbox 3463 2144 3663 2184; x_wconf 89' lang='lat' dir='ltr'><strong>evoca-</strong></span> 
     </span>
    </p>
   </div>
   <div class='ocr_carea' id='block_1_47' title="bbox 2017 2218 3660 2295">
    <p class='ocr_par' dir='ltr' id='par_1_47' title="bbox 2017 2218 3660 2295">
     <span class='ocr_line' id='line_1_47' title="bbox 2017 2218 3660 2295; baseline -0.004 -15"><span class='ocrx_word' id='word_1_315' title='bbox 2017 2230 2112 2280; x_wconf 87' lang='lat' dir='ltr'><strong>tur</strong></span> <span class='ocrx_word' id='word_1_316' title='bbox 2169 2229 2392 2291; x_wconf 88' lang='lat' dir='ltr'><strong>rector;</strong></span> <span class='ocrx_word' id='word_1_317' title='bbox 2426 2222 2718 2295; x_wconf 82' lang='lat' dir='ltr'><strong>syncellus</strong></span> <span class='ocrx_word' id='word_1_318' title='bbox 2768 2223 2994 2291; x_wconf 66' lang='lat' dir='ltr'><strong>Romae;</strong></span> <span class='ocrx_word' id='word_1_319' title='bbox 3045 2219 3341 2293; x_wconf 83' lang='lat' dir='ltr'><strong>syncellus</strong></span> <span class='ocrx_word' id='word_1_320' title='bbox 3389 2218 3660 2274; x_wconf 88' lang='lat' dir='ltr'><strong>CPoleos.</strong></span> 
     </span>
    </p>
   </div>
   <div class='ocr_carea' id='block_1_48' title="bbox 2017 2311 3661 2390">
    <p class='ocr_par' dir='ltr' id='par_1_48' title="bbox 2017 2311 3661 2390">
     <span class='ocr_line' id='line_1_48' title="bbox 2017 2311 3661 2390; baseline -0.004 -18"><span class='ocrx_word' id='word_1_321' title='bbox 2017 2316 2353 2390; x_wconf 80' lang='lat' dir='ltr'><strong>Syncelli,si</strong></span> <span class='ocrx_word' id='word_1_322' title='bbox 2387 2315 2486 2388; x_wconf 90' lang='lat' dir='ltr'><strong>qui</strong></span> <span class='ocrx_word' id='word_1_323' title='bbox 2513 2316 2748 2385; x_wconf 91' lang='lat' dir='ltr'><strong>adsunt,</strong></span> <span class='ocrx_word' id='word_1_324' title='bbox 2773 2314 3231 2387; x_wconf 83' lang='lat' dir='ltr'><strong>patriarcharum</strong></span> <span class='ocrx_word' id='word_1_325' title='bbox 3265 2311 3661 2379; x_wconf 89' lang='lat' dir='ltr'><strong>orientalium,</strong></span> 
     </span>
    </p>
   </div>
   <div class='ocr_carea' id='block_1_49' title="bbox 2023 2401 3662 2478">
    <p class='ocr_par' dir='ltr' id='par_1_49' title="bbox 2023 2401 3662 2478">
     <span class='ocr_line' id='line_1_49' title="bbox 2023 2401 3662 2478; baseline -0.003 -15"><span class='ocrx_word' id='word_1_326' title='bbox 2023 2407 2359 2478; x_wconf 62' lang='lat' dir='ltr'><strong>precedunt</strong></span> <span class='ocrx_word' id='word_1_327' title='bbox 2408 2410 2466 2460; x_wconf 87' lang='lat' dir='ltr'><strong>et</strong></span> <span class='ocrx_word' id='word_1_328' title='bbox 2496 2409 2827 2477; x_wconf 89' lang='lat' dir='ltr'><strong>sequuntur</strong></span> <span class='ocrx_word' id='word_1_329' title='bbox 2873 2405 3094 2472; x_wconf 89' lang='lat' dir='ltr'><strong>ordine,</strong></span> <span class='ocrx_word' id='word_1_330' title='bbox 3129 2418 3302 2475; x_wconf 91' lang='lat' dir='ltr'><strong>quem</strong></span> <span class='ocrx_word' id='word_1_331' title='bbox 3349 2402 3410 2458; x_wconf 92' lang='lat' dir='ltr'><strong>in</strong></span> <span class='ocrx_word' id='word_1_332' title='bbox 3457 2401 3662 2458; x_wconf 88' lang='lat' dir='ltr'><strong>ordine</strong></span> 
     </span>
    </p>
   </div>
   <div class='ocr_carea' id='block_1_50' title="bbox 2023 2489 3660 2565">
    <p class='ocr_par' dir='ltr' id='par_1_50' title="bbox 2023 2489 3660 2565">
     <span class='ocr_line' id='line_1_50' title="bbox 2023 2489 3660 2565; baseline -0.004 -13"><span class='ocrx_word' id='word_1_333' title='bbox 2023 2495 2411 2552; x_wconf 88' lang='lat' dir='ltr'><strong>ecclesiastico</strong></span> <span class='ocrx_word' id='word_1_334' title='bbox 2441 2499 2600 2550; x_wconf 89' lang='lat' dir='ltr'><strong>tenet</strong></span> <span class='ocrx_word' id='word_1_335' title='bbox 2630 2510 2775 2550; x_wconf 86' lang='lat' dir='ltr'><strong>suus</strong></span> <span class='ocrx_word' id='word_1_336' title='bbox 2821 2495 3106 2565; x_wconf 89' lang='lat' dir='ltr'><strong>cujusque</strong></span> <span class='ocrx_word' id='word_1_337' title='bbox 3137 2490 3486 2564; x_wconf 86' lang='lat' dir='ltr'><strong>patriarcha.</strong></span> <span class='ocrx_word' id='word_1_338' title='bbox 3520 2489 3660 2546; x_wconf 90' lang='lat' dir='ltr'><strong>Dein</strong></span> 
     </span>
    </p>
   </div>
   <div class='ocr_carea' id='block_1_51' title="bbox 2025 2579 3662 2655">
    <p class='ocr_par' dir='ltr' id='par_1_51' title="bbox 2025 2579 3662 2655">
     <span class='ocr_line' id='line_1_51' title="bbox 2025 2579 3662 2655; baseline -0.003 -14"><span class='ocrx_word' id='word_1_339' title='bbox 2025 2583 2496 2655; x_wconf 87' lang='lat' dir='ltr'><strong>archiepiscopus</strong></span> <span class='ocrx_word' id='word_1_340' title='bbox 2525 2582 2805 2654; x_wconf 63' lang='lat' dir='ltr'><strong>Bulgaria</strong></span> <span class='ocrx_word' id='word_1_341' title='bbox 2829 2600 2844 2650; x_wconf 89' lang='lat'><strong>;</strong></span> <span class='ocrx_word' id='word_1_342' title='bbox 2868 2587 2993 2639; x_wconf 89' lang='lat' dir='ltr'><strong>tum</strong></span> <span class='ocrx_word' id='word_1_343' title='bbox 3017 2579 3244 2653; x_wconf 90' lang='lat' dir='ltr'><strong>patricii</strong></span> <span class='ocrx_word' id='word_1_344' title='bbox 3275 2579 3662 2636; x_wconf 89' lang='lat' dir='ltr'><strong>eunuchi.Ho-</strong></span> 
     </span>
    </p>
   </div>
   <div class='ocr_carea' id='block_1_52' title="bbox 1588 2682 2302 2742">
    <p class='ocr_par' dir='ltr' id='par_1_52' title="bbox 1588 2682 2302 2742">
     <span class='ocr_line' id='line_1_52' title="bbox 1588 2682 2302 2742; baseline -0.001 -4"><span class='ocrx_word' id='word_1_345' title='bbox 1588 2684 1834 2740; x_wconf 73' lang='lat' dir='ltr'><strong>VARl/E</strong></span> <span class='ocrx_word' id='word_1_346' title='bbox 1886 2682 2302 2742; x_wconf 87' lang='lat' dir='ltr'><strong>LECTIONES.</strong></span> 
     </span>
    </p>
   </div>
   <div class='ocr_carea' id='block_1_53' title="bbox 320 2779 989 2856">
    <p class='ocr_par' dir='ltr' id='par_1_53' title="bbox 320 2779 989 2856">
     <span class='ocr_line' id='line_1_53' title="bbox 320 2779 989 2856; baseline 0.004 -23"><span class='ocrx_word' id='word_1_347' title='bbox 320 2780 366 2817; x_wconf 77' lang='lat'><strong>3°</strong></span> <span class='ocrx_word' id='word_1_348' title='bbox 393 2779 616 2856; x_wconf 82' lang='grc' dir='ltr'>τοίχυεν</span> <span class='ocrx_word' id='word_1_349' title='bbox 649 2781 776 2837; x_wconf 90' lang='lat' dir='ltr'><strong>cod.</strong></span> <span class='ocrx_word' id='word_1_350' title='bbox 810 2787 868 2838; x_wconf 83' lang='lat' dir='ltr'><strong>et</strong></span> <span class='ocrx_word' id='word_1_351' title='bbox 897 2783 989 2837; x_wconf 91' lang='lat' dir='ltr'><strong>ed.</strong></span> 
     </span>
    </p>
   </div>
   <div class='ocr_carea' id='block_1_54' title="bbox 1277 2870 2608 2930">
    <p class='ocr_par' dir='ltr' id='par_1_54' title="bbox 1277 2870 2608 2930">
     <span class='ocr_line' id='line_1_54' title="bbox 1277 2870 2608 2930; baseline 0 -3"><span class='ocrx_word' id='word_1_352' title='bbox 1277 2871 1477 2928; x_wconf 89' lang='lat' dir='ltr'><strong>JOAN.</strong></span> <span class='ocrx_word' id='word_1_353' title='bbox 1518 2873 1669 2930; x_wconf 84' lang='lat' dir='ltr'><strong>JAC.</strong></span> <span class='ocrx_word' id='word_1_354' title='bbox 1713 2873 1979 2930; x_wconf 82' lang='lat' dir='ltr'><strong>REISKII</strong></span> <span class='ocrx_word' id='word_1_355' title='bbox 2017 2870 2608 2928; x_wconf 81' lang='lat' dir='ltr'><strong>COMMENTARIUS.</strong></span> 
     </span>
    </p>
   </div>
   <div class='ocr_carea' id='block_1_55' title="bbox 320 2971 1900 3044">
    <p class='ocr_par' dir='ltr' id='par_1_55' title="bbox 320 2971 1900 3044">
     <span class='ocr_line' id='line_1_55' title="bbox 320 2971 1900 3044; baseline 0.003 -19"><span class='ocrx_word' id='word_1_356' title='bbox 320 2971 433 3041; x_wconf 86' lang='grc'><strong>(17)</strong></span> <span class='ocrx_word' id='word_1_357' title='bbox 463 2971 655 3044; x_wconf 79' lang='lat' dir='ltr'><strong>Potest</strong></span> <span class='ocrx_word' id='word_1_358' title='bbox 686 2972 756 3027; x_wconf 92' lang='lat' dir='ltr'><strong>de</strong></span> <span class='ocrx_word' id='word_1_359' title='bbox 787 2971 1009 3044; x_wconf 88' lang='lat' dir='ltr'><strong>collega</strong></span> <span class='ocrx_word' id='word_1_360' title='bbox 1042 2971 1274 3043; x_wconf 90' lang='lat' dir='ltr'><strong>imperii</strong></span> <span class='ocrx_word' id='word_1_361' title='bbox 1314 2973 1518 3042; x_wconf 88' lang='lat' dir='ltr'><strong>accipi,</strong></span> <span class='ocrx_word' id='word_1_362' title='bbox 1553 2973 1745 3044; x_wconf 89' lang='lat' dir='ltr'><strong>qualis</strong></span> <span class='ocrx_word' id='word_1_363' title='bbox 1775 2977 1900 3029; x_wconf 86' lang='lat' dir='ltr'><strong>erat</strong></span> 
     </span>
    </p>
   </div>
   <div class='ocr_carea' id='block_1_56' title="bbox 255 3042 1898 3115">
    <p class='ocr_par' dir='ltr' id='par_1_56' title="bbox 255 3042 1898 3115">
     <span class='ocr_line' id='line_1_56' title="bbox 255 3042 1898 3115; baseline 0.002 -18"><span class='ocrx_word' id='word_1_364' title='bbox 255 3042 594 3110; x_wconf 80' lang='lat' dir='ltr'><strong>Alexander,</strong></span> <span class='ocrx_word' id='word_1_365' title='bbox 627 3045 804 3100; x_wconf 81' lang='lat' dir='ltr'><strong>frater</strong></span> <span class='ocrx_word' id='word_1_366' title='bbox 833 3042 1060 3109; x_wconf 78' lang='lat' dir='ltr'><strong>Leonis,</strong></span> <span class='ocrx_word' id='word_1_367' title='bbox 1094 3042 1200 3099; x_wconf 85' lang='lat' dir='ltr'><strong>sub</strong></span> <span class='ocrx_word' id='word_1_368' title='bbox 1245 3060 1361 3115; x_wconf 92' lang='lat' dir='ltr'><strong>quo</strong></span> <span class='ocrx_word' id='word_1_369' title='bbox 1393 3042 1674 3115; x_wconf 82' lang='lat' dir='ltr'><strong>regnante</strong></span> <span class='ocrx_word' id='word_1_370' title='bbox 1711 3044 1898 3101; x_wconf 86' lang='lat' dir='ltr'><strong>Cleto-</strong></span> 
     </span>
    </p>
   </div>
   <div class='ocr_carea' id='block_1_57' title="bbox 257 3115 1900 3184">
    <p class='ocr_par' dir='ltr' id='par_1_57' title="bbox 257 3115 1900 3184">
     <span class='ocr_line' id='line_1_57' title="bbox 257 3115 1900 3184; baseline 0.002 -16"><span class='ocrx_word' id='word_1_371' title='bbox 257 3115 544 3184; x_wconf 86' lang='lat' dir='ltr'><strong>rologium</strong></span> <span class='ocrx_word' id='word_1_372' title='bbox 578 3115 686 3171; x_wconf 90' lang='lat' dir='ltr'><strong>hoc</strong></span> <span class='ocrx_word' id='word_1_373' title='bbox 717 3115 1130 3172; x_wconf 88' lang='lat' dir='ltr'><strong>concinnatum</strong></span> <span class='ocrx_word' id='word_1_374' title='bbox 1165 3115 1288 3170; x_wconf 89' lang='lat' dir='ltr'><strong>fuit.</strong></span> <span class='ocrx_word' id='word_1_375' title='bbox 1317 3115 1459 3170; x_wconf 88' lang='lat' dir='ltr'><strong>Cum</strong></span> <span class='ocrx_word' id='word_1_376' title='bbox 1515 3120 1707 3171; x_wconf 90' lang='lat' dir='ltr'><strong>tamen</strong></span> <span class='ocrx_word' id='word_1_377' title='bbox 1755 3117 1900 3171; x_wconf 88' lang='lat' dir='ltr'><strong>alias</strong></span> 
     </span>
    </p>
   </div>
   <div class='ocr_carea' id='block_1_58' title="bbox 247 3183 1902 3258">
    <p class='ocr_par' dir='ltr' id='par_1_58' title="bbox 247 3183 1902 3258">
     <span class='ocr_line' id='line_1_58' title="bbox 247 3183 1902 3258; baseline 0.004 -22"><span class='ocrx_word' id='word_1_378' title='bbox 247 3183 298 3236; x_wconf 76' lang='grc' dir='ltr'>οἱ</span> <span class='ocrx_word' id='word_1_379' title='bbox 367 3183 608 3254; x_wconf 68' lang='grc' dir='ltr'>βασιλεῖς</span> <span class='ocrx_word' id='word_1_380' title='bbox 663 3185 781 3240; x_wconf 89' lang='lat' dir='ltr'><strong>sint</strong></span> <span class='ocrx_word' id='word_1_381' title='bbox 839 3192 1138 3258; x_wconf 79' lang='lat' dir='ltr'><strong>Augustus</strong></span> <span class='ocrx_word' id='word_1_382' title='bbox 1183 3191 1242 3241; x_wconf 88' lang='lat' dir='ltr'><strong>et</strong></span> <span class='ocrx_word' id='word_1_383' title='bbox 1297 3189 1576 3258; x_wconf 88' lang='lat' dir='ltr'><strong>Augusta,</strong></span> <span class='ocrx_word' id='word_1_384' title='bbox 1637 3193 1693 3243; x_wconf 92' lang='lat' dir='ltr'><strong>et</strong></span> <span class='ocrx_word' id='word_1_385' title='bbox 1752 3188 1902 3243; x_wconf 88' lang='lat' dir='ltr'><strong>inter</strong></span> 
     </span>
    </p>
   </div>
   <div class='ocr_carea' id='block_1_59' title="bbox 255 3257 1902 3324">
    <p class='ocr_par' dir='ltr' id='par_1_59' title="bbox 255 3257 1902 3324">
     <span class='ocr_line' id='line_1_59' title="bbox 255 3257 1902 3324; baseline 0.004 -16"><span class='ocrx_word' id='word_1_386' title='bbox 255 3269 473 3308; x_wconf 71' lang='lat' dir='ltr'><strong>mensae</strong></span> <span class='ocrx_word' id='word_1_387' title='bbox 504 3263 781 3324; x_wconf 69' lang='lat' dir='ltr'><strong>separatas</strong></span> <span class='ocrx_word' id='word_1_388' title='bbox 828 3257 1091 3312; x_wconf 89' lang='lat' dir='ltr'><strong>membra</strong></span> <span class='ocrx_word' id='word_1_389' title='bbox 1124 3257 1584 3314; x_wconf 34' lang='lat' dir='ltr'><strong>Patricia’Zoste</strong></span> <span class='ocrx_word' id='word_1_390' title='bbox 1634 3263 1902 3315; x_wconf 89' lang='lat' dir='ltr'><strong>nomine-</strong></span> 
     </span>
    </p>
   </div>
   <div class='ocr_carea' id='block_1_60' title="bbox 251 3296 1974 3406">
    <p class='ocr_par' dir='ltr' id='par_1_60' title="bbox 251 3296 1974 3406">
     <span class='ocr_line' id='line_1_60' title="bbox 251 3296 1974 3406; baseline 0.005 -30"><span class='ocrx_word' id='word_1_391' title='bbox 251 3296 781 3406; x_wconf 57' lang='lat' dir='ltr'><strong>gaxjatgfa-‘arig</strong></span> <span class='ocrx_word' id='word_1_392' title='bbox 803 3296 1584 3406; x_wconf 54' lang='grc' dir='ltr'><strong>ιῖιῖιῑῖλξηξῑεξῖςέξοῆξιῖέ</strong></span> <span class='ocrx_word' id='word_1_393' title='bbox 1597 3296 1902 3406; x_wconf 55' lang='lat' dir='ltr'><strong>agam;</strong></span> <span class='ocrx_word' id='word_1_394' title='bbox 1931 3296 1974 3362; x_wconf 73' lang='grc' dir='ltr'>ο</span> 
     </span>
    </p>
   </div>
   <div class='ocr_carea' id='block_1_61' title="bbox 256 3394 1902 3467">
    <p class='ocr_par' dir='ltr' id='par_1_61' title="bbox 256 3394 1902 3467">
     <span class='ocr_line' id='line_1_61' title="bbox 256 3394 1902 3467; baseline 0.004 -19"><span class='ocrx_word' id='word_1_395' title='bbox 256 3394 472 3467; x_wconf 78' lang='lat' dir='ltr'><strong>femina</strong></span> <span class='ocrx_word' id='word_1_396' title='bbox 519 3399 577 3449; x_wconf 91' lang='lat' dir='ltr'><strong>et</strong></span> <span class='ocrx_word' id='word_1_397' title='bbox 623 3400 754 3464; x_wconf 89' lang='lat' dir='ltr'><strong>post</strong></span> <span class='ocrx_word' id='word_1_398' title='bbox 787 3394 1135 3467; x_wconf 10' lang='lat' dir='ltr'><strong>Augustam,</strong></span> <span class='ocrx_word' id='word_1_399' title='bbox 1172 3394 1383 3467; x_wconf 65' lang='lat' dir='ltr'><strong>prima,</strong></span> <span class='ocrx_word' id='word_1_400' title='bbox 1433 3394 1490 3450; x_wconf 81' lang='lat' dir='ltr'><strong>et</strong></span> <span class='ocrx_word' id='word_1_401' title='bbox 1538 3394 1781 3467; x_wconf 57' lang='lat' dir='ltr'><strong>pror&#39;sus</strong></span> <span class='ocrx_word' id='word_1_402' title='bbox 1830 3401 1902 3454; x_wconf 87' lang='lat' dir='ltr'><strong>ad</strong></span> 
     </span>
    </p>
   </div>
   <div class='ocr_carea' id='block_1_62' title="bbox 261 3464 1904 3538">
    <p class='ocr_par' dir='ltr' id='par_1_62' title="bbox 261 3464 1904 3538">
     <span class='ocr_line' id='line_1_62' title="bbox 261 3464 1904 3538; baseline 0.002 -19"><span class='ocrx_word' id='word_1_403' title='bbox 261 3464 514 3520; x_wconf 86' lang='lat' dir='ltr'><strong>ofﬁcium</strong></span> <span class='ocrx_word' id='word_1_404' title='bbox 549 3465 799 3535; x_wconf 85' lang='lat' dir='ltr'><strong>Augusti</strong></span> <span class='ocrx_word' id='word_1_405' title='bbox 827 3464 1006 3538; x_wconf 77' lang='lat' dir='ltr'><strong>nihil</strong></span> <span class='ocrx_word' id='word_1_406' title='bbox 1034 3464 1300 3531; x_wconf 85' lang='lat' dir='ltr'><strong>faciebat,</strong></span> <span class='ocrx_word' id='word_1_407' title='bbox 1334 3464 1730 3538; x_wconf 76' lang='lat' dir='ltr'><strong>dicunturque</strong></span> <span class='ocrx_word' id='word_1_408' title='bbox 1761 3485 1904 3538; x_wconf 72' lang='lat' dir='ltr'><strong>pras-</strong></span> 
     </span>
    </p>
   </div>
   <div class='ocr_carea' id='block_1_63' title="bbox 262 3536 1905 3606">
    <p class='ocr_par' dir='ltr' id='par_1_63' title="bbox 262 3536 1905 3606">
     <span class='ocr_line' id='line_1_63' title="bbox 262 3536 1905 3606; baseline 0.002 -16"><span class='ocrx_word' id='word_1_409' title='bbox 262 3539 442 3603; x_wconf 89' lang='lat' dir='ltr'><strong>terea,</strong></span> <span class='ocrx_word' id='word_1_410' title='bbox 490 3539 750 3606; x_wconf 86' lang='lat' dir='ltr'><strong>Augusta</strong></span> <span class='ocrx_word' id='word_1_411' title='bbox 784 3537 881 3592; x_wconf 91' lang='lat' dir='ltr'><strong>ubi</strong></span> <span class='ocrx_word' id='word_1_412' title='bbox 913 3536 1073 3592; x_wconf 90' lang='lat' dir='ltr'><strong>nulla</strong></span> <span class='ocrx_word' id='word_1_413' title='bbox 1113 3541 1289 3602; x_wconf 89' lang='lat' dir='ltr'><strong>esset,</strong></span> <span class='ocrx_word' id='word_1_414' title='bbox 1319 3536 1593 3591; x_wconf 90' lang='lat' dir='ltr'><strong>celebrari</strong></span> <span class='ocrx_word' id='word_1_415' title='bbox 1634 3536 1775 3593; x_wconf 62' lang='lat' dir='ltr'><strong>non</strong></span> <span class='ocrx_word' id='word_1_416' title='bbox 1804 3555 1905 3606; x_wconf 87' lang='lat' dir='ltr'><strong>po-</strong></span> 
     </span>
    </p>
   </div>
   <div class='ocr_carea' id='block_1_64' title="bbox 263 3556 1908 3680">
    <p class='ocr_par' dir='ltr' id='par_1_64' title="bbox 263 3556 1908 3680">
     <span class='ocr_line' id='line_1_64' title="bbox 263 3556 1905 3606; baseline 0.002 -16"><span class='ocrx_word' id='word_1_417' title='bbox 263 3556 442 3603; x_wconf 73' lang='lat' dir='ltr'><strong>terea,</strong></span> <span class='ocrx_word' id='word_1_418' title='bbox 490 3556 750 3606; x_wconf 64' lang='lat' dir='ltr'><strong>augusta</strong></span> <span class='ocrx_word' id='word_1_419' title='bbox 784 3556 881 3592; x_wconf 83' lang='lat' dir='ltr'><strong>UDI</strong></span> <span class='ocrx_word' id='word_1_420' title='bbox 913 3556 1073 3592; x_wconf 86' lang='lat' dir='ltr'><strong>nuua</strong></span> <span class='ocrx_word' id='word_1_421' title='bbox 1113 3556 1289 3602; x_wconf 61' lang='lat'><strong>83885,</strong></span> <span class='ocrx_word' id='word_1_422' title='bbox 1319 3556 1593 3591; x_wconf 66' lang='grc' dir='ltr'><strong>ΟΘΙΕΟῘὮΙῚ</strong></span> <span class='ocrx_word' id='word_1_423' title='bbox 1636 3556 1750 3593; x_wconf 87' lang='lat' dir='ltr'><strong>non</strong></span> <span class='ocrx_word' id='word_1_424' title='bbox 1841 3556 1905 3594; x_wconf 84' lang='grc'><strong>0·</strong></span> 
     </span>
     <span class='ocr_line' id='line_1_65' title="bbox 263 3556 1908 3680; baseline 0.002 -19"><span class='ocrx_word' id='word_1_425' title='bbox 263 3607 445 3680; x_wconf 84' lang='lat' dir='ltr'><strong>tuisse</strong></span> <span class='ocrx_word' id='word_1_426' title='bbox 481 3608 741 3662; x_wconf 84' lang='lat' dir='ltr'><strong>convivia</strong></span> <span class='ocrx_word' id='word_1_427' title='bbox 772 3608 863 3662; x_wconf 78' lang='lat' dir='ltr'><strong>xix</strong></span> <span class='ocrx_word' id='word_1_428' title='bbox 917 3608 1309 3676; x_wconf 90' lang='lat' dir='ltr'><strong>accubituum,</strong></span> <span class='ocrx_word' id='word_1_429' title='bbox 1342 3607 1657 3664; x_wconf 89' lang='lat' dir='ltr'><strong>admodum</strong></span> <span class='ocrx_word' id='word_1_430' title='bbox 1693 3556 1908 3680; x_wconf 57' lang='lat' dir='ltr'><strong>proga—</strong></span> 
     </span>
    </p>
   </div>
   <div class='ocr_carea' id='block_1_65' title="bbox 266 3678 1904 3751">
    <p class='ocr_par' dir='ltr' id='par_1_65' title="bbox 266 3678 1904 3751">
     <span class='ocr_line' id='line_1_66' title="bbox 266 3678 1904 3751; baseline 0.002 -19"><span class='ocrx_word' id='word_1_431' title='bbox 266 3678 380 3733; x_wconf 91' lang='lat' dir='ltr'><strong>bile</strong></span> <span class='ocrx_word' id='word_1_432' title='bbox 410 3683 517 3751; x_wconf 87' lang='lat' dir='ltr'><strong>est,</strong></span> <span class='ocrx_word' id='word_1_433' title='bbox 548 3681 877 3750; x_wconf 88' lang='lat' dir='ltr'><strong>Augustum</strong></span> <span class='ocrx_word' id='word_1_434' title='bbox 909 3685 966 3735; x_wconf 87' lang='lat' dir='ltr'><strong>et</strong></span> <span class='ocrx_word' id='word_1_435' title='bbox 1013 3682 1338 3750; x_wconf 86' lang='lat' dir='ltr'><strong>Augustam</strong></span> <span class='ocrx_word' id='word_1_436' title='bbox 1392 3678 1757 3751; x_wconf 67' lang='lat' dir='ltr'><strong>praesedisse,</strong></span> <span class='ocrx_word' id='word_1_437' title='bbox 1791 3697 1904 3750; x_wconf 90' lang='lat' dir='ltr'><strong>quo</strong></span> 
     </span>
    </p>
   </div>
   <div class='ocr_carea' id='block_1_66' title="bbox 268 3750 1902 3822">
    <p class='ocr_par' dir='ltr' id='par_1_66' title="bbox 268 3750 1902 3822">
     <span class='ocr_line' id='line_1_67' title="bbox 268 3750 1902 3822; baseline 0.002 -18"><span class='ocrx_word' id='word_1_438' title='bbox 268 3750 508 3822; x_wconf 86' lang='lat' dir='ltr'><strong>accedit,</strong></span> <span class='ocrx_word' id='word_1_439' title='bbox 541 3767 638 3805; x_wconf 85' lang='lat' dir='ltr'><strong>sex</strong></span> <span class='ocrx_word' id='word_1_440' title='bbox 688 3756 912 3805; x_wconf 83' lang='lat' dir='ltr'><strong>tantum</strong></span> <span class='ocrx_word' id='word_1_441' title='bbox 945 3751 1262 3822; x_wconf 87' lang='lat' dir='ltr'><strong>dignitates</strong></span> <span class='ocrx_word' id='word_1_442' title='bbox 1312 3750 1408 3805; x_wconf 85' lang='lat' dir='ltr'><strong>hic</strong></span> <span class='ocrx_word' id='word_1_443' title='bbox 1437 3753 1748 3817; x_wconf 89' lang='lat' dir='ltr'><strong>recenseri,</strong></span> <span class='ocrx_word' id='word_1_444' title='bbox 1781 3769 1902 3822; x_wconf 65' lang='lat' dir='ltr'><strong>quae</strong></span> 
     </span>
    </p>
   </div>
   <div class='ocr_carea' id='block_1_67' title="bbox 264 3821 1903 3891">
    <p class='ocr_par' dir='ltr' id='par_1_67' title="bbox 264 3821 1903 3891">
     <span class='ocr_line' id='line_1_68' title="bbox 264 3821 1903 3891; baseline 0.003 -17"><span class='ocrx_word' id='word_1_445' title='bbox 264 3821 334 3874; x_wconf 90' lang='lat' dir='ltr'><strong>ad</strong></span> <span class='ocrx_word' id='word_1_446' title='bbox 387 3837 646 3876; x_wconf 89' lang='lat' dir='ltr'><strong>mensam</strong></span> <span class='ocrx_word' id='word_1_447' title='bbox 707 3821 1031 3891; x_wconf 84' lang='lat' dir='ltr'><strong>separatam</strong></span> <span class='ocrx_word' id='word_1_448' title='bbox 1080 3823 1568 3889; x_wconf 87' lang='lat' dir='ltr'><strong>admitterentur;</strong></span> <span class='ocrx_word' id='word_1_449' title='bbox 1600 3828 1658 3878; x_wconf 88' lang='lat' dir='ltr'><strong>et</strong></span> <span class='ocrx_word' id='word_1_450' title='bbox 1704 3821 1903 3880; x_wconf 89' lang='lat' dir='ltr'><strong>tamen</strong></span> 
     </span>
    </p>
   </div>
   <div class='ocr_carea' id='block_1_68' title="bbox 267 3892 1904 3964">
    <p class='ocr_par' dir='ltr' id='par_1_68' title="bbox 267 3892 1904 3964">
     <span class='ocr_line' id='line_1_69' title="bbox 267 3892 1904 3964; baseline 0.003 -18"><span class='ocrx_word' id='word_1_451' title='bbox 267 3892 484 3963; x_wconf 91' lang='lat' dir='ltr'><strong>ubique</strong></span> <span class='ocrx_word' id='word_1_452' title='bbox 515 3909 617 3964; x_wconf 90' lang='lat' dir='ltr'><strong>per</strong></span> <span class='ocrx_word' id='word_1_453' title='bbox 646 3892 754 3948; x_wconf 93' lang='lat' dir='ltr'><strong>hoc</strong></span> <span class='ocrx_word' id='word_1_454' title='bbox 784 3893 1229 3963; x_wconf 89' lang='lat' dir='ltr'><strong>Cletorologium</strong></span> <span class='ocrx_word' id='word_1_455' title='bbox 1269 3893 1544 3964; x_wconf 91' lang='lat' dir='ltr'><strong>leguntur</strong></span> <span class='ocrx_word' id='word_1_456' title='bbox 1573 3893 1658 3948; x_wconf 91' lang='lat' dir='ltr'><strong>illi</strong></span> <span class='ocrx_word' id='word_1_457' title='bbox 1687 3911 1904 3951; x_wconf 65' lang='lat' dir='ltr'><strong>mensas</strong></span> 
     </span>
    </p>
   </div>
   <div class='ocr_carea' id='block_1_69' title="bbox 265 3965 1904 4036">
    <p class='ocr_par' dir='ltr' id='par_1_69' title="bbox 265 3965 1904 4036">
     <span class='ocr_line' id='line_1_70' title="bbox 265 3965 1904 4036; baseline 0.001 -19"><span class='ocrx_word' id='word_1_458' title='bbox 265 3971 472 4036; x_wconf 66' lang='lat' dir='ltr'><strong>praeter</strong></span> <span class='ocrx_word' id='word_1_459' title='bbox 520 3969 840 4034; x_wconf 84' lang='lat' dir='ltr'><strong>Augustum</strong></span> <span class='ocrx_word' id='word_1_460' title='bbox 889 3966 1188 4036; x_wconf 83' lang='lat' dir='ltr'><strong>duodecim</strong></span> <span class='ocrx_word' id='word_1_461' title='bbox 1239 3965 1544 4021; x_wconf 89' lang='lat' dir='ltr'><strong>assedisse.</strong></span> <span class='ocrx_word' id='word_1_462' title='bbox 1581 3966 1746 4020; x_wconf 90' lang='lat' dir='ltr'><strong>Forte</strong></span> <span class='ocrx_word' id='word_1_463' title='bbox 1792 3967 1904 4036; x_wconf 88' lang='lat' dir='ltr'><strong>igi-</strong></span> 
     </span>
    </p>
   </div>
   <div class='ocr_carea' id='block_1_70' title="bbox 260 4035 1901 4109">
    <p class='ocr_par' dir='ltr' id='par_1_70' title="bbox 260 4035 1901 4109">
     <span class='ocr_line' id='line_1_71' title="bbox 260 4035 1901 4109; baseline 0.003 -21"><span class='ocrx_word' id='word_1_464' title='bbox 260 4040 357 4089; x_wconf 90' lang='lat' dir='ltr'><strong>tur</strong></span> <span class='ocrx_word' id='word_1_465' title='bbox 385 4035 622 4109; x_wconf 87' lang='lat' dir='ltr'><strong>aderant.</strong></span> <span class='ocrx_word' id='word_1_466' title='bbox 653 4051 1012 4109; x_wconf 83' lang='lat' dir='ltr'><strong>summorum</strong></span> <span class='ocrx_word' id='word_1_467' title='bbox 1060 4035 1291 4109; x_wconf 74' lang='lat' dir='ltr'><strong>illorum</strong></span> <span class='ocrx_word' id='word_1_468' title='bbox 1326 4037 1659 4109; x_wconf 87' lang='lat' dir='ltr'><strong>principum</strong></span> <span class='ocrx_word' id='word_1_469' title='bbox 1695 4035 1901 4109; x_wconf 77' lang='lat' dir='ltr'><strong>uxores</strong></span> 
     </span>
    </p>
   </div>
   <div class='ocr_carea' id='block_1_71' title="bbox 257 4106 1901 4164">
    <p class='ocr_par' dir='ltr' id='par_1_71' title="bbox 257 4106 1901 4164">
     <span class='ocr_line' id='line_1_72' title="bbox 257 4106 1901 4164; baseline 0.002 -4"><span class='ocrx_word' id='word_1_470' title='bbox 257 4109 313 4160; x_wconf 91' lang='lat' dir='ltr'><strong>et</strong></span> <span class='ocrx_word' id='word_1_471' title='bbox 343 4108 587 4162; x_wconf 83' lang='lat' dir='ltr'><strong>maritus</strong></span> <span class='ocrx_word' id='word_1_472' title='bbox 616 4106 877 4162; x_wconf 72' lang='lat' dir='ltr'><strong>Patriciae</strong></span> <span class='ocrx_word' id='word_1_473' title='bbox 920 4111 1114 4163; x_wconf 73' lang='lat' dir='ltr'><strong>Z08ltB.</strong></span> <span class='ocrx_word' id='word_1_474' title='bbox 1150 4107 1276 4162; x_wconf 90' lang='lat' dir='ltr'><strong>Non</strong></span> <span class='ocrx_word' id='word_1_475' title='bbox 1326 4106 1538 4164; x_wconf 62' lang='lat' dir='ltr'><strong>ausim&#39;</strong></span> <span class='ocrx_word' id='word_1_476' title='bbox 1566 4113 1760 4164; x_wconf 84' lang='lat' dir='ltr'><strong>tamen</strong></span> <span class='ocrx_word' id='word_1_477' title='bbox 1793 4108 1901 4164; x_wconf 92' lang='lat' dir='ltr'><strong>hoc</strong></span> 
     </span>
    </p>
   </div>
   <div class='ocr_carea' id='block_1_72' title="bbox 259 4177 1902 4248">
    <p class='ocr_par' dir='ltr' id='par_1_72' title="bbox 259 4177 1902 4248">
     <span class='ocr_line' id='line_1_73' title="bbox 259 4177 1902 4248; baseline 0.003 -17"><span class='ocrx_word' id='word_1_478' title='bbox 259 4177 568 4238; x_wconf 77' lang='lat' dir='ltr'><strong>affirmare.</strong></span> <span class='ocrx_word' id='word_1_479' title='bbox 627 4178 951 4248; x_wconf 82' lang='lat' dir='ltr'><strong>recogitans</strong></span> <span class='ocrx_word' id='word_1_480' title='bbox 1009 4194 1310 4234; x_wconf 90' lang='lat' dir='ltr'><strong>summum</strong></span> <span class='ocrx_word' id='word_1_481' title='bbox 1364 4183 1466 4235; x_wconf 86' lang='lat' dir='ltr'><strong>aut</strong></span> <span class='ocrx_word' id='word_1_482' title='bbox 1532 4179 1742 4234; x_wconf 84' lang='lat' dir='ltr'><strong>fastum</strong></span> <span class='ocrx_word' id='word_1_483' title='bbox 1804 4184 1902 4236; x_wconf 90' lang='lat' dir='ltr'><strong>aut</strong></span> 
     </span>
    </p>
   </div>
   <div class='ocr_carea' id='block_1_73' title="bbox 261 4248 1897 4322">
    <p class='ocr_par' dir='ltr' id='par_1_73' title="bbox 261 4248 1897 4322">
     <span class='ocr_line' id='line_1_74' title="bbox 261 4248 1897 4322; baseline 0.003 -21"><span class='ocrx_word' id='word_1_484' title='bbox 261 4248 667 4322; x_wconf 83' lang='lat' dir='ltr'><strong>verecundiam</strong></span> <span class='ocrx_word' id='word_1_485' title='bbox 707 4253 1126 4321; x_wconf 83' lang='lat' dir='ltr'><strong>Augustarum,</strong></span> <span class='ocrx_word' id='word_1_486' title='bbox 1169 4267 1296 4322; x_wconf 65' lang='lat' dir='ltr'><strong>quae</strong></span> <span class='ocrx_word' id='word_1_487' title='bbox 1326 4249 1537 4322; x_wconf 84' lang='lat' dir='ltr'><strong>Oppido</strong></span> <span class='ocrx_word' id='word_1_488' title='bbox 1587 4267 1715 4306; x_wconf 92' lang='lat' dir='ltr'><strong>raro</strong></span> <span class='ocrx_word' id='word_1_489' title='bbox 1767 4267 1897 4322; x_wconf 87' lang='lat' dir='ltr'><strong>pro-</strong></span> 
     </span>
    </p>
   </div>
   <div class='ocr_carea' id='block_1_74' title="bbox 258 4320 1897 4392">
    <p class='ocr_par' dir='ltr' id='par_1_74' title="bbox 258 4320 1897 4392">
     <span class='ocr_line' id='line_1_75' title="bbox 258 4320 1897 4392; baseline 0.004 -20"><span class='ocrx_word' id='word_1_490' title='bbox 258 4320 488 4376; x_wconf 91' lang='lat' dir='ltr'><strong>ceribus</strong></span> <span class='ocrx_word' id='word_1_491' title='bbox 544 4337 606 4376; x_wconf 92' lang='lat' dir='ltr'><strong>se</strong></span> <span class='ocrx_word' id='word_1_492' title='bbox 660 4320 984 4392; x_wconf 84' lang='lat' dir='ltr'><strong>spectatum</strong></span> <span class='ocrx_word' id='word_1_493' title='bbox 1044 4320 1281 4376; x_wconf 80' lang='lat' dir='ltr'><strong>dabant.</strong></span> <span class='ocrx_word' id='word_1_494' title='bbox 1333 4320 1420 4376; x_wconf 63' lang='grc' dir='ltr'>[ιι</span> <span class='ocrx_word' id='word_1_495' title='bbox 1458 4327 1732 4392; x_wconf 60' lang='lat' dir='ltr'><strong>praeterea</strong></span> <span class='ocrx_word' id='word_1_496' title='bbox 1768 4320 1897 4378; x_wconf 52' lang='lat' dir='ltr'><strong>&#39;non</strong></span> 
     </span>
    </p>
   </div>
   <div class='ocr_carea' id='block_1_75' title="bbox 258 4392 1896 4462">
    <p class='ocr_par' dir='ltr' id='par_1_75' title="bbox 258 4392 1896 4462">
     <span class='ocr_line' id='line_1_76' title="bbox 258 4392 1896 4462; baseline 0.003 -18"><span class='ocrx_word' id='word_1_497' title='bbox 258 4406 486 4462; x_wconf 70' lang='lat' dir='ltr'><strong>semper</strong></span> <span class='ocrx_word' id='word_1_498' title='bbox 516 4393 756 4446; x_wconf 91' lang='lat' dir='ltr'><strong>aderant</strong></span> <span class='ocrx_word' id='word_1_499' title='bbox 789 4392 1272 4462; x_wconf 90' lang='lat' dir='ltr'><strong>Basileopatores,</strong></span> <span class='ocrx_word' id='word_1_500' title='bbox 1307 4408 1494 4461; x_wconf 89' lang='lat' dir='ltr'><strong>neque</strong></span> <span class='ocrx_word' id='word_1_501' title='bbox 1525 4393 1896 4450; x_wconf 86' lang='lat' dir='ltr'><strong>nobilissimi.</strong></span> 
     </span>
    </p>
   </div>
   <div class='ocr_carea' id='block_1_76' title="bbox 323 4461 1894 4536">
    <p class='ocr_par' dir='ltr' id='par_1_76' title="bbox 323 4461 1894 4536">
     <span class='ocr_line' id='line_1_77' title="bbox 323 4461 1894 4536; baseline 0.003 -21"><span class='ocrx_word' id='word_1_502' title='bbox 323 4461 387 4536; x_wconf 69' lang='lat' dir='ltr'><strong>Et</strong></span> <span class='ocrx_word' id='word_1_503' title='bbox 422 4463 578 4536; x_wconf 88' lang='lat' dir='ltr'><strong>quod</strong></span> <span class='ocrx_word' id='word_1_504' title='bbox 630 4465 986 4534; x_wconf 68' lang='lat' dir='ltr'><strong>praecipuum</strong></span> <span class='ocrx_word' id='word_1_505' title='bbox 1019 4461 1126 4530; x_wconf 82' lang='lat' dir='ltr'><strong>est,</strong></span> <span class='ocrx_word' id='word_1_506' title='bbox 1162 4467 1431 4536; x_wconf 62' lang='lat' dir='ltr'><strong>Augustae</strong></span> <span class='ocrx_word' id='word_1_507' title='bbox 1461 4463 1664 4536; x_wconf 85' lang='lat' dir='ltr'><strong>eodem</strong></span> <span class='ocrx_word' id='word_1_508' title='bbox 1701 4467 1894 4520; x_wconf 87' lang='lat' dir='ltr'><strong>modo.</strong></span> 
     </span>
    </p>
   </div>
   <div class='ocr_carea' id='block_1_77' title="bbox 257 4531 1897 4607">
    <p class='ocr_par' dir='ltr' id='par_1_77' title="bbox 257 4531 1897 4607">
     <span class='ocr_line' id='line_1_78' title="bbox 257 4531 1897 4607; baseline 0.005 -23"><span class='ocrx_word' id='word_1_509' title='bbox 257 4536 314 4607; x_wconf 81' lang='lat' dir='ltr'><strong>et</strong></span> <span class='ocrx_word' id='word_1_510' title='bbox 341 4531 549 4607; x_wconf 78' lang='lat' dir='ltr'><strong>iisdem</strong></span> <span class='ocrx_word' id='word_1_511' title='bbox 596 4531 978 4607; x_wconf 78' lang='lat' dir='ltr'><strong>temporibus,</strong></span> <span class='ocrx_word' id='word_1_512' title='bbox 1025 4552 1140 4606; x_wconf 89' lang='lat' dir='ltr'><strong>quo</strong></span> <span class='ocrx_word' id='word_1_513' title='bbox 1189 4531 1460 4607; x_wconf 74' lang='lat' dir='ltr'><strong>Augusti,</strong></span> <span class='ocrx_word' id='word_1_514' title='bbox 1494 4535 1771 4591; x_wconf 85' lang='lat' dir='ltr'><strong>conviviis</strong></span> <span class='ocrx_word' id='word_1_515' title='bbox 1804 4553 1897 4591; x_wconf 87' lang='lat' dir='ltr'><strong>so-</strong></span> 
     </span>
    </p>
   </div>
   <div class='ocr_carea' id='block_1_78' title="bbox 257 4601 1894 4677">
    <p class='ocr_par' dir='ltr' id='par_1_78' title="bbox 257 4601 1894 4677">
     <span class='ocr_line' id='line_1_79' title="bbox 257 4601 1894 4677; baseline 0.004 -22"><span class='ocrx_word' id='word_1_516' title='bbox 257 4601 549 4677; x_wconf 89' lang='lat' dir='ltr'><strong>lemnibus</strong></span> <span class='ocrx_word' id='word_1_517' title='bbox 606 4601 972 4674; x_wconf 82' lang='lat' dir='ltr'><strong>excipiebant</strong></span> <span class='ocrx_word' id='word_1_518' title='bbox 1042 4601 1251 4662; x_wconf 74' lang='lat' dir='ltr'><strong>uxores</strong></span> <span class='ocrx_word' id='word_1_519' title='bbox 1281 4601 1508 4662; x_wconf 17' lang='lat' dir='ltr'><strong>&#39;eoru’m</strong></span> <span class='ocrx_word' id='word_1_520' title='bbox 1569 4623 1894 4677; x_wconf 90' lang='lat' dir='ltr'><strong>procerum,</strong></span> 
     </span>
    </p>
   </div>
   <div class='ocr_carea' id='block_1_79' title="bbox 2011 2970 3659 3043">
    <p class='ocr_par' dir='ltr' id='par_1_79' title="bbox 2011 2970 3659 3043">
     <span class='ocr_line' id='line_1_80' title="bbox 2011 2970 3659 3043; baseline 0 -16"><span class='ocrx_word' id='word_1_521' title='bbox 2011 2973 2194 3028; x_wconf 88' lang='lat' dir='ltr'><strong>fuisse</strong></span> <span class='ocrx_word' id='word_1_522' title='bbox 2243 2972 2586 3028; x_wconf 87' lang='lat' dir='ltr'><strong>admissam.</strong></span> <span class='ocrx_word' id='word_1_523' title='bbox 2635 2971 2814 3043; x_wconf 87' lang='lat' dir='ltr'><strong>Atqui</strong></span> <span class='ocrx_word' id='word_1_524' title='bbox 2858 2974 3052 3026; x_wconf 90' lang='lat' dir='ltr'><strong>tamen</strong></span> <span class='ocrx_word' id='word_1_525' title='bbox 3100 2970 3455 3026; x_wconf 89' lang='lat' dir='ltr'><strong>contrarium</strong></span> <span class='ocrx_word' id='word_1_526' title='bbox 3486 2970 3659 3027; x_wconf 87' lang='lat' dir='ltr'><strong>toties</strong></span> 
     </span>
    </p>
   </div>
   <div class='ocr_carea' id='block_1_80' title="bbox 2011 3043 2703 3112">
    <p class='ocr_par' dir='ltr' id='par_1_80' title="bbox 2011 3043 2703 3112">
     <span class='ocr_line' id='line_1_81' title="bbox 2011 3043 2703 3112; baseline -0.003 -14"><span class='ocrx_word' id='word_1_527' title='bbox 2011 3043 2288 3112; x_wconf 89' lang='lat' dir='ltr'><strong>deinceps</strong></span> <span class='ocrx_word' id='word_1_528' title='bbox 2319 3046 2703 3099; x_wconf 88' lang='lat' dir='ltr'><strong>asseveratur.</strong></span> 
     </span>
    </p>
   </div>
   <div class='ocr_carea' id='block_1_81' title="bbox 2080 3110 3658 3187">
    <p class='ocr_par' dir='ltr' id='par_1_81' title="bbox 2080 3110 3658 3187">
     <span class='ocr_line' id='line_1_82' title="bbox 2080 3110 3658 3187; baseline -0.002 -19"><span class='ocrx_word' id='word_1_529' title='bbox 2080 3113 2192 3186; x_wconf 87' lang='grc'>(19)</span> <span class='ocrx_word' id='word_1_530' title='bbox 2224 3110 2557 3170; x_wconf 75' lang='lat' dir='ltr'><strong>Credebam</strong></span> <span class='ocrx_word' id='word_1_531' title='bbox 2591 3113 2901 3187; x_wconf 72' lang='lat' dir='ltr'><strong>aliquando</strong></span> <span class='ocrx_word' id='word_1_532' title='bbox 2941 3113 3264 3187; x_wconf 76' lang='lat' dir='ltr'><strong>secundum</strong></span> <span class='ocrx_word' id='word_1_533' title='bbox 3296 3110 3324 3164; x_wconf 86' lang='grc' dir='ltr'>ὁ</span> <span class='ocrx_word' id='word_1_534' title='bbox 3359 3110 3658 3187; x_wconf 81' lang='grc' dir='ltr'>μάγιστρος</span> 
     </span>
    </p>
   </div>
   <div class='ocr_carea' id='block_1_82' title="bbox 2011 3184 3657 3256">
    <p class='ocr_par' dir='ltr' id='par_1_82' title="bbox 2011 3184 3657 3256">
     <span class='ocr_line' id='line_1_83' title="bbox 2011 3184 3657 3256; baseline -0.002 -15"><span class='ocrx_word' id='word_1_535' title='bbox 2011 3184 2218 3241; x_wconf 83' lang='lat' dir='ltr'><strong>vitiose</strong></span> <span class='ocrx_word' id='word_1_536' title='bbox 2251 3187 2513 3241; x_wconf 85' lang='lat' dir='ltr'><strong>iteratum</strong></span> <span class='ocrx_word' id='word_1_537' title='bbox 2542 3184 2709 3256; x_wconf 62' lang='lat' dir='ltr'><strong>esse}</strong></span> <span class='ocrx_word' id='word_1_538' title='bbox 2743 3184 2907 3256; x_wconf 67' lang='lat' dir='ltr'><strong>Qerte</strong></span> <span class='ocrx_word' id='word_1_539' title='bbox 2938 3200 2994 3256; x_wconf 90' lang='lat' dir='ltr'><strong>p.</strong></span> <span class='ocrx_word' id='word_1_540' title='bbox 3027 3185 3152 3251; x_wconf 79' lang='grc'><strong>423,</strong></span> <span class='ocrx_word' id='word_1_541' title='bbox 3200 3184 3657 3256; x_wconf 67' lang='lat' dir='ltr'><strong>tantum&#39;semel</strong></span> 
     </span>
    </p>
   </div>
   <div class='ocr_carea' id='block_1_83' title="bbox 2014 3255 3658 3327">
    <p class='ocr_par' dir='ltr' id='par_1_83' title="bbox 2014 3255 3658 3327">
     <span class='ocr_line' id='line_1_84' title="bbox 2014 3255 3658 3327; baseline -0.001 -15"><span class='ocrx_word' id='word_1_542' title='bbox 2014 3257 2356 3313; x_wconf 89' lang='lat' dir='ltr'><strong>nominatur</strong></span> <span class='ocrx_word' id='word_1_543' title='bbox 2401 3255 2696 3327; x_wconf 82' lang='lat' dir='ltr'><strong>magister.</strong></span> <span class='ocrx_word' id='word_1_544' title='bbox 2743 3255 2956 3312; x_wconf 86' lang='lat' dir='ltr'><strong>Verum</strong></span> <span class='ocrx_word' id='word_1_545' title='bbox 3004 3260 3190 3326; x_wconf 88' lang='lat' dir='ltr'><strong>potest</strong></span> <span class='ocrx_word' id='word_1_546' title='bbox 3241 3255 3516 3309; x_wconf 88' lang='lat' dir='ltr'><strong>librarius</strong></span> <span class='ocrx_word' id='word_1_547' title='bbox 3563 3257 3658 3310; x_wconf 91' lang='lat' dir='ltr'><strong>de-</strong></span> 
     </span>
    </p>
   </div>
   <div class='ocr_carea' id='block_1_84' title="bbox 2016 3326 3658 3384">
    <p class='ocr_par' dir='ltr' id='par_1_84' title="bbox 2016 3326 3658 3384">
     <span class='ocr_line' id='line_1_85' title="bbox 2016 3326 3658 3384; baseline -0.001 -2"><span class='ocrx_word' id='word_1_548' title='bbox 2016 3328 2194 3383; x_wconf 89' lang='lat' dir='ltr'><strong>fendi.</strong></span> <span class='ocrx_word' id='word_1_549' title='bbox 2243 3333 2386 3384; x_wconf 80' lang='lat' dir='ltr'><strong>Nam</strong></span> <span class='ocrx_word' id='word_1_550' title='bbox 2431 3337 2486 3382; x_wconf 87' lang='lat' dir='ltr'><strong>et</strong></span> <span class='ocrx_word' id='word_1_551' title='bbox 2515 3326 2678 3381; x_wconf 87' lang='lat' dir='ltr'><strong>alibi</strong></span> <span class='ocrx_word' id='word_1_552' title='bbox 2739 3327 2920 3382; x_wconf 88' lang='lat' dir='ltr'><strong>nostri</strong></span> <span class='ocrx_word' id='word_1_553' title='bbox 2977 3327 3207 3382; x_wconf 84' lang='lat' dir='ltr'><strong>Codicis</strong></span> <span class='ocrx_word' id='word_1_554' title='bbox 3255 3331 3658 3382; x_wconf 90' lang='lat' dir='ltr'><strong>memorantur</strong></span> 
     </span>
    </p>
   </div>
   <div class='ocr_carea' id='block_1_85' title="bbox 2015 3398 3661 3468">
    <p class='ocr_par' dir='ltr' id='par_1_85' title="bbox 2015 3398 3661 3468">
     <span class='ocr_line' id='line_1_86' title="bbox 2015 3398 3661 3468; baseline 0 -15"><span class='ocrx_word' id='word_1_555' title='bbox 2015 3401 2127 3453; x_wconf 93' lang='lat' dir='ltr'><strong>duo</strong></span> <span class='ocrx_word' id='word_1_556' title='bbox 2160 3398 2447 3468; x_wconf 89' lang='lat' dir='ltr'><strong>magistri,</strong></span> <span class='ocrx_word' id='word_1_557' title='bbox 2499 3414 2739 3468; x_wconf 90' lang='lat' dir='ltr'><strong>quorum</strong></span> <span class='ocrx_word' id='word_1_558' title='bbox 2773 3415 2926 3453; x_wconf 90' lang='lat' dir='ltr'><strong>unus</strong></span> <span class='ocrx_word' id='word_1_559' title='bbox 2985 3399 3213 3454; x_wconf 89' lang='lat' dir='ltr'><strong>videtur</strong></span> <span class='ocrx_word' id='word_1_560' title='bbox 3253 3398 3309 3452; x_wconf 89' lang='lat' dir='ltr'><strong>in</strong></span> <span class='ocrx_word' id='word_1_561' title='bbox 3346 3403 3504 3468; x_wconf 88' lang='lat' dir='ltr'><strong>parte</strong></span> <span class='ocrx_word' id='word_1_562' title='bbox 3547 3401 3661 3453; x_wconf 87' lang='lat' dir='ltr'><strong>Au-</strong></span> 
     </span>
    </p>
   </div>
   <div class='ocr_carea' id='block_1_86' title="bbox 2012 3468 3655 3540">
    <p class='ocr_par' dir='ltr' id='par_1_86' title="bbox 2012 3468 3655 3540">
     <span class='ocr_line' id='line_1_87' title="bbox 2012 3468 3655 3540; baseline 0.001 -18"><span class='ocrx_word' id='word_1_563' title='bbox 2012 3468 2166 3538; x_wconf 89' lang='lat' dir='ltr'><strong>gusti</strong></span> <span class='ocrx_word' id='word_1_564' title='bbox 2200 3468 2464 3540; x_wconf 85' lang='lat' dir='ltr'><strong>majoris,</strong></span> <span class='ocrx_word' id='word_1_565' title='bbox 2497 3469 2643 3523; x_wconf 86' lang='lat' dir='ltr'><strong>alter</strong></span> <span class='ocrx_word' id='word_1_566' title='bbox 2693 3469 2751 3522; x_wconf 92' lang='lat' dir='ltr'><strong>in</strong></span> <span class='ocrx_word' id='word_1_567' title='bbox 2803 3475 2966 3540; x_wconf 86' lang='lat' dir='ltr'><strong>parte</strong></span> <span class='ocrx_word' id='word_1_568' title='bbox 3015 3469 3278 3536; x_wconf 88' lang='lat' dir='ltr'><strong>minoris,</strong></span> <span class='ocrx_word' id='word_1_569' title='bbox 3311 3473 3412 3523; x_wconf 90' lang='lat' dir='ltr'><strong>aut</strong></span> <span class='ocrx_word' id='word_1_570' title='bbox 3460 3469 3655 3540; x_wconf 87' lang='lat' dir='ltr'><strong>potius</strong></span> 
     </span>
    </p>
   </div>
   <div class='ocr_carea' id='block_1_87' title="bbox 2015 3539 3654 3611">
    <p class='ocr_par' dir='ltr' id='par_1_87' title="bbox 2015 3539 3654 3611">
     <span class='ocr_line' id='line_1_88' title="bbox 2015 3539 3654 3611; baseline 0.001 -19"><span class='ocrx_word' id='word_1_571' title='bbox 2015 3555 2167 3611; x_wconf 84' lang='lat' dir='ltr'><strong>unus</strong></span> <span class='ocrx_word' id='word_1_572' title='bbox 2216 3539 2280 3611; x_wconf 92' lang='lat' dir='ltr'><strong>in_</strong></span> <span class='ocrx_word' id='word_1_573' title='bbox 2326 3545 2486 3608; x_wconf 89' lang='lat' dir='ltr'><strong>parte</strong></span> <span class='ocrx_word' id='word_1_574' title='bbox 2537 3540 2806 3611; x_wconf 83' lang='lat' dir='ltr'><strong>Augusti,</strong></span> <span class='ocrx_word' id='word_1_575' title='bbox 2853 3539 3019 3611; x_wconf 64' lang='lat' dir='ltr'><strong>alter</strong></span> <span class='ocrx_word' id='word_1_576' title='bbox 3051 3541 3112 3594; x_wconf 92' lang='lat' dir='ltr'><strong>in</strong></span> <span class='ocrx_word' id='word_1_577' title='bbox 3172 3545 3332 3611; x_wconf 82' lang='lat' dir='ltr'><strong>parte</strong></span> <span class='ocrx_word' id='word_1_578' title='bbox 3380 3539 3654 3611; x_wconf 68' lang='lat' dir='ltr'><strong>Augustas</strong></span> 
     </span>
    </p>
   </div>
   <div class='ocr_carea' id='block_1_88' title="bbox 2013 3609 3654 3680">
    <p class='ocr_par' dir='ltr' id='par_1_88' title="bbox 2013 3609 3654 3680">
     <span class='ocr_line' id='line_1_89' title="bbox 2013 3609 3654 3680; baseline 0.002 -17"><span class='ocrx_word' id='word_1_579' title='bbox 2013 3610 2215 3680; x_wconf 83' lang='lat' dir='ltr'><strong>fuisse.</strong></span> <span class='ocrx_word' id='word_1_580' title='bbox 2265 3609 2618 3680; x_wconf 86' lang='lat' dir='ltr'><strong>Luitprando</strong></span> <span class='ocrx_word' id='word_1_581' title='bbox 2667 3609 2738 3662; x_wconf 90' lang='lat' dir='ltr'><strong>ad</strong></span> <span class='ocrx_word' id='word_1_582' title='bbox 2788 3624 2918 3662; x_wconf 79' lang='lat' dir='ltr'><strong>xxiv</strong></span> <span class='ocrx_word' id='word_1_583' title='bbox 2965 3609 3193 3663; x_wconf 86' lang='lat' dir='ltr'><strong>diversa</strong></span> <span class='ocrx_word' id='word_1_584' title='bbox 3239 3609 3432 3680; x_wconf 84' lang='lat' dir='ltr'><strong>ofﬁcia</strong></span> <span class='ocrx_word' id='word_1_585' title='bbox 3481 3609 3654 3680; x_wconf 85' lang='lat' dir='ltr'><strong>primi</strong></span> 
     </span>
    </p>
   </div>
   <div class='ocr_carea' id='block_1_89' title="bbox 2011 3678 3653 3750">
    <p class='ocr_par' dir='ltr' id='par_1_89' title="bbox 2011 3678 3653 3750">
     <span class='ocr_line' id='line_1_90' title="bbox 2011 3678 3653 3750; baseline -0.001 -13"><span class='ocrx_word' id='word_1_586' title='bbox 2011 3678 2232 3737; x_wconf 89' lang='lat' dir='ltr'><strong>ordinis</strong></span> <span class='ocrx_word' id='word_1_587' title='bbox 2281 3679 2426 3735; x_wconf 70' lang='lat' dir='ltr'><strong>aulas</strong></span> <span class='ocrx_word' id='word_1_588' title='bbox 2472 3679 2794 3750; x_wconf 64' lang='lat' dir='ltr'><strong>Byzantines</strong></span> <span class='ocrx_word' id='word_1_589' title='bbox 2846 3694 2980 3750; x_wconf 88' lang='lat' dir='ltr'><strong>cum</strong></span> <span class='ocrx_word' id='word_1_590' title='bbox 3031 3679 3337 3749; x_wconf 69' lang='lat' dir='ltr'><strong>prrsposito</strong></span> <span class='ocrx_word' id='word_1_591' title='bbox 3390 3678 3653 3750; x_wconf 82' lang='lat' dir='ltr'><strong>magistri</strong></span> 
     </span>
    </p>
   </div>
   <div class='ocr_carea' id='block_1_90' title="bbox 2013 3749 3647 3820">
    <p class='ocr_par' dir='ltr' id='par_1_90' title="bbox 2013 3749 3647 3820">
     <span class='ocr_line' id='line_1_91' title="bbox 2013 3749 3647 3820; baseline 0.001 -14"><span class='ocrx_word' id='word_1_592' title='bbox 2013 3751 2248 3807; x_wconf 89' lang='lat' dir='ltr'><strong>nomine</strong></span> <span class='ocrx_word' id='word_1_593' title='bbox 2265 3749 2587 3806; x_wconf 82' lang='lat' dir='ltr'><strong>recensenti</strong></span> <span class='ocrx_word' id='word_1_594' title='bbox 2609 3750 2667 3804; x_wconf 93' lang='lat' dir='ltr'><strong>in</strong></span> <span class='ocrx_word' id='word_1_595' title='bbox 2692 3749 2939 3804; x_wconf 88' lang='lat' dir='ltr'><strong>Historia</strong></span> <span class='ocrx_word' id='word_1_596' title='bbox 2956 3750 3230 3820; x_wconf 89' lang='lat' dir='ltr'><strong>derogare</strong></span> <span class='ocrx_word' id='word_1_597' title='bbox 3254 3751 3425 3805; x_wconf 87' lang='lat' dir='ltr'><strong>ﬁdem</strong></span> <span class='ocrx_word' id='word_1_598' title='bbox 3447 3749 3647 3808; x_wconf 79' lang='lat' dir='ltr'><strong>nolim.</strong></span> 
     </span>
    </p>
   </div>
   <div class='ocr_carea' id='block_1_91' title="bbox 2085 3821 3647 3893">
    <p class='ocr_par' dir='ltr' id='par_1_91' title="bbox 2085 3821 3647 3893">
     <span class='ocr_line' id='line_1_92' title="bbox 2085 3821 3647 3893; baseline 0.001 -17"><span class='ocrx_word' id='word_1_599' title='bbox 2085 3821 2252 3877; x_wconf 87' lang='lat' dir='ltr'><strong>Forte</strong></span> <span class='ocrx_word' id='word_1_600' title='bbox 2283 3821 2382 3877; x_wconf 92' lang='lat' dir='ltr'><strong>illa</strong></span> <span class='ocrx_word' id='word_1_601' title='bbox 2428 3829 2616 3887; x_wconf 69' lang='lat' dir='ltr'><strong>aetate,</strong></span> <span class='ocrx_word' id='word_1_602' title='bbox 2650 3838 2766 3893; x_wconf 88' lang='lat' dir='ltr'><strong>qua</strong></span> <span class='ocrx_word' id='word_1_603' title='bbox 2796 3821 2923 3875; x_wconf 91' lang='lat' dir='ltr'><strong>CPIi</strong></span> <span class='ocrx_word' id='word_1_604' title='bbox 2973 3821 3069 3876; x_wconf 88' lang='lat' dir='ltr'><strong>ille</strong></span> <span class='ocrx_word' id='word_1_605' title='bbox 3097 3827 3222 3876; x_wconf 88' lang='lat' dir='ltr'><strong>erat</strong></span> <span class='ocrx_word' id='word_1_606' title='bbox 3271 3823 3459 3890; x_wconf 88' lang='lat' dir='ltr'><strong>prima</strong></span> <span class='ocrx_word' id='word_1_607' title='bbox 3501 3823 3647 3891; x_wconf 89' lang='lat' dir='ltr'><strong>vice,</strong></span> 
     </span>
    </p>
   </div>
   <div class='ocr_carea' id='block_1_92' title="bbox 2011 3892 3652 3962">
    <p class='ocr_par' dir='ltr' id='par_1_92' title="bbox 2011 3892 3652 3962">
     <span class='ocr_line' id='line_1_93' title="bbox 2011 3892 3652 3962; baseline 0 -13"><span class='ocrx_word' id='word_1_608' title='bbox 2011 3892 2160 3949; x_wconf 91' lang='lat' dir='ltr'><strong>circa</strong></span> <span class='ocrx_word' id='word_1_609' title='bbox 2210 3896 2275 3948; x_wconf 90' lang='lat' dir='ltr'><strong>A.</strong></span> <span class='ocrx_word' id='word_1_610' title='bbox 2326 3895 2387 3948; x_wconf 88' lang='lat' dir='ltr'><strong>C.</strong></span> <span class='ocrx_word' id='word_1_611' title='bbox 2436 3893 2561 3956; x_wconf 73' lang='grc'><strong>947,</strong></span> <span class='ocrx_word' id='word_1_612' title='bbox 2615 3892 2877 3962; x_wconf 80' lang='lat' dir='ltr'><strong>magistri</strong></span> <span class='ocrx_word' id='word_1_613' title='bbox 2930 3907 3138 3947; x_wconf 89' lang='lat' dir='ltr'><strong>nomen</strong></span> <span class='ocrx_word' id='word_1_614' title='bbox 3193 3893 3652 3961; x_wconf 62' lang='lat' dir='ltr'><strong>pramittebatur</strong></span> 
     </span>
    </p>
   </div>
   <div class='ocr_carea' id='block_1_93' title="bbox 2012 3964 3650 4036">
    <p class='ocr_par' dir='ltr' id='par_1_93' title="bbox 2012 3964 3650 4036">
     <span class='ocr_line' id='line_1_94' title="bbox 2012 3964 3650 4036; baseline 0.002 -19"><span class='ocrx_word' id='word_1_615' title='bbox 2012 3965 2307 4036; x_wconf 90' lang='lat' dir='ltr'><strong>primariis</strong></span> <span class='ocrx_word' id='word_1_616' title='bbox 2337 3965 2668 4036; x_wconf 87' lang='lat' dir='ltr'><strong>quibusque</strong></span> <span class='ocrx_word' id='word_1_617' title='bbox 2697 3964 3096 4036; x_wconf 86' lang='lat' dir='ltr'><strong>dignitatibus.</strong></span> <span class='ocrx_word' id='word_1_618' title='bbox 3124 3967 3184 4019; x_wconf 87' lang='lat' dir='ltr'><strong>In</strong></span> <span class='ocrx_word' id='word_1_619' title='bbox 3218 3969 3417 4036; x_wconf 85' lang='lat' dir='ltr'><strong>nostro</strong></span> <span class='ocrx_word' id='word_1_620' title='bbox 3450 3970 3650 4022; x_wconf 91' lang='lat' dir='ltr'><strong>tamen</strong></span> 
     </span>
    </p>
   </div>
   <div class='ocr_carea' id='block_1_94' title="bbox 2011 4034 3653 4108">
    <p class='ocr_par' dir='ltr' id='par_1_94' title="bbox 2011 4034 3653 4108">
     <span class='ocr_line' id='line_1_95' title="bbox 2011 4034 3653 4108; baseline 0.001 -18"><span class='ocrx_word' id='word_1_621' title='bbox 2011 4034 2206 4108; x_wconf 83' lang='lat' dir='ltr'><strong>codice</strong></span> <span class='ocrx_word' id='word_1_622' title='bbox 2257 4034 2484 4108; x_wconf 75' lang='lat' dir='ltr'><strong>semper</strong></span> <span class='ocrx_word' id='word_1_623' title='bbox 2503 4034 2612 4108; x_wconf 62' lang='lat' dir='ltr'><strong>hic</strong></span> <span class='ocrx_word' id='word_1_624' title='bbox 2652 4041 2820 4108; x_wconf 75' lang='lat' dir='ltr'><strong>tenor</strong></span> <span class='ocrx_word' id='word_1_625' title='bbox 2861 4035 3080 4090; x_wconf 90' lang='lat' dir='ltr'><strong>obtinet</strong></span> <span class='ocrx_word' id='word_1_626' title='bbox 3124 4034 3399 4108; x_wconf 68' lang='lat' dir='ltr'><strong>patricius</strong></span> <span class='ocrx_word' id='word_1_627' title='bbox 3444 4043 3502 4090; x_wconf 90' lang='lat' dir='ltr'><strong>et</strong></span> <span class='ocrx_word' id='word_1_628' title='bbox 3547 4053 3653 4108; x_wconf 83' lang='lat' dir='ltr'><strong>an-</strong></span> 
     </span>
    </p>
   </div>
   <div class='ocr_carea' id='block_1_95' title="bbox 2008 4106 3650 4178">
    <p class='ocr_par' dir='ltr' id='par_1_95' title="bbox 2008 4106 3650 4178">
     <span class='ocr_line' id='line_1_96' title="bbox 2008 4106 3650 4178; baseline 0.001 -16"><span class='ocrx_word' id='word_1_629' title='bbox 2008 4107 2269 4178; x_wconf 77' lang='lat' dir='ltr'><strong>thypatus</strong></span> <span class='ocrx_word' id='word_1_630' title='bbox 2305 4106 2402 4164; x_wconf 84' lang='lat' dir='ltr'><strong>ille</strong></span> <span class='ocrx_word' id='word_1_631' title='bbox 2433 4106 2518 4163; x_wconf 92' lang='lat' dir='ltr'><strong>vel</strong></span> <span class='ocrx_word' id='word_1_632' title='bbox 2553 4107 2669 4178; x_wconf 88' lang='lat' dir='ltr'><strong>ille.</strong></span> <span class='ocrx_word' id='word_1_633' title='bbox 2707 4107 2987 4178; x_wconf 88' lang='lat' dir='ltr'><strong>Tempore</strong></span> <span class='ocrx_word' id='word_1_634' title='bbox 3034 4111 3168 4178; x_wconf 92' lang='lat' dir='ltr'><strong>post</strong></span> <span class='ocrx_word' id='word_1_635' title='bbox 3195 4106 3406 4160; x_wconf 87' lang='lat' dir='ltr'><strong>titulus</strong></span> <span class='ocrx_word' id='word_1_636' title='bbox 3439 4107 3650 4178; x_wconf 86' lang='lat' dir='ltr'><strong>prohe-</strong></span> 
     </span>
    </p>
   </div>
   <div class='ocr_carea' id='block_1_96' title="bbox 2008 4177 3649 4250">
    <p class='ocr_par' dir='ltr' id='par_1_96' title="bbox 2008 4177 3649 4250">
     <span class='ocr_line' id='line_1_97' title="bbox 2008 4177 3649 4250; baseline 0.001 -17"><span class='ocrx_word' id='word_1_637' title='bbox 2008 4177 2095 4233; x_wconf 86' lang='lat' dir='ltr'><strong>dri</strong></span> <span class='ocrx_word' id='word_1_638' title='bbox 2124 4179 2185 4250; x_wconf 83' lang='lat' dir='ltr'><strong>in</strong></span> <span class='ocrx_word' id='word_1_639' title='bbox 2221 4194 2388 4234; x_wconf 91' lang='lat' dir='ltr'><strong>usum</strong></span> <span class='ocrx_word' id='word_1_640' title='bbox 2437 4177 2721 4245; x_wconf 89' lang='lat' dir='ltr'><strong>veniebat,</strong></span> <span class='ocrx_word' id='word_1_641' title='bbox 2751 4177 3053 4250; x_wconf 66' lang='lat' dir='ltr'><strong>prohedrui</strong></span> <span class='ocrx_word' id='word_1_642' title='bbox 3080 4181 3133 4233; x_wconf 81' lang='lat' dir='ltr'><strong>et</strong></span> <span class='ocrx_word' id='word_1_643' title='bbox 3173 4177 3649 4250; x_wconf 73' lang='lat' dir='ltr'><strong>protovestiarius,</strong></span> 
     </span>
    </p>
   </div>
   <div class='ocr_carea' id='block_1_97' title="bbox 2002 4249 3146 4320">
    <p class='ocr_par' dir='ltr' id='par_1_97' title="bbox 2002 4249 3146 4320">
     <span class='ocr_line' id='line_1_98' title="bbox 2002 4249 3146 4320; baseline 0.003 -17"><span class='ocrx_word' id='word_1_644' title='bbox 2002 4249 2312 4320; x_wconf 73' lang='lat' dir='ltr'><strong>prohedrus</strong></span> <span class='ocrx_word' id='word_1_645' title='bbox 2341 4259 2396 4306; x_wconf 81' lang='lat' dir='ltr'><strong>et</strong></span> <span class='ocrx_word' id='word_1_646' title='bbox 2423 4251 2722 4317; x_wconf 73' lang='lat' dir='ltr'><strong>canicleus,</strong></span> <span class='ocrx_word' id='word_1_647' title='bbox 2754 4253 2811 4303; x_wconf 89' lang='lat' dir='ltr'><strong>et</strong></span> <span class='ocrx_word' id='word_1_648' title='bbox 2841 4249 2924 4304; x_wconf 92' lang='lat' dir='ltr'><strong>sic</strong></span> <span class='ocrx_word' id='word_1_649' title='bbox 2956 4265 3146 4319; x_wconf 89' lang='lat' dir='ltr'><strong>porro.</strong></span> 
     </span>
    </p>
   </div>
   <div class='ocr_carea' id='block_1_98' title="bbox 2080 4319 3650 4393">
    <p class='ocr_par' dir='ltr' id='par_1_98' title="bbox 2080 4319 3650 4393">
     <span class='ocr_line' id='line_1_99' title="bbox 2080 4319 3650 4393; baseline 0.001 -19"><span class='ocrx_word' id='word_1_650' title='bbox 2080 4322 2190 4392; x_wconf 83' lang='lat'><strong>(20)</strong></span> <span class='ocrx_word' id='word_1_651' title='bbox 2229 4321 2401 4392; x_wconf 86' lang='lat' dir='ltr'><strong>Atqui</strong></span> <span class='ocrx_word' id='word_1_652' title='bbox 2431 4322 2710 4393; x_wconf 91' lang='lat' dir='ltr'><strong>magister</strong></span> <span class='ocrx_word' id='word_1_653' title='bbox 2738 4319 3062 4393; x_wconf 84' lang='lat' dir='ltr'><strong>ofﬁciorum</strong></span> <span class='ocrx_word' id='word_1_654' title='bbox 3114 4335 3229 4375; x_wconf 91' lang='lat' dir='ltr'><strong>non</strong></span> <span class='ocrx_word' id='word_1_655' title='bbox 3263 4335 3423 4393; x_wconf 83' lang='lat' dir='ltr'><strong>mera</strong></span> <span class='ocrx_word' id='word_1_656' title='bbox 3453 4320 3650 4392; x_wconf 92' lang='lat' dir='ltr'><strong>digni-</strong></span> 
     </span>
    </p>
   </div>
   <div class='ocr_carea' id='block_1_99' title="bbox 2008 4391 3640 4462">
    <p class='ocr_par' dir='ltr' id='par_1_99' title="bbox 2008 4391 3640 4462">
     <span class='ocr_line' id='line_1_100' title="bbox 2008 4391 3640 4462; baseline 0 -16"><span class='ocrx_word' id='word_1_657' title='bbox 2008 4398 2117 4462; x_wconf 85' lang='lat' dir='ltr'><strong>tas,</strong></span> <span class='ocrx_word' id='word_1_658' title='bbox 2150 4391 2248 4447; x_wconf 87' lang='lat' dir='ltr'><strong>sed</strong></span> <span class='ocrx_word' id='word_1_659' title='bbox 2303 4391 2462 4460; x_wconf 83' lang='lat' dir='ltr'><strong>ipum</strong></span> <span class='ocrx_word' id='word_1_660' title='bbox 2495 4391 2751 4448; x_wconf 75' lang='lat' dir='ltr'><strong>ofﬁcium</strong></span> <span class='ocrx_word' id='word_1_661' title='bbox 2795 4408 2975 4446; x_wconf 91' lang='lat' dir='ltr'><strong>unum</strong></span> <span class='ocrx_word' id='word_1_662' title='bbox 3022 4392 3094 4445; x_wconf 91' lang='lat' dir='ltr'><strong>de</strong></span> <span class='ocrx_word' id='word_1_663' title='bbox 3145 4391 3452 4462; x_wconf 63' lang='lat' dir='ltr'><strong>praecipuis</strong></span> <span class='ocrx_word' id='word_1_664' title='bbox 3499 4391 3640 4448; x_wconf 76' lang='lat' dir='ltr'><strong>erat.</strong></span> 
     </span>
    </p>
   </div>
   <div class='ocr_carea' id='block_1_100' title="bbox 2007 4461 3648 4533">
    <p class='ocr_par' dir='ltr' id='par_1_100' title="bbox 2007 4461 3648 4533">
     <span class='ocr_line' id='line_1_101' title="bbox 2007 4461 3648 4533; baseline 0 -15"><span class='ocrx_word' id='word_1_665' title='bbox 2007 4461 2230 4518; x_wconf 79' lang='grc' dir='ltr'>Τούτων</span> <span class='ocrx_word' id='word_1_666' title='bbox 2261 4462 2454 4533; x_wconf 91' lang='lat' dir='ltr'><strong>itaque</strong></span> <span class='ocrx_word' id='word_1_667' title='bbox 2503 4480 2615 4517; x_wconf 89' lang='lat' dir='ltr'><strong>non</strong></span> <span class='ocrx_word' id='word_1_668' title='bbox 2649 4464 2718 4518; x_wconf 92' lang='lat' dir='ltr'><strong>de</strong></span> <span class='ocrx_word' id='word_1_669' title='bbox 2751 4462 3065 4533; x_wconf 88' lang='lat' dir='ltr'><strong>magistris,</strong></span> <span class='ocrx_word' id='word_1_670' title='bbox 3097 4464 3189 4533; x_wconf 12' lang='lat' dir='ltr'><strong>de,</strong></span> <span class='ocrx_word' id='word_1_671' title='bbox 3213 4461 3431 4532; x_wconf 84' lang='lat' dir='ltr'><strong>quibus</strong></span> <span class='ocrx_word' id='word_1_672' title='bbox 3463 4465 3648 4533; x_wconf 83' lang='lat' dir='ltr'><strong>proxi-</strong></span> 
     </span>
    </p>
   </div>
   <div class='ocr_carea' id='block_1_101' title="bbox 2007 4529 3645 4604">
    <p class='ocr_par' dir='ltr' id='par_1_101' title="bbox 2007 4529 3645 4604">
     <span class='ocr_line' id='line_1_102' title="bbox 2007 4529 3645 4604; baseline 0 -16"><span class='ocrx_word' id='word_1_673' title='bbox 2007 4549 2099 4588; x_wconf 89' lang='lat' dir='ltr'><strong>me</strong></span> <span class='ocrx_word' id='word_1_674' title='bbox 2134 4529 2428 4604; x_wconf 71' lang='lat' dir='ltr'><strong>praecessit</strong></span> <span class='ocrx_word' id='word_1_675' title='bbox 2476 4549 2690 4595; x_wconf 85' lang='lat' dir='ltr'><strong>sermo,</strong></span> <span class='ocrx_word' id='word_1_676' title='bbox 2723 4535 2821 4588; x_wconf 90' lang='lat' dir='ltr'><strong>sed</strong></span> <span class='ocrx_word' id='word_1_677' title='bbox 2851 4529 2944 4588; x_wconf 61' lang='lat' dir='ltr'><strong>&#39;de</strong></span> <span class='ocrx_word' id='word_1_678' title='bbox 2999 4535 3118 4592; x_wconf 88' lang='grc' dir='ltr'>ταῖς</span> <span class='ocrx_word' id='word_1_679' title='bbox 3176 4529 3396 4592; x_wconf 73' lang='grc' dir='ltr'>λοιπαῖς</span> <span class='ocrx_word' id='word_1_680' title='bbox 3440 4529 3645 4602; x_wconf 65' lang='grc' dir='ltr'>τάξεσιν</span> 
     </span>
    </p>
   </div>
   <div class='ocr_carea' id='block_1_102' title="bbox 2006 4605 3646 4686">
    <p class='ocr_par' dir='ltr' id='par_1_102' title="bbox 2006 4605 3646 4686">
     <span class='ocr_line' id='line_1_103' title="bbox 2006 4605 3646 4686; baseline 0.001 -26"><span class='ocrx_word' id='word_1_681' title='bbox 2006 4605 2565 4686; x_wconf 63' lang='lat' dir='ltr'><strong>accip_iendum,quie</strong></span> <span class='ocrx_word' id='word_1_682' title='bbox 2596 4605 2870 4686; x_wconf 78' lang='lat' dir='ltr'><strong>deineeps</strong></span> <span class='ocrx_word' id='word_1_683' title='bbox 2901 4605 3283 4686; x_wconf 70' lang='lat' dir='ltr'><strong>nominantur</strong></span> <span class='ocrx_word' id='word_1_684' title='bbox 3313 4623 3331 4657; x_wconf 90' lang='lat'><em>:</em></span> <span class='ocrx_word' id='word_1_685' title='bbox 3365 4610 3430 4660; x_wconf 90' lang='lat' dir='ltr'><strong>ut</strong></span> <span class='ocrx_word' id='word_1_686' title='bbox 3461 4608 3646 4686; x_wconf 82' lang='lat' dir='ltr'><strong>patri-</strong></span> 
     </span>
    </p>
   </div>
   <div class='ocr_carea' id='block_1_103' title="bbox 257 4669 3643 4748">
    <p class='ocr_par' dir='ltr' id='par_1_103' title="bbox 257 4669 3643 4748">
     <span class='ocr_line' id='line_1_104' title="bbox 257 4669 3643 4748; baseline 0.002 -22"><span class='ocrx_word' id='word_1_687' title='bbox 257 4688 404 4748; x_wconf 81' lang='lat' dir='ltr'><strong>quos</strong></span> <span class='ocrx_word' id='word_1_688' title='bbox 424 4669 757 4748; x_wconf 49' lang='lat' dir='ltr'><strong>Augustus;</strong></span> <span class='ocrx_word' id='word_1_689' title='bbox 778 4690 952 4748; x_wconf 67' lang='lat' dir='ltr'><strong>penes</strong></span> <span class='ocrx_word' id='word_1_690' title='bbox 1003 4691 1064 4748; x_wconf 83' lang='lat' dir='ltr'><strong>se</strong></span> <span class='ocrx_word' id='word_1_691' title='bbox 1113 4679 1382 4733; x_wconf 88' lang='lat' dir='ltr'><strong>convivas</strong></span> <span class='ocrx_word' id='word_1_692' title='bbox 1426 4669 1686 4746; x_wconf 47' lang='lat' dir='ltr'><strong>habe-ret,</strong></span> <span class='ocrx_word' id='word_1_693' title='bbox 1719 4695 1770 4732; x_wconf 93' lang='lat' dir='ltr'><strong>v.</strong></span> <span class='ocrx_word' id='word_1_694' title='bbox 1824 4669 1893 4734; x_wconf 87' lang='lat' dir='ltr'><strong>ad</strong></span> <span class='ocrx_word' id='word_1_695' title='bbox 1929 4669 1974 4733; x_wconf 85' lang='grc' dir='ltr'><strong>Ι)</strong></span> <span class='ocrx_word' id='word_1_696' title='bbox 2004 4669 2852 4748; x_wconf 40' lang='lat' dir='ltr'><strong>cius‘inefﬁcio—constitutus,</strong></span> <span class='ocrx_word' id='word_1_697' title='bbox 2887 4675 3118 4731; x_wconf 89' lang='lat' dir='ltr'><strong>etiamsi</strong></span> <span class='ocrx_word' id='word_1_698' title='bbox 3167 4691 3367 4732; x_wconf 90' lang='lat' dir='ltr'><strong>recens</strong></span> <span class='ocrx_word' id='word_1_699' title='bbox 3393 4669 3643 4748; x_wconf 75' lang='lat' dir='ltr'><strong>créatus,</strong></span> 
     </span>
    </p>
   </div>
   <div class='ocr_carea' id='block_1_104' title="bbox 251 4744 1898 4820">
    <p class='ocr_par' dir='ltr' id='par_1_104' title="bbox 251 4744 1898 4820">
     <span class='ocr_line' id='line_1_105' title="bbox 251 4744 1898 4820; baseline 0.005 -23"><span class='ocrx_word' id='word_1_700' title='bbox 251 4761 307 4820; x_wconf 85' lang='lat' dir='ltr'><strong>p.</strong></span> <span class='ocrx_word' id='word_1_701' title='bbox 345 4746 446 4820; x_wconf 80' lang='lat'><strong>1_72</strong></span> <span class='ocrx_word' id='word_1_702' title='bbox 475 4749 532 4799; x_wconf 90' lang='lat' dir='ltr'><strong>et</strong></span> <span class='ocrx_word' id='word_1_703' title='bbox 562 4759 618 4814; x_wconf 92' lang='lat' dir='ltr'><strong>p.</strong></span> <span class='ocrx_word' id='word_1_704' title='bbox 649 4744 774 4820; x_wconf 87' lang='lat'>22_7.</span> <span class='ocrx_word' id='word_1_705' title='bbox 811 4745 1001 4800; x_wconf 91' lang='lat' dir='ltr'><strong>Etiam</strong></span> <span class='ocrx_word' id='word_1_706' title='bbox 1035 4746 1094 4800; x_wconf 93' lang='lat' dir='ltr'><strong>in</strong></span> <span class='ocrx_word' id='word_1_707' title='bbox 1136 4749 1396 4804; x_wconf 89' lang='lat' dir='ltr'><strong>convivio</strong></span> <span class='ocrx_word' id='word_1_708' title='bbox 1428 4744 1710 4820; x_wconf 85' lang='lat' dir='ltr'><strong>principis</strong></span> <span class='ocrx_word' id='word_1_709' title='bbox 1757 4749 1898 4805; x_wconf 92' lang='lat' dir='ltr'><strong>Mol-</strong></span> 
     </span>
    </p>
   </div>
   <div class='ocr_carea' id='block_1_105' title="bbox 252 4814 1899 4891">
    <p class='ocr_par' dir='ltr' id='par_1_105' title="bbox 252 4814 1899 4891">
     <span class='ocr_line' id='line_1_106' title="bbox 252 4814 1899 4891; baseline 0.005 -23"><span class='ocrx_word' id='word_1_710' title='bbox 252 4814 449 4891; x_wconf 54' lang='grc' dir='ltr'><strong>διινὶῳῖ</strong></span> <span class='ocrx_word' id='word_1_711' title='bbox 501 4830 616 4886; x_wconf 89' lang='lat' dir='ltr'><strong>quo</strong></span> <span class='ocrx_word' id='word_1_712' title='bbox 656 4814 882 4891; x_wconf 75' lang='lat' dir='ltr'><strong>clerum</strong></span> <span class='ocrx_word' id='word_1_713' title='bbox 934 4821 991 4872; x_wconf 89' lang='lat' dir='ltr'><strong>et</strong></span> <span class='ocrx_word' id='word_1_714' title='bbox 1043 4833 1302 4891; x_wconf 76' lang='lat' dir='ltr'><strong>proceres</strong></span> <span class='ocrx_word' id='word_1_715' title='bbox 1359 4814 1497 4875; x_wconf 77' lang='lat' dir='ltr'><strong>suos</strong></span> <span class='ocrx_word' id='word_1_716' title='bbox 1555 4814 1788 4891; x_wconf 70' lang='lat' dir='ltr'><strong>excipit,</strong></span> <span class='ocrx_word' id='word_1_717' title='bbox 1842 4825 1899 4876; x_wconf 91' lang='lat' dir='ltr'><strong>et</strong></span> 
     </span>
    </p>
   </div>
   <div class='ocr_carea' id='block_1_106' title="bbox 247 4885 1893 4962">
    <p class='ocr_par' dir='ltr' id='par_1_106' title="bbox 247 4885 1893 4962">
     <span class='ocr_line' id='line_1_107' title="bbox 247 4885 1893 4962; baseline 0.005 -23"><span class='ocrx_word' id='word_1_718' title='bbox 247 4887 401 4962; x_wconf 79' lang='lat' dir='ltr'><strong>quod</strong></span> <span class='ocrx_word' id='word_1_719' title='bbox 436 4885 748 4941; x_wconf 21' lang='lat' dir='ltr'><strong>inimultis</strong></span> <span class='ocrx_word' id='word_1_720' title='bbox 798 4903 933 4962; x_wconf 81' lang='lat' dir='ltr'><strong>cum</strong></span> <span class='ocrx_word' id='word_1_721' title='bbox 985 4888 1342 4962; x_wconf 87' lang='lat' dir='ltr'><strong>solemnibus</strong></span> <span class='ocrx_word' id='word_1_722' title='bbox 1398 4885 1893 4962; x_wconf 44' lang='lat' dir='ltr'><strong>veterum-impp.</strong></span> 
     </span>
    </p>
   </div>
   <div class='ocr_carea' id='block_1_107' title="bbox 246 4958 1890 5030">
    <p class='ocr_par' dir='ltr' id='par_1_107' title="bbox 246 4958 1890 5030">
     <span class='ocr_line' id='line_1_108' title="bbox 246 4958 1890 5030; baseline 0.004 -20"><span class='ocrx_word' id='word_1_723' title='bbox 246 4958 601 5030; x_wconf 87' lang='lat' dir='ltr'><strong>CPtanorum</strong></span> <span class='ocrx_word' id='word_1_724' title='bbox 654 4959 935 5030; x_wconf 91' lang='lat' dir='ltr'><strong>conviviis</strong></span> <span class='ocrx_word' id='word_1_725' title='bbox 1001 4959 1288 5028; x_wconf 89' lang='lat' dir='ltr'><strong>convenit,</strong></span> <span class='ocrx_word' id='word_1_726' title='bbox 1341 4967 1406 5014; x_wconf 87' lang='lat' dir='ltr'><strong>ut</strong></span> <span class='ocrx_word' id='word_1_727' title='bbox 1463 4963 1648 5030; x_wconf 90' lang='lat' dir='ltr'><strong>possit</strong></span> <span class='ocrx_word' id='word_1_728' title='bbox 1692 4958 1890 5018; x_wconf 76' lang='lat' dir='ltr'><strong>eorum</strong></span> 
     </span>
    </p>
   </div>
   <div class='ocr_carea' id='block_1_108' title="bbox 247 5027 1888 5100">
    <p class='ocr_par' dir='ltr' id='par_1_108' title="bbox 247 5027 1888 5100">
     <span class='ocr_line' id='line_1_109' title="bbox 247 5027 1888 5100; baseline 0.004 -20"><span class='ocrx_word' id='word_1_729' title='bbox 247 5031 432 5100; x_wconf 70' lang='lat' dir='ltr'><strong>imago</strong></span> <span class='ocrx_word' id='word_1_730' title='bbox 466 5027 666 5100; x_wconf 89' lang='lat' dir='ltr'><strong>merito</strong></span> <span class='ocrx_word' id='word_1_731' title='bbox 696 5029 832 5100; x_wconf 89' lang='lat' dir='ltr'><strong>dici,</strong></span> <span class='ocrx_word' id='word_1_732' title='bbox 875 5030 1226 5100; x_wconf 89' lang='lat' dir='ltr'><strong>principissa</strong></span> <span class='ocrx_word' id='word_1_733' title='bbox 1275 5027 1387 5084; x_wconf 90' lang='lat' dir='ltr'><strong>non</strong></span> <span class='ocrx_word' id='word_1_734' title='bbox 1421 5027 1606 5087; x_wconf 86' lang='lat' dir='ltr'><strong>adest.</strong></span> <span class='ocrx_word' id='word_1_735' title='bbox 1658 5031 1888 5087; x_wconf 89' lang='lat' dir='ltr'><strong>Descri-</strong></span> 
     </span>
    </p>
   </div>
   <div class='ocr_carea' id='block_1_109' title="bbox 253 5097 1890 5172">
    <p class='ocr_par' dir='ltr' id='par_1_109' title="bbox 253 5097 1890 5172">
     <span class='ocr_line' id='line_1_110' title="bbox 253 5097 1890 5172; baseline 0.007 -24"><span class='ocrx_word' id='word_1_736' title='bbox 253 5098 337 5172; x_wconf 66' lang='lat' dir='ltr'><strong>bit</strong></span> <span class='ocrx_word' id='word_1_737' title='bbox 369 5097 509 5172; x_wconf 87' lang='lat' dir='ltr'><strong>illud</strong></span> <span class='ocrx_word' id='word_1_738' title='bbox 532 5097 893 5172; x_wconf 72' lang='lat' dir='ltr'><strong>_conviviu_uf</strong></span> <span class='ocrx_word' id='word_1_739' title='bbox 933 5103 1006 5157; x_wconf 88' lang='lat' dir='ltr'><strong>La</strong></span> <span class='ocrx_word' id='word_1_740' title='bbox 1050 5097 1217 5156; x_wconf 82' lang='lat' dir='ltr'><strong>Croix</strong></span> <span class='ocrx_word' id='word_1_741' title='bbox 1261 5101 1321 5156; x_wconf 90' lang='lat' dir='ltr'><strong>in</strong></span> <span class='ocrx_word' id='word_1_742' title='bbox 1353 5101 1517 5156; x_wconf 83' lang='lat' dir='ltr'><strong>l’Elat</strong></span> <span class='ocrx_word' id='word_1_743' title='bbox 1564 5106 1779 5172; x_wconf 69' lang='lat' dir='ltr'><strong>present</strong></span> <span class='ocrx_word' id='word_1_744' title='bbox 1823 5104 1890 5159; x_wconf 75' lang='lat' dir='ltr'><strong>de</strong></span> 
     </span>
    </p>
   </div>
   <div class='ocr_carea' id='block_1_110' title="bbox 251 5169 1888 5242">
    <p class='ocr_par' dir='ltr' id='par_1_110' title="bbox 251 5169 1888 5242">
     <span class='ocr_line' id='line_1_111' title="bbox 251 5169 1888 5242; baseline 0.004 -19"><span class='ocrx_word' id='word_1_745' title='bbox 251 5169 478 5242; x_wconf 56' lang='lat' dir='ltr'><strong>l’Egli&#39;sje</strong></span> <span class='ocrx_word' id='word_1_746' title='bbox 516 5169 778 5240; x_wconf 83' lang='lat' dir='ltr'><strong>Grecque,</strong></span> <span class='ocrx_word' id='word_1_747' title='bbox 829 5170 868 5225; x_wconf 89' lang='grc' dir='ltr'><strong>ι.</strong></span> <span class='ocrx_word' id='word_1_748' title='bbox 903 5189 940 5236; x_wconf 83' lang='grc' dir='ltr'><strong>ι,</strong></span> <span class='ocrx_word' id='word_1_749' title='bbox 991 5188 1040 5226; x_wconf 86' lang='grc' dir='ltr'><strong>ο.</strong></span> <span class='ocrx_word' id='word_1_750' title='bbox 1099 5173 1182 5238; x_wconf 83' lang='grc'><strong>15,</strong></span> <span class='ocrx_word' id='word_1_751' title='bbox 1223 5189 1395 5242; x_wconf 91' lang='lat' dir='ltr'><strong>quem</strong></span> <span class='ocrx_word' id='word_1_752' title='bbox 1447 5169 1629 5228; x_wconf 79' lang='lat' dir='ltr'><strong>talum</strong></span> <span class='ocrx_word' id='word_1_753' title='bbox 1677 5173 1888 5240; x_wconf 89' lang='lat' dir='ltr'><strong>locum,</strong></span> 
     </span>
    </p>
   </div>
   <div class='ocr_carea' id='block_1_111' title="bbox 248 5240 1887 5315">
    <p class='ocr_par' dir='ltr' id='par_1_111' title="bbox 248 5240 1887 5315">
     <span class='ocr_line' id='line_1_112' title="bbox 248 5240 1887 5315; baseline 0.004 -21"><span class='ocrx_word' id='word_1_754' title='bbox 248 5256 386 5310; x_wconf 85' lang='lat' dir='ltr'><strong>quia</strong></span> <span class='ocrx_word' id='word_1_755' title='bbox 417 5240 1006 5315; x_wconf 27' lang='lat' dir='ltr'><strong>Cletorologium‘hoc</strong></span> <span class='ocrx_word' id='word_1_756' title='bbox 1037 5240 1300 5315; x_wconf 76' lang='lat' dir='ltr'><strong>nostrum</strong></span> <span class='ocrx_word' id='word_1_757' title='bbox 1345 5245 1573 5315; x_wconf 90' lang='lat' dir='ltr'><strong>egregie</strong></span> <span class='ocrx_word' id='word_1_758' title='bbox 1607 5243 1887 5313; x_wconf 88' lang='lat' dir='ltr'><strong>illustrat,</strong></span> 
     </span>
    </p>
   </div>
   <div class='ocr_carea' id='block_1_112' title="bbox 251 5312 1888 5387">
    <p class='ocr_par' dir='ltr' id='par_1_112' title="bbox 251 5312 1888 5387">
     <span class='ocr_line' id='line_1_113' title="bbox 251 5312 1888 5387; baseline 0.006 -23"><span class='ocrx_word' id='word_1_759' title='bbox 251 5326 362 5387; x_wconf 65' lang='lat' dir='ltr'><strong>non</strong></span> <span class='ocrx_word' id='word_1_760' title='bbox 423 5312 1032 5387; x_wconf 80' lang='lat' dir='ltr'><strong>pigebit_contulisse.</strong></span> <span class='ocrx_word' id='word_1_761' title='bbox 1090 5314 1340 5386; x_wconf 88' lang='lat' dir='ltr'><strong>Colligas</strong></span> <span class='ocrx_word' id='word_1_762' title='bbox 1385 5312 1633 5387; x_wconf 64' lang='lat' dir='ltr'><strong>quidem</strong></span> <span class='ocrx_word' id='word_1_763' title='bbox 1681 5332 1711 5371; x_wconf 93' lang='lat' dir='ltr'><strong>e</strong></span> <span class='ocrx_word' id='word_1_764' title='bbox 1762 5312 1888 5374; x_wconf 91' lang='lat' dir='ltr'><strong>loco</strong></span> 
     </span>
    </p>
   </div>
   <div class='ocr_carea' id='block_1_113' title="bbox 248 5380 1887 5458">
    <p class='ocr_par' dir='ltr' id='par_1_113' title="bbox 248 5380 1887 5458">
     <span class='ocr_line' id='line_1_114' title="bbox 248 5380 1887 5458; baseline 0.005 -24"><span class='ocrx_word' id='word_1_765' title='bbox 248 5380 457 5458; x_wconf 63' lang='lat' dir='ltr'><strong>Nicetis</strong></span> <span class='ocrx_word' id='word_1_766' title='bbox 487 5380 562 5452; x_wconf 58' lang='lat' dir='ltr'><strong>&#39;p.</strong></span> <span class='ocrx_word' id='word_1_767' title='bbox 604 5383 741 5458; x_wconf 26' lang='lat'><strong>.232,</strong></span> <span class='ocrx_word' id='word_1_768' title='bbox 797 5386 1044 5458; x_wconf 86' lang='lat' dir='ltr'><strong>feminas</strong></span> <span class='ocrx_word' id='word_1_769' title='bbox 1095 5380 1323 5456; x_wconf 44' lang='lat' dir='ltr'><strong>quoq‘ue</strong></span> <span class='ocrx_word' id='word_1_770' title='bbox 1381 5380 1527 5458; x_wconf 80' lang='lat' dir='ltr'><strong>regii</strong></span> <span class='ocrx_word' id='word_1_771' title='bbox 1583 5388 1887 5455; x_wconf 84' lang='lat' dir='ltr'><strong>sanguinis</strong></span> 
     </span>
    </p>
   </div>
   <div class='ocr_carea' id='block_1_114' title="bbox 250 5455 1886 5532">
    <p class='ocr_par' dir='ltr' id='par_1_114' title="bbox 250 5455 1886 5532">
     <span class='ocr_line' id='line_1_115' title="bbox 250 5455 1886 5532; baseline 0.006 -27"><span class='ocrx_word' id='word_1_772' title='bbox 250 5468 375 5532; x_wconf 72' lang='lat' dir='ltr'><strong>cum</strong></span> <span class='ocrx_word' id='word_1_773' title='bbox 420 5455 777 5532; x_wconf 72' lang='lat' dir='ltr'><strong>imperatore</strong></span> <span class='ocrx_word' id='word_1_774' title='bbox 819 5455 1311 5532; x_wconf 74' lang='lat' dir='ltr'><strong>epulatas_t&#39;uisse.</strong></span> <span class='ocrx_word' id='word_1_775' title='bbox 1373 5455 1482 5532; x_wconf 78' lang='lat' dir='ltr'><strong>sed</strong></span> <span class='ocrx_word' id='word_1_776' title='bbox 1537 5458 1660 5532; x_wconf 11' lang='lat' dir='ltr'><strong>ille,</strong></span> <span class='ocrx_word' id='word_1_777' title='bbox 1691 5460 1769 5532; x_wconf 83' lang='lat' dir='ltr'><strong>ibi</strong></span> <span class='ocrx_word' id='word_1_778' title='bbox 1809 5459 1886 5532; x_wconf 84' lang='lat' dir='ltr'><strong>de</strong></span> 
     </span>
    </p>
   </div>
   <div class='ocr_carea' id='block_1_115' title="bbox 253 5525 1888 5647">
    <p class='ocr_par' dir='ltr' id='par_1_115' title="bbox 253 5525 1888 5647">
     <span class='ocr_line' id='line_1_116' title="bbox 253 5525 1888 5647; baseline 0.007 -72"><span class='ocrx_word' id='word_1_779' title='bbox 253 5525 487 5647; x_wconf 40' lang='lat' dir='ltr'><strong>privatis</strong></span> <span class='ocrx_word' id='word_1_780' title='bbox 511 5527 720 5596; x_wconf 90' lang='lat' dir='ltr'><strong>epulis,</strong></span> <span class='ocrx_word' id='word_1_781' title='bbox 753 5525 868 5583; x_wconf 87' lang='lat' dir='ltr'><strong>non</strong></span> <span class='ocrx_word' id='word_1_782' title='bbox 898 5528 969 5583; x_wconf 91' lang='lat' dir='ltr'><strong>de</strong></span> <span class='ocrx_word' id='word_1_783' title='bbox 1013 5528 1259 5598; x_wconf 88' lang='lat' dir='ltr'><strong>publicis</strong></span> <span class='ocrx_word' id='word_1_784' title='bbox 1307 5531 1472 5586; x_wconf 90' lang='lat' dir='ltr'><strong>statis</strong></span> <span class='ocrx_word' id='word_1_785' title='bbox 1503 5530 1777 5586; x_wconf 89' lang='lat' dir='ltr'><strong>conviviis</strong></span> <span class='ocrx_word' id='word_1_786' title='bbox 1808 5530 1888 5587; x_wconf 92' lang='lat' dir='ltr'><strong>lo-</strong></span> 
     </span>
     <span class='ocr_line' id='line_1_117' title="bbox 372 5612 458 5647; baseline 0 0"><span class='ocrx_word' id='word_1_787' title='bbox 372 5612 458 5647; x_wconf 76' lang='lat' dir='ltr'><strong>UP.</strong></span> 
     </span>
    </p>
   </div>
   <div class='ocr_carea' id='block_1_116' title="bbox 243 5609 458 5663">
    <p class='ocr_par' dir='ltr' id='par_1_116' title="bbox 243 5609 458 5663">
     <span class='ocr_line' id='line_1_118' title="bbox 243 5609 458 5663; baseline 0.005 -17"><span class='ocrx_word' id='word_1_788' title='bbox 243 5609 458 5663; x_wconf 82' lang='lat' dir='ltr'><strong>quitur.</strong></span> 
     </span>
    </p>
   </div>
   <div class='ocr_carea' id='block_1_117' title="bbox 294 5664 1883 5747">
    <p class='ocr_par' dir='ltr' id='par_1_117' title="bbox 294 5664 1883 5747">
     <span class='ocr_line' id='line_1_119' title="bbox 294 5664 1883 5747; baseline 0.009 -30"><span class='ocrx_word' id='word_1_789' title='bbox 294 5664 755 5747; x_wconf 40' lang='lat' dir='ltr'><strong>.(18)S_atis_hiec</strong></span> <span class='ocrx_word' id='word_1_790' title='bbox 806 5670 980 5747; x_wconf 65' lang='lat' dir='ltr'><strong>verba</strong></span> <span class='ocrx_word' id='word_1_791' title='bbox 1026 5671 1304 5747; x_wconf 80' lang='lat' dir='ltr'><strong>indicant,</strong></span> <span class='ocrx_word' id='word_1_792' title='bbox 1351 5673 1708 5747; x_wconf 88' lang='lat' dir='ltr'><strong>reliquarum</strong></span> <span class='ocrx_word' id='word_1_793' title='bbox 1759 5691 1883 5730; x_wconf 81' lang='lat' dir='ltr'><strong>om-</strong></span> 
     </span>
    </p>
   </div>
   <div class='ocr_carea' id='block_1_118' title="bbox 250 5736 1884 5815">
    <p class='ocr_par' dir='ltr' id='par_1_118' title="bbox 250 5736 1884 5815">
     <span class='ocr_line' id='line_1_120' title="bbox 250 5736 1884 5815; baseline 0.01 -29"><span class='ocrx_word' id='word_1_794' title='bbox 250 5736 409 5792; x_wconf 89' lang='lat' dir='ltr'><strong>nium</strong></span> <span class='ocrx_word' id='word_1_795' title='bbox 469 5736 816 5808; x_wconf 87' lang='lat' dir='ltr'><strong>dignitatum</strong></span> <span class='ocrx_word' id='word_1_796' title='bbox 861 5739 1082 5798; x_wconf 87' lang='lat' dir='ltr'><strong>nullam</strong></span> <span class='ocrx_word' id='word_1_797' title='bbox 1142 5744 1213 5800; x_wconf 90' lang='lat' dir='ltr'><strong>ad</strong></span> <span class='ocrx_word' id='word_1_798' title='bbox 1265 5736 1593 5815; x_wconf 73' lang='lat' dir='ltr'><strong>separatam</strong></span> <span class='ocrx_word' id='word_1_799' title='bbox 1621 5761 1884 5802; x_wconf 87' lang='lat' dir='ltr'><strong>mensam</strong></span> 
     </span>
    </p>
   </div>
   <div class='ocr_carea' id='block_1_119' title="bbox 2008 4747 3644 4819">
    <p class='ocr_par' dir='ltr' id='par_1_119' title="bbox 2008 4747 3644 4819">
     <span class='ocr_line' id='line_1_121' title="bbox 2008 4747 3644 4819; baseline 0.002 -18"><span class='ocrx_word' id='word_1_800' title='bbox 2008 4747 2282 4819; x_wconf 82' lang='lat' dir='ltr'><strong>praecedit</strong></span> <span class='ocrx_word' id='word_1_801' title='bbox 2348 4747 2584 4819; x_wconf 89' lang='lat' dir='ltr'><strong>patricio</strong></span> <span class='ocrx_word' id='word_1_802' title='bbox 2641 4747 2895 4803; x_wconf 88' lang='lat' dir='ltr'><strong>ofﬁcium</strong></span> <span class='ocrx_word' id='word_1_803' title='bbox 2963 4763 3078 4802; x_wconf 92' lang='lat' dir='ltr'><strong>non</strong></span> <span class='ocrx_word' id='word_1_804' title='bbox 3127 4749 3362 4818; x_wconf 89' lang='lat' dir='ltr'><strong>gerenti,</strong></span> <span class='ocrx_word' id='word_1_805' title='bbox 3413 4747 3644 4804; x_wconf 86' lang='lat' dir='ltr'><strong>etiamsi</strong></span> 
     </span>
    </p>
   </div>
   <div class='ocr_carea' id='block_1_120' title="bbox 2004 4818 2202 4874">
    <p class='ocr_par' dir='ltr' id='par_1_120' title="bbox 2004 4818 2202 4874">
     <span class='ocr_line' id='line_1_122' title="bbox 2004 4818 2202 4874; baseline -0.01 0"><span class='ocrx_word' id='word_1_806' title='bbox 2004 4818 2202 4874; x_wconf 89' lang='lat' dir='ltr'><strong>veteri.</strong></span> 
     </span>
    </p>
   </div>
   <div class='ocr_carea' id='block_1_121' title="bbox 2079 4889 3641 4960">
    <p class='ocr_par' dir='ltr' id='par_1_121' title="bbox 2079 4889 3641 4960">
     <span class='ocr_line' id='line_1_123' title="bbox 2079 4889 3641 4960; baseline 0.001 -17"><span class='ocrx_word' id='word_1_807' title='bbox 2079 4891 2188 4960; x_wconf 80' lang='lat' dir='ltr'><strong>(2t)</strong></span> <span class='ocrx_word' id='word_1_808' title='bbox 2221 4889 2495 4960; x_wconf 87' lang='lat' dir='ltr'><strong>Quamvis</strong></span> <span class='ocrx_word' id='word_1_809' title='bbox 2548 4889 2758 4944; x_wconf 71' lang='lat' dir='ltr'><strong>saeculo</strong></span> <span class='ocrx_word' id='word_1_810' title='bbox 2788 4906 2824 4944; x_wconf 77' lang='grc' dir='ltr'><strong>χ</strong></span> <span class='ocrx_word' id='word_1_811' title='bbox 2856 4889 3045 4944; x_wconf 89' lang='lat' dir='ltr'><strong>rarius</strong></span> <span class='ocrx_word' id='word_1_812' title='bbox 3071 4889 3238 4945; x_wconf 91' lang='lat' dir='ltr'><strong>CPlin</strong></span> <span class='ocrx_word' id='word_1_813' title='bbox 3266 4890 3417 4960; x_wconf 86' lang='lat' dir='ltr'><strong>irent</strong></span> <span class='ocrx_word' id='word_1_814' title='bbox 3461 4889 3641 4960; x_wconf 90' lang='lat' dir='ltr'><strong>legati</strong></span> 
     </span>
    </p>
   </div>
   <div class='ocr_carea' id='block_1_122' title="bbox 2003 4959 3637 5032">
    <p class='ocr_par' dir='ltr' id='par_1_122' title="bbox 2003 4959 3637 5032">
     <span class='ocr_line' id='line_1_124' title="bbox 2003 4959 3637 5032; baseline 0 -17"><span class='ocrx_word' id='word_1_815' title='bbox 2003 4962 2298 5032; x_wconf 89' lang='lat' dir='ltr'><strong>pontiﬁcis</strong></span> <span class='ocrx_word' id='word_1_816' title='bbox 2312 4959 2765 5032; x_wconf 81' lang='lat' dir='ltr'><strong>Romani,quam</strong></span> <span class='ocrx_word' id='word_1_817' title='bbox 2789 4977 2956 5016; x_wconf 75' lang='lat' dir='ltr'><strong>szec.v</strong></span> <span class='ocrx_word' id='word_1_818' title='bbox 2974 4965 3030 5016; x_wconf 92' lang='lat' dir='ltr'><strong>et</strong></span> <span class='ocrx_word' id='word_1_819' title='bbox 3050 4978 3106 5016; x_wconf 81' lang='lat' dir='ltr'><strong>vr</strong></span> <span class='ocrx_word' id='word_1_820' title='bbox 3127 4976 3256 5016; x_wconf 89' lang='lat' dir='ltr'><strong>cum</strong></span> <span class='ocrx_word' id='word_1_821' title='bbox 3281 4959 3473 5032; x_wconf 87' lang='lat' dir='ltr'><strong>adhuc</strong></span> <span class='ocrx_word' id='word_1_822' title='bbox 3491 4959 3637 5031; x_wconf 82' lang='lat' dir='ltr'><strong>imp.</strong></span> 
     </span>
    </p>
   </div>
   <div class='ocr_carea' id='block_1_123' title="bbox 2001 5031 3640 5103">
    <p class='ocr_par' dir='ltr' id='par_1_123' title="bbox 2001 5031 3640 5103">
     <span class='ocr_line' id='line_1_125' title="bbox 2001 5031 3640 5103; baseline 0 -17"><span class='ocrx_word' id='word_1_823' title='bbox 2001 5033 2226 5087; x_wconf 87' lang='lat' dir='ltr'><strong>CPtano</strong></span> <span class='ocrx_word' id='word_1_824' title='bbox 2259 5031 2440 5086; x_wconf 80' lang='lat' dir='ltr'><strong>Roma</strong></span> <span class='ocrx_word' id='word_1_825' title='bbox 2490 5031 2734 5103; x_wconf 91' lang='lat' dir='ltr'><strong>pareret,</strong></span> <span class='ocrx_word' id='word_1_826' title='bbox 2775 5048 3197 5102; x_wconf 90' lang='lat' dir='ltr'><strong>nonnunquam</strong></span> <span class='ocrx_word' id='word_1_827' title='bbox 3250 5031 3495 5102; x_wconf 88' lang='lat' dir='ltr'><strong>negotiis</strong></span> <span class='ocrx_word' id='word_1_828' title='bbox 3539 5047 3640 5103; x_wconf 82' lang='lat' dir='ltr'><strong>ex-</strong></span> 
     </span>
    </p>
   </div>
   <div class='ocr_carea' id='block_1_124' title="bbox 2000 5102 3642 5176">
    <p class='ocr_par' dir='ltr' id='par_1_124' title="bbox 2000 5102 3642 5176">
     <span class='ocr_line' id='line_1_126' title="bbox 2000 5102 3642 5176; baseline 0.001 -18"><span class='ocrx_word' id='word_1_829' title='bbox 2000 5102 2524 5176; x_wconf 10' lang='lat' dir='ltr'><strong>pediungdisBoma</strong></span> <span class='ocrx_word' id='word_1_830' title='bbox 2571 5103 2712 5159; x_wconf 90' lang='lat' dir='ltr'><strong>illuc</strong></span> <span class='ocrx_word' id='word_1_831' title='bbox 2739 5103 2918 5176; x_wconf 77' lang='lat' dir='ltr'><strong>legati</strong></span> <span class='ocrx_word' id='word_1_832' title='bbox 2961 5104 3364 5176; x_wconf 80' lang='lat' dir='ltr'><strong>mittebantur,</strong></span> <span class='ocrx_word' id='word_1_833' title='bbox 3397 5102 3642 5176; x_wconf 63' lang='lat' dir='ltr'><strong>syncelli</strong></span> 
     </span>
    </p>
   </div>
   <div class='ocr_carea' id='block_1_125' title="bbox 2001 5173 3639 5244">
    <p class='ocr_par' dir='ltr' id='par_1_125' title="bbox 2001 5173 3639 5244">
     <span class='ocr_line' id='line_1_127' title="bbox 2001 5173 3639 5244; baseline 0.002 -16"><span class='ocrx_word' id='word_1_834' title='bbox 2001 5190 2094 5228; x_wconf 81' lang='lat' dir='ltr'><strong>seu</strong></span> <span class='ocrx_word' id='word_1_835' title='bbox 2173 5174 2370 5230; x_wconf 90' lang='lat' dir='ltr'><strong>vicarii</strong></span> <span class='ocrx_word' id='word_1_836' title='bbox 2444 5173 2824 5230; x_wconf 40' lang='lat' dir='ltr'><strong>Pontilicum—</strong></span> <span class='ocrx_word' id='word_1_837' title='bbox 2867 5173 3229 5244; x_wconf 89' lang='lat' dir='ltr'><strong>plerumque.</strong></span> <span class='ocrx_word' id='word_1_838' title='bbox 3302 5173 3639 5232; x_wconf 87' lang='lat' dir='ltr'><strong>Cardinales</strong></span> 
     </span>
    </p>
   </div>
   <div class='ocr_carea' id='block_1_126' title="bbox 2000 5246 3635 5316">
    <p class='ocr_par' dir='ltr' id='par_1_126' title="bbox 2000 5246 3635 5316">
     <span class='ocr_line' id='line_1_128' title="bbox 2000 5246 3635 5316; baseline 0 -16"><span class='ocrx_word' id='word_1_839' title='bbox 2000 5246 2156 5300; x_wconf 82' lang='lat' dir='ltr'><strong>enim</strong></span> <span class='ocrx_word' id='word_1_840' title='bbox 2184 5251 2309 5300; x_wconf 89' lang='lat' dir='ltr'><strong>tum</strong></span> <span class='ocrx_word' id='word_1_841' title='bbox 2343 5246 2602 5301; x_wconf 90' lang='lat' dir='ltr'><strong>nondum</strong></span> <span class='ocrx_word' id='word_1_842' title='bbox 2634 5247 2802 5301; x_wconf 87' lang='lat' dir='ltr'><strong>valde</strong></span> <span class='ocrx_word' id='word_1_843' title='bbox 2845 5246 3178 5314; x_wconf 84' lang='lat' dir='ltr'><strong>frequentes</strong></span> <span class='ocrx_word' id='word_1_844' title='bbox 3212 5251 3393 5311; x_wconf 91' lang='lat' dir='ltr'><strong>erant,</strong></span> <span class='ocrx_word' id='word_1_845' title='bbox 3429 5262 3635 5316; x_wconf 85' lang='lat' dir='ltr'><strong>quam-</strong></span> 
     </span>
    </p>
   </div>
   <div class='ocr_carea' id='block_1_127' title="bbox 1997 5317 3630 5387">
    <p class='ocr_par' dir='ltr' id='par_1_127' title="bbox 1997 5317 3630 5387">
     <span class='ocr_line' id='line_1_129' title="bbox 1997 5317 3630 5387; baseline 0.002 -17"><span class='ocrx_word' id='word_1_846' title='bbox 1997 5317 2082 5371; x_wconf 89' lang='lat' dir='ltr'><strong>vis</strong></span> <span class='ocrx_word' id='word_1_847' title='bbox 2130 5318 2248 5372; x_wconf 91' lang='lat' dir='ltr'><strong>noti</strong></span> <span class='ocrx_word' id='word_1_848' title='bbox 2291 5319 2415 5387; x_wconf 90' lang='lat' dir='ltr'><strong>jam</strong></span> <span class='ocrx_word' id='word_1_849' title='bbox 2467 5326 2682 5378; x_wconf 82' lang='lat' dir='ltr'><strong>essent,</strong></span> <span class='ocrx_word' id='word_1_850' title='bbox 2735 5321 2795 5371; x_wconf 91' lang='lat' dir='ltr'><strong>ut</strong></span> <span class='ocrx_word' id='word_1_851' title='bbox 2851 5321 3068 5385; x_wconf 91' lang='lat' dir='ltr'><strong>patete</strong></span> <span class='ocrx_word' id='word_1_852' title='bbox 3127 5317 3330 5373; x_wconf 85' lang='lat' dir='ltr'><strong>Nostro</strong></span> <span class='ocrx_word' id='word_1_853' title='bbox 3390 5333 3444 5387; x_wconf 94' lang='lat' dir='ltr'><strong>p.</strong></span> <span class='ocrx_word' id='word_1_854' title='bbox 3504 5319 3630 5373; x_wconf 77' lang='grc'><strong>428.</strong></span> 
     </span>
    </p>
   </div>
   <div class='ocr_carea' id='block_1_128' title="bbox 1999 5387 3634 5459">
    <p class='ocr_par' dir='ltr' id='par_1_128' title="bbox 1999 5387 3634 5459">
     <span class='ocr_line' id='line_1_130' title="bbox 1999 5387 3634 5459; baseline 0.002 -17"><span class='ocrx_word' id='word_1_855' title='bbox 1999 5387 2208 5444; x_wconf 85' lang='lat' dir='ltr'><strong>Rarius</strong></span> <span class='ocrx_word' id='word_1_856' title='bbox 2256 5389 2489 5459; x_wconf 89' lang='lat' dir='ltr'><strong>quidem</strong></span> <span class='ocrx_word' id='word_1_857' title='bbox 2521 5389 2736 5458; x_wconf 89' lang='lat' dir='ltr'><strong>legitur</strong></span> <span class='ocrx_word' id='word_1_858' title='bbox 2773 5403 2980 5459; x_wconf 77' lang='lat' dir='ltr'><strong>nomen</strong></span> <span class='ocrx_word' id='word_1_859' title='bbox 3032 5387 3426 5457; x_wconf 80' lang='lat' dir='ltr'><strong>syncellorum</strong></span> <span class='ocrx_word' id='word_1_860' title='bbox 3476 5390 3634 5445; x_wconf 88' lang='lat' dir='ltr'><strong>sedis</strong></span> 
     </span>
    </p>
   </div>
   <div class='ocr_carea' id='block_1_129' title="bbox 1997 5457 3629 5531">
    <p class='ocr_par' dir='ltr' id='par_1_129' title="bbox 1997 5457 3629 5531">
     <span class='ocr_line' id='line_1_131' title="bbox 1997 5457 3629 5531; baseline 0 -17"><span class='ocrx_word' id='word_1_861' title='bbox 1997 5457 2522 5531; x_wconf 40' lang='lat' dir='ltr'><strong>Romanis—ifuisse</strong></span> <span class='ocrx_word' id='word_1_862' title='bbox 2555 5457 2862 5531; x_wconf 66' lang='lat' dir='ltr'><strong>tamenilli</strong></span> <span class='ocrx_word' id='word_1_863' title='bbox 2892 5474 3124 5529; x_wconf 89' lang='lat' dir='ltr'><strong>quoque</strong></span> <span class='ocrx_word' id='word_1_864' title='bbox 3154 5475 3287 5531; x_wconf 81' lang='lat' dir='ltr'><strong>suos</strong></span> <span class='ocrx_word' id='word_1_865' title='bbox 3319 5459 3629 5531; x_wconf 81' lang='lat' dir='ltr'><strong>syncellos,</strong></span> 
     </span>
    </p>
   </div>
   <div class='ocr_carea' id='block_1_130' title="bbox 1994 5528 3628 5602">
    <p class='ocr_par' dir='ltr' id='par_1_130' title="bbox 1994 5528 3628 5602">
     <span class='ocr_line' id='line_1_132' title="bbox 1994 5528 3628 5602; baseline 0.001 -16"><span class='ocrx_word' id='word_1_866' title='bbox 1994 5537 2051 5586; x_wconf 90' lang='lat' dir='ltr'><strong>et</strong></span> <span class='ocrx_word' id='word_1_867' title='bbox 2081 5549 2150 5586; x_wconf 84' lang='lat' dir='ltr'><strong>ex</strong></span> <span class='ocrx_word' id='word_1_868' title='bbox 2181 5532 2287 5585; x_wconf 90' lang='lat' dir='ltr'><strong>hoc</strong></span> <span class='ocrx_word' id='word_1_869' title='bbox 2316 5529 2441 5602; x_wconf 78' lang='lat' dir='ltr'><strong>loco</strong></span> <span class='ocrx_word' id='word_1_870' title='bbox 2471 5533 2528 5582; x_wconf 85' lang='lat' dir='ltr'><strong>et</strong></span> <span class='ocrx_word' id='word_1_871' title='bbox 2575 5544 2643 5584; x_wconf 82' lang='lat' dir='ltr'><strong>ex</strong></span> <span class='ocrx_word' id='word_1_872' title='bbox 2675 5528 2803 5583; x_wconf 90' lang='lat' dir='ltr'><strong>aliis</strong></span> <span class='ocrx_word' id='word_1_873' title='bbox 2834 5536 3007 5600; x_wconf 87' lang='lat' dir='ltr'><strong>patet,</strong></span> <span class='ocrx_word' id='word_1_874' title='bbox 3035 5528 3168 5602; x_wconf 70' lang='lat' dir='ltr'><strong>quas</strong></span> <span class='ocrx_word' id='word_1_875' title='bbox 3217 5530 3302 5585; x_wconf 91' lang='lat' dir='ltr'><strong>Du</strong></span> <span class='ocrx_word' id='word_1_876' title='bbox 3344 5528 3542 5602; x_wconf 57' lang='lat' dir='ltr'><strong>(lange</strong></span> <span class='ocrx_word' id='word_1_877' title='bbox 3572 5549 3628 5589; x_wconf 88' lang='lat' dir='ltr'><strong>v.</strong></span> 
     </span>
    </p>
   </div>
   <div class='ocr_carea' id='block_1_131' title="bbox 1989 5600 3629 5674">
    <p class='ocr_par' dir='ltr' id='par_1_131' title="bbox 1989 5600 3629 5674">
     <span class='ocr_line' id='line_1_133' title="bbox 1989 5600 3629 5674; baseline 0 -16"><span class='ocrx_word' id='word_1_878' title='bbox 1989 5603 2281 5674; x_wconf 70' lang='lat' dir='ltr'><strong>Syncellus</strong></span> <span class='ocrx_word' id='word_1_879' title='bbox 2309 5600 2558 5674; x_wconf 68' lang='lat' dir='ltr'><strong>collegit.</strong></span> <span class='ocrx_word' id='word_1_880' title='bbox 2610 5605 3056 5674; x_wconf 83' lang='lat' dir='ltr'><strong>Docetquoque</strong></span> <span class='ocrx_word' id='word_1_881' title='bbox 3101 5601 3324 5669; x_wconf 87' lang='lat' dir='ltr'><strong>Noster,</strong></span> <span class='ocrx_word' id='word_1_882' title='bbox 3359 5600 3629 5658; x_wconf 74' lang='lat' dir='ltr'><strong>Romanis</strong></span> 
     </span>
    </p>
   </div>
   <div class='ocr_carea' id='block_1_132' title="bbox 1992 5671 3631 5741">
    <p class='ocr_par' dir='ltr' id='par_1_132' title="bbox 1992 5671 3631 5741">
     <span class='ocr_line' id='line_1_134' title="bbox 1992 5671 3631 5741; baseline 0.003 -12"><span class='ocrx_word' id='word_1_883' title='bbox 1992 5671 2146 5731; x_wconf 81' lang='lat' dir='ltr'><strong>sedis</strong></span> <span class='ocrx_word' id='word_1_884' title='bbox 2176 5675 2396 5729; x_wconf 90' lang='lat' dir='ltr'><strong>clerum</strong></span> <span class='ocrx_word' id='word_1_885' title='bbox 2427 5671 2650 5726; x_wconf 90' lang='lat' dir='ltr'><strong>CPtano</strong></span> <span class='ocrx_word' id='word_1_886' title='bbox 2683 5671 3089 5741; x_wconf 33' lang='lat' dir='ltr'><strong>praehabit’um,</strong></span> <span class='ocrx_word' id='word_1_887' title='bbox 3114 5674 3376 5732; x_wconf 88' lang='lat' dir='ltr'><strong>ordinem</strong></span> <span class='ocrx_word' id='word_1_888' title='bbox 3409 5674 3631 5734; x_wconf 86' lang='lat' dir='ltr'><strong>scilicet</strong></span> 
     </span>
    </p>
   </div>
   <div class='ocr_carea' id='block_1_133' title="bbox 1992 5743 2827 5816">
    <p class='ocr_par' dir='ltr' id='par_1_133' title="bbox 1992 5743 2827 5816">
     <span class='ocr_line' id='line_1_135' title="bbox 1992 5743 2827 5816; baseline -0.005 -14"><span class='ocrx_word' id='word_1_889' title='bbox 1992 5760 2285 5816; x_wconf 87' lang='lat' dir='ltr'><strong>quemque</strong></span> <span class='ocrx_word' id='word_1_890' title='bbox 2314 5759 2418 5801; x_wconf 87' lang='lat' dir='ltr'><strong>suo</strong></span> <span class='ocrx_word' id='word_1_891' title='bbox 2450 5743 2594 5814; x_wconf 90' lang='lat' dir='ltr'><strong>pari,</strong></span> <span class='ocrx_word' id='word_1_892' title='bbox 2627 5743 2827 5803; x_wconf 85' lang='lat' dir='ltr'><strong>fuisse.</strong></span> 
     </span>
    </p>
   </div>
  </div>
