4088 6300
441 332 597 394 1343

1406 324 1415 333 “
1468 329 1997 394 CONSTANTINI
2038 327 2733 389 PORPllYltOGENlTI

3685 329 3853 391 1344

441 482 570 522 rum
602 463 875 536 quisquis
904 464 1093 522 ofﬁcio
1125 463 1437 519 honoratus
1458 462 1880 531 est,preiertur
1911 458 2077 515 alteri

2201 456 2395 533 τρίκιος
2453 458 2544 512 καὶ
2591 456 2896 535 στρατηγὸς
2942 461 3039 515 τοῦ
3086 461 3417 535 Χαρσιανοῦ·
3452 460 3481 514 6
3539 459 3852 524 ἀνθύπατος

441 554 583 627 [non
613 554 894 611 honorato
925 553 1037 609 alia
1086 558 1292 624 praeter
1340 551 1711 624 patriciatum
1746 548 2083 621 dignitate].

441 645 589 702 Tum
612 648 944 717 sequuntur
966 643 1070 697 hoc
1090 642 1291 698 ordine
1323 656 1337 695 :
1371 639 1691 695 Proconsul
1729 639 2007 711 patricius
2028 643 2087 694 et

444 731 1185 807 strategusAnatolicorum
1199 746 1300 785 seu
1314 727 1717 796 Orientalium;
1736 727 2087 801 pronconsul

443 824 725 898 patricius
755 826 811 877 et
839 820 1198 876 domesticus
1228 817 1563 875 scholarum
1594 836 1608 881 ;
1642 816 1950 890 proconsul
1983 834 2087 888 pa-

440 911 646 967 tricius
676 913 734 966 et
763 913 1053 980 strategus
1081 908 1560 965 Armeniacorum
1588 926 1601 969 ;
1636 906 1947 979 proconsul
1979 923 2085 977 pa-

441 997 644 1057 tricius
720 1005 774 1053 et
850 1001 1145 1070 strategus
1211 996 1648 1053 Thracesiorum
1703 1013 1718 1062 ;
1777 991 2087 1067 proconsul

442 1087 723 1160 patricius
752 1091 810 1143 et
855 1102 1048 1142 comes
1078 1085 1285 1159 opsicii
1315 1105 1328 1148 ;
1381 1084 1691 1157 proconsul
1724 1084 2001 1156 patricius
2032 1085 2089 1138 et

442 1180 730 1248 strategus
782 1173 1238 1232 Bucellariorum
1279 1194 1293 1238 ;
1345 1173 1658 1245 proconsul
1710 1171 1986 1245 patricius
2034 1179 2089 1228 et

443 1270 727 1336 strategus
758 1265 1132 1338 Cappadocia
1159 1285 1173 1327 ;
1207 1264 1515 1337 proconsul
1548 1263 1837 1336 patricius
1866 1266 1922 1318 et
1948 1249 2092 1317 stra-

445 1363 611 1427 tegus
641 1355 979 1417 Charsiani;
1014 1354 1329 1425 proconsul
1368 1353 1647 1425 patricius
1694 1357 1753 1407 et
1799 1355 2092 1423 strategus

443 1444 729 1506 Colonias;
763 1442 1072 1516 proconsul
1121 1442 1398 1514 patricius
1431 1447 1487 1499 et
1517 1446 1810 1513 strategus
1841 1439 2093 1511 Paphla-

444 1535 671 1608 goniae;
704 1532 1016 1605 proconsul
1048 1532 1325 1603 patricius
1358 1536 1416 1588 et
1464 1535 1755 1602 strategus
1786 1530 2088 1591 Thracias;

446 1621 760 1696 proconsul
790 1623 944 1678 ιτα
975 1620 1260 1692 patricius
1289 1625 1346 1676 et
1375 1625 1669 1693 strategus
1698 1620 2087 1688 Macedoniae;

448 1710 761 1785 proconsul
792 1710 1071 1781 patricius
1103 1714 1160 1766 et
1189 1714 1488 1784 strategus
1519 1709 1767 1767 Chaldias
1794 1729 1807 1772 ;
1842 1726 2091 1783 procon-

2195 547 2479 622 πατρίκιος
2533 548 2623 604 καὶ
2692 548 2995 624 στρατηγὸς
3067 546 3398 611 Κολωνείας·
3462 550 3490 603 6
3545 546 3857 612 ἀνθύπατος

2195 638 2482 712 πατρίκιος
2539 639 2626 692 καὶ
2684 638 2987 713 στρατηγὸς
3043 636 3464 714 Παφλαγωνίας·
3528 639 3558 693 6
3617 637 3859 694 ἀνθύπα-

2194 747 2288 788 τος
2329 726 2610 800 πατρίκιος
2648 726 2737 781 καὶ
2785 726 3087 801 στρατηγὸς
3132 734 3232 795 τῆς
3282 727 3525 800 Θρᾲκης·
3553 728 3582 783 6
3613 726 3856 791 ἀνθύπα-

2195 837 2287 880 τος
2332 815 2617 890 πατρίκιος
2665 816 2757 873 καὶ
2806 818 3108 892 στρατηγὸς
3157 813 3519 880 Μακεδονίας·
3552 817 3580 871 6
3611 816 3855 881 ἀνθύπα-

2196 927 2288 969 τος
2320 904 2609 981 πατρίκιος
2660 905 2752 961 καὶ
2809 906 3110 982 στρατηγὸς
3163 902 3422 968 Χαλδίας·
3477 906 3506 961 6
3551 906 3850 970 ἀνθύπατος

2196 997 2487 1068 πατρίκιος
2518 997 2608 1051 καὶ
2642 997 2941 1073 στρατηγὸς
2992 996 3082 1050 καὶ
3132 992 3452 1070 δομὲστικος
3492 998 3598 1051 τῶν
3633 994 3849 1065 ἐξακου-

2199 1079 2451 1159 6ιτόρων·
2486 1083 2514 1137 6
2541 1083 2841 1146 ἀνθύπατος
2871 1082 3156 1157 πατρίκιος
3201 1081 3289 1137 καὶ
3339 1080 3580 1158 ἔπαρχος
3612 1089 3711 1153 τῆς
3744 1082 3849 1138 πό-

2199 1172 2360 1236 λεως·
2412 1174 2441 1227 ὁ
2490 1171 2790 1236 ἀνθύπατος
2840 1171 3124 1248 πατρίκιος
3190 1172 3277 1227 καὶ
3324 1173 3625 1247 στρατηγὸς
3670 1171 3853 1228 Πελο-

2197 1262 2494 1332 ποννήσου·
2564 1261 2591 1315 6
2665 1260 2965 1325 ἀνθύπατος
3043 1262 3328 1338 πατρίκιος
3387 1262 3480 1318 καὶ
3546 1262 3852 1336 στρατηγὸς

2199 1347 2577 1412 Νικοπόλεως.
2620 1349 2648 1403 6
2686 1348 2996 1414 ἀνθύπατος
3041 1347 3324 1424 πατρίκιος
3389 1347 3480 1403 καὶ
3547 1348 3856 1423 στρατηγὸς

2198 1445 2307 1494 τῶν
2372 1434 2817 1514 Κιϐυῤῥαιωτῶν·
2895 1440 2923 1493 6
2999 1437 3308 1501 ἀνθύπατος
3397 1437 3680 1511 πατρίκιος
3760 1437 3855 1492 καὶ

2202 1527 2508 1605 στρατηγὸς
2586 1526 2871 1590 Ἑλλάδος·
2943 1528 2971 1582 6
3039 1527 3347 1591 ἀνθύπατος
3413 1528 3703 1598 πατρίκιος
3765 1526 3860 1580 καὶ

2202 1618 2501 1693 στρατηγὸς
2569 1615 2879 1681 Σικελλίας·
2952 1617 2980 1671 6
3045 1616 3353 1681 ἀνθύπατος
3419 1614 3705 1690 πατρίκιος
3764 1614 3857 1671 καὶ

2200 1708 2502 1784 στρατηγὸς
2566 1710 2915 1781 Στρυμῶνος·
2979 1705 3007 1761 6
3063 1705 3365 1770 ἀνθύπατος
3425 1705 3709 1781 πατρίκιος
3767 1704 3859 1759 καὶ

446 1801 541 1856 sul
572 1800 853 1871 patricius
883 1803 940 1855 et
988 1802 1281 1872 strategus
1309 1804 1367 1855 et
1401 1799 1759 1856 domesticus
1806 1799 2094 1855 excubito-

2208 1798 2514 1874 στρατηγὸς
2571 1794 2937 1868 Κεφαληνίας·
2996 1796 3025 1850 ὁ
3083 1796 3385 1858 ἀνθύπατος
3431 1796 3719 1871 πατρίκιος
3765 1794 3857 1850 καὶ

447 1906 579 1945 rum
606 1908 619 1949 ;
655 1888 968 1961 proconsul
990 1888 1269 1961 patricius
1286 1892 1344 1945 et
1363 1888 1651 1962 eparchus
1672 1906 1772 1945 seu
1790 1888 2093 1960 prafectus

448 1970 665 2046 Urbis;
700 1977 1015 2050 proconsul
1044 1978 1327 2049 patricius
1370 1982 1428 2034 et
1467 1982 1762 2051 strategus
1806 1977 2092 2050 Pe10pon-

448 2067 574 2132 nasi
604 2083 618 2135 ;
651 2066 965 2139 proconsul
996 2067 1280 2138 patricius
1304 2071 1359 2123 et
1390 2071 1682 2139 strategus
1713 2064 2053 2138 Nicopoleos
2078 2081 2092 2132 ;

447 2154 762 2237 proconsul
793 2156 1076 2229 patricius
1105 2164 1159 2213 et
1202 2161 1492 2229 strategus
1523 2157 2049 2228 Cibyrrhasotarum
2076 2174 2090 2216 ;

447 2245 756 2319 proconsul
788 2246 1062 2319 patricius
1090 2250 1148 2302 et
1168 2250 1459 2319 strategus
1487 2246 1718 2303 Graacies
1741 2264 1756 2315 ;
1782 2242 2094 2319 proconsul

449 2335 735 2410 patricius
763 2340 821 2392 et
852 2341 1138 2410 strategus
1166 2336 1413 2405 Sicilia;
1447 2336 1760 2410 proconsul
1811 2336 2092 2410 patricius

448 2430 505 2483 et
561 2429 856 2498 strategus
912 2425 1289 2496 Strymonis;
1339 2426 1650 2498 proconsul
1708 2424 1991 2498 patricius
2038 2429 2095 2481 et

451 2517 740 2585 strategus
828 2514 1158 2587 Strymonis
1218 2532 1232 2583 ;
1314 2515 1627 2586 proconsul
1695 2516 1978 2586 patricius
2038 2518 2096 2569 et

449 2606 749 2675 strategus
778 2603 1182 2675 Cephaleniss;
1215 2603 1525 2674 proconsul
1560 2603 1838 2677 patricius
1869 2612 1923 2659 et
1952 2606 2094 2661 stra-

448 2695 622 2762 tegus
650 2690 1075 2748 Thessalonicae
1100 2709 1115 2759 ;
1149 2692 1463 2763 proconsul
1496 2692 1775 2765 patricius
1803 2697 1861 2749 et
1890 2696 2094 2749 strate-

447 2795 553 2852 gus
615 2780 952 2852 Dyrrachii;
997 2780 1313 2852 proconsul
1369 2781 1650 2854 patricius
1697 2786 1756 2838 et
1802 2785 2094 2852 strategus

446 2868 602 2926 Sami
633 2884 648 2937 ;
682 2868 992 2942 proconsul
1021 2870 1299 2942 patricius
1327 2874 1386 2926 et
1414 2874 1711 2943 strategus
1760 2870 1936 2943 ΑΞεωί
1967 2885 2096 2925 ma-

447 2959 569 3028 ris,
624 2957 937 3031 proconsul
985 2959 1269 3030 patricius
1318 2962 1377 3015 et
1414 2963 1706 3033 strategus
1754 2959 2090 3024 Dalmatiae;

450 3047 762 3122 proconsul
787 3047 1064 3120 patricius
1085 3053 1141 3105 et
1161 3053 1457 3121 strategus
1479 3050 1790 3105 Cbersonis
1810 3067 1823 3117 ;
1850 3066 2092 3121 procon-

2200 1887 2502 1963 στρατηγὸς
2570 1883 2992 1955 Θεσσαλονίκης·
3075 1885 3103 1939 6
3184 1883 3489 1949 ἀνθύπατος
3565 1885 3857 1956 πατρίκιος

2196 1979 2288 2033 καὶ
2321 1977 2623 2051 στρατηγὸς
2682 1980 2780 2033 τοῦ
2840 1973 3168 2050 Δυρραχίου·
3225 1976 3254 2030 6
3311 1975 3618 2039 ἀνθύπατος
3658 1974 3859 2049 πατρί-

2199 2088 2317 2132 κιος
2359 2067 2449 2122 καὶ
2498 2068 2799 2142 στρατηγὸς
2840 2071 2939 2135 τῆς
2991 2066 3199 2138 Σάμου·
3252 2064 3279 2120 6
3331 2064 3630 2129 ἀνθύπατος
3658 2064 3858 2137 πατρί-

2199 2178 2318 2222 κιος
2365 2155 2456 2211 καὶ
2501 2155 2803 2231 στρατηγὸς
2867 2158 2969 2210 τοῦ
3014 2153 3246 2229 Αἰγαίου
3311 2152 3611 2229 πελάγους·
3662 2154 3692 2208 6
3732 2153 3860 2208 ἀνθ-

2204 2247 2407 2310 ύπατος
2453 2245 2734 2321 πατρίκιος
2779 2246 2870 2300 καὶ
2918 2244 3219 2319 στρατηγὸς
3270 2241 3607 2316 Δαλματίας·
3661 2243 3690 2297 6
3731 2242 3860 2307 ἀνθ-

2205 2335 2404 2398 ύπατος
2436 2333 2719 2407 πατρίκιος
2746 2335 2837 2389 καὶ
2868 2333 3170 2408 στρατηγὸς
3224 2333 3525 2407 Χερσῶνος·
3560 2334 3589 2387 6
3618 2331 3862 2396 ἀνθύπα-

2202 2447 2295 2489 τος
2326 2427 2615 2501 πατρίκιος
2643 2426 2733 2479 καὶ
2766 2421 3143 2498 σακελλάριος·
3177 2423 3205 2477 6
3235 2422 3541 2485 ἀνθύπατος
3574 2420 3862 2497 πατρίκιος

2200 2516 2290 2570 καὶ
2340 2516 2554 2593 γενικὸς
2611 2512 2929 2588 λογοθέτης·
2986 2514 3014 2568 ὁ
3057 2510 3362 2577 ἀνθύπατος
3421 2510 3705 2587 πατρίκιος
3766 2510 3861 2565 καὶ

2200 2604 2463 2678 κυὲστωρ·
2515 2602 2544 2657 6
2593 2601 2896 2664 ἀνθύπατος
2944 2602 3231 2678 πατρίκιος
3279 2601 3371 2656 καὶ
3423 2599 3722 2678 λογεθὲτης
3753 2602 3853 2654 τοῦ

2202 2696 2614 2769 στρατιωτικοῦ·
2661 2692 2690 2746 6
2733 2690 3037 2755 ἀνθύπατος
3088 2690 3375 2766 πατρίκιος
3441 2690 3534 2744 καὶ
3582 2687 3863 2765 δρουγγά-

2205 2803 2319 2858 ριος
2364 2789 2464 2853 τῆς
2515 2782 2740 2857 βίγλης·
2788 2782 2816 2836 6
2861 2779 3161 2843 ἀνθύπατος
3211 2779 3494 2855 πατρίκιος
3523 2780 3615 2834 καὶ
3649 2775 3861 2854 δρουγ-

2201 2874 2395 2950 γάριος
2459 2875 2564 2927 τῶν
2623 2869 2902 2944 πλοΐμων·
2972 2871 3001 2925 6
3058 2869 3364 2934 ἀνθύπατος
3421 2868 3704 2945 πατρίκιος
3758 2870 3853 2950 καξ

2202 2939 2504 3039 λογοθὲτης
2549 2963 2647 3014 τοῦ
2697 2939 2926 3033 δρόμου·
2973 2958 3001 3013 6
3051 2956 3354 3022 ἀνθύπατος
3423 2939 3708 3033 πατρίκιος
3757 2939 3867 3009 κα.ἱ

2200 3049 2502 3126 λογοθέτης
2552 3052 2661 3104 τῶν
2717 3046 2951 3122 ἀγελῶν·
3008 3048 3036 3102 6
3079 3046 3379 3111 ἀνθύπατος
3428 3044 3710 3120 πατρίκιος
3754 3043 3860 3099 καὶ

448 3136 536 3192 sul
568 3136 845 3206 patricius
874 3141 931 3192 et
960 3136 1293 3193 sacellarius
1318 3152 1333 3203 ;
1365 3138 1678 3208 proconsul
1728 3139 2008 3208 patricius
2031 3144 2091 3197 et

2205 3138 2531 3213 δομέστικος
2594 3141 2705 3193 τῶν
2770 3137 3059 3192 ἱκανάτων·
3116 3138 3145 3192 ὁ
3209 3137 3515 3201 ἀνθύπατος
3565 3133 3858 3209 πατρίκιος

448 3224 688 3296 genicus
702 3223 1024 3297 logothetcs
1036 3224 1127 3281 vel
1138 3225 1430 3297 generalis
1443 3226 1741 3283 rationalis
1758 3229 2089 3298 ;proconsul

447 3312 730 3385 patricius
761 3316 819 3368 et
847 3317 1135 3386 quaestori
1170 3314 1489 3386 proconsul
1534 3316 1816 3387 patricius
1846 3321 1903 3373 et
1933 3317 2088 3390 logo-

446 3400 637 3458 thetss
668 3401 753 3457 rei
783 3402 1097 3473 militaris;
1147 3403 1459 3475 proconsul
1502 3405 1783 3478 patricius
1826 3411 1886 3463 et
1912 3408 2091 3464 drun-

447 3490 647 3564 garius
676 3492 929 3566 vigiliis;
980 3494 1294 3566 proconsul
1325 3496 1609 3569 patricius
1638 3501 1696 3554 et
1741 3498 2095 3572 drungarius

447 3580 532 3639 rei
565 3582 913 3651 maritimas;
964 3583 1276 3656 proconsul
1336 3585 1620 3657 patricius
1677 3590 1735 3642 et
1777 3587 2096 3659 logothetcs

447 3688 688 3741 cursus;
723 3671 1031 3745 proconsul
1065 3672 1349 3745 patricius
1370 3677 1427 3731 st
1455 3672 1776 3746 logothetcs
1805 3691 2049 3750 gregum
2076 3693 2091 3746 ;

452 3760 773 3835 proconsul
822 3760 1104 3835 patricius
1134 3766 1193 3819 et
1238 3763 1599 3821 domesticus
1648 3763 2092 3833 hicanatorum;

449 3849 763 3923 proconsul
821 3851 1105 3922 patricius
1162 3855 1220 3909 et
1266 3852 1629 3912 domesticus
1673 3870 2095 3923 numerorum;

450 3938 759 4012 proconsul
781 3940 1061 4012 patricius
1085 3944 1143 3997 et
1163 3940 1513 3999 domesticus
1537 3943 1888 4016 optimatum
1914 3960 1929 4014 ;
1965 3962 2094 4017 pro-

450 4026 659 4085 consul
706 4026 986 4099 patricius
1031 4031 1089 4084 et
1144 4044 1340 4087 comes
1388 4032 2097 4104 castrorum;proconsul

448 4115 728 4189 patricius
759 4120 818 4174 et
846 4116 1242 4175 chartularius
1279 4118 1538 4188 sacellii;
1573 4120 1884 4191 proconsul
1917 4121 2099 4193 patri-

451 4207 580 4264 cius
610 4211 668 4263 et
715 4208 1108 4265 chartularius
1146 4208 1447 4279 vestiarii;
1481 4210 1791 4281 proconsul
1823 4211 2099 4282 patricius

449 4301 510 4352 et
564 4297 960 4355 chartularius
1008 4296 1282 4366 caniclii;
1343 4299 1661 4371 proconsul
1712 4300 1992 4374 patricius
2047 4309 2102 4359 et

462 4389 883 4458 protostrator;
917 4387 1231 4461 proconsul
1263 4388 1543 4462 patricius
1574 4394 1631 4447 et
1660 4391 2099 4463 protasecretis;

462 4474 776 4547 proconsul
823 4477 1103 4547 patricius
1142 4481 1199 4535 et
1247 4495 1441 4536 comes
1487 4478 1738 4548 stabuli;
1789 4479 2101 4553 proconsul

463 4560 745 4634 patricius
774 4571 827 4620 et
845 4567 1153 4635 praefectus
1183 4567 1321 4625 idici
1341 4568 1430 4625 vel
1453 4568 1536 4624 rei
1559 4570 1796 4640 privatae
1820 4587 1835 4637 ;
1868 4586 2103 4641 procon-

462 4650 555 4710 sul
589 4651 865 4725 patricius
894 4658 951 4709 et
980 4671 1230 4728 magnus
1281 4660 1551 4724 curator;
1585 4660 1894 4728 proconsul
1923 4661 2101 4731 patri-

461 4742 583 4800 cius
628 4746 688 4799 et
735 4746 972 4798 curator
1018 4744 1219 4814 palatii
1270 4760 1694 4817 manganorum
1720 4764 1735 4817 ;
1787 4749 2100 4821 proconsul

460 4832 739 4906 patricius
783 4835 841 4888 et
887 4831 1167 4904 magister
1207 4833 1737 4907 supplicationum;
1788 4837 2101 4909 proconsul

461 4920 740 4994 patricius
796 4929 851 4978 et
906 4921 1213 4994 prefeotus
1259 4923 1932 4997 orphanotropheorum;
1966 4943 2101 5000 pro-

460 5010 664 5068 consul
696 5010 977 5085 patricius
998 5014 1054 5067 et
1073 5011 1421 5068 demarchus
1441 5013 1791 5071 Venetorum
1819 5034 1832 5084 ;
1858 5033 2102 5089 procon-

459 5099 553 5156 sul
584 5100 865 5174 patricius
897 5105 956 5158 et
976 5100 1326 5158 demarchus
1348 5102 1907 5161 Prasinorum.428
1939 5106 2102 5170 Quod

459 5189 510 5246 si
539 5194 757 5259 autem,
789 5190 889 5262 qui
918 5190 1043 5246 haec
1072 5191 1265 5247 ofﬁcia
1294 5196 1524 5261 gerunt,
1548 5206 1663 5246 non
1694 5207 1895 5248 omnes
1925 5193 2101 5251 simul

459 5277 836 5349 proconsules
865 5296 1097 5353 quoque
1126 5280 1364 5347 fuerint,
1381 5280 1482 5336 sed
1514 5279 1573 5335 in
1607 5280 1764 5337 nudo
1794 5282 2101 5353 patriciatu

459 5383 625 5423 suam
659 5366 840 5438 aliqui
871 5369 1235 5440 dignitatem,
1268 5369 1389 5425 sive
1439 5369 1699 5443 strategi,
1731 5371 1853 5426 sive
1900 5371 2103 5429 dome-

457 5456 609 5525 stici,
642 5455 759 5511 sive
788 5455 1052 5512 ofﬂcialis
1078 5457 1341 5525 alterius,
1371 5458 1865 5528 adierint,talibus
1899 5462 2102 5530 praefe-

2194 3231 2284 3288 καὶ
2317 3226 2640 3302 δομὲστικος
2665 3230 2775 3282 τῶν
2805 3226 3111 3302 νουμὲρων·
3167 3227 3196 3281 6
3240 3226 3545 3287 ἀνθύπατος
3571 3225 3864 3297 πατρίκιος

2194 3322 2285 3378 καὶ
2335 3316 2659 3392 δομέστικος
2706 3319 2812 3371 τῶν
2864 3314 3219 3390 ὀπτημάτων·
3251 3316 3280 3370 6
3309 3315 3617 3375 ἀνθύπατος
3662 3312 3859 3387 πατρί-

2195 3430 2314 3473 κιος
2342 3410 2432 3464 καὶ
2463 3406 2644 3481 κόμης
2682 3410 2788 3462 τῶν
2836 3405 3082 3483 τειχέων·
3133 3406 3161 3460 ὁ
3209 3404 3512 3466 ἀνθύπατος
3561 3402 3853 3479 πατρίκιος

2197 3500 2288 3555 καὶ
2320 3493 2727 3575 χαρτουλάριος
2756 3498 2854 3550 τοῦ
2884 3494 3200 3551 σακελλίου·
3253 3495 3281 3549 6
3328 3494 3632 3552 ἀνθύπατος
3661 3489 3857 3564 πατρί-

2196 3608 2318 3650 κιος
2363 3586 2454 3643 καὶ
2508 3582 2916 3661 χαρτουλάριος
2964 3587 3067 3639 τοῦ
3118 3582 3448 3659 βεστιαρίου·
3490 3584 3520 3638 6
3549 3580 3854 3646 ἀνθύπατος

2197 3675 2485 3752 πατρίκιος
2536 3674 2627 3729 καὶ
2678 3670 3085 3750 χαρτουλάριος
3133 3676 3231 3727 τοῦ
3277 3669 3609 3727 κανικλείου·
3660 3670 3687 3724 6
3724 3668 3857 3723 ἀνθ-

2201 3765 2405 3827 ύπατος
2462 3763 2749 3837 πατρίκιος
2803 3762 2893 3817 καὶ
2954 3761 3412 3837 πρωτοπράτωρ·
3469 3760 3497 3816 6
3553 3755 3857 3819 ἀνθύπατος

2199 3854 2488 3932 πατρίκιος
2554 3852 2645 3908 καὶ
2707 3852 3247 3928 πρωτοασηκρήτης·
3306 3854 3333 3907 ὁ
3382 3847 3683 3914 ἀνθύπατος
3748 3868 3857 3902 πα-

2197 3944 2408 4020 τρίκιος
2451 3942 2543 3997 καὶ
2587 3940 2768 4016 κόμης
2799 3939 2901 3997 τοῦ
2931 3936 3194 3995 στάϐλου·
3245 3941 3273 3994 ὁ
3321 3937 3622 3994 ἀνθύπατος
3660 3935 3860 4009 πατρί⁴

2200 4056 2324 4098 κιος
2380 4033 2473 4090 καὶ
2522 4032 2583 4089 ἐκ
2638 4031 2935 4108 προσώπου
2991 4034 3100 4085 τῶν
3157 4028 3426 4103 θεμάτων·
3477 4029 3506 4083 6
3554 4026 3857 4091 ἀνθύπατος

2202 4127 2490 4202 πατρίκιος
2533 4122 2624 4180 καὶ
2672 4122 2761 4179 ἐπὶ
2813 4125 2910 4178 τοῦ
2957 4118 3183 4177 εἰδικοῦ·
3236 4121 3265 4175 6
3312 4119 3611 4185 ἀνθύπατος
3663 4116 3857 4190 πατρί-

2203 4234 2321 4279 κιος
2376 4216 2469 4271 καὶ
2530 4213 2699 4289 μέγας
2756 4213 3062 4287 κουράτωρ·
3124 4212 3152 4266 ὁ
3208 4210 3513 4275 ἀνθύπατος
3568 4206 3855 4282 πατρίκιος

2203 4306 2294 4362 καὶ
2345 4305 2631 4381 κουράτωρ
2687 4307 2795 4359 τῶν
2858 4300 3170 4377 μαγγάνων·
3231 4301 3260 4354 6
3318 4298 3627 4363 ἀνθύπατος
3671 4296 3858 4367 πατρί-

2203 4416 2324 4458 κιος
2374 4392 2465 4449 καί
2514 4391 2601 4448 ἐπὶ
2664 4396 2771 4447 τῶν
2832 4386 3088 4461 δεήσεων·
3148 4390 3175 4444 6
3222 4388 3525 4450 ἀνθύπατος
3573 4386 3855 4463 πατρίκιος

2131 4523 2179 4590 D
2207 4486 2299 4543 καὶ
2349 4480 2777 4559 ὀρφανοτρόφος·
2829 4480 2856 4535 6
2902 4477 3205 4541 ἀνθύπατος
3253 4478 3535 4550 πατρίκιος
3584 4477 3685 4590 καὶ
3723 4473 3859 4548 δήμ-

2435 4575 2474 4590 n
2546 4569 2557 4590 1
2687 4589 2691 4590 ,
2754 4571 2769 4590 ί
2835 4566 2849 4587 θ
2890 4568 2979 4590 AI,
3077 4589 3121 4590 ,,
3202 4588 3247 4590 ᾉγ
3310 4566 3475 4590 ,Ιη-μ
3522 4565 3608 4590 ---Ᾱ
3693 4567 3836 4590 ,f_-__-

2210 4594 2384 4651 αρχος
2434 4569 2695 4630 Βενέτων·
2747 4571 2777 4625 6
2827 4566 3126 4631 ἀνθύπατος
3192 4566 3478 4639 πατρίκιος
3521 4565 3612 4621 καὶ
3657 4562 3861 4637 δήμαρ-

2211 4684 2312 4741 χος
2345 4659 2648 4739 Πρασίνων.
2683 4658 2745 4714 Εἰ
2786 4655 2845 4712 δὲ
2894 4658 2971 4730 μὴ
3023 4657 3127 4713 εἶεν
3177 4656 3377 4721 πάντες
3406 4656 3697 4711 ἀνθύπατοι
3727 4655 3783 4708 οἱ
3810 4653 3859 4707 ἐν

2208 4758 2325 4815 τοῖς
2356 4747 2631 4830 ὀφφικίοις
2681 4746 3020 4823 τεταγμένοι,
3075 4746 3202 4802 ἀλλ’
3249 4744 3301 4800 ἐν
3345 4746 3487 4820 μόνῃ
3520 4749 3587 4819 τῇ
3618 4749 3727 4799 τῶν
3759 4764 3864 4798 πα-

2209 4839 2430 4916 τρικίων
2474 4836 2596 4908 ἀξίᾳ
2640 4836 2707 4892 τὰ
2756 4836 3099 4911 πρατηγάτα
3140 4835 3189 4870 ⁰⁰
3230 4830 3267 4903 ἤ
3316 4834 3384 4888 τά
3432 4830 3799 4907 δομεστικάτα
3825 4830 3861 4899 ἦ

2209 4931 2274 4985 τὸ
2308 4928 2538 5008 ὀφφίκια
2562 4919 2995 5000 προσελάϐοντο.
3027 4925 3081 4979 οἱ
3133 4922 3227 4997 μὶν
3257 4921 3404 4979 λιτοὶ
3431 4920 3728 4978 ἀνθύπατοι
3757 4926 3865 4979 τῶν

2212 5019 2266 5075 ἐν
2329 5022 2447 5079 τοῖς
2515 5014 2789 5094 ὀφφικίοις
2845 5012 3182 5089 τεταγμένων
3260 5010 3562 5087 πατρικίων
3628 5008 3683 5064 ἐν
3745 5014 3864 5070 ταῖς

2212 5104 2497 5182 καθέδραις
2555 5102 2961 5178 προκρίνονται,
3054 5098 3316 5171 δηλονότι
3392 5099 3619 5161 ἕκαστος
3682 5099 3862 5153 αὐτῶν

2214 5197 2351 5254 κατά
2377 5196 2477 5265 τὴν
2527 5190 2769 5249 ἐπίδοσιν
2817 5195 2915 5247 τοῦ
2962 5188 3310 5247 κωδικέλλου
3359 5189 3524 5245 αὐτοῦ
3552 5187 3629 5258 τῷ
3661 5188 3866 5261 βαθμῷ

2213 5285 2656 5362 προτιμώμενος,
2686 5279 2834 5352 πλὴν
2880 5284 2977 5335 τοῦ
3019 5284 3327 5357 στρατηγοῦ
3354 5283 3463 5334 τῶν
3495 5274 3865 5333 ’Δνατολικῶν

2210 5374 2301 5430 καὶ
2359 5378 2457 5429 τοῦ
2502 5370 2830 5444 δομεστίκου
2876 5373 2982 5424 τῶν
3027 5368 3271 5444 σχολῶν·
3323 5367 3473 5422 οὗτοι
3521 5364 3619 5441 γάρ
3682 5363 3867 5437 μόνοι,

2212 5464 2305 5520 καὶ
2343 5464 2420 5536 μὴ
2464 5458 2614 5525 ὄντες
2646 5458 2966 5532 ἀνθύπατοί,
3010 5457 3062 5513 ἑν
3110 5460 3179 5533 τῇ
3223 5454 3454 5531 καθέδρᾳ
3488 5458 3594 5509 τῶν
3626 5451 3873 5508 ἀνθυπά-

1815 5576 2060 5635 VARle
2102 5580 2519 5640 LECTlONES.

524 5690 571 5725 so
599 5685 951 5758 στρατηγάτα
978 5705 1089 5746 om.
1120 5691 1214 5756 R.,
1246 5694 1677 5768 στρατηγήματα
1702 5694 1829 5751 cod.
1862 5700 1919 5754 et
1946 5701 2039 5761 ed.
