4080 6300
236 421 389 482 1345

1084 422 1186 481 DE
1230 421 1679 483 CERIMONIIS
1723 423 1959 487 AULxE
2000 426 2475 490 BYZANTINE
2517 427 2662 487 LIB.
2714 427 2794 487 Ιῐ.

3489 427 3642 490 1346

233 578 340 612 των
385 551 740 626 ὑπερέχουσιν
775 553 1028 610 ἅπαντας.
1067 548 1127 604 Εἰ
1167 547 1224 603 δὲ
1262 570 1398 611 τινες
1512 550 1710 621 αὐτῶν,
1763 552 1873 610 εἷ’-τε

2007 566 2194 617 ἰιηιιιι-
2223 561 2410 632 quoad
2443 559 2770 616 sessionem
2801 558 3099 630 simplices
3119 561 3524 631 proconsules,
3556 562 3641 617 ita

232 642 293 699 ἐκ
318 647 429 698 τῶν
461 641 801 709 ἀνθυπάτων,
843 637 950 693 εἶ’τε
996 636 1056 691 ἔκ
1099 640 1207 691 τῶν
1251 636 1417 692 λιτῶν
1463 641 1788 712 πατρικίων,
1837 643 1872 712 ἤ

231 737 310 795 εἷς
342 732 690 807 στρατηγάτα
718 729 1061 802 ἀνήχθησαν,
1101 724 1212 782 εἷ’τε
1257 725 1308 780 ἐν
1346 725 1505 799 ἄλλῳ
1548 750 1626 801 τῳ
1657 727 1746 784 διὰ
1790 730 1883 786 λό.

229 845 332 899 γου
391 817 808 896 προσγινομένῳ
873 817 1165 889 ἀξιώματι,
1223 813 1448 876 ἕκαστος
1509 817 1684 872 αὐτῶν
1742 820 1881 874 κατά

231 917 333 984 τήν
380 917 478 968 τοῦ
540 911 799 986 όφφικίου
848 907 1050 963 οἰκείαν
1093 904 1246 979 δόξαν
1301 906 1394 962 καὶ
1455 915 1556 977 τῆς
1614 907 1878 982 καθέδρας

235 1002 526 1060 ἀπολαύει.
570 999 646 1058 Οὐ
690 1001 798 1072 μὴν
831 995 890 1051 δὲ
939 997 1074 1052 κατὰ
1101 999 1200 1067 τήν
1238 997 1383 1067 τάξιν
1410 1001 1506 1051 τοῦ
1536 998 1750 1071 βαθμοῦ
1779 1005 1879 1066 τῆς

233 1089 528 1150 ἐπιδόσεως
556 1090 654 1142 τοῦ
683 1083 1026 1140 κωδικέλλου
1058 1081 1154 1138 κᾶν
1186 1085 1330 1159 τάχα
1379 1083 1526 1158 τύχῃ
1579 1085 1606 1138 6
1647 1081 1879 1159 ἔσχατος

235 1185 314 1253 τῷ
350 1181 546 1254 βαθμῷ
574 1177 936 1252 προκριθῆναι
973 1179 1074 1229 τοῦ
1103 1175 1326 1249 πρώτου
1357 1173 1408 1227 ἐν
1443 1171 1756 1246 οἱῳδήποτε
1789 1175 1885 1253 ὀφ-

235 1268 400 1346 φικίῳ
438 1266 517 1339 τῷ
548 1263 636 1320 διὰ
667 1264 839 1339 λόγου
883 1263 1318 1339 προσγινομένῳ.
1367 1262 1434 1319 Εἴ
1483 1261 1540 1318 δὲ
1583 1263 1673 1318 καὶ
1705 1284 1883 1339 παγα-

233 1382 317 1416 νοι
353 1360 570 1436 τύχοιεν
619 1355 796 1432 χωρὶς
849 1353 1116 1431 ὀφφικίων
1167 1355 1468 1429 πατρίκιοι,
1512 1354 1879 1409 ὑποπίπτουσι

233 1455 349 1512 τοῖς
377 1448 442 1504 τὰ
481 1445 708 1522 ὁφφίκια
734 1439 927 1522 ἔχουσι
965 1444 1298 1516 πατρικίοις.
1352 1441 1416 1498 Εἴ
1445 1439 1502 1497 δέ
1537 1463 1620 1506 τις
1667 1443 1726 1497 ἐκ
1771 1447 1879 1498 τῶν

236 1537 542 1618 Λεχθέντων
576 1535 843 1610 ὀφοικίων
878 1530 1167 1607 διαδεχθῇ,
1199 1532 1336 1586 κατὰ
1381 1534 1472 1587 τὸν
1524 1536 1747 1608 πρῶτον
1784 1534 1884 1606 βα-

236 1630 372 1701 θμὸν
405 1628 503 1694 τῆς
532 1625 734 1693 τάξεως
762 1625 859 1677 τοῦ
887 1618 1233 1676 κωδικέλλου
1266 1621 1432 1676 αὐτοῦ
1474 1622 1882 1700 ἀναστραφήσε-

232 1738 320 1773 ται
359 1713 414 1769 ἐν
448 1719 518 1788 τῇ
549 1711 767 1782 κλήσει·
807 1708 1261 1786 Κλητωρεύονται
1313 1707 1369 1765 δὲ
1401 1711 1631 1774 ἅπαντες
1681 1711 1879 1774 οὕτως·

1988 666 2213 722 nempe,
2247 659 2304 705 ut
2335 650 2584 721 gradum
2630 648 2689 703 hi
2747 653 2980 704 teneant
3026 649 3348 705 secundum
3398 654 3636 720 tempus

1992 741 2339 795 traditarum
2355 738 2462 794 sibi
2487 738 2890 795 codicillorum
2917 737 3200 808 gexceptis
3223 737 3361 793 solis
3387 742 3638 810 stratego

1989 827 2427 883 Anatolicorum
2475 832 2534 882 et
2572 827 2892 882 domestico
2954 825 3310 883 scholarum.
3361 827 3429 882 Hi
3479 829 3636 884 enim

1991 917 2122 985 soli,
2155 916 2378 971 etiamsi
2415 915 2793 987 proconsules
2835 931 2951 971 non
2998 915 3234 985 fuerint,
3266 917 3519 972 sessione
3548 921 3636 971 ta-

1993 1020 2123 1059 men
2159 1005 2568 1074 praahabentur
2597 1005 3048 1075 proconsulibus
3071 1006 3360 1061 omnibus.
3395 1005 3455 1061 Si
3505 1005 3634 1077 quis

1991 1098 2208 1160 autem,
2250 1108 2475 1159 eorum,
2525 1095 2939 1162 proconsulum
2993 1099 3130 1164 puta
3197 1094 3639 1164 patriciorumve

1991 1180 2376 1252 simplicium,
2409 1181 2478 1235 ad
2513 1183 2750 1252 strategi
2782 1182 3122 1251 dignitatem
3155 1182 3415 1239 ullumve
3463 1183 3624 1239 aliud

1991 1287 2188 1328 eorum
2231 1269 2556 1326 ofﬁciorum
2597 1275 3020 1340 promoventur,
3077 1289 3204 1342 quis
3255 1273 3378 1329 solo
3418 1273 3638 1329 domini

1991 1362 2176 1416 edicto
2208 1361 2638 1430 impetrantur:
2673 1367 2808 1414 tunc
2825 1361 2988 1414 sedet
3008 1374 3203 1416 eorum
3228 1363 3638 1434 unusquisque

1993 1450 2052 1504 in
2075 1449 2200 1505 loco
2233 1465 2346 1503 non
2373 1465 2463 1516 eo,
2498 1464 2674 1519 quem
2707 1452 2769 1503 ut
2807 1448 3117 1519 proconsul
3151 1449 3503 1518 patriciusve
3534 1452 3639 1508 ob-

1989 1539 2221 1605 tineret,
2253 1537 2357 1593 sed
2386 1553 2452 1594 eo
2483 1553 2658 1608 quem
2697 1536 2876 1592 ofﬁcii
2910 1537 2999 1592 sui
3021 1537 3209 1609 gloria
3243 1545 3298 1594 et
3327 1541 3640 1595 auctoritas

1992 1627 2292 1698 deposcit;
2327 1642 2443 1682 non
2481 1631 2676 1681 tamen
2728 1627 3056 1681 secundum
3107 1626 3373 1682 ordinem
3423 1628 3641 1698 gradus

1990 1715 2340 1770 traditarum
2373 1714 2794 1771 codicillorum.
2827 1715 3141 1786 Contingat
3170 1717 3327 1770 enim
3378 1732 3642 1787 quocun-

237 1823 349 1881 que
381 1808 611 1860 tandem
634 1804 823 1858 oiticio
853 1817 1075 1865 eorum,
1109 1818 1237 1872 quae
1271 1818 1370 1872 per
1401 1804 1738 1858 mandatum
1770 1805 2212 1875 impertiuntur,
2246 1809 2310 1860 ut
2341 1806 2438 1875 qui
2462 1804 2635 1874 juxta
2664 1808 2902 1874 tempus
2954 1804 3339 1874 promotionis
3394 1805 3644 1861 ultimus

236 1897 470 1952 deberet
495 1892 1140 1962 esse,prascedateum,
1173 1893 1273 1961 qui
1315 1897 1709 1962 promotorum
1773 1893 2223 1965 antiquissimus
2279 1903 2386 1950 est.
2420 1894 2480 1949 Si
2537 1894 2636 1965 qui
2692 1898 2890 1949 autem
2948 1893 3158 1965 pagani
3217 1894 3357 1963 sint,
3390 1894 3498 1950 hoc
3554 1898 3643 1950 est

234 1985 445 2044 ofﬁciis
466 1982 636 2045 cassi,
670 1981 918 2053 patricii,
951 1982 1162 2037 cedunt
1195 1981 1377 2052 gradu
1411 1981 1670 2053 patriciis
1699 1982 1890 2038 ofﬁcia
1934 1984 2295 2056 gerentibus.
2319 1983 2382 2039 Si
2426 1982 2560 2055 quis
2607 1983 2666 2037 in
2717 1983 3006 2038 dictorum
3050 1983 3380 2039 ofﬁciorum
3440 1983 3638 2056 aliquo

231 2087 626 2133 successorem
659 2077 863 2128 nactus
896 2073 1086 2139 fuerit,
1123 2073 1461 2144 procedetur
1499 2089 1630 2128 cum
1676 2089 1742 2129 eo
1791 2074 1849 2128 in
1892 2074 2224 2131 evocatione
2269 2075 2596 2131 secundum
2643 2074 2890 2146 gradum
2931 2074 3033 2146 qui
3081 2078 3252 2130 antea
3307 2074 3417 2146 ipsi
3477 2091 3638 2130 com-

234 2167 466 2239 petebat
492 2179 561 2218 ex
590 2162 793 2218 ordine
824 2161 1076 2217 codicilli
1108 2160 1215 2216 sui.
1243 2160 1459 2218 Omnes
1490 2167 1689 2218 autem
1721 2161 2166 2219 introvocantur
2193 2164 2302 2219 hoc
2335 2165 2532 2220 modo.

229 2280 420 2354 Τόμος
488 2279 561 2334 Γ’.
630 2310 698 2320 —-—
757 2279 890 2355 Τῇς⁸
940 2276 985 2312 ⁹¹
1051 2274 1503 2355 τῶνηξιαφόρων
1564 2274 1887 2351 ἀξιωμάτων

2007 2279 2182 2352 Caput
2210 2280 2304 2335 Ill.
2339 2311 2405 2321 —
2434 2281 2506 2335 De
2533 2281 2769 2336 sessione
2806 2281 3144 2350 dignitatum
3188 2298 3248 2336 ιη
3292 2283 3637 2337 universum.

736 2349 1036 2417 καθολικῆς
1076 2345 1372 2423 καθέδράς·

310 2443 368 2495 '0
405 2442 720 2516 μάγιστρος·
775 2440 802 2492 6
851 2437 1111 2513 ῥαίκτωρ·
1165 2439 1192 2492 6
1243 2436 1562 2511 σόγκελλος·
1612 2439 1640 2492 6
1686 2437 1893 2511 πατρί-

244 2553 362 2595 κιος
398 2530 488 2585 καὶ
541 2527 924 2604 πραιπόσιτος·
983 2529 1037 2582 οἱ
1078 2526 1356 2601 πατρίκιοι
1406 2527 1457 2581 οἱ
1506 2527 1784 2602 εὐνοῦχοι·
1843 2527 1895 2581 οἱ

240 2620 536 2685 ἀνθύπατοι
583 2616 862 2692 πατρίκιοι
903 2617 992 2671 καὶ
1043 2616 1344 2690 στρατηγοὶ
1401 2616 1538 2671 κατὰ
1583 2617 1649 2670 τὰ
1698 2636 1896 2691 στρατ-

240 2709 414 2785 ηγάτα
465 2709 500 2776 ἤ
558 2708 624 2761 τὰ
694 2705 917 2783 ὀφφίκια
983 2707 1184 2760 αὐτῶν·
1254 2705 1560 2760 ἀνθύπατοι
1620 2704 1903 2780 πατρίκιοι

245 2797 392 2855 λιτοῖ
423 2799 560 2852 κατά
589 2794 714 2859 τοὺς
744 2792 1119 2854 κωδικέλλους
1155 2793 1357 2849 αὐτῶν·
1395 2794 1672 2868 πατρίκιοι
1707 2814 1902 2865 στρατ-

237 2888 367 2962 ηγοῖ
399 2886 534 2941 κατὰ
563 2885 628 2940 τά
678 2884 1026 2960 στρατηγάτά
1072 2885 1258 2939 αὐτῶν
1319 2884 1355 2952 ἤ
1404 2885 1470 2938 τὰ
1533 2883 1757 2962 όφφίκια
1809 2883 1902 2937 αὐ-

253 2980 382 3031 τῶν·
435 2977 462 3030 6
510 2975 870 3051 πραιπόσιτος
923 2975 998 3046 μή
1049 2971 1123 3027 ὢν
1173 2973 1458 3046 πατρίκιος
1504 2972 1572 3045 (εἰ
1624 2970 1680 3027 δὲ
1724 2972 1811 3026 καὶ
1845 2970 1900 3025 ἒν

256 3065 495 3143 ὀφφικίῳ
522 3064 835 3137 τετίμηται,
894 3061 1243 3138 προκρίνεται
1289 3066 1386 3116 τοῦ
1417 3060 1644 3135 ἑτέρου).
1679 3062 1706 3115 6
1737 3081 1896 3136 πρω-

247 3154 613 3227 τοσπαθάριος
686 3152 776 3206 καὶ
855 3153 1160 3228 στρατηγὸς
1235 3155 1342 3206 τῶν
1403 3149 1791 3208 Ἀνατολικῶν.
1871 3151 1900 3204 6

250 3241 739 3316 πρωτοσπαθάριος
805 3239 895 3291 καὶ
963 3237 1284 3311 δομὲστικος
1344 3243 1453 3293 τῶν
1521 3237 1765 3314 σχολῶν·
1848 3238 1900 3291 οἱ

253 3331 737 3402 πρωτοσπαθάριοι
795 3330 1090 3402 στρατηγοὶ
1145 3333 1253 3382 τῶν
1307 3327 1672 3384 Ἀνατολικῶν
1727 3329 1902 3400 θεμά-

254 3439 361 3473 των
391 3417 526 3472 κατά
554 3416 650 3476 τὰς
697 3414 1033 3490 στρατηγίας
1084 3414 1282 3469 αὐτῶν·
1336 3416 1364 3468 6
1410 3417 1902 3489 πρωτοσπσθάριος

253 3506 342 3561 καὶ
377 3502 698 3578 δομέστικος
722 3505 832 3557 τῶν
865 3497 1279 3576 ἐξκουόιτόρων·
1333 3503 1360 3556 ὁ
1410 3501 1900 3576 πρωτοσπαθάριος

249 3596 341 3651 καὶ
373 3588 618 3669 ἔπαρχος
664 3595 765 3656 τῆς
824 3587 1065 3652 πόλεως·
1137 3592 1189 3645 οἱ
1257 3592 1742 3666 πρωτοσπαθάριοι
1808 3589 1900 3644 καὶ

2075 2443 2309 2498 Primus
2343 2444 2504 2499 sedet
2534 2442 2833 2515 magister,
2861 2447 2987 2498 tum
3011 2447 3223 2514 rector,
3254 2443 3386 2498 dein
3420 2443 3648 2516 syncel-

2003 2532 2136 2602 lus;
2170 2531 2452 2604 patricius
2475 2536 2532 2588 et
2559 2532 2903 2604 praepositus
2943 2531 3128 2598 idem;
3182 2532 3413 2605 patricii
3457 2549 3646 2588 eunu-

2000 2621 2133 2690 chi;
2194 2622 2574 2693 proconsules
2633 2620 2862 2693 patricii
2923 2629 2978 2676 et
3030 2622 3266 2694 strategi
3321 2622 3644 2678 secundum

2001 2715 2338 2780 strategala,
2370 2712 2427 2766 id
2480 2714 2587 2776 est,
2633 2714 2918 2782 praeturas
2966 2715 3069 2766 aut
3119 2709 3448 2781 provincias
3506 2727 3647 2766 suas

2003 2801 2105 2852 aut
2136 2796 2327 2852 ofﬁcia
2357 2813 2507 2866 sua;
2538 2795 2917 2868 proconsules
2949 2795 3177 2865 patricii
3209 2795 3508 2867 simplices
3558 2811 3648 2850 se-

2004 2889 2258 2943 cundum
2291 2902 2464 2941 seram
2498 2887 2897 2942 codicillorum
2930 2902 3168 2943 suorum
3196 2904 3210 2954 ;
3243 2885 3469 2955 patricii
3501 2893 3648 2940 stra-

2007 2977 2142 3049 tegii
2174 2977 2253 3049 [et
2284 2974 2585 3045 ofﬁciales,
2609 2976 2711 3047 qui
2743 2991 2855 3031 non
2889 2983 3026 3030 sunt
3048 2974 3223 3030 simul
3249 2974 3647 3046 proconsules]

2005 3066 2330 3122 secundum
2349 3069 2656 3131 strategata
2669 3081 2775 3119 sua
2796 3069 2895 3120 aut
2916 3064 3109 3120 ofﬁcia
3131 3080 3269 3132 sua;
3299 3064 3644 3135 praepositus

2005 3155 2104 3226 qui
2137 3171 2252 3210 non
2285 3159 2373 3208 est
2405 3153 2719 3224 patricius;
2746 3152 2796 3208 si
2819 3158 3014 3208 autem
3043 3152 3220 3207 simul
3243 3152 3435 3207 ofﬁcio
3458 3151 3646 3223 fungi-

2005 3248 2121 3309 tur,
2156 3243 2322 3314 prceit
2353 3241 2514 3298 alteri
2540 3243 2717 3315 [idem
2746 3241 3004 3296 ofﬁcium
3029 3241 3276 3312 gerenti]
3303 3265 3316 3308 ;
3351 3243 3647 3311 protospa-

2010 3334 2240 3388 tharius
2260 3336 2314 3387 et
2335 3336 2625 3402 strategus
2644 3329 3080 3386 Anatolicorum
3106 3347 3120 3397 ;
3146 3329 3647 3401 protospatharius

2007 3429 2061 3475 et
2092 3420 2449 3476 domesticus
2475 3419 2806 3475 scholarum
2833 3417 3319 3490 ;protospatharii
3342 3425 3394 3473 et
3410 3416 3649 3488 strategi

2007 3507 2381 3579 peculiarium
2399 3523 2496 3576 per
2507 3507 3118 3562 Orientemthematum
3132 3507 3215 3561 vel
3232 3506 3655 3577 provinciarum

2010 3594 2334 3651 secundum
2349 3595 2614 3649 ordinem
2630 3610 2865 3648 suorum
2881 3598 3655 3664 strategatorum;protospa-

254 3687 547 3762 στρατηγοὶ
586 3688 691 3738 τῶν
727 3683 972 3756 θεμάτων
1015 3689 1113 3752 τῆς
1167 3683 1378 3746 Δόσεως
1430 3685 1567 3738 κατά
1605 3686 1670 3739 τὰ
1721 3703 1897 3756 στρατ·

2019 3683 2245 3739 tharivs
2261 3683 2686 3738 etdomesticus
2699 3682 3101 3737 excubitorum
3129 3681 3654 3752 ;protospalharius

257 3778 435 3851 ηγάτα
489 3773 684 3828 αὐτῶν·
745 3774 795 3827 οἱ
858 3770 1284 3846 μητροπολῖται·
1349 3773 1401 3826 οἱ
1479 3772 1907 3850 ἀρχιεπίσκοποι

258 3865 395 3920 κατὰ
449 3863 581 3924 τοὺς
631 3861 858 3936 θρόνους
916 3859 1110 3914 αὐτῶν·
1175 3861 1202 3915 ὁ
1260 3862 1753 3937 πρωτοσπαθάριος
1817 3860 1906 3915 καὶ

260 3951 645 4026 σακελλάριος·
698 3951 750 4005 o't
801 3949 1084 4004 ἐπίσκοποι
1141 3951 1191 4004 οἱ
1245 3950 1596 4028 ἐπεχόμενοι·
1643 3951 1907 4024 πριμική-

259 4063 368 4118 ριοι
426 4040 679 4113 εὐνοῦχοι
727 4043 825 4094 τοῦ
884 4034 1284 4095 κουϐουκλείου
1334 4040 1401 4112 (εἰ
1451 4036 1508 4093 δὲ
1550 4039 1638 4093 καὶ
1685 4059 1907 4114 πρωτο-

262 4129 549 4204 σπάθάριοί
621 4128 776 4196 εἰσιν,
836 4127 1222 4202 προκρίνονται
1273 4133 1380 4183 τῶν
1423 4128 1590 4183 λιτῶν
1642 4149 1907 4202 πριμικη-

261 4219 414 4295 ρίων·
448 4219 494 4273 εἰ
527 4215 583 4273 δὲ
612 4218 702 4273 καὶ
735 4219 965 4296 ὀφφίκια
994 4213 1424 4293 προσελάϐοντο,
1455 4219 1546 4272 καὶ
1587 4218 1686 4272 εἷθ’
1736 4216 1909 4278 οὕτως

262 4308 638 4384 προκρίνονται
695 4312 804 4362 τῶν
863 4306 1116 4378 λοιπῶν)·
1177 4308 1204 4362 6
1263 4307 1754 4381 πρωτοσπαθάριος
1816 4305 1907 4360 καὶ

266 4396 562 4474 λογοθέτης
591 4401 686 4451 τοῦ
705 4401 936 4472 γενικοῦ·
973 4397 1022 4451 οἱ
1055 4395 1321 4470 ὀστιάριοι
1360 4401 1458 4451 τοῦ
1487 4391 1907 4450 κουϐουκλείου·

264 4488 334 4560 (εἰ
375 4486 430 4541 δὲ
457 4488 546 4540 καὶ
601 4487 828 4564 ὀφφίκιά
875 4481 1080 4561 ἔχοιεν,
1131 4487 1509 4561 προκρίνονται
1559 4490 1666 4540 τῶν
1719 4483 1908 4558 ὁμοτί-

269 4582 433 4650 μων)·
492 4576 520 4628 6
575 4577 816 4646 κυὲστωρ
878 4577 966 4629 καὶ
1040 4577 1116 4648 μὴ
1181 4574 1252 4629 ὢν
1313 4575 1820 4651 πρωτοσπαθάριος·
1882 4574 1910 4628 6

265 4663 758 4738 πρωτοσπαθάριος
819 4663 910 4717 καὶ
979 4663 1279 4739 λογοθέτης
1332 4669 1430 4720 τοῦ
1495 4666 1909 4740 στρατιωτικοῦ·

268 4758 296 4811 6
326 4755 813 4831 πρωτοσπαθάριος
844 4755 934 4808 καὶ
966 4752 1324 4832 δρουγγάριος
1351 4763 1451 4826 τῆς
1499 4755 1720 4830 βίγλης·
1755 4755 1782 4810 6
1824 4754 1911 4807 οἱ·

267 4847 501 4918 κονόμος
531 4851 598 4914 τῆ
631 4843 899 4918 Μεγάλης
931 4845 1286 4917 Ἐκκλησίας,
1317 4847 1453 4900 καθᾶ
1483 4847 1548 4901 τὰ
1586 4850 1676 4898 νῦν
1726 4845 1914 4917 ἐτιμή-

271 4949 361 5007 οη·
390 4937 418 4991 δ
450 4934 937 5011 πρωτοσπαθάριος
979 4934 1068 4989 καὶ
1118 4933 1426 5011 λογοθέτης
1471 4941 1567 4990 τοῦ
1620 4932 1850 5008 δρόμου·
1884 4933 1912 4986 ὁ

2011 3777 2070 3829 et
2099 3771 2404 3842 praefectus
2418 3770 2587 3827 Urbis
2609 3792 2623 3838 ;
2645 3770 3090 3843 protospatharii
3104 3775 3159 3826 et
3171 3769 3404 3842 strategi
3425 3769 3654 3825 thema-

2012 3867 2140 3918 tum
2172 3860 2503 3916 Occidentis
2535 3876 2602 3916 ex
2634 3859 2838 3915 ordine
2885 3875 3122 3915 suorum
3155 3864 3608 3930 strategatorum
3636 3874 3650 3927 ;

2021 3949 2452 4021 metrOpolilani
2479 3949 2932 4020 ;arcbiepiscOpi
2948 3949 3271 4004 secundum
3296 3948 3536 4004 thronos
3566 3946 3653 4002 vel

2014 4041 2183 4095 sedes
2198 4054 2336 4093 suas
2362 4037 2963 4109 ;protospathariuset
2988 4037 3365 4104 sacellarius;
3400 4035 3656 4108 episcopi

2020 4129 2129 4184 sub
2161 4127 2524 4198 inspectione
2556 4126 2928 4196 superiorum
2955 4125 3299 4198 pontiﬁcum
3315 4125 3654 4181 constituti:

2017 4218 2331 4291 primicerii
2357 4216 2609 4272 eunuchi
2631 4215 2885 4272 cubiculi
2911 4234 2927 4286 ;
2960 4218 3114 4273 42.1
3139 4215 3238 4287 qui
3261 4215 3495 4272 sisimul
3518 4217 3659 4270 sunt

2018 4303 2874 4377 protospatharii,praeferuntur
2887 4303 3258 4375 simplicibus
3283 4300 3657 4374 primiceriis,

2019 4397 2289 4466 idemque
2315 4395 2536 4450 obtinet
2564 4395 2635 4449 de
2665 4394 2759 4464 iis,
2785 4393 2882 4466 qui
2915 4393 3026 4449 alia
3049 4399 3324 4464 praterea
3345 4393 3535 4448 ofﬁcia
3565 4409 3659 4464 ge-

2020 4488 2194 4548 runt;
2225 4483 2732 4552 protospatharius
2762 4487 2818 4536 et
2848 4481 3170 4552 logothetes
3187 4481 3410 4552 genici;
3437 4481 3659 4537 ostiarii

2019 4570 2400 4642 cubiculi,qui
2414 4571 2465 4625 si
2481 4569 2655 4624 simul
2668 4569 2878 4626 ofﬁciis
2894 4571 3233 4642 fungantur,
3250 4569 3662 4640 praahabentur

2019 4662 2257 4732 collegis
2282 4661 2440 4729 suis;
2467 4667 2740 4732 quaestor,
2762 4660 2991 4716 etiamsi
3017 4659 3518 4732 protospatharius
3542 4677 3657 4714 non

2023 4751 2139 4818 sit;
2176 4750 2682 4821 protospatharius
2714 4753 2772 4805 et
2823 4749 3146 4821 logothetes
3177 4749 3304 4804 ﬁsci
3349 4749 3657 4815 militaris;

2023 4839 2522 4911 protospatharius
2557 4844 2611 4893 et
2641 4838 2994 4910 drungarius
3040 4839 3288 4910 vigiliae;
3321 4853 3658 4892 mconomus

2023 4931 2244 5001 Magnae
2268 4927 2557 4996 Ecclesiae,
2575 4932 2638 4982 ut
2659 4928 3037 4999 hoctempore
3058 4928 3302 4999 gradum
3317 4931 3509 4995 tenet;
3534 4941 3660 4996 pro-

266 5024 754 5100 πρωτοσπαθάριος
812 5025 902 5078 καὶ
962 5021 1326 5100 δρουγγάριος
1383 5025 1495 5079 τῶν
1556 5021 1838 5096 πλοΐμων·
1887 5024 1897 5076 ἑ

2019 5017 2420 5090 tospatharius
2442 5025 2496 5072 et
2526 5016 2854 5088 logothetes
2872 5033 3081 5072 cursus
3108 5033 3122 5082 ;
3154 5013 3658 5087 protospatharius

262 5114 752 5190 πρωτοσπαθάριος
800 5113 891 5166 καὶ
940 5111 1236 5186 λογοθέτης
1282 5117 1389 5166 τῶν
1421 5113 1649 5188 ἆγελῶν·
1694 5113 1722 5165 ὁ
1749 5130 1903 5185 πρω-

254 5202 626 5276 τοσπαθάριος
665 5201 754 5254 καὶ
806 5199 894 5254 ἐπὶ
950 5205 1057 5255 τῶν
1118 5198 1438 5276 βασιλικῶν·
1501 5202 1528 5255 ὁ
1576 5218 1902 5276 πρωτοσπά-

258 5294 445 5366 θάριος
477 5291 564 5345 καὶ
614 5287 936 5360 δομέστικος
979 5293 1085 5343 τῶν
1143 5289 1428 5344 ἱκανάτων·
1493 5290 1520 5343 6
1573 5307 1902 5354 πρωτοσπα-

259 5379 449 5453 θάριος
479 5377 568 5432 καὶ
618 5373 940 5450 δομὲστικος
985 5381 1093 5431 τῶν
1140 5377 1442 5450 νουμέρων·
1494 5377 1522 5430 6
1572 5395 1904 5449 πρωτοσπα-

258 5467 443 5544 θάριος
499 5466 589 5522 καὶ
629 5463 952 5538 δομὲστικος
1012 5469 1120 5520 τῶν
1181 5465 1538 5540 ὀπτημάτων·
1600 5467 1629 5519 6
1685 5483 1902 5540 πρωτοο

2010 5111 2070 5164 et
2098 5105 2367 5176 drungari
2380 5123 2445 5161 us
2459 5121 2663 5161 cursus
2688 5103 3217 5178 ;protospatharius
3233 5107 3292 5157 et
3309 5101 3660 5172 drungarius

2010 5195 2180 5251 classi
2190 5195 2378 5250 arioru
2391 5211 2468 5262 m;
2479 5201 2672 5265 protos
2680 5193 2816 5265 path
2825 5193 2986 5248 arius
3004 5194 3060 5246 et
3075 5190 3392 5260 logothetes
3405 5204 3660 5260 gregum;

2011 5283 2510 5358 protospatharius
2531 5288 2586 5338 et
2610 5283 2916 5354 praefectus
2935 5279 3240 5334 hominum
3261 5277 3656 5347 imperialium

2011 5390 2111 5430 seu
2165 5374 2584 5439 basilicorum;
2636 5366 3144 5441 protospatharius
3199 5373 3255 5422 et
3301 5366 3658 5422 domesticus

2016 5462 2416 5519 hicanatorum
2443 5477 2458 5527 ;
2481 5457 2986 5530 protospatharius
3007 5456 3432 5511 etdomesticus
3455 5471 3657 5511 nume-

1603 5619 1847 5677 VARIIE
1898 5614 2308 5673 LECTIONES.

335 5767 377 5805 ’ί
408 5765 530 5837 περὶ
561 5770 662 5823 aut
692 5762 781 5819 διὰ
812 5770 943 5825 ante
969 5772 1070 5835 τῆς
1101 5767 1384 5824 excidisse
1412 5772 1575 5841 putat
1606 5768 1672 5824 Η.
