4080 6300
471 376 623 438 1347

1553 365 2083 431 CONSTANTINI
2128 362 2821 426 PORPHYROGENITI

3737 363 3918 428 1348

462 531 698 584 rerum;
731 511 1234 587 protospatharius
1256 513 1314 564 et
1331 505 1689 564 domesticus
1712 505 2064 576 Optimatum
2091 519 2106 567 ;

2236 498 2535 572 σπαθάριος
2564 499 2654 552 καὶ
2685 498 2864 570 κόμης
2898 501 3002 551 τῶν
3034 494 3286 574 τειχέων·
3328 497 3356 552 6
3390 501 3908 571 πρωτοπαθάριος

466 603 976 677 protospatharius
1005 604 1062 655 et
1090 615 1281 654 comes
1305 601 1633 652 castrorum
1659 612 1674 662 ;
1706 590 2112 664 protospatha-

466 695 593 750 rius
647 697 706 748 et
755 689 1136 746 cbartularius
1183 684 1379 742 sacelli
1422 702 1436 751 ;
1488 680 1989 754 protospatharius
2053 685 2108 733 et

465 781 857 839 chartuiarius
879 777 1138 832 vastiarii
1168 793 1182 844 ;
1218 773 1721 845 protospatharius
1741 776 1798 826 et
1817 768 2106 826 chartula-

462 872 584 926 rius
616 867 844 925 oaniclii
869 864 1401 936 ;protospatharius
1424 869 1482 917 et
1509 865 1933 934 protostrator;
1966 873 2099 928 pro-

463 957 862 1028 tospatharius
892 961 950 1010 et
996 952 1468 1026 protoasecretis;
1531 947 1982 1022 protospatharii
2042 961 2110 1000 ex

466 1062 737 1120 persona,
771 1043 826 1098 id
859 1048 946 1099 est
987 1046 1496 1113 repraesentantes,
1540 1039 1884 1100 thematum,
1921 1049 2104 1088 unus-

466 1139 712 1208 quisque
725 1131 1046 1190 secundum
1069 1130 1330 1186 ordinem
1353 1129 1441 1183 sui
1469 1125 1742 1182 thematis
1767 1141 1780 1192 ;
1810 1131 2109 1194 protospa-

466 1224 694 1280 tharius
719 1227 778 1277 et
809 1235 1004 1276 comes
1037 1217 1283 1284 stabuli;
1319 1213 1820 1286 protospatharius
1840 1215 1896 1266 et
1919 1209 2116 1282 praefe-

465 1318 594 1368 ctus
624 1311 762 1366 idici
796 1309 908 1380 logi
941 1323 1040 1362 seu
1065 1306 1355 1359 rationum
1381 1303 1731 1374 privatarum
1758 1319 1771 1369 ;
1801 1304 2102 1371 protospa-

468 1401 693 1457 tharius
723 1403 781 1454 et
810 1410 1055 1467 magnus
1084 1397 1354 1459 curator;
1380 1391 1886 1463 protospatharius
1913 1393 1970 1444 et
1998 1405 2103 1443 cu-

473 1496 630 1548 rator
662 1500 1125 1557 manganorum;
1174 1480 1681 1555 protospatharius
1729 1484 1785 1534 et
1839 1477 2116 1549 magister

469 1578 801 1634 libellorum
821 1573 1155 1646 supplicum
1179 1592 1193 1641 ;
1223 1569 1733 1644 protospatharius
1753 1577 1806 1624 et
1829 1568 2116 1639 orphano-

465 1666 713 1735 trophus
743 1680 756 1730 ;
789 1661 1241 1735 protospatharii
1272 1665 1329 1717 et
1372 1658 1776 1716 cleisurarchaa
1807 1659 1934 1730 [seu
1969 1673 2112 1728 pru-

467 1755 604 1810 fecti
633 1753 912 1821 limitum,
942 1751 1029 1807 vel
1060 1755 1115 1808 et
1147 1750 1466 1813 minorum,
1499 1763 1671 1820 quam
1722 1755 1856 1802 sunt
1911 1749 2115 1801 strate-

465 1848 622 1916 gata,
643 1843 1046 1914 praefecturam
1057 1840 1133 1911 m]
1151 1837 1676 1909 ;protospatharius
1688 1833 2113 1890 etdemarchus

466 1932 814 1988 Venetorum
843 1951 858 1998 ;
893 1929 1400 2002 protospatharius
1444 1935 1499 1982 et
1548 1923 1898 1979 demarchus
1928 1922 2118 1978 Prasi-

467 2037 679 2077 norum
703 2038 716 2087 ;
742 2017 1252 2091 protospatharius
1285 2019 1341 2070 et
1370 2012 1852 2072 ceremoniarius
1881 2029 1894 2080 ;
1934 2017 2125 2083 proto-

465 2109 805 2182 spatharius
837 2113 893 2163 et
922 2110 1284 2177 exstrategus
1315 2103 1752 2159 Anatolicorum
1782 2119 1794 2157 :
1821 2106 2120 2173 protospa-

469 2199 701 2254 tharius
733 2202 790 2252 et
811 2195 1240 2252 exdomesticus
1264 2192 1636 2259 scholarum;
1663 2190 2126 2262 protospatharii

470 2293 528 2344 et
557 2285 871 2356 exstrategi
904 2284 1270 2355 singulorum
1313 2282 1642 2337 thematum
1693 2277 2074 2335 Orientalium
2107 2295 2120 2346 ;

475 2374 976 2448 protospatharius
998 2377 1054 2428 et
1073 2371 1506 2427 exdomesticus
1527 2370 1968 2436 excubitorum;
1997 2385 2125 2438 pro-

471 2463 814 2538 tospatharii
847 2467 904 2518 et
932 2461 1294 2534 expmfecti;
1341 2457 1790 2530 protospatharii
1822 2462 1878 2512 et
1908 2462 2124 2511 exstra-

472 2554 588 2626 tegi
619 2553 983 2609 themathum
1017 2549 1506 2617 occidentalium;
1567 2545 2017 2617 protospatharii
2067 2550 2124 2600 et

471 2647 902 2716 exquaestores;
953 2637 1405 2712 protospatharii
1477 2635 1976 2708 chrysotriclinii;
2024 2633 2122 2704 qui

471 2738 666 2789 tamen
698 2731 840 2788 olim
865 2730 1322 2803 preferebantur
1359 2726 1707 2797 exstrategis
1737 2728 1796 2779 et
1845 2726 2122 2796 exprime-

472 2822 584 2879 ctis
609 2846 624 2889 ;
658 2817 1352 2893 protospathariijudices
1377 2836 1391 2884 ;
1419 2813 1870 2887 protospatharii
1893 2814 1962 2869 de
1979 2829 2121 2869 con-

475 2911 747 2968 tubernio
783 2908 1229 2980 maglabitarum
1254 2911 1311 2962 et
1333 2905 1631 2970 articlinaa,
1669 2901 2120 2974 protospatharii

469 3005 528 3056 et
559 3000 869 3055 archontes
901 2997 1268 3054 stabulorum
1303 3011 1316 3060 ;
1351 2992 1798 3065 protospatharii
1831 2997 1888 3047 et
1919 2991 2118 3045 exofﬁ-

470 3089 671 3156 ciales,
703 3089 912 3142 sedum
947 3086 1165 3151 ofﬁcia,
1196 3100 1324 3154 quae
1355 3083 1494 3137 olim
1527 3085 1881 3147 tenuerunt;
1924 3083 2117 3149 proto-

469 3175 753 3246 spatharii
785 3178 840 3226 et
877 3172 1104 3226 basilici
1139 3171 1462 3226 secundum
1516 3168 1907 3238 promotiones
1938 3183 2113 3236 suas;

473 3238 1005 3334 protospathariiet
1027 3259 1342 3325 asecretis;
1381 3255 1838 3328 protospatharii
1871 3255 2114 3318 urbani;
2147 3238 2188 3304 C

474 3349 924 3424 protospatharii
964 3348 1172 3403 exotici
1203 3347 1290 3403 vel
1325 3347 1651 3402 suburbani
1682 3350 1782 3402 aut
1807 3353 1860 3402 et
1889 3346 2122 3417 provin-

471 3439 666 3496 ciales.
700 3440 862 3503 Quod
898 3439 947 3493 si
980 3441 1173 3493 autem
1209 3453 1324 3492 non
1357 3452 1560 3492 omnes
1606 3435 1690 3490 illi
1743 3435 1958 3490 fuerint
1988 3452 2124 3506 pro-

471 3527 836 3600 tospatharii,
877 3528 975 3599 qui
1022 3527 1335 3598 dignitates
1393 3541 1495 3596 per
1531 3525 1869 3580 mandatum
1924 3524 2123 3580 obtin-

469 3623 672 3690 gentes
705 3624 924 3683 tenent,
957 3620 1244 3688 quantum
1279 3614 1512 3686 quidem
1544 3615 1613 3669 ad
1647 3619 1967 3686 strategum
1998 3631 2122 3685 pro-

466 3707 790 3765 vinciarum
819 3705 1204 3763 Orientalium
1237 3713 1290 3759 et
1315 3703 2015 3770 Occidentaliumattinet,
2036 3703 2119 3772 hi,

470 3796 950 3870 quandoquidem
984 3795 1132 3851 425
1161 3794 1456 3866 dignitate
1487 3795 1767 3864 gaudent,
1803 3792 1933 3848 ideo
1965 3793 2118 3863 quod

471 3903 607 3944 cum
639 3903 708 3942 ea
730 3887 1012 3941 brabeum
1047 3884 1226 3940 simul
1254 3900 1370 3938 non
1395 3883 1742 3951 acceperint,
1767 3899 1882 3938 non
1906 3884 2121 3938 cedunt

471 3977 610 4032 sede
639 3979 698 4030 et
729 3974 1115 4046 praecedentia
1166 3973 1289 4027 suis
1341 3971 1648 4042 provinciis
1701 3971 2117 4039 conveniente;

471 4065 572 4120 sed
605 4080 733 4119 eam
767 4063 964 4120 sedem
997 4062 1290 4127 obtinent,
1317 4076 1439 4130 quae
1471 4059 1597 4114 suis
1629 4059 1942 4130 provinciis
1966 4061 2118 4114 assi-

468 4161 641 4226 gnata
689 4161 796 4208 est.
844 4153 1157 4208 Praefectus
1203 4149 1367 4204 urbis
1410 4153 1466 4202 et
1525 4151 1777 4219 quaestor
1825 4146 1950 4217 pari
1991 4149 2120 4216 jure

467 4243 761 4298 fruuntur.
795 4239 1023 4310 Reliqui
1048 4242 1242 4292 autem
1264 4252 1467 4292 omnes
1494 4235 1844 4306 dignitatum
1869 4235 2117 4307 insigni-

463 4331 576 4385 bus
606 4329 787 4384 simul
820 4333 876 4384 et
906 4327 1117 4384 ofﬁciis
1149 4324 1420 4382 honorati
1456 4340 1686 4395 semper
1720 4323 1837 4380 illis
1891 4326 2116 4397 praeba-

468 4416 699 4485 bentur,
734 4417 834 4487 qui
866 4433 1064 4475 secum
1089 4416 1290 4472 eadem
1319 4414 1579 4483 insignia
1607 4413 1980 4485 dignitatum,
2013 4415 2116 4469 sed

472 4505 696 4576 absque
727 4505 1052 4562 ofﬁciorum
1106 4505 1468 4573 muneribus,
1501 4503 1881 4559 obtinuerint.
1919 4504 1981 4558 In
2021 4520 2124 4559 or-

2226 585 2318 640 xui
2351 585 2751 661 χαρτουλάριος
2798 591 2894 641 τοῦ
2944 584 3257 640 σακελλίου·
3311 588 3338 641 6
3388 589 3907 661 πρωτοσπαθάειος

2231 675 2322 728 καὶ
2354 675 2756 750 χαρτουλάριος
2813 680 2909 730 τοῦ
2964 675 3291 750 βεστιαρίου·
3332 677 3360 730 6
3392 680 3911 750 πρωτοσπαθάριος

2228 765 2319 818 καὶ
2379 766 2782 840 χαρτουλάριος
2847 770 2942 819 τοῦ
3007 765 3338 820 κανικλείου·
3395 767 3424 820 6
3482 771 3910 839 πρωτοσπαθά-

2231 872 2346 926 ριος
2417 853 2505 907 καὶ
2580 854 3043 927 πρωτοστράτωρ·
3121 854 3148 906 6
3223 854 3720 928 πρωτοσπαθάριος

2226 946 2756 1015 πρωτοασηκργςτης·
2818 944 2870 998 oi
2923 947 3408 1016 πρωτοσπαθάριοι
3461 945 3521 998 ἐκ
3581 947 3902 1018 προσώπου

3806 858 3902 910 xui

2220 1036 2328 1086 τῶν
2362 1033 2609 1104 θεμάτων
2660 1033 2796 1087 κατᾶ
2851 1033 2912 1086 τὸ
2951 1029 3093 1088 ’ἰδιον
3139 1032 3362 1086 ἑκάστου
3422 1036 3583 1104 θεμα·
3647 1037 3678 1089 6
3729 1057 3899 1110 πρω-

2220 1123 2587 1193 τοσπαθάριος
2647 1123 2737 1176 καὶ
2785 1122 2968 1194 κόμης
3015 1126 3116 1176 τοῦ
3170 1117 3429 1177 στάϐλου·
3472 1125 3502 1177 ὁ
3536 1145 3892 1197 πρωτοπα-

2224 1209 2409 1281 θάριος
2439 1209 2529 1262 xui
2564 1208 2652 1262 ἐπὶ
2695 1212 2790 1262 τοῦ
2842 1205 3047 1262 εἰδικοῦ
3098 1206 3287 1283 λόγου·
3323 1211 3350 1264 6
3383 1213 3896 1287 πρωτοσπαῆάριος

2223 1296 2312 1350 καὶ
2367 1297 2532 1371 μέγας
2573 1296 2877 1372 κουράτωρ·
2926 1298 2953 1350 6
3004 1299 3497 1373 πρωτοσπαθάριος
3547 1301 3643 1355 καὶ
3688 1302 3897 1374 κουρά-

2222 1406 2336 1460 τωρ
2384 1391 2492 1441 τῶν
2539 1386 2852 1461 μαγγάνων·
2888 1387 2916 1440 6
2955 1389 3446 1463 πρωτοσπαθάριος
3493 1389 3587 1444 καὶ
3643 1388 3733 1444 ἐπὶ
3785 1397 3897 1444 τῶν

2230 1473 2489 1545 δεήσεων·
2553 1477 2581 1530 6
2649 1477 3145 1550 πρωτοσπαθάριος
3201 1479 3288 1531 καὶ
3347 1478 3798 1556 ὀρφανοτρὸφος·
3853 1483 3902 1533 οἳ

2224 1567 2717 1638 πρωτοσπαθάριοι
2757 1565 2847 1619 καὶ
2896 1565 3347 1641 κλεισουρᾶρχαι·
3405 1569 3432 1621 6
3481 1572 3905 1643 πρωτοσπαθά·

2227 1674 2344 1729 ριος
2393 1655 2483 1708 καὶ
2525 1651 2822 1728 δήμαρχος
2871 1659 2978 1710 τῶν
3016 1656 3269 1711 Βενὲτων·
3323 1657 3351 1710 6
3389 1660 3902 1733 πρωτοσπαθᾶριος

2224 1743 2313 1796 καὶ
2359 1742 2650 1818 δήμαργος
2698 1749 2806 1798 τῶν
2851 1744 3154 1818 Πρασίνων·
3189 1745 3216 1799 ὁ
3248 1746 3752 1820 πρωτοσπαθάριος
3807 1751 3900 1802 xui

2228 1831 2312 1887 ἐπὶ
2374 1840 2476 1900 τῆς
2534 1835 2934 1895 καταστάσεως·
2993 1836 3021 1888 ὁ
3078 1831 3581 1909 πρωτδσπαθάριος
3641 1836 3739 1889 καὶ
3794 1837 3899 1890 ἀπό

2237 1926 2555 1997 στρατηγῶν
2629 1928 2738 1976 τῶν
2833 1921 3223 1980 Ἀνατολικῶν·
3294 1926 3322 1977 6
3386 1927 3897 1999 πρωτοσπαῦάριος

2235 2013 2325 2066 καὶ
2358 2012 2461 2065 ἀπὸ
2498 2009 2830 2084 δομεστίκων
2881 2018 2990 2068 τῶν
3041 2013 3280 2086 σχολῶν·
3316 2015 3366 2068 οἱ
3396 2017 3896 2089 πρωτοσπαθάριοι

2238 2100 2324 2155 καὶ
2394 2102 2498 2155 ἀπὸ
2557 2106 2875 2175 στρατηγῶν
2935 2108 3041 2156 τῶν
3103 2102 3468 2158 ’Δνατολικῶν
3530 2106 3820 2177 θεμάτων·
3874 2107 3898 2158 6

2233 2189 2726 2263 πρωτοσπαθάριος
2755 2189 2843 2242 καὶ
2892 2189 2996 2243 ἀπὸ
3047 2186 3384 2260 δομεστίκων
3424 2195 3534 2244 τῶν
3598 2189 3900 2260 657x696:-

2232 2278 2430 2351 τὸρων’
2501 2277 2552 2331 οἱ
2618 2279 3102 2353 πρωτοσπαθάριοι
3159 2280 3246 2333 καὶ
3309 2279 3414 2333 ἀπὸ
3482 2278 3777 2354 ἐπάρχων·
3853 2282 3899 2334 οἶ

2232 2367 2714 2440 πρωτοσπαθάριοι
2769 2368 2856 2421 καὶ
2908 2366 3012 2421 ἀπὸ
3064 2373 3380 2442 στρατηγῶν
3414 2375 3514 2437 τῆς
3562 2367 3805 2431 δύσεως·
3852 2371 3900 2424 οἱ

2233 2458 2715 2530 πρωτοσπαθάριοι
2762 2456 2851 2510 xui
2901 2455 3008 2510 ἀπὸ
3057 2460 3360 2530 κυεστόρων
3423 2460 3500 2530 (oi
3553 2478 3899 2529 πρωτοσπα-

2233 2547 2412 2618 θάριοι
2468 2550 2565 2600 τοῦ
2635 2546 3097 2620 χρυσοτρικλίνου
3163 2549 3565 2622 προεκρίθησαν
3621 2547 3816 2603 πάλαι
3855 2551 3899 2585 ³³

2229 2642 2345 2691 τῶν
2371 2636 2476 2690 ἀπὸ
2509 2639 2823 2709 στρατηγῶν
2850 2635 2938 2690 καὶ
2970 2635 3075 2690 ἀπὸ
3118 2636 3416 2711 ἐπάρχων)·
3451 2639 3503 2691 oi
3551 2658 3894 2708 aptatos-:1.

2232 2725 2412 2798 θάριοι
2470 2723 2558 2777 καὶ
2615 2724 2816 2798 κριταί·
2880 2726 2930 2778 οἱ
2988 2727 3476 2799 πρωτοσπαθάριοι
3514 2730 3614 2780 τοῦ
3685 2728 3894 2802 μαγλα-

2231 2808 2352 2866 ϐίου
2411 2811 2502 2866 καί
2556 2811 2879 2887 ἀρτικλῖναι·
2951 2815 3002 2867 οἱ
3069 2817 3551 2888 πρωτοσπαθάριοι
3620 2817 3716 2868 xui
3795 2817 3888 2886 fil:-

2231 2921 2423 2976 χοντες
2460 2906 2568 2956 τῶν
2629 2897 2902 2958 στάὸλωνο
2964 2903 3017 2956 οἱ
3084 2905 3567 2977 πρωτοσπαθάριοι
3622 2905 3718 2958 xui
3783 2906 3890 2960 ἀπὸ

2228 2990 2498 3067 άφφικίων
2528 2989 2663 3044 κατά
2708 2992 2774 3044 τά
2819 3011 2952 3046 ποτε
2999 2989 3226 3068 ὀφφίκια
3279 2992 3472 3046 αὐτῶν·
3543 2994 3597 3046 οἳ
3661 3013 3890 3066 πρωτο·

2229 3078 2514 3152 σπαθάριοι
2542 3079 2630 3133 καὶ
2667 3078 2942 3152 βασιλικοὶ
2987 3082 3127 3135 κατά
3179 3081 3292 3149 τὰς,
3344 3076 3630 3155 προϐολάς
3681 3081 3886 3134 αὐτῶν·

2225 3168 2278 3221 οἱ
2318 3170 2800 3242 πρωτοσπαοάριοι
2848 3171 2935 3223 καὶ
2992 3169 3320 3243 ἀσηκρῆται·
3375 3170 3426 3223 oi
3485 3171 3889 3242 πρῶτοσπαθά-

2226 3277 2334 3332 ριοι
2370 3259 2421 3312 οἱ
2455 3255 2543 3312 διὰ
2575 3257 2811 3320 πόλεως·
2860 3259 2912 3313 οἱ
2960 3258 3445 3333 πλωτοσπαθάριοι
3507 3261 3558 3313 oi
3610 3259 3892 3330 ἐξωτικοὶ.

2226 3345 2289 3402 Εἰ
2326 3343 2384 3399 δὲ
2434 3347 2509 3419 μὴ
2564 3346 2663 3402 εἶεν
2706 3347 2902 3409 πάντες
2951 3348 3456 3422 πρωτοσπαθάριοι,
3505 3348 3596 3402 xu‘:
3631 3348 3736 3409 τάς
3770 3347 3891 3403 δια-

2227 3433 2398 3509 λόγου
2431 3436 2864 3512 προσγινομένας
2899 3435 3044 3506 ἀξίας
3077 3438 3422 3511 κατέχουσιν,
3457 3438 3510 3491 οἱ
3543 3442 3635 3490 νῦν
3685 3458 3894 3512 στρ-ιτ-

2227 3524 2380 3598 ηγοὶ,
2415 3532 2515 3593 τῆς
2541 3545 2600 3578 τε
2629 3524 2935 3594 Ἀνατολῆς
2965 3525 3056 3579 καὶ
3105 3532 3200 3594 τῆς
3254 3525 3464 3587 Δῦσεως
3514 3526 3628 3599 οὐχ
3679 3528 3892 3581 ὑποπί-

2225 3634 2453 3667 πτουσιν
2485 3621 2584 3682 τῆς
2616 3611 2724 3682 ἤδη
2760 3612 3043 3692 λαχούσης
3085 3615 3258 3670 αὐτῶν
3307 3620 3414 3669 τῶν
3465 3617 3714 3687 θεμάτων
3751 3629 3896 3680 κιθ-

2227 3699 2384 3776 ἐδρας
2416 3699 2505 3756 διὰ
2533 3704 2632 3770 τήν
2665 3702 2961 3758 ἐλάττωσιν
3003 3707 3100 3758 τοῦ
3150 3699 3404 3778 βραόεέου
3452 3705 3650 3773 αὐτῶν,
3703 3706 3892 3778 ὑπάρ-

2227 3812 2427 3868 χοντος
2480 3791 2813 3863 ἀξιώματος,
2869 3791 2994 3846 ἀλλ’
3054 3791 3105 3846 ἐν
3155 3796 3223 3865 τῇ
3270 3793 3437 3862 τάξει.
3545 3793 3887 3868 ἐτάχθησαν,

2225 3883 2359 3935 κατὰ
2388 3882 2450 3935 τὸ
2499 3881 2700 3936 οἰκεῖον
2753 3880 2890 3954 θὲμα
2937 3881 3272 3950 καθέζονται.
3324 3884 3595 3944 Ὡσαύτως
3647 3882 3742 3937 οὖν
3792 3887 3887 3938 xui

2225 3971 2253 4024 6
2293 3965 2538 4043 ἔπαρχος
2585 3969 2801 4032 πόλεως
2857 3972 2948 4025 καὶ
3009 3972 3036 4025 6
3095 3972 3388 4046 κυαίστωρ.
3441 3973 3508 4030 Oi
3564 3969 3622 4026 δὲ
3681 3971 3884 4027 λοιποὶ

2223 4060 2414 4120 πάντες
2440 4059 2783 4137 ὀφφικιάλιοι
2815 4060 2865 4114 ἐν
2922 4066 3040 4123 τοῖς
3101 4060 3395 4133 ὁμοτίμοις
3445 4065 3552 4115 τῶν
3600 4059 3688 4115 διὰ
3742 4063 3886 4135 βρα-

2224 4143 2384 4202 ϐείων
2436 4145 2740 4222 διδομένων
2811 4149 3138 4221 ἀξιωμάτων
3193 4150 3640 4224 προτετίμηνται.
3690 4152 3781 4206 Ἐν
3824 4148 3884 4205 δὲ

2221 4240 2290 4309 τῇ
2332 4238 2472 4306 τάξει
2531 4242 2638 4292 τῶν
2690 4239 2959 4315 ὀφφικίων
3007 4235 3235 4300 ἕκαστος
3296 4237 3468 4293 αὐτῶν
3525 4240 3624 4307 τήν
3677 4238 3873 4293 οἰκείαν

2221 4327 2368 4396 τάξιν
2413 4321 2702 4399 λαμϐάνει.
2758 4329 2910 4384 Μετὰ
2961 4325 3018 4382 δὲ
3066 4335 3164 4397 τῆς
3213 4332 3318 4381 τῶν
3365 4328 3868 4399 πρωτοσπαθαρίων

2221 4422 2392 4488 τιμῆς
2444 4413 2665 4490 δευτέρα
2713 4419 2746 4486 ἠ
2798 4421 2905 4471 τῶν
2965 4413 3548 4493 σπαθαροκανδιδάτων
3606 4417 3871 4490 εἰσάγεται

2223 4503 2394 4573 τάξις,
2425 4505 2542 4558 οἷον
2606 4503 3159 4579 σπαθαροκανδιδάτοι
3207 4505 3297 4560 καὶ
3348 4504 3692 4585 ὀφφικιάλιοι
3744 4506 3872 4560 κατὰ

476 4593 612 4648 dine
642 4597 837 4648 autem
852 4594 1176 4650 ofﬁciorum
1192 4596 1442 4666 quisque
1467 4593 1656 4647 locum
1680 4593 1790 4646 sibi
1819 4593 2116 4664 proprium

2230 4595 2297 4649 τά
2362 4593 2588 4672 ὀφφίκια
2655 4593 2846 4648 αὐτῶν·
2919 4596 2970 4649 οἱ
3039 4590 3736 4670 σπαθαροκουϐικουλάριοι
3785 4599 3872 4648 τοῦ

473 4688 740 4753 occupat.
775 4680 912 4736 Post
941 4681 1539 4753 protospathariorum
1574 4679 1815 4735 classem
1849 4681 2117 4737 introdu-

467 4771 616 4827 citur
647 4770 926 4842 secunda,
977 4785 1186 4840 nempe
1240 4768 1955 4840 spatharocandidatorum
1990 4771 2116 4843 [seu

471 4860 909 4932 spathariorum
941 4865 1000 4916 et
1031 4859 1521 4931 candidatorum],
1556 4863 1620 4915 ut
1651 4861 1750 4932 qui
1774 4860 1952 4916 simul
1982 4878 2119 4933 spa-

2233 4681 2520 4758 βασιλικοῦ
2549 4688 2831 4748 κοιτῶνος·
2882 4681 3574 4760 σπαθαροκουὸικουλάριοι
3618 4689 3715 4740 τοῦ
3756 4706 3870 4739 κου-

2228 4766 2538 4828 ϐουκλείοο·
2593 4769 2945 4848 πρεσϐύτεροι
3000 4776 3109 4848 (2'2)
3161 4776 3212 4830 οἱ
3276 4774 3575 4850 βασιλικοί·
3656 4776 3708 4828 οἱ
3756 4795 3876 4844 πρε-

2227 4855 2480 4937 σϐύτεροι
2511 4862 2602 4917 καὶ
2633 4862 2931 4938 ἡγούμενοι
2978 4865 3066 4920 καὶ
3113 4859 3469 4938 πρεσϐύτεροι
3526 4870 3624 4933 τῆς
3671 4861 3866 4930 ἐκκλη-

1839 4978 2081 5034 νΑῐιιΑε
2121 4979 2507 5036 LECTIONES

546 5101 592 5137 ὀ
619 5097 790 5154 πάλαι
819 5101 1008 5158 effecit
1036 5100 1102 5156 R.
1135 5115 1203 5156 ex
1231 5097 1453 5154 incerto
1484 5098 1608 5152 cod.
1643 5101 1946 5171 compend.

1528 5213 1728 5269 JOAN.
1770 5215 1913 5271 JAC.
1957 5215 2217 5274 REISKII
2257 5218 2834 5277 COMMENTARIUS.

550 5343 664 5414 (22)
695 5342 818 5399 Vox
864 5341 985 5398 haec
1037 5342 1128 5398 bis
1171 5341 1263 5398 hic
1329 5339 1559 5414 legitur,
1593 5341 1872 5414 u_t_puto,
1924 5338 2124 5414 otiose.

481 5410 617 5480 Quae
648 5410 906 5471 secundo
951 5414 1076 5472 loco
1126 5420 1236 5483 est,
1268 5410 1413 5469 eam'
1459 5417 1560 5468 aut
1605 5410 1938 5483 delendam,
1969 5411 2131 5483 nullo

483 5489 621 5542 dato
652 5502 1013 5550 successore,
1045 5490 1147 5541 aut
1179 5481 1249 5553 si;
1270 5501 1408 5553 cum
1459 5485 1572 5540 alia
1603 5481 1919 5553 permutari
1941 5482 2131 5549 debet,

482 5574 588 5629 pro
619 5573 686 5612 ea
716 5557 1128 5629 sufﬁciendum
1169 5550 1438 5629 666965;,
1487 5550 1762 5629 nzoviachi,
1815 5557 2034 5629 putemt
2070 5555 2137 5611 Et

485 5624 1148 5702 ᾖτωιετεεειτῆςωεγάλης
1167 5624 1901 5702 ἙκκᾉησζαςιεεεΑιῐοαιοι]
1928 5626 2136 5702 p._§25,

483 5693 719 5768 quoque
777 5693 997 5769 legitur
1047 5697 1142 5763 τῆς
1210 5693 1524 5769 ἆκκλησίας,
1570 5693 1808 5769 'absque
1867 5693 2134 5770 μεγάλης

2242 5343 2340 5426 ubi
2369 5344 2532 5426 nulla
2562 5347 2894 5426 alia,_quam
2928 5347 3133 5419 Magna
3157 5346 3544 5426 Ecclesiaseu
3577 5347 3634 5402 S.
3668 5347 3878 5426 Sophia

2244 5415 2621 5490 intelligitur.
2679 5415 2802 5490 Huc
2862 5415 3092 5490 quoque
3149 5419 3334 5490 refero
3407 5419 3720 5490 dictionem
3748 5415 3872 5472 ’τῶν

2246 5482 2658 5566 οῗκῶν
2694 5489 2815 5566 _uhi_
2856 5482 3124 5566 dubium,
3177 5488 3497 5566 βασιλικῶν,
3549 5507 3621 5566 an
3674 5489 3873 5566 εὐαγῶν

2246 5557 2602 5640 subintelligi
2619 5560 2845 5640 debeat.
2865 5557 3257 5640 monachos'ad
3276 5561 3541 5640 Magnam
3561 5557 3872 5640 Ecclesiam

2247 5633 2599 5699 pertinuisse
2629 5637 2872 5687 constat.
2910 5633 3016 5688 Ubi
3068 5642 3262 5688 autem
3307 5638 3445 5687 sunt
3478 5633 3771 5698 monachi,
3803 5635 3872 5690 ibi

2247 5714 2477 5771 quoque
2508 5702 2828 5774 presbyteri
2859 5709 2919 5760 et
2940 5705 3252 5777 hegumeni
3285 5703 3476 5760 locum
3508 5703 3751 5762 habent.
