4080 6300
233 407 386 469 1349

1069 411 1170 470 DE
1215 410 1668 471 CERIMONIIS
1711 406 1946 469 AULIE
1989 405 2469 468 BYZANTIN/E
2514 407 2662 468 LIB.
2709 408 2790 468 II.

3477 416 3632 477 1350

231 548 368 608 σίαςο
421 547 473 601 οἱ
521 543 1076 620 σπαθαροκανδιδάτοι
1123 544 1213 598 καὶ
1263 544 1367 597 ἀπὸ
1431 547 1767 618 στρατηγῶν·
1816 543 1867 595 oi

2010 540 2446 597 harocandidati
2495 545 2552 597 et
2599 541 2882 599 ofﬁciales
2933 551 3090 614 sunt,
3119 561 3185 602 eo
3216 545 3632 604 introducendi

235 633 787 711 σπαθαροκανδιδάτοι
837 640 933 690 τοῦ
981 633 1458 710 χρυσοτρικλὶνου·
1511 636 1562 689 οἱ
1611 637 1881 704 σπαθαρο-

232 724 545 783 κανδιδάτοι
596 727 647 780 οἱ
697 725 960 780 οἰκειακοὶ
1008 724 1098 779 καὶ
1160 723 1360 798 κριταί⁸
1413 725 1464 777 οἱ
1514 726 1880 797 σπαθαροκαν-

235 815 444 872 διδάτοι
489 815 578 869 καὶ
632 809 962 890 μαγλαϐῖται
1012 813 1100 868 καὶ
1149 811 1477 888 άρτικλῖναι⁶
1530 813 1581 866 οἱ
1614 813 1882 886 σπαθαρο-

233 902 543 961 κανδιδάτοι
577 905 628 958 οἱ
660 905 764 958 άπὸ
795 901 1086 981 ὂφφικίων,
1128 902 1184 956 οἱ
1235 897 1798 975 σπαθαροκανὸιδάτοι
1829 900 1881 952 οἱ

236 995 501 1051 οἷκειακοὶ
547 999 644 1050 τοῦ
694 991 1007 1048 λαυσιακοῦ·
1061 993 1113 1047 οἱ
1172 986 1735 1066 σπαθαροκανδιδάτοι
1790 987 1880 1042 καὶ

237 1084 562 1158 ἂσηκρῆται·
624 1085 674 1138 οἱ
742 1079 1302 1151 σπαθαροκανδιόάτοι
1368 1080 1459 1134 καὶ
1531 1075 1884 1153 κλεισουράρ-

236 1189 355 1248 χαι·
390 1173 442 1226 οἱ
474 1167 1028 1246 σπαθαροκανδιδάτοι
1076 1169 1166 1223 καὶ
1207 1165 1559 1242 τουρμάρχαι
1586 1169 1692 1220 τῶν
1729 1159 1882 1238 9:63-

238 1262 412 1338 ράτων
475 1262 603 1333 (23)·
666 1261 718 1314 οἱ
775 1254 1333 1334 σπαθαροκανδιὸάτοι
1389 1257 1478 1310 καὶ
1536 1253 1883 1329 τουρμάρχαι

237 1349 538 1410 Λυκαονίας
600 1350 691 1402 καὶ
763 1345 1106 1426 Παμφυλίαςσ
1195 1346 1248 1399 οἱ
1333 1338 1884 1416 σπαθαροκανδιδάτοι

237 1439 325 1492 καὶ
373 1438 744 1511 τοποτηρηταὶ
793 1457 900 1490 των
930 1439 1175 1510 σχολῶν
1228 1435 1279 1487 οἱ
1330 1426 1884 1504 σπαθαροκανδιδάτοι

237 1527 327 1583 καὶ
355 1527 705 1601 τουρμάρχαι
734 1529 842 1580 τῶν
875 1531 974 1594 τῆς
1027 1520 1333 1592 Ἀνατολῆς
1379 1519 1625 1594 θεμάτων
1656 1518 1792 1573 κατὰ
1820 1519 1886 1572 τὰ

241 1617 446 1689 θέματα
502 1615 702 1670 αὐτῶν·
769 1616 797 1668 6
866 1609 1426 1686 σπαθαροκανδιδάτος
1490 1609 1577 1664 καὶ
1645 1629 1888 1677 τοποτη-

243 1706 414 1779 ρητής
442 1707 552 1758 τῶν
599 1696 1048 1776 ὲξσκουϐιτόρωνο
1102 1700 1153 1754 οἱ
1210 1693 1767 1774 σπαθαροκανδιδάτοι
1796 1695 1886 1749 καὶ

240 1794 588 1868 τουρμάρχαι
634 1796 742 1846 τῶν
795 1789 1041 1863 θεμάτων
1103 1797 1204 1858 τῆς
1255 1787 1484 1850 Δύσεως·
1539 1787 1567 1841 6
1616 1785 1887 1858 σπαθαρο-

239 1879 562 1938 κανδιδάτος
608 1881 698 1935 καὶ
746 1881 1132 1954 τοποτηρητὴς
1166 1880 1264 1934 τοῦ
1308 1876 1568 1950 ἀριθμοῦ”
1603 1875 1654 1929 o't
1684 1875 1889 1928 σπαθαι-
1921 1915 1969 1980 Β

241 1968 620 2046 ροκανδιδάτοι
667 1970 758 2025 καὶ
814 1969 1169 2045 τουρμάρχαι
1219 1971 1328 2023 τῶν
1375 1964 1657 2038 πλοῒμων·
1691 1963 1718 2017 6
1751 1983 1890 2017 σπα-

244 2055 699 2134 θαροκανδιδάτος
762 2059 850 2113 καὶ
917 2057 1308 2130 τοποτηρητὴς
1371 2057 1468 2110 τοῦ
1534 2050 1804 2125 πλοῒμου⁸
1865 2053 1892 2106 6

243 2145 802 2226 σπαθαροκανδιόάτος
861 2148 952 2202 καὶ
995 2146 1385 2218 τοποτηρητὴς
1447 2147 1554 2197 τῶν
1605 2141 1890 2196 ἱκανάτων·

249 2239 276 2293 6
328 2233 896 2311 σπαθαροκανδιδάτος
945 2236 1036 2290 καὶ
1083 2233 1470 2304 τοποτηρητής
1531 2235 1636 2285 τῶν
1694 2228 1895 2303 νουμὲ-

250 2345 376 2402 ρων·
449 2329 477 2381 6
546 2322 1112 2401 σπαθαροκανδιδάτος
1179 2323 1269 2377 καὶ
1322 2320 1718 2395 τοποτηρητὴς
1784 2323 1891 2374 τῶν

245 2417 600 2490 ὀπτημάτων·
673 2416 700 2469 6
769 2408 1333 2487 σπαθαροκανδιδάτος
1389 2407 1896 2482 καὶτοποτηρητής

243 2512 351 2562 τῶν
398 2507 651 2580 τειχέων·
715 2505 766 2558 οἱ
825 2497 1383 2575 σπαθαιροκανδιδάτοι
1444 2500 1496 2554 οἱ
1555 2497 1644 2553 διὰ
1678 2497 1894 2558 πόλεως

242 2597 328 2652 καὶ
384 2595 436 2649 οἱ
477 2598 589 2649 τῶν
638 2589 924 2668 σεκρέτων·
978 2591 1028 2646 οἱ
1080 2587 1364 2644 ὃισῦπατοι
1420 2589 1555 2643 κατὰ
1595 2588 1692 2650 τὰς
1719 2588 1894 2656 τάξεις

245 2686 443 2740 αὐτῶν.
481 2684 541 2740 Εἰ
575 2680 630 2737 δὲ
681 2685 756 2756 μή
811 2682 916 2736 εἶεν
969 2682 1121 2736 οὗτοι
1170 2675 1747 2750 σπαθαροκανδιδάτοι,
1779 2681 1898 2739 ταῖς

247 2775 341 2847 μὲν
395 2769 484 2827 διὰ
537 2769 802 2846 βραϐείων
860 2769 1030 2841 ἀξίαις
1090 2766 1562 2836 ὕποπιπτέτωσαν,
1594 2767 1645 2820 ἐν
1695 2763 1752 2820 δὲ
1778 2771 1895 2827 τοῖς

241 2866 339 2916 τοῦ
375 2862 586 2935 βαθμοῦ
617 2859 792 2914 αὐτῶν
845 2858 1120 2937 ὀφφικέοις
1173 2854 1492 2920 ἀκολούθως
1521 2856 1895 2928 τιμάσθωσαν.

245 2948 359 3006 Εἶθ’
410 2948 583 3012 οὕτως
634 2952 742 3002 τῶν
804 2946 1114 3020 σπαθςιρίων
1161 2944 1428 3018 εἶσάγεται
1475 2943 1644 3012 τάξις,
1692 2943 1810 2997 οἷον
1845 2943 1896 2996 οἱ

241 3034 689 3113 κουὸικουλάριοι
742 3041 838 3092 τοῦ
901 3035 1192 3111 βασιλικοῦ
1257 3037 1541 3096 κοιτῶνος·
1603 3033 1654 3086 οἱ
1708 3026 1897 3086 κουϐι-

239 3127 528 3203 κουλάριοι
575 3131 672 3182 τοῦ
737 3123 1150 3182 κουϐουκλείου·
1201 3126 1253 3179 οἳ
1301 3118 1752 3197 κουϐικουλάριοι
1799 3126 1896 3175 τοῦ

244 3215 607 3290 πατριάρχουο
642 3216 670 3268 6
702 3214 989 3285 οἰκονόμος
1035 3221 1134 3282 τῆς
1167 3213 1431 3290 Μεγάλης
1463 3210 1810 3282 Ἐκκλησίας·
1845 3210 1896 3265 οἱ

248 3302 492 3358 διάκονοι
541 3303 592 3355 οἱ
643 3300 940 3375 βασιλικοί·
989 3303 1041 3354 οἱ
1087 3299 1331 3354 διάκονοι
1380 3304 1478 3365 τῆς
1505 3299 1814 3367 ἐκκλησίας·
1845 3301 1896 3354 οἱ

252 3393 540 3466 σπαθάριοι
608 3396 706 3446 τοῦ
772 3389 1249 3469 χρυσοτρικλίνου·
1337 3391 1388 3443 οἱ

255 3481 458 3556 κριταί’
503 3481 554 3535 οἱ
585 3481 873 3553 σπαθάριοι
924 3472 1260 3551 μαγλαϐἳται
1323 3477 1412 3531 καὶ
1463 3475 1790 3550 ἀρσικλίναι·
1853 3480 1904 3531 οἱ

260 3569 550 3642 σπαθάριοι
609 3568 698 3622 καὶ
749 3567 1100 3641 τουρμάρχαι
1149 3563 1286 3619 κατὰ
1330 3564 1394 3618 τὰ
1449 3564 1652 3635 θέματα
1701 3563 1903 3616 αὐτῶν·

252 3661 306 3716 οἱ
338 3659 632 3732 σπαθάριοι
676 3657 765 3711 καὶ
815 3654 1190 3729 τοποτηρηταὶ
1237 3654 1374 3708 κατὰ
1419 3653 1485 3707 τὰ
1530 3651 1777 3726 τάγματα
1808 3650 1906 3705 αὖ·

251 3751 378 3804 τῶν·
434 3749 484 3802 οἱ
533 3746 820 3819 σπαθάριοι
860 3745 950 3800 καὶ
999 3745 1304 3819 ἀσηκρῆται
1351 3742 1442 3798 καὶ
1488 3744 1515 3798 6
1558 3741 1903 3816 πρωτονοτά-

255 3858 372 3914 ριος
419 3834 520 3892 τοῦ
569 3833 797 3908 δρόμου·
852 3835 903 3889 οἱ
953 3833 1242 3908 σπαθάριοι
1290 3836 1386 3886 τοῦ
1437 3829 1812 3906 σπαθαρικίου·
1855 3831 1906 3884 οἱ

1465 3391 1750 3463 σπαθάριοι
1812 3389 1905 3442 καὶ

257 3928 545 4001 σπαθάριοι
575 3924 665 3980 καὶ
697 3925 940 3998 κόμητες
985 3929 1083 3992 τῆς
1132 3921 1335 3997 κόρτης
1381 3925 1489 3976 τῶν
1523 3918 1904 3978 Ἀνατολικῶν’

253 4022 308 4075 οἱ
337 4019 628 4092 σπαθάριοι
659 4018 746 4070 καὶ
789 4015 1032 4088 κόμητες
1079 4019 1187 4070 τῶν
1227 4011 1472 4088 σχολῶν·
1525 4014 1577 4067 οἱ
1620 4013 1907 4087 σπαθάριοι

255 4106 346 4162 καὶ
401 4108 642 4180 κόμητες
699 4113 800 4175 τῆς
857 4104 1062 4179 κόρτης
1110 4107 1219 4158 τῶν
1279 4101 1611 4157 ἁνατολικῶν
1662 4102 1908 4173 θεμάτων

253 4197 390 4250 κατὰ
439 4196 505 4250 τὰ
553 4193 760 4268 θέματα
805 4193 1004 4248 αὐτῶν·
1054 4193 1083 4247 6
1134 4191 1429 4266 σπαθάριος
1481 4190 1572 4245 καὶ
1633 4189 1905 4263 σύμπονος

253 4290 352 4340 τοῦ
401 4283 668 4360 ἐπάρχου·
703 4284 732 4338 6
764 4282 1062 4356 σπαθάριος
1110 4280 1198 4335 καὶ
1249 4280 1550 4354 λογοθὲτης
1597 4284 1702 4334 τῶν
1745 4300 1909 4353 πραι-

256 4373 495 4450 τωρῖων·
546 4375 599 4428 οἱ
645 4375 934 4447 σπαθάριοι
983 4371 1073 4426 καὶ
1118 4371 1356 4442 κὸμητες
1406 4376 1505 4438 τῆς
1551 4370 1754 4442 κὸρτης
1803 4373 1909 4423 τῶν

259 4461 506 4533 θεμάτων
537 4469 636 4530 τῆς
670 4461 879 4522 Δύσεως
911 4460 1050 4515 κατά
1097 4459 1166 4514 τὰ
1213 4459 1422 4531 θέματα
1453 4456 1650 4512 αὐτῶν·
1689 4457 1739 4511 οἱ
1770 4477 1910 4512 σπα-

261 4550 440 4624 θάριοι
477 4550 567 4604 καὶ
625 4549 1021 4628 χαρτουλάριοι
1075 4546 1170 4602 τοῦ
1227 4552 1446 4624 γενικοῦ
1507 4546 1821 4622 λογοθέτου·
1857 4547 1908 4600 οἱ

1987 628 2208 696 ordine,
2243 645 2417 701 quem
2450 630 2709 686 ofﬁcium
2749 633 3024 703 quodque
3057 634 3330 690 sortitum
3363 642 3468 692 est.
3492 637 3638 707 Spa-

1986 720 2496 776 tharocubicularii
2527 722 2678 777 sacri
2703 724 2944 778 cmtonis
2969 743 2984 793 ;
3009 725 3636 796 spatharocubicularii

1986 807 2275 876 cubiculi;
2311 810 2627 881 presbyteri
2670 811 2945 882 palatini;
2983 814 3299 886 presbyteri
3330 815 3630 886 iidemque

1987 895 2296 966 hegumeni
2330 898 2904 971 [monasteriorum];
2932 903 3250 974 presbyteri
3283 903 3505 974 Magnae
3537 905 3639 958 Ec-

1987 985 2175 1041 clesiae
2201 1003 2215 1051 ;
2244 988 2815 1057 spatharocandidati
2847 994 3157 1064 exstrategi
3183 1011 3197 1060 ;
3233 994 3638 1064 spatharocan-

1989 1072 2166 1128 didati
2197 1074 2644 1145 chrysotriclinii
2671 1096 2686 1146 ;
2718 1079 3291 1150 spatharocandidati
3335 1080 3639 1137 domestici

1982 1162 2213 1233 judices
2241 1181 2254 1230 ;
2289 1164 2860 1234 spatharocandidati
2897 1169 3226 1240 maglabitaa
3261 1170 3436 1226 simul
3473 1174 3528 1226 et
3557 1187 3643 1226 ar—

1992 1250 2206 1306 ticlinze
2236 1251 2450 1313 iidem;
2482 1253 3047 1322 spatharocandidati
3088 1258 3472 1327 exofﬁoiales;
3507 1275 3645 1330 spa-

1991 1340 2458 1396 tharocandidati
2500 1341 2802 1396 domestici
2845 1341 3122 1411 lausiaci;
3159 1347 3638 1417 spatharocandi-

1991 1428 2112 1484 dati
2182 1429 2511 1498 asecretis;
2583 1429 3154 1500 spatharocandidati
3221 1439 3278 1490 et
3343 1435 3643 1491 cleisurar-

1992 1519 2143 1586 chaa;
2164 1519 2738 1590 spalharocandidati
2759 1523 2815 1574 et
2837 1521 3183 1578 turmarchae
3207 1523 3635 1591 fcsderatorum;

1991 1608 2563 1680 spatharocandidati
2584 1613 2642 1663 et
2672 1609 3022 1666 turmarcbae
3059 1611 3354 1682 Lycaoniae
3387 1617 3444 1668 et
3474 1613 3642 1667 Pam-

1993 1697 2232 1769 phyliae;
2252 1696 2828 1768 spatharocandidati
2843 1704 3241 1770 ettopoteretaa
3265 1700 3602 1756 scholarum
3631 1717 3644 1767 ;

1995 1786 2563 1856 spatharocandidati
2599 1792 2656 1840 et
2685 1788 3029 1842 turmarchae
3059 1787 3354 1860 legionum
3385 1789 3644 1846 Orienta-

1998 1875 2142 1931 lium
2176 1875 2499 1932 secundum
2533 1891 2729 1932 earum
2763 1876 3026 1932 ordinem
3055 1894 3068 1943 ;
3100 1877 3648 1948 spatharocandida-

2001 1971 2094 2022 tus
2125 1971 2182 2022 et
2212 1971 2560 2037 topoteretes
2599 1967 3038 2038 excubitorum;
3070 1968 3643 2040 spatharocandidati

1999 2065 2055 2113 et
2082 2057 2433 2113 turmarchaa
2465 2057 2758 2129 legionum
2801 2058 3299 2127 Occidentalium;
3334 2059 3646 2130 spatharo-

2001 2145 2348 2202 candidatus
2377 2150 2434 2201 et
2465 2151 2808 2218 tapoteretes
2849 2147 3084 2203 arithmi
3111 2165 3124 2216 ;
3160 2148 3648 2220 spatharocandi-

1999 2235 2118 2291 dati
2139 2240 2198 2291 et
2221 2235 2562 2291 turmarchaa
2592 2235 3027 2292 classiariorum
3056 2255 3068 2306 ;
3095 2237 3648 2308 spatharocandida-

2001 2335 2097 2381 tus
2123 2329 2180 2380 et
2205 2328 2559 2396 topoteretes
2601 2325 2682 2380 rei
2723 2326 2986 2388 navalis;
3020 2327 3646 2398 spatharocandidatus

2001 2419 2058 2470 et
2115 2419 2464 2486 topoteretes
2519 2413 2964 2486 hicanatorum;
3018 2415 3647 2486 spatbarocandidatus

2001 2508 2057 2560 et
2120 2507 2471 2574 topoteretes
2542 2519 2969 2574 numerorum;
3027 2505 3649 2575 spatharocandidatus

2000 2597 2056 2650 et
2103 2597 2448 2664 topoteretes
2506 2593 2888 2664 optimatum;
2922 2594 3540 2665 spatharocandidatus
3592 2597 3650 2650 et

2002 2686 2350 2754 tepoteretes
2389 2685 2717 2737 castrorum
2751 2700 2764 2751 ;
2795 2682 3367 2754 spatharocandidati
3401 2682 3644 2752 urbani;

2001 2770 2576 2843 spatharocandidati
2637 2775 3011 2838 secretorum,
3053 2788 3084 2828 e
3124 2774 3359 2827 tandem
3422 2772 3652 2827 biseon-

2001 2860 2160 2916 sules
2190 2860 2510 2916 secundum
2543 2876 2683 2915 suos
2713 2859 2970 2915 ordines.
3004 2859 3220 2916 Horum
3248 2861 3510 2916 omnium
3547 2860 3648 2932 qui

2002 2948 2571 3020 spatharocandidati
2627 2947 2805 3004 simul
2865 2965 2981 3006 non
3041 2949 3274 3014 fuerint,
3326 2950 3650 3004 succedunt

2004 3038 2239 3110 quidem
2286 3037 2401 3092 illis
2450 3037 2542 3093 sui
2590 3036 2837 3104 ordinis,
2869 3039 2969 3108 qui
2999 3037 3334 3109 insignibus
3366 3037 3648 3092 honorum

2003 3129 2190 3185 ornati
2223 3128 2460 3197 fuerint,
2489 3127 2547 3182 id
2598 3132 2688 3182 est
2735 3127 2837 3199 qui
2881 3127 3460 3200 spatharocandidati
3504 3127 3646 3191 sint,

2007 3219 2226 3274 honore
2273 3221 2470 3273 tamen
2520 3217 2729 3272 ofﬁciis
2760 3216 2850 3273 sui
2883 3220 3096 3288 gradus
3125 3217 3321 3272 debito
3353 3220 3484 3288 post
3513 3215 3648 3272 illos

2010 3308 2286 3379 gaudent,
2319 3307 2424 3379 [ita
2456 3309 2519 3360 ut
2549 3306 3163 3376 spatbarocandidatos
3193 3305 3485 3362 inferioris
3517 3320 3654 3376 gra-

2010 3398 2119 3451 dus
2173 3397 2539 3467 praecedant].
2581 3397 2730 3452 Tum
2782 3397 3170 3453 introducitur
3219 3397 3651 3469 spathariorum

2010 3484 2238 3550 classis,
2277 3489 2340 3538 ut
2370 3484 2655 3556 spatharii
2693 3485 3035 3540 cubicularii
3066 3485 3215 3542 sacri
3244 3485 3526 3554 ccetonis;
3560 3502 3656 3541 cu-

2011 3570 2276 3625 bicularii
2306 3572 2560 3626 cubiculi
2587 3597 2600 3637 ;
2633 3572 2970 3626 cubicularii
3005 3574 3388 3643 patriarchae;
3423 3589 3654 3628 oecono-

2013 3675 2144 3714 mus
2192 3663 2411 3730 Magnas
2460 3658 2768 3724 Ecclesiae;
2809 3660 3036 3715 diaconi
3091 3659 3374 3730 palatini;
3423 3659 3656 3716 diaconi

2012 3749 2229 3819 Magnas
2263 3747 2527 3803 Ecclesia
2554 3769 2569 3814 ;
2601 3748 2881 3818 spatbarii
2913 3748 3330 3820 chysotriclinii
3359 3767 3372 3815 ;
3409 3748 3652 3820 spatha-

2011 3837 2082 3892 rii
2107 3838 2336 3907 judices
2362 3855 2376 3902 ;
2401 3838 2555 3894 426
2580 3837 2864 3908 spatharii
2897 3837 3231 3911 maglabitae
3255 3843 3312 3895 et
3343 3837 3656 3906 articlinaa;

2013 3926 2293 3996 spatharii
2327 3927 2676 3983 turmarchae
2703 3928 3027 3984 secundum
3061 3927 3318 3999 legiones
3347 3944 3516 3994 suas;
3540 3945 3662 4000 spa-

2013 4015 2190 4070 tharii
2222 4019 2556 4086 topoteretas
2597 4019 2919 4072 secundum
2952 4021 3213 4087 tagmata
3243 4034 3385 4085 sua;
3419 4017 3660 4088 spatha-

2013 4106 2081 4160 rii
2106 4112 2159 4159 el
2181 4111 2452 4161 asecretae
2477 4123 2490 4173 ;
2517 4105 2950 4177 protonotarius
2981 4105 3167 4160 dromi
3196 4121 3208 4171 ;
3235 4106 3513 4178 spatharii
3535 4123 3664 4176 spa-

2014 4193 2244 4249 tharicii
2270 4215 2284 4261 ς
2317 4195 2600 4266 spatbarii
2631 4199 2688 4250 et
2714 4195 2958 4250 comites
2989 4193 3166 4249 cortis
3197 4192 3660 4261 Anatolicorum;

2014 4279 2297 4351 spatbarii
2315 4283 2372 4334 et
2393 4280 2631 4335 comites
2653 4280 2986 4337 scholarum
3009 4283 3322 4354 ;spatharii
3345 4287 3400 4338 et
3422 4283 3663 4339 comites

2017 4368 2193 4423 cortis
2215 4367 2599 4423 Orientalium
2623 4368 2917 4441 legionum
2942 4372 3269 4426 secundum
3295 4387 3495 4427 earum
3519 4371 3671 4426 ordi-

2018 4473 2184 4524 nem;
2213 4456 2547 4528 spatharius
2569 4462 2627 4512 et
2645 4474 2910 4514 assessor
2932 4460 3185 4531 praefecti
3209 4460 3403 4529 urbis;
3432 4460 3666 4531 spatha-

2019 4545 2144 4600 rius
2179 4550 2235 4600 et
2265 4543 2565 4600 rationalis
2620 4547 3018 4617 pratoriorum
3047 4565 3060 4616 ;
3093 4547 3376 4618 spatharii
3423 4550 3666 4605 comites

261 4638 550 4712 σπαθάριοι
597 4640 689 4692 καὶ
738 4638 1073 4714 ἀντιγραφῆς
1121 4641 1218 4693 τοῦ
1265 4637 1620 4710 κυαίστωρος·
1674 4635 1725 4689 οἱ
1771 4656 1897 4690 σπα-

2017 4635 2192 4689 cortis
2235 4633 2532 4706 legionum
2584 4615 3053 4692 occidentalium
3091 4615 3413 4694 secundum
3462 4655 3664 4695 earum

262 4729 440 4802 θάριοι
470 4725 560 4781 καὶ
592 4724 990 4802 χαρτουλάριοι
1039 4730 1136 4780 τοῦ
1168 4729 1561 4800 στρατιωτικοῦ
1593 4722 1912 4798 λογοθέτουο

265 4818 293 4871 6
325 4817 622 4890 σπαθάριος
652 4815 742 4869 καὶ
776 4813 1178 4890 χαρτουλάριος
1221 4814 1450 4886 θέματος
1480 4816 1523 4850 ⁸³
1553 4817 1660 4868 τῶν
1695 4814 1916 4869 Ἀνατο-

266 4904 452 4961 λικῶν’
509 4906 537 4960 6
585 4903 880 4978 σπαθάριος
935 4904 1026 4957 καὶ
1083 4900 1488 4976 χαρτουλάριος
1518 4906 1614 4956 τοῦ
1643 4902 1917 4977 τάγματος

267 4998 374 5050 τῶν
431 4993 670 5068 σχολῶν⁶
734 4995 762 5048 6
822 4995 1115 5069 σπαθάριος
1167 4994 1257 5048 καὶ
1313 4992 1657 5068 ἀκτουάριος·
1703 4993 1754 5046 οἱ
1787 5013 1920 5047 σπα-

269 5084 450 5158 θάριοι
507 5084 597 5137 καὶ
655 5082 1052 5158 χαρτουλάριοι
1108 5087 1215 5136 τῶν
1270 5081 1605 5137 ἀνατολικῶν
1652 5081 1918 5152 θεμάτων·

269 5172 297 5225 6
350 5172 648 5247 σπαθάριος
686 5173 776 5226 καὶ
818 5169 1226 5249 χαρτουλάριος
1274 5174 1380 5224 τῶν
1433 5165 1812 5240 ἐξσκουϐίτων·
1872 5171 1923 5224 οἱ

271 5260 562 5337 σπαθάριοι
609 5259 701 5314 καὶ
762 5258 1156 5336 λαρτουλάριοι
1211 5263 1318 5313 τῶν
1375 5256 1605 5313 δυτικῶν
1657 5257 1921 5331 θεμάτων·

2023 4722 2286 4779 ordinem
2313 4739 2327 4788 ;
2354 4722 2636 4794 spatharii
2657 4727 2716 4778 et
2736 4724 3076 4779 chartularii
3103 4725 3390 4797 generalis
3418 4725 3673 4796 logolhe-

2025 4818 2125 4881 tie;
2145 4813 2430 4880 spatharii
2452 4818 2508 4869 et
2529 4813 2796 4884 magistri
2819 4815 3165 4872 scriniorum
3191 4816 3521 4886 quaestoris;
3546 4833 3676 4885 spa-

2027 4903 2200 4959 tbarii
2234 4908 2291 4958 et
2320 4902 2654 4958 chartularii
2706 4904 3009 4961 rationalis
3037 4905 3160 4962 fisci
3192 4903 3464 4959 militaris
3491 4921 3505 4972 ;
3538 4921 3675 4977 spa-

2028 4991 2254 5048 tharius
2284 4991 2676 5048 chartularius
2702 4993 2978 5051 thematis
2997 4993 3276 5049 Anatolim
3299 5012 3315 5061 ;
3340 4992 3673 5062 spatharius

2029 5080 2416 5137 chartularius
2446 5082 2726 5153 tagmatis
2756 5082 3091 5140 scholarum
3118 5100 3132 5150 ;
3156 5080 3487 5153 spatharius
3511 5089 3566 5139 et
3584 5099 3676 5138 ac-

2030 5171 2255 5227 tuarius
2281 5189 2296 5239 ;
2328 5173 2611 5244 spatharii
2641 5178 2698 5229 et
2728 5171 3074 5228 chartularii
3103 5170 3486 5242 peculiarium
3525 5189 3674 5244 qua-

2030 5275 2278 5332 rumque
2306 5260 2602 5332 legionum
2633 5261 3018 5317 Orientalium
3046 5280 3061 5329 ;
3087 5259 3414 5332 spatharius
3434 5265 3490 5316 et
3509 5261 3673 5318 cbar-

1619 5358 1858 5416 VABUE
1899 5358 2310 5416 LECTlONES.

343 5460 390 5497 9³
422 5458 657 5533 θέματος
690 5476 805 5517 em.
839 5459 930 5529 R.,
964 5457 1212 5530 θεμάτων
1245 5457 1377 5516 cod.

1293 5555 1495 5613 JOAN.
1535 5555 1678 5612 JAC.
1711 5556 1972 5613 REISKII
2009 5552 2600 5613 COMMENTARIUS.

350 5665 466 5736 (23)
522 5667 609 5722 Ita
667 5666 942 5736 scribitur
997 5665 1286 5721 interdum
1345 5679 1455 5720 vox
1511 5662 1919 5733 lmieratorum,

282 5737 383 5794 sed
416 5735 636 5794 rectius
689 5735 1054 5813 φοιδιράτων.
1090 5736 1236 5792 Male
1265 5736 1421 5792 enim
1455 5736 1766 5808 distinguit
1816 5737 1921 5791 hos

2033 5663 2104 5736 ab
2129 5662 2289 5736 illis
2307 5661 2474 5717 Goar.
2495 5661 2564 5736 a_d
2594 5660 3210 5736 Gedren.p.487:Non
3255 5662 3439 5718 habeo
3462 5679 3591 5736 quae
3612 5665 3682 5721 de

2033 5733 2326 5791 fmderatis
2352 5742 2479 5803 post
2509 5731 2595 5788 Du
2628 5731 2906 5804 Cangium
2942 5735 3002 5791 in
3033 5733 3288 5791 Glossar.
3311 5737 3409 5790 Gr.
3445 5731 3676 5792 addam.
