  <div class='ocr_page' id='page_1' title='image "/cluster/home/n/w/nwhite01/storage/ocr_20150623/112/mdp.39015034364078/684.png"; bbox 0 0 4080 6300; ppageno 0'>
   <div class='ocr_carea' id='block_1_1' title="bbox 277 469 429 532">
    <p class='ocr_par' dir='ltr' id='par_1_1' title="bbox 277 469 429 532">
     <span class='ocr_line' id='line_1_1' title="bbox 277 469 429 532; baseline 0 0"><span class='ocrx_word' id='word_1_1' title='bbox 277 469 429 532; x_wconf 85' lang='grc'><strong>1353</strong></span> 
     </span>
    </p>
   </div>
   <div class='ocr_carea' id='block_1_2' title="bbox 1119 474 2843 547">
    <p class='ocr_par' dir='ltr' id='par_1_2' title="bbox 1119 474 2843 547">
     <span class='ocr_line' id='line_1_2' title="bbox 1119 474 2843 547; baseline 0.008 -13"><span class='ocrx_word' id='word_1_2' title='bbox 1119 474 1221 534; x_wconf 89' lang='lat' dir='ltr'><strong>DE</strong></span> <span class='ocrx_word' id='word_1_3' title='bbox 1264 474 1714 540; x_wconf 84' lang='lat' dir='ltr'><strong>GERIMONIIS</strong></span> <span class='ocrx_word' id='word_1_4' title='bbox 1759 476 1995 540; x_wconf 72' lang='lat' dir='ltr'><strong>AUL/E</strong></span> <span class='ocrx_word' id='word_1_5' title='bbox 2035 477 2524 541; x_wconf 66' lang='lat' dir='ltr'><strong>BYZANTINJE</strong></span> <span class='ocrx_word' id='word_1_6' title='bbox 2566 481 2714 543; x_wconf 91' lang='lat' dir='ltr'><strong>LIB.</strong></span> <span class='ocrx_word' id='word_1_7' title='bbox 2761 483 2843 547; x_wconf 91' lang='lat' dir='ltr'><strong>II.</strong></span> 
     </span>
    </p>
   </div>
   <div class='ocr_carea' id='block_1_3' title="bbox 3513 486 3668 551">
    <p class='ocr_par' dir='ltr' id='par_1_3' title="bbox 3513 486 3668 551">
     <span class='ocr_line' id='line_1_3' title="bbox 3513 486 3668 551; baseline 0.019 -3"><span class='ocrx_word' id='word_1_8' title='bbox 3513 486 3668 551; x_wconf 76' lang='lat' dir='ltr'><strong>i354</strong></span> 
     </span>
    </p>
   </div>
   <div class='ocr_carea' id='block_1_4' title="bbox 273 601 1905 693">
    <p class='ocr_par' dir='ltr' id='par_1_4' title="bbox 273 601 1905 693">
     <span class='ocr_line' id='line_1_4' title="bbox 273 601 1905 693; baseline 0.004 -35"><span class='ocrx_word' id='word_1_9' title='bbox 273 601 628 681; x_wconf 76' lang='grc' dir='ltr'>τομανδάτωρ</span> <span class='ocrx_word' id='word_1_10' title='bbox 719 611 818 662; x_wconf 74' lang='grc' dir='ltr'>τοῦ</span> <span class='ocrx_word' id='word_1_11' title='bbox 912 601 1247 693; x_wconf 27' lang='grc' dir='ltr'>ἐξκουϐίτουᾼ·</span> <span class='ocrx_word' id='word_1_12' title='bbox 1323 605 1353 662; x_wconf 88' lang='lat'><strong>6</strong></span> <span class='ocrx_word' id='word_1_13' title='bbox 1426 606 1905 686; x_wconf 73' lang='grc' dir='ltr'>πρωτομανδάτωρ</span> 
     </span>
    </p>
   </div>
   <div class='ocr_carea' id='block_1_5' title="bbox 2014 601 3668 693">
    <p class='ocr_par' dir='ltr' id='par_1_5' title="bbox 2028 612 3668 693">
     <span class='ocr_line' id='line_1_5' title="bbox 2028 612 3668 693; baseline 0.006 -25"><span class='ocrx_word' id='word_1_14' title='bbox 2028 617 2383 684; x_wconf 79' lang='lat' dir='ltr'><strong>protectores</strong></span> <span class='ocrx_word' id='word_1_15' title='bbox 2403 612 2731 674; x_wconf 88' lang='lat' dir='ltr'><strong>scholarum</strong></span> <span class='ocrx_word' id='word_1_16' title='bbox 2756 638 2770 688; x_wconf 92' lang='lat'><strong>;</strong></span> <span class='ocrx_word' id='word_1_17' title='bbox 2799 620 2998 678; x_wconf 88' lang='lat' dir='ltr'><strong>vicarii</strong></span> <span class='ocrx_word' id='word_1_18' title='bbox 3021 639 3403 682; x_wconf 86' lang='lat' dir='ltr'><strong>numerorum</strong></span> <span class='ocrx_word' id='word_1_19' title='bbox 3429 642 3443 693; x_wconf 89' lang='lat'><strong>;</strong></span> <span class='ocrx_word' id='word_1_20' title='bbox 3463 622 3668 680; x_wconf 89' lang='lat' dir='ltr'><strong>vicarii</strong></span> 
     </span>
    </p>
   </div>
   <div class='ocr_carea' id='block_1_6' title="bbox 271 689 1924 773">
    <p class='ocr_par' dir='ltr' id='par_1_6' title="bbox 271 689 1924 773">
     <span class='ocr_line' id='line_1_6' title="bbox 271 689 1924 773; baseline 0.004 -26"><span class='ocrx_word' id='word_1_21' title='bbox 271 698 376 748; x_wconf 88' lang='grc' dir='ltr'><strong>τῶν</strong></span> <span class='ocrx_word' id='word_1_22' title='bbox 422 695 710 750; x_wconf 75' lang='grc' dir='ltr'>ἱκανάτων·</span> <span class='ocrx_word' id='word_1_23' title='bbox 767 696 824 750; x_wconf 81' lang='grc' dir='ltr'>οἱ</span> <span class='ocrx_word' id='word_1_24' title='bbox 872 689 1314 769; x_wconf 74' lang='grc' dir='ltr'>πρωτοκάραϐοι·</span> <span class='ocrx_word' id='word_1_25' title='bbox 1377 695 1428 749; x_wconf 80' lang='lat' dir='ltr'><strong>o&#39;t</strong></span> <span class='ocrx_word' id='word_1_26' title='bbox 1489 700 1924 773; x_wconf 80' lang='grc' dir='ltr'>πρωτονοτάριοι</span> 
     </span>
    </p>
   </div>
   <div class='ocr_carea' id='block_1_7' title="bbox 273 781 1924 860">
    <p class='ocr_par' dir='ltr' id='par_1_7' title="bbox 273 781 1924 860">
     <span class='ocr_line' id='line_1_7' title="bbox 273 781 1924 860; baseline 0.002 -21"><span class='ocrx_word' id='word_1_27' title='bbox 273 781 377 839; x_wconf 81' lang='grc' dir='ltr'><strong>τῶν</strong></span> <span class='ocrx_word' id='word_1_28' title='bbox 411 786 662 858; x_wconf 76' lang='grc' dir='ltr'>θεμάτων</span> <span class='ocrx_word' id='word_1_29' title='bbox 694 787 782 840; x_wconf 81' lang='grc' dir='ltr'>καὶ</span> <span class='ocrx_word' id='word_1_30' title='bbox 814 789 924 839; x_wconf 84' lang='grc' dir='ltr'><strong>τῶν</strong></span> <span class='ocrx_word' id='word_1_31' title='bbox 956 783 1171 860; x_wconf 83' lang='grc' dir='ltr'>ἀγελῶν</span> <span class='ocrx_word' id='word_1_32' title='bbox 1213 784 1265 837; x_wconf 74' lang='grc' dir='ltr'><strong>οἱ</strong></span> <span class='ocrx_word' id='word_1_33' title='bbox 1314 781 1568 858; x_wconf 85' lang='grc' dir='ltr'>ἂπρατοι·</span> <span class='ocrx_word' id='word_1_34' title='bbox 1623 787 1674 839; x_wconf 74' lang='grc' dir='ltr'><strong>οἱ</strong></span> <span class='ocrx_word' id='word_1_35' title='bbox 1727 785 1924 860; x_wconf 86' lang='grc' dir='ltr'>βανδο-</span> 
     </span>
    </p>
   </div>
   <div class='ocr_carea' id='block_1_8' title="bbox 277 870 1922 950">
    <p class='ocr_par' dir='ltr' id='par_1_8' title="bbox 277 870 1922 950">
     <span class='ocr_line' id='line_1_8' title="bbox 277 870 1922 950; baseline 0.002 -24"><span class='ocrx_word' id='word_1_36' title='bbox 277 873 435 950; x_wconf 75' lang='grc' dir='ltr'>φόροι</span> <span class='ocrx_word' id='word_1_37' title='bbox 463 879 563 928; x_wconf 82' lang='grc' dir='ltr'>τοῦ</span> <span class='ocrx_word' id='word_1_38' title='bbox 593 873 851 948; x_wconf 75' lang='grc' dir='ltr'>ἀριθμοῦ·</span> <span class='ocrx_word' id='word_1_39' title='bbox 900 873 952 929; x_wconf 77' lang='grc' dir='ltr'>οἱ</span> <span class='ocrx_word' id='word_1_40' title='bbox 1006 870 1336 948; x_wconf 83' lang='grc' dir='ltr'>βανδοφόροι</span> <span class='ocrx_word' id='word_1_41' title='bbox 1373 877 1480 927; x_wconf 80' lang='grc' dir='ltr'><strong>τῶν</strong></span> <span class='ocrx_word' id='word_1_42' title='bbox 1526 874 1816 929; x_wconf 73' lang='grc' dir='ltr'>ἱκανάτῶν·</span> <span class='ocrx_word' id='word_1_43' title='bbox 1870 877 1922 930; x_wconf 76' lang='grc' dir='ltr'>οἱ</span> 
     </span>
    </p>
   </div>
   <div class='ocr_carea' id='block_1_9' title="bbox 275 961 1919 1041">
    <p class='ocr_par' dir='ltr' id='par_1_9' title="bbox 275 961 1919 1041">
     <span class='ocr_line' id='line_1_9' title="bbox 275 961 1919 1041; baseline 0.001 -24"><span class='ocrx_word' id='word_1_44' title='bbox 275 961 642 1039; x_wconf 79' lang='grc' dir='ltr'>εὖτυχοφόροι</span> <span class='ocrx_word' id='word_1_45' title='bbox 671 967 778 1018; x_wconf 88' lang='grc' dir='ltr'><strong>τῶν</strong></span> <span class='ocrx_word' id='word_1_46' title='bbox 811 961 1056 1038; x_wconf 82' lang='grc' dir='ltr'>σχολῶν·</span> <span class='ocrx_word' id='word_1_47' title='bbox 1101 963 1153 1016; x_wconf 72' lang='grc' dir='ltr'>οἱ</span> <span class='ocrx_word' id='word_1_48' title='bbox 1193 963 1516 1041; x_wconf 79' lang='grc' dir='ltr'><strong>σκευοφόροι</strong></span> <span class='ocrx_word' id='word_1_49' title='bbox 1573 967 1680 1018; x_wconf 88' lang='grc' dir='ltr'><strong>τῶν</strong></span> <span class='ocrx_word' id='word_1_50' title='bbox 1735 963 1919 1033; x_wconf 82' lang='grc' dir='ltr'>ἐξκου-</span> 
     </span>
    </p>
   </div>
   <div class='ocr_carea' id='block_1_10' title="bbox 271 1047 1919 1130">
    <p class='ocr_par' dir='ltr' id='par_1_10' title="bbox 271 1047 1919 1130">
     <span class='ocr_line' id='line_1_10' title="bbox 271 1047 1919 1130; baseline 0.001 -24"><span class='ocrx_word' id='word_1_51' title='bbox 271 1047 452 1107; x_wconf 77' lang='grc' dir='ltr'>ϐίτων·</span> <span class='ocrx_word' id='word_1_52' title='bbox 502 1053 554 1106; x_wconf 80' lang='grc' dir='ltr'>οἱ</span> <span class='ocrx_word' id='word_1_53' title='bbox 606 1048 968 1126; x_wconf 76' lang='grc' dir='ltr'>λαϐουρήσιοι</span> <span class='ocrx_word' id='word_1_54' title='bbox 1016 1056 1118 1106; x_wconf 79' lang='grc' dir='ltr'>τοῦ</span> <span class='ocrx_word' id='word_1_55' title='bbox 1166 1051 1428 1126; x_wconf 76' lang='grc' dir='ltr'>ἀριθμοῦ·</span> <span class='ocrx_word' id='word_1_56' title='bbox 1473 1053 1524 1106; x_wconf 71' lang='grc' dir='ltr'>οἱ</span> <span class='ocrx_word' id='word_1_57' title='bbox 1566 1051 1919 1130; x_wconf 77' lang='grc' dir='ltr'>σκηπτροφό-</span> 
     </span>
    </p>
   </div>
   <div class='ocr_carea' id='block_1_11' title="bbox 269 1136 1916 1219">
    <p class='ocr_par' dir='ltr' id='par_1_11' title="bbox 269 1136 1916 1219">
     <span class='ocr_line' id='line_1_11' title="bbox 269 1136 1916 1219; baseline -0.001 -24"><span class='ocrx_word' id='word_1_58' title='bbox 269 1159 352 1212; x_wconf 85' lang='grc' dir='ltr'><strong>ροι</strong></span> <span class='ocrx_word' id='word_1_59' title='bbox 383 1144 492 1195; x_wconf 86' lang='grc' dir='ltr'><strong>τῶν</strong></span> <span class='ocrx_word' id='word_1_60' title='bbox 523 1140 767 1219; x_wconf 81' lang='grc' dir='ltr'><strong>σχολῶν·</strong></span> <span class='ocrx_word' id='word_1_61' title='bbox 811 1142 864 1195; x_wconf 76' lang='grc' dir='ltr'>οἱ</span> <span class='ocrx_word' id='word_1_62' title='bbox 925 1141 1244 1217; x_wconf 80' lang='grc' dir='ltr'>σιγνοφόροι</span> <span class='ocrx_word' id='word_1_63' title='bbox 1298 1145 1408 1195; x_wconf 88' lang='grc' dir='ltr'><strong>τῶν</strong></span> <span class='ocrx_word' id='word_1_64' title='bbox 1469 1136 1810 1210; x_wconf 76' lang='grc' dir='ltr'>ὲξκουϐίτων·</span> <span class='ocrx_word' id='word_1_65' title='bbox 1865 1141 1916 1196; x_wconf 80' lang='lat' dir='ltr'><strong>o&#39;t</strong></span> 
     </span>
    </p>
   </div>
   <div class='ocr_carea' id='block_1_12' title="bbox 270 1229 1912 1307">
    <p class='ocr_par' dir='ltr' id='par_1_12' title="bbox 270 1229 1912 1307">
     <span class='ocr_line' id='line_1_12' title="bbox 270 1229 1912 1307; baseline 0.002 -24"><span class='ocrx_word' id='word_1_66' title='bbox 270 1229 632 1305; x_wconf 76' lang='grc' dir='ltr'>σημειοφόροι</span> <span class='ocrx_word' id='word_1_67' title='bbox 671 1233 777 1284; x_wconf 92' lang='grc' dir='ltr'><strong>τῶν</strong></span> <span class='ocrx_word' id='word_1_68' title='bbox 813 1233 912 1283; x_wconf 81' lang='grc' dir='ltr'><strong>τοῦ</strong></span> <span class='ocrx_word' id='word_1_69' title='bbox 962 1229 1220 1304; x_wconf 79' lang='grc' dir='ltr'>ἀριθμοῦ.</span> <span class='ocrx_word' id='word_1_70' title='bbox 1280 1231 1330 1284; x_wconf 80' lang='grc' dir='ltr'>οἱ</span> <span class='ocrx_word' id='word_1_71' title='bbox 1389 1230 1751 1307; x_wconf 78' lang='grc' dir='ltr'>σημειοφόροι</span> <span class='ocrx_word' id='word_1_72' title='bbox 1804 1235 1912 1286; x_wconf 88' lang='grc' dir='ltr'><strong>τῶν</strong></span> 
     </span>
    </p>
   </div>
   <div class='ocr_carea' id='block_1_13' title="bbox 261 1315 1914 1392">
    <p class='ocr_par' dir='ltr' id='par_1_13' title="bbox 261 1315 1914 1392">
     <span class='ocr_line' id='line_1_13' title="bbox 261 1315 1914 1392; baseline 0.002 -23"><span class='ocrx_word' id='word_1_73' title='bbox 261 1315 552 1371; x_wconf 76' lang='grc' dir='ltr'>ἱκανάτων·</span> <span class='ocrx_word' id='word_1_74' title='bbox 588 1316 639 1370; x_wconf 72' lang='grc' dir='ltr'>οἱ</span> <span class='ocrx_word' id='word_1_75' title='bbox 671 1315 1034 1389; x_wconf 78' lang='grc' dir='ltr'>ἀξιωματικοὶ</span> <span class='ocrx_word' id='word_1_76' title='bbox 1056 1319 1162 1371; x_wconf 85' lang='grc' dir='ltr'><strong>τῶν</strong></span> <span class='ocrx_word' id='word_1_77' title='bbox 1197 1315 1419 1392; x_wconf 81' lang='grc' dir='ltr'><strong>σχολῶν</strong></span> <span class='ocrx_word' id='word_1_78' title='bbox 1445 1319 1579 1390; x_wconf 85' lang='grc'><strong>(28)·</strong></span> <span class='ocrx_word' id='word_1_79' title='bbox 1617 1319 1667 1372; x_wconf 74' lang='grc' dir='ltr'>οἱ</span> <span class='ocrx_word' id='word_1_80' title='bbox 1688 1318 1914 1372; x_wconf 78' lang='grc' dir='ltr'>σινάτω-</span> 
     </span>
    </p>
   </div>
   <div class='ocr_carea' id='block_1_14' title="bbox 267 1399 1911 1481">
    <p class='ocr_par' dir='ltr' id='par_1_14' title="bbox 267 1399 1911 1481">
     <span class='ocr_line' id='line_1_14' title="bbox 267 1399 1911 1481; baseline 0 -21"><span class='ocrx_word' id='word_1_81' title='bbox 267 1426 350 1480; x_wconf 85' lang='grc' dir='ltr'><strong>ρες</strong></span> <span class='ocrx_word' id='word_1_82' title='bbox 380 1409 487 1460; x_wconf 90' lang='grc' dir='ltr'><strong>τῶν</strong></span> <span class='ocrx_word' id='word_1_83' title='bbox 532 1399 849 1460; x_wconf 81' lang='grc' dir='ltr'>ἐκουϐίτων·</span> <span class='ocrx_word' id='word_1_84' title='bbox 910 1406 962 1460; x_wconf 70' lang='grc' dir='ltr'><strong>οἱ</strong></span> <span class='ocrx_word' id='word_1_85' title='bbox 1020 1402 1444 1480; x_wconf 75' lang='grc' dir='ltr'>δουκινιάτωρες</span> <span class='ocrx_word' id='word_1_86' title='bbox 1498 1410 1595 1460; x_wconf 78' lang='grc' dir='ltr'>τοῦ</span> <span class='ocrx_word' id='word_1_87' title='bbox 1651 1406 1911 1481; x_wconf 74' lang='grc' dir='ltr'>ἀριθμοῦ·</span> 
     </span>
    </p>
   </div>
   <div class='ocr_carea' id='block_1_15' title="bbox 253 1493 1909 1572">
    <p class='ocr_par' dir='ltr' id='par_1_15' title="bbox 253 1493 1909 1572">
     <span class='ocr_line' id='line_1_15' title="bbox 253 1493 1909 1572; baseline 0.002 -20"><span class='ocrx_word' id='word_1_88' title='bbox 253 1497 304 1552; x_wconf 78' lang='grc' dir='ltr'>οἱ</span> <span class='ocrx_word' id='word_1_89' title='bbox 342 1493 775 1571; x_wconf 78' lang='grc' dir='ltr'>δουκινιάτωρες</span> <span class='ocrx_word' id='word_1_90' title='bbox 824 1500 932 1552; x_wconf 88' lang='grc' dir='ltr'><strong>τῶν</strong></span> <span class='ocrx_word' id='word_1_91' title='bbox 979 1494 1268 1552; x_wconf 79' lang='grc' dir='ltr'>ἱκανάτων·</span> <span class='ocrx_word' id='word_1_92' title='bbox 1317 1497 1367 1551; x_wconf 76' lang='grc' dir='ltr'>οἱ</span> <span class='ocrx_word' id='word_1_93' title='bbox 1423 1495 1752 1572; x_wconf 84' lang='grc' dir='ltr'>μανδάτορες</span> <span class='ocrx_word' id='word_1_94' title='bbox 1799 1507 1909 1556; x_wconf 89' lang='grc' dir='ltr'><strong>τῶν</strong></span> 
     </span>
    </p>
   </div>
   <div class='ocr_carea' id='block_1_16' title="bbox 253 1584 1908 1662">
    <p class='ocr_par' dir='ltr' id='par_1_16' title="bbox 253 1584 1908 1662">
     <span class='ocr_line' id='line_1_16' title="bbox 253 1584 1908 1662; baseline -0.002 -20"><span class='ocrx_word' id='word_1_95' title='bbox 253 1590 495 1662; x_wconf 73' lang='grc' dir='ltr'>σχολῶν.</span> <span class='ocrx_word' id='word_1_96' title='bbox 588 1587 642 1641; x_wconf 75' lang='grc' dir='ltr'>οἱ</span> <span class='ocrx_word' id='word_1_97' title='bbox 717 1584 1298 1662; x_wconf 76' lang='grc' dir='ltr'>πρωτοκα-ριελλᾶριοι</span> <span class='ocrx_word' id='word_1_98' title='bbox 1373 1591 1480 1642; x_wconf 83' lang='grc' dir='ltr'><strong>τῶν</strong></span> <span class='ocrx_word' id='word_1_99' title='bbox 1529 1587 1794 1661; x_wconf 75' lang='grc' dir='ltr'>θεμάτων·</span> <span class='ocrx_word' id='word_1_100' title='bbox 1856 1585 1908 1643; x_wconf 75' lang='grc' dir='ltr'>οἱ</span> 
     </span>
    </p>
   </div>
   <div class='ocr_carea' id='block_1_17' title="bbox 252 1675 1908 1752">
    <p class='ocr_par' dir='ltr' id='par_1_17' title="bbox 252 1675 1908 1752">
     <span class='ocr_line' id='line_1_17' title="bbox 252 1675 1908 1752; baseline 0 -20"><span class='ocrx_word' id='word_1_101' title='bbox 252 1677 494 1740; x_wconf 74' lang='grc' dir='ltr'>ὀπτὶονες</span> <span class='ocrx_word' id='word_1_102' title='bbox 523 1680 643 1731; x_wconf 89' lang='grc' dir='ltr'><strong>τῶν</strong></span> <span class='ocrx_word' id='word_1_103' title='bbox 696 1678 1017 1751; x_wconf 75' lang='grc' dir='ltr'>ταγμάτων·</span> <span class='ocrx_word' id='word_1_104' title='bbox 1070 1677 1098 1732; x_wconf 96' lang='lat'><strong>6</strong></span> <span class='ocrx_word' id='word_1_105' title='bbox 1154 1675 1748 1752; x_wconf 84' lang='grc' dir='ltr'>πρωτοκαγκελλάριος</span> <span class='ocrx_word' id='word_1_106' title='bbox 1811 1681 1908 1732; x_wconf 79' lang='grc' dir='ltr'>τοῦ</span> 
     </span>
    </p>
   </div>
   <div class='ocr_carea' id='block_1_18' title="bbox 252 1762 1908 1841">
    <p class='ocr_par' dir='ltr' id='par_1_18' title="bbox 252 1762 1908 1841">
     <span class='ocr_line' id='line_1_18' title="bbox 252 1762 1908 1841; baseline 0.001 -22"><span class='ocrx_word' id='word_1_107' title='bbox 252 1769 464 1840; x_wconf 80' lang='grc' dir='ltr'>γενικοῦ</span> <span class='ocrx_word' id='word_1_108' title='bbox 513 1763 831 1841; x_wconf 79' lang='grc' dir='ltr'>λογοθὲτου·</span> <span class='ocrx_word' id='word_1_109' title='bbox 893 1766 922 1820; x_wconf 89' lang='lat'><strong>6</strong></span> <span class='ocrx_word' id='word_1_110' title='bbox 970 1762 1562 1840; x_wconf 82' lang='grc' dir='ltr'>πρωτοκαγκελλάριυς</span> <span class='ocrx_word' id='word_1_111' title='bbox 1607 1769 1704 1820; x_wconf 72' lang='grc' dir='ltr'><strong>τοῦ⁹</strong></span> <span class='ocrx_word' id='word_1_112' title='bbox 1752 1767 1908 1821; x_wconf 83' lang='grc' dir='ltr'>κυαί-</span> 
     </span>
    </p>
   </div>
   <div class='ocr_carea' id='block_1_19' title="bbox 261 1851 1907 1931">
    <p class='ocr_par' dir='ltr' id='par_1_19' title="bbox 261 1851 1907 1931">
     <span class='ocr_line' id='line_1_19' title="bbox 261 1851 1907 1931; baseline 0 -21"><span class='ocrx_word' id='word_1_113' title='bbox 261 1861 492 1930; x_wconf 86' lang='grc' dir='ltr'>στωρος⁶</span> <span class='ocrx_word' id='word_1_114' title='bbox 533 1856 561 1910; x_wconf 92' lang='lat'><strong>6</strong></span> <span class='ocrx_word' id='word_1_115' title='bbox 608 1851 1090 1931; x_wconf 84' lang='grc' dir='ltr'>πρωτομανδάτωρ</span> <span class='ocrx_word' id='word_1_116' title='bbox 1137 1858 1246 1909; x_wconf 88' lang='grc' dir='ltr'><strong>τῶν</strong></span> <span class='ocrx_word' id='word_1_117' title='bbox 1293 1855 1595 1931; x_wconf 84' lang='grc' dir='ltr'>νουμέρων·</span> <span class='ocrx_word' id='word_1_118' title='bbox 1627 1856 1654 1909; x_wconf 90' lang='grc' dir='ltr'>ὁ</span> <span class='ocrx_word' id='word_1_119' title='bbox 1694 1874 1907 1930; x_wconf 83' lang='grc' dir='ltr'>πρωτο-</span> 
     </span>
    </p>
   </div>
   <div class='ocr_carea' id='block_1_20' title="bbox 2029 705 3664 786">
    <p class='ocr_par' dir='ltr' id='par_1_20' title="bbox 2029 705 3664 786">
     <span class='ocr_line' id='line_1_20' title="bbox 2029 705 3664 786; baseline 0.007 -30"><span class='ocrx_word' id='word_1_120' title='bbox 2029 705 2353 759; x_wconf 90' lang='lat' dir='ltr'><strong>castrorum</strong></span> <span class='ocrx_word' id='word_1_121' title='bbox 2380 721 2393 772; x_wconf 94' lang='lat'><strong>;</strong></span> <span class='ocrx_word' id='word_1_122' title='bbox 2419 705 2740 762; x_wconf 87' lang='lat' dir='ltr'><strong>draconarii</strong></span> <span class='ocrx_word' id='word_1_123' title='bbox 2759 710 3156 770; x_wconf 84' lang='lat' dir='ltr'><strong>excubitorum</strong></span> <span class='ocrx_word' id='word_1_124' title='bbox 3177 732 3189 782; x_wconf 93' lang='lat'><strong>;</strong></span> <span class='ocrx_word' id='word_1_125' title='bbox 3210 713 3664 786; x_wconf 86' lang='lat' dir='ltr'><strong>exeparchontes</strong></span> 
     </span>
    </p>
   </div>
   <div class='ocr_carea' id='block_1_21' title="bbox 2026 790 3665 872">
    <p class='ocr_par' dir='ltr' id='par_1_21' title="bbox 2026 790 3665 872">
     <span class='ocr_line' id='line_1_21' title="bbox 2026 790 3665 872; baseline 0.009 -29"><span class='ocrx_word' id='word_1_126' title='bbox 2026 790 2113 845; x_wconf 88' lang='lat' dir='ltr'><strong>vel</strong></span> <span class='ocrx_word' id='word_1_127' title='bbox 2145 793 2467 863; x_wconf 82' lang='lat' dir='ltr'><strong>exprasfecti</strong></span> <span class='ocrx_word' id='word_1_128' title='bbox 2490 796 2914 864; x_wconf 81' lang='lat' dir='ltr'><strong>provinciarum</strong></span> <span class='ocrx_word' id='word_1_129' title='bbox 2942 817 2956 868; x_wconf 89' lang='lat'><strong>;</strong></span> <span class='ocrx_word' id='word_1_130' title='bbox 2981 803 3288 860; x_wconf 66' lang='lat' dir='ltr'><strong>stratelataa</strong></span> <span class='ocrx_word' id='word_1_131' title='bbox 3313 822 3326 872; x_wconf 94' lang='lat'><strong>;</strong></span> <span class='ocrx_word' id='word_1_132' title='bbox 3359 801 3665 860; x_wconf 88' lang='lat' dir='ltr'><strong>acoluthus</strong></span> 
     </span>
    </p>
   </div>
   <div class='ocr_carea' id='block_1_22' title="bbox 2025 879 3665 965">
    <p class='ocr_par' dir='ltr' id='par_1_22' title="bbox 2025 879 3665 965">
     <span class='ocr_line' id='line_1_22' title="bbox 2025 879 3665 965; baseline 0.009 -33"><span class='ocrx_word' id='word_1_133' title='bbox 2025 879 2289 949; x_wconf 83' lang='lat' dir='ltr'><strong>arithmi;</strong></span> <span class='ocrx_word' id='word_1_134' title='bbox 2317 887 3232 963; x_wconf 85' lang='lat' dir='ltr'><strong>protomandatorexcubitorum;</strong></span> <span class='ocrx_word' id='word_1_135' title='bbox 3258 893 3665 965; x_wconf 89' lang='lat' dir='ltr'><strong>protomanda-</strong></span> 
     </span>
    </p>
   </div>
   <div class='ocr_carea' id='block_1_23' title="bbox 2022 967 3666 1053">
    <p class='ocr_par' dir='ltr' id='par_1_23' title="bbox 2022 967 3666 1053">
     <span class='ocr_line' id='line_1_23' title="bbox 2022 967 3666 1053; baseline 0.01 -33"><span class='ocrx_word' id='word_1_136' title='bbox 2022 968 2110 1022; x_wconf 87' lang='lat' dir='ltr'><strong>tor</strong></span> <span class='ocrx_word' id='word_1_137' title='bbox 2141 967 2540 1028; x_wconf 87' lang='lat' dir='ltr'><strong>hicanatorum</strong></span> <span class='ocrx_word' id='word_1_138' title='bbox 2568 992 2581 1042; x_wconf 90' lang='lat'><strong>;</strong></span> <span class='ocrx_word' id='word_1_139' title='bbox 2617 980 2980 1046; x_wconf 88' lang='lat' dir='ltr'><strong>protocarabi</strong></span> <span class='ocrx_word' id='word_1_140' title='bbox 3011 997 3114 1036; x_wconf 91' lang='lat' dir='ltr'><strong>seu</strong></span> <span class='ocrx_word' id='word_1_141' title='bbox 3146 982 3440 1051; x_wconf 87' lang='lat' dir='ltr'><strong>naucleri;</strong></span> <span class='ocrx_word' id='word_1_142' title='bbox 3475 985 3666 1053; x_wconf 85' lang='lat' dir='ltr'><strong>proto-</strong></span> 
     </span>
    </p>
   </div>
   <div class='ocr_carea' id='block_1_24' title="bbox 2021 1055 3660 1139">
    <p class='ocr_par' dir='ltr' id='par_1_24' title="bbox 2021 1055 3660 1139">
     <span class='ocr_line' id='line_1_24' title="bbox 2021 1055 3660 1139; baseline 0.01 -32"><span class='ocrx_word' id='word_1_143' title='bbox 2021 1056 2233 1110; x_wconf 90' lang='lat' dir='ltr'><strong>notarii</strong></span> <span class='ocrx_word' id='word_1_144' title='bbox 2266 1055 2586 1116; x_wconf 88' lang='lat' dir='ltr'><strong>thematum</strong></span> <span class='ocrx_word' id='word_1_145' title='bbox 2633 1072 2686 1118; x_wconf 91' lang='lat' dir='ltr'><strong>et</strong></span> <span class='ocrx_word' id='word_1_146' title='bbox 2719 1081 2958 1137; x_wconf 84' lang='lat' dir='ltr'><strong>gregum</strong></span> <span class='ocrx_word' id='word_1_147' title='bbox 3010 1069 3343 1139; x_wconf 87' lang='lat' dir='ltr'><strong>honorarii;</strong></span> <span class='ocrx_word' id='word_1_148' title='bbox 3375 1069 3660 1125; x_wconf 86' lang='lat' dir='ltr'><strong>bandiferi</strong></span> 
     </span>
    </p>
   </div>
   <div class='ocr_carea' id='block_1_25' title="bbox 2021 1144 3659 1232">
    <p class='ocr_par' dir='ltr' id='par_1_25' title="bbox 2021 1144 3659 1232">
     <span class='ocr_line' id='line_1_25' title="bbox 2021 1144 3659 1232; baseline 0.01 -34"><span class='ocrx_word' id='word_1_149' title='bbox 2021 1144 2259 1198; x_wconf 88' lang='lat' dir='ltr'><strong>aritbmi</strong></span> <span class='ocrx_word' id='word_1_150' title='bbox 2285 1161 2299 1210; x_wconf 91' lang='lat'><strong>;</strong></span> <span class='ocrx_word' id='word_1_151' title='bbox 2326 1145 2611 1203; x_wconf 88' lang='lat' dir='ltr'><strong>bandiferi</strong></span> <span class='ocrx_word' id='word_1_152' title='bbox 2627 1151 3025 1212; x_wconf 87' lang='lat' dir='ltr'><strong>hicanatorum</strong></span> <span class='ocrx_word' id='word_1_153' title='bbox 3045 1175 3058 1225; x_wconf 93' lang='lat'><strong>;</strong></span> <span class='ocrx_word' id='word_1_154' title='bbox 3076 1159 3512 1232; x_wconf 85' lang='lat' dir='ltr'><strong>eutychiophori</strong></span> <span class='ocrx_word' id='word_1_155' title='bbox 3535 1159 3659 1230; x_wconf 87' lang='lat' dir='ltr'><strong>[seu</strong></span> 
     </span>
    </p>
   </div>
   <div class='ocr_carea' id='block_1_26' title="bbox 2017 1232 3658 1320">
    <p class='ocr_par' dir='ltr' id='par_1_26' title="bbox 2017 1232 3658 1320">
     <span class='ocr_line' id='line_1_26' title="bbox 2017 1232 3658 1320; baseline 0.009 -34"><span class='ocrx_word' id='word_1_156' title='bbox 2017 1232 2390 1289; x_wconf 84' lang='lat' dir='ltr'><strong>victoriarum</strong></span> <span class='ocrx_word' id='word_1_157' title='bbox 2412 1240 2756 1311; x_wconf 87' lang='lat' dir='ltr'><strong>gestatores]</strong></span> <span class='ocrx_word' id='word_1_158' title='bbox 2790 1242 3123 1301; x_wconf 81' lang='lat' dir='ltr'><strong>scholarum</strong></span> <span class='ocrx_word' id='word_1_159' title='bbox 3150 1265 3163 1315; x_wconf 89' lang='lat'><strong>;</strong></span> <span class='ocrx_word' id='word_1_160' title='bbox 3189 1247 3526 1320; x_wconf 82' lang='lat' dir='ltr'><strong>scequhori</strong></span> <span class='ocrx_word' id='word_1_161' title='bbox 3554 1261 3658 1302; x_wconf 91' lang='lat' dir='ltr'><strong>seu</strong></span> 
     </span>
    </p>
   </div>
   <div class='ocr_carea' id='block_1_27' title="bbox 2017 1321 3658 1401">
    <p class='ocr_par' dir='ltr' id='par_1_27' title="bbox 2017 1321 3658 1401">
     <span class='ocr_line' id='line_1_27' title="bbox 2017 1321 3658 1401; baseline 0.01 -27"><span class='ocrx_word' id='word_1_162' title='bbox 2017 1321 2248 1377; x_wconf 89' lang='lat' dir='ltr'><strong>vasiferi</strong></span> <span class='ocrx_word' id='word_1_163' title='bbox 2271 1323 2356 1378; x_wconf 87' lang='lat' dir='ltr'><strong>vel</strong></span> <span class='ocrx_word' id='word_1_164' title='bbox 2378 1326 2702 1394; x_wconf 70' lang='lat' dir='ltr'><strong>trOpaaoferi</strong></span> <span class='ocrx_word' id='word_1_165' title='bbox 2723 1331 3125 1388; x_wconf 84' lang='lat' dir='ltr'><strong>excubitorum</strong></span> <span class='ocrx_word' id='word_1_166' title='bbox 3151 1353 3166 1401; x_wconf 87' lang='lat'><strong>;</strong></span> <span class='ocrx_word' id='word_1_167' title='bbox 3191 1336 3523 1392; x_wconf 90' lang='lat' dir='ltr'><strong>labarenses</strong></span> <span class='ocrx_word' id='word_1_168' title='bbox 3545 1336 3658 1390; x_wconf 90' lang='lat' dir='ltr'><strong>ari-</strong></span> 
     </span>
    </p>
   </div>
   <div class='ocr_carea' id='block_1_28' title="bbox 2015 1409 3655 1492">
    <p class='ocr_par' dir='ltr' id='par_1_28' title="bbox 2015 1409 3655 1492">
     <span class='ocr_line' id='line_1_28' title="bbox 2015 1409 3655 1492; baseline 0.01 -29"><span class='ocrx_word' id='word_1_169' title='bbox 2015 1409 2078 1464; x_wconf 90' lang='lat' dir='ltr'><strong>th</strong></span> <span class='ocrx_word' id='word_1_170' title='bbox 2090 1411 2163 1464; x_wconf 90' lang='lat' dir='ltr'><strong>mi</strong></span> <span class='ocrx_word' id='word_1_171' title='bbox 2183 1433 2196 1476; x_wconf 94' lang='lat'><strong>;</strong></span> <span class='ocrx_word' id='word_1_172' title='bbox 2216 1413 2533 1484; x_wconf 81' lang='lat' dir='ltr'><strong>sceptriferi</strong></span> <span class='ocrx_word' id='word_1_173' title='bbox 2556 1415 2884 1474; x_wconf 82' lang='lat' dir='ltr'><strong>scholarum</strong></span> <span class='ocrx_word' id='word_1_174' title='bbox 2906 1437 2918 1485; x_wconf 90' lang='lat'><strong>;</strong></span> <span class='ocrx_word' id='word_1_175' title='bbox 2939 1421 3200 1492; x_wconf 85' lang='lat' dir='ltr'><strong>signiferi</strong></span> <span class='ocrx_word' id='word_1_176' title='bbox 3215 1424 3617 1481; x_wconf 84' lang='lat' dir='ltr'><strong>excubitorum</strong></span> <span class='ocrx_word' id='word_1_177' title='bbox 3642 1440 3655 1491; x_wconf 91' lang='lat'><strong>;</strong></span> 
     </span>
    </p>
   </div>
   <div class='ocr_carea' id='block_1_29' title="bbox 2015 1499 3660 1578">
    <p class='ocr_par' dir='ltr' id='par_1_29' title="bbox 2015 1499 3660 1578">
     <span class='ocr_line' id='line_1_29' title="bbox 2015 1499 3660 1578; baseline 0.01 -26"><span class='ocrx_word' id='word_1_178' title='bbox 2015 1499 2315 1554; x_wconf 79' lang='lat' dir='ltr'><strong>vexilliferi</strong></span> <span class='ocrx_word' id='word_1_179' title='bbox 2348 1501 2583 1557; x_wconf 83' lang='lat' dir='ltr'><strong>arithmi</strong></span> <span class='ocrx_word' id='word_1_180' title='bbox 2612 1520 2626 1571; x_wconf 90' lang='lat'><strong>;</strong></span> <span class='ocrx_word' id='word_1_181' title='bbox 2657 1504 2958 1563; x_wconf 84' lang='lat' dir='ltr'><strong>vexilliferi</strong></span> <span class='ocrx_word' id='word_1_182' title='bbox 3007 1508 3408 1567; x_wconf 88' lang='lat' dir='ltr'><strong>hicanatorum</strong></span> <span class='ocrx_word' id='word_1_183' title='bbox 3435 1529 3449 1578; x_wconf 88' lang='lat'><strong>;</strong></span> <span class='ocrx_word' id='word_1_184' title='bbox 3500 1513 3660 1567; x_wconf 87' lang='lat' dir='ltr'><strong>axio-</strong></span> 
     </span>
    </p>
   </div>
   <div class='ocr_carea' id='block_1_30' title="bbox 2016 1589 3662 1665">
    <p class='ocr_par' dir='ltr' id='par_1_30' title="bbox 2016 1589 3662 1665">
     <span class='ocr_line' id='line_1_30' title="bbox 2016 1589 3662 1665; baseline 0.007 -22"><span class='ocrx_word' id='word_1_185' title='bbox 2016 1589 2216 1644; x_wconf 89' lang='lat' dir='ltr'><strong>matici</strong></span> <span class='ocrx_word' id='word_1_186' title='bbox 2240 1589 2329 1645; x_wconf 88' lang='lat' dir='ltr'><strong>vel</strong></span> <span class='ocrx_word' id='word_1_187' title='bbox 2352 1593 2621 1648; x_wconf 84' lang='lat' dir='ltr'><strong>honorati</strong></span> <span class='ocrx_word' id='word_1_188' title='bbox 2644 1593 2975 1652; x_wconf 82' lang='lat' dir='ltr'><strong>scholarum</strong></span> <span class='ocrx_word' id='word_1_189' title='bbox 3001 1615 3016 1665; x_wconf 95' lang='lat'><strong>;</strong></span> <span class='ocrx_word' id='word_1_190' title='bbox 3048 1604 3349 1657; x_wconf 82' lang='lat' dir='ltr'><strong>senatores</strong></span> <span class='ocrx_word' id='word_1_191' title='bbox 3369 1601 3662 1657; x_wconf 79' lang='lat' dir='ltr'><strong>excubito-</strong></span> 
     </span>
    </p>
   </div>
   <div class='ocr_carea' id='block_1_31' title="bbox 2013 1679 3659 1758">
    <p class='ocr_par' dir='ltr' id='par_1_31' title="bbox 2013 1679 3659 1758">
     <span class='ocr_line' id='line_1_31' title="bbox 2013 1679 3659 1758; baseline 0.009 -27"><span class='ocrx_word' id='word_1_192' title='bbox 2013 1694 2141 1733; x_wconf 90' lang='lat' dir='ltr'><strong>rum</strong></span> <span class='ocrx_word' id='word_1_193' title='bbox 2170 1695 2183 1744; x_wconf 91' lang='lat'><strong>;</strong></span> <span class='ocrx_word' id='word_1_194' title='bbox 2225 1679 2618 1738; x_wconf 86' lang='lat' dir='ltr'><strong>duciniatores</strong></span> <span class='ocrx_word' id='word_1_195' title='bbox 2647 1683 3055 1742; x_wconf 87' lang='lat' dir='ltr'><strong>velducenarii</strong></span> <span class='ocrx_word' id='word_1_196' title='bbox 3086 1688 3321 1744; x_wconf 86' lang='lat' dir='ltr'><strong>arithmi</strong></span> <span class='ocrx_word' id='word_1_197' title='bbox 3348 1707 3362 1758; x_wconf 94' lang='lat'><strong>;</strong></span> <span class='ocrx_word' id='word_1_198' title='bbox 3396 1689 3659 1746; x_wconf 81' lang='lat' dir='ltr'><strong>ducinia-</strong></span> 
     </span>
    </p>
   </div>
   <div class='ocr_carea' id='block_1_32' title="bbox 2011 1767 3660 1850">
    <p class='ocr_par' dir='ltr' id='par_1_32' title="bbox 2011 1767 3660 1850">
     <span class='ocr_line' id='line_1_32' title="bbox 2011 1767 3660 1850; baseline 0.008 -29"><span class='ocrx_word' id='word_1_199' title='bbox 2011 1768 2166 1823; x_wconf 88' lang='lat' dir='ltr'><strong>tores</strong></span> <span class='ocrx_word' id='word_1_200' title='bbox 2195 1767 2601 1826; x_wconf 89' lang='lat' dir='ltr'><strong>hicanatorum</strong></span> <span class='ocrx_word' id='word_1_201' title='bbox 2629 1789 2642 1838; x_wconf 90' lang='lat'><strong>;</strong></span> <span class='ocrx_word' id='word_1_202' title='bbox 2669 1774 3040 1830; x_wconf 89' lang='lat' dir='ltr'><strong>mandatores</strong></span> <span class='ocrx_word' id='word_1_203' title='bbox 3061 1777 3395 1833; x_wconf 82' lang='lat' dir='ltr'><strong>scholarum</strong></span> <span class='ocrx_word' id='word_1_204' title='bbox 3422 1793 3437 1844; x_wconf 90' lang='lat'><strong>;</strong></span> <span class='ocrx_word' id='word_1_205' title='bbox 3460 1783 3660 1850; x_wconf 85' lang='lat' dir='ltr'><strong>proto-</strong></span> 
     </span>
    </p>
   </div>
   <div class='ocr_carea' id='block_1_33' title="bbox 2009 1856 3656 1937">
    <p class='ocr_par' dir='ltr' id='par_1_33' title="bbox 2009 1856 3656 1937">
     <span class='ocr_line' id='line_1_33' title="bbox 2009 1856 3656 1937; baseline 0.005 -25"><span class='ocrx_word' id='word_1_206' title='bbox 2009 1856 2339 1912; x_wconf 87' lang='lat' dir='ltr'><strong>cancellarii</strong></span> <span class='ocrx_word' id='word_1_207' title='bbox 2370 1857 2737 1929; x_wconf 89' lang='lat' dir='ltr'><strong>thematum;</strong></span> <span class='ocrx_word' id='word_1_208' title='bbox 2771 1863 3034 1933; x_wconf 86' lang='lat' dir='ltr'><strong>cptiones</strong></span> <span class='ocrx_word' id='word_1_209' title='bbox 3065 1868 3385 1937; x_wconf 87' lang='lat' dir='ltr'><strong>tagmatum</strong></span> <span class='ocrx_word' id='word_1_210' title='bbox 3410 1883 3424 1934; x_wconf 91' lang='lat'><strong>;</strong></span> <span class='ocrx_word' id='word_1_211' title='bbox 3460 1871 3656 1937; x_wconf 90' lang='lat' dir='ltr'><strong>proto-</strong></span> 
     </span>
    </p>
   </div>
   <div class='ocr_carea' id='block_1_34' title="bbox 263 1941 1905 2045">
    <p class='ocr_par' dir='ltr' id='par_1_34' title="bbox 263 1941 1903 2020">
     <span class='ocr_line' id='line_1_34' title="bbox 263 1941 1903 2020; baseline 0 -21"><span class='ocrx_word' id='word_1_212' title='bbox 263 1941 548 2018; x_wconf 78' lang='grc' dir='ltr'>μανδάτωρ</span> <span class='ocrx_word' id='word_1_213' title='bbox 602 1947 713 2000; x_wconf 87' lang='grc' dir='ltr'><strong>τῶν</strong></span> <span class='ocrx_word' id='word_1_214' title='bbox 770 1941 1019 2019; x_wconf 81' lang='grc' dir='ltr'>τειχέων·</span> <span class='ocrx_word' id='word_1_215' title='bbox 1072 1944 1100 1998; x_wconf 89' lang='grc' dir='ltr'>ὁ</span> <span class='ocrx_word' id='word_1_216' title='bbox 1147 1941 1739 2020; x_wconf 80' lang='grc' dir='ltr'>πρωτοκαγκελλάριος</span> <span class='ocrx_word' id='word_1_217' title='bbox 1804 1949 1903 1999; x_wconf 78' lang='grc' dir='ltr'><strong>τοῦ</strong></span> 
     </span>
    </p>
   </div>
   <div class='ocr_carea' id='block_1_35' title="bbox 2014 1941 3656 2045">
    <p class='ocr_par' dir='ltr' id='par_1_35' title="bbox 2014 1945 3656 2024">
     <span class='ocr_line' id='line_1_35' title="bbox 2014 1945 3656 2024; baseline 0.006 -23"><span class='ocrx_word' id='word_1_218' title='bbox 2014 1945 2395 2003; x_wconf 88' lang='lat' dir='ltr'><strong>cancellarius</strong></span> <span class='ocrx_word' id='word_1_219' title='bbox 2449 1948 2639 2020; x_wconf 84' lang='lat' dir='ltr'><strong>genici</strong></span> <span class='ocrx_word' id='word_1_220' title='bbox 2695 1949 3052 2023; x_wconf 64' lang='lat' dir='ltr'><strong>logothetm;</strong></span> <span class='ocrx_word' id='word_1_221' title='bbox 3104 1953 3656 2024; x_wconf 88' lang='lat' dir='ltr'><strong>protocancellarius</strong></span> 
     </span>
    </p>
   </div>
   <div class='ocr_carea' id='block_1_36' title="bbox 259 2031 1900 2108">
    <p class='ocr_par' dir='ltr' id='par_1_36' title="bbox 259 2031 1900 2108">
     <span class='ocr_line' id='line_1_36' title="bbox 259 2031 1900 2108; baseline 0 -19"><span class='ocrx_word' id='word_1_222' title='bbox 259 2032 568 2089; x_wconf 82' lang='grc' dir='ltr'>σακελλίου·</span> <span class='ocrx_word' id='word_1_223' title='bbox 615 2034 643 2088; x_wconf 82' lang='grc' dir='ltr'>ὁ</span> <span class='ocrx_word' id='word_1_224' title='bbox 699 2032 1000 2108; x_wconf 84' lang='grc' dir='ltr'>κένταρχος</span> <span class='ocrx_word' id='word_1_225' title='bbox 1048 2037 1147 2088; x_wconf 75' lang='grc' dir='ltr'><strong>τοῦ</strong></span> <span class='ocrx_word' id='word_1_226' title='bbox 1200 2031 1529 2108; x_wconf 82' lang='grc' dir='ltr'>βεστιαρίου·</span> <span class='ocrx_word' id='word_1_227' title='bbox 1581 2034 1632 2087; x_wconf 72' lang='grc' dir='ltr'>οἱ</span> <span class='ocrx_word' id='word_1_228' title='bbox 1679 2053 1900 2108; x_wconf 82' lang='grc' dir='ltr'>πρωτο-</span> 
     </span>
    </p>
   </div>
   <div class='ocr_carea' id='block_1_37' title="bbox 260 2116 1902 2197">
    <p class='ocr_par' dir='ltr' id='par_1_37' title="bbox 260 2116 1902 2197">
     <span class='ocr_line' id='line_1_37' title="bbox 260 2116 1902 2197; baseline -0.001 -19"><span class='ocrx_word' id='word_1_229' title='bbox 260 2120 587 2197; x_wconf 82' lang='grc' dir='ltr'>μανδάτορες</span> <span class='ocrx_word' id='word_1_230' title='bbox 662 2121 751 2176; x_wconf 77' lang='grc' dir='ltr'><strong>καὶ</strong></span> <span class='ocrx_word' id='word_1_231' title='bbox 827 2119 1143 2197; x_wconf 81' lang='grc' dir='ltr'>λεγατάριοι</span> <span class='ocrx_word' id='word_1_232' title='bbox 1216 2125 1326 2176; x_wconf 87' lang='grc' dir='ltr'><strong>τῶν</strong></span> <span class='ocrx_word' id='word_1_233' title='bbox 1402 2116 1751 2191; x_wconf 76' lang='grc' dir='ltr'>ἐξκουϐἰτων·</span> <span class='ocrx_word' id='word_1_234' title='bbox 1850 2123 1902 2177; x_wconf 73' lang='grc' dir='ltr'>οἱ</span> 
     </span>
    </p>
   </div>
   <div class='ocr_carea' id='block_1_38' title="bbox 255 2209 1900 2287">
    <p class='ocr_par' dir='ltr' id='par_1_38' title="bbox 255 2209 1900 2287">
     <span class='ocr_line' id='line_1_38' title="bbox 255 2209 1900 2287; baseline -0.001 -21"><span class='ocrx_word' id='word_1_235' title='bbox 255 2209 585 2284; x_wconf 80' lang='grc' dir='ltr'>μανδάτορες</span> <span class='ocrx_word' id='word_1_236' title='bbox 633 2209 725 2266; x_wconf 85' lang='grc' dir='ltr'>καί</span> <span class='ocrx_word' id='word_1_237' title='bbox 768 2209 1085 2287; x_wconf 74' lang='grc' dir='ltr'>λεγατάριοι</span> <span class='ocrx_word' id='word_1_238' title='bbox 1124 2214 1220 2264; x_wconf 81' lang='grc' dir='ltr'>τοῦ</span> <span class='ocrx_word' id='word_1_239' title='bbox 1277 2210 1534 2284; x_wconf 73' lang='grc' dir='ltr'>ἀριθμοῦ·</span> <span class='ocrx_word' id='word_1_240' title='bbox 1597 2210 1650 2265; x_wconf 79' lang='grc' dir='ltr'>οἱ</span> <span class='ocrx_word' id='word_1_241' title='bbox 1707 2209 1900 2279; x_wconf 80' lang='grc' dir='ltr'>ἐξκου-</span> 
     </span>
    </p>
   </div>
   <div class='ocr_carea' id='block_1_39' title="bbox 252 2297 1900 2376">
    <p class='ocr_par' dir='ltr' id='par_1_39' title="bbox 252 2297 1900 2376">
     <span class='ocr_line' id='line_1_39' title="bbox 252 2297 1900 2376; baseline -0.001 -20"><span class='ocrx_word' id='word_1_242' title='bbox 252 2297 486 2376; x_wconf 75' lang='grc' dir='ltr'>ϐίτορες·</span> <span class='ocrx_word' id='word_1_243' title='bbox 520 2302 570 2355; x_wconf 76' lang='grc' dir='ltr'><strong>οἱ</strong></span> <span class='ocrx_word' id='word_1_244' title='bbox 602 2299 845 2376; x_wconf 85' lang='grc' dir='ltr'>θυρωροὶ</span> <span class='ocrx_word' id='word_1_245' title='bbox 875 2304 973 2354; x_wconf 78' lang='grc' dir='ltr'>τοῦ</span> <span class='ocrx_word' id='word_1_246' title='bbox 1002 2299 1273 2355; x_wconf 76' lang='grc' dir='ltr'>παλατίου</span> <span class='ocrx_word' id='word_1_247' title='bbox 1313 2300 1404 2354; x_wconf 87' lang='grc' dir='ltr'>καὶ</span> <span class='ocrx_word' id='word_1_248' title='bbox 1452 2302 1563 2354; x_wconf 86' lang='grc' dir='ltr'><strong>τῶν</strong></span> <span class='ocrx_word' id='word_1_249' title='bbox 1614 2301 1900 2376; x_wconf 83' lang='grc' dir='ltr'>σεκρέτων·</span> 
     </span>
    </p>
   </div>
   <div class='ocr_carea' id='block_1_40' title="bbox 251 2386 1904 2465">
    <p class='ocr_par' dir='ltr' id='par_1_40' title="bbox 251 2386 1904 2465">
     <span class='ocr_line' id='line_1_40' title="bbox 251 2386 1904 2465; baseline -0.002 -19"><span class='ocrx_word' id='word_1_250' title='bbox 251 2393 302 2446; x_wconf 76' lang='grc' dir='ltr'>οἱ</span> <span class='ocrx_word' id='word_1_251' title='bbox 335 2387 713 2465; x_wconf 80' lang='grc' dir='ltr'><strong>διατρέχοντες</strong></span> <span class='ocrx_word' id='word_1_252' title='bbox 745 2394 842 2444; x_wconf 81' lang='grc' dir='ltr'><strong>τοῦ</strong></span> <span class='ocrx_word' id='word_1_253' title='bbox 875 2386 1106 2463; x_wconf 81' lang='grc' dir='ltr'>δρόμου.</span> <span class='ocrx_word' id='word_1_254' title='bbox 1141 2389 1192 2442; x_wconf 71' lang='grc' dir='ltr'>οἱ</span> <span class='ocrx_word' id='word_1_255' title='bbox 1248 2388 1642 2465; x_wconf 81' lang='grc' dir='ltr'>φακτιονάριοι.</span> <span class='ocrx_word' id='word_1_256' title='bbox 1696 2390 1747 2443; x_wconf 76' lang='grc' dir='ltr'>οἱ</span> <span class='ocrx_word' id='word_1_257' title='bbox 1794 2409 1904 2464; x_wconf 70' lang='grc' dir='ltr'><strong>¹γει-</strong></span> 
     </span>
    </p>
   </div>
   <div class='ocr_carea' id='block_1_41' title="bbox 249 2475 1900 2555">
    <p class='ocr_par' dir='ltr' id='par_1_41' title="bbox 249 2475 1900 2555">
     <span class='ocr_line' id='line_1_41' title="bbox 249 2475 1900 2555; baseline -0.004 -19"><span class='ocrx_word' id='word_1_258' title='bbox 249 2480 556 2555; x_wconf 84' lang='grc' dir='ltr'>τονιάρχαι·</span> <span class='ocrx_word' id='word_1_259' title='bbox 592 2480 644 2534; x_wconf 78' lang='grc' dir='ltr'>οἱ</span> <span class='ocrx_word' id='word_1_260' title='bbox 689 2479 932 2555; x_wconf 84' lang='grc' dir='ltr'>νοτάριοι</span> <span class='ocrx_word' id='word_1_261' title='bbox 977 2484 1086 2534; x_wconf 89' lang='grc' dir='ltr'><strong>τῶν</strong></span> <span class='ocrx_word' id='word_1_262' title='bbox 1140 2482 1342 2552; x_wconf 86' lang='grc' dir='ltr'>μερῶν·</span> <span class='ocrx_word' id='word_1_263' title='bbox 1404 2477 1456 2532; x_wconf 80' lang='grc' dir='ltr'>οἶ</span> <span class='ocrx_word' id='word_1_264' title='bbox 1505 2475 1900 2554; x_wconf 74' lang='grc' dir='ltr'>χαρτουλάριοι</span> 
     </span>
    </p>
   </div>
   <div class='ocr_carea' id='block_1_42' title="bbox 256 2561 1899 2643">
    <p class='ocr_par' dir='ltr' id='par_1_42' title="bbox 256 2561 1899 2643">
     <span class='ocr_line' id='line_1_42' title="bbox 256 2561 1899 2643; baseline -0.002 -19"><span class='ocrx_word' id='word_1_265' title='bbox 256 2573 364 2624; x_wconf 90' lang='grc' dir='ltr'><strong>τῶν</strong></span> <span class='ocrx_word' id='word_1_266' title='bbox 413 2573 608 2643; x_wconf 85' lang='grc' dir='ltr'>μερῶν·</span> <span class='ocrx_word' id='word_1_267' title='bbox 671 2569 721 2623; x_wconf 78' lang='grc' dir='ltr'>οἱ</span> <span class='ocrx_word' id='word_1_268' title='bbox 776 2565 1004 2638; x_wconf 78' lang='grc' dir='ltr'>ποιηταὶ</span> <span class='ocrx_word' id='word_1_269' title='bbox 1065 2566 1154 2620; x_wconf 81' lang='grc' dir='ltr'>καὶ</span> <span class='ocrx_word' id='word_1_270' title='bbox 1220 2563 1471 2639; x_wconf 84' lang='grc' dir='ltr'>μελισταὶ</span> <span class='ocrx_word' id='word_1_271' title='bbox 1527 2571 1634 2620; x_wconf 87' lang='grc' dir='ltr'><strong>τῶν</strong></span> <span class='ocrx_word' id='word_1_272' title='bbox 1682 2561 1899 2638; x_wconf 76' lang='grc' dir='ltr'>δήμων.</span> 
     </span>
    </p>
   </div>
   <div class='ocr_carea' id='block_1_43' title="bbox 256 2652 1897 2735">
    <p class='ocr_par' dir='ltr' id='par_1_43' title="bbox 256 2652 1897 2735">
     <span class='ocr_line' id='line_1_43' title="bbox 256 2652 1897 2735; baseline -0.004 -22"><span class='ocrx_word' id='word_1_273' title='bbox 256 2659 310 2713; x_wconf 76' lang='grc' dir='ltr'><strong>οἱ</strong></span> <span class='ocrx_word' id='word_1_274' title='bbox 340 2657 567 2735; x_wconf 77' lang='grc' dir='ltr'>ἡνίοχοι</span> <span class='ocrx_word' id='word_1_275' title='bbox 595 2661 704 2712; x_wconf 90' lang='grc' dir='ltr'><strong>τῶν</strong></span> <span class='ocrx_word' id='word_1_276' title='bbox 744 2661 946 2731; x_wconf 89' lang='grc' dir='ltr'>μερῶν·</span> <span class='ocrx_word' id='word_1_277' title='bbox 981 2656 1034 2710; x_wconf 76' lang='grc' dir='ltr'><strong>οἱ</strong></span> <span class='ocrx_word' id='word_1_278' title='bbox 1067 2652 1400 2729; x_wconf 83' lang='grc' dir='ltr'>μανδάτορες</span> <span class='ocrx_word' id='word_1_279' title='bbox 1441 2658 1548 2710; x_wconf 91' lang='grc' dir='ltr'><strong>τῶν</strong></span> <span class='ocrx_word' id='word_1_280' title='bbox 1595 2655 1897 2728; x_wconf 87' lang='grc' dir='ltr'>νουμέρων·</span> 
     </span>
    </p>
   </div>
   <div class='ocr_carea' id='block_1_44' title="bbox 257 2743 1900 2823">
    <p class='ocr_par' dir='ltr' id='par_1_44' title="bbox 257 2743 1900 2823">
     <span class='ocr_line' id='line_1_44' title="bbox 257 2743 1900 2823; baseline -0.003 -21"><span class='ocrx_word' id='word_1_281' title='bbox 257 2748 308 2802; x_wconf 74' lang='grc' dir='ltr'><strong>οἱ</strong></span> <span class='ocrx_word' id='word_1_282' title='bbox 355 2745 680 2823; x_wconf 74' lang='grc' dir='ltr'>μανδάτορες</span> <span class='ocrx_word' id='word_1_283' title='bbox 731 2751 840 2802; x_wconf 87' lang='grc' dir='ltr'><strong>τῶν</strong></span> <span class='ocrx_word' id='word_1_284' title='bbox 898 2745 1148 2820; x_wconf 75' lang='grc' dir='ltr'><strong>τειχέων·</strong></span> <span class='ocrx_word' id='word_1_285' title='bbox 1208 2746 1236 2799; x_wconf 87' lang='grc' dir='ltr'>ὁ</span> <span class='ocrx_word' id='word_1_286' title='bbox 1296 2743 1614 2819; x_wconf 80' lang='grc' dir='ltr'>λεγατάριος</span> <span class='ocrx_word' id='word_1_287' title='bbox 1661 2749 1761 2799; x_wconf 75' lang='grc' dir='ltr'><strong>τοῦ</strong></span> <span class='ocrx_word' id='word_1_288' title='bbox 1815 2743 1900 2818; x_wconf 85' lang='grc' dir='ltr'><strong>βε-</strong></span> 
     </span>
    </p>
   </div>
   <div class='ocr_carea' id='block_1_45' title="bbox 255 2831 1898 2913">
    <p class='ocr_par' dir='ltr' id='par_1_45' title="bbox 255 2831 1898 2913">
     <span class='ocr_line' id='line_1_45' title="bbox 255 2831 1898 2913; baseline -0.003 -22"><span class='ocrx_word' id='word_1_289' title='bbox 255 2835 518 2912; x_wconf 73' lang='grc' dir='ltr'>στιαρίευσ</span> <span class='ocrx_word' id='word_1_290' title='bbox 569 2838 620 2892; x_wconf 78' lang='grc' dir='ltr'>οἱ</span> <span class='ocrx_word' id='word_1_291' title='bbox 669 2831 964 2913; x_wconf 72' lang='grc' dir='ltr'>χοσὸαΐται</span> <span class='ocrx_word' id='word_1_292' title='bbox 1020 2839 1116 2890; x_wconf 77' lang='grc' dir='ltr'><strong>τοῦ</strong></span> <span class='ocrx_word' id='word_1_293' title='bbox 1161 2833 1402 2910; x_wconf 79' lang='grc' dir='ltr'>μεγάλου</span> <span class='ocrx_word' id='word_1_294' title='bbox 1463 2832 1792 2908; x_wconf 80' lang='grc' dir='ltr'>βεστιαρίου·</span> <span class='ocrx_word' id='word_1_295' title='bbox 1846 2833 1898 2886; x_wconf 79' lang='grc' dir='ltr'>οἱ</span> 
     </span>
    </p>
   </div>
   <div class='ocr_carea' id='block_1_46' title="bbox 251 2923 1897 3002">
    <p class='ocr_par' dir='ltr' id='par_1_46' title="bbox 251 2923 1897 3002">
     <span class='ocr_line' id='line_1_46' title="bbox 251 2923 1897 3002; baseline -0.004 -21"><span class='ocrx_word' id='word_1_296' title='bbox 251 2924 538 3001; x_wconf 81' lang='grc' dir='ltr'>κένταρχοι</span> <span class='ocrx_word' id='word_1_297' title='bbox 568 2930 676 2983; x_wconf 86' lang='grc' dir='ltr'><strong>τῶν</strong></span> <span class='ocrx_word' id='word_1_298' title='bbox 707 2929 1022 3002; x_wconf 84' lang='grc' dir='ltr'>στρατηγῶν</span> <span class='ocrx_word' id='word_1_299' title='bbox 1064 2928 1172 2980; x_wconf 88' lang='grc' dir='ltr'><strong>τῶν</strong></span> <span class='ocrx_word' id='word_1_300' title='bbox 1221 2927 1547 2997; x_wconf 85' lang='grc' dir='ltr'>θεματικῶν·</span> <span class='ocrx_word' id='word_1_301' title='bbox 1600 2923 1651 2976; x_wconf 75' lang='lat' dir='ltr'><strong>o&#39;t</strong></span> <span class='ocrx_word' id='word_1_302' title='bbox 1704 2941 1897 2996; x_wconf 87' lang='grc' dir='ltr'>μικρο-</span> 
     </span>
    </p>
   </div>
   <div class='ocr_carea' id='block_1_47' title="bbox 251 3009 1895 3092">
    <p class='ocr_par' dir='ltr' id='par_1_47' title="bbox 251 3009 1895 3092">
     <span class='ocr_line' id='line_1_47' title="bbox 251 3009 1895 3092; baseline -0.004 -21"><span class='ocrx_word' id='word_1_303' title='bbox 251 3021 496 3071; x_wconf 83' lang='grc' dir='ltr'>πανῖται·</span> <span class='ocrx_word' id='word_1_304' title='bbox 565 3017 619 3071; x_wconf 79' lang='grc' dir='ltr'>οἱ</span> <span class='ocrx_word' id='word_1_305' title='bbox 685 3013 1071 3092; x_wconf 77' lang='grc' dir='ltr'>παραφύλακες</span> <span class='ocrx_word' id='word_1_306' title='bbox 1130 3019 1238 3069; x_wconf 90' lang='grc' dir='ltr'><strong>τῶν</strong></span> <span class='ocrx_word' id='word_1_307' title='bbox 1315 3013 1562 3086; x_wconf 85' lang='grc' dir='ltr'>κάστρων</span> <span class='ocrx_word' id='word_1_308' title='bbox 1641 3009 1895 3084; x_wconf 82' lang='grc' dir='ltr'>ἄπρατοι·</span> 
     </span>
    </p>
   </div>
   <div class='ocr_carea' id='block_1_48' title="bbox 249 3097 1896 3181">
    <p class='ocr_par' dir='ltr' id='par_1_48' title="bbox 249 3097 1896 3181">
     <span class='ocr_line' id='line_1_48' title="bbox 249 3097 1896 3181; baseline -0.005 -20"><span class='ocrx_word' id='word_1_309' title='bbox 249 3105 302 3161; x_wconf 77' lang='grc' dir='ltr'>οἱ</span> <span class='ocrx_word' id='word_1_310' title='bbox 331 3107 620 3181; x_wconf 76' lang='grc' dir='ltr'>κένταρχοι</span> <span class='ocrx_word' id='word_1_311' title='bbox 651 3109 758 3159; x_wconf 87' lang='grc' dir='ltr'><strong>τῶν</strong></span> <span class='ocrx_word' id='word_1_312' title='bbox 795 3101 1025 3180; x_wconf 71' lang='grc' dir='ltr'>βάνδων·</span> <span class='ocrx_word' id='word_1_313' title='bbox 1062 3104 1114 3158; x_wconf 78' lang='grc' dir='ltr'>οἱ</span> <span class='ocrx_word' id='word_1_314' title='bbox 1147 3099 1421 3175; x_wconf 83' lang='grc' dir='ltr'>δημῶται·</span> <span class='ocrx_word' id='word_1_315' title='bbox 1457 3103 1507 3155; x_wconf 79' lang='grc' dir='ltr'>οἱ</span> <span class='ocrx_word' id='word_1_316' title='bbox 1548 3097 1896 3175; x_wconf 84' lang='grc' dir='ltr'>δρουγγάριοι</span> 
     </span>
    </p>
   </div>
   <div class='ocr_carea' id='block_1_49' title="bbox 247 3190 1899 3268">
    <p class='ocr_par' dir='ltr' id='par_1_49' title="bbox 247 3190 1899 3268">
     <span class='ocr_line' id='line_1_49' title="bbox 247 3190 1899 3268; baseline -0.004 -19"><span class='ocrx_word' id='word_1_317' title='bbox 247 3198 356 3250; x_wconf 86' lang='grc' dir='ltr'><strong>τῶν</strong></span> <span class='ocrx_word' id='word_1_318' title='bbox 395 3199 594 3263; x_wconf 84' lang='grc' dir='ltr'>πεζῶν·</span> <span class='ocrx_word' id='word_1_319' title='bbox 648 3195 701 3247; x_wconf 71' lang='grc' dir='ltr'>οἱ</span> <span class='ocrx_word' id='word_1_320' title='bbox 758 3193 1149 3268; x_wconf 78' lang='grc' dir='ltr'>καγκελλάριοι</span> <span class='ocrx_word' id='word_1_321' title='bbox 1195 3198 1302 3248; x_wconf 86' lang='grc' dir='ltr'><strong>τῶν</strong></span> <span class='ocrx_word' id='word_1_322' title='bbox 1366 3190 1652 3267; x_wconf 84' lang='grc' dir='ltr'>σεκρέτων·</span> <span class='ocrx_word' id='word_1_323' title='bbox 1705 3190 1756 3244; x_wconf 84' lang='lat' dir='ltr'><strong>o&#39;t</strong></span> <span class='ocrx_word' id='word_1_324' title='bbox 1803 3210 1899 3243; x_wconf 90' lang='grc' dir='ltr'>το-</span> 
     </span>
    </p>
   </div>
   <div class='ocr_carea' id='block_1_50' title="bbox 247 3278 1897 3354">
    <p class='ocr_par' dir='ltr' id='par_1_50' title="bbox 247 3278 1897 3354">
     <span class='ocr_line' id='line_1_50' title="bbox 247 3278 1897 3354; baseline -0.002 -18"><span class='ocrx_word' id='word_1_325' title='bbox 247 3282 562 3354; x_wconf 82' lang='grc' dir='ltr'>ποτηρηταὶ</span> <span class='ocrx_word' id='word_1_326' title='bbox 591 3285 699 3334; x_wconf 88' lang='grc' dir='ltr'><strong>τῶν</strong></span> <span class='ocrx_word' id='word_1_327' title='bbox 729 3286 912 3354; x_wconf 84' lang='grc' dir='ltr'>χορῶν</span> <span class='ocrx_word' id='word_1_328' title='bbox 946 3285 1072 3352; x_wconf 80' lang='grc'>(29)·</span> <span class='ocrx_word' id='word_1_329' title='bbox 1107 3282 1160 3334; x_wconf 70' lang='grc' dir='ltr'><strong>οἱ</strong></span> <span class='ocrx_word' id='word_1_330' title='bbox 1191 3286 1516 3353; x_wconf 84' lang='grc' dir='ltr'>στρατιῶται</span> <span class='ocrx_word' id='word_1_331' title='bbox 1543 3284 1650 3334; x_wconf 91' lang='grc' dir='ltr'><strong>τῶν</strong></span> <span class='ocrx_word' id='word_1_332' title='bbox 1683 3278 1897 3352; x_wconf 78' lang='grc' dir='ltr'>ταγμά-</span> 
     </span>
    </p>
   </div>
   <div class='ocr_carea' id='block_1_51' title="bbox 2013 2035 3657 2114">
    <p class='ocr_par' dir='ltr' id='par_1_51' title="bbox 2013 2035 3657 2114">
     <span class='ocr_line' id='line_1_51' title="bbox 2013 2035 3657 2114; baseline 0.006 -26"><span class='ocrx_word' id='word_1_333' title='bbox 2013 2035 2320 2105; x_wconf 68' lang='lat' dir='ltr'><strong>quc&#39;estoris</strong></span> <span class='ocrx_word' id='word_1_334' title='bbox 2345 2055 2358 2102; x_wconf 94' lang='lat'><strong>;</strong></span> <span class='ocrx_word' id='word_1_335' title='bbox 2385 2040 2862 2108; x_wconf 87' lang='lat' dir='ltr'><strong>protomandator</strong></span> <span class='ocrx_word' id='word_1_336' title='bbox 2883 2055 3256 2098; x_wconf 88' lang='lat' dir='ltr'><strong>numerorum</strong></span> <span class='ocrx_word' id='word_1_337' title='bbox 3281 2061 3295 2112; x_wconf 90' lang='lat'><strong>;</strong></span> <span class='ocrx_word' id='word_1_338' title='bbox 3319 2046 3657 2114; x_wconf 89' lang='lat' dir='ltr'><strong>protoman-</strong></span> 
     </span>
    </p>
   </div>
   <div class='ocr_carea' id='block_1_52' title="bbox 2012 2124 3654 2199">
    <p class='ocr_par' dir='ltr' id='par_1_52' title="bbox 2012 2124 3654 2199">
     <span class='ocr_line' id='line_1_52' title="bbox 2012 2124 3654 2199; baseline 0.004 -20"><span class='ocrx_word' id='word_1_339' title='bbox 2012 2124 2180 2180; x_wconf 90' lang='lat' dir='ltr'><strong>dator</strong></span> <span class='ocrx_word' id='word_1_340' title='bbox 2216 2128 2578 2194; x_wconf 87' lang='lat' dir='ltr'><strong>castrorum;</strong></span> <span class='ocrx_word' id='word_1_341' title='bbox 2613 2128 3165 2199; x_wconf 87' lang='lat' dir='ltr'><strong>protocanccllarius</strong></span> <span class='ocrx_word' id='word_1_342' title='bbox 3211 2129 3654 2198; x_wconf 88' lang='lat' dir='ltr'><strong>sacelli;centar-</strong></span> 
     </span>
    </p>
   </div>
   <div class='ocr_carea' id='block_1_53' title="bbox 2012 2213 3656 2289">
    <p class='ocr_par' dir='ltr' id='par_1_53' title="bbox 2012 2213 3656 2289">
     <span class='ocr_line' id='line_1_53' title="bbox 2012 2213 3656 2289; baseline 0.005 -21"><span class='ocrx_word' id='word_1_343' title='bbox 2012 2213 2158 2268; x_wconf 90' lang='lat' dir='ltr'><strong>chus</strong></span> <span class='ocrx_word' id='word_1_344' title='bbox 2188 2214 2481 2282; x_wconf 88' lang='lat' dir='ltr'><strong>vestiarii;</strong></span> <span class='ocrx_word' id='word_1_345' title='bbox 2530 2217 3068 2286; x_wconf 87' lang='lat' dir='ltr'><strong>protomandatores</strong></span> <span class='ocrx_word' id='word_1_346' title='bbox 3112 2223 3172 2274; x_wconf 87' lang='lat' dir='ltr'><strong>et</strong></span> <span class='ocrx_word' id='word_1_347' title='bbox 3200 2218 3458 2289; x_wconf 84' lang='lat' dir='ltr'><strong>legatarii</strong></span> <span class='ocrx_word' id='word_1_348' title='bbox 3492 2235 3656 2276; x_wconf 65' lang='lat' dir='ltr'><strong>excuv</strong></span> 
     </span>
    </p>
   </div>
   <div class='ocr_carea' id='block_1_54' title="bbox 2011 2302 3656 2376">
    <p class='ocr_par' dir='ltr' id='par_1_54' title="bbox 2011 2302 3656 2376">
     <span class='ocr_line' id='line_1_54' title="bbox 2011 2302 3656 2376; baseline 0.004 -20"><span class='ocrx_word' id='word_1_349' title='bbox 2011 2302 2266 2357; x_wconf 90' lang='lat' dir='ltr'><strong>hitorum</strong></span> <span class='ocrx_word' id='word_1_350' title='bbox 2291 2321 2304 2370; x_wconf 92' lang='lat'><strong>;</strong></span> <span class='ocrx_word' id='word_1_351' title='bbox 2330 2304 2702 2360; x_wconf 88' lang='lat' dir='ltr'><strong>mandatores</strong></span> <span class='ocrx_word' id='word_1_352' title='bbox 2735 2309 2792 2360; x_wconf 89' lang='lat' dir='ltr'><strong>et</strong></span> <span class='ocrx_word' id='word_1_353' title='bbox 2815 2306 3076 2376; x_wconf 81' lang='lat' dir='ltr'><strong>legatarii</strong></span> <span class='ocrx_word' id='word_1_354' title='bbox 3108 2307 3345 2363; x_wconf 90' lang='lat' dir='ltr'><strong>arithmi</strong></span> <span class='ocrx_word' id='word_1_355' title='bbox 3375 2325 3390 2376; x_wconf 90' lang='lat'><strong>;</strong></span> <span class='ocrx_word' id='word_1_356' title='bbox 3424 2308 3656 2364; x_wconf 82' lang='lat' dir='ltr'><strong>excubi-</strong></span> 
     </span>
    </p>
   </div>
   <div class='ocr_carea' id='block_1_55' title="bbox 2011 2391 3657 2463">
    <p class='ocr_par' dir='ltr' id='par_1_55' title="bbox 2011 2391 3657 2463">
     <span class='ocr_line' id='line_1_55' title="bbox 2011 2391 3657 2463; baseline 0.004 -18"><span class='ocrx_word' id='word_1_357' title='bbox 2011 2398 2201 2458; x_wconf 85' lang='lat' dir='ltr'><strong>tores;</strong></span> <span class='ocrx_word' id='word_1_358' title='bbox 2246 2391 2530 2460; x_wconf 89' lang='lat' dir='ltr'><strong>janitores</strong></span> <span class='ocrx_word' id='word_1_359' title='bbox 2562 2392 2761 2463; x_wconf 85' lang='lat' dir='ltr'><strong>palatii</strong></span> <span class='ocrx_word' id='word_1_360' title='bbox 2807 2399 2865 2450; x_wconf 90' lang='lat' dir='ltr'><strong>et</strong></span> <span class='ocrx_word' id='word_1_361' title='bbox 2913 2402 3307 2463; x_wconf 87' lang='lat' dir='ltr'><strong>secretorum;</strong></span> <span class='ocrx_word' id='word_1_362' title='bbox 3356 2397 3657 2453; x_wconf 85' lang='lat' dir='ltr'><strong>vernaculi</strong></span> 
     </span>
    </p>
   </div>
   <div class='ocr_carea' id='block_1_56' title="bbox 2011 2480 3657 2554">
    <p class='ocr_par' dir='ltr' id='par_1_56' title="bbox 2011 2480 3657 2554">
     <span class='ocr_line' id='line_1_56' title="bbox 2011 2480 3657 2554; baseline 0.004 -21"><span class='ocrx_word' id='word_1_363' title='bbox 2011 2495 2250 2547; x_wconf 89' lang='lat' dir='ltr'><strong>cursus;</strong></span> <span class='ocrx_word' id='word_1_364' title='bbox 2289 2480 2611 2536; x_wconf 89' lang='lat' dir='ltr'><strong>factionarii</strong></span> <span class='ocrx_word' id='word_1_365' title='bbox 2640 2499 2653 2548; x_wconf 94' lang='lat'><strong>;</strong></span> <span class='ocrx_word' id='word_1_366' title='bbox 2685 2482 2953 2554; x_wconf 87' lang='lat' dir='ltr'><strong>magistri</strong></span> <span class='ocrx_word' id='word_1_367' title='bbox 2983 2483 3243 2540; x_wconf 83' lang='lat' dir='ltr'><strong>vicorum</strong></span> <span class='ocrx_word' id='word_1_368' title='bbox 3272 2501 3286 2553; x_wconf 91' lang='lat'><strong>;</strong></span> <span class='ocrx_word' id='word_1_369' title='bbox 3337 2485 3544 2541; x_wconf 90' lang='lat' dir='ltr'><strong>notarii</strong></span> <span class='ocrx_word' id='word_1_370' title='bbox 3579 2486 3657 2540; x_wconf 90' lang='lat' dir='ltr'><strong>fa-</strong></span> 
     </span>
    </p>
   </div>
   <div class='ocr_carea' id='block_1_57' title="bbox 2009 2569 3650 2644">
    <p class='ocr_par' dir='ltr' id='par_1_57' title="bbox 2009 2569 3650 2644">
     <span class='ocr_line' id='line_1_57' title="bbox 2009 2569 3650 2644; baseline 0.004 -21"><span class='ocrx_word' id='word_1_371' title='bbox 2009 2569 2272 2624; x_wconf 87' lang='lat' dir='ltr'><strong>ctionum</strong></span> <span class='ocrx_word' id='word_1_372' title='bbox 2300 2586 2312 2635; x_wconf 94' lang='lat'><strong>;</strong></span> <span class='ocrx_word' id='word_1_373' title='bbox 2347 2569 2684 2625; x_wconf 82' lang='lat' dir='ltr'><strong>chartularii</strong></span> <span class='ocrx_word' id='word_1_374' title='bbox 2709 2571 3026 2626; x_wconf 85' lang='lat' dir='ltr'><strong>factionum</strong></span> <span class='ocrx_word' id='word_1_375' title='bbox 3055 2577 3270 2644; x_wconf 67' lang='lat' dir='ltr'><strong>;poetae</strong></span> <span class='ocrx_word' id='word_1_376' title='bbox 3292 2574 3610 2630; x_wconf 82' lang='lat' dir='ltr'><strong>factionum</strong></span> <span class='ocrx_word' id='word_1_377' title='bbox 3635 2589 3650 2642; x_wconf 90' lang='lat'><strong>;</strong></span> 
     </span>
    </p>
   </div>
   <div class='ocr_carea' id='block_1_58' title="bbox 2010 2657 3654 2732">
    <p class='ocr_par' dir='ltr' id='par_1_58' title="bbox 2010 2657 3654 2732">
     <span class='ocr_line' id='line_1_58' title="bbox 2010 2657 3654 2732; baseline 0.004 -20"><span class='ocrx_word' id='word_1_378' title='bbox 2010 2657 2216 2713; x_wconf 88' lang='lat' dir='ltr'><strong>musici</strong></span> <span class='ocrx_word' id='word_1_379' title='bbox 2248 2658 2601 2725; x_wconf 85' lang='lat' dir='ltr'><strong>factionum;</strong></span> <span class='ocrx_word' id='word_1_380' title='bbox 2633 2660 2847 2732; x_wconf 69' lang='lat' dir='ltr'><strong>aurigas</strong></span> <span class='ocrx_word' id='word_1_381' title='bbox 2892 2661 3208 2717; x_wconf 79' lang='lat' dir='ltr'><strong>factionum</strong></span> <span class='ocrx_word' id='word_1_382' title='bbox 3235 2678 3249 2728; x_wconf 90' lang='lat'><strong>;</strong></span> <span class='ocrx_word' id='word_1_383' title='bbox 3283 2663 3654 2718; x_wconf 86' lang='lat' dir='ltr'><strong>mandatores</strong></span> 
     </span>
    </p>
   </div>
   <div class='ocr_carea' id='block_1_59' title="bbox 2011 2747 3654 2823">
    <p class='ocr_par' dir='ltr' id='par_1_59' title="bbox 2011 2747 3654 2823">
     <span class='ocr_line' id='line_1_59' title="bbox 2011 2747 3654 2823; baseline 0.004 -23"><span class='ocrx_word' id='word_1_384' title='bbox 2011 2762 2386 2802; x_wconf 89' lang='lat' dir='ltr'><strong>numerorum</strong></span> <span class='ocrx_word' id='word_1_385' title='bbox 2416 2765 2430 2815; x_wconf 88' lang='lat'><strong>;</strong></span> <span class='ocrx_word' id='word_1_386' title='bbox 2464 2747 2616 2804; x_wconf 70' lang='lat'><strong>428</strong></span> <span class='ocrx_word' id='word_1_387' title='bbox 2641 2750 3016 2805; x_wconf 87' lang='lat' dir='ltr'><strong>mandatores</strong></span> <span class='ocrx_word' id='word_1_388' title='bbox 3037 2759 3360 2806; x_wconf 88' lang='lat' dir='ltr'><strong>castrorum</strong></span> <span class='ocrx_word' id='word_1_389' title='bbox 3386 2767 3400 2818; x_wconf 88' lang='lat'><strong>;</strong></span> <span class='ocrx_word' id='word_1_390' title='bbox 3434 2751 3654 2823; x_wconf 87' lang='lat' dir='ltr'><strong>legata-</strong></span> 
     </span>
    </p>
   </div>
   <div class='ocr_carea' id='block_1_60' title="bbox 2008 2836 3654 2910">
    <p class='ocr_par' dir='ltr' id='par_1_60' title="bbox 2008 2836 3654 2910">
     <span class='ocr_line' id='line_1_60' title="bbox 2008 2836 3654 2910; baseline 0.002 -18"><span class='ocrx_word' id='word_1_391' title='bbox 2008 2836 2130 2892; x_wconf 87' lang='lat' dir='ltr'><strong>rius</strong></span> <span class='ocrx_word' id='word_1_392' title='bbox 2161 2837 2415 2892; x_wconf 88' lang='lat' dir='ltr'><strong>vestiarii</strong></span> <span class='ocrx_word' id='word_1_393' title='bbox 2447 2837 2799 2905; x_wconf 68' lang='lat' dir='ltr'><strong>;chosbaitaa</strong></span> <span class='ocrx_word' id='word_1_394' title='bbox 2817 2839 3012 2910; x_wconf 89' lang='lat' dir='ltr'><strong>magni</strong></span> <span class='ocrx_word' id='word_1_395' title='bbox 3033 2841 3292 2895; x_wconf 89' lang='lat' dir='ltr'><strong>vestiarii</strong></span> <span class='ocrx_word' id='word_1_396' title='bbox 3316 2857 3330 2907; x_wconf 90' lang='lat'><strong>;</strong></span> <span class='ocrx_word' id='word_1_397' title='bbox 3355 2841 3654 2896; x_wconf 86' lang='lat' dir='ltr'><strong>centarchi</strong></span> 
     </span>
    </p>
   </div>
   <div class='ocr_carea' id='block_1_61' title="bbox 2008 2924 3652 3000">
    <p class='ocr_par' dir='ltr' id='par_1_61' title="bbox 2008 2924 3652 3000">
     <span class='ocr_line' id='line_1_61' title="bbox 2008 2924 3652 3000; baseline 0.003 -21"><span class='ocrx_word' id='word_1_398' title='bbox 2008 2928 2397 2996; x_wconf 88' lang='lat' dir='ltr'><strong>strategorum</strong></span> <span class='ocrx_word' id='word_1_399' title='bbox 2422 2924 2904 2997; x_wconf 86' lang='lat' dir='ltr'><strong>thematicorum;</strong></span> <span class='ocrx_word' id='word_1_400' title='bbox 2930 2928 3326 3000; x_wconf 84' lang='lat' dir='ltr'><strong>micropanitae</strong></span> <span class='ocrx_word' id='word_1_401' title='bbox 3349 2930 3652 2998; x_wconf 88' lang='lat' dir='ltr'><strong>;custodcs</strong></span> 
     </span>
    </p>
   </div>
   <div class='ocr_carea' id='block_1_62' title="bbox 2009 3013 3653 3084">
    <p class='ocr_par' dir='ltr' id='par_1_62' title="bbox 2009 3013 3653 3084">
     <span class='ocr_line' id='line_1_62' title="bbox 2009 3013 3653 3084; baseline 0.004 -17"><span class='ocrx_word' id='word_1_402' title='bbox 2009 3016 2329 3068; x_wconf 88' lang='lat' dir='ltr'><strong>castrorum</strong></span> <span class='ocrx_word' id='word_1_403' title='bbox 2353 3013 2648 3070; x_wconf 90' lang='lat' dir='ltr'><strong>honorarii</strong></span> <span class='ocrx_word' id='word_1_404' title='bbox 2673 3031 2688 3082; x_wconf 90' lang='lat'><strong>;</strong></span> <span class='ocrx_word' id='word_1_405' title='bbox 2713 3015 3007 3071; x_wconf 88' lang='lat' dir='ltr'><strong>centarchi</strong></span> <span class='ocrx_word' id='word_1_406' title='bbox 3029 3017 3386 3084; x_wconf 88' lang='lat' dir='ltr'><strong>bandorum;</strong></span> <span class='ocrx_word' id='word_1_407' title='bbox 3408 3017 3653 3073; x_wconf 72' lang='lat' dir='ltr'><strong>demotus</strong></span> 
     </span>
    </p>
   </div>
   <div class='ocr_carea' id='block_1_63' title="bbox 2008 3101 3650 3176">
    <p class='ocr_par' dir='ltr' id='par_1_63' title="bbox 2008 3101 3650 3176">
     <span class='ocr_line' id='line_1_63' title="bbox 2008 3101 3650 3176; baseline 0.004 -22"><span class='ocrx_word' id='word_1_408' title='bbox 2008 3115 2111 3155; x_wconf 89' lang='lat' dir='ltr'><strong>seu</strong></span> <span class='ocrx_word' id='word_1_409' title='bbox 2141 3101 2448 3172; x_wconf 89' lang='lat' dir='ltr'><strong>populares</strong></span> <span class='ocrx_word' id='word_1_410' title='bbox 2478 3106 2581 3156; x_wconf 90' lang='lat' dir='ltr'><strong>aut</strong></span> <span class='ocrx_word' id='word_1_411' title='bbox 2607 3102 2984 3169; x_wconf 86' lang='lat' dir='ltr'><strong>factionales;</strong></span> <span class='ocrx_word' id='word_1_412' title='bbox 3018 3104 3316 3174; x_wconf 82' lang='lat' dir='ltr'><strong>drungarii</strong></span> <span class='ocrx_word' id='word_1_413' title='bbox 3348 3106 3610 3176; x_wconf 83' lang='lat' dir='ltr'><strong>peditum</strong></span> <span class='ocrx_word' id='word_1_414' title='bbox 3636 3121 3650 3171; x_wconf 92' lang='lat'><strong>;</strong></span> 
     </span>
    </p>
   </div>
   <div class='ocr_carea' id='block_1_64' title="bbox 2008 3189 3655 3262">
    <p class='ocr_par' dir='ltr' id='par_1_64' title="bbox 2008 3189 3655 3262">
     <span class='ocr_line' id='line_1_64' title="bbox 2008 3189 3655 3262; baseline 0.002 -18"><span class='ocrx_word' id='word_1_415' title='bbox 2008 3189 2340 3245; x_wconf 88' lang='lat' dir='ltr'><strong>cancellarii</strong></span> <span class='ocrx_word' id='word_1_416' title='bbox 2373 3196 2725 3246; x_wconf 89' lang='lat' dir='ltr'><strong>secretorum</strong></span> <span class='ocrx_word' id='word_1_417' title='bbox 2752 3209 2766 3259; x_wconf 96' lang='lat'><strong>;</strong></span> <span class='ocrx_word' id='word_1_418' title='bbox 2790 3195 3149 3262; x_wconf 81' lang='lat' dir='ltr'><strong>torpoteretse</strong></span> <span class='ocrx_word' id='word_1_419' title='bbox 3171 3193 3522 3262; x_wconf 90' lang='lat' dir='ltr'><strong>chororum;</strong></span> <span class='ocrx_word' id='word_1_420' title='bbox 3556 3194 3655 3250; x_wconf 89' lang='lat' dir='ltr'><strong>mi-</strong></span> 
     </span>
    </p>
   </div>
   <div class='ocr_carea' id='block_1_65' title="bbox 2008 3277 3652 3354">
    <p class='ocr_par' dir='ltr' id='par_1_65' title="bbox 2008 3277 3652 3354">
     <span class='ocr_line' id='line_1_65' title="bbox 2008 3277 3652 3354; baseline 0.004 -20"><span class='ocrx_word' id='word_1_421' title='bbox 2008 3277 2139 3334; x_wconf 86' lang='lat' dir='ltr'><strong>lites</strong></span> <span class='ocrx_word' id='word_1_422' title='bbox 2169 3285 2492 3351; x_wconf 86' lang='lat' dir='ltr'><strong>tagmalum</strong></span> <span class='ocrx_word' id='word_1_423' title='bbox 2525 3287 2580 3337; x_wconf 92' lang='lat' dir='ltr'><strong>et</strong></span> <span class='ocrx_word' id='word_1_424' title='bbox 2609 3281 2824 3337; x_wconf 83' lang='lat' dir='ltr'><strong>milites</strong></span> <span class='ocrx_word' id='word_1_425' title='bbox 2853 3281 3204 3338; x_wconf 87' lang='lat' dir='ltr'><strong>thematum.</strong></span> <span class='ocrx_word' id='word_1_426' title='bbox 3235 3286 3480 3350; x_wconf 85' lang='lat' dir='ltr'><strong>Horum,</strong></span> <span class='ocrx_word' id='word_1_427' title='bbox 3505 3301 3652 3354; x_wconf 91' lang='lat' dir='ltr'><strong>quos</strong></span> 
     </span>
    </p>
   </div>
   <div class='ocr_carea' id='block_1_66' title="bbox 243 3345 1905 3444">
    <p class='ocr_par' dir='ltr' id='par_1_66' title="bbox 243 3366 1893 3444">
     <span class='ocr_line' id='line_1_66' title="bbox 243 3366 1893 3444; baseline -0.004 -18"><span class='ocrx_word' id='word_1_428' title='bbox 243 3391 375 3426; x_wconf 82' lang='grc' dir='ltr'>των·</span> <span class='ocrx_word' id='word_1_429' title='bbox 412 3372 463 3424; x_wconf 75' lang='grc' dir='ltr'>οἱ</span> <span class='ocrx_word' id='word_1_430' title='bbox 521 3375 847 3444; x_wconf 86' lang='grc' dir='ltr'>στρατιῶται</span> <span class='ocrx_word' id='word_1_431' title='bbox 894 3369 1002 3422; x_wconf 85' lang='grc' dir='ltr'><strong>τῶν</strong></span> <span class='ocrx_word' id='word_1_432' title='bbox 1051 3369 1319 3441; x_wconf 77' lang='grc' dir='ltr'>θεμάτων.</span> <span class='ocrx_word' id='word_1_433' title='bbox 1369 3369 1440 3424; x_wconf 74' lang='lat' dir='ltr'><strong>Ei’</strong></span> <span class='ocrx_word' id='word_1_434' title='bbox 1468 3366 1525 3421; x_wconf 70' lang='grc' dir='ltr'><strong>’δὲ</strong></span> <span class='ocrx_word' id='word_1_435' title='bbox 1570 3368 1630 3421; x_wconf 83' lang='grc' dir='ltr'>ἐκ</span> <span class='ocrx_word' id='word_1_436' title='bbox 1679 3368 1893 3421; x_wconf 85' lang='grc' dir='ltr'>πάντων</span> 
     </span>
    </p>
   </div>
   <div class='ocr_carea' id='block_1_67' title="bbox 2014 3345 3656 3444">
    <p class='ocr_par' dir='ltr' id='par_1_67' title="bbox 2014 3345 3656 3443">
     <span class='ocr_line' id='line_1_67' title="bbox 2014 3345 3656 3443; baseline 0.005 -21"><span class='ocrx_word' id='word_1_437' title='bbox 2014 3345 2289 3434; x_wconf 71' lang='lat' dir='ltr'><strong>diximus,</strong></span> <span class='ocrx_word' id='word_1_438' title='bbox 2320 3370 2579 3426; x_wconf 89' lang='lat' dir='ltr'><strong>omnium</strong></span> <span class='ocrx_word' id='word_1_439' title='bbox 2626 3371 2675 3425; x_wconf 89' lang='lat' dir='ltr'><strong>si</strong></span> <span class='ocrx_word' id='word_1_440' title='bbox 2725 3371 2858 3442; x_wconf 87' lang='lat' dir='ltr'><strong>quis</strong></span> <span class='ocrx_word' id='word_1_441' title='bbox 2907 3373 3222 3443; x_wconf 88' lang='lat' dir='ltr'><strong>dignitates</strong></span> <span class='ocrx_word' id='word_1_442' title='bbox 3273 3345 3656 3430; x_wconf 37' lang='lat' dir='ltr'><strong>simul&#39;tenet</strong></span> 
     </span>
    </p>
   </div>
   <div class='ocr_carea' id='block_1_68' title="bbox 246 3452 1898 3533">
    <p class='ocr_par' dir='ltr' id='par_1_68' title="bbox 246 3452 1898 3533">
     <span class='ocr_line' id='line_1_68' title="bbox 246 3452 1898 3533; baseline -0.005 -18"><span class='ocrx_word' id='word_1_443' title='bbox 246 3459 454 3515; x_wconf 66' lang='grc' dir='ltr'>τούτων</span> <span class='ocrx_word' id='word_1_444' title='bbox 494 3463 601 3515; x_wconf 88' lang='grc' dir='ltr'><strong>τῶν</strong></span> <span class='ocrx_word' id='word_1_445' title='bbox 633 3459 942 3533; x_wconf 76' lang='grc' dir='ltr'>λεχθέντων</span> <span class='ocrx_word' id='word_1_446' title='bbox 974 3457 1114 3518; x_wconf 68' lang='grc' dir='ltr'>τινες</span> <span class='ocrx_word' id='word_1_447' title='bbox 1148 3454 1330 3529; x_wconf 80' lang='grc' dir='ltr'>ἔχοιεν</span> <span class='ocrx_word' id='word_1_448' title='bbox 1363 3455 1511 3523; x_wconf 77' lang='grc' dir='ltr'>ἀξίας</span> <span class='ocrx_word' id='word_1_449' title='bbox 1539 3455 1635 3517; x_wconf 85' lang='grc' dir='ltr'><strong>τὰς</strong></span> <span class='ocrx_word' id='word_1_450' title='bbox 1657 3452 1741 3507; x_wconf 84' lang='grc' dir='ltr'><strong>διὸ</strong></span> <span class='ocrx_word' id='word_1_451' title='bbox 1768 3455 1898 3527; x_wconf 86' lang='grc' dir='ltr'>βρα-</span> 
     </span>
    </p>
   </div>
   <div class='ocr_carea' id='block_1_69' title="bbox 253 3541 1902 3622">
    <p class='ocr_par' dir='ltr' id='par_1_69' title="bbox 253 3541 1902 3622">
     <span class='ocr_line' id='line_1_69' title="bbox 253 3541 1902 3622; baseline -0.006 -18"><span class='ocrx_word' id='word_1_452' title='bbox 253 3545 403 3606; x_wconf 76' lang='grc' dir='ltr'>ϐεέου</span> <span class='ocrx_word' id='word_1_453' title='bbox 429 3544 735 3622; x_wconf 78' lang='grc' dir='ltr'>διδομένας,</span> <span class='ocrx_word' id='word_1_454' title='bbox 779 3543 999 3608; x_wconf 70' lang='grc' dir='ltr'>ἕκαστος</span> <span class='ocrx_word' id='word_1_455' title='bbox 1048 3545 1222 3600; x_wconf 81' lang='grc' dir='ltr'>αὐτῶν</span> <span class='ocrx_word' id='word_1_456' title='bbox 1267 3546 1336 3615; x_wconf 79' lang='grc' dir='ltr'>τῇ</span> <span class='ocrx_word' id='word_1_457' title='bbox 1385 3543 1506 3612; x_wconf 76' lang='grc' dir='ltr'>ἀξίᾳ</span> <span class='ocrx_word' id='word_1_458' title='bbox 1558 3545 1655 3596; x_wconf 71' lang='grc' dir='ltr'>τοῦ</span> <span class='ocrx_word' id='word_1_459' title='bbox 1704 3541 1902 3614; x_wconf 78' lang='grc' dir='ltr'>ὁμοτί-</span> 
     </span>
    </p>
   </div>
   <div class='ocr_carea' id='block_1_70' title="bbox 258 3628 1900 3714">
    <p class='ocr_par' dir='ltr' id='par_1_70' title="bbox 258 3628 1900 3714">
     <span class='ocr_line' id='line_1_70' title="bbox 258 3628 1900 3714; baseline -0.007 -20"><span class='ocrx_word' id='word_1_460' title='bbox 258 3661 364 3714; x_wconf 87' lang='grc' dir='ltr'><strong>μου</strong></span> <span class='ocrx_word' id='word_1_461' title='bbox 397 3640 486 3692; x_wconf 88' lang='grc' dir='ltr'>τὸν</span> <span class='ocrx_word' id='word_1_462' title='bbox 523 3637 730 3712; x_wconf 79' lang='grc' dir='ltr'>βαθμὸν</span> <span class='ocrx_word' id='word_1_463' title='bbox 757 3634 1138 3708; x_wconf 81' lang='grc' dir='ltr'>προτιμάσθω.</span> <span class='ocrx_word' id='word_1_464' title='bbox 1181 3633 1246 3688; x_wconf 90' lang='grc' dir='ltr'>Εἰ</span> <span class='ocrx_word' id='word_1_465' title='bbox 1286 3630 1344 3686; x_wconf 78' lang='grc' dir='ltr'><strong>δὲ</strong></span> <span class='ocrx_word' id='word_1_466' title='bbox 1387 3629 1617 3704; x_wconf 82' lang='grc' dir='ltr'>παγανοὶ</span> <span class='ocrx_word' id='word_1_467' title='bbox 1660 3628 1900 3696; x_wconf 80' lang='grc' dir='ltr'>πέλοιεν,</span> 
     </span>
    </p>
   </div>
   <div class='ocr_carea' id='block_1_71' title="bbox 253 3715 1900 3802">
    <p class='ocr_par' dir='ltr' id='par_1_71' title="bbox 253 3715 1900 3802">
     <span class='ocr_line' id='line_1_71' title="bbox 253 3715 1900 3802; baseline -0.008 -18"><span class='ocrx_word' id='word_1_468' title='bbox 253 3728 308 3785; x_wconf 76' lang='grc' dir='ltr'>ἒν</span> <span class='ocrx_word' id='word_1_469' title='bbox 354 3730 543 3802; x_wconf 78' lang='grc' dir='ltr'>μόνοις</span> <span class='ocrx_word' id='word_1_470' title='bbox 580 3731 698 3787; x_wconf 86' lang='grc' dir='ltr'>τοῖς</span> <span class='ocrx_word' id='word_1_471' title='bbox 748 3723 1026 3802; x_wconf 77' lang='grc' dir='ltr'>ὀφφικίοις</span> <span class='ocrx_word' id='word_1_472' title='bbox 1073 3722 1434 3794; x_wconf 81' lang='grc' dir='ltr'>τιμάσθωσαν</span> <span class='ocrx_word' id='word_1_473' title='bbox 1482 3720 1619 3774; x_wconf 74' lang='grc' dir='ltr'>κατὰ</span> <span class='ocrx_word' id='word_1_474' title='bbox 1644 3719 1744 3787; x_wconf 76' lang='grc' dir='ltr'>τὴν</span> <span class='ocrx_word' id='word_1_475' title='bbox 1791 3715 1900 3788; x_wconf 74' lang='grc' dir='ltr'><strong>ἤδη</strong></span> 
     </span>
    </p>
   </div>
   <div class='ocr_carea' id='block_1_72' title="bbox 254 3805 1905 3887">
    <p class='ocr_par' dir='ltr' id='par_1_72' title="bbox 254 3805 1905 3887">
     <span class='ocr_line' id='line_1_72' title="bbox 254 3805 1905 3887; baseline -0.008 -14"><span class='ocrx_word' id='word_1_476' title='bbox 254 3817 558 3881; x_wconf 77' lang='grc' dir='ltr'>ἐκτεθεῖσαν</span> <span class='ocrx_word' id='word_1_477' title='bbox 615 3814 764 3885; x_wconf 78' lang='grc' dir='ltr'>τάξιν</span> <span class='ocrx_word' id='word_1_478' title='bbox 831 3809 1332 3887; x_wconf 82' lang='grc' dir='ltr'>κλητωρευόμενοι.</span> <span class='ocrx_word' id='word_1_479' title='bbox 1406 3809 1472 3866; x_wconf 79' lang='lat' dir='ltr'><strong>O&#39;t</strong></span> <span class='ocrx_word' id='word_1_480' title='bbox 1527 3806 1584 3862; x_wconf 78' lang='grc' dir='ltr'><strong>δὲ</strong></span> <span class='ocrx_word' id='word_1_481' title='bbox 1636 3807 1684 3876; x_wconf 81' lang='grc' dir='ltr'><strong>ἐξ</strong></span> <span class='ocrx_word' id='word_1_482' title='bbox 1739 3805 1905 3870; x_wconf 75' lang='grc' dir='ltr'>ἐθνῶν</span> 
     </span>
    </p>
   </div>
   <div class='ocr_carea' id='block_1_73' title="bbox 251 3897 1905 3982">
    <p class='ocr_par' dir='ltr' id='par_1_73' title="bbox 251 3897 1905 3982">
     <span class='ocr_line' id='line_1_73' title="bbox 251 3897 1905 3982; baseline -0.007 -19"><span class='ocrx_word' id='word_1_483' title='bbox 251 3907 631 3982; x_wconf 70' lang='grc' dir='ltr'>εἴσερχόμενοι</span> <span class='ocrx_word' id='word_1_484' title='bbox 686 3899 939 3980; x_wconf 73' lang='grc' dir='ltr'>πρέσϐεις</span> <span class='ocrx_word' id='word_1_485' title='bbox 986 3903 1075 3957; x_wconf 80' lang='grc' dir='ltr'><strong>καὶ</strong></span> <span class='ocrx_word' id='word_1_486' title='bbox 1123 3907 1223 3971; x_wconf 82' lang='grc' dir='ltr'>τῆς</span> <span class='ocrx_word' id='word_1_487' title='bbox 1270 3898 1458 3974; x_wconf 75' lang='grc' dir='ltr'>τιμίας</span> <span class='ocrx_word' id='word_1_488' title='bbox 1520 3897 1905 3960; x_wconf 74' lang='grc' dir='ltr'>συνεστιάσεως</span> 
     </span>
    </p>
   </div>
   <div class='ocr_carea' id='block_1_74' title="bbox 248 3985 1905 4072">
    <p class='ocr_par' dir='ltr' id='par_1_74' title="bbox 248 3985 1905 4072">
     <span class='ocr_line' id='line_1_74' title="bbox 248 3985 1905 4072; baseline -0.007 -20"><span class='ocrx_word' id='word_1_489' title='bbox 248 4003 361 4052; x_wconf 88' lang='grc' dir='ltr'><strong>τῶν</strong></span> <span class='ocrx_word' id='word_1_490' title='bbox 418 3995 690 4072; x_wconf 86' lang='grc' dir='ltr'>βασιλέων</span> <span class='ocrx_word' id='word_1_491' title='bbox 748 3996 910 4064; x_wconf 80' lang='grc' dir='ltr'>ἡμῶν</span> <span class='ocrx_word' id='word_1_492' title='bbox 960 3991 1278 4064; x_wconf 74' lang='grc' dir='ltr'>ἀξιούμενοι</span> <span class='ocrx_word' id='word_1_493' title='bbox 1325 3987 1766 4060; x_wconf 76' lang='grc' dir='ltr'>κλητωρεύονται</span> <span class='ocrx_word' id='word_1_494' title='bbox 1813 3985 1905 4040; x_wconf 84' lang='grc' dir='ltr'>καὶ</span> 
     </span>
    </p>
   </div>
   <div class='ocr_carea' id='block_1_75' title="bbox 250 4075 1908 4156">
    <p class='ocr_par' dir='ltr' id='par_1_75' title="bbox 250 4075 1908 4156">
     <span class='ocr_line' id='line_1_75' title="bbox 250 4075 1908 4156; baseline -0.007 -15"><span class='ocrx_word' id='word_1_495' title='bbox 250 4085 406 4141; x_wconf 77' lang='grc' dir='ltr'>αὐτοὶ</span> <span class='ocrx_word' id='word_1_496' title='bbox 475 4081 672 4145; x_wconf 70' lang='grc' dir='ltr'>οὕτως.</span> <span class='ocrx_word' id='word_1_497' title='bbox 742 4083 833 4156; x_wconf 78' lang='grc' dir='ltr'><strong>[Οἱ</strong></span> <span class='ocrx_word' id='word_1_498' title='bbox 923 4080 1030 4136; x_wconf 83' lang='grc' dir='ltr'><strong>ἀπὸ</strong></span> <span class='ocrx_word' id='word_1_499' title='bbox 1111 4081 1334 4152; x_wconf 84' lang='grc' dir='ltr'>Ῥώμης</span> <span class='ocrx_word' id='word_1_500' title='bbox 1423 4079 1534 4150; x_wconf 88' lang='grc'><strong>(30)</strong></span> <span class='ocrx_word' id='word_1_501' title='bbox 1618 4075 1908 4131; x_wconf 79' lang='grc' dir='ltr'>ἐπίσκοποι</span> 
     </span>
    </p>
   </div>
   <div class='ocr_carea' id='block_1_76' title="bbox 249 4165 1904 4250">
    <p class='ocr_par' dir='ltr' id='par_1_76' title="bbox 249 4165 1904 4250">
     <span class='ocr_line' id='line_1_76' title="bbox 249 4165 1904 4250; baseline -0.008 -19"><span class='ocrx_word' id='word_1_502' title='bbox 249 4175 647 4250; x_wconf 67' lang='grc' dir='ltr'>προεκρίθησαν</span> <span class='ocrx_word' id='word_1_503' title='bbox 685 4178 794 4227; x_wconf 85' lang='grc' dir='ltr'><strong>τῶν</strong></span> <span class='ocrx_word' id='word_1_504' title='bbox 844 4173 959 4226; x_wconf 84' lang='grc' dir='ltr'>καθ’</span> <span class='ocrx_word' id='word_1_505' title='bbox 991 4172 1138 4242; x_wconf 76' lang='grc' dir='ltr'>ἡμᾶς</span> <span class='ocrx_word' id='word_1_506' title='bbox 1185 4167 1496 4223; x_wconf 75' lang='grc' dir='ltr'>ἓπισκὸπων</span> <span class='ocrx_word' id='word_1_507' title='bbox 1548 4167 1640 4240; x_wconf 72' lang='grc'><strong>⁹⁴.]</strong></span> <span class='ocrx_word' id='word_1_508' title='bbox 1690 4166 1757 4224; x_wconf 83' lang='lat' dir='ltr'><strong>O&#39;t</strong></span> <span class='ocrx_word' id='word_1_509' title='bbox 1810 4165 1904 4238; x_wconf 77' lang='grc' dir='ltr'><strong>μὶν</strong></span> 
     </span>
    </p>
   </div>
   <div class='ocr_carea' id='block_1_77' title="bbox 251 4256 1908 4338">
    <p class='ocr_par' dir='ltr' id='par_1_77' title="bbox 251 4256 1908 4338">
     <span class='ocr_line' id='line_1_77' title="bbox 251 4256 1908 4338; baseline -0.008 -17"><span class='ocrx_word' id='word_1_510' title='bbox 251 4266 360 4321; x_wconf 85' lang='grc' dir='ltr'><strong>ἀπὸ</strong></span> <span class='ocrx_word' id='word_1_511' title='bbox 387 4265 611 4338; x_wconf 85' lang='grc' dir='ltr'>Ῥώμης</span> <span class='ocrx_word' id='word_1_512' title='bbox 662 4261 976 4337; x_wconf 80' lang='grc' dir='ltr'>ἐρχόμενοι,</span> <span class='ocrx_word' id='word_1_513' title='bbox 1029 4258 1118 4314; x_wconf 70' lang='grc' dir='ltr'><strong>ἐάν</strong></span> <span class='ocrx_word' id='word_1_514' title='bbox 1165 4257 1298 4313; x_wconf 79' lang='grc' dir='ltr'>εἶ’σιν</span> <span class='ocrx_word' id='word_1_515' title='bbox 1358 4256 1666 4326; x_wconf 81' lang='grc' dir='ltr'>ἐπίσκοποι,</span> <span class='ocrx_word' id='word_1_516' title='bbox 1711 4269 1908 4330; x_wconf 85' lang='grc' dir='ltr'>προτι-</span> 
     </span>
    </p>
   </div>
   <div class='ocr_carea' id='block_1_78' title="bbox 257 4347 1901 4434">
    <p class='ocr_par' dir='ltr' id='par_1_78' title="bbox 257 4347 1901 4434">
     <span class='ocr_line' id='line_1_78' title="bbox 257 4347 1901 4434; baseline -0.006 -20"><span class='ocrx_word' id='word_1_517' title='bbox 257 4363 465 4434; x_wconf 85' lang='grc' dir='ltr'>μῶνται</span> <span class='ocrx_word' id='word_1_518' title='bbox 524 4362 634 4413; x_wconf 88' lang='grc' dir='ltr'><strong>τῶν</strong></span> <span class='ocrx_word' id='word_1_519' title='bbox 705 4354 1017 4411; x_wconf 86' lang='grc' dir='ltr'>ἐπισκόπων</span> <span class='ocrx_word' id='word_1_520' title='bbox 1075 4360 1176 4422; x_wconf 82' lang='grc' dir='ltr'><strong>τῆς</strong></span> <span class='ocrx_word' id='word_1_521' title='bbox 1222 4353 1340 4416; x_wconf 85' lang='grc' dir='ltr'>καθ’</span> <span class='ocrx_word' id='word_1_522' title='bbox 1388 4353 1536 4424; x_wconf 80' lang='grc' dir='ltr'>ἡμᾶς</span> <span class='ocrx_word' id='word_1_523' title='bbox 1584 4347 1901 4420; x_wconf 74' lang='grc' dir='ltr'>ἐκκλησίας.</span> 
     </span>
    </p>
   </div>
   <div class='ocr_carea' id='block_1_79' title="bbox 251 4438 1909 4520">
    <p class='ocr_par' dir='ltr' id='par_1_79' title="bbox 251 4438 1909 4520">
     <span class='ocr_line' id='line_1_79' title="bbox 251 4438 1909 4520; baseline -0.006 -17"><span class='ocrx_word' id='word_1_524' title='bbox 251 4448 300 4503; x_wconf 76' lang='grc' dir='ltr'><strong>εἰ</strong></span> <span class='ocrx_word' id='word_1_525' title='bbox 369 4445 427 4502; x_wconf 68' lang='grc' dir='ltr'><strong>δὲ</strong></span> <span class='ocrx_word' id='word_1_526' title='bbox 490 4441 854 4520; x_wconf 79' lang='grc' dir='ltr'>πρεσϐύτεροι</span> <span class='ocrx_word' id='word_1_527' title='bbox 948 4444 1071 4514; x_wconf 76' lang='grc' dir='ltr'>εἶεν,</span> <span class='ocrx_word' id='word_1_528' title='bbox 1157 4441 1415 4502; x_wconf 74' lang='grc' dir='ltr'>ὡσαύτως</span> <span class='ocrx_word' id='word_1_529' title='bbox 1502 4438 1909 4514; x_wconf 80' lang='grc' dir='ltr'>προκρίνονται.</span> 
     </span>
    </p>
   </div>
   <div class='ocr_carea' id='block_1_80' title="bbox 246 4527 1910 4608">
    <p class='ocr_par' dir='ltr' id='par_1_80' title="bbox 246 4527 1910 4608">
     <span class='ocr_line' id='line_1_80' title="bbox 246 4527 1910 4608; baseline -0.006 -18"><span class='ocrx_word' id='word_1_530' title='bbox 246 4535 498 4607; x_wconf 77' lang='grc' dir='ltr'>Ὁμοίως</span> <span class='ocrx_word' id='word_1_531' title='bbox 544 4536 634 4588; x_wconf 84' lang='grc' dir='ltr'><strong>καὶ</strong></span> <span class='ocrx_word' id='word_1_532' title='bbox 686 4532 736 4587; x_wconf 77' lang='grc' dir='ltr'><strong>ἕν</strong></span> <span class='ocrx_word' id='word_1_533' title='bbox 789 4528 1009 4587; x_wconf 75' lang='grc' dir='ltr'>ἕκαστον</span> <span class='ocrx_word' id='word_1_534' title='bbox 1067 4532 1248 4608; x_wconf 82' lang='grc' dir='ltr'>τάγμα</span> <span class='ocrx_word' id='word_1_535' title='bbox 1294 4537 1393 4599; x_wconf 79' lang='grc' dir='ltr'>τῆς</span> <span class='ocrx_word' id='word_1_536' title='bbox 1450 4527 1754 4603; x_wconf 76' lang='grc' dir='ltr'>ἱερωσύνης</span> <span class='ocrx_word' id='word_1_537' title='bbox 1808 4529 1910 4597; x_wconf 74' lang='grc' dir='ltr'>τὴν</span> 
     </span>
    </p>
   </div>
   <div class='ocr_carea' id='block_1_81' title="bbox 249 4614 1907 4699">
    <p class='ocr_par' dir='ltr' id='par_1_81' title="bbox 249 4614 1907 4699">
     <span class='ocr_line' id='line_1_81' title="bbox 249 4614 1907 4699; baseline -0.005 -20"><span class='ocrx_word' id='word_1_538' title='bbox 249 4623 596 4699; x_wconf 81' lang='grc' dir='ltr'>προτίμησιν</span> <span class='ocrx_word' id='word_1_539' title='bbox 672 4617 999 4695; x_wconf 75' lang='grc' dir='ltr'>ἀναδέχεται</span> <span class='ocrx_word' id='word_1_540' title='bbox 1074 4621 1212 4675; x_wconf 79' lang='grc' dir='ltr'>κατὰ</span> <span class='ocrx_word' id='word_1_541' title='bbox 1283 4621 1382 4688; x_wconf 71' lang='grc' dir='ltr'>τήν</span> <span class='ocrx_word' id='word_1_542' title='bbox 1459 4614 1721 4692; x_wconf 82' lang='grc' dir='ltr'>καθέδραν</span> <span class='ocrx_word' id='word_1_543' title='bbox 1807 4617 1907 4685; x_wconf 79' lang='grc' dir='ltr'>τήν</span> 
     </span>
    </p>
   </div>
   <div class='ocr_carea' id='block_1_82' title="bbox 2012 3460 3650 3535">
    <p class='ocr_par' dir='ltr' id='par_1_82' title="bbox 2012 3460 3650 3535">
     <span class='ocr_line' id='line_1_82' title="bbox 2012 3460 3650 3535; baseline 0.005 -25"><span class='ocrx_word' id='word_1_544' title='bbox 2012 3471 2233 3519; x_wconf 88' lang='lat' dir='ltr'><strong>earum,</strong></span> <span class='ocrx_word' id='word_1_545' title='bbox 2268 3475 2393 3528; x_wconf 72' lang='lat' dir='ltr'><strong>qum</strong></span> <span class='ocrx_word' id='word_1_546' title='bbox 2425 3475 2558 3513; x_wconf 91' lang='lat' dir='ltr'><strong>cum</strong></span> <span class='ocrx_word' id='word_1_547' title='bbox 2592 3460 2822 3515; x_wconf 90' lang='lat' dir='ltr'><strong>brabeis</strong></span> <span class='ocrx_word' id='word_1_548' title='bbox 2863 3461 2988 3516; x_wconf 89' lang='lat' dir='ltr'><strong>dari</strong></span> <span class='ocrx_word' id='word_1_549' title='bbox 3038 3463 3246 3530; x_wconf 87' lang='lat' dir='ltr'><strong>solent,</strong></span> <span class='ocrx_word' id='word_1_550' title='bbox 3275 3463 3372 3520; x_wconf 89' lang='lat' dir='ltr'><strong>ille</strong></span> <span class='ocrx_word' id='word_1_551' title='bbox 3403 3465 3650 3535; x_wconf 87' lang='lat' dir='ltr'><strong>gradum</strong></span> 
     </span>
    </p>
   </div>
   <div class='ocr_carea' id='block_1_83' title="bbox 2013 3543 3652 3618">
    <p class='ocr_par' dir='ltr' id='par_1_83' title="bbox 2013 3543 3652 3618">
     <span class='ocr_line' id='line_1_83' title="bbox 2013 3543 3652 3618; baseline 0.006 -22"><span class='ocrx_word' id='word_1_552' title='bbox 2013 3559 2128 3613; x_wconf 63' lang='lat' dir='ltr'><strong>prae</strong></span> <span class='ocrx_word' id='word_1_553' title='bbox 2163 3543 2380 3612; x_wconf 81' lang='lat' dir='ltr'><strong>collega</strong></span> <span class='ocrx_word' id='word_1_554' title='bbox 2410 3561 2516 3599; x_wconf 88' lang='lat' dir='ltr'><strong>suo</strong></span> <span class='ocrx_word' id='word_1_555' title='bbox 2540 3545 2870 3615; x_wconf 86' lang='lat' dir='ltr'><strong>insignibus</strong></span> <span class='ocrx_word' id='word_1_556' title='bbox 2893 3563 3008 3600; x_wconf 91' lang='lat' dir='ltr'><strong>non</strong></span> <span class='ocrx_word' id='word_1_557' title='bbox 3033 3549 3171 3602; x_wconf 88' lang='lat' dir='ltr'><strong>item</strong></span> <span class='ocrx_word' id='word_1_558' title='bbox 3204 3555 3406 3605; x_wconf 90' lang='lat' dir='ltr'><strong>ornato</strong></span> <span class='ocrx_word' id='word_1_559' title='bbox 3437 3551 3652 3618; x_wconf 87' lang='lat' dir='ltr'><strong>habet;</strong></span> 
     </span>
    </p>
   </div>
   <div class='ocr_carea' id='block_1_84' title="bbox 2012 3630 3658 3709">
    <p class='ocr_par' dir='ltr' id='par_1_84' title="bbox 2012 3630 3658 3709">
     <span class='ocr_line' id='line_1_84' title="bbox 2012 3630 3658 3709; baseline 0.005 -24"><span class='ocrx_word' id='word_1_560' title='bbox 2012 3630 2060 3686; x_wconf 85' lang='lat' dir='ltr'><strong>si</strong></span> <span class='ocrx_word' id='word_1_561' title='bbox 2091 3646 2222 3686; x_wconf 91' lang='lat' dir='ltr'><strong>vero</strong></span> <span class='ocrx_word' id='word_1_562' title='bbox 2254 3631 2465 3703; x_wconf 87' lang='lat' dir='ltr'><strong>pagani</strong></span> <span class='ocrx_word' id='word_1_563' title='bbox 2497 3633 2615 3686; x_wconf 88' lang='lat' dir='ltr'><strong>sint</strong></span> <span class='ocrx_word' id='word_1_564' title='bbox 2645 3633 2924 3700; x_wconf 89' lang='lat' dir='ltr'><strong>[muneris</strong></span> <span class='ocrx_word' id='word_1_565' title='bbox 2954 3633 3120 3690; x_wconf 88' lang='lat' dir='ltr'><strong>titulo</strong></span> <span class='ocrx_word' id='word_1_566' title='bbox 3158 3639 3388 3692; x_wconf 89' lang='lat' dir='ltr'><strong>tantum</strong></span> <span class='ocrx_word' id='word_1_567' title='bbox 3418 3639 3658 3709; x_wconf 90' lang='lat' dir='ltr'><strong>conspi-</strong></span> 
     </span>
    </p>
   </div>
   <div class='ocr_carea' id='block_1_85' title="bbox 2014 3719 3655 3792">
    <p class='ocr_par' dir='ltr' id='par_1_85' title="bbox 2014 3719 3655 3792">
     <span class='ocr_line' id='line_1_85' title="bbox 2014 3719 3655 3792; baseline 0.005 -18"><span class='ocrx_word' id='word_1_568' title='bbox 2014 3719 2357 3790; x_wconf 88' lang='lat' dir='ltr'><strong>cui,absque</strong></span> <span class='ocrx_word' id='word_1_569' title='bbox 2387 3719 2729 3792; x_wconf 89' lang='lat' dir='ltr'><strong>functione,]</strong></span> <span class='ocrx_word' id='word_1_570' title='bbox 2752 3723 2978 3776; x_wconf 89' lang='lat' dir='ltr'><strong>tantum</strong></span> <span class='ocrx_word' id='word_1_571' title='bbox 3011 3721 3072 3777; x_wconf 91' lang='lat' dir='ltr'><strong>in</strong></span> <span class='ocrx_word' id='word_1_572' title='bbox 3094 3723 3302 3778; x_wconf 81' lang='lat' dir='ltr'><strong>ofﬁciis</strong></span> <span class='ocrx_word' id='word_1_573' title='bbox 3331 3726 3655 3782; x_wconf 90' lang='lat' dir='ltr'><strong>secundum</strong></span> 
     </span>
    </p>
   </div>
   <div class='ocr_carea' id='block_1_86' title="bbox 2014 3798 3654 3882">
    <p class='ocr_par' dir='ltr' id='par_1_86' title="bbox 2014 3798 3654 3882">
     <span class='ocr_line' id='line_1_86' title="bbox 2014 3798 3654 3882; baseline 0.004 -19"><span class='ocrx_word' id='word_1_574' title='bbox 2014 3807 2278 3863; x_wconf 90' lang='lat' dir='ltr'><strong>ordinem</strong></span> <span class='ocrx_word' id='word_1_575' title='bbox 2299 3808 2425 3878; x_wconf 91' lang='lat' dir='ltr'><strong>jam</strong></span> <span class='ocrx_word' id='word_1_576' title='bbox 2473 3798 2802 3880; x_wconf 88' lang='lat' dir='ltr'><strong>expositum</strong></span> <span class='ocrx_word' id='word_1_577' title='bbox 2854 3816 3184 3868; x_wconf 86' lang='lat' dir='ltr'><strong>evocantur.</strong></span> <span class='ocrx_word' id='word_1_578' title='bbox 3221 3812 3415 3882; x_wconf 82' lang='lat' dir='ltr'><strong>Legati</strong></span> <span class='ocrx_word' id='word_1_579' title='bbox 3463 3821 3654 3869; x_wconf 88' lang='lat' dir='ltr'><strong>autem</strong></span> 
     </span>
    </p>
   </div>
   <div class='ocr_carea' id='block_1_87' title="bbox 2019 3897 3660 3971">
    <p class='ocr_par' dir='ltr' id='par_1_87' title="bbox 2019 3897 3660 3971">
     <span class='ocr_line' id='line_1_87' title="bbox 2019 3897 3660 3971; baseline 0.004 -18"><span class='ocrx_word' id='word_1_580' title='bbox 2019 3897 2456 3971; x_wconf 88' lang='lat' dir='ltr'><strong>peregrinarum</strong></span> <span class='ocrx_word' id='word_1_581' title='bbox 2487 3898 2775 3970; x_wconf 88' lang='lat' dir='ltr'><strong>gentium,</strong></span> <span class='ocrx_word' id='word_1_582' title='bbox 2809 3899 2868 3954; x_wconf 91' lang='lat' dir='ltr'><strong>in</strong></span> <span class='ocrx_word' id='word_1_583' title='bbox 2912 3899 3104 3955; x_wconf 84' lang='lat' dir='ltr'><strong>aulam</strong></span> <span class='ocrx_word' id='word_1_584' title='bbox 3135 3900 3311 3957; x_wconf 85' lang='lat' dir='ltr'><strong>delati</strong></span> <span class='ocrx_word' id='word_1_585' title='bbox 3340 3909 3392 3958; x_wconf 91' lang='lat' dir='ltr'><strong>et</strong></span> <span class='ocrx_word' id='word_1_586' title='bbox 3440 3901 3660 3959; x_wconf 87' lang='lat' dir='ltr'><strong>honore</strong></span> 
     </span>
    </p>
   </div>
   <div class='ocr_carea' id='block_1_88' title="bbox 2017 3986 3659 4062">
    <p class='ocr_par' dir='ltr' id='par_1_88' title="bbox 2017 3986 3659 4062">
     <span class='ocr_line' id='line_1_88' title="bbox 2017 3986 3659 4062; baseline 0.002 -19"><span class='ocrx_word' id='word_1_587' title='bbox 2017 3988 2088 4044; x_wconf 91' lang='lat' dir='ltr'><strong>de</strong></span> <span class='ocrx_word' id='word_1_588' title='bbox 2119 3986 2478 4042; x_wconf 88' lang='lat' dir='ltr'><strong>dominorum</strong></span> <span class='ocrx_word' id='word_1_589' title='bbox 2502 3991 2838 4042; x_wconf 89' lang='lat' dir='ltr'><strong>nostrorum</strong></span> <span class='ocrx_word' id='word_1_590' title='bbox 2861 3987 3050 4059; x_wconf 88' lang='lat' dir='ltr'><strong>epulis</strong></span> <span class='ocrx_word' id='word_1_591' title='bbox 3077 3989 3460 4060; x_wconf 89' lang='lat' dir='ltr'><strong>participandi</strong></span> <span class='ocrx_word' id='word_1_592' title='bbox 3492 3990 3659 4062; x_wconf 89' lang='lat' dir='ltr'><strong>digni</strong></span> 
     </span>
    </p>
   </div>
   <div class='ocr_carea' id='block_1_89' title="bbox 2015 4077 3658 4152">
    <p class='ocr_par' dir='ltr' id='par_1_89' title="bbox 2015 4077 3658 4152">
     <span class='ocr_line' id='line_1_89' title="bbox 2015 4077 3658 4152; baseline 0 -18"><span class='ocrx_word' id='word_1_593' title='bbox 2015 4078 2222 4147; x_wconf 89' lang='lat' dir='ltr'><strong>habiti,</strong></span> <span class='ocrx_word' id='word_1_594' title='bbox 2253 4082 2564 4134; x_wconf 87' lang='lat' dir='ltr'><strong>evocantur</strong></span> <span class='ocrx_word' id='word_1_595' title='bbox 2613 4077 2671 4132; x_wconf 90' lang='lat' dir='ltr'><strong>in</strong></span> <span class='ocrx_word' id='word_1_596' title='bbox 2705 4077 2858 4134; x_wconf 91' lang='lat' dir='ltr'><strong>hunc</strong></span> <span class='ocrx_word' id='word_1_597' title='bbox 2909 4079 3168 4134; x_wconf 87' lang='lat' dir='ltr'><strong>modum.</strong></span> <span class='ocrx_word' id='word_1_598' title='bbox 3205 4080 3494 4152; x_wconf 89' lang='lat' dir='ltr'><strong>[Episcopi</strong></span> <span class='ocrx_word' id='word_1_599' title='bbox 3543 4081 3658 4136; x_wconf 86' lang='lat' dir='ltr'><strong>Ro-</strong></span> 
     </span>
    </p>
   </div>
   <div class='ocr_carea' id='block_1_90' title="bbox 2017 4166 3657 4240">
    <p class='ocr_par' dir='ltr' id='par_1_90' title="bbox 2017 4166 3657 4240">
     <span class='ocr_line' id='line_1_90' title="bbox 2017 4166 3657 4240; baseline -0.001 -16"><span class='ocrx_word' id='word_1_600' title='bbox 2017 4169 2180 4224; x_wconf 89' lang='lat' dir='ltr'><strong>mani</strong></span> <span class='ocrx_word' id='word_1_601' title='bbox 2228 4166 2516 4239; x_wconf 83' lang='lat' dir='ltr'><strong>episcOpis</strong></span> <span class='ocrx_word' id='word_1_602' title='bbox 2557 4167 2775 4223; x_wconf 90' lang='lat' dir='ltr'><strong>nostris</strong></span> <span class='ocrx_word' id='word_1_603' title='bbox 2819 4166 3349 4240; x_wconf 53' lang='lat' dir='ltr'><strong>prashabebanturj</strong></span> <span class='ocrx_word' id='word_1_604' title='bbox 3396 4167 3657 4240; x_wconf 85' lang='lat' dir='ltr'><strong>EpiscOpi</strong></span> 
     </span>
    </p>
   </div>
   <div class='ocr_carea' id='block_1_91' title="bbox 2018 4255 3659 4328">
    <p class='ocr_par' dir='ltr' id='par_1_91' title="bbox 2018 4255 3659 4328">
     <span class='ocr_line' id='line_1_91' title="bbox 2018 4255 3659 4328; baseline -0.001 -15"><span class='ocrx_word' id='word_1_605' title='bbox 2018 4257 2214 4313; x_wconf 61' lang='lat' dir='ltr'><strong>Romae</strong></span> <span class='ocrx_word' id='word_1_606' title='bbox 2247 4255 2293 4310; x_wconf 91' lang='lat' dir='ltr'><strong>si</strong></span> <span class='ocrx_word' id='word_1_607' title='bbox 2324 4257 2423 4328; x_wconf 90' lang='lat' dir='ltr'><strong>qui</strong></span> <span class='ocrx_word' id='word_1_608' title='bbox 2457 4256 2524 4311; x_wconf 93' lang='lat' dir='ltr'><strong>ad</strong></span> <span class='ocrx_word' id='word_1_609' title='bbox 2571 4272 2678 4311; x_wconf 92' lang='lat' dir='ltr'><strong>nos</strong></span> <span class='ocrx_word' id='word_1_610' title='bbox 2705 4256 2970 4324; x_wconf 86' lang='lat' dir='ltr'><strong>veniunt,</strong></span> <span class='ocrx_word' id='word_1_611' title='bbox 3006 4256 3415 4328; x_wconf 78' lang='lat' dir='ltr'><strong>przehabentur</strong></span> <span class='ocrx_word' id='word_1_612' title='bbox 3445 4255 3659 4312; x_wconf 86' lang='lat' dir='ltr'><strong>nostris</strong></span> 
     </span>
    </p>
   </div>
   <div class='ocr_carea' id='block_1_92' title="bbox 2016 4344 3658 4418">
    <p class='ocr_par' dir='ltr' id='par_1_92' title="bbox 2016 4344 3658 4418">
     <span class='ocr_line' id='line_1_92' title="bbox 2016 4344 3658 4418; baseline -0.002 -15"><span class='ocrx_word' id='word_1_613' title='bbox 2016 4344 2329 4418; x_wconf 85' lang='lat' dir='ltr'><strong>episcOpis.</strong></span> <span class='ocrx_word' id='word_1_614' title='bbox 2361 4345 2488 4400; x_wconf 89' lang='lat' dir='ltr'><strong>Pari</strong></span> <span class='ocrx_word' id='word_1_615' title='bbox 2522 4345 2694 4400; x_wconf 88' lang='lat' dir='ltr'><strong>modo</strong></span> <span class='ocrx_word' id='word_1_616' title='bbox 2722 4344 3063 4416; x_wconf 76' lang='lat' dir='ltr'><strong>presbyteri,</strong></span> <span class='ocrx_word' id='word_1_617' title='bbox 3107 4349 3164 4400; x_wconf 88' lang='lat' dir='ltr'><strong>et</strong></span> <span class='ocrx_word' id='word_1_618' title='bbox 3211 4345 3272 4400; x_wconf 90' lang='lat' dir='ltr'><strong>in</strong></span> <span class='ocrx_word' id='word_1_619' title='bbox 3324 4345 3658 4401; x_wconf 82' lang='lat' dir='ltr'><strong>universum</strong></span> 
     </span>
    </p>
   </div>
   <div class='ocr_carea' id='block_1_93' title="bbox 2017 4432 3658 4504">
    <p class='ocr_par' dir='ltr' id='par_1_93' title="bbox 2017 4432 3658 4504">
     <span class='ocr_line' id='line_1_93' title="bbox 2017 4432 3658 4504; baseline -0.001 -13"><span class='ocrx_word' id='word_1_620' title='bbox 2017 4435 2211 4491; x_wconf 90' lang='lat' dir='ltr'><strong>omnis</strong></span> <span class='ocrx_word' id='word_1_621' title='bbox 2243 4435 2385 4489; x_wconf 91' lang='lat' dir='ltr'><strong>ordo</strong></span> <span class='ocrx_word' id='word_1_622' title='bbox 2415 4432 2848 4489; x_wconf 79' lang='lat' dir='ltr'><strong>ecclesiasticus</strong></span> <span class='ocrx_word' id='word_1_623' title='bbox 2878 4433 3174 4490; x_wconf 83' lang='lat' dir='ltr'><strong>Romanus</strong></span> <span class='ocrx_word' id='word_1_624' title='bbox 3216 4434 3393 4490; x_wconf 89' lang='lat' dir='ltr'><strong>habet</strong></span> <span class='ocrx_word' id='word_1_625' title='bbox 3415 4435 3658 4504; x_wconf 85' lang='lat' dir='ltr'><strong>gradum</strong></span> 
     </span>
    </p>
   </div>
   <div class='ocr_carea' id='block_1_94' title="bbox 2018 4523 3661 4598">
    <p class='ocr_par' dir='ltr' id='par_1_94' title="bbox 2018 4523 3661 4598">
     <span class='ocr_line' id='line_1_94' title="bbox 2018 4523 3661 4598; baseline 0 -19"><span class='ocrx_word' id='word_1_626' title='bbox 2018 4542 2130 4598; x_wconf 76' lang='lat' dir='ltr'><strong>prae</strong></span> <span class='ocrx_word' id='word_1_627' title='bbox 2165 4528 2363 4579; x_wconf 89' lang='lat' dir='ltr'><strong>nostro</strong></span> <span class='ocrx_word' id='word_1_628' title='bbox 2386 4524 2713 4578; x_wconf 83' lang='lat' dir='ltr'><strong>secundum</strong></span> <span class='ocrx_word' id='word_1_629' title='bbox 2739 4523 2908 4578; x_wconf 88' lang='lat' dir='ltr'><strong>illum</strong></span> <span class='ocrx_word' id='word_1_630' title='bbox 2932 4524 3174 4580; x_wconf 87' lang='lat' dir='ltr'><strong>sedendi</strong></span> <span class='ocrx_word' id='word_1_631' title='bbox 3195 4523 3661 4595; x_wconf 88' lang='lat' dir='ltr'><strong>ordinem,quem</strong></span> 
     </span>
    </p>
   </div>
   <div class='ocr_carea' id='block_1_95' title="bbox 2018 4613 3660 4685">
    <p class='ocr_par' dir='ltr' id='par_1_95' title="bbox 2018 4613 3660 4685">
     <span class='ocr_line' id='line_1_95' title="bbox 2018 4613 3660 4685; baseline -0.002 -14"><span class='ocrx_word' id='word_1_632' title='bbox 2018 4615 2288 4685; x_wconf 85' lang='lat' dir='ltr'><strong>superius</strong></span> <span class='ocrx_word' id='word_1_633' title='bbox 2318 4613 2688 4670; x_wconf 90' lang='lat' dir='ltr'><strong>tradidimus.</strong></span> <span class='ocrx_word' id='word_1_634' title='bbox 2723 4613 2784 4668; x_wconf 93' lang='lat' dir='ltr'><strong>Id</strong></span> <span class='ocrx_word' id='word_1_635' title='bbox 2835 4613 2987 4668; x_wconf 89' lang='lat' dir='ltr'><strong>idem</strong></span> <span class='ocrx_word' id='word_1_636' title='bbox 3028 4629 3261 4684; x_wconf 85' lang='lat' dir='ltr'><strong>quoque</strong></span> <span class='ocrx_word' id='word_1_637' title='bbox 3293 4619 3560 4670; x_wconf 88' lang='lat' dir='ltr'><strong>teneatur</strong></span> <span class='ocrx_word' id='word_1_638' title='bbox 3588 4613 3660 4668; x_wconf 87' lang='lat' dir='ltr'><strong>de</strong></span> 
     </span>
    </p>
   </div>
   <div class='ocr_carea' id='block_1_96' title="bbox 251 4701 1905 4786">
    <p class='ocr_par' dir='ltr' id='par_1_96' title="bbox 251 4703 1905 4786">
     <span class='ocr_line' id='line_1_96' title="bbox 251 4703 1905 4786; baseline -0.006 -18"><span class='ocrx_word' id='word_1_639' title='bbox 251 4713 540 4786; x_wconf 83' lang='grc' dir='ltr'>ἀνωτέρως</span> <span class='ocrx_word' id='word_1_640' title='bbox 592 4711 869 4785; x_wconf 81' lang='grc' dir='ltr'>ῥηθεισαν.</span> <span class='ocrx_word' id='word_1_641' title='bbox 921 4709 1000 4764; x_wconf 81' lang='grc' dir='ltr'><strong>Τὸ</strong></span> <span class='ocrx_word' id='word_1_642' title='bbox 1049 4708 1180 4763; x_wconf 78' lang='grc' dir='ltr'>αὐτὸ</span> <span class='ocrx_word' id='word_1_643' title='bbox 1230 4705 1288 4763; x_wconf 75' lang='grc' dir='ltr'><strong>δὲ</strong></span> <span class='ocrx_word' id='word_1_644' title='bbox 1335 4707 1634 4782; x_wconf 82' lang='grc' dir='ltr'>κρατείσθω</span> <span class='ocrx_word' id='word_1_645' title='bbox 1687 4706 1776 4760; x_wconf 84' lang='grc' dir='ltr'><strong>καὶ</strong></span> <span class='ocrx_word' id='word_1_646' title='bbox 1825 4703 1905 4759; x_wconf 71' lang='grc' dir='ltr'>ἐπὶ</span> 
     </span>
    </p>
   </div>
   <div class='ocr_carea' id='block_1_97' title="bbox 2014 4701 3664 4786">
    <p class='ocr_par' dir='ltr' id='par_1_97' title="bbox 2022 4701 3664 4773">
     <span class='ocr_line' id='line_1_97' title="bbox 2022 4701 3664 4773; baseline -0.002 -15"><span class='ocrx_word' id='word_1_647' title='bbox 2022 4704 2212 4758; x_wconf 85' lang='lat' dir='ltr'><strong>tribus</strong></span> <span class='ocrx_word' id='word_1_648' title='bbox 2243 4718 2344 4773; x_wconf 89' lang='lat' dir='ltr'><strong>per</strong></span> <span class='ocrx_word' id='word_1_649' title='bbox 2373 4701 2668 4757; x_wconf 88' lang='lat' dir='ltr'><strong>Orientem</strong></span> <span class='ocrx_word' id='word_1_650' title='bbox 2700 4701 3530 4771; x_wconf 89' lang='lat' dir='ltr'><strong>patriarchis.Collocabantur</strong></span> <span class='ocrx_word' id='word_1_651' title='bbox 3558 4717 3664 4756; x_wconf 87' lang='lat' dir='ltr'><strong>au-</strong></span> 
     </span>
    </p>
   </div>
   <div class='ocr_carea' id='block_1_98' title="bbox 250 4793 1909 4874">
    <p class='ocr_par' dir='ltr' id='par_1_98' title="bbox 250 4793 1909 4874">
     <span class='ocr_line' id='line_1_98' title="bbox 250 4793 1909 4874; baseline -0.006 -18"><span class='ocrx_word' id='word_1_652' title='bbox 250 4805 366 4856; x_wconf 88' lang='grc' dir='ltr'><strong>τῶν</strong></span> <span class='ocrx_word' id='word_1_653' title='bbox 400 4799 453 4855; x_wconf 84' lang='grc' dir='ltr'>ἐν</span> <span class='ocrx_word' id='word_1_654' title='bbox 488 4801 622 4874; x_wconf 79' lang='grc' dir='ltr'><strong>Ἀτῇ</strong></span> <span class='ocrx_word' id='word_1_655' title='bbox 653 4797 860 4872; x_wconf 86' lang='grc' dir='ltr'>νατολῇ</span> <span class='ocrx_word' id='word_1_656' title='bbox 903 4793 1075 4852; x_wconf 75' lang='grc' dir='ltr'>ὄντων</span> <span class='ocrx_word' id='word_1_657' title='bbox 1121 4797 1288 4871; x_wconf 79' lang='grc' dir='ltr'>τριῶν</span> <span class='ocrx_word' id='word_1_658' title='bbox 1335 4801 1711 4872; x_wconf 86' lang='grc' dir='ltr'>πατριαρχῶν.</span> <span class='ocrx_word' id='word_1_659' title='bbox 1763 4795 1909 4850; x_wconf 86' lang='grc' dir='ltr'>Ἐτι-</span> 
     </span>
    </p>
   </div>
   <div class='ocr_carea' id='block_1_99' title="bbox 258 4882 1908 4966">
    <p class='ocr_par' dir='ltr' id='par_1_99' title="bbox 258 4882 1908 4966">
     <span class='ocr_line' id='line_1_99' title="bbox 258 4882 1908 4966; baseline -0.005 -21"><span class='ocrx_word' id='word_1_660' title='bbox 258 4892 513 4966; x_wconf 72' lang='grc' dir='ltr'>μήθησαν</span> <span class='ocrx_word' id='word_1_661' title='bbox 557 4887 614 4946; x_wconf 70' lang='grc' dir='ltr'><strong>δὲ</strong></span> <span class='ocrx_word' id='word_1_662' title='bbox 669 4890 720 4944; x_wconf 76' lang='grc' dir='ltr'><strong>οἱ</strong></span> <span class='ocrx_word' id='word_1_663' title='bbox 767 4887 874 4943; x_wconf 83' lang='grc' dir='ltr'><strong>ἀπὸ</strong></span> <span class='ocrx_word' id='word_1_664' title='bbox 920 4886 1149 4960; x_wconf 84' lang='grc' dir='ltr'>Ῥώμης</span> <span class='ocrx_word' id='word_1_665' title='bbox 1198 4883 1443 4952; x_wconf 78' lang='grc' dir='ltr'>ἐλθόντες</span> <span class='ocrx_word' id='word_1_666' title='bbox 1491 4885 1580 4940; x_wconf 69' lang='grc' dir='ltr'><strong>διὰ</strong></span> <span class='ocrx_word' id='word_1_667' title='bbox 1625 4886 1726 4954; x_wconf 73' lang='grc' dir='ltr'>τὴν</span> <span class='ocrx_word' id='word_1_668' title='bbox 1779 4882 1908 4938; x_wconf 77' lang='grc' dir='ltr'>’ἐνω-</span> 
     </span>
    </p>
   </div>
   <div class='ocr_carea' id='block_1_100' title="bbox 2018 4788 3664 4860">
    <p class='ocr_par' dir='ltr' id='par_1_100' title="bbox 2018 4788 3664 4860">
     <span class='ocr_line' id='line_1_100' title="bbox 2018 4788 3664 4860; baseline -0.003 -14"><span class='ocrx_word' id='word_1_669' title='bbox 2018 4797 2133 4847; x_wconf 90' lang='lat' dir='ltr'><strong>tem</strong></span> <span class='ocrx_word' id='word_1_670' title='bbox 2164 4790 2334 4859; x_wconf 83' lang='lat' dir='ltr'><strong>legati</strong></span> <span class='ocrx_word' id='word_1_671' title='bbox 2368 4788 2634 4858; x_wconf 81' lang='lat' dir='ltr'><strong>Romani,</strong></span> <span class='ocrx_word' id='word_1_672' title='bbox 2666 4789 2765 4860; x_wconf 89' lang='lat' dir='ltr'><strong>qui</strong></span> <span class='ocrx_word' id='word_1_673' title='bbox 2798 4789 2908 4844; x_wconf 90' lang='lat' dir='ltr'><strong>sub</strong></span> <span class='ocrx_word' id='word_1_674' title='bbox 2944 4789 3146 4858; x_wconf 87' lang='lat' dir='ltr'><strong>Leone,</strong></span> <span class='ocrx_word' id='word_1_675' title='bbox 3183 4791 3276 4860; x_wconf 90' lang='lat' dir='ltr'><strong>pio</strong></span> <span class='ocrx_word' id='word_1_676' title='bbox 3307 4790 3474 4860; x_wconf 87' lang='lat' dir='ltr'><strong>imp.,</strong></span> <span class='ocrx_word' id='word_1_677' title='bbox 3496 4789 3664 4843; x_wconf 84' lang='lat' dir='ltr'><strong>adve-</strong></span> 
     </span>
    </p>
   </div>
   <div class='ocr_carea' id='block_1_101' title="bbox 2024 4874 3665 4950">
    <p class='ocr_par' dir='ltr' id='par_1_101' title="bbox 2024 4874 3665 4950">
     <span class='ocr_line' id='line_1_101' title="bbox 2024 4874 3665 4950; baseline -0.003 -13"><span class='ocrx_word' id='word_1_678' title='bbox 2024 4879 2261 4937; x_wconf 85' lang='lat' dir='ltr'><strong>niebant</strong></span> <span class='ocrx_word' id='word_1_679' title='bbox 2291 4877 2667 4950; x_wconf 64' lang='lat' dir='ltr'><strong>procurandae</strong></span> <span class='ocrx_word' id='word_1_680' title='bbox 2699 4877 2931 4935; x_wconf 87' lang='lat' dir='ltr'><strong>unionis</strong></span> <span class='ocrx_word' id='word_1_681' title='bbox 2961 4877 3340 4936; x_wconf 86' lang='lat' dir='ltr'><strong>ecclesiarum</strong></span> <span class='ocrx_word' id='word_1_682' title='bbox 3371 4874 3665 4950; x_wconf 85' lang='lat' dir='ltr'><strong>gratia,ita</strong></span> 
     </span>
    </p>
   </div>
   <div class='ocr_carea' id='block_1_102' title="bbox 1611 5005 2287 5066">
    <p class='ocr_par' dir='ltr' id='par_1_102' title="bbox 1611 5005 2287 5066">
     <span class='ocr_line' id='line_1_102' title="bbox 1611 5005 2287 5066; baseline -0.009 -1"><span class='ocrx_word' id='word_1_683' title='bbox 1611 5010 1856 5066; x_wconf 76' lang='lat' dir='ltr'><strong>VARLE</strong></span> <span class='ocrx_word' id='word_1_684' title='bbox 1896 5005 2287 5065; x_wconf 78' lang='lat' dir='ltr'><strong>LECTIONES</strong></span> 
     </span>
    </p>
   </div>
   <div class='ocr_carea' id='block_1_103' title="bbox 339 5122 3039 5204">
    <p class='ocr_par' dir='ltr' id='par_1_103' title="bbox 339 5122 3039 5204">
     <span class='ocr_line' id='line_1_103' title="bbox 339 5122 3039 5204; baseline -0.007 -8"><span class='ocrx_word' id='word_1_685' title='bbox 339 5138 384 5176; x_wconf 79' lang='grc'><strong>⁰⁴</strong></span> <span class='ocrx_word' id='word_1_686' title='bbox 412 5138 604 5198; x_wconf 88' lang='lat' dir='ltr'><strong>Verba</strong></span> <span class='ocrx_word' id='word_1_687' title='bbox 635 5135 688 5192; x_wconf 76' lang='grc' dir='ltr'>οἱ</span> <span class='ocrx_word' id='word_1_688' title='bbox 719 5165 782 5180; x_wconf 89' lang='grc'><strong>-</strong></span> <span class='ocrx_word' id='word_1_689' title='bbox 818 5131 1131 5190; x_wconf 76' lang='grc' dir='ltr'>ἐπισκόπων</span> <span class='ocrx_word' id='word_1_690' title='bbox 1164 5135 1365 5190; x_wconf 88' lang='lat' dir='ltr'><strong>notam</strong></span> <span class='ocrx_word' id='word_1_691' title='bbox 1397 5129 1780 5204; x_wconf 85' lang='lat' dir='ltr'><strong>marginalem</strong></span> <span class='ocrx_word' id='word_1_692' title='bbox 1811 5145 1940 5186; x_wconf 90' lang='lat' dir='ltr'><strong>esse</strong></span> <span class='ocrx_word' id='word_1_693' title='bbox 1969 5125 2201 5184; x_wconf 86' lang='lat' dir='ltr'><strong>censuit</strong></span> <span class='ocrx_word' id='word_1_694' title='bbox 2229 5124 2478 5196; x_wconf 85' lang='lat' dir='ltr'><strong>ideoque</strong></span> <span class='ocrx_word' id='word_1_695' title='bbox 2507 5123 2675 5180; x_wconf 89' lang='lat' dir='ltr'><strong>uncis</strong></span> <span class='ocrx_word' id='word_1_696' title='bbox 2701 5122 2944 5180; x_wconf 86' lang='lat' dir='ltr'><strong>inclusit</strong></span> <span class='ocrx_word' id='word_1_697' title='bbox 2973 5122 3039 5177; x_wconf 74' lang='grc' dir='ltr'><strong>Β.</strong></span> 
     </span>
    </p>
   </div>
   <div class='ocr_carea' id='block_1_104' title="bbox 1296 5245 2637 5310">
    <p class='ocr_par' dir='ltr' id='par_1_104' title="bbox 1296 5245 2637 5310">
     <span class='ocr_line' id='line_1_104' title="bbox 1296 5245 2637 5310; baseline -0.008 0"><span class='ocrx_word' id='word_1_698' title='bbox 1296 5253 1498 5310; x_wconf 87' lang='lat' dir='ltr'><strong>JOAN.</strong></span> <span class='ocrx_word' id='word_1_699' title='bbox 1541 5252 1690 5309; x_wconf 80' lang='lat' dir='ltr'><strong>JAC.</strong></span> <span class='ocrx_word' id='word_1_700' title='bbox 1735 5249 2004 5307; x_wconf 82' lang='lat' dir='ltr'><strong>REISKII</strong></span> <span class='ocrx_word' id='word_1_701' title='bbox 2044 5245 2637 5304; x_wconf 83' lang='lat' dir='ltr'><strong>COMMENTARIUS.</strong></span> 
     </span>
    </p>
   </div>
   <div class='ocr_carea' id='block_1_105' title="bbox 333 5373 1918 5460">
    <p class='ocr_par' dir='ltr' id='par_1_105' title="bbox 333 5373 1918 5460">
     <span class='ocr_line' id='line_1_105' title="bbox 333 5373 1918 5460; baseline -0.011 -17"><span class='ocrx_word' id='word_1_702' title='bbox 333 5389 446 5460; x_wconf 85' lang='lat'><strong>(28)</strong></span> <span class='ocrx_word' id='word_1_703' title='bbox 479 5387 630 5460; x_wconf 88' lang='lat' dir='ltr'><strong>Sunt</strong></span> <span class='ocrx_word' id='word_1_704' title='bbox 660 5385 809 5460; x_wconf 56' lang='lat' dir='ltr'><strong>forte</strong></span> <span class='ocrx_word' id='word_1_705' title='bbox 838 5396 1161 5460; x_wconf 20' lang='lat' dir='ltr'><strong>ass‘essores</strong></span> <span class='ocrx_word' id='word_1_706' title='bbox 1203 5378 1264 5434; x_wconf 88' lang='lat' dir='ltr'><strong>in</strong></span> <span class='ocrx_word' id='word_1_707' title='bbox 1288 5376 1531 5460; x_wconf 81' lang='lat' dir='ltr'><strong>judiciis</strong></span> <span class='ocrx_word' id='word_1_708' title='bbox 1563 5373 1918 5460; x_wconf 69' lang='lat' dir='ltr'><strong>militaribus</strong></span> 
     </span>
    </p>
   </div>
   <div class='ocr_carea' id='block_1_106' title="bbox 262 5445 1920 5524">
    <p class='ocr_par' dir='ltr' id='par_1_106' title="bbox 262 5445 1920 5524">
     <span class='ocr_line' id='line_1_106' title="bbox 262 5445 1920 5524; baseline -0.01 -8"><span class='ocrx_word' id='word_1_709' title='bbox 262 5445 693 5516; x_wconf 56' lang='lat' dir='ltr'><strong>crimi&#39;nalibus.</strong></span> <span class='ocrx_word' id='word_1_710' title='bbox 720 5455 892 5512; x_wconf 88' lang='lat' dir='ltr'><strong>Forte</strong></span> <span class='ocrx_word' id='word_1_711' title='bbox 925 5453 1072 5509; x_wconf 87' lang='lat' dir='ltr'><strong>tales</strong></span> <span class='ocrx_word' id='word_1_712' title='bbox 1102 5445 1332 5524; x_wconf 73' lang='lat' dir='ltr'><strong>quoque</strong></span> <span class='ocrx_word' id='word_1_713' title='bbox 1362 5452 1524 5506; x_wconf 86' lang='lat' dir='ltr'><strong>erant</strong></span> <span class='ocrx_word' id='word_1_714' title='bbox 1555 5463 1731 5519; x_wconf 86' lang='lat' dir='ltr'><strong>penes</strong></span> <span class='ocrx_word' id='word_1_715' title='bbox 1765 5445 1920 5501; x_wconf 90' lang='lat' dir='ltr'><strong>hica-</strong></span> 
     </span>
    </p>
   </div>
   <div class='ocr_carea' id='block_1_107' title="bbox 261 5525 961 5594">
    <p class='ocr_par' dir='ltr' id='par_1_107' title="bbox 261 5525 961 5594">
     <span class='ocr_line' id='line_1_107' title="bbox 261 5525 961 5594; baseline -0.009 -8"><span class='ocrx_word' id='word_1_716' title='bbox 261 5540 455 5594; x_wconf 85' lang='lat' dir='ltr'><strong>natos.</strong></span> <span class='ocrx_word' id='word_1_717' title='bbox 489 5537 768 5585; x_wconf 75' lang='lat' dir='ltr'><strong>senatores</strong></span> <span class='ocrx_word' id='word_1_718' title='bbox 801 5525 961 5582; x_wconf 87' lang='lat' dir='ltr'><strong>dicti.</strong></span> 
     </span>
    </p>
   </div>
   <div class='ocr_carea' id='block_1_108' title="bbox 335 5591 1914 5672">
    <p class='ocr_par' dir='ltr' id='par_1_108' title="bbox 335 5591 1914 5672">
     <span class='ocr_line' id='line_1_108' title="bbox 335 5591 1914 5672; baseline -0.008 -17"><span class='ocrx_word' id='word_1_719' title='bbox 335 5591 451 5672; x_wconf 79' lang='lat'><strong>(29)</strong></span> <span class='ocrx_word' id='word_1_720' title='bbox 500 5601 625 5658; x_wconf 88' lang='lat' dir='ltr'><strong>Non</strong></span> <span class='ocrx_word' id='word_1_721' title='bbox 682 5595 1230 5672; x_wconf 87' lang='lat' dir='ltr'><strong>dubito,__vitiosam</strong></span> <span class='ocrx_word' id='word_1_722' title='bbox 1287 5591 1440 5648; x_wconf 91' lang='lat' dir='ltr'><strong>hanc</strong></span> <span class='ocrx_word' id='word_1_723' title='bbox 1498 5605 1698 5672; x_wconf 76' lang='lat' dir='ltr'><strong>vocem</strong></span> <span class='ocrx_word' id='word_1_724' title='bbox 1745 5603 1914 5671; x_wconf 32' lang='lat' dir='ltr'><strong>Oesse.</strong></span> 
     </span>
    </p>
   </div>
   <div class='ocr_carea' id='block_1_109' title="bbox 264 5660 1919 5733">
    <p class='ocr_par' dir='ltr' id='par_1_109' title="bbox 264 5660 1919 5733">
     <span class='ocr_line' id='line_1_109' title="bbox 264 5660 1919 5733; baseline -0.007 -7"><span class='ocrx_word' id='word_1_725' title='bbox 264 5660 646 5726; x_wconf 62' lang='lat' dir='ltr'><strong>Cum&#39;tamen</strong></span> <span class='ocrx_word' id='word_1_726' title='bbox 679 5671 792 5725; x_wconf 87' lang='lat' dir='ltr'><strong>alia</strong></span> <span class='ocrx_word' id='word_1_727' title='bbox 824 5660 1032 5725; x_wconf 82' lang='lat' dir='ltr'><strong>melior</strong></span> <span class='ocrx_word' id='word_1_728' title='bbox 1061 5682 1177 5722; x_wconf 89' lang='lat' dir='ltr'><strong>non</strong></span> <span class='ocrx_word' id='word_1_729' title='bbox 1227 5667 1552 5733; x_wconf 85' lang='lat' dir='ltr'><strong>succurrat,</strong></span> <span class='ocrx_word' id='word_1_730' title='bbox 1585 5660 1760 5719; x_wconf 86' lang='lat' dir='ltr'><strong>debui</strong></span> <span class='ocrx_word' id='word_1_731' title='bbox 1792 5675 1919 5716; x_wconf 90' lang='lat' dir='ltr'><strong>eam</strong></span> 
     </span>
    </p>
   </div>
   <div class='ocr_carea' id='block_1_110' title="bbox 261 5739 1860 5813">
    <p class='ocr_par' dir='ltr' id='par_1_110' title="bbox 261 5739 1860 5813">
     <span class='ocr_line' id='line_1_110' title="bbox 261 5739 1860 5813; baseline -0.001 -14"><span class='ocrx_word' id='word_1_732' title='bbox 261 5745 337 5799; x_wconf 90' lang='lat' dir='ltr'><strong>in</strong></span> <span class='ocrx_word' id='word_1_733' title='bbox 374 5741 592 5813; x_wconf 75' lang='lat' dir='ltr'><strong>Latinis</strong></span> <span class='ocrx_word' id='word_1_734' title='bbox 623 5757 857 5813; x_wconf 91' lang='lat' dir='ltr'><strong>quoque</strong></span> <span class='ocrx_word' id='word_1_735' title='bbox 887 5739 1146 5813; x_wconf 83' lang='lat' dir='ltr'><strong>reddere.</strong></span> <span class='ocrx_word' id='word_1_736' title='bbox 1197 5808 1208 5813; x_wconf 92' lang='lat'>_</span> <span class='ocrx_word' id='word_1_737' title='bbox 1450 5806 1464 5813; x_wconf 34' lang='grc' dir='ltr'><strong>Α</strong></span> <span class='ocrx_word' id='word_1_738' title='bbox 1549 5807 1561 5813; x_wconf 93' lang='lat'><em>_</em></span> <span class='ocrx_word' id='word_1_739' title='bbox 1851 5803 1860 5811; x_wconf 60' lang='grc'><em>,</em></span> 
     </span>
    </p>
   </div>
   <div class='ocr_carea' id='block_1_111' title="bbox 347 5803 1922 5886">
    <p class='ocr_par' dir='ltr' id='par_1_111' title="bbox 347 5803 1922 5886">
     <span class='ocr_line' id='line_1_111' title="bbox 347 5803 1922 5886; baseline -0.008 -17"><span class='ocrx_word' id='word_1_740' title='bbox 347 5814 466 5886; x_wconf 89' lang='grc'><strong>(30)</strong></span> <span class='ocrx_word' id='word_1_741' title='bbox 497 5803 714 5870; x_wconf 44' lang='lat' dir='ltr'><strong>Hac-et</strong></span> <span class='ocrx_word' id='word_1_742' title='bbox 743 5803 1046 5884; x_wconf 70' lang='lat' dir='ltr'><strong>sequentia</strong></span> <span class='ocrx_word' id='word_1_743' title='bbox 1076 5808 1244 5864; x_wconf 91' lang='lat' dir='ltr'><strong>uncis</strong></span> <span class='ocrx_word' id='word_1_744' title='bbox 1269 5824 1300 5862; x_wconf 92' lang='lat' dir='ltr'><strong>a</strong></span> <span class='ocrx_word' id='word_1_745' title='bbox 1332 5823 1421 5863; x_wconf 88' lang='lat' dir='ltr'><strong>me</strong></span> <span class='ocrx_word' id='word_1_746' title='bbox 1449 5806 1681 5863; x_wconf 78' lang='lat' dir='ltr'><strong>inclusa</strong></span> <span class='ocrx_word' id='word_1_747' title='bbox 1713 5803 1922 5859; x_wconf 78' lang='lat' dir='ltr'><strong>efﬁcie-</strong></span> 
     </span>
    </p>
   </div>
   <div class='ocr_carea' id='block_1_112' title="bbox 593 5933 1248 6002">
    <p class='ocr_par' dir='ltr' id='par_1_112' title="bbox 593 5933 1248 6002">
     <span class='ocr_line' id='line_1_112' title="bbox 593 5933 1248 6002; baseline -0.011 -1"><span class='ocrx_word' id='word_1_748' title='bbox 593 5941 860 6002; x_wconf 68' lang='lat' dir='ltr'><strong>Pa&#39;raor.</strong></span> <span class='ocrx_word' id='word_1_749' title='bbox 907 5937 1018 5998; x_wconf 78' lang='lat' dir='ltr'><strong>Gs.</strong></span> <span class='ocrx_word' id='word_1_750' title='bbox 1063 5933 1248 5997; x_wconf 84' lang='lat' dir='ltr'><strong>CXII.</strong></span> 
     </span>
    </p>
   </div>
   <div class='ocr_carea' id='block_1_113' title="bbox 2026 5365 3668 5435">
    <p class='ocr_par' dir='ltr' id='par_1_113' title="bbox 2026 5365 3668 5435">
     <span class='ocr_line' id='line_1_113' title="bbox 2026 5365 3668 5435; baseline -0.002 -9"><span class='ocrx_word' id='word_1_751' title='bbox 2026 5372 2165 5427; x_wconf 85' lang='lat' dir='ltr'><strong>bant</strong></span> <span class='ocrx_word' id='word_1_752' title='bbox 2194 5370 2254 5425; x_wconf 91' lang='lat' dir='ltr'><strong>in</strong></span> <span class='ocrx_word' id='word_1_753' title='bbox 2305 5369 2645 5425; x_wconf 87' lang='lat' dir='ltr'><strong>membrana</strong></span> <span class='ocrx_word' id='word_1_754' title='bbox 2677 5379 3154 5435; x_wconf 15' lang='lat' dir='ltr'><strong>unumiversum,</strong></span> <span class='ocrx_word' id='word_1_755' title='bbox 3186 5366 3242 5418; x_wconf 92' lang='lat' dir='ltr'><strong>et</strong></span> <span class='ocrx_word' id='word_1_756' title='bbox 3287 5368 3453 5421; x_wconf 86' lang='lat' dir='ltr'><strong>erant</strong></span> <span class='ocrx_word' id='word_1_757' title='bbox 3497 5365 3668 5435; x_wconf 91' lang='lat' dir='ltr'><strong>paulo</strong></span> 
     </span>
    </p>
   </div>
   <div class='ocr_carea' id='block_1_114' title="bbox 2026 5434 3671 5512">
    <p class='ocr_par' dir='ltr' id='par_1_114' title="bbox 2026 5434 3671 5512">
     <span class='ocr_line' id='line_1_114' title="bbox 2026 5434 3671 5512; baseline -0.012 -14"><span class='ocrx_word' id='word_1_758' title='bbox 2026 5443 2351 5512; x_wconf 87' lang='lat' dir='ltr'><strong>majoribus</strong></span> <span class='ocrx_word' id='word_1_759' title='bbox 2381 5439 2613 5504; x_wconf 88' lang='lat' dir='ltr'><strong>litteris,</strong></span> <span class='ocrx_word' id='word_1_760' title='bbox 2645 5434 3083 5512; x_wconf 17' lang='lat' dir='ltr'><strong>(capitales‘aut</strong></span> <span class='ocrx_word' id='word_1_761' title='bbox 3128 5436 3439 5512; x_wconf 86' lang='lat' dir='ltr'><strong>quadratas</strong></span> <span class='ocrx_word' id='word_1_762' title='bbox 3469 5434 3671 5512; x_wconf 53' lang='grc' dir='ltr'>δέρρει-</span> 
     </span>
    </p>
   </div>
   <div class='ocr_carea' id='block_1_115' title="bbox 2025 5505 3672 5583">
    <p class='ocr_par' dir='ltr' id='par_1_115' title="bbox 2025 5505 3672 5583">
     <span class='ocr_line' id='line_1_115' title="bbox 2025 5505 3672 5583; baseline -0.004 -14"><span class='ocrx_word' id='word_1_763' title='bbox 2025 5505 2192 5583; x_wconf 73' lang='grc' dir='ltr'>1ειιιὶ,)</span> <span class='ocrx_word' id='word_1_764' title='bbox 2225 5513 2462 5580; x_wconf 89' lang='lat' dir='ltr'><strong>scripta,</strong></span> <span class='ocrx_word' id='word_1_765' title='bbox 2494 5505 2772 5583; x_wconf 76' lang='lat' dir='ltr'><strong>tanquam</strong></span> <span class='ocrx_word' id='word_1_766' title='bbox 2814 5506 2877 5583; x_wconf 66' lang='lat' dir='ltr'><strong>si</strong></span> <span class='ocrx_word' id='word_1_767' title='bbox 2911 5505 3118 5583; x_wconf 68' lang='lat' dir='ltr'><strong>titulus</strong></span> <span class='ocrx_word' id='word_1_768' title='bbox 3149 5511 3363 5583; x_wconf 80' lang='lat' dir='ltr'><strong>essent.</strong></span> <span class='ocrx_word' id='word_1_769' title='bbox 3393 5505 3672 5583; x_wconf 24' lang='lat' dir='ltr'><strong>Sed’sunt</strong></span> 
     </span>
    </p>
   </div>
   <div class='ocr_carea' id='block_1_116' title="bbox 2028 5577 3670 5656">
    <p class='ocr_par' dir='ltr' id='par_1_116' title="bbox 2028 5577 3670 5656">
     <span class='ocr_line' id='line_1_116' title="bbox 2028 5577 3670 5656; baseline -0.003 -17"><span class='ocrx_word' id='word_1_770' title='bbox 2028 5577 2222 5656; x_wconf 82' lang='lat' dir='ltr'><strong>potius</strong></span> <span class='ocrx_word' id='word_1_771' title='bbox 2255 5577 2388 5636; x_wconf 54' lang='lat' dir='ltr'><strong>not&#39;a</strong></span> <span class='ocrx_word' id='word_1_772' title='bbox 2412 5577 3084 5656; x_wconf 38' lang='lat' dir='ltr'><strong>marginalis..Eamdem</strong></span> <span class='ocrx_word' id='word_1_773' title='bbox 3133 5577 3204 5632; x_wconf 93' lang='lat' dir='ltr'><strong>ob</strong></span> <span class='ocrx_word' id='word_1_774' title='bbox 3227 5594 3470 5656; x_wconf 79' lang='lat' dir='ltr'><strong>causam</strong></span> <span class='ocrx_word' id='word_1_775' title='bbox 3502 5579 3670 5656; x_wconf 71' lang='lat' dir='ltr'><strong>paulo</strong></span> 
     </span>
    </p>
   </div>
   <div class='ocr_carea' id='block_1_117' title="bbox 2030 5646 3668 5728">
    <p class='ocr_par' dir='ltr' id='par_1_117' title="bbox 2030 5646 3668 5728">
     <span class='ocr_line' id='line_1_117' title="bbox 2030 5646 3668 5728; baseline -0.003 -21"><span class='ocrx_word' id='word_1_776' title='bbox 2030 5646 2265 5728; x_wconf 66' lang='lat' dir='ltr'><strong>quoque</strong></span> <span class='ocrx_word' id='word_1_777' title='bbox 2295 5655 2426 5724; x_wconf 88' lang='lat' dir='ltr'><strong>post</strong></span> <span class='ocrx_word' id='word_1_778' title='bbox 2453 5646 2627 5728; x_wconf 70' lang='grc' dir='ltr'><strong>καίἶοὶ</strong></span> <span class='ocrx_word' id='word_1_779' title='bbox 2659 5646 2765 5728; x_wconf 64' lang='grc' dir='ltr'><strong>ἀπρ</strong></span> <span class='ocrx_word' id='word_1_780' title='bbox 2798 5647 3160 5720; x_wconf 84' lang='grc' dir='ltr'>Ἀντιοχείας,</span> <span class='ocrx_word' id='word_1_781' title='bbox 3186 5653 3320 5715; x_wconf 90' lang='lat' dir='ltr'><strong>et.c.,</strong></span> <span class='ocrx_word' id='word_1_782' title='bbox 3358 5646 3668 5719; x_wconf 73' lang='lat' dir='ltr'><strong>majoribus</strong></span> 
     </span>
    </p>
   </div>
   <div class='ocr_carea' id='block_1_118' title="bbox 2030 5720 2784 5790">
    <p class='ocr_par' dir='ltr' id='par_1_118' title="bbox 2030 5720 2784 5790">
     <span class='ocr_line' id='line_1_118' title="bbox 2030 5720 2784 5790; baseline -0.015 -8"><span class='ocrx_word' id='word_1_783' title='bbox 2030 5720 2242 5782; x_wconf 69' lang='lat' dir='ltr'><strong>litteris</strong></span> <span class='ocrx_word' id='word_1_784' title='bbox 2275 5720 2505 5780; x_wconf 74' lang='lat' dir='ltr'><strong>exarata</strong></span> <span class='ocrx_word' id='word_1_785' title='bbox 2534 5720 2784 5790; x_wconf 76' lang='lat' dir='ltr'><strong>obscpsi.</strong></span> 
     </span>
    </p>
   </div>
   <div class='ocr_carea' id='block_1_119' title="bbox 3277 5919 3354 5977">
    <p class='ocr_par' dir='ltr' id='par_1_119' title="bbox 3277 5919 3354 5977">
     <span class='ocr_line' id='line_1_119' title="bbox 3277 5919 3354 5977; baseline -0.013 0"><span class='ocrx_word' id='word_1_786' title='bbox 3277 5919 3354 5977; x_wconf 71' lang='grc'><strong>43</strong></span> 
     </span>
    </p>
   </div>
  </div>
