4080 6300
275 461 425 524 1357

1110 469 1210 528 DE
1254 468 1708 533 CERIMONIIS
1752 471 1984 533 AULxE
2025 470 2510 535 BYZANTINJE
2554 475 2701 536 LIB.
2747 471 2830 536 II.

3512 477 3666 539 1358

269 615 395 650 πτοι
446 593 501 649 ἐν
541 595 609 667 τῇ
677 591 942 667 εὐωνύμῳ
1001 597 1140 650 Οὲσει
1199 597 1594 672 κληθήσονται,
1652 600 1915 672 δηλονότι

2026 606 2383 678 eosdemque
2415 612 2702 680 strategos
2721 605 3208 665 etomnesinvelo
3239 608 3368 681 [seu
3402 613 3664 682 corpore]

270 683 664 744 ὑποπίπτοντες
695 683 784 737 καὶ
816 683 969 738 αὐτοὶ
1001 689 1068 758 τῇ
1109 689 1218 739 τῶν
1265 688 1566 762 πατρικίων
1614 692 1702 744 καὶ
1753 712 1912 764 στρα-

264 777 447 846 τηγῶν
489 772 578 826 καὶ
622 773 837 826 πάντων
881 777 988 826 τῶν
1031 773 1084 827 ἐν
1134 778 1212 846 τῷ
1265 775 1424 849 βήλῳ
1471 779 1772 851 πατρικίων
1823 801 1913 834 τε·

265 862 548 937 ταγμένων
583 861 885 935 ἀρχόντων,
919 862 1285 927 ἀπολαύοντες
1313 867 1404 918 καὶ
1445 865 1599 921 αὐτοὶ
1647 867 1738 921 τὸν
1790 865 1912 920 δεύ-

263 973 418 1025 τερον
481 951 666 1024 μίνσον
706 958 804 1019 τῆς
859 952 1148 1025 βασιλικῆς
1199 953 1486 1028 τραπέζης.
1550 956 1638 1011 Ἐν
1689 953 1746 1009 δὲ
1796 961 1910 1017 τοῖς

265 1049 329 1106 te‘
359 1045 465 1095 τῶν
499 1041 697 1114 ἑορτῶν
731 1035 1041 1102 ἀκουϐίτοις
1071 1042 1512 1116 κλητωρεῦονται
1563 1041 1752 1118 ὄγδοοι
1797 1047 1910 1117 (36)

259 1131 350 1184 καὶ
409 1126 639 1186 ἓννατοι.
701 1127 967 1199 δηλονότι
1037 1129 1430 1196 ὑποπίπτοντες
1492 1137 1560 1205 τῇ
1617 1134 1758 1202 τάξει
1814 1138 1910 1188 τοῦ

261 1214 664 1293 προλεχθὲντος
697 1215 898 1291 βήλου.
932 1217 998 1274 Οἱ
1034 1215 1090 1273 δὲ
1122 1219 1181 1274 ἐκ
1213 1221 1478 1296 Φραὶγγων
1505 1224 1614 1294 (37)
1637 1217 1907 1296 πρεσϐεις.

262 1307 308 1362 εἰ
341 1307 437 1378 μὲν
469 1303 651 1380 ἔχοιεν
698 1305 1062 1380 χειροτονίας,
1109 1309 1244 1362 κατά
1274 1312 1468 1371 ταύτας
1518 1309 1906 1380 κληθησονται·

261 1397 306 1452 εἰ
341 1393 396 1450 δὲ
427 1395 659 1472 παγανοί
691 1395 845 1467 εἰσιν,
874 1401 942 1470 τῇ
975 1401 1080 1450 τῶν
1131 1396 1498 1470 ὁφφικιαλίων
1548 1400 1910 1454 ὑποπίπτουσι

254 1487 418 1559 τάξει.
455 1489 518 1540 0i
549 1484 606 1541 δὲ
660 1487 720 1541 ἐκ
765 1490 871 1541 τῶν
921 1487 1131 1542 λοιπῶν
1191 1487 1352 1544 ἐθνῶν
1411 1488 1705 1565 ἐρχόμενοι
1756 1489 1911 1568 φίλοι

255 1580 326 1650 τῇ
402 1580 508 1632 τῶν
590 1572 1171 1650 σπαθαροκανδιδάτων

264 1665 407 1738 ista.

1271 1579 1639 1634 ὑποπίπτουσι
1715 1581 1911 1643 πάντες

939 1755 1118 1827 Τόμος
1161 1758 1232 1813 Δ’.

336 1841 556 1912 Ἐπειδὴ
633 1849 732 1912 τῆς
807 1847 914 1897 τῶν
989 1843 1316 1918 ἀρτικλινῶν
1368 1847 1678 1920 ἐπιστήμης
1733 1847 1913 1919 ἷδικήν

257 1954 376 1988 τινα
434 1931 801 2006 πραγματείαν
873 1933 1274 2008 συγγράψασθαι
1331 1933 1762 2010 ἐσπουδάσαμεν,
1821 1939 1910 1992 καὶ

258 2023 353 2084 τὰς
411 2025 508 2076 τοῦ
567 2021 776 2076 οἰκείου
831 2020 1240 2095 πολιτεύματος
1301 2024 1449 2092 ἀξίας
1509 2024 1913 2104 ἐκφαντορίκῶς

2021 696 2400 764 patriciorum
2436 700 2804 763 constitutos,
2839 702 2895 752 et
2921 698 3090 753 simul
3124 715 3258 754 cum
3302 699 3562 771 patriciis
3594 701 3663 755 ad

2020 785 2349 854 Augustum
2393 787 2622 842 admitti
2673 787 2876 842 solitos
2935 789 3440 858 magistratuszut
3487 789 3661 844 etiam

2021 872 2400 942 ipsisecundo
2417 875 2598 932 missu
2621 893 2798 932 sacra:
2815 893 3028 932 mensas
3049 877 3338 932 fruantur.
3370 877 3431 932 In
3449 893 3664 933 noven-

2021 961 2208 1014 decim
2241 964 2522 1018 accubitis
2552 969 2767 1031 autem,
2804 965 2900 1036 qui
2939 965 3216 1020 celebrari
3259 965 3466 1020 diebus
3501 967 3659 1022 festis

2020 1047 2230 1117 solent,
2262 1060 2574 1105 evocantur
2603 1053 2662 1107 hi
2696 1053 2879 1108 octavi
2913 1058 3015 1108 aut
3045 1054 3179 1108 noni
3211 1071 3224 1120 ;
3265 1053 3485 1110 scilicet
3531 1059 3665 1126 post

2019 1135 2208 1190 velum
2241 1153 2567 1208 seucorpus
2582 1156 2889 1210 procerum
2918 1142 3276 1210 praedictum.
3311 1144 3664 1200 Francorum

2019 1225 2253 1280 tandem
2286 1225 2481 1296 legati,
2513 1228 2564 1282 si
2595 1229 2830 1298 quidem
2863 1230 3119 1286 investiti
3148 1235 3289 1287 sunt
3318 1233 3663 1289 muneribus

2018 1314 2204 1384 iisque
2225 1314 2572 1386 funguntur,
2612 1317 2763 1372 429
2821 1322 3135 1373 evocantur
3186 1322 3507 1376 secundum
3542 1321 3661 1390 illa,

2018 1403 2076 1458 Si
2109 1420 2240 1459 vero
2271 1412 2406 1460 sunt
2436 1407 2647 1477 pagani
2676 1421 2779 1462 seu
2829 1407 2979 1462 cassi
3017 1408 3422 1479 dignitatibus,
3463 1412 3666 1467 subse-

2017 1497 2279 1563 quuntur
2309 1493 2550 1550 classem
2599 1494 2960 1550 ofﬁcialium.
2999 1495 3258 1566 Reliquis
3304 1513 3336 1552 θ
3388 1499 3664 1568 gentibus

2018 1581 2384 1636 advenientes
2416 1583 2587 1636 amici
2620 1584 2939 1639 succedunt
2961 1584 3033 1639 ad
3059 1600 3240 1640 unum
3267 1600 3470 1642 omnes
3491 1587 3666 1644 classi

2020 1671 2761 1742 spatbarocandidatorum.

2687 1761 2872 1832 Caput
2902 1761 2992 1816 1V.

2093 1847 2408 1919 Postquam
2443 1847 2618 1917 igitur
2660 1851 2913 1905 scientia:
2965 1849 3306 1904 articlinicaa
3354 1852 3663 1921 specialem

2021 1938 2332 2006 quamdam
2367 1939 2770 1994 tractationem
2803 1937 3167 1994 conscribere
3197 1940 3520 2006 studentes,
3552 1940 3666 1996 im-

2023 2027 2165 2098 perii
2200 2027 2380 2083 nostri
2429 2027 2740 2098 dignitates
2769 2028 3222 2084 demonstrative
3268 2029 3664 2104 distincteque

1289 2123 1488 2179 JOAN.
1529 2125 1678 2182 JAC.
1731 2127 1996 2183 REISKII
2043 2125 2636 2182 COMMENTARIUS.

265 2213 402 2272 vivii
430 2219 482 2270 et
512 2228 716 2285 panem
743 2216 794 2268 et
820 2217 1006 2284 partes
1052 2218 1153 2268 aut
1190 2214 1402 2269 olerum
1439 2223 1537 2270 aut
1583 2219 1768 2271 carnis
1819 2221 1912 2272 aut

266 2285 611 2359 leguminum
637 2285 824 2359 dabat,
855 2285 1030 2359 senili
1049 2301 1280 2359 prorsus
1312 2289 1646 2359 maturitate
1674 2291 1916 2359 patrem-

265 2355 512 2430 familias
542 2373 726 2430 agens.
762 2355 1180 2430 Proculdubio
1203 2373 1433 2428 quoque
1461 2355 1714 2430 Joannes
1743 2360 1912 2414 Com-

266 2427 453 2486 uenus
483 2445 551 2485 ex
581 2427 826 2498 antiquo
858 2427 1126 2499 instituto
1156 2437 1206 2482 et
1243 2427 1402 2483 more
1427 2429 1679 2499 sibijam
1707 2448 1738 2485 a
1770 2431 1911 2486 mul-

264 2502 338 2557 tis
353 2503 524 2556 annis
545 2499 821 2553 familiari
849 2499 948 2553 illo
974 2498 1272 2554 Pascbatis
1296 2501 1407 2567 die,
1433 2498 1606 2570 quem
1632 2502 1910 2557 ultimum

263 2572 588 2646 celebrabat
619 2586 789 2646 aeger,
837 2571 1023 2646 pridie
1053 2586 1224 2640 quam
1271 2572 1612 2646 exspiraret,
1643 2571 1710 2626 τὰ
1739 2592 1911 2646 παρα-

263 2642 481 2706 τεθέντα
542 2637 996 2714 βρώματαξτοῖς
1067 2637 1392 2714 παρεστῶσί
1441 2637 1771 2714 διενείματο.
1817 2637 1914 2700 ’ΒΘ

271 2731 433 2770 more
463 2710 641 2769 Isaaci
674 2717 713 2766 A
730 2710 885 2784 ngelii
924 2716 1038 2771 τοῖς
1085 2710 1392 2784 παρεστῶσι
1443 2710 1657 2784 fercula
1701 2716 1909 2770 distri-

275 2787 486 2858 buendi
517 2785 765 2858 insanis
787 2782 1197 2858 dittiyrambis
1217 2782 1634 2858 παρατραγῳδεῖ
1682 2786 1912 2842 Nicetes

276 2857 584 2915 Choniates
616 2872 670 2927 p.
703 2855 831 2924 231,
867 2854 927 2908 E.
964 2858 1056 2908 Ea:
1085 2854 1352 2925 Addenrl.]

342 2930 456 3001 (36)
487 2929 547 3001 Id
580 2926 701 3001 est;
739 2928 798 3001 in
833 2941 1058 3001 mensa,
1091 2929 1179 3001 cui
1213 2926 1500 3001 assident,
1543 2934 1681 2982 sunt
1706 2928 1911 3001 octavi

276 2996 376 3057 aut
404 2996 542 3056 noni
575 3000 645 3054 ab
676 2998 840 3053 initio
864 2996 1021 3067 inde,
1039 2998 1120 3054 vel
1141 3003 1278 3053 sunt
1301 2997 1400 3052 ﬁni
1429 3014 1606 3068 quam
1632 2999 1914 3068 principio

271 3089 487 3128 mensae
516 3073 831 3141 propiores.
857 3069 998 3124 Nam
1027 3086 1157 3124 cum
1181 3070 1376 3125 minus
1398 3070 1760 3125 solemnibus
1786 3087 1911 3140 seu,

275 3149 341 3199 ut
385 3143 589 3225 N_oster
629 3141 817 3225 dicit,
856 3144 970 3200 τοῖς
999 3144 1222 3222 ,κοινοῖς
1278 3141 1555 3196 conviviis
1608 3141 1914 3225 pauciores

274 3215 739 3278 convivarentur,
771 3216 826 3264 et
849 3213 1146 3276 pauciores
1203 3229 1416 3268 mensae
1475 3213 1776 3279 servirent,
1811 3229 1912 3268 ne-

2021 2225 2288 2286 cegrotum
2318 2233 2418 2290 nec
2446 2233 2556 2290 non
2582 2221 2633 2272 et
2670 2218 3041 2290 Bulgarorum
3068 2218 3312 2284 nuntios,
3345 2221 3445 2290 qui
3475 2219 3664 2289 pridie

2019 2293 2298 2364 venerant,
2332 2289 2408 2364 ad
2433 2289 2659 2364 Sanctos
2688 2291 2968 2364 Apostolos
2991 2289 3102 2364 sibi
3137 2289 3365 2364 obviare
3400 2290 3664 2364 [προέρχε

2022 2359 2162 2427 σθαι,
2205 2361 2512 2447 procedere
2544 2361 2604 2415 in
2636 2359 2882 2428 curiam,
2930 2362 3125 2442 venire
3175 2361 3234 2416 in
3292 2359 3656 2447 comitatum]

2014 2434 2578 2502 praecepit,_cumque
2607 2438 2744 2502 post
2801 2435 3114 2486 naeniarum
3151 2433 3532 2500 garrulitatem
3580 2433 3663 2498 [τὰ

2022 2499 2165 2578 bima
2187 2499 2243 2556 et
2271 2500 2362 2561 τὰς
2408 2499 2678 2578 εὐφημίας
2722 2503 3006 2578 designat]
3062 2511 3114 2558 et
3157 2499 3476 2578 :missarum
3516 2504 3660 2558 cele-

2023 2574 2322 2627 brationem
2351 2573 2422 2627 ad
2450 2573 2697 2628 mensam
2727 2576 3112 2641 invitaremur,
3144 2575 3205 2627 in
3225 2576 3477 2628 citeriori
3516 2591 3664 2628 mar-

2021 2644 2148 2712 gine
2168 2661 2388 2711 mensae,
2421 2661 2540 2714 quae
2570 2651 2690 2700 erat
2715 2647 2834 2700 sine
2885 2644 3189 2699 latitudine
3232 2646 3414 2712 longa,
3457 2646 3661 2715 Bulga-

2021 2731 2212 2770 rorum
2238 2716 2522 2786 nuntium,
2553 2717 2820 2786 Ungarico
2850 2732 2997 2771 more
3023 2725 3260 2780 tonsum,
3293 2733 3448 2771 aenea
3470 2722 3664 2772 catena

2020 2788 2268 2858 cinctum
2313 2784 2533 2858 [κλοιῷ,
2579 2784 2646 2841 ut
2692 2787 2900 2842 Noster
2947 2804 3142 2856 supra,
3186 2787 3244 2841 id
3294 2792 3401 2852 est,
3434 2793 3663 2858 torque,

2023 2873 2194 2926 quem
2248 2857 2637 2927 Luitprandus
2681 2873 2782 2927 per
2836 2862 3230 2926 contemptum
3279 2873 3483 2911 aeneam
3515 2857 3662 2912 cate-

2019 2944 2151 2982 nam
2179 2928 2453 2998 appellat,
2489 2929 2632 2982 forte
2683 2944 2931 2993 aeneum,
2965 2930 3064 2983 sed
3110 2927 3466 2998 inauratum]
3501 2933 3569 2994 et,
3603 2934 3664 2982 ut

2019 3014 2170 3053 mens
2201 2999 2343 3052 mihi
2396 2999 2662 3068 suggerit,
2706 2999 3158 3054 catechumenum
3200 2999 3655 3069 [Christianismi

2022 3069 2393 3141 candidatum
2429 3071 2683 3124 nondum
2711 3070 3064 3141 baptizatum
3082 3071 3475 3140 doctrinaeque
3495 3069 3662 3124 Chri-

2021 3141 2218 3194 stianae
2253 3140 2761 3212 rudemtideoque
2787 3140 2919 3196 cum
2969 3142 3150 3212 docto,
3185 3141 3455 3210 episcopo
3506 3141 3660 3212 haud

2021 3211 2504 3282 comparandum]
2546 3211 2683 3266 mihi
2732 3214 3028 3282 praeponit,
3075 3211 3153 3266 ad
3199 3220 3433 3266 vestram
3487 3211 3662 3280 plane

276 3283 531 3360 cessario
564 3282 740 3360 altius
771 3279 1048 3360 sedebant
1078 3284 1134 3335 bi
1169 3283 1571 3360 legati-exteri.
1606 3285 1909 3360 InAsotem-
1943 3295 1986 3360 ρ
2024 3279 2235 3338 domini
2262 3285 2370 3360 mei
2400 3279 2639 3354 Augusti
2669 3279 2959 3360 [Ottonem
2996 3284 3035 3350 Ι,
3069 3290 3166 3337 aut
3187 3282 3406 3360 solum,
3422 3279 3522 3337 aut
3551 3297 3664 3337 una

280 3355 457 3410 nibus
510 3355 704 3408 autem
746 3350 1021 3403 conviviis
1069 3350 1578 3406 numerosissimis
1635 3355 1698 3406 19
1741 3370 1908 3407 accu-

282 3425 529 3494 bituum,
557 3428 725 3494 aucto
759 3435 998 3494 numero
1049 3420 1446 3494 convivarum,
1480 3437 1596 3474 non
1647 3427 1918 3492 poterant

280 3513 399 3552 non
431 3490 867 3550 ad'inferiorem
902 3490 1092 3544 locum
1130 3490 1382 3544 detrudi.

353 3568 468 3637 (37)
500 3565 659 3620 Patet
688 3579 756 3637 est
804 3561 914 3616 hoc
971 3561 1112 3637 loco,
1168 3560 1493 3616 secundum
1546 3560 1918 3637 cerimoniale

283 3632 666 3710 Byzantinum
696 3634 876 3710 _hun_c
909 3632 1203 3710 _ordinem
1267 3637 1528 3710 respectu
1601 3632 1918 3710 legatorum

281 3703 605 3766 eiterorum
626 3706 806 3760 fuisse
832 3703 1108 3770 habitum,
1133 3709 1196 3757 ut
1215 3708 1466 3757 maxime
1497 3703 1920 3758 honorarentur

283 3781 592 3851 primoque
624 3777 745 3851 loco
777 3775 1130 3830 haberentur
1161 3775 1450 3851 Saraceni,
1486 3775 1619 3829 dein
1642 3775 1913 3851 Bulgari;

285 3845 585 3924 (neque-id
618 3848 856 3911 mirum,
882 3862 1022 3924 cum
1049 3847 1249 3924 amba:
1294 3847 1793 3924 gentesprosimi
1833 3845 1916 3900 illi

285 3916 356 3979 ab
388 3916 607 3978 oriente
645 3925 702 3974 et
751 3918 1012 3983 meridie,
1049 3917 1103 3970 bi
1152 3917 1221 3971 ab
1269 3916 1568 3970 occidente
1615 3922 1790 3986 atque
1835 3933 1918 3972 se-

285 3995 613 4066 ptentrione
634 3990 1079 4066 Byzantinorum
1093 3992 1290 4066 essent
1306 3987 1495 4054 vicini)
1508 3992 1650 4066 ,tum
1669 3989 1917 4066 denique

288 4059 516 4132 Franci,
550 4059 904 4125 remotiores,
939 4066 995 4132 et
1029 4059 1300 4128 deinceps
1348 4059 1561 4124 caeteri,
1613 4068 1672 4114 ut
1723 4059 1915 4129 Russi,

283 4137 495 4204 Allani,
529 4133 786 4195 Armeni,
817 4138 928 4186 etc.
961 4131 1326 4204 Causaergo
1359 4147 1471 4184 non
1504 4136 1642 4204 erat,
1679 4135 1742 4184 ut
1790 4136 1917 4204 tan-

284 4201 490 4279 tOpere'
533 4205 906 4279 quiritaretur
949 4207 1006 4257 et
1055 4201 1455 4279 indignaretur
1502 4201 1916 4279 Luitprandus,

286 4271 696 4335 Cremonensis
727 4274 1053 4344 episcopus,
1085 4271 1312 4342 legatus
1343 4272 1570 4326 Ottonis
1604 4271 1722 4326 [ad
1759 4273 1920 4329 Nice-

327 4351 538 4406 horum
570 4349 820 4403 Phocam
854 4345 1019 4416 imp.,
1052 4350 1355 4416 propterea
1384 4347 1524 4416 quot
1562 4345 1922 4414 postpositus

332 4420 606 4492 ulgaricis
636 4418 841 4542 legatis
872 4415 1100 4495 fuisset,
1130 4415 1313 4469 Edicit
1342 4415 1598 4496 typicum
1631 4422 1918 4484 nostrum,

339 4493 674 4542 utaarorum
729 4493 923 4542 eaatos
973 4491 1162 4541 statim
1209 4490 1337 4542 post
1387 4490 1656 4542 patriotos
1714 4487 1918 4542 debere

287 4486 674 4562 Bulgarorum
708 4486 926 4562 legatos
942 4487 1162 4562 statim
1208 4490 1341 4562 post
1387 4486 1656 4555 patricios
1700 4487 1922 4562 debere

283 4562 348 4617 in
391 4556 558 4618 ἔδοτε
599 4576 797 4614 mensa
844 4557 1139 4621 collocari,
1188 4562 1245 4611 et
1302 4557 1651 4628 Francorum
1699 4556 1922 4628 legatos

290 4645 770 4702 unumquemque
800 4630 1123 4710 secundum
1155 4625 1496 4710 χειροτονίαν
1529 4643 1627 4683 seu
1661 4625 1917 4710 installa-

2033 4633 2193 4710 stare
2223 4627 2619 4710 compellimus.

291 4698 517 4760 tionem
555 4698 744 4765 suam,
790 4698 930 4753 nach
975 4698 1194 4753 seiner"
1221 4698 1540 4769 Bestallung
1598 4700 1710 4754 und
1749 4702 1918 4754 Amle.

288 4776 421 4833 Jam
482 4777 604 4830 erat
653 4769 1046 4840 Luitprandus
1113 4772 1439 4842 episcopus.
1499 4772 1672 4842 Atqui
1744 4788 1924 4842 supra

285 4865 344 4918 p.
379 4847 505 4914 423,
549 4845 831 4918 dicuntur
871 4841 1128 4911 episcopi
1170 4840 1349 4918 Graeci
1401 4841 1563 4910 sequi
1595 4840 1926 4918 ’protos‘pa.

285 4913 543 4974 tharium
571 4913 939 4971 sacellarium
970 4921 1023 4966 et
1071 4915 1386 4978 praecedere
1433 4914 1928 4982 protospatbarios

293 4995 564 5053 caateros;
595 4992 652 5042 et
683 4987 741 5040 in
773 4983 1028 5055 imagine
1060 4983 1403 5055 Ravennatis
1449 4982 1699 5055 ecclesia:
1748 4985 1929 5039 Justi-

290 5062 535 5118 nianum
569 5057 876 5112 exhibente
902 5053 1183 5124 poculum
1217 5069 1455 5107 aureum
1501 5054 1755 5108 ecclesiae
1787 5056 1927 5110 oti‘e-

291 5138 543 5194 rentem,
574 5128 722 5198 apud
756 5123 1140 5181 Alemannum
1162 5125 1256 5198 _ad
1295 5123 1529 5192 Procop.
1561 5141 1616 5194 p.
1674 5127 1929 5198 72,7cte-

289 5203 396 5260 rici
433 5206 496 5256 ut
527 5195 826 5255 inferiores
847 5198 919 5251 ad
951 5198 1090 5266 imp.
1110 5195 1428 5267 sinistram
1454 5200 1631 5259 stant,
1655 5197 1928 5267 spatharii

287 5276 359 5331 ad
411 5275 694 5339 dextram,
744 5273 807 5324 ut
858 5265 1277 5339 honoratiores.
1330 5267 1476 5335 Ergo
1527 5281 1640 5320 non
1687 5265 1930 5339 “poterat

283 5337 688 5417 Luitprandus:
711 5339 997 5417 altiorem,
1031 5353 1206 5408 quam
1232 5337 1382 5417 inter
1414 5337 1926 5417 protospatbarios,

282 5407 476 5473 locum
527 5414 881 5479 desiderare,
916 5407 1180 5480 adeoque
1224 5415 1356 5480 post
1417 5407 1696 5479 Bulgaros
1750 5410 1928 5465 collo-

286 5489 510 5544 candus
540 5493 679 5551 erat,
715 5483 809 5553 qui
844 5481 995 5536 inter
1018 5479 1518 5553 pretospatbarios
1548 5484 1606 5533 et
1654 5482 1928 5553 patricios

290 5559 468 5614 medii
501 5550 684 5612 erant.
711 5550 1026 5610 Audiamus
1060 5553 1254 5622 ipsum
1286 5551 1413 5618 ejus
1435 5550 1930 5608 locum.’lllustra-

288 5631 377 5686 bit
409 5634 589 5682 totum
623 5627 730 5681 hoc
763 5625 1080 5693 negotium.
1113 5622 1275 5677 Mein
1301 5624 1541 5677 invisam
1574 5622 1814 5688 domum,
1848 5624 1930 5679 ait

293 5718 350 5771 p.
414 5700 537 5765 481,
590 5705 965 5771 praeceperunt
997 5694 1253 5771 reducit
1294 5710 1610 5771 magnaque
1667 5695 1930 5771 custodiri

294 5765 511 5828 cautela
540 5765 712 5836 usque
739 5767 802 5822 in
841 5768 1167 5822 Sanctorum
1218 5765 1601 5834 Apostblorum
1647 5765 1930 5836 religiosis

299 5844 510 5901 cunctis
556 5836 820 5898 celebrem
861 5839 1025 5896 diem.
1079 5837 1196 5904 Qua
1252 5836 1578 5892 celebritate
1658 5853 1744 5891 me
1799 5839 1932 5892 satis

2026 3369 2257 3425 quoque
2286 3353 2604 3423 Augustam
2636 3356 2762 3422 ejus
2793 3370 3031 3410 uxorem
3074 3353 3428 3425 compellat].
3461 3363 3663 3409 contu-

2025 3424 2272 3477 meliam.
2304 3453 2372 3462 -—-
2410 3425 2601 3478 Verum
2631 3425 2847 3479 domini
2874 3427 3004 3488 mei,
3036 3441 3221 3480 meam
3264 3441 3371 3479 non
3392 3424 3660 3480 conside-

2025 3508 2180 3565 rans,
2207 3492 2300 3565 sed
2332 3497 2588 3565 vestram
2614 3495 2903 3565 iniuriam,
2949 3511 3198 3565 mensam
3237 3495 3466 3565 reliqui,
3502 3496 3660 3549 Cum-

2026 3577 2128 3632 que
2160 3561 2462 3635 indignans
2491 3562 2650 3635 abire
2677 3563 2894 3626 vellem,
2926 3565 3035 3618 Leo
3075 3561 3450 3635 Curopalates,
3484 3566 3656 3635 impe-

2025 3634 2228 3687 ratoris
2256 3634 2460 3697 frater,
2492 3637 2542 3686 et
2589 3633 2755 3686 Proto
2802 3649 2836 3686 a
2892 3635 3111 3688 secretis
3150 3634 3366 3688 Simeon
3412 3633 3662 3703 pone’me

2024 3708 2346 3772 sequuntur,
2378 3704 2490 3757 haec
2518 3704 2816 3758 latrantes:
2851 3725 2880 3753 «
2907 3704 3042 3758 Cum
3073 3704 3450 3775 Christophori
3479 3705 3663 3772 ﬁliam

2023 3775 2244 3846 Petrus,
2322 3775 2693 3846 Bulgarorum
2757 3775 3019 3846 Vasileus,
3074 3778 3354 3846 eonjugem
3422 3776 3658 3842 duceret,

2025 3843 2309 3919 σύμφωνα,
2343 3845 2398 3919 i_d
2445 3854 2523 3900 est
2566 3845 2928 3901 consonantia
2975 3843 3454 3918 (pacta],'scripto
3497 3848 3663 3919 jura-

2025 3917 2205 3988 mertto
2233 3917 2559 3986 conﬁrmata
2586 3921 2732 3982 sunt,
2751 3927 2811 3972 ut
2830 3917 3077 3972 omnium
3104 3917 3351 3988 gentium
3380 3917 3660 3988 apostolis,

2026 3987 2084 4042 id
2141 3995 2237 4053 est,
2294 3990 2532 4053 nuntiis,
2589 4004 2754 4058 penes
2825 4005 2922 4044 nos
2991 3987 3361 4058 Bulgarorum
3394 3987 3666 4058 i'apostoli

2023 4061 2440 4129 praeponuntur,
2489 4057 2847 4128 hon’orentur,
2905 4057 3244 4128 diligantur.
3294 4057 3666 4126 Bulgarorum

2025 4128 2120 4185 ille
2149 4128 2454 4196 apostolus,
2504 4147 2841 4200 quanquam,
2874 4138 2934 4185 ut
2963 4130 3102 4185 dicis
3130 4135 3180 4186 et
3209 4145 3397 4185 verum
3419 4137 3515 4195 est,
3543 4133 3664 4185 lon-

2024 4217 2138 4270 sus,
2170 4202 2358 4255 illotus
2386 4209 2436 4255 et
2455 4209 2643 4256 cate-na
2667 4218 2817 4256 aenea
2836 4203 3050 4257 cinctus
3071 4202 3161 4268 sit,
3184 4201 3453 4271 patricius
3479 4211 3669 4254 tamen

2027 4280 2124 4338 est,
2155 4273 2250 4326 cui
2282 4271 2590 4342 episcopum
2600 4288 2940 4342 praponere,
2964 4277 3308 4328 Francorum
3334 4272 3664 4339 prcescrtim,

2027 4346 2182 4415 nefas
2205 4345 2570 4415 decernimus,
2606 4344 2940 4413 iudicamus.
2973 4345 3041 4399 Et
3085 4344 3367 4415 quoniam
3409 4348 3463 4397 te
3500 4342 3558 4415 id
3585 4357 3670 4396 in-

2028 4411 2195 4484 digne
2222 4411 2376 4484 ferre
2403 4411 2797 4482 cognoscimus,
2830 4432 2941 4468 non
2970 4425 3019 4470 te
3045 4411 3192 4470 nunc
3236 4413 3304 4468 ad
3345 4412 3668 4484 hospitium,

2030 4483 2292 4554 ut’putas,
2324 4484 2502 4539 redire
2546 4487 2806 4550 sinimus,
2837 4485 2931 4540 sed
2967 4487 3026 4540 in
3081 4483 3379 4554 diversorio
3437 4483 3668 4554 quodam

2031 4553 2155 4610 cum
2184 4555 2562 4630 imperatoriis
2598 4556 2961 4630 serpisuhoic
2986 4553 3314 4630 βασιλικοῖς]
3343 4553 3523 4630 cibum
3563 4570 3668 4624 gu-

2671 4625 2879 4694 Quibus
2909 4625 2996 4682 ob'
3019 4625 3504 4694 incomparabilem
3551 4640 3668 4679 cor-

2034 4694 2398 4769 disdolorem
2427 4697 2573 4751 nihil
2615 4697 2889 4765 respondi,
2919 4696 3012 4752 sed
3059 4713 3179 4769 qua
3211 4698 3493 4769 jusserunt
3525 4694 3664 4769 feci,

2032 4768 2326 4836 indignum
2346 4769 2605 4837 judicans
2635 4785 2900 4835 mensam,
2925 4785 3032 4838 qua
3059 4765 3166 4822 non
3198 4765 3317 4823 dico
3344 4767 3482 4820 mihi
3514 4765 3666 4838 Luit-

2033 4839 2246 4910 prando
2299 4836 2542 4908 episcopo
2600 4836 3058 4909 [catechumenus,
3108 4839 3242 4910 haec,
3285 4854 3395 4910 τοι,
3445 4836 3670 4890 videtur

2036 4908 2343 4978 excidisse,
2378 4910 2479 4964 sed
2511 4908 2838 4964 necessario
2871 4910 3107 4981 requiri]
3154 4909 3244 4981 sed
3295 4908 3667 4981 Bulgqrprum

2035 4981 2270 5035 nuntius
2290 4975 2466 5036 vestro
2493 4981 2835 5050 praeponitur
2851 4975 3068 5036 nuntio.
3088 4975 3193 5050 Sed
3219 4978 3412 5050 lenivit
3429 4975 3668 5050 dolerem

2037 5069 2217 5123 meum
2251 5045 2554 5123 imperator
2581 5045 2800 5106 sanctus
2829 5052 2881 5123 [6
2933 5049 3281 5121 αὐτοκράτωρ
3329 5048 3416 5101 vel
3449 5046 3477 5123 ᾇ
3513 5045 3669 5123 βασι-

2038 5120 2164 5194 λεὺς
2196 5123 2224 5174 ὁ
2256 5118 2432 5194 ama
2467 5123 2661 5178 irridet
2693 5118 2943 5194 Graecos]
2972 5118 3198 5194 munere
3226 5133 3424 5194 magno
3453 5118 3670 5194 [omnia

2037 5193 2160 5248 hinc
2191 5188 2406 5249 ironice
2438 5194 2640 5260 dicta],
2689 5188 3085 5249 mittens'mihi
3139 5206 3208 5246 ea:
3261 5188 3672 5260 delicatissimis

2036 5265 2151 5319 suis
2181 5265 2314 5320 cibis
2342 5264 2558 5319 haedum
2586 5258 2970 5335 pinguem,“
3019 5275 3130 5335 quo
3187 5261 3297 5330 ipse
3345 5258 3673 5335 comederat,

2036 5337 2195 5404 allio,
2224 5351 2370 5406 cepe,
2393 5329 2596 5406 porris'
2619 5329 2769 5388 laute
2803 5329 3241 5406 suﬂareinatiim,
3273 5346 3411 5406 garo
3458 5329 3674 5406 delibuf

2035 5402 2189 5472 tum,
2210 5402 2368 5478 quem
2395 5402 2591 5478 Vvestrte
2623 5406 2751 5478 tunc
2779 5418 2977 5478 mensa:
3007 5404 3182 5478 inesse
3231 5403 3431 5478 optavi,
3464 5405 3547 5466 ut,
3570 5402 3678 5478 _qui

2037 5471 2272 5534 delicias
2301 5477 2479 5530 sancti
2510 5475 2864 5538 imperatoris
2894 5476 3072 5526 tantas
3102 5473 3198 5544 [ita
3240 5471 3367 5542 lego
3405 5487 3522 5544 _pro
3552 5471 3680 5544 fau-

2035 5551 2163 5619 stas]
2195 5563 2307 5603 esse
2335 5561 2443 5600 non
2483 5545 2732 5619 creditis,
2781 5545 2974 5619 saltem
3024 5540 3119 5598 his'
3149 5540 3442 5619 perspectis
3491 5540 3680 5619 crede-

2037 5612 2191 5676 retis.
2226 5618 2534 5674 Transactis
2564 5631 2694 5683 ergo
2723 5617 2837 5669 octo
2860 5615 3076 5676 diebus,
3109 5612 3230 5668 cum
3279 5613 3516 5683 Bulgari
3554 5612 3678 5683 jam

2037 5693 2300 5756 abessent,
2361 5693 2564 5756 putans
2620 5702 2705 5740 me
2760 5701 3002 5739 mensam
3061 5684 3425 5752 magniﬁcare
3493 5700 3671 5752 suam,

2039 5764 2099 5816 in
2129 5762 2309 5816 eodem
2345 5761 2455 5815 loco
2486 5774 2570 5815 me
2591 5760 2722 5814 satis
2748 5761 3008 5830 aegrotum
3038 5757 3318 5813 conrivari
3342 5758 3532 5828 coegit.
