4088 6300
389 297 543 361 1363

1447 278 1968 346 CONSTANTINI
2011 273 2706 340 PORPHYROGENITI

3651 273 3836 332 1364

389 436 462 491 ad
511 433 773 489 dextram
805 431 862 484 et
893 424 1190 481 sinistram
1243 421 1488 491 stantes]
1537 422 1764 492 oportet
1793 435 1892 474 vos
1921 434 2024 473 vo-

2152 415 2236 483 ιήν
2276 413 2380 467 ὑπὸ
2411 410 2720 483 καμπάγιον
2752 405 3069 484 σύγκλητον
3099 410 3293 477 πᾶσαν,
3318 409 3434 463 οἷον
3456 407 3828 481 ἆσηκρήτας,

390 539 522 580 care
567 520 668 577 illo
713 514 1020 590 splendido
1050 517 1108 569 et
1134 509 1346 568 celebri
1378 510 1472 565 die
1503 514 1692 564 totum
1736 512 2028 575 senatum,

391 611 493 684 qui
532 606 838 679 campagia
862 604 921 659 in
955 601 1201 674 pedibus
1229 598 1402 671 gerit,
1434 602 1499 652 ut
1523 602 1831 667 asecretas,
1864 597 2032 652 char-

387 699 631 757 tularios
679 707 1020 765 magnorum
1070 693 1443 756 secretorum,
1485 685 1821 758 imperiales
1870 690 2034 741 nota-

2142 499 2581 577 χαρτουλαρίους
2634 502 2742 553 τῶν
2799 495 3055 572 μεγάλων
3119 498 3409 572 σεκρὲτων,
3474 497 3829 571 βασιλικοὺς

2138 589 2425 665 νοταρίους
2498 588 2608 641 τῶν
2685 584 2996 660 λεχθέντων
3071 587 3358 661 σεκρὲτων,
3438 587 3555 640 οἷον
3597 585 3706 640 ἀπό
3756 606 3828 640 τε

2143 674 2721 753 σπαθαροκανδιδάτων
2779 675 2869 730 καὶ
2916 676 3211 750 κατωτέρω
3269 676 3515 743 ὑπάτων,
3568 673 3824 730 δισυπά-

391 789 507 846 rios
528 763 866 844 earumdem
890 782 1267 843 secretorum,
1283 780 1349 831 ut
1371 792 1405 832 a
1424 773 2035 847 spatharocandidatis

2152 790 2274 840 των,
2305 768 2571 840 κομήτων
2599 770 2707 821 τῶν
2753 764 2996 839 σχολῶν,
3056 763 3457 835 σιλεντιαρίων,
3506 766 3825 839 προτικτὸ-

390 876 527 931 inde
578 869 912 944 incipiendo
943 871 1003 923 et
1031 864 1435 922 descendendo
1474 879 1575 935 per
1618 864 1935 934 dignitates
1964 862 2034 917 ad

391 962 684 1030 consules,
716 960 927 1016 iterum
959 954 1253 1023 consules,
1289 953 1526 1009 comites
1557 951 1918 1018 scholarum,
1951 951 2039 1006 si-

390 1052 706 1120 lentiarios,
770 1048 1144 1120 protectores,
1212 1042 1719 1116 eutychiophoros,
1778 1044 2037 1110 sceptro-

391 1141 627 1214 phoros,
652 1136 1023 1195 axiomaticos
1053 1150 1156 1190 seu
1178 1133 1497 1189 honoratos
1517 1146 1547 1186 e
1570 1129 1815 1186 diversis
1845 1127 2038 1199 digni-

392 1232 636 1296 tatibus,
669 1228 741 1284 ad
775 1241 1089 1283 numerum
1122 1239 1306 1295 usque
1338 1223 1460 1291 168,
1484 1221 1557 1276 de
1586 1219 1868 1292 Agarenis
1899 1234 2037 1289 prea-

392 1319 527 1376 torii
554 1318 647 1386 24,
679 1318 748 1373 de
778 1315 985 1372 amicis
1014 1313 1281 1385 Bulgaria
1311 1313 1398 1379 12,
1430 1314 1487 1366 et
1516 1310 1723 1365 fratres
1754 1323 2039 1379 pauperes

393 1409 601 1464 itidem
634 1408 720 1462 12.
757 1404 1071 1460 Procedere
1119 1405 1313 1457 autem
1363 1402 1593 1470 oportet
1634 1397 1769 1453 illos
1801 1397 1860 1451 in
1892 1394 2040 1452 serie

395 1498 504 1553 hoc
563 1496 789 1552 modo:
849 1496 1145 1549 senatores
1202 1488 1441 1561 quidem
1500 1486 1821 1543 secundum
1877 1501 2040 1541 suam

352 1612 355 1613 ν
398 1600 688 1658 quemque
736 1582 1078 1655 dignitatem
1119 1585 1177 1635 et
1219 1580 1448 1633 diversa
1489 1576 1702 1643 ofﬁcia,
1729 1575 2042 1646 dextraque

398 1675 752 1744 sinistraque
774 1671 1022 1737 divisos;
1052 1672 1350 1739 Agarenos
1371 1670 1562 1721 autem
1584 1665 1739 1721 locat
1760 1681 1791 1720 e
1812 1665 2043 1735 regione

2146 877 2276 933 ρων,
2353 853 2760 931 εὐτυχοφόρων,
2856 851 3321 930 σκηπτλοφόρων,
3409 850 3818 926 ἀξιωματικῶν

2144 950 2250 1000 τῶν
2281 943 2556 1021 διαφόρων
2586 942 2881 1019 ταγμάτων
2904 941 2997 997 τὸν
3030 941 3265 1016 ἀριθμὸν
3296 943 3433 1015 ρξη“,
3480 943 3817 1016 Ἀγαρηνῶν

2144 1038 2241 1089 τοῦ
2271 1031 2613 1108 πραιτωρίου
2640 1029 2741 1101 κδ’,
2765 1034 2874 1085 τῶν
2904 1028 3240 1104 Βουλγάρων
3268 1028 3445 1108 φίλων
3473 1030 3820 1105 ἀνθρώπους

2149 1124 2241 1199 ιβ’,
2272 1123 2362 1177 καὶ
2415 1123 2653 1192 πένητας
2703 1118 2976 1195 ἀδελφοὺς
3022 1121 3113 1174 τὸν
3158 1119 3390 1192 ἀριθμὸν
3447 1120 3540 1195 ιβ’·
3574 1140 3821 1193 προκιν-

2147 1212 2319 1267 σεύειν
2353 1209 2411 1266 δὲ
2440 1210 2634 1271 αὐτοὺς
2675 1206 2939 1288 στιχηδὸν
2991 1208 3187 1271 οὕτως·
3229 1208 3358 1272 τοὺς
3398 1208 3491 1281 μὶν
3552 1208 3819 1283 συγκληο

2146 1301 2331 1362 τικοὺς
2360 1300 2499 1355 κατά
2546 1302 2641 1361 τὰς
2701 1298 2901 1360 οἰκείας
2958 1298 3137 1352 αὐτῶν
3197 1297 3348 1367 ἀξίας
3404 1298 3495 1352 καὶ
3552 1299 3654 1362 τὰς
3698 1303 3822 1353 τῶν

2151 1390 2423 1469 ὀφφικὶων
2462 1388 2637 1443 αὐτῶν
2689 1385 2953 1464 διαφορᾶς
3004 1384 3462 1460 διαστελλόμενος
3511 1382 3661 1452 ἔνθεν
3708 1386 3820 1441 κᾶ-

2146 1481 2341 1534 κεῖθεν·
2402 1476 2531 1540 τοὺς
2598 1475 2656 1532 δὲ
2724 1476 3057 1553 Ἀγαρηνούς
3124 1477 3402 1533 κατέναντι
3465 1484 3570 1547 τῆς
3626 1472 3818 1551 ὅψεως

2148 1573 2255 1623 τῶν
2295 1566 2570 1642 βασίλεων
2598 1569 2713 1641 (48)
2745 1566 2834 1621 ἐπὶ
2880 1573 2981 1636 τῆς
3037 1565 3203 1636 ’ἐκτης
3245 1567 3335 1622 καὶ
3381 1562 3629 1641 ὲδϐόμης
3673 1586 3817 1640 τραο

2151 1657 2344 1727 πὲζης·
2378 1657 2506 1719 τοὺς
2540 1654 2599 1711 δὲ
2630 1653 2965 1732 Βουλγάρων
2994 1655 3313 1730 ἀνθρώπους
3348 1655 3437 1711 ἐπὶ
3466 1662 3572 1725 τῆς
3612 1655 3819 1725 ἐνάτης

400 1769 457 1821 et
486 1741 797 1834 conspectu
838 1758 1258 1830 imperatorum
1289 1758 1358 1811 ad
1388 1760 1611 1811 sextam
1644 1759 1701 1809 et
1730 1754 2040 1823 septimam

2152 1748 2424 1821 τραπέζης
2454 1752 2553 1814 τῆς
2585 1744 2754 1814 αὐτῆς
2797 1742 3057 1818 περιόδου
3109 1746 3243 1819 (49)·
3290 1743 3418 1807 τοὺς
3465 1741 3525 1799 δε
3569 1743 3817 1814 πένητας

2231 1836 2244 1853 ι
2336 1834 2350 1853 ,
2430 1834 2441 1851 ι
2752 1833 2774 1853 η
2818 1839 2841 1850 -
2881 1845 2900 1853 ,
3019 1833 3033 1851 ν
3087 1834 3099 1847 ι
3194 1840 3223 1852 -
3308 1836 3348 1853 ,ε
3538 1835 3588 1853 ...
3747 1840 3775 1851 -

402 1867 666 1909 mensam
690 1868 703 1917 ;
729 1849 1007 1920 Bulgaros
1037 1847 1108 1903 ad
1133 1862 1344 1901 nonam
1371 1846 1450 1916 [et
1473 1843 1766 1914 ultimam]
1786 1843 2047 1913 ejusdem

405 1942 599 1999 obitus
628 1937 741 2011 [vel
774 1937 977 2010 plagae,
1026 1937 1236 1991 dextras
1284 1934 1550 2005 scilicet].
1580 1938 1868 2004 Pauperes
1897 1932 2049 1988 exci-

404 2031 646 2101 piuntur
693 2026 907 2098 pariter
954 2039 1186 2096 quoque
1226 2040 1381 2078 nona
1412 2039 1635 2089 mensa,
1666 2022 1765 2078 sed
1798 2022 2047 2078 sinistrae

404 2117 607 2191 partis,
630 2115 730 2172 ubi
780 2130 984 2185 nempe
1015 2112 1371 2184 drungarius
1417 2111 1646 2167 adstare
1677 2109 1841 2166 solet.
1869 2111 2054 2167 Intro-

407 2209 614 2262 ducere
644 2209 840 2261 autem
867 2207 1091 2276 Oportet
1118 2219 1321 2257 omnes
1343 2205 1475 2273 post
1496 2202 1805 2257 adventum
1830 2200 2054 2256 amico—

404 2312 536 2353 rum
571 2295 762 2368 primo
792 2293 917 2349 loco
940 2293 1011 2348 ad
1035 2306 1259 2347 sacram
1294 2307 1552 2346 mensam
1585 2296 1918 2346 vocatorum
1942 2289 2051 2345 hoc

409 2384 603 2440 modo.
632 2380 1020 2438 Axiomaticos
1057 2396 1159 2436 seu
1192 2380 1252 2434 in
1285 2379 1670 2451 dignitatibus
1701 2380 2050 2435 constitutos

408 2488 613 2529 omnes
652 2487 787 2527 cum
834 2470 953 2525 suis
988 2468 1340 2536 mutatoriis,
1373 2467 1775 2538 chlamydibus
1824 2473 1966 2539 puta
1995 2470 2053 2523 et

407 2558 1073 2631 campagiis,secundum
1089 2556 1353 2612 ordinem
1367 2556 1687 2628 dignitatis,
1706 2573 1881 2628 quam
1898 2556 2055 2627 quis-

408 2665 522 2720 que
566 2648 735 2720 gerit,
787 2650 845 2703 et
891 2645 1069 2701 ofﬁcii
1117 2646 1375 2716 pariter;
1421 2647 1713 2717 Agarenos
1762 2649 1952 2701 autem
1993 2645 2052 2701 in

413 2736 678 2794 candidis
734 2735 994 2792 vestibus
1050 2734 1272 2805 absque
1327 2733 1512 2802 zonis,
1571 2739 1627 2789 et
1685 2735 1745 2789 in
1803 2734 2050 2805 calceis;

411 2820 868 2894 praeambulante
908 2821 1066 2892 ipsos
1105 2819 1392 2888 articlino,
1425 2819 1522 2891 qui
1553 2835 1650 2876 eos
1677 2819 2056 2890 introevocat,

2155 1836 2247 1891 καὶ
2294 1834 2489 1895 αὐτοὺς
2537 1833 2965 1908 προσκαλεῖσθαι
3015 1833 3104 1889 ἐπὶ
3155 1840 3257 1903 τῆς
3304 1836 3348 1898 θ’
3384 1835 3662 1909 τραφέζης
3705 1840 3811 1902 τῆς

2156 1923 2440 1996 εὐωνύμου
2472 1922 2690 1990 θέσεως,
2734 1922 2785 1976 ἐν
2920 1923 3252 1998 παράστασις
3308 1927 3405 1978 τοῦ
3446 1921 3810 1999 δροὺγγαρὶου

2154 2014 2441 2088 τυγχάνει.
2484 2011 2735 2087 Εἲσάγειν
2767 2008 2825 2067 δὲ
2874 2008 2959 2067 δεῖ
3005 2012 3242 2074 ἅπαντας
3304 2012 3438 2085 μετᾶ
3481 2013 3582 2081 τήν
3633 2011 3818 2089 ἄφιξιν

2154 2108 2262 2159 τῶν
2335 2101 2750 2178 πρωτοκλήτων
2804 2100 2985 2180 φίλων
3043 2110 3146 2173 τῆς
3198 2102 3487 2179 βασιλικῆς
3535 2105 3817 2179 τραπέζης

2156 2194 2356 2253 οὓτως·
2416 2191 2542 2254 τοὺς
2602 2192 2696 2264 μὲν
2741 2191 3141 2266 ἀξιωματικοὺς
3201 2193 3438 2255 ἅπαντας
3516 2195 3653 2266 μετᾶ
3701 2198 3819 2248 τῶν

2157 2282 2379 2337 οἰκείων
2409 2280 2819 2354 ἀλλαξιμάτων,
2870 2278 3177 2358 χλαμύδων
3211 2303 3269 2337 τε
3315 2282 3404 2336 καὶ
3452 2282 3815 2357 καμπαγῖων,

2158 2368 2420 2446 στιχηδὸν
2450 2371 2590 2426 κατὰ
2618 2372 2766 2443 τάξιν
2799 2375 2896 2425 τοῦ
2927 2370 3091 2425 αὐτοῦ
3139 2370 3450 2444 ἀξιώματος
3498 2372 3589 2426 καὶ
3642 2371 3818 2450 dequ-

2156 2459 2298 2514 κῖου·
2329 2460 2457 2521 τοὺς
2499 2456 2557 2513 δὲ
2605 2459 2940 2535 Ἀγαρηνοὺς
2983 2459 3353 2537 λευκοφόρους
3396 2460 3641 2530 ἆζώνους
3695 2462 3814 2535 (50)

2159 2545 2609 2621 ὑποδεδεμένους,
2671 2542 2932 2619 δηλονὸτι
2983 2549 3466 2625 προπορευομένου
3518 2549 3565 2586 ³⁷
3604 2551 3807 2610 αὐτοῖς

2155 2642 2253 2693 τοῦ
2311 2636 2640 2699 καλέσαντος
2700 2635 3011 2711 ἀρτικλίνου
3068 2638 3157 2693 καὶ
3217 2637 3691 2717 συνανερχομένου
3729 2636 3817 2695 ἐφ’

2158 2721 2410 2799 ἐκατέρου
2448 2729 2555 2780 τῶν
2615 2729 2793 2798 μερῶν
2845 2722 2934 2780 διὰ
2982 2731 3085 2795 τῆς
3138 2725 3390 2789 ὀπισθίου
3447 2726 3648 2790 θέσεως
3702 2731 3812 2782 τῶν

2156 2816 2335 2869 αὐτῶν
2364 2809 2683 2869 ἀκουϐίτων-
2704 2814 2794 2868 καὶ
2838 2812 2926 2868 διὰ
2971 2817 3067 2869 τοῦ
3120 2813 3454 2889 ἐμπροσθῖου
3499 2816 3674 2871 τόπου
3721 2814 3809 2886 ἐξ·

410 2916 469 2968 et
513 2910 687 2967 simul
740 2925 874 2966 cum
928 2908 1073 2981 ipsis
1131 2908 1473 2964 ascendente
1503 2907 1562 2963 in
1595 2913 1843 2980 utraque
1898 2917 2045 2981 parte

2162 2904 2525 2977 αριθμοῦντος
2572 2901 2654 2980 ἐφ’
2711 2900 2922 2974 ἑκάστῳ
2973 2897 3248 2975 ἀκουείτῳ
3298 2900 3579 2959 δωδεκάδα
3625 2925 3803 2981 προσ-

412 2999 703 3072 {triclinii}
725 3015 826 3070 per
847 2999 1123 3069 posticam
1158 3002 1384 3068 partem
1416 2998 1792 3054 accubituum
1812 3003 1869 3053 et
1890 2999 2055 3053 dein-

414 3105 550 3160 ceps
578 3089 649 3142 ab
681 3088 922 3157 antiqua
952 3087 1292 3141 eorumdem
1323 3094 1701 3140 enumerante
1722 3087 1780 3140 in
1812 3085 2058 3154 singulis

2163 2993 2326 3046 ώπων
2371 2993 2494 3065 μίαν
2541 2993 2630 3047 καὶ
2673 2994 2748 3064 μὴ
2802 2992 3224 3067 συγχωροῦντὸς
3270 3014 3389 3048 τινα
3432 2993 3809 3065 ἀνακληθῆναι

2169 3082 2337 3153 μέχρι
2383 3088 2482 3149 τῆς
2537 3080 2892 3159 ἐκφωνήσεως
2942 3085 3053 3135 τῶν
3104 3083 3465 3155 παρεστώτων
3515 3081 3817 3156 βασιλικῶν

414 3146 695 3231 accubitis
711 3174 1010 3228 duodenos
1030 3173 1460 3240 accumbentes,
1476 3189 1666 3243 neque
1684 3173 2045 3244 permittente

2169 3166 2506 3241 βουκαλίων.
2542 3170 2695 3225 Μετὰ
2725 3167 2785 3224 δὶ
2811 3171 2910 3239 τὴν
2944 3170 3161 3225 πάντων
3190 3169 3487 3241 ἀνάκλησιν
3520 3169 3606 3227 δεῖ
3632 3192 3806 3248 προσ-

412 3263 708 3333 cuiquam,
736 3265 799 3315 ut
830 3260 991 3330 prius
1022 3259 1345 3328 accumbat,
1371 3276 1539 3332 quam
1567 3261 1897 3332 imperiales
1930 3278 2056 3316 mu-

413 3350 519 3408 sici
585 3350 878 3406 adstantes
945 3347 1215 3405 modulos
1278 3364 1417 3405 suos
1473 3350 1839 3421 occceperint.
1899 3352 2048 3407 431

2165 3255 2310 3331 ἐχειν
2339 3256 2401 3312 τὸ
2435 3260 2694 3330 μουσικὸν
2731 3256 2919 3332 μέλος,
2951 3260 3042 3314 καὶ
3082 3260 3241 3329 ἡνίκα
3282 3259 3345 3315 τὸ
3396 3259 3537 3316 ἴδιον
3585 3261 3816 3337 ἀπηχή-

2166 3371 2246 3406 σει
2276 3350 2515 3428 φθέγμα,
2552 3348 2917 3420 ἐξανίστασθαι
2967 3347 3201 3413 ἅπαντας
3251 3353 3362 3424 (51)
3412 3350 3487 3414 εἷς
3541 3352 3815 3430 εὐφημίαν

1770 3451 2008 3507 νΑΗΙίΕ
2046 3451 2454 3508 LECTIONES.

482 3547 528 3586 97
558 3546 1047 3625 προπορευομὲνων
1080 3547 1232 3616 cod.,
1263 3547 1441 3602 αὐτῶν
1470 3549 1596 3607 cod.
1630 3553 1686 3605 et
1715 3550 1806 3608 ed.

1451 3640 1651 3696 JOAN.
1691 3640 1839 3697 JAC.
1881 3642 2147 3698 REISKII
2188 3640 2782 3699 COMMENTARIUS.

487 3733 596 3806 (48)
622 3732 1024 3806 Ροτοδεουτιιε
1055 3729 1148 3785 hic
1178 3734 1266 3785 est
1287 3729 1472 3806 locus.
1494 3730 1640 3806 Nam
1664 3731 1714 3806 si
1744 3731 2057 3806 imperator

415 3801 701 3860 in‘medio
733 3804 904 3869 sedit,
931 3807 1085 3857 recta
1119 3803 1416 3872 prospexit
1442 3802 1511 3855 ad
1542 3801 1845 3856 introitum
1874 3803 2057 3859 tricli-

417 3874 520 3942 nii,
546 3874 645 3930 ubi
680 3873 842 3929 nulla
872 3888 1097 3940 mensa,
1119 3877 1177 3927 et
1198 3888 1367 3928 nemo
1397 3872 1666 3940 sedebat;
1691 3875 1759 3927 ad
1794 3873 2053 3930 dextram

414 3961 549 4001 vero
580 3961 695 3999 non
729 3945 913 4015 magis
940 3943 1263 4008 commode,
1285 3960 1460 4014 quam
1480 3944 1565 4016 ad
1597 3943 1918 4012 sinistram,
1957 3963 2056 4016 po-

415 4020 565 4072 terat
595 4016 1200 4087 prespicere.rErgone
1228 4015 1531 4087 inrangulo
1559 4031 1789 4087 summo
1830 4015 2057 4072 sinistri

417 4085 616 4158 lateris
649 4085 921 4158 sedebat?
942 4085 1448 4158 Suadereyidetur
1476 4086 1571 4141 hic
1591 4085 1756 4140 locus
1777 4092 1908 4158 etp.
1929 4088 2055 4155 431,

419 4158 516 4214 ubi
566 4157 600 4226 ἡ
651 4153 762 4211 ἄνω
818 4155 1145 4230 προσω-πικὴ
1204 4152 1385 4223 ἔξοδος
1443 4164 1811 4230 memoratur,
1852 4152 2055 4230 Exitus,

455 4231 519 4284 ui
536 4232 594 4284 in
615 4245 832 4284 summa
863 4228 1101 4283 triclinii
1131 4234 1290 4298 parte
1309 4242 1338 4281 ε
1360 4228 1585 4295 regione
1614 4229 1962 4293 imperatoris
1981 4235 2057 4285 est

455 4246 515 4284 ut
536 4247 594 4284 tn
615 4246 832 4284 summa
864 4246 1100 4283 mcnnu
1131 4246 1290 4298 parte
1309 4246 1338 4281 ε
1360 4246 1585 4295 regione
1614 4246 1962 4293 imperatoris
1981 4246 2055 4285 εει

420 4246 590 4355 gena
619 4316 750 4354 vero
781 4304 839 4354 et
882 4300 1131 4370 septima
1155 4313 1380 4370 mensa,
1410 4298 1478 4352 ad
1522 4314 1698 4369 quam
1746 4301 2055 4355 accumbe-

420 4372 562 4425 bant
608 4370 901 4438 Saraceni,
933 4377 1051 4424 erat
1098 4369 1169 4422 ad
1224 4370 1502 4440 dextram,
1536 4375 1780 4440 ut_patet
1810 4387 1839 4425 e
1868 4372 2056 4428 verbis

422 4441 684 4566 groxime
740 4441 1018 4509 subiectis
1064 4440 1163 4506 τῆς
1218 4438 1389 4508 αὐτῆς
1444 4438 1721 4514 περιόδου.
1772 4442 2058 4499 Dicuntur

473 4511 649 4566 uluari
683 4526 896 4564 nonam
938 4526 1196 4566 mensam
1230 4513 1487 4566 eiusdem
1523 4514 1697 4566 obitus
1727 4530 1828 4566 seu
1863 4516 2057 4566 lateris

473 4511 649 4577 ulgari
683 4526 896 4564 nonam
938 4526 1196 4566 mensam
1230 4513 1487 4581 ejusdem
1516 4511 1697 4568 obitus
1727 4530 1828 4569 seu
1863 4516 2057 4571 lateris

2167 3732 2298 3808 Cum
2328 3732 2556 3800 cingula
2600 3749 2705 3787 sua
2744 3733 2992 3805 plerique
3038 3733 3429 3808 militantium,
3459 3736 3560 3808 qui
3586 3735 3655 3791 ad
3682 3751 3809 3793 con-

2164 3806 2374 3878 vivium
2420 3808 2701 3878 venerant,
2726 3810 2999 3878 ponerent
3043 3805 3181 3878 hora
3224 3805 3485 3875 convivii,
3519 3837 3588 3849 -—
3628 3814 3809 3878 postea

2163 3877 2341 3950 rogati
2395 3875 2465 3929 ad
2519 3874 2830 3929 convivium
2884 3876 3058 3950 cincti
3088 3874 3504 3950 occubuerunt.
3534 3910 3603 3919 —
3628 3874 3806 3950 'Alque

2167 3946 2297 4001 hinc
2324 3949 2589 4020 tractum
2626 3962 2871 4020 morent,
2899 3956 2959 4020 ul
3005 3947 3258 4020 deinceps
3307 3965 3434 4004 cum
3481 3946 3810 4020 imperatore

2164 4016 2777 4092 cincli_gliscumberenl.
2810 4017 3086 4092 Discincti
3116 4016 3247 4092 esse
3276 4020 3541 4076 solebant
3562 4016 3806 4092 epulan-

2167 4098 2275 4143 tes.
2312 4090 2455 4143 Hinc
2500 4088 2868 4143 immodestia
2915 4088 3161 4145 Neronis
3212 4096 3452 4147 notatur
3479 4109 3514 4148 a
3541 4088 3802 4148 Suetonio

2165 4175 2217 4234 c.
2246 4161 2309 4214 51
2342 4176 2356 4215 :
2386 4160 2544 4227 Quod
2583 4162 2904 4234 plerumque
2946 4161 3331 4234 synthesinam
3380 4162 3610 4219 indutus
3636 4165 3803 4233 ligato

2164 4233 2312 4305 circa
2340 4234 2541 4305 collum
2570 4231 2795 4287 sudario
2812 4231 3072 4303 prodibat
3092 4232 3155 4287 in
3174 4234 3454 4305 publicum
3483 4236 3608 4291 sine
3632 4231 3802 4292 cinctu

2164 4305 2215 4356 et
2244 4302 2627 4357 discalcealus.

2233 4374 2343 4447 (‘51)
2387 4372 2678 4447 Debebant
2705 4372 2971 4447 conviva;
3019 4390 3276 4447 surgere,
3306 4375 3543 4446 quando
3574 4381 3676 4433 aut
3701 4377 3799 4433 he-

2165 4445 2550 4517 nediccndum
2580 4444 2750 4517 dictis
2781 4444 3050 4500 laudibus
3072 4444 3406 4517 imperatori
3429 4453 3605 4516 esset,
3629 4449 3800 4503 autin

2164 4516 2289 4591 ejus
2320 4516 2568 4591 salutem
2600 4515 2939 4591 bibendum,
2964 4522 3068 4572 aut
3090 4515 3326 4588 quando
3348 4534 3378 4573 e
3408 4520 3570 4591 regia
3594 4515 3801 4576 mensa

425 4596 710 4661 occupare
738 4596 869 4661 cum
903 4581 1233 4661 Saracenis;
1257 4589 1315 4637 et
1348 4601 1864 4661 pauperesponam
1900 4604 2056 4661 men:
2083 4589 2129 4653 D
2162 4581 2341 4661 dapes
2389 4587 2459 4661 ad
2502 4587 2770 4661 convivas
2819 4581 3206 4643 mitterentur.
3240 4593 3325 4645 Ita
3370 4581 3607 4661 qudque
3656 4593 3798 4661 apud

424 4669 551 4708 sam
572 4650 585 4652 ί
602 4650 845 4706 εἰσίδῃ-ω
896 4651 1197 4727 positionis
1222 4669 1350 4727 _seu
1375 4650 1611 4727 _plagaa._
1634 4655 1772 4719 Ergo
1822 4656 2052 4727 Bulgari

422 4739 636 4781 nonam
689 4736 950 4776 mensam
993 4723 1175 4775 dextri
1222 4722 1440 4789 lateris,
1489 4722 1545 4779 et
1587 4725 1854 4780 Saraceni
1904 4722 2052 4785 dwuas

420 4795 564 4852 alias
594 4794 853 4863 ejusdem
885 4791 1083 4846 lateris
1104 4794 1484 4863 occupabant.

491 4866 601 4937 (49)
634 4863 846 4919 Liberis
886 4878 1092 4934 nempe
1139 4869 1305 4919 erant
1351 4881 1564 4922 mensas
1596 4870 1652 4923 et
1683 4884 1714 4923 a
1747 4868 2059 4937 parietibus

422 4937 789 5008 aliquantum
820 4943 1078 5011 remote,
1106 4940 1181 5011 _ut
1210 4940 1416 5011 praeter
1453 4953 1554 5011 eas
1590 4943 1708 4993 tam
1742 4940 1813 4994 ab
1844 4942 2056 5011 antica,

423 5005 597 5079 quam
631 5024 665 5063 a
701 5007 925 5079 postica
972 5005 1119 5079 obiri
1170 5005 1384 5079 posset,
1437 5012 1493 5062 et
1541 5005 2061 5068 introducebantur

425 5078 673 5136 conviva
704 5078 737 5133 ιι
762 5079 1001 5149 postica,
1032 5078 1424 5149 educabantur
1454 5083 1645 5149 autem
1676 5079 1747 5134 ab
1775 5083 1984 5139 antica.

497 5150 606 5223 (50)
648 5147 1531 5223 Abs—quezonis‘intrabanthi
1576 5149 1868 5223 Saraceni,
1916 5155 2059 5210 forte

427 5219 679 5291 quia,'ut
708 5219 859 5290 capti
890 5219 1060 5285 bello,
1093 5219 1379 5288 discincti,
1405 5219 1655 5285 cingulo,
1680 5219 1735 5273 id
1762 5225 1869 5289 est,
1904 5224 2058 5281 mili-

428 5293 509 5347 tia
539 5297 595 5345 et
624 5290 842 5346 honore
871 5291 1052 5356 omni,
1085 5292 1260 5347 soluti
1292 5296 1475 5346 erant.
1500 5291 1601 5345 Sed
1635 5292 1693 5345 in
1726 5292 2055 5349 universum

429 5362 600 5425 nulli,
631 5363 753 5415 sive
791 5363 979 5416 cincto
1020 5362 1135 5417 sive
1178 5364 1471 5428 distincto,
1505 5362 1715 5417 licebat
1753 5362 1891 5417 olim
1924 5379 2057 5420 cum

429 5431 663 5503 cingulo
685 5434 754 5485 ad
779 5448 998 5505 sacram
1024 5450 1295 5505 mensam
1330 5436 1559 5501 venire;
1590 5433 1684 5505 qui
1715 5449 1839 5488 mos
1861 5450 2061 5504 quam-

426 5505 516 5557 vis
565 5508 825 5556 mntatus
863 5504 971 5556 sub
1011 5503 1269 5575 Gallieno
1323 5506 1515 5573 fuerit,
1548 5503 1739 5561 tamen
1791 5503 2057 5575 deinceps

428 5577 729 5644 revocatus
760 5580 865 5636 est,
886 5583 957 5644 _ut
987 5589 1017 5629 e
1046 5574 1286 5644 Trebell.
1320 5575 1574 5632 Pollione
1613 5580 1857 5641 constat,
1890 5576 2057 5644 cujus

429 5642 554 5700 haec
603 5645 741 5697 sunt
784 5642 958 5699 verba
1002 5643 1210 5715 Script.
1255 5645 1321 5700 Il.
1370 5648 1436 5702 A.
1469 5651 1509 5704 t.
1544 5648 1617 5712 II,
1651 5662 1781 5719 pag.
1814 5642 2055 5705 245-47:

2165 4656 2491 4732 _Hunno_s‘in
2518 4674 2623 4732 usu
2660 4658 2860 4721 fuisse,
2889 4667 2969 4727 ut,
2996 4662 3229 4729 quando
3258 4656 3404 4715 unus
3436 4656 3603 4717 alteri
3634 4656 3799 4732 pocu-

2164 4728 2285 4804 l_um
2317 4728 2807 4804 vini_pr0pinaret,
2831 4728 3093 4804 surgeret
3121 4732 3361 4788 inferior
3392 4748 3582 4804 neque
3612 4728 3798 4789 consi-

2164 4799 2323 4854 deret
2358 4800 2554 4873 pri‘us,
2588 4814 2761 4873 quam
2804 4799 3071 4873 poculum
3109 4810 3441 4873 porrectum
3486 4799 3801 4860 'delibasset

2167 4875 2266 4945 aut
2321 4869 2617 4945 ebibisset;
2674 4869 2892 4945 [ξάντων
2948 4869 3001 4925 ἐν
3056 4869 3248 4945 κόσμῳ
3298 4873 3676 4944 καθεστώτων,
3724 4875 3799 4930 ait

2167 4941 2400 4996 Priscus
2444 4941 2504 4995 in
2536 4939 2925 5016 descriptione
2967 4939 3311 5016 omnemque
3360 4946 3515 5015 apud
3566 4939 3793 5002 Attilam

2168 5016 2440 5085 exceptus
2494 5028 2626 5068 cum
2659 5012 2885 5085 trieteris
2917 5012 3229 5085 legationis
3254 5012 3568 5073 comi—tibus
3596 5019 3793 5073 fuerat.

2164 5082 2423 5154 Excerpt.
2459 5087 2646 5155 Legat.
2674 5082 3046 5155 Hceschelfp.
3068 5086 3160 5154 51,
3186 5102 3310 5142 cum
3336 5087 3525 5144 omnia
3552 5089 3794 5144 ordinata

2165 5161 2229 5238 et
2242 5169 2464 5243 poratq‘
2497 5154 2568 5209 ad
2604 5154 3176 5243 epulandummessent,
3206 5155 3493 5243 παρελθὼν
3546 5158 3789 5243 οἰνοχόος

2162 5220 2253 5301 tip-
2293 5221 2521 5301 ’ᾼττίλα
2578 5220 2741 5301 οἷ’νου-
2801 5220 3078 5301 κισσύϐιον
3143 5220 3449 5301 ἐπιδίδωσι.
3510 5220 3785 5301 Δεξάμὲνος

2163 5294 2255 5348 τὸν
2433 5296 2576 5370 ταξει
2608 5299 2847 5370 ,πρῶτον
2902 5296 3196 5370 ᾐσπᾴζετο,
3228 5300 3288 5356 Ὁ
3320 5296 3377 5354 δὲ
3405 5303 3486 5369 τῷ
3536 5294 3787 5370 ἀσπασμῷ

2163 5364 2415 5443 τιμηθεξς
2454 5364 2785 5443 Λδιανὶστατο
2814 5367 2947 5443 ,καὶ-
2976 5368 3037 5422 οὐ
3070 5364 3348 5443 πρότερον
3404 5364 3614 5443 ξιζῆσαι,
3641 5364 3782 5443 θέμις

2164 5436 2412 5512 ᾗνμπρίν
2444 5438 2477 5507 ἢ
2505 5442 2587 5512 ,τῷ
2636 5437 2877 5512 οἰνοχόῳ
2923 5436 3361 5512 ἀπογευσάμενος
3397 5436 3554 5512 {fieri
3601 5436 3788 5496 ἐκπιὼν

2165 5502 2412 5583 cit-tridente
2465 5502 2534 5583 το
2562 5502 2892 5583 ’κισσύϐιονε
2926 5502 3257 5583 Καθὲσθεντα
3306 5502 3363 5566 δὲ
3407 5502 3568 5566 αὐτὸν
3619 5512 3786 5583 τούτῳ

2162 5580 2248 5656 τῷ
2272 5575 2458 5656 τρόπω
2487 5578 2539 5656 οἱ
2568 5579 2831 5656 παρόντες
2877 5577 3076 5656 ἒτ-ίμων
3126 5579 3417 5656 δεχόμενοι
3446 5582 3544 5644 τὰς
3572 5575 3788 5656 κύλικας

2165 5647 2253 5702 καὶ
2305 5647 2436 5720 μετὰ
2462 5647 2554 5704 τὸν
2587 5647 2865 5725 ἀσπασμὸν
2916 5647 3332 5729 ἀπογευόμὲνὸι.
3365 5656 3606 5726 Deinde,
3639 5655 3786 5712 illato
