4080 6300
240 334 275 394 1
287 334 406 395 369

1121 337 1221 397 DE
1263 335 1713 398 CERIMONHS
1757 334 1995 396 AULE
2036 333 2514 396 ΒΥΖᾹΝΤΙΝᾸΞ
2559 334 2708 396 LIB.
2754 336 2835 395 ll.

3493 325 3646 388 1370

237 464 520 540 τραπέζης
549 463 878 539 δαιτυμόνας
908 465 1134 542 ἐξάγειν,
1168 465 1429 536 δηλονότι
1469 468 1514 504 ⁹⁰
1543 486 1891 543 προπορευο-

2023 483 2106 526 >er
2135 468 2417 540 posticam
2449 467 2793 541 positionem
2817 468 2902 525 vel
2925 470 3150 542 partem
3174 465 3567 533 accubituum,
3590 465 3648 518 et

250 548 420 626 μένου
457 554 637 615 αὐτοῖς
665 560 762 609 τοῦ
811 553 1028 610 κλεινοῦ
1074 555 1406 629 καστρησίου
1453 561 1554 625 τῆς
1609 553 1898 630 βασιλικῆς

249 645 442 718 τιμίας
474 643 764 719 τραπέζης.
814 646 936 701 Ἑπί
995 645 1051 699 δέ
1095 651 1196 714 τῆς
1245 642 1493 720 δευτέρας
1541 645 1752 719 ἡμέρας
1795 653 1897 715 τῆς

247 731 634 809 πολυσχεδοῦς
660 733 861 804 ταύτης
890 736 977 788 καὶ
1011 732 1265 808 λαμπρᾶς
1296 731 1584 796 πανδεσίας
1626 733 1706 790 δεῖ
1754 738 1902 808 ἡμᾶς

251 822 587 894 εὐτρεπίζειν
639 823 716 886 εἰς
761 822 1097 900 πρόσκλησιν
1141 829 1242 892 τῆς
1298 821 1586 896 βασιλικῆς
1642 818 1904 897 περιϐλέ-

252 931 398 967 πτου
429 911 703 986 τραπέζης
745 910 953 985 ὁμοίως
1011 911 1364 988 μαγίστρους,
1411 911 1750 972 ἀνθυπάτους
1798 931 1904 966 πα-

249 999 500 1075 τρικίους
554 999 960 1078 ὀφφικιαλίους,
1013 1000 1102 1056 καὶ
1152 999 1456 1062 οἰκειακοὺς
1505 1011 1904 1074 πρωτοσπαθα-

258 1089 434 1164 ρίους,
465 1091 558 1145 τὸν
618 1091 848 1165 ἀριθμὸν
898 1091 989 1166 ιβ’,
1041 1087 1540 1166 συναριθμουμένου
1590 1089 1775 1152 αὐτοῖς
1822 1087 1904 1158 ἐξ·

254 1178 490 1254 αιρέτως
545 1183 644 1234 τοῦ
702 1175 1027 1254 δομεστίκου
1083 1185 1192 1236 τῶν
1249 1177 1469 1255 σχολῶν
1517 1179 1656 1236 κατὰ
1709 1178 1899 1234 τύπον·

259 1265 493 1343 εἰσάγειν
525 1265 584 1322 δὲ
639 1267 834 1330 αὐτοὺς
880 1269 1084 1331 πάντας
1139 1267 1192 1324 ἔν
1247 1273 1315 1341 τῇ
1374 1268 1548 1323 αὐτῶν
1607 1267 1904 1338 ἀνακλήσει

257 1353 699 1434 χλανιδοφόρους
739 1355 1161 1432 ἐστολισμένους
1207 1357 1343 1412 κατᾶ
1391 1357 1454 1412 τὸ
1504 1355 1643 1412 ἴδιον
1684 1363 1901 1432 σχῆμαο

252 1443 384 1505 τοὺς
446 1442 502 1501 δὲ
560 1445 867 1508 οἰκειακοὺς
914 1446 1434 1521 πρωτοσπαθαρίους
1495 1447 1627 1518 μετὰ
1684 1450 1790 1500 τῶν
1824 1445 1906 1499 οἱ·

257 1533 424 1588 κείων
485 1533 718 1588 σπεκίων
786 1534 878 1588 καὶ
935 1529 1119 1608 ῥωέων
1180 1535 1404 1610 σαγίων,
1465 1533 1782 1610 έμπροσθίῳ
1827 1541 1906 1609 τῷ

262 1624 537 1696 σχήματι,
568 1625 746 1684 καθὼς
777 1623 1032 1699 ἀνωτέρω
1057 1621 1385 1694 δεδήλωται.
1418 1625 1508 1681 Ἐν
1543 1621 1599 1678 δὲ
1618 1630 1734 1687 τοῖς
1755 1627 1905 1699 πέριξ

260 1707 579 1774 ἀκουϐίτοις
612 1710 695 1768 δεῖ
722 1711 907 1768 καλεῖν
937 1713 1018 1791 ἐφ’
1049 1711 1274 1788 ἐγάτερα
1297 1714 1437 1790 μέρη
1473 1713 1560 1769 ἐπὶ
1584 1714 1602 1750 ί
1627 1711 1721 1769 δύο
1745 1714 1907 1770 ἀκου-

259 1796 431 1856 6ίτων
476 1801 793 1876 βασιλικοὺς
833 1802 1149 1876 ἀνθρώπους
1197 1803 1300 1858 ἀπὸ
1341 1811 1440 1874 τῆς
1484 1807 1591 1859 τῶν
1641 1806 1909 1879 σπαθαρο-

260 1887 600 1946 κανδιδάτων
636 1892 789 1963 ἀξίας
835 1893 924 1948 καὶ
972 1889 1282 1970 κατωτέρω·
1331 1893 1384 1948 έν
1434 1890 1492 1948 δὲ
1536 1898 1653 1956 τοῖς
1694 1893 1914 1956 λοιποῖς

274 1974 597 2043 ἂκουϐίτοις
629 1980 866 2042 ἅπαντας
897 1982 1022 2044 τοὺς
1055 1978 1323 2058 ἃρχοντας
1353 1983 1449 2038 τοῦ
1480 1981 1759 2058 τάγματος
1803 1987 1910 2038 τῶν

273 2065 523 2143 σχολῶν,
555 2071 670 2124 οἷον
704 2071 1117 2144 τοποτηρητήν,
1151 2069 1198 2124 εἰ
1226 2070 1389 2148 τύχοι
1423 2071 1583 2126 αὐτὸν
1615 2075 1753 2127 εἴναι
1776 2093 1914 2127 σπα-

273 2153 754 2232 θαροκανδιδάτον,
784 2161 911 2222 τοὺς
941 2160 1190 2232 κόμητας
1221 2165 1327 2214 τῶν
1371 2158 1615 2234 σχολῶν,
1663 2159 1913 2234 δομεστί-

269 2267 400 2308 κους
423 2251 528 2302 τῶν
559 2245 802 2323 σχολῶν,
832 2247 924 2302 τὸν
955 2248 1290 2322 προέξημον,
1321 2249 1724 2324 προτήκτορας,
1757 2250 1914 2304 εὐτυ-

269 2336 571 2414 χοφόρους,
633 2337 1105 2411 σκηπτροφόρνυς,
1174 2336 1591 2409 ἀξιωματικοὺς,
1647 2336 1916 2411 μανδάτὸ-

269 2444 386 2500 ρας,
417 2425 510 2480 τὸν
543 2424 771 2500 ἀριθμὸν
801 2427 908 2498 σμ’,
940 2426 1028 2481 καί
1051 2425 1284 2495 πένητας
1306 2427 1398 2481 τὸν
1419 2428 1446 2481 ὁ
1469 2427 1664 2501 ριθμὸν
1693 2427 1779 2502 ιβ“’
1817 2427 1918 2482 εἰσ-

269 2513 420 2588 άγειν
456 2512 513 2568 δὲ
541 2513 738 2577 αὐτοὺς
773 2512 826 2568 ἐν
874 2516 945 2585 τῇ
990 2514 1287 2586 ἀνακλήσει
1339 2517 1476 2588 μετά
1529 2520 1636 2570 τῶν
1697 2516 1915 2571 οἰκείων

274 2604 716 2680 σκαραμαγγίων,
747 2606 839 2660 τὸν
869 2603 926 2660 δὲ
955 2607 1344 2681 τοποτηρητήν
1387 2607 1475 2661 καὶ
1512 2604 1916 2682 χαρτουλάριον

266 2697 370 2748 τοῦ
399 2693 564 2749 αὐτοῦ
592 2695 866 2770 τάγματος
899 2695 1032 2768 μετὰ
1079 2695 1170 2750 καὶ
1204 2697 1404 2770 σαγίων
1452 2697 1660 2770 ῥωέων,
1708 2694 1920 2767 δηλον-

271 2779 353 2837 ὅτι
383 2783 862 2859 προπορενομένου
912 2780 1096 2846 αὐτοῖς
1139 2788 1237 2839 τοῦ
1284 2783 1600 2858 ἀρτίκλίνου
1647 2786 1784 2840 κατᾶ
1828 2785 1919 2840 τὸν

269 2873 650 2950 προγραφέντα
715 2873 906 2929 τύπον.
975 2873 1099 2930 Ἑπί
1180 2871 1238 2928 δὲ
1302 2880 1404 2944 τῆς
1459 2873 1648 2948 τρίτης
1705 2875 1918 2949 ἡμέρας

269 2964 380 3016 τῶν
441 2960 616 3018 αὐτῶν
679 2956 982 3018 ἀκουϐίτων
1050 2959 1132 3018 δεῖ
1194 2961 1342 3036 ἡμᾶς
1442 2962 1774 3037 εὐτρεπίζειν
1843 2963 1918 3026 εἰς

268 3050 634 3125 πρόσκλησιν,
679 3051 729 3106 ἐν
787 3051 882 3125 μὲν
926 3053 996 3125 τῇ
1050 3050 1310 3128 βασιλικῇ
1358 3052 1595 3126 τραπέζῃ
1649 3052 1917 3127 ἄρχοντας

275 3140 589 3213 μεγιστάνας
650 3138 779 3201 τοὺς
831 3141 1082 3215 ἀνωτέρω
1135 3138 1222 3197 ἐπὶ
1269 3141 1367 3212 τῆς
1411 3137 1658 3216 δευτέρας
1708 3141 1920 3216 ἡμέρας

2010 561 2282 614 reducere
2313 574 2410 614 eos
2441 573 2508 613 ex
2556 558 2932 615 inferioribus
2977 559 3048 613 ad
3104 554 3465 627 superiorem
3508 568 3648 606 con-

2012 649 2277 720 spicuum
2308 665 2411 704 seu
2461 647 2618 720 regio
2669 647 3004 720 conspectui
3053 645 3378 716 expositum
3429 642 3647 697 exitum

2011 738 2274 808 ejusdem
2308 737 2527 809 periodi
2557 737 2642 793 vel
2675 738 2851 809 partis
2882 736 3142 802 triclinii,
3182 733 3520 802 ueterisque
3550 729 3648 784 di-

2011 827 2226 898 gressis
2256 827 2340 882 sio
2371 827 2606 883 tandem
2641 832 2699 882 et
2727 843 2903 882 sacris
2936 842 3147 881 mensa
3180 823 3450 879 convivas
3480 819 3648 874 emit-

2011 917 2152 978 tere,
2187 916 2547 984 praacedeute
2577 914 2907 971 clarissimo
2956 918 3252 969 castrense
3300 905 3650 967 venerabilis

2014 1016 2225 1057 mensae
2256 1002 2596 1073 imperialis.
2635 1003 2828 1059 Altero
2867 1011 3061 1059 autem
3115 1002 3207 1057 die
3237 996 3560 1064 multiﬁdas,
3593 993 3651 1049 id

2013 1093 2103 1145 est
2130 1093 2215 1144 tot
2244 1106 2346 1161 per
2367 1091 2493 1146 dies
2519 1094 2731 1148 iteratae
2755 1097 2811 1150 et
2832 1093 2997 1164 quasi
3035 1091 3370 1160 dispertita,
3395 1083 3652 1158 splendi-

2015 1181 2218 1251 daeque
2251 1179 2596 1236 universalis
2636 1181 3050 1238 convivaliouis
3096 1182 3342 1252 oportet,
3395 1182 3460 1232 ut
3508 1173 3654 1230 invi-

2019 1273 2168 1324 tatos
2216 1273 2273 1325 et
2324 1273 2556 1340 paratos
2613 1271 2684 1326 ad
2733 1270 3204 1326 communionem
3263 1267 3656 1337 undequaque

2016 1359 2352 1430 spectabilis
2384 1375 2559 1414 sacrae
2601 1374 2815 1414 mensa
2865 1359 3189 1413 habeamus
3239 1373 3346 1413 suo
3396 1359 3657 1425 tempore

2017 1447 2383 1503 advocandos
2399 1446 2954 1520 magistrositerum,
2980 1451 3044 1501 ut
3063 1446 3360 1516 superiore
3382 1444 3498 1512 die,
3522 1457 3657 1513 pro-

2017 1535 2290 1592 consules
2321 1536 2594 1608 patricios
2635 1536 2936 1602 ofﬁciales,
2988 1533 3308 1589 familiares
3357 1537 3662 1603 protospa-

2016 1626 2258 1691 tharios,
2292 1642 2531 1681 nurnero
2566 1626 2622 1681 in
2665 1625 2998 1682 universum
3029 1623 3374 1688 duodecim;
3407 1633 3658 1691 quorum

2025 1731 2180 1770 unus
2209 1729 2275 1770 eo
2308 1715 2402 1770 die
2429 1730 2499 1770 ex
2530 1713 2781 1770 formula
2811 1718 2869 1768 et
2898 1711 3234 1784 praescripto
3266 1705 3660 1766 cerimonialis

1942 1839 1990 1904 B
2019 1819 2148 1859 esse
2169 1803 2338 1904 debet
2363 1803 2722 1860 domesticus
2746 1802 3102 1859 scholarum.
3119 1800 3252 1856 Illos
3275 1813 3474 1904 omnes
3498 1811 3664 1867 opor-

2024 1897 2105 1949 tet
2135 1891 2349 1948 viritim
2385 1896 2652 1949 evocatos
2682 1893 2740 1947 in
2771 1890 2985 1948 tunicis
3015 1889 3293 1961 peculiari
3326 1886 3499 1942 modo
3523 1901 3662 1941 con-

2023 1981 2289 2037 formatis
2317 1981 2700 2038 introducere.
2733 1980 3090 2036 Domesticos
3119 1981 3314 2034 autem
3361 1979 3665 2049 protospa-

2022 2070 2241 2127 tharios
2271 2087 2403 2126 cum
2437 2069 2830 2143 peculiaribus
2863 2069 2974 2125 sibi
3007 2069 3132 2124 suis
3164 2065 3380 2139 speciis
3408 2067 3466 2120 et
3506 2062 3663 2133 sagis

2025 2159 2213 2216 russis
2243 2164 2377 2215 ante
2409 2176 2668 2216 mensam
2703 2174 2925 2215 sacram
2957 2162 3234 2225 statuere,
3265 2159 3330 2210 ut
3359 2169 3531 2225 supra
3571 2150 3665 2207 de-

2026 2247 2314 2305 claratum
2367 2254 2476 2306 est.
2535 2251 2622 2305 Ad
2673 2248 2965 2304 accubitos
3023 2250 3241 2314 autem,
3273 2244 3374 2316 qui
3434 2256 3662 2298 sacram

2025 2352 2292 2395 mensam
2350 2354 2420 2395 ex
2477 2348 2718 2408 utraque
2777 2342 2938 2409 parte
2986 2337 3388 2400 circumstant,
3439 2332 3668 2402 Oportet

2027 2446 2286 2498 evocare,
2319 2438 2373 2486 et
2403 2431 2473 2486 ad
2509 2431 2808 2502 proximas
2831 2428 3070 2499 quidem
3092 2427 3242 2482 duas
3263 2422 3532 2478 homines
3563 2421 3667 2474 im-

2027 2520 2297 2594 periales,
2329 2537 2363 2576 a
2392 2518 3107 2590 spatharocandidatorum
3141 2514 3276 2570 inde
3307 2511 3591 2581 dignitate
3611 2512 3670 2564 et

2029 2612 2112 2667 sic
2143 2626 2312 2682 porro
2342 2608 2680 2676 inferiores;
2713 2609 2782 2663 ad
2817 2607 3072 2678 reliquas
3098 2603 3351 2660 sedecim
3384 2617 3516 2656 vero
3549 2614 3668 2653 ma-

2027 2701 2314 2773 gistratus
2342 2698 2618 2772 tagmatis
2649 2696 3012 2761 scholarum,
3063 2697 3128 2751 ut
3172 2695 3584 2764 topoteretam,
3617 2685 3668 2743 si

2028 2788 2204 2844 simul
2236 2788 2312 2843 sit
2336 2786 2984 2857 spatharocandidatus,
3012 2782 3256 2839 comites
3305 2777 3666 2846 scholarum,

2029 2877 2382 2948 proximum,
2426 2879 2799 2946 protectores,
2851 2870 3362 2943 eutychiophoros,
3407 2872 3666 2936 sceptro-

2027 2965 2265 3037 phoros,
2317 2965 2715 3032 axiomaticos,
2765 2962 3160 3026 mandatores,
3209 2959 3268 3013 in
3328 2955 3668 3013 universum

2027 3055 2154 3124 240,
2187 3059 2242 3110 et
2272 3069 2556 3126 pauperes
2586 3051 2911 3108 duodecim.
2963 3051 3201 3122 Oportet
3249 3051 3444 3104 autem
3489 3059 3672 3115 supra

2031 3143 2278 3217 scriptos
2310 3147 2577 3200 evocatos
2616 3142 2988 3198 introducere
3043 3139 3101 3195 in
3149 3138 3273 3194 suis
3329 3135 3438 3192 sibi
3483 3149 3672 3190 scara-

276 3206 742 3300 μνημονευθέντας
786 3231 878 3285 τὸν
927 3206 1160 3304 ἀρίυμὸν
1223 3206 1336 3307 ιβ’,ν
1367 3206 1769 3309 ἀφαιρουμένου
1821 3206 1913 3305 μὲν

2031 3206 2301 3307 mangiis.
2333 3233 2676 3305 Topotereta
2703 3246 2840 3287 vero
2871 3233 2929 3286 et
2965 3227 3357 3286 chartularius
3407 3224 3669 3296 ejusdem

271 3319 370 3371 τοῦ
411 3320 519 3370 τῶν
575 3317 800 3390 σχολῶν
859 3315 1206 3389 δομεστίκου,
1267 3320 1624 3382 ἀνυεισιόντος
1677 3318 1735 3375 δὲ
1780 3321 1919 3375 κατά

270 3407 443 3464 τύπον
498 3413 597 3464 τοῦ
641 3407 966 3483 δομεοτίκου
1021 3415 1130 3465 τῶν
1181 3407 1530 3482 ἐξκουϐίτων,
1580 3413 1812 3485 εἰσάγειν
1864 3410 1921 3466 δὲ

271 3496 466 3559 αὐτοὺς
496 3497 548 3552 έν
589 3502 658 3572 τῇ
710 3497 1006 3569 ἀνακλήσει
1063 3499 1198 3554 κατὰ
1247 3499 1338 3553 τὸν
1387 3496 1785 3577 προδειχθέντα
1823 3499 1920 3554 τύ-

269 3605 394 3640 πον.
447 3586 540 3641 Ἐν
586 3581 643 3640 δὲ
695 3590 814 3648 τοῖς
877 3583 1150 3660 ἑκατέροις
1206 3589 1312 3640 τῶν
1372 3589 1550 3660 μερῶν
1611 3580 1923 3647 ἀκουϐίτοις

272 3669 354 3728 δεῖ
382 3671 568 3728 καλεῖν
601 3672 813 3746 ὁμοίως
842 3672 930 3729 ἐπὶ
959 3679 1078 3736 τοῖς
1137 3671 1288 3728 δυσὶν
1336 3669 1648 3735 ἀκουϐίτοις
1701 3671 1923 3749 βασιλι-

269 3762 402 3826 κοὺς
456 3761 774 3838 ἀνθρώπους
827 3761 879 3818 ἐν
931 3763 1250 3837 ἀξιώμασιν·
1310 3761 1362 3816 έν
1419 3760 1475 3818 δὲ
1531 3769 1648 3826 τοῖς
1705 3762 1926 3827 λοιποῖς

271 3847 585 3913 ἀκουόίτοις
624 3852 860 3914 ἅπαντας
886 3850 1014 3914 τοὺς
1045 3852 1313 3928 ἄρχοντας
1341 3856 1438 3907 τοῦ
1483 3852 1764 3929 τάγματος
1813 3856 1919 3908 τῶν

271 3935 618 4014 έξκουϐίτων,
653 3943 763 3997 οἷον
793 3943 1200 4016 τοποτηρητάς,
1260 3939 1590 4020 σκρίὸωνας,
1633 3945 1724 4000 τὸν
1778 3963 1920 4020 χαρ-

270 4027 584 4104 τουλάριον,
643 4028 1057 4107 δρακοναρίους,
1109 4033 1496 4110 σκευοφόρους,
1542 4033 1920 4113 σιγνοφόρους,

273 4119 582 4194 σενάτορας,
639 4118 1189 4195 πρωτεμανδατορας,
1277 4121 1368 4177 καὶ
1440 4120 1780 4198 μανδάτορας
1824 4125 1922 4177 τοῦ

270 4206 508 4282 ἀριθμοῦ
565 4204 662 4281 σδ“,
721 4209 810 4264 καὶ
870 4207 1106 4281 πένητας
1166 4209 1258 4286 ιβ’,
1317 4210 1552 4287 εἰσάγειν
1609 4209 1666 4266 δὲ
1723 4211 1921 4273 αὐτοὺς

270 4297 406 4352 κατά
447 4299 543 4354 τὸν
604 4298 980 4375 προρρηθέντα
1017 4304 1186 4357 τύπον
1245 4301 1382 4356 κατά
1444 4302 1508 4358 τὸ
1575 4305 1769 4377 σχῆμα
1821 4308 1921 4373 τῆς

275 4382 523 4461 δευτέρας
553 4389 785 4463 ἡμέρας.
815 4390 944 4445 Ἐπὶ
985 4388 1042 4446 δὲ
1096 4393 1196 4456 τῆς
1245 4389 1508 4466 τετάρτης
1563 4389 1773 4466 ἡμέρας
1817 4397 1923 4461 τῆς

273 4479 598 4550 περιφανοῦς
642 4477 867 4548 ταύτης,
914 4478 989 4541 ὡς
1049 4478 1242 4547 εἰπεῖν,
1295 4476 1594 4550 δεξιώσεως
1641 4478 1723 4535 δεῖ
1770 4483 1918 4551 ἡμᾶς

2026 3323 2307 3396 tagmatis
2337 3322 2513 3378 etiam
2544 3320 2606 3376 in
2657 3321 2816 3394 sagis
2869 3318 3054 3375 russis
3092 3318 3416 3385 introeunt,
3457 3327 3672 3387 prece-

2027 3414 2200 3467 dente
2229 3411 2390 3482 ipsos
2442 3409 2710 3465 articlino
2750 3409 3080 3464 secundum
3128 3404 3438 3462 formulam
3494 3417 3671 3474 supra

2029 3502 2326 3572 scriptam.
2357 3499 2551 3556 Tertio
2593 3500 2685 3554 die
2742 3499 3148 3554 celebrationis
3188 3497 3526 3553 eorumdem
3575 3509 3672 3549 xxx

2029 3591 2404 3646 accubituum
2433 3592 2659 3660 oportet
2684 3587 3076 3643 nosinvitatos
3097 3583 3671 3656 paratosquehabere

2030 3681 2102 3734 ad
2135 3694 2354 3735 sacram
2384 3678 2618 3749 quidem
2653 3692 2917 3732 mensam
2966 3678 3285 3746 magnetes,
3318 3672 3471 3727 482
3529 3686 3671 3743 qua-

2027 3765 2113 3823 les
2145 3767 2316 3823 modo
2348 3767 2605 3823 secundo
2629 3765 2723 3821 die
2746 3765 3083 3820 dicebamus
3114 3761 3382 3818 advocari
3408 3777 3422 3828 ;
3457 3759 3673 3832 pariter

2029 3872 2276 3912 numero
2308 3855 2640 3923 duodecim,
2673 3856 2892 3911 omisso
2923 3869 2988 3909 ea
3017 3853 3136 3908 vice
3159 3850 3475 3908 domestico
3499 3847 3670 3904 scho‘

2029 3945 2221 4002 larum
2236 3952 2288 4001 et
2303 3945 2679 4016 assumptoin
2707 3943 2834 4014 ejus
2865 3943 3055 3998 locum
3087 3939 3405 3996 domestico
3435 3936 3672 3994 excubi-

2031 4043 2245 4105 torum,
2277 4038 2336 4091 et
2361 4033 2421 4089 hi
2444 4034 2763 4091 secundum
2789 4031 3186 4105 praescriptam
3202 4028 3512 4086 formulam
3538 4040 3670 4082 evo-

2029 4128 2140 4183 cati
2171 4125 2650 4182 introducuntur.
2685 4123 2962 4194 Reliquos
3001 4128 3195 4177 autem
3246 4122 3308 4175 in
3358 4122 3671 4187 utramque

2029 4219 2262 4287 partem
2294 4214 2597 4270 accubitos
2627 4212 2781 4284 quod
2804 4212 3032 4282 attinet,
3064 4212 3438 4282 apponuntur
3468 4219 3671 4262 eorum

2031 4303 2264 4360 duobus
2293 4320 2326 4359 a
2355 4303 2517 4375 regia
2539 4302 2817 4373 proximis
2839 4297 3450 4371 hominesimpsriales
3479 4292 3670 4367 digni-

2029 4393 2247 4449 tatibus
2279 4391 2672 4465 spectabiles;
2705 4390 2928 4448 caateris
2975 4390 3349 4460 magistratus
3395 4382 3671 4457 tagmatis

2027 4482 2432 4540 excubitorum
2445 4526 2459 4550 ,
2473 4485 2536 4537 ut
2552 4484 2903 4553 topoteretze,
2917 4479 3238 4546 scribones,
3257 4473 3671 4540 chartularius,

275 4560 601 4636 εὐτρεπίζειν
651 4563 729 4626 εἰς
766 4564 964 4634 κλῆσιν
1005 4573 1104 4637 τῆς
1152 4567 1444 4643 βασιλικῆς
1489 4569 1678 4643 τιμίας
1720 4570 1913 4646 τραπέ-

2031 4571 2382 4642 draconarii,
2414 4569 2782 4643 scenophori,
2815 4569 3102 4642 signiferi,
3134 4572 3448 4632 senatores,
3483 4566 3675 4636 proto-

276 4655 374 4720 ζης
410 4649 470 4704 ἐκ
515 4654 623 4706 τῶν
669 4651 920 4728 ἀνωτέρω
978 4658 1096 4720 καθ’
1147 4658 1372 4729 ἑκάστην
1432 4657 1642 4735 ἡμέραν
1699 4681 1914 4733 μνημο-

272 4737 562 4794 νευϐέντων
596 4741 881 4819 ἀρχόντων
910 4742 1002 4797 σὺν
1049 4749 1129 4817 τῷ
1175 4743 1516 4823 δρουγγαρίῳ
1565 4755 1664 4818 τῆς
1713 4748 1915 4824 βίγλης

272 4828 408 4882 κατὰ
435 4827 606 4884 τύπον
651 4830 742 4884 τὸν
789 4831 1017 4905 ἀριθμόν
1069 4834 1157 4906 ιβ“,
1208 4833 1438 4909 εἰσάγειν
1491 4835 1548 4890 δὲ
1578 4835 1814 4898 ἄπάντας
1863 4836 1914 4892 ἐν

271 4921 339 4990 τῇ
371 4917 663 4989 ἀνακλήσει
698 4920 834 4992 μετά
859 4925 967 4975 τῶν
1011 4920 1226 4977 οἰκείων
1263 4922 1696 4998 ἀλλαξιμάτωδ,
1737 4928 1918 4991 καθὼς

275 5003 508 5078 εἴρηται·
555 5009 646 5062 τὸν
695 5006 752 5063 δέ
806 5007 1168 5086 δρουγγάριον
1223 5018 1322 5082 τῆς
1378 5011 1576 5089 βίγλης
1631 5016 1765 5088 μετά
1819 5021 1918 5071 τοῦ

273 5094 472 5150 οἰκείον
524 5099 934 5175 σκαραμαγγίου
975 5101 1066 5155 καὶ
1114 5101 1304 5176 σαγίου
1353 5100 1508 5176 ῥοῆς.
1556 5105 1648 5161 Ἐν
1695 5101 1755 5160 δὲ
1799 5110 1920 5168 τοῖς

2029 4663 2402 4719 mandatores
2430 4665 2488 4717 et
2528 4660 2924 4729 mandatores,
2966 4659 3038 4714 ad
3087 4672 3400 4714 numerum
3447 4654 3574 4718 204,
3607 4655 3664 4707 et

2027 4767 2314 4826 pauperes
2345 4750 2675 4807 duodecim.
2709 4749 3166 4805 Introducuntur
3207 4751 3402 4803 autem
3451 4757 3664 4799 secun-

2029 4840 2168 4894 dum
2194 4836 2503 4894 formulam
2523 4835 2767 4892 secundi
2789 4835 2903 4891 diei
2923 4835 3045 4906 jam
3073 4835 3419 4906 expositam.
3452 4831 3664 4894 Quarto

2027 4927 2122 4982 die
2151 4925 2471 4996 splendida
2501 4924 2701 4996 hujus,
2734 4923 2893 4980 utita
2918 4924 3134 4992 dicam,
3168 4917 3665 4978 beneventationis

2028 5021 2085 5074 et
2113 5015 2467 5088 exceptionis
2497 5019 2722 5087 oportet
2741 5031 2843 5070 vos
2872 5013 3117 5070 invitare
3147 5016 3204 5070 et
3226 5023 3562 5082 comparare
3593 5007 3666 5063 ad

2028 5105 2501 5164 communionem
2540 5103 2886 5163 venerabilis
2917 5103 3087 5176 regia
3121 5117 3331 5159 mense
3363 5099 3434 5154 de
3463 5111 3665 5170 proce-

1621 5237 1869 5297 VARUE
1907 5239 2314 5298 LECTIONES.

340 5355 387 5393 ⁹⁹
407 5354 631 5434 ἐξάγειν,
664 5354 922 5430 δηλονότι
953 5360 1041 5431 8.,
1072 5359 1279 5437 ἐξάγειν
1313 5358 1370 5417 δὲ
1401 5359 1660 5434 δηλονότι
1691 5367 1820 5426 cod.
1851 5370 1910 5424 et
1937 5367 2029 5424 ed.
2105 5369 2122 5404 ¹
2154 5363 2240 5422 ἐπὶ
2272 5383 2380 5424 em.
2419 5367 2508 5434 R.,
2541 5361 2646 5420 ἀπὸ
2677 5365 2802 5422 cod.
2835 5370 2888 5420 et
2916 5363 3010 5420 ed.

1334 5491 1534 5548 JOAN.
1573 5492 1720 5550 JAC.
1745 5494 2007 5552 REISKII
2037 5491 2624 5551 COMMENTARIUS.

276 5621 415 5684 voce
443 5603 629 5684 ἄδυτα,
662 5623 787 5684 quea
818 5609 966 5684 idem
1009 5613 1182 5684 atque
1209 5602 1386 5684 ἄϐατα
1437 5611 1748 5684 significat,
1780 5614 1919 5672 item

279 5696 347 5736 ex
378 5673 639 5732 διαδύνειν
671 5673 730 5735 in
746 5679 867 5738 loco
882 5673 1224 5740 Nicomachi
1248 5673 1580 5757 Geraseriis,
1603 5673 1920 5758 quemSal-

2033 5615 2261 5672 masius
2291 5612 2363 5669 ad
2395 5611 2575 5668 Aram
2612 5608 2875 5682 Dosiadm
2906 5625 2964 5682 p.
3001 5609 3122 5665 189.
3153 5609 3243 5666 ed.
3293 5611 3458 5664 Cren.
3508 5606 3670 5678 citat,

2034 5687 2134 5744 ubi
2164 5690 2330 5745 notat
2359 5684 2672 5756 diveryerc,
2699 5681 2760 5739 in
2789 5681 3022 5741 diversa
3052 5683 3304 5740 tendere.
