4080 6300
431 312 577 373 1371
1511 311 2035 373 CONSTANTINI
2081 287 2772 375 PORPHYROGENITI
3680 303 3846 366 1312

435 445 622 516 ribus,
654 443 856 516 quales
879 444 1005 515 jam
1039 444 1109 499 ad
1143 442 1411 514 singulos
1458 443 1907 514 praecedentium
1957 444 2096 515 diem

2214 450 2390 506 οιποῖς
2421 440 2735 505 ἆκουϐίτοις
2796 440 2877 498 δεῖ
2925 443 3070 514 ἡμᾶς
3118 440 3305 494 καλεῖν
3361 435 3696 512 βασιλικοὺς
3757 436 3851 489 αν-

428 552 561 590 rum
609 534 1214 602 commemoravimus,
1264 548 1506 588 numero
1552 535 1878 601 duodecim,
1911 549 2067 589 com-

2217 536 2431 609 ρώπους
2491 536 2624 589 κατᾶ
2677 535 2771 589 τὸν
2827 531 3092 606 λεχθέντα
3146 530 3340 598 τύπον,
3417 527 3510 582 καὶ
3595 525 3852 589 ἃπαντας

432 624 720 694 prehenso
751 623 930 680 simul
961 623 1273 694 drungario
1302 622 1510 692 vigilias
1538 639 1551 676 :
1575 639 1788 693 eosque
1813 623 2071 678 introdu-

2214 625 2306 686 οὺς
2337 627 2604 699 ἄρχοντας
2651 629 2747 679 τοῦ
2794 624 3070 699 τάγματος
3117 619 3214 674 τοῦ
3253 619 3514 692 ἀριθμοῦ,
3571 617 3693 670 οἷον
3747 638 3854 670 το·-

424 729 552 769 cere
583 730 717 769 cum
749 713 872 768 suis
907 712 1012 767 sibi
1041 727 1332 782 quemque
1363 711 1717 777 mutatoriis,
1753 717 1817 766 ut
1846 711 2066 767 dictum

2214 717 2524 789 τοτηρητὴν,
2582 717 2672 770 τὸν
2723 712 3147 788 χαρτουλάριον,
3198 710 3328 770 τοὺς
3375 707 3653 781 κόμητας,
3715 707 3854 767 τοὺς

422 802 542 871 jam
575 806 700 869 est;
753 800 1136 873 drungarium
1181 799 1395 872 vigilias
1446 804 1640 855 autem
1691 817 1826 855 cum
1878 817 2071 857 scara-

2215 803 2526 879 εντάρχους,
2590 800 2987 880 βανδοφόρους,
3038 795 3462 872 λαὸουρησίους,
3519 794 3852 874 σημειοφό-

430 891 664 962 mangio
695 906 802 946 suo
833 894 888 946 et
920 905 1060 961 sago
1091 905 1296 956 russo;
1333 889 1402 944 ad
1427 889 1684 960 reliquos
1731 893 1926 945 autem
1982 905 2074 946 ac-

2217 913 2328 961 ους,
2361 890 2795 966 δουκινιάτορας,
2861 887 3216 965 μανδάτορας,
3264 885 3568 960 θυρωροὺς,
3615 882 3852 957 διατρέ-

431 978 666 1032 cubitus
717 979 996 1034 advocare
1048 977 1316 1033 homines
1366 976 1700 1047 imperiales
1750 977 2070 1032 secundum

2214 1001 2404 1056 μοντας,
2435 981 2526 1035 τὸν
2559 982 2787 1057 ἀριθμὸν
2829 978 2925 1050 68⁸,
2957 979 3046 1034 καὶ
3095 975 3323 1050 εἷσᾶγειν
3379 975 3574 1037 αὐτοὺς
3631 976 3850 1032 οὕτως·

429 1064 740 1122 formulam
774 1066 1130 1138 praedictam,
1155 1075 1207 1121 et
1229 1082 1430 1123 omnes
1454 1067 1828 1137 magistratus
1849 1069 2072 1136 tagma-

2217 1071 2272 1124 ὸν
2307 1071 2398 1142 μὲν
2457 1071 2847 1146 τοποτηρητὴν
2905 1070 3043 1142 μετᾶ
3098 1066 3271 1141 ῥωέου
3329 1065 3542 1138 σαγίου,
3594 1063 3728 1124 τοὺς
3789 1060 3850 1117 δὲ

429 1154 508 1210 tis
549 1155 806 1223 arithmi,
857 1159 1259 1226 topoteretam,
1321 1154 1763 1219 chartularium,
1828 1155 2072 1209 comites

2214 1155 2426 1220 061:0'3:
2487 1161 2622 1233 μετᾶ
2674 1163 2782 1213 τῶν
2851 1155 3065 1212 οἰκείων
3121 1153 3572 1228 σκαραμαγγίων,
3650 1151 3851 1211 καθὼς

429 1245 794 1311 centarchos,
825 1244 1255 1312 bandophoros,
1307 1242 1656 1308 labarenses,
1705 1241 2071 1309 vexilliferos,

2214 1247 2439 1321 ινωτέρω
2497 1245 2825 1318 δεδήλωται.
2886 1247 3010 1304 Ἐπὶ
3068 1242 3124 1299 δὲ
3188 1251 3287 1313 τῆς
3371 1242 3633 1316 πέμπτης
3695 1237 3852 1313 ἡμέ-

431 1331 838 1398 ducenatores,
875 1333 1258 1399 mandatores,
1288 1331 1592 1400 janitores,
1642 1330 2073 1387 diatrechontes

2214 1359 2284 1399 ac:
2340 1335 2423 1391 δεῖ
2481 1338 2620 1410 ὑμᾶς
2678 1337 3117 1411 προευτρεπίζειν
3191 1334 3266 1394 είς
3337 1330 3534 1400 κλῆσιν
3593 1333 3697 1399 τῆς
3761 1351 3850 1383 τι-

427 1421 519 1478 vel
550 1421 910 1486 vernaculos,
947 1421 1003 1473 in
1039 1420 1370 1474 universum
1420 1421 1545 1476 204.
1584 1421 1798 1475 [lorum
1838 1420 2073 1490 quidem

2214 1433 2318 1488 ιίας
2351 1422 2518 1490 ὅντως
2551 1424 2844 1500 βασιλικῆς
2872 1424 3146 1498 τραπέζης
3179 1424 3321 1496 ὁμοῦ
3354 1420 3412 1477 ἐκ
3440 1425 3548 1476 τῶν
3583 1420 3848 1493 ἀνωτέρω

423 1516 773 1582 t0poteretes
803 1525 937 1564 cum
974 1525 1113 1580 sago
1146 1525 1338 1578 russo,
1362 1508 1550 1564 caeteri
1574 1513 1771 1565 autem
1799 1525 1930 1564 cum
1952 1510 2076 1565 suis

2214 1517 2676 1588 ινημονευθέντων
2712 1513 2940 1586 ἐνδόξων
2987 1512 3323 1588 μεγιστάνων
3378 1511 3468 1565 σὺν
3518 1513 3620 1564 τοῦ
3670 1507 3850 1581 δομε-

431 1600 686 1670 quisque
717 1597 1143 1668 scaramangiis
1195 1599 1666 1654 introducuntur.
1720 1597 1822 1654 Die
1871 1599 2076 1669 quinto

2214 1604 2374 1658 τίκου
2423 1607 2528 1658 τῶν
2594 1601 2880 1670 ἱκανάτων,
2928 1600 3120 1678 φίλους
3161 1599 3251 1654 τὸν
3303 1597 3529 1672 ἀριθμὸν
3599 1597 3692 1671 ιβ,
3752 1595 3850 1649 καὶ

435 1695 665 1762 oportet
693 1708 794 1747 vos
825 1691 1074 1746 invitare
1106 1698 1159 1745 et
1192 1707 1533 1762 comparare
1562 1691 1857 1746 vocandos
1889 1691 1961 1746 ad
1993 1708 2080 1746 sa-

2219 1691 2416 1767 ἶσάγειν
2485 1690 2681 1754 αὐτοὺς
2752 1691 2883 1764 μετὰ
2947 1695 3054 1745 τῶν
3133 1687 3343 1743 οἰκείων
3422 1684 3846 1756 ἁλλαξιματιυν,

433 1796 591 1837 cram
616 1784 672 1835 et
702 1795 830 1835 vero
863 1780 1077 1851 regiam
1113 1796 1376 1836 mensam
1409 1780 1708 1836 duodecim
1760 1779 1978 1837 amicos
2009 1782 2080 1837 de

2214 1780 2364 1840 ,αθὼς
2396 1781 2646 1854 ἀνωτέρω
2679 1775 3001 1848 δενῆλωται.
3044 1779 3131 1833 Ἐν
3172 1774 3227 1830 δὲ
3259 1778 3376 1837 τοῖς
3409 1772 3641 1834 λοιποῖς
3677 1774 3844 1827 ἀκου-

429 1869 759 1925 illustribus
807 1870 1143 1940 proceribus
1193 1886 1374 1940 supra
1431 1869 1791 1938 memoratis,
1825 1886 2076 1939 quorum

2214 1865 2361 1930 ἷίτοις
2404 1865 2487 1922 δεῖ
2539 1866 2724 1922 καλεῖν
2785 1869 2926 1940 ὁμοῦ
2992 1864 3306 1942 βασιλικοὺς
3363 1863 3709 1936 ἀνθρώπους,
3767 1863 3844 1921 ὡς

432 1976 588 2015 unus
615 1977 680 2015 eo
713 1959 806 2014 die
837 1960 947 2014 erit
987 1959 1343 2015 domesticus
1400 1958 1834 2015 hicanatorum.
1889 1961 1977 2023 Hi,
2014 1965 2079 2016 ut

2214 1959 2443 2033 ινωτέρω
2476 1957 2792 2032 εἰρήκαμεν.
2827 1959 2914 2012 Ἐν
2953 1954 3010 2010 δὲ
3054 1961 3172 2016 τοῖς
3218 1954 3511 2016 κατωτέρω
3557 1951 3692 2013 τοὺς
3748 1951 3847 2026 ἆρ-

427 2049 550 2119 jam
586 2049 960 2115 notatum,in
992 2051 1242 2121 propriis
1287 2049 1407 2104 suis
1449 2049 1776 2104 mutatoriis
1823 2050 2080 2106 introdu-

2214 2068 2384 2124 [οντας
2413 2053 2509 2102 τοῦ
2540 2049 2819 2123 τάγματος
2860 2051 2966 2102 τῶν
3015 2047 3189 2101 αὐτῶν
3237 2045 3531 2112 ἱκανάτων,
3579 2044 3700 2098 οἷον
3753 2064 3847 2097 το-

433 2141 666 2194 cuntur.
699 2140 786 2194 Ad
819 2138 1070 2207 reliquos
1103 2139 1275 2194 simul
1307 2154 1510 2194 omnes
1542 2139 1842 2194 accubitus
1874 2155 2080 2195 vocare

2214 2140 2511 2214 εοτηρητὴν
2541 2143 2647 2192 τῶν
2677 2139 2961 2212 κομήτων,
2993 2138 3083 2192 τὸν
3119 2135 3524 2211 χαρτουλάριον
3553 2138 3666 2188 τῶν
3698 2155 3850 2188 κεντο

437 2232 690 2299 oportet,
723 2229 790 2282 ad
825 2227 1039 2299 primos
1055 2227 1289 2298 quidem
1323 2245 1353 2282 a
1387 2245 1550 2283 sacro
1566 2227 1860 2298 proximos
1890 2227 2078 2284 homi-

2214 2247 2400 2304 ιρχων,
2473 2224 2844 2303 βανδοςρόρων,
2923 2221 3332 2303 σημειοφόρων,
3410 2222 3850 2299 δουκινιατόρων

437 2333 540 2374 nes
573 2318 930 2390 imperiales,
963 2325 1021 2373 ut
1048 2319 1171 2388 jam
1208 2317 1499 2386 diximus;
1534 2318 1605 2372 ad
1637 2319 1940 2373 inferiores
1974 2335 2079 2373 au-

2214 2317 2281 2371 ιαὶ
2318 2313 2692 2390 μανδατόρων,
2729 2313 2806 2370 σδ¹
2855 2316 2946 2370 τὸν
3003 2316 3254 2390 ἀριθμὸν,
3311 2314 3402 2369 καὶ
3459 2313 3703 2382 πένητας
3764 2315 3856 2386 ιβ⁴ς

437 2415 551 2462 tem
583 2409 919 2464 eorumdem
951 2407 1211 2478 ipsorum
1253 2409 1658 2462 hicanatorum
1708 2412 1987 2476 rectores,
2019 2410 2082 2461 ut

2221 2405 2420 2478 ίσάγειν
2455 2402 2511 2459 δὲ
2550 2405 2744 2466 αὐτοὺς
2776 2404 2828 2458 ἐν
2855 2407 2923 2478 τῇ
2955 2401 3270 2474 ἀνακλήσει,
3302 2401 3482 2464 καθὼς
3513 2401 3605 2456 καὶ
3637 2399 3694 2455 έν
3735 2407 3859 2460 τοῖς

430 2502 834 2569 tepoteretam,
870 2499 1138 2563 comites,
1199 2496 1647 2563 chartularium,
1711 2496 2078 2565 centarchos,

2214 2499 2412 2555 .omo't'c
2441 2495 2684 2570 τάγμασι
2713 2493 3158 2572 προεγράφαμεν.

427 2586 858 2657 bandophoros,
891 2586 1260 2652 vexilliferos,
1293 2587 1678 2642 ducenatores
1727 2589 1784 2640 et
1839 2586 2229 2653 mandatores,
2261 2585 2332 2640 ad
2391 2600 2702 2639 numerum
2751 2584 2876 2652 204,
2909 2589 2967 2639 et
3024 2587 3230 2655 praeter
3284 2599 3379 2638 eos
3437 2582 3635 2639 adhuc
3698 2583 3858 2640 duo—

429 2671 616 2727 decim
648 2689 952 2745 pauperes.
998 2674 1272 2729 Evocatos
1315 2673 1394 2729 ita
1431 2677 1658 2745 oportet
1686 2671 2079 2742 introducere,
2112 2677 2196 2742 ut,
2229 2689 2362 2730 cum
2395 2674 2463 2730 de
2519 2673 2737 2729 caeteris
2794 2673 3101 2729 ordinibus
3159 2673 3506 2742 diceremus,
3569 2673 3858 2743 praescri-

433 2778 680 2834 psimus.

2268 2892 2614 2964 Σημειωτέον
2649 2889 2706 2946 δὲ
2733 2895 2914 2946 τοῦτο·
2967 2889 3012 2946 εί
3063 2892 3168 2968 γὰρ
3215 2887 3269 2945 ἓν
3318 2896 3387 2965 τῇ
3421 2892 3616 2967 πρώτῃ
3665 2893 3858 2967 ἡμέρᾳ

2193 2987 2296 3050 τῆς
2329 2977 2634 3054 ἑϐδομάδος
2670 2983 2704 3050 ἡ
2737 2986 2843 3035 τῶν
2874 2978 3102 3050 ἐνδόξων
3130 2984 3225 3035 τοῦ
3258 2982 3486 3054 Χριστοῦ
3537 2981 3856 3055 γενεθλίων

2191 3070 2386 3139 ἐπέστη
2439 3070 2624 3143 ἑορτὴ,
2685 3071 2773 3124 καὶ
2820 3069 2925 3124 ἀπὸ
2971 3070 3174 3140 ταύτης
3202 3072 3370 3139 ἡτῶν
3418 3073 3478 3134 ιθ’
3530 3067 3854 3125 ἆκουὸίτων

2195 3155 2441 3228 δεξίωσις
2487 3161 2586 3227 τήν
2656 3159 2835 3233 ἀρχὴν
2901 3156 3257 3230 ἐπιδείξηται,
3315 3157 3397 3214 δεῖ
3450 3161 3602 3231 ἡμᾶς
3657 3159 3715 3213 ἐν
3798 3164 3868 3233 τῇ

2191 3245 2324 3321 ἓκτῃ
2354 3248 2536 3322 ἡμέρᾳ
2575 3247 2660 3303 ἐπὶ
2698 3248 2794 3321 μέν
2838 3255 2938 3319 τῆς
2986 3250 3174 3323 τιμίας
3229 3247 3524 3323 βασιλικῆς
3573 3249 3872 3324 τραπέζης

2203 3335 2486 3409 συγκαλεῖν
2549 3337 2621 3398 εἷς
2657 3336 2890 3392 ἑστίασιν
2938 3339 3027 3392 τὸν
3085 3337 3507 3413 ἀρχιεπίσκοπον
3563 3343 3877 3394 Koma-tav-

2203 3423 2573 3487 τινουπόλεως
2635 3427 2767 3498 μετὰ
2832 3427 2921 3481 καὶ
2991 3428 3062 3500 ιβ¹
3118 3427 3440 3502 ἡγουμένων
3504 3430 3615 3480 τῶν
3693 3427 3750 3481 ἐν
3798 3433 3875 3503 τῇ

2203 3515 2327 3589 περὶ
2362 3516 2510 3588 ἡμᾶς
2556 3516 2671 3587 (Ξ5)
2719 3515 2877 3588 τόμῳ
2923 3515 3207 3589 κειμένων,
3263 3515 3494 3591 εἰσάγειν
3543 3511 3603 3569 δὲ
3651 3516 3876 3578 αὐτοὺς

3835 3610 3867 3621 ο

512 2893 666 2948 433
699 2893 1062 2963 Tenendum,
1107 2891 1154 2948 si
1212 2892 1467 2964 primum
1526 2892 1586 2948 in
1647 2892 1802 2949 diem
1862 2891 2082 2949 hebdo-

439 2984 628 3039 madis
661 2983 881 3039 incidat
926 2984 1138 3039 festum
1183 2983 1441 3054 gloriosae
1483 2981 1804 3038 nativitatis
1847 2982 2082 3049 Christi,

433 3073 691 3142 indeque
722 3073 957 3127 initium
989 3076 1181 3126 sumat
1211 3071 1530 3126 convivatio
1563 3071 1622 3125 in
1645 3087 1743 3124 xxx
1773 3071 2081 3141 accubitis,

433 3165 659 3230 oportet
693 3176 798 3214 nos
831 3164 987 3214 sexto
1019 3160 1112 3213 die
1145 3159 1217 3227 [is
1248 3163 1337 3212 est
1369 3159 1620 3229 sabbati]
1655 3160 1725 3213 ad
1767 3160 2083 3215 convivan-

439 3248 582 3302 dum
640 3262 775 3300 cum
835 3245 1072 3302 domino
1138 3246 1642 3317 venerabilemque
1715 3248 2072 3318 imperialem

442 3350 708 3400 mensam
735 3349 937 3391 vocare
967 3335 1470 3407 archiepiscopum
1494 3337 2091 3409 Constantinopolita-
2119 3322 2162 3390 ί]

441 3439 583 3480 num
618 3440 736 3479 una
788 3440 918 3480 cum
969 3425 1276 3481 duodecim
1327 3425 1448 3481 illis
1505 3427 1870 3497 hegumenis,
1904 3426 2005 3498 qui
2036 3427 2096 3483 in

449 3513 732 3570 codicillis
774 3514 958 3570 nostri
1009 3530 1187 3584 penes
1227 3531 1333 3570 nos
1401 3515 1757 3572 haerentibus
1823 3515 2094 3588 descripti

461 3607 520 3658 et
550 3602 833 3676 designati
865 3607 1020 3659 sunt.
1053 3603 1328 3660 Evocatos
1373 3613 1565 3661 autem
1597 3621 1696 3661 eos
1744 3609 1968 3678 oportet
2015 3605 2098 3660 sic

459 3689 861 3748 introducere:
914 3691 1303 3761 patriarcham
1352 3691 1532 3748 simul
1579 3707 1710 3748 cum
1751 3693 2100 3764 imperatore

460 3783 725 3854 protinus
773 3780 926 3850 apud
976 3780 1374 3837 recitationem
1415 3781 1590 3837 stichi
1631 3783 1754 3853 [seu
1821 3781 2100 3837 orationis

461 3869 787 3940 mensalis],
821 3885 937 3939 quo
968 3869 1020 3925 is
1049 3886 1222 3943 super
1265 3867 1406 3926 sella
1445 3872 1690 3927 resideat
1738 3873 1948 3943 [neque
2004 3885 2097 3926 ac-

461 3958 762 4029 cumbat];
795 3963 1030 4014 sanctos
1063 3964 1253 4016 autem
1295 3959 1654 4030 hegumenos
1687 3961 1952 4016 seriatim
2001 3974 2097 4014 se-

461 4048 721 4103 cundum
752 4048 1017 4119 ipsorum
1037 4049 1298 4105 ordinem
1322 4053 1376 4104 et
1394 4050 1740 4121 dignitatem
1764 4053 2096 4119 competen-

457 4139 594 4194 tem.
629 4136 1096 4200 lutroducuntur,
1117 4128 1607 4209 quemadmodum
1631 4137 1857 4210 patricii
1881 4136 2006 4191 suis
2037 4136 2096 4191 in

460 4227 791 4282 mutatoriis
819 4227 1292 4295 introducantur,
1319 4227 1400 4282 sic
1421 4231 1478 4282 et
1500 4226 1556 4281 hi
1583 4225 1708 4282 suis
1732 4226 1788 4280 in
1813 4225 2100 4297 pheloniis

460 4313 590 4370 laxo
637 4315 841 4371 habitu
902 4315 1147 4386 [absque
1207 4315 1408 4386 zonis],
1469 4314 1760 4387 imperiali
1809 4319 2101 4372 castrense

457 4403 910 4473 prmambulante
960 4408 1016 4459 et
1062 4404 1278 4476 pariter
1327 4405 1384 4459 in
1435 4405 1636 4461 orbem
1685 4405 1838 4462 circa
1877 4421 2100 4463 sacram

460 4505 726 4545 mensam
759 4490 1114 4560 collocante;
1147 4509 1263 4565 quo
1305 4495 1575 4567 proprius
1621 4494 1934 4564 imperator
1979 4511 2100 4562 eos,

458 4594 607 4648 quos
635 4577 899 4646 voluerit,
931 4582 1208 4637 advocare
1251 4583 1455 4653 possit.
1507 4583 1591 4637 Ad
1633 4582 1881 4652 reliquos
1930 4600 2104 4640 accu-

2205 3604 2256 3658 ἐν
2285 3608 2354 3678 τῇ
2387 3603 2685 3674 ἀνακλήσει
2717 3603 2913 3667 οὕτως’
2945 3605 3036 3660 τὸν
3091 3607 3186 3678 μὲν
3236 3605 3582 3678 πατριάρχην
3634 3603 3739 3658 σὺν
3788 3610 3878 3677 τῷ

2209 3691 2424 3768 βασιλεῖ
2455 3692 2565 3766 ἅμα
2601 3696 2696 3747 τοῦ
2739 3693 2933 3766 στίχου
3124 3692 3201 3756 είς
3238 3694 3300 3748 τὸ
3342 3692 3428 3747 ἐπὶ
3479 3689 3680 3767 δίφρου
3733 3695 3878 3747 καθ-

2205 3783 2444 3848 εσθῆναιο
2495 3784 2620 3844 τοὺς
2671 3779 2727 3837 δὲ
2781 3782 2965 3846 ὁσίους
3014 3785 3352 3858 ἡγουμένους
3406 3780 3680 3862 στιχηδὸν
3732 3786 3880 3839 κατά

2203 3871 2302 3937 τήν
2367 3868 2566 3924 οἰκείαν
2627 3869 2770 3939 τάξιν
2827 3870 2918 3925 καὶ
2977 3869 3324 3943 ἁρμόζουσαν
3381 3867 3553 3942 δόξαν·
3620 3869 3868 3943 εἰσάγειν

2207 3954 2263 4012 δὲ
2320 3958 2534 4028 αὐτοὺς,
2593 3957 2774 4020 καθὼς
2830 3959 2920 4013 καὶ
2985 3957 3113 4021 τοὺς
3173 3960 3489 4033 πατρικίους
3548 3959 3688 4031 μετὰ
3747 3963 3864 4012 τῶν

2206 4047 2419 4102 οἰκείων
2499 4046 2672 4101 αὐτῶν
2751 4043 3034 4126 φελωνίων
3108 4046 3502 4120 ἀπολελυμίνῳ
3575 4048 3654 4118 τῷ
3717 4051 3866 4122 σχιζ-

2210 4156 2336 4210 ματι
2368 4138 2501 4207 (57),
2535 4133 2794 4206 δηλονότι
2843 4135 3329 4210 προπορευομένου
3369 4137 3552 4197 αὐτοῖς
3606 4139 3704 4190 τοῦ
3756 4137 3867 4210 βα-

2206 4227 2423 4280 σιλικοῦ
2480 4223 2829 4299 καστρησίου,
2889 4226 2978 4280 καὶ
3037 4225 3248 4297 ὁμοίως
3320 4226 3577 4286 ἱστῶντος
3659 4224 3859 4295 κύκλῳ

2204 4316 2304 4378 τῆς
2375 4311 2665 4387 βασιλικῆς
2730 4312 3000 4389 τραπέζης
3068 4313 3143 4376 εἷς
3226 4313 3290 4368 τὸ
3381 4311 3854 4385 προσκαλέσασθαι

2207 4402 2597 4475 πλησιέστερον
2626 4403 2674 4476 ἐξ
2702 4402 2876 4457 αὐτῶν
2925 4403 3018 4464 οὕς
3068 4400 3126 4456 ἄν
3174 4400 3302 4478 δόξῃ
3353 4407 3432 4474 τῷ
3469 4402 3708 4478 βασιλεῖ.
3763 4403 3849 4458 Ἑν

2210 4489 2266 4546 δὲ
2293 4496 2410 4553 τοῖς
2441 4491 2658 4553 λοιποῖς
2702 4486 3012 4552 ἀκουϐίτοις
3064 4489 3146 4546 δεῖ
3193 4491 3333 4565 ὑμᾶς
3380 4490 3564 4546 καλείν
3617 4491 3746 4554 τοὺς
3795 4489 3856 4544 ἐκ

2210 4577 2485 4657 διαφόρων
2585 4580 2961 4654 μοναστηρίων
3054 4582 3530 4660 ἀναγραφομένους
3625 4575 3853 4650 ἆϐἀδας,

456 4668 618 4725 bitus
648 4684 852 4725 vocare
883 4675 1110 4741 oportet
1141 4671 1379 4727 abbates
1407 4671 1487 4742 [id
1516 4675 1604 4726 est
1633 4673 1972 4743 monachos]
2001 4690 2096 4729 va-

2214 4667 2374 4744 ἤγουν
2406 4669 2533 4731 τοὺς
2563 4669 2629 4725 τὰ
2658 4667 2951 4746 σφραγίδια
2982 4671 3107 4744 παρ’
3159 4657 3321 4743 ἡμῶν
3375 4669 3674 4747 εἰληφότας
3717 4671 3854 4741 (58],

1486 4878 1688 4937 JOAN.
1731 4879 1878 4936 JAC.
1925 4877 2188 4936 REISKII
2226 4875 2821 4934 COMMENTARIUS.

545 5093 662 5165 (55)
686 5097 958 5162 Sensum,
993 5106 1167 5165 quem
1189 5089 1524 5160 exsculpere
1554 5089 1647 5146 his
1679 5093 1922 5165 averbis
1949 5091 2126 5159 valui,

467 5162 602 5220 dedi
630 5162 687 5221 in
722 5166 958 5221 Latinis.
995 5163 1206 5220 Dubito
1239 5168 1456 5230 tamen,
1489 5166 1718 5219 rectene
1758 5162 1970 5220 habeat
2014 5165 2110 5222 hic

466 5235 650 5303 locus,
682 5254 752 5291 an
785 5237 989 5292 vitium
1023 5237 1232 5291 subsit.
1831 5239 1834 5247 '

542 5309 657 5378 (56)
688 5308 926 5364 Stichus
957 5311 1044 5362 est
1077 5306 1322 5376 formula
1365 5320 1600 5379 precum
1645 5304 1944 5379 solemnis
1977 5311 2112 5362 ante

465 5376 669 5448 epulas
699 5385 757 5435 et
803 5381 874 5436 iis
904 5380 1084 5436 ﬁnitis
1115 5379 1147 5435 a
1177 5376 1576 5435 sacerdotibus
1608 5376 1828 5432 recitari
1865 5377 2054 5447 solita,
2081 5394 2110 5434 e

465 5451 643 5507 dictis
675 5453 974 5522 scriptum
1006 5456 1063 5523 et
1092 5451 1222 5506 aliis
1262 5451 1377 5523 piis
1428 5449 1915 5505 meditationibus
1971 5465 2112 5523 con—

463 5525 637 5596 texta:
672 5520 908 5596 Proprie
941 5520 1139 5596 στίχος
1153 5520 1294 5596 solet
1320 5523 1595 5596 appellari
1624 5523 1874 5596 formula
1905 5537 1935 5576 e
1956 5521 2113 5589 psal-

460 5595 576 5649 mis
609 5594 903 5650 Davidicis
936 5593 1196 5649 aut'aliis
1228 5594 1540 5664 Scriptura;
1575 5593 1717 5664 locis
1748 5596 2039 5663 excerpta.

549 5666 660 5736 (57)
692 5666 748 5720 Si
778 5667 853 5722 de
874 5665 1014 5721 viris
1047 5663 1284 5736 cingulo
1325 5663 1549 5720 militiae
1595 5663 1892 5720 honoratis
1923 5679 2112 5721 sermo

2239 5095 2412 5159 esset,
2444 5090 2760 5166 acciperem
2793 5092 2942 5148 hanc
2981 5093 3293 5152 dictionem
3337 5109 3440 5166 pro
3469 5091 3716 5166 ἆζώνοις,
3748 5090 3854 5147 di:-

2218 5166 2434 5238 g_i_nct£s.
2468 5164 2578 5220 Sed
2601 5164 2662 5238 in_
2683 5166 3087 5238 sacerdotibus
3108 5167 3256 5222 nihil
3279 5164 3515 5238 cingulo
3537 5164 3852 5238 astrictum.

2221 5234 2367 5290 Hinc
2396 5241 2616 5306 putem,
2650 5235 2800 5290 hanc
2822 5237 3133 5295 dictionem
3166 5234 3592 5298 notareflibere
3625 5237 3856 5306 laxeque

2219 5305 2679 5376 dependentibus
2703 5307 3013 5378 pheloniis,
3029 5327 3141 5366 non
3165 5309 3315 5364 ultra
3336 5308 3599 5364 cubitum
3620 5305 3855 5378 regestis

2221 5378 2322 5503 ἲ.ἶά
2356 5378 2642 5434 ambobus
2673 5379 2931 5435 brachiis
2960 5381 3115 5437 intra
3167 5397 3402 5436 saccum
3443 5379 3626 5433 veluti
3672 5377 3855 5432 laten-

2248 5465 2259 5502 l
2309 5465 2399 5503 us.

2220 5449 2399 5503 tibus.

2296 5521 2410 5590 (58)
2432 5519 2706 5577 Solebant
2753 5522 2921 5581 statis
2968 5523 3175 5580 diebus
3221 5525 3288 5578 ad
3321 5535 3541 5577 sacram
3595 5534 3856 5575 mensam

2223 5589 2453 5664 invitari
2487 5590 2674 5648 clerus
2705 5595 2915 5664 omnis,
2942 5595 3235 5662 monachi,
3267 5592 3418 5664 etiis
3435 5590 3658 5664 similes
3688 5607 3856 5664 repu-

2226 5662 2324 5718 tati
2355 5679 2664 5734 pauperes,
2697 5661 3142 5737 iisque’tesserts
3157 5661 3442 5730 distribui,
3467 5661 3685 5731 quibus
3708 5661 3860 5718 exhi-
