4088 6300
529 265 684 326 1375

1593 264 2121 325 CONSTANTINI
2165 262 2860 327 PORPHYBOGENITI

3815 264 3967 325 1375

526 410 651 469 qua:
681 393 742 450 in
776 394 1059 452 ambitum
1090 394 1352 466 ejusdem
1382 392 1635 466 septidui
1663 393 2158 467 cadit,antequam

2279 392 2609 467 εὐτρεπίζειν
2661 394 2742 457 εἲς
2789 393 3123 449 συνεστίασιν
3174 394 3369 471 φίλους
3415 391 3506 449 ἐπὶ
3563 394 3669 468 μὲν
3721 399 3838 464 τῆς
3884 395 3973 468 βι-

523 485 851 558 patriarcha
880 492 936 541 et
966 484 1236 542 monachi
1269 490 1571 551 vocentur,
1622 483 1707 539 sic
1739 484 1961 539 dictum
2010 483 2174 556 poly-

536 575 787 632 trichum
821 575 944 648 [seu
981 573 1407 639 multicrinum,
1439 572 1741 640 crinitum,
1784 572 2174 645 comatumve]

537 665 870 722 convivium
919 663 1229 730 celebrare,
1264 667 1322 719 et
1358 662 1580 718 amicos
1630 662 1700 718 ad
1751 662 2174 718 convivandum

537 762 767 826 paratos
798 752 1033 820 habere,
1065 754 1133 808 ad
1181 768 1410 808 sacram
1443 753 1679 823 quidem
1711 768 1971 808 mensam
2020 753 2175 808 434

537 843 906 898 accubituros
955 840 1288 913 magistros,
1330 841 1710 914 proconsules
1755 842 1977 913 patrios
2025 845 2175 897 stra-

535 935 700 1004 tegos
730 937 879 997 octo,
923 929 1200 1001 Bulgaros
1231 930 1452 987 amicos
1499 931 1613 987 duo
1643 935 1700 987 et
1738 931 1910 987 ambo
1941 931 2174 987 demar-

534 1019 695 1087 cbos,
726 1018 933 1076 Veneti
964 1035 1171 1091 nempe
1200 1023 1257 1076 et
1294 1018 1558 1089 Prasini;
1592 1023 1649 1075 et
1679 1019 1785 1093 hos
1807 1019 2173 1075 introducere

535 1111 711 1180 atque
739 1109 984 1165 educere
1012 1108 1073 1163 in
1093 1107 1397 1178 tunicis,ut
1424 1109 1483 1164 in
1513 1106 1912 1178 superioribus
1941 1106 2173 1180 exposi-

534 1201 661 1254 tum
693 1197 822 1255 fuit.
852 1196 940 1253 Ad
970 1196 1224 1269 reliquos
1255 1201 1447 1253 autem
1496 1196 1799 1252 accubitus
1849 1212 2085 1253 evocare
2116 1199 2173 1252 et

535 1291 794 1344 sternere
822 1289 1045 1359 oportet
1073 1285 1363 1356 homines,
1388 1284 1720 1356 imperiales
1754 1290 1981 1342 tantum
2013 1302 2171 1358 pere-

532 1377 731 1450 grinos
762 1377 840 1449 [et
867 1391 1095 1433 comam
1127 1373 1394 1444 alentes],
1424 1376 1490 1429 ut
1518 1373 1834 1446 Farganos,
1862 1374 2171 1444 Chazaros,

531 1468 848 1540 Agarenos,
880 1465 1151 1533 Francos,
1203 1466 1488 1535 quotquot
1517 1478 1715 1520 eorum
1763 1465 2031 1520 eximiam
2082 1482 2175 1520 re-

533 1555 688 1626 giam
746 1552 1168 1624 providentiam
1223 1555 1279 1608 et
1334 1553 1608 1623 pietatem
1654 1568 1927 1625 rogarum
1981 1569 2177 1625 perce-

531 1643 726 1714 ptione
757 1640 1382 1714 experiuntur.Horum
1406 1642 1671 1698 omnium
1703 1658 2171 1715 unamquamque

532 1736 763 1803 gentem
813 1732 1184 1787 introducere
1213 1734 1443 1804 oportet
1468 1735 1527 1788 et
1574 1748 1780 1788 rursus
1827 1733 2070 1789 educere
2108 1733 2167 1788 in
2198 1761 2245 1826 B

531 1839 640 1881 suo
671 1837 961 1895 quamque
990 1820 1198 1895 gentili
1227 1820 1455 1891 habitu,
1512 1825 1575 1878 ut
1602 1837 1654 1878 e.
1702 1837 1756 1880 ο.
1789 1822 1850 1879 in
1900 1822 1986 1880 sic
2013 1824 2167 1879 dicto

531 1913 775 1969 cabadio
830 1912 1140 1985 [Farganos
1196 1918 1248 1967 et
1315 1910 1657 1984 Agarenos].
1718 1912 1984 1968 Proxima
2039 1902 2174 1984 post

530 2001 683 2059 hanc
704 2002 1057 2059 dominicam
1082 2005 1293 2074 quarta
1313 2001 1454 2057 feria
1474 2001 1721 2058 invitare
1740 2002 1975 2059 demum
1997 2018 2170 2074 opor-

528 2094 610 2148 tet
656 2091 1050 2162 patriarcham
1100 2105 1233 2148 cum
1264 2089 1447 2163 ipsius
1476 2089 1824 2163 hegumenis
1854 2095 1911 2147 et
1957 2107 2167 2147 mona-

530 2179 658 2237 chis
721 2198 810 2252 eo,
886 2196 1059 2254 quem
1137 2179 1537 2253 praediximus,
1609 2180 1831 2237 ordine.
1908 2180 2167 2252 Septimo

530 2273 868 2328 earumdem
899 2271 1270 2328 accubituum
1300 2271 1392 2327 die
1429 2273 1655 2343 oportet
1679 2271 2172 2342 vos,amici,com-

530 2378 733 2436 parare
757 2363 828 2419 ad
855 2361 1301 2434 epulandum,in
1334 2376 1498 2417 sacra
1517 2361 1751 2434 quidem
1786 2377 1989 2417 mensa
2017 2362 2173 2418 duo—

532 2451 720 2507 decim
751 2451 972 2508 amicos
1009 2452 1081 2506 de
1112 2466 1323 2523 genere
1352 2449 1763 2523 proconsulum
1795 2451 2167 2523 patriciorum

531 2543 921 2611 strategorum
947 2547 1000 2596 et
1020 2539 1509 2606 ofﬁcialium,com
1519 2538 1817 2610 prehensis
1839 2555 1905 2596 eo
1926 2556 2169 2598 numero

530 2628 801 2701 praefecto
858 2627 1027 2685 Urbis
1079 2635 1135 2684 et
1183 2627 1499 2700 drungario
1547 2626 2032 2699 classiariorum;
2065 2629 2168 2703 qui

530 2735 735 2777 omnes
766 2717 1094 2788 duodecim,
1127 2721 1195 2774 ut
1216 2717 1337 2789 jam
1369 2717 1438 2773 de
1486 2717 1783 2789 prioribus
1829 2718 2071 2788 dictum,
2104 2720 2165 2775 in

531 2810 656 2868 suis
685 2807 1015 2867 mulatoriis
1045 2815 1101 2865 et
1129 2807 1579 2864 introducantur
1607 2810 1665 2864 et
1692 2808 2023 2866 educuntur
2046 2827 2061 2872 ;
2094 2809 2169 2867 ad

2282 481 2501 553 σιλικῆς
2556 484 2826 560 τραπέζης
2905 483 3263 561 μαγίστρους,
3324 483 3679 546 ἀνθυπάτους
3758 503 3968 557 πατρι-

2280 571 2436 635 κίους
2485 573 2821 649 στρατηγοὺς
2873 574 3018 628 ὀκτὼ
3065 574 3156 629 καὶ
3209 572 3566 649 Βουλγάρους
3618 571 3847 649 φίλους
3881 571 3965 627 '32:

2280 663 2366 717 καὶ
2433 663 2558 724 τοὺς
2635 659 2730 717 δύο
2807 658 3133 738 δημάρχους
3206 663 3443 720 Βενέτων
3517 685 3580 719 τε
3642 663 3747 718 καὶ
3814 668 3963 735 Πρα-

2280 750 2460 807 σίνων·
2554 750 2783 825 εἰσάγειν
2865 750 2922 807 δὲ
2994 752 3085 807 καὶ
3167 752 3371 831 ἐξάγειν
3454 751 3662 816 αὐτοὺς
3761 751 3965 827 χλανι-

2278 836 2569 917 δοφόρους,
2628 841 2765 895 καθά
2836 840 2925 896 καὶ
3000 840 3253 915 ἀνωτέρω
3324 839 3673 913 δεδήλωται.
3748 842 3851 898 Ἐν
3912 841 3962 897 ἱέ

2275 933 2395 991 τοῖς
2448 927 2714 1005 ἑκατέρων
2785 934 2965 1005 μερῶν
3042 925 3351 994 ἆγουϐίτοις
3408 928 3492 987 δεῖ
3547 933 3706 1005 ὑμᾶς
3769 930 3957 986 καλεῖν

2279 1016 2598 1092 βασιλικοὺς
2657 1019 2975 1094 ἀνθρώπους
3028 1018 3268 1085 ἐθνικοῦς
3332 1022 3446 1095 (63)
3513 1023 3764 1092 πάντας,
3842 1022 3957 1075 οἶσε

2277 1108 2614 1183 Φαργάνους,
2684 1110 2991 1185 Χαζάρους,
3058 1109 3424 1187 Ἀγαρηνοὺς,
3482 1110 3808 1187 Φράγγους
3874 1114 3957 1167 καὶ

2277 1197 2397 1251 ὅσοι
2437 1203 2540 1267 τῆς
2589 1198 2879 1273 βασιλικῆς
2924 1197 2976 1270 ἐξ
3024 1197 3201 1254 αὐτῶν
3248 1201 3272 1235 ²
3314 1198 3667 1256 ἀπολαύουσι
3708 1204 3830 1256 τῶν
3864 1202 3956 1274 ῥο-

2274 1290 2387 1362 γῶν
2418 1290 2778 1364 προμηθείας·
2824 1288 3057 1363 εἰσάγειν
3101 1287 3159 1344 δὲ
3209 1289 3403 1352 αὐτοὺς
3449 1291 3708 1351 ’ἅπαντας
3745 1292 3847 1345 καὶ

2277 1378 2420 1450 άγειν
2454 1376 2587 1449 μετᾶ
2614 1378 2676 1432 τὸ
2706 1375 2913 1433 ἐθνικὸν
2947 1376 3087 1433 ἴδιον
3121 1384 3338 1458 σχῆμα,
3372 1380 3538 1434 οἱονεὶ
3580 1381 3653 1435 τὸ
3690 1380 3831 1454 παρ’
3863 1381 3949 1435 αὖ·

2275 1470 2384 1522 τῶν
2433 1465 2821 1541 ἐπιλεγόμενον
2865 1463 3127 1523 καϐάδιον
3177 1470 3311 1541 (64).
3364 1470 3471 1524 Καὶ
3520 1469 3627 1524 εἶθ’
3664 1467 3945 1543 οὔτωςτῇ

2275 1554 2381 1610 ἀπὸ
2410 1554 2613 1626 ταύτης
2642 1555 2883 1630 εἰσιούσῃ
2934 1563 3036 1626 τῆς
3087 1550 3393 1631 ἑϐδομάδος
3420 1554 3666 1633 τετράδῃ
3704 1577 3952 1633 προσκει-

2277 1641 2485 1699 λεῖσθαι
2533 1644 2623 1700 τὸν
2674 1644 3022 1720 πατριάρχην
3077 1644 3213 1719 μετᾶ
3256 1650 3365 1701 τῶν
3398 1647 3569 1702 αὐτοῦ
3611 1649 3948 1723 ἡγουμένων

2274 1733 2361 1787 καὶ
2408 1737 2691 1806 μοναχῶν,
2731 1734 2809 1796 ὡς
2849 1731 3233 1808 προλέλεκται.
3286 1733 3410 1790 Ἐπὶ
3450 1731 3509 1789 δὲ
3546 1742 3655 1805 τῆς
3698 1731 3949 1809 ἑϐδόμης

2274 1819 2485 1896 ἡμέρας
2542 1826 2650 1877 τῶν
2707 1821 2884 1878 αὐτῶν
2962 1818 3267 1879 ἀκουϐίτων
3343 1820 3426 1878 δεῖ
3482 1823 3631 1897 ὑμᾶς
3697 1824 3945 1899 εὐτρεπί-

2273 1915 2382 1981 ζειν
2416 1910 2491 1974 εἷς
2524 1911 2851 1966 συνὲστίασιν
2885 1909 2974 1967 ἐπὶ
3014 1915 3112 1983 τῆς
3165 1911 3460 1989 βασιλικῆς
3502 1911 3791 1988 τραπέζης
3822 1914 3945 1981 εὶνῦ-

2273 2000 2509 2064 υπάτους
2568 2001 2891 2079 πατρικίους
2960 2003 3315 2078 στρατηγοὺς,
3382 2002 3790 2082 ὀφφικιαλίους
3855 2006 3944 2060 σὺν

2272 2095 2352 2165 τῷ
2414 2090 2647 2167 ὑπάρχῳ
2705 2098 2808 2161 τῆς
2865 2090 3083 2155 πόλεως
3138 2093 3228 2148 καὶ
3284 2096 3365 2166 τῷ
3423 2091 3798 2171 δρουγγαρίῳ
3840 2100 3945 2151 τῶν

2316 2178 2349 2236 λ
2386 2181 2401 2201 ι
2669 2180 2702 2237 λ
2859 2178 2913 2200 ’κν
3082 2182 3095 2199 ε
3193 2181 3211 2213 ι
3293 2204 3305 2216 .
3457 2184 3468 2203 ν
3676 2185 3695 2203 κ
3799 2184 3817 2205 ν
3890 2183 3901 2219 3

2272 2203 2314 2236 π
2357 2202 2556 2254 οιμων,
2605 2202 2662 2259 φι
2708 2202 2800 2245 ους
2855 2194 2951 2237 ουο
3008 2202 3099 2237 και
3157 2179 3286 2238 δικα
3356 2182 3592 2259 εἰσάγειν
3641 2181 3708 2240 δε
3752 2206 3946 2249 mea;

2271 2271 2363 2328 καὶ
2419 2269 2623 2346 ἐξάγειν
2686 2270 2822 2345 μετὰ.
2872 2276 2982 2327 τῶν
3058 2271 3275 2327 οἰκείων
3330 2270 3758 2347 ἆλλαξιμάτων,
3817 2275 3945 2330 πισῇἰ

2271 2361 2363 2417 καὶ
2395 2357 2722 2432 δεδήλωται·
2756 2359 2809 2417 ἐν
2849 2358 2905 2416 δὲ
2948 2366 3065 2426 τοῖς
3119 2360 3344 2425 λοιποῖς
3396 2357 3723 2427 ἆκουϐίτοις
3755 2364 3940 2419 καλεῖν

2272 2450 2348 2511 εἰς
2379 2450 2613 2505 ἓστίασιν
2641 2451 2733 2506 τὸν
2766 2449 3045 2524 σύμπονον
3076 2452 3168 2506 καὶ
3191 2451 3285 2506 τὸν
3319 2450 3624 2529 λογοθέτην
3649 2459 3755 2509 τοῦ
3778 2475 3941 2529 πραι-

2271 2541 2495 2615 τώριου,
2526 2540 2617 2596 τὸν
2647 2542 3036 2616 τοποτηρητήν
3062 2544 3173 2597 τῶν
3203 2539 3483 2615 πλοΐμων,
3503 2542 3597 2598 τὸν
3616 2543 3940 2619 χαρτουλά-

2272 2648 2387 2704 ριον
2415 2633 2514 2684 τοῦ
2543 2627 2873 2703 πλοὶματος,
2918 2630 3011 2686 τὸν
3046 2630 3269 2703 κόμητα
3309 2634 3411 2687 τοῦ
3442 2630 3795 2705 πλοΐματος,
3826 2654 3940 2688 κεν-

2270 2718 2511 2797 τάρχους
2543 2719 2774 2792 ὁμοίως,
2823 2718 3011 2794 κριτὰς
3062 2723 3169 2775 τῶν
3221 2717 3519 2796 ῥεγεώνων,
3564 2721 3823 2784 ἐποπτᾶς
3847 2730 3937 2791 τῆς

2268 2808 2507 2879 πόλεως,
2566 2812 2973 2888 γειτονιᾶρχας,
3019 2810 3113 2867 τὸν
3169 2811 3494 2887 λεγατάριον
3543 2816 3647 2867 τοῦ
3693 2834 3930 2888 πραιτω-

4030 2598 4036 2895 Ι

528 2900 783 2971 reliquos
815 2902 1012 2956 autem
1042 2897 1348 2957 accubitus
1370 2913 1569 2955 vocare
1588 2901 1818 2970 oportet
1840 2899 2167 2969 adjutorem

2274 2898 2442 2970 σίτου,
2509 2900 2603 2955 τὸν
2665 2899 3013 2975 κεντυρίωνα,
3080 2901 3209 2963 τοὺς
3281 2901 3930 2978 πρωτοκαγκελλαρίους,
4034 2906 4035 2921 ¹

529 2988 804 3064 [preteeti
833 2988 1023 3060 Urbis]
1052 2993 1110 3044 et
1137 2986 1483 3045 rationalem
1514 2985 1766 3059 praetorii
1797 2991 1853 3043 et
1880 2990 2168 3057 topotere—

2276 2987 2707 3064 καγκελλαρίους
2773 2990 2866 3045 καὶ
2944 2985 3286 3065 μανδάτορας
3354 3011 3454 3046 του
3505 2988 3797 3066 πλοῒμου,
3849 2992 3930 3047 τὸν

597 3186 621 3222 ³
640 3184 689 3258 ἐξ
720 3183 894 3239 αὐτῶν
927 3200 1042 3241 em.
1075 3183 1168 3251 R.,
1201 3180 1424 3252 ἐξαυτῆς
1452 3180 1581 3239 cod.
1612 3185 1671 3238 et
1701 3181 1790 3237 ed.

1898 3084 2133 3141 VARLE
2171 3086 2588 3145 LECTIONES.

1583 3278 1786 3335 JOAN.
1827 3278 1976 3336 JAC.
2019 3279 2284 3340 REISKII
2313 3282 2904 3343 COMMENTARIUS.

527 3412 653 3470 quas
684 3397 731 3452 si
764 3395 1055 3470 explicare
1074 3398 1132 3470 et
1159 3392 1619 3470 disputationem
1642 3394 1714 3450 de
1733 3410 1901 3450 coma
1921 3398 1978 3451 et
1997 3412 2165 3453 cassa-

526 3466 611 3525 rie
637 3466 893 3525 veterum
924 3467 1106 3524 ordiri
1128 3466 1355 3536 vellem,
1380 3467 1440 3522 in
1469 3472 1697 3522 vastum
1730 3483 2004 3538 campum
2033 3485 2163 3525 eve-

525 3540 712 3597 herer.
746 3541 1104 3612 Quapropter
1136 3540 1319 3612 satius
1367 3541 1478 3607 est,
1509 3539 1762 3612 eamdhic
1811 3540 2073 3596 omittere
2109 3544 2168 3597 et

524 3613 621 3670 alii
655 3609 889 3669 meliori
913 3609 1224 3677 occasioni,
1257 3610 1305 3666 si
1356 3626 1470 3681 qua
1499 3626 1562 3666 se
1594 3609 1818 3678 offerat,
1853 3627 2162 3669 reservare.

593 3685 711 3756 (63)
761 3684 999 3740 Barbari
1043 3692 1098 3739 et
1136 3683 1417 3756 gentiles,_
1444 3681 1705 3756 adeoque
1759 3682 1967 3756 ethnici
2006 3683 2161 3756 idem

520 3751 750 3812 valebat
779 3756 897 3811 illis
925 3751 1455 3827 temporibuande
1484 3751 1678 3808 Schola
1701 3753 2001 3827 gentilium,
2024 3754 2160 3827 (vid.

521 3827 716 3884 Vales.
751 3828 823 3882 ad
853 3829 1044 3882 Amm.
1079 3825 1383 3895 Marcell.),
1416 3840 1544 3895 quae
1575 3832 1771 3895 postea
1800 3825 2040 3882 [talaria
2069 3827 2163 3881 di-

524 3903 615 3954 cta
629 3899 742 3954 fuit
761 3914 863 3954 seu
885 3896 1093 3953 militia
1114 3897 1373 3969 palatina
1389 3912 1456 3969 es
1474 3896 1812 3969 peregrinis
1830 3896 2161 3953 nationibus

522 3969 791 4027 conﬂata.
826 3971 908 4025 Ita
935 3971 994 4025 in
1024 3966 1253 4026 vetusto
1296 3966 1485 4039 lapide
1513 3966 1754 4038 Λειῦὶιωὶ
1798 3966 1940 4039 legit
1967 3971 2160 4025 Serto-

521 4041 643 4097 rius
673 4041 918 4099 Ursatus
945 4041 1005 4096 in
1036 4039 1297 4096 Monum.
1330 4039 1993 4110 Patav.p.45,sepulturw
2020 4056 2159 4108 gen-

521 4114 705 4169 tilium
752 4121 1152 4181 veteranorum,
1197 4111 1255 4166 id
1297 4115 1407 4178 est,
1459 4109 1882 4181 barbarorum;
1916 4110 2032 4181 vid.
2068 4110 2156 4167 Sc.

520 4184 713 4241 Μεισοὶ
757 4191 1025 4242 Museum
1064 4179 1400 4239 Veronense
1447 4196 1504 4252 p.
1551 4180 1677 4250 323,
1727 4184 1786 4236 et
1832 4179 1918 4237 Du
1967 4180 2158 4253 Gange

518 4255 608 4311 Gl.
641 4256 707 4312 G.
738 4273 791 4311 ν.
824 4254 1140 4324 Γεντήλιος.

588 4328 703 4397 (64)
733 4321 1025 4392 Quantum
1055 4342 1124 4382 ex
1169 4322 1661 4397 descriptionibus
1707 4322 1885 4380 variis
1924 4321 2156 4449 colligo,

520 4396 630 4470 fuit
674 4400 965 4470 cabadium
1012 4398 1170 4454 idem
1215 4401 1389 4470 atque
1427 4392 1782 4470 ἐπιλωρίκιον
1828 4394 1919 4451 vel
1960 4393 2056 4470 in:
2093 4416 2160 4470 ωέ

518 4465 727 4541 ράκιον,
758 4469 821 4541 id
844 4476 951 4540 est,
981 4470 1179 4537 vestis,
1234 4465 1351 4525 non
1383 4483 1515 4541 quas,
1540 4465 1731 4525 loricas
1780 4471 1882 4523 aut
1930 4468 2157 4541 thoraci

518 4539 747 4610 proprie
776 4540 862 4596 sic
893 4539 1070 4610 dicto,
1102 4543 1200 4598 sed
1234 4539 1471 4612 pectori,
1502 4540 1559 4594 in
1595 4556 1711 4611 quo
1742 4545 2002 4612 gestetur
2029 4539 2162 4612 tho-

517 4626 641 4681 rax,
674 4615 731 4667 et
761 4611 913 4681 quod
929 4610 1251 4693 _pr0pterea
1277 4628 1431 4695 saepe
1460 4626 1694 4736 «alioque
1726 4610 1929 4666 thorax
1961 4610 2159 4680 appel-

514 4680 693 4764 latur,
745 4684 1299 4764 superinduebatur.
1334 4683 1461 4764 Itin,
1541 4697 1658 4764 ams
1688 4680 1816 4764 oder
1860 4682 2161 4764 Brustlalz,

515 4754 638 4811 sive
669 4751 866 4820 potius
914 4755 1037 4811 eine
1072 4755 1242 4809 Weste
1290 4753 1395 4808 mit
1442 4751 1669 4809 kurtzen
1719 4751 2017 4820 Schwssen,
2049 4752 2162 4808 und

513 4828 619 4896 auf
643 4823 744 4884 der
770 4828 939 4883 Brust
964 4824 1070 4881 mit
1098 4824 1394 4895 doppelten
1435 4823 1889 4897 Ueberschtaegen.
1920 4823 2164 4897 Vertuth

514 4899 819 4969 tibennam,
851 4913 1067 4968 sagum,
1098 4912 1447 4969 supparum,
1463 4903 1684 4966 togam;
1727 4896 1845 4955 vid.
1877 4899 2047 4969 Goer.
2090 4896 2159 4952 ad

517 4969 725 5028 Codin.
760 4967 818 5044 p.
851 4967 942 5040 49,
994 4986 1053 5026 n.
1085 4967 1193 5044 30:
1233 4969 1389 5044 etad
1421 4968 1663 5044 Cedren.
1692 4967 2159 5044 p._ltt7,ubi_ex-

513 5044 680 5114 ponit
708 5037 899 5099 tu'nica
926 5037 1175 5097 exterior
1201 5037 1395 5093 stricte
1422 5040 1656 5114 corpori
1685 5037 2006 5114 adhaerens,
2038 5040 2163 5114 bre_-

510 5109 657 5184 uior,
688 5116 925 5184 glebulis
953 5118 1083 5169 ante
1103 5119 1289 5182 pectus
1308 5109 1660 5184 munitaSed
1689 5109 2156 5184 prmcipne'conf.

511 5183 600 5242 Du
634 5180 826 5258 Gange
855 5185 1062 5258 Gloss._
1089 5180 1265 5240 Graec.
1317 5190 1371 5237 et
1415 5180 1667 5258 salinas.
1717 5181 1789 5235 ad
1836 5180 1959 5258 Scr.
2012 5182 2157 5258 gist.

507 5258 657 5329 Aug.
692 5262 736 5314 t.
757 5251 844 5325 Ἠ,
877 5275 936 5330 p.
967 5256 1094 5330 513,
1128 5271 1263 5312 cum
1293 5269 1404 5330 quo
1435 5252 1600 5330 idem
1631 5266 1746 5330 non
1778 5252 2001 5330 sentio:
2022 5251 2158 5330 Per-

510 5321 662 5401 sap'e
719 5321 969 5386 occurrit
1020 5321 1144 5401 haec
1194 5321 1422 5401 vox'in
1474 5322 1814 5401 auctoribus
1870 5321 2155 5401 Arabicis,

509 5393 697 5472 neque
727 5405 923 5457 tamen
970 5399 1222 5456 Arabica
1262 5400 1371 5463 est,
1420 5410 1611 5468 neque
1661 5395 1999 5451 distinctam
2035 5393 2158 5463 ejus

507 5472 698 5529 ideam
747 5472 832 5528 illi
878 5471 1148 5528 homines
1194 5470 1350 5524 dant.
1397 5467 1688 5525 Persicam
1736 5470 1956 5524 vestem
2006 5480 2155 5529 esse,

507 5504 698 5529 sucum
747 5504 832 5528 “ll
879 5504 1148 5528 μυωιυσο
1194 5504 1350 5524 ναι-ιν·
1397 5504 1688 5525 ιῠιῠιυςιυι
1745 5504 1956 5524 νυῠινιυ
2007 5504 2155 5535 ιιι-νυν,

505 5549 767 5616 patetex
793 5543 932 5598 illis.
962 5540 1463 5616 Ascribam,_qnia
1487 5556 1689 5616 pauca
1729 5543 1898 5616 sunt,
1929 5552 2055 5608 quae
2081 5539 2153 5592 ad

505 5611 804 5672 Abulfedaz
834 5629 974 5670 ann.
1023 5612 1130 5669 594
1162 5626 1263 5666 seu
1295 5611 1424 5665 Chr.
1478 5611 1615 5665 1198
1645 5611 1838 5667 notavi
1869 5626 1883 5666 :
1917 5629 1947 5659 α
1978 5624 2156 5680 appa-

507 5691 599 5755 ret
626 5702 695 5742 ex
723 5685 836 5742 hoc
863 5683 988 5755 loco
1019 5685 1103 5741 sic
1132 5682 1215 5737 ibi
1237 5680 1460 5755 scripsi
1476 5681 1670 5752 (Qaba,
1703 5681 1857 5737 unde
1887 5685 2154 5755 nostrum

508 5751 700 5829 Cappa
748 5753 1030 5825 manavit,
1077 5751 1377 5827 gestamen
1426 5751 1734 5810 Persarum
1786 5756 1845 5811 et
1890 5752 2152 5827 gentium

2276 3384 2347 3442 ad
2402 3381 2545 3440 illud
2596 3399 2809 3457 nomen
2863 3383 3281 3457 pertinentium
3348 3386 3548 3455 fuisse,
3608 3402 3728 3442 non
3793 3388 3927 3445 item
4034 3398 4035 3405 ‘

2275 3459 2617 3526 Turcarum,
2677 3455 2881 3512 Golius
2929 3456 2987 3512 in
3041 3457 3244 3513 Lexico
3300 3457 3449 3525 Qaba
3504 3460 3585 3513 ait
3640 3473 3780 3514 esse
3841 3475 3925 3515 ve-

2272 3538 2408 3585 stem
2480 3529 2715 3600 virilem
2778 3527 3145 3600 peculiariter
3212 3531 3525 3600 Persicam,
3597 3545 3728 3600 qua:
3817 3531 3921 3586 sub

2274 3599 2462 3657 axillis
2494 3616 2596 3671 per
2625 3598 2929 3671 obliquum
2958 3599 3308 3671 duplicatur.
3341 3598 3706 3656 Olearius'in
3741 3602 3922 3658 Itine-

2273 3674 2425 3728 rario
2457 3670 2513 3741 p;
2564 3671 2668 3726 419
2696 3673 2784 3740 ed,
2832 3670 3066 3727 Slesvic’.
3101 3672 3242 3727 Keba
3287 3687 3412 3727 esse
3459 3672 3541 3727 ait
3565 3671 3716 3728 clare
3764 3676 3919 3742 {eine

2272 3744 2459 3799 Filtze.
2489 3742 2792 3797 Materiam
2827 3742 3026 3813 panni,
3059 3759 3173 3798 non
3215 3744 3457 3798 formam
3506 3744 3785 3813 exprimit
3816 3750 3918 3800 aut

2272 3831 2470 3886 usum.
2509 3814 2726 3869 Laudat
2771 3813 2904 3886 illos
2934 3830 3180 3886 quoque
3226 3815 3404 3884 ﬁltros
3445 3815 3661 3869 Paulus
3709 3815 3916 3871 Jovius

2269 3885 2468 3943 libello
2499 3886 2569 3941 de
2611 3884 2898 3955 legatione
2929 3884 3377 3941 Moscovitarum
3429 3887 3504 3955 (p.
3540 3886 3663 3940 488.
3712 3886 3913 3943 Colle-

2270 3958 2479 4015 ctionis
2510 3954 2861 4029 Itinerarior.
2892 3956 3266 4029 Sim.Gryna3i
3290 3954 3472 4029 Basili.
3506 3958 3642 4011 1555
3672 3962 3909 4027 curatae)

2268 4030 2363 4085 his
2392 4029 2585 4101 verbis
2618 4044 2639 4101 εΔ
2666 4027 3053 4084 Mediterranei
3081 4027 3299 4101 Tartari
3327 4029 3473 4101 nihil
3497 4038 3710 4101 praeter
3732 4046 3910 4101 equo-

2269 4045 2363 4085 nts
2392 4045 2585 4084 vernis
2618 4045 2632 4083 :
2666 4045 3052 4084 meauerranet
3082 4045 3296 4084 tartari
3327 4045 3473 4084 mnu
3548 4045 3710 4084 raerer
3732 4046 3909 4101 equo-

2267 4118 2398 4158 rum
2420 4098 2736 4171 pernicium
2762 4114 2946 4170 greges
2974 4103 3025 4155 et
3053 4099 3263 4155 nobiles
3289 4100 3447 4157 nulla
3476 4045 3697 4169 ﬁpiorum
3722 4110 3909 4157 textu-

2268 4190 2354 4242 ra,
2384 4170 2485 4227 sed
2512 4173 2713 4227 coactis
2743 4187 2813 4227 ea:
2860 4170 3007 4227 lanis
3037 4171 3294 4228 candidos
3336 4174 3586 4227 centones
3630 4173 3910 4240 prxbent.

2267 4261 2297 4302 θ
2325 4244 2521 4315 quibus
2547 4242 2749 4314 feltrix
2798 4251 2963 4298 vestes
2990 4243 3223 4315 paenula
3259 4243 3329 4298 ad
3372 4245 3758 4314 perferendam
3788 4261 3904 4300 om-

2266 4314 2395 4371 nem
2449 4316 2710 4369 imbrium
2730 4315 3009 4386 injuriam
3055 4314 3298 4386 idoneag
3321 4319 3479 4385 atque
3519 4316 3907 4386 pulcherrima!

2265 4387 2649 4457 conﬁciuntur.
2681 4383 2766 4458 Cl.
2798 4384 3129 4441 Schultens.
3163 4386 3220 4441 in
3252 4383 3670 4458 Vita‘Saladini
3706 4387 3903 4458 p.212.

2188 4451 2234 4516 D
2264 4451 2393 4530 cap.
2429 4458 2531 4530 139
2576 4456 2748 4530 vertit
2776 4459 2957 4530 Asinus
2989 4458 3176 4530 vestis,
3218 4457 3289 4512 ad
3341 4473 3578 4530 sensum
3627 4451 3725 4530 sio'
3766 4459 3905 4514 satis

2267 4527 2435 4585 bene.
2499 4528 2653 4584 Infra
2702 4527 2812 4583 sub
2857 4544 3009 4583 anno
3065 4529 3173 4583 684
3218 4529 3467 4584 occurrit
3522 4529 3702 4586 dictio
3760 4530 3908 4599 Qaba

2268 4600 2517 4673 tachtdni
2545 4614 2645 4655 seu
2677 4600 3075 4673 inferior,q_ua3
3106 4599 3218 4655 sub
3248 4598 3379 4654 aliis
3408 4601 3666 4673 vestibus
3693 4598 3903 4673 gestari

2268 4672 2412 4729 solet
2459 4680 2512 4727 et
2541 4671 2874 4744 Opponitur,
2922 4671 3133 4727 athlaso
3179 4672 3416 4744 [auqdni
3454 4687 3564 4744 seu
3606 4671 3903 4744 superiori,

2268 4760 2369 4800 seu
2400 4743 2686 4809 exteriori,
2735 4743 2891 4797 unde
2919 4746 3148 4799 constat
3179 4742 3330 4810 Qaba
3360 4742 3642 4799 rationem
3676 4742 3906 4800 habere

2270 4825 2429 4873 vestae
2458 4829 2560 4870 seu
2589 4812 2801 4869 tunicae
2832 4817 3061 4870 nostrae.
3095 4835 3125 4864 »
3158 4813 3291 4870 Haec
3322 4814 3421 4869 ibi.
3455 4813 3644 4870 Locus
3673 4815 3905 4871 Abult'e-

2269 4887 2378 4955 dae,
2409 4886 2481 4941 ad
2529 4901 2715 4957 quem,
2746 4887 2858 4941 ista
2886 4885 3118 4957 scripsi,
3167 4884 3262 4941 hic
3290 4891 3378 4941 est
3409 4901 3423 4940 :
3456 4906 3486 4935 cc
3538 4885 3906 4942 Chowarerim

2266 4957 2452 5015 Schah
2486 4956 2733 5013 Tacasch
2762 4956 3051 5013 invadebat
3078 4956 3403 5021 Bocharam,
3438 4963 3571 5012 tunc
3600 4957 3898 5015 Chatlhazis

2262 5033 2569 5104 parentem,
2599 5036 2651 5084 et
2679 5027 2961 5104 subigebat
3005 5029 3272 5104 eamdem,
3304 5027 3608 5104 humanum
3639 5038 3821 5085 tamen
3849 5045 3906 5104 se

2265 5099 3047 5172 uictoremrgerebamuamvis
3074 5099 3345 5171 injuriam
3366 5099 3478 5172 sibi
3495 5105 3698 5172 [actam
3715 5102 3900 5169 gravi-

2269 5174 2364 5230 bus
2393 5171 2568 5243 paenis
2608 5170 2819 5226 ulcisci
2850 5170 3139 5242 potuisset.
3179 5171 3447 5227 θῆαιιήκὶ
3493 5170 3901 5243 enim_tenente

2266 5240 2549 5301 obsidione
2590 5258 2799 5312 canem,
2840 5240 2950 5299 uno
2994 5258 3208 5298 cassum
3259 5243 3432 5312 oculo,
3463 5244 3595 5298 cuba
3640 5240 3899 5296 indutum

2268 5317 2386 5388 [seu
2436 5315 2637 5371 tunica
2682 5314 2931 5386 Persica]
2980 5329 3010 5369 e
3036 5314 3322 5388 catapulta
3367 5328 3552 5388 versus
3589 5312 3900 5388 obsidentes

2264 5384 2608 5455 exploserant
2635 5401 2761 5441 cum
2789 5384 3178 5442 contumelioso
3210 5384 3459 5455 dicteria,
3484 5384 3626 5440 hunc
3650 5386 3899 5455 ipsorum

2265 5458 2600 5515 Solthanum
2631 5473 2762 5515 esse.
2812 5457 3301 5529 Tocaschornemlze
3330 5459 3630 5529 jacturam
3675 5457 3899 5529 alterius

2264 5529 2412 5585 oculi
2442 5529 2874 5585 exprobrabant.
2923 5530 2989 5585 At
3021 5528 3119 5584 ille
3149 5528 3345 5584 tamen
3379 5533 3595 5584 tantum
3639 5528 3825 5583 aberat
3869 5542 3900 5581 a

2264 5597 2563 5671 repetenda
2614 5603 2863 5672 procacis
2925 5599 3144 5673 lingua:
3182 5607 3243 5673 et
3280 5598 3608 5673 petulantis_
3635 5597 3897 5668 facinoris

2259 5669 2443 5746 ptine,
2472 5680 2535 5746 ut
2578 5669 2760 5742 potius
2793 5669 3091 5746 beneﬁciis
3137 5670 3248 5728 sibi
3281 5669 3793 5745 largitionibusgue
3817 5684 3899 5743 pe-

2259 5742 2532 5804 cuniariis
2558 5759 2721 5801 novos
2747 5744 2887 5802 cives
2913 5743 3200 5815 obligaret.
