4088 6300
183 432 380 495 13⁷77

1100 439 1202 499 DE
1245 438 1691 501 CERIMONIIS
1735 440 1975 503 ΑΙ]ιῶ
2017 439 2496 502 ΒΥΖΑΝΤῙΝιΕ
2536 441 2681 502 LIB.
2727 441 2807 502 II.

3503 447 3656 510 i378

175 570 466 647 ἀριθμὸν
529 572 628 632 σδ’⁶
687 577 916 654 είσαγειν
973 572 1030 630 δὲ
1085 573 1175 628 καὶ
1233 571 1440 648 ἐξάγειν
1499 574 1696 637 αὐτοὺς
1759 577 1892 650 μετὰ

2013 585 2133 634 tam
2165 577 2625 645 classiariorum,
2657 576 3107 649 chartularium,
3140 579 3411 638 comitem
3442 585 3497 638 et
3528 600 3660 640 cen-

188 667 323 718 τῶν
363 663 614 721 οἰκείων
649 663 1101 742 σκαραμαγγίων,
1157 660 1306 730 πλὴν
1350 667 1458 717 τῶν
1508 669 1909 740 τοποτηρητῶν

191 753 367 823 μετὰ.
402 753 513 808 καὶ
549 756 752 830 σαγίων
802 750 1009 829 ῥωέων,
1054 751 1234 813 καθὼς
1279 749 1533 824 ἀνωτέρω
1574 750 1907 823 δεδήλωταιο

187 839 344 896 Ἐπὶ
391 840 465 898 δὲ
531 851 632 914 τῆς
687 841 888 918 ὀγδόης
946 843 1158 916 ἡμέρας
1213 845 1320 896 τῶν
1377 841 1554 896 αὐτῶν
1603 838 1905 896 ἀκουϐίτων

192 928 554 987 ἑκτελεῖται
609 932 670 987 τὸ
750 933 926 1006 βωτὸν
1001 929 1416 1006 παιζοδρόμιον,
1475 930 1564 986 καὶ
1625 928 1709 985 δεῖ
1767 932 1907 1004 ὑμᾶς

201 1019 588 1092 εὐτρεπίζειν
658 1022 734 1082 εἷς
826 1019 1156 1076 συνεστίασιν
1244 1023 1352 1074 τῶν
1450 1019 1718 1095 βασιλέων
1784 1021 1909 1082 τοὺς

191 1107 597 1184 προῦχοντας
643 1117 744 1180 τῆς
792 1111 994 1181 τάξεως
1031 1114 1128 1165 τοῦ
1173 1113 1435 1183 μυστικοῦ
1491 1105 1904 1180 κουϐουκλείου,

199 1202 336 1255 οἷον
447 1201 875 1275 πραιποσίτους,
965 1201 1489 1278 πρωτοσπαθαρίους
1587 1200 1906 1276 εὐνούχους,

197 1290 664 1366 πριμικηρίους,
717 1288 1045 1366 ὀστιαρίους,
1094 1291 1187 1344 τὸν
1238 1290 1466 1364 ἀριθμὸν
1514 1290 1586 1360 η’,
1633 1290 1727 1344 τὸν
1769 1309 1908 1365 χαρ-

201 1378 546 1454 τουλάριον
601 1387 701 1452 τῆς
764 1378 1058 1456 βασιλικῆς
1127 1378 1425 1450 σακέλλης,
1499 1380 1599 1448 τὴν
1667 1377 1754 1433 ἐπὶ
1811 1383 1908 1434 τοῦ

205 1466 450 1524 εἰδικοῦ
489 1469 681 1546 λόγου,
728 1471 820 1526 τὸν
869 1471 1188 1544 ἀκτουᾶριον
1233 1469 1322 1524 καὶ
1369 1468 1461 1523 τὸν
1511 1474 1610 1537 τῆς
1641 1468 1909 1523 καταστά-

211 1577 394 1618 σεως·
440 1558 680 1632 εἷσαγειν
733 1555 791 1613 δὲ
841 1557 1034 1619 αὐτοὺς
1088 1557 1221 1632 μετά
1263 1561 1374 1613 τῶν
1420 1556 1635 1612 οἷ’κείων
1677 1556 1907 1628 ἂλλαξι-

213 1647 460 1719 μάτων,
538 1647 598 1702 οὐ
659 1649 836 1708 καθὼς
904 1649 1033 1710 τοὺς
1102 1646 1330 1709 λοιποὺς
1392 1648 1622 1709 ἅπαντας
1681 1644 1732 1702 ἐν
1789 1651 1907 1710 ταῖς

209 1738 674 1814 προλεχθείσαις
720 1739 952 1816 ἡμέραις
1011 1738 1070 1794 ἐκ
1125 1744 1233 1795 τῶν
1281 1740 1431 1794 κάτω
1476 1740 1614 1814 πρὸς
1667 1740 1735 1794 τα
1793 1740 1905 1794 ἄνω

212 1827 319 1882 σὺν
354 1830 795 1900 τῷκαστρησίῳ
839 1830 939 1897 τήν
987 1829 1212 1904 πορείαν
1263 1828 1606 1902 ποιούμενοι,
1654 1826 1778 1884 ἀλλ’
1810 1826 1906 1882 αὖ·

215 1927 313 1982 θις
384 1916 490 1971 σὺν
542 1917 611 1991 τῇ
663 1915 829 1991 ἐξόδῳ
879 1920 977 1986 τῆς
1039 1917 1330 1993 βασιλικῆς
1389 1915 1743 1988 ἀνακλήσεως
1791 1918 1904 1990 (65)

216 2011 518 2085 στιχιζειν
569 2006 765 2070 αὐτοὺς
818 2007 954 2062 κατὰ
1009 2008 1070 2062 τὸ
1121 2005 1259 2062 ἴδιον
1313 2007 1527 2081 ἀξίωμα
1573 2004 1761 2079 κύκλῳ
1806 2013 1907 2076 τῆς

215 2097 433 2168 τιμίας
484 2095 774 2168 βασιλικῆς
831 2097 1125 2170 τραπέζης,
1185 2097 1275 2150 καὶ
1334 2097 1446 2169 ἅμα
1501 2102 1600 2164 τῆς
1658 2094 1907 2173 ἐκφωνή-

223 2204 377 2244 σεως
429 2187 538 2238 τῶν
585 2185 946 2258 παρεστώτων
1001 2183 1308 2258 βουκαλίων
1359 2182 1668 2239 ἀνακλίνειν
1709 2183 1905 2245 αὐτοὺς

221 2270 281 2327 ἐν
345 2276 424 2345 τῇ
477 2270 838 2345 λαμπροτάτῃ
884 2271 1146 2347 τραπέζῃ,
1199 2271 1398 2345 ἐξάγειν
1452 2270 1510 2327 δὲ
1557 2271 1751 2333 αὐτοὺς
1800 2271 1904 2326 πά·-

228 2359 327 2416 λιν
386 2365 462 2434 τῇ
521 2359 656 2434 αὖτῇ
717 2359 1036 2432 ἀκολουθίᾳ,
1097 2363 1172 2424 ὡς
1231 2360 1462 2437 εἷ’ρηται.
1515 2363 1635 2417 Ἐπὶ
1694 2359 1751 2416 δὲ
1790 2365 1906 2425 τοῖς

230 2451 472 2511 λοιποῖς
529 2445 836 2512 ἀκουϐίτοις
894 2451 999 2526 πρὸ
1054 2453 1154 2522 τὴς
1218 2451 1505 2526 βασιλικῆς
1553 2451 1905 2522 ἀνακλήσεως

231 2539 738 2615 προανακλίνονται
779 2541 1002 2612 πένητες
1051 2543 1100 2595 οἱ
1145 2542 1212 2596 τὰ
1265 2539 1560 2618 σφραγίδια
1590 2539 1902 2620 εἰληφότες,

229 2632 332 2686 καὶ
406 2625 487 2685 ἔτι
551 2630 728 2686 αὐτῶν
769 2631 1133 2705 ἀνακειμένων
1199 2633 1287 2686 καὶ
1337 2631 1643 2702 ἐσθιόντων,
1710 2632 1761 2686 έν
1824 2635 1904 2705 τῷ

233 2723 426 2792 καιρῷ
454 2723 549 2773 τοῦ
592 2719 787 2792 μίνσου
829 2723 936 2775 τῶν
985 2717 1280 2788 δουλκίων,
1330 2715 1806 2793 ἀναλαμϐάνονται
1838 2719 1906 2775 τὰ

235 2805 474 2871 δοθέντα
519 2805 815 2883 σφραγίδια
864 2809 967 2864 ὑπὸ
1014 2808 1350 2882 ἀρτικλίνου,
1391 2809 1480 2864 καὶ
1530 2807 1740 2865 δίδοται
1768 2808 1906 2865 κατᾶ

233 2897 414 2952 τόπον
474 2897 620 2970 παρά
673 2900 770 2950 τοῦ
828 2895 1036 2952 είδικοῦ
1092 2897 1262 2972 λόγου
1318 2900 1524 2972 ἑκάστῳ
1580 2900 1769 2970 πένητι
1826 2898 1902 2961 είς

237 2982 542 3060 βασιλικὴν
609 2984 861 3060 εὐλογίαν
928 2982 1270 3059 ἀποκὸμϐιον
1340 2982 1468 3062 ἔχον
1537 2981 1748 3041 ἔνδοθεν
1815 2987 1904 3042 νό-

239 3095 427 3149 μισμα
468 3071 545 3130 ἓν.
582 3075 702 3130 Ἐπὶ
763 3072 818 3129 δὲ
871 3078 972 3140 τῆς
1032 3073 1250 3146 ἐννάτης
1305 3075 1517 3148 ἡμέρας
1565 3079 1674 3130 τῶν
1722 3076 1902 3130 αὐτῶν

236 3159 553 3218 ἀκουϐίτων
606 3163 847 3218 τελεῖται
894 3164 1204 3240 κλητώριον
1259 3162 1476 3221 δείπνου
1532 3168 1668 3237 (66),
1729 3165 1759 3219 ὅ
1812 3165 1901 3219 καὶ

237 3254 574 3327 τρυγητικὸν
633 3252 904 3321 καλεῖται,
959 3255 1049 3308 καὶ
1127 3253 1206 3308 δεῖ
1268 3256 1404 3326 ὑμὰς
1463 3253 1899 3330 προευτρεπίζειν

2015 667 2273 733 tarchos,
2306 682 2509 722 omnes
2539 667 2621 722 rei
2653 666 2912 735 navalis;
2938 668 3166 738 judices
3195 670 3497 742 regionum
3532 672 3658 744 [Ur-

2014 754 2106 810 bis
2137 755 2388 827 nempe],
2423 757 2780 827 inspectores
2804 755 2994 825 Urbis,
3025 757 3284 813 vicorum
3318 761 3653 832 magistros,

2014 842 2360 914 legatarium
2395 846 2706 916 praepositi,
2750 846 3174 912 centurionem,
3198 851 3657 919 protocancella-

2015 932 2154 1000 rios,
2188 934 2568 991 cancellarios
2599 939 2656 989 et
2690 936 3056 991 mandatores
3086 936 3169 992 rei
3190 937 3500 1009 navalis,in
3523 941 3658 995 uni-

2012 1036 2242 1076 versum
2270 1023 2339 1076 ad
2375 1039 2682 1079 numerum
2713 1024 2839 1079 204.
2875 1025 2943 1080 Hi
2983 1041 3114 1080 cum
3163 1027 3286 1082 suis
3329 1045 3658 1084 scaraman-

2012 1109 2126 1181 giis
2157 1115 2213 1164 et
2242 1110 2701 1166 introducantur
2731 1117 2787 1167 et
2827 1113 3160 1169 educuntur
3189 1119 3400 1187 praeter
3428 1122 3656 1190 topote-

2012 1203 2188 1256 retas.
2219 1198 2287 1253 Hi
2338 1199 2493 1254 enim
2542 1199 2602 1253 in
2644 1201 2828 1257 russis
2877 1203 3030 1269 sagis
3069 1202 3541 1277 introducuntur,
3591 1211 3658 1264 ut

2013 1287 2339 1358 suprajam
2384 1287 2454 1343 de
2492 1287 2787 1344 similibus
2832 1292 3120 1346 monitum
3154 1293 3282 1350 fuit.
3316 1293 3528 1352 Octavo
3559 1313 3656 1354 eo-

2013 1377 2282 1432 rumdem
2305 1377 2683 1433 accubituum
2705 1379 2797 1434 die
2819 1377 3144 1435 celebratur
3163 1387 3365 1439 votum
3390 1387 3661 1455 pezodro-

2013 1469 2195 1525 mium
2217 1485 2321 1524 seu
2366 1469 2655 1525 ludicrum
2707 1471 2961 1542 pedestri
3008 1487 3179 1529 cursu
3229 1483 3540 1544 certamen,
3599 1484 3659 1537 et

2011 1561 2237 1629 oportet
2267 1575 2366 1614 vos
2397 1559 2668 1614 invitatos
2716 1565 3068 1632 paratosque
3098 1560 3311 1620 habere
3341 1565 3412 1620 ad
3445 1582 3660 1638 coepu-

2011 1645 2253 1703 landum
2281 1663 2414 1702 cum
2463 1647 2719 1702 dominis
2769 1665 3035 1719 proceros
3084 1651 3156 1706 de
3203 1652 3403 1708 ordine
3435 1655 3651 1725 {secreti

2013 1735 2290 1802 cubiculi,
2324 1739 2387 1790 ut
2415 1736 2771 1806 praepositos,
2802 1738 3300 1808 protospatharios
3334 1743 3654 1812 eunuchos,

2012 1823 2398 1896 primicerios,
2431 1823 2797 1890 ostiarios,ad
2822 1842 3133 1882 numerum
3159 1832 3319 1897 octo;
3352 1839 3403 1886 et
3426 1832 3559 1887 dein
3582 1834 3654 1888 ad

2012 1913 2439 1970 conficiendum
2491 1929 2802 1969 numerum
2860 1915 3304 1988 duodenarium,
3347 1918 3454 1975 bos
3511 1937 3656 1991 qua-

2015 2008 2148 2060 tuor
2181 2020 2194 2058 :
2229 2003 2642 2060 chartularium
2692 2004 2841 2060 sacri
2889 2005 3112 2075 sacelli,
3147 2007 3429 2064 comitum
3479 2010 3657 2065 ratio-

2014 2109 2156 2148 num
2188 2094 2568 2164 privatarum,
2601 2094 2928 2149 actuarium
2969 2097 3025 2150 et
3055 2096 3547 2153 cerimoniarium.
3583 2097 3652 2154 Hi

2014 2198 2147 2238 cum
2179 2181 2304 2238 suis
2335 2181 2668 2239 mutatoriis
2693 2182 3162 2245 introducuntur.
3197 2201 3313 2242 non
3344 2202 3410 2243 eo
3457 2189 3652 2257 modo,

2013 2287 2130 2342 quo
2161 2271 2258 2326 alii
2290 2275 2596 2344 magnates
2625 2270 2685 2326 in
2719 2271 2926 2329 diebus
2961 2273 3270 2345 praedictis,
3305 2275 3360 2330 id
3392 2280 3502 2344 est,
3536 2293 3652 2333 non

2011 2361 2084 2416 ab
2115 2359 2251 2416 imis
2282 2361 2354 2415 ad
2400 2377 2650 2428 summa,
2697 2361 3154 2432 praeambulante
3185 2368 3517 2435 castrense;
3548 2365 3652 2422 sed

2010 2450 2280 2522 protinus
2339 2453 2514 2522 atque
2572 2449 2794 2506 domini
2850 2453 3268 2521 accubuerunt,
3326 2460 3548 2525 oportet
3574 2455 3653 2527 {ut

2009 2537 2162 2607 illos,
2195 2539 2515 2595 secundum
2564 2556 2733 2596 suam
2781 2556 3072 2613 quemque
3104 2541 3467 2613 dignitatem,
3499 2544 3655 2600 circa

2011 2628 2396 2684 venerabilem
2420 2629 2640 2700 regiam
2664 2645 2916 2685 mensam
2942 2629 3362 2699 ordinemus,et
3384 2631 3562 2688 simul
3585 2649 3651 2689 ac

2008 2722 2267 2773 astantes
2315 2717 2538 2774 vocales
2608 2717 2897 2787 intonant,
2957 2721 3028 2774 ad
3107 2719 3648 2790 splendidissimam

2008 2821 2274 2862 mensam
2331 2806 2483 2862 435
2545 2809 2928 2863 asternamus.
2961 2812 3078 2863 Hos
3126 2810 3327 2865 eadem
3375 2810 3648 2879 formula,

2011 2911 2127 2965 qua
2157 2893 2433 2963 diximus,
2464 2894 2676 2950 iterum
2706 2897 2951 2952 educere
2980 2901 3229 2968 oportet.
3265 2896 3519 2969 Reliquis
3551 2916 3650 2955 ac-

2010 2983 2225 3039 cubitis
2254 2983 2642 3050 acclinantur,
2689 2983 2776 3038 vel
2805 2989 3118 3056 antequam
3149 2984 3263 3056 ipsi
3295 2986 3514 3041 domini
3546 3004 3650 3043 ac-

2011 3071 2337 3132 cubuerint.
2393 3088 2698 3142 pauperes,
2741 3073 2956 3142 quibus
3006 3078 3176 3129 antea
3224 3075 3367 3130 datae
3419 3084 3646 3132 tesseras

2008 3160 2464 3217 fuerunt.Abhis
2482 3161 2671 3217 adhuc
2701 3162 3177 3218 accumbentibus
3200 3169 3255 3220 et
3273 3165 3648 3236 epulantibus

2009 3267 2074 3306 eo
2113 3255 2396 3322 tempore,
2448 3266 2560 3321 quo
2611 3251 2825 3306 missus
2872 3251 3053 3306 dulcii
3111 3269 3214 3308 seu
3264 3259 3650 3326 trugematum

241 3342 323 3404 εἷς
369 3342 703 3396 συνεστίασιν
747 3345 844 3396 τοῦ
895 3339 1114 3396 δείπνου
1160 3347 1238 3413 τῷ
1292 3342 1508 3417 βασιλεῖ
1555 3343 1750 3416 φίλους
1803 3344 1895 3418 ιβ’,

2012 3342 2068 3394 et
2099 3339 2497 3410 placentarum
2524 3339 2879 3395 mellilarum
2904 3341 3099 3409 intrat,
3122 3342 3329 3414 repetit
3349 3343 3652 3401 articlinus

239 3432 360 3484 οἷον
431 3429 782 3504 μαγίστρους,
869 3429 1202 3492 ἀνθυπάτους
1270 3430 1586 3506 πατρικίους
1664 3451 1897 3505 στρατη-

241 3517 382 3593 γοὺς
415 3519 581 3586 ὀκτὼ,
635 3517 831 3597 φίλους
879 3517 1207 3592 Βουλγᾶρων
1259 3516 1374 3590 δύο,
1419 3519 1509 3573 καὶ
1555 3521 1681 3581 τοὺς
1715 3517 1898 3574 ἑκατέ-

242 3626 352 3680 ρων
407 3604 502 3661 δύο
544 3604 883 3681 δημάρχους.
946 3605 1380 3680 Προσκυλοῦνται
1445 3605 1502 3662 δὲ
1551 3607 1698 3662 οὗτοι
1751 3607 1896 3680 παρὰ

238 3699 344 3749 τοῦ
382 3693 650 3771 βασιλέως
684 3693 773 3750 διὰ
818 3699 915 3751 τοῦ
963 3694 1280 3770 ἀρτικλίνου
1309 3695 1540 3772 πρωίας,
1573 3697 1663 3751 καὶ
1699 3695 1897 3770 μίνσων

237 3782 568 3856 διδομένων,
626 3786 1066 3859 συνεισέρχονται
1121 3784 1311 3848 πάντες
1361 3787 1412 3840 οἱ
1457 3785 1792 3859 κεκλημένοι
1824 3787 1897 3848 εἷς

240 3873 574 3928 συνεστίασιν
631 3877 708 3945 τῷ
759 3874 976 3948 βασιλεῖ
1021 3875 1159 3948 πρὸς
1207 3873 1455 3948 ἑσπέρας,
1513 3876 1603 3929 καὶ
1653 3875 1898 3950 εἰσάγον-

231 3984 323 4020 ται
365 3963 455 4018 καὶ
506 3962 786 4038 ἐξάγονται
835 3964 1029 4025 πάντες
1084 3964 1218 4036 μετά
1263 3968 1371 4018 τῶν
1419 3963 1631 4019 οἰκείων
1670 3963 1899 4034 ἀλλαξι-

241 4054 432 4127 μάτων
492 4053 582 4107 καὶ
640 4053 968 4130 καμπαγίων
1017 4055 1152 4108 κατὰ
1209 4053 1540 4109 ἀκολουθίαν
1588 4053 1678 4109 καὶ
1726 4055 1893 4110 τύπον

234 4143 342 4198 τῶν
384 4141 802 4222 προγραφέντων
854 4141 906 4196 ἐν
957 4147 1074 4204 τοῖς
1125 4141 1255 4198 ἅνω.
1305 4146 1390 4197 Ἐν
1439 4140 1496 4197 δὲ
1548 4147 1666 4205 τοῖς
1713 4141 1889 4198 ἐκατέ-

239 4254 345 4307 ρων
376 4235 482 4286 τῶν
520 4236 699 4308 μερῶν
731 4226 1045 4294 ἀκουϐίτοις
1097 4229 1179 4286 δεῖ
1223 4234 1363 4306 ὓμᾶς
1418 4231 1604 4287 καλεῖν
1638 4231 1774 4286 κατᾶ
1802 4233 1894 4288 τὸν

238 4321 364 4396 ερον
415 4328 516 4391 τῆς
562 4324 788 4392 πρώτης
817 4321 1026 4396 ἡμέρας
1073 4323 1204 4384 τοὺς
1258 4323 1360 4377 ὑπὸ
1400 4323 1714 4396 καμπάγιον
1766 4343 1896 4397 συγ-

241 4408 541 4478 κλητικοὺς
598 4411 855 4478 ἅπαντας,
917 4414 1029 4466 οἷον
1091 4412 1436 4482 ἀσηκηήτας,
1496 4409 1600 4466 ἀπὸ
1656 4419 1756 4481 τῆς
1786 4416 1893 4466 τῶν

250 4494 826 4568 σπαθαροκανδιδάτων
885 4499 1029 4571 ἀξίας
1105 4500 1195 4554 καὶ
1274 4498 1586 4574 κατωτέρω,
1656 4518 1898 4574 χαρτου-

258 4584 447 4659 λάριον
512 4589 609 4639 τοῦ
673 4591 885 4658 γενικοῦ
948 4588 1268 4663 λογοθέτου,
1336 4587 1745 4664 χαρτουλάριον
1803 4593 1898 4643 τοῦ

2009 3434 2276 3495 tesseras,
2310 3429 2641 3500 danturque
2688 3446 2756 3485 ex
2786 3435 3014 3502 recepto
3061 3432 3176 3487 ritu
3209 3433 3445 3490 nomine
3479 3436 3650 3506 regias

2008 3516 2428 3572 benedictionis
2451 3517 2696 3587 singulis
2717 3521 3070 3589 pauperibus
3091 3537 3158 3576 ex
3189 3522 3404 3591 privato
3427 3523 3650 3593 peculio

2006 3604 2239 3676 singula
2269 3605 2611 3676 apocombia
2633 3605 2722 3660 vel
2753 3608 3103 3662 munuscula
3131 3610 3381 3664 missilia
3403 3612 3652 3668 sacculis

2005 3695 2203 3750 insuta
2226 3694 2388 3749 intus
2412 3693 2685 3750 habentia
2715 3695 2980 3766 singulos
3003 3695 3223 3753 solidos
3252 3699 3650 3756 aureos.N0no

2005 3783 2100 3839 die
2115 3782 2454 3839 eorumdem
2481 3784 2853 3839 accubituum
2875 3783 3198 3840 celebratur
3217 3786 3544 3843 convivium
3565 3805 3656 3845 ve-

2007 3872 2362 3944 spertinum,
2423 3873 2577 3944 quod
2639 3872 2819 3928 etiam
2875 3873 3226 3930 vindemiale
3285 3877 3650 3948 appellatur;

2005 3965 2345 4032 oportetque
2367 3976 2468 4016 vos
2493 3961 2654 4032 prius
2683 3960 2956 4018 invitatos
2975 3968 3031 4018 et
3050 3969 3417 4034 comparatos
3440 3964 3654 4023 habere

2007 4050 2312 4106 duodecim
2345 4049 2586 4120 amicos,
2607 4051 2675 4105 de
2697 4051 2908 4106 ordine
2941 4052 3380 4124 magistrorum,
3415 4071 3655 4124 procon-

2007 4140 2202 4196 sulum
2263 4139 2640 4210 patriciorum
2703 4143 3096 4212 strategorum
3158 4145 3312 4212 octo,
3371 4142 3654 4214 Bulgaros

2007 4228 2225 4285 amicos
2256 4229 2392 4299 duo,
2425 4231 2482 4283 et
2515 4227 2820 4283 ambarum
2854 4228 3171 4284 factionum
3205 4230 3540 4303 magistros.
3563 4233 3654 4287 In-

2007 4317 2264 4372 vitantur
2320 4320 2513 4371 autem
2563 4315 2622 4370 hi
2665 4317 2737 4372 ab
2791 4317 3140 4388 imperatore
3185 4333 3289 4390 per
3317 4319 3652 4378 articlinum

2008 4423 2200 4474 mane,
2233 4406 3067 4480 indictisque[pomeridianis]
3089 4408 3490 4474 missis,simul
3513 4427 3647 4467 cum

2005 4496 2358 4566 imperatore
2383 4495 2607 4550 intrant
2637 4496 2862 4552 invitati
2886 4514 3090 4554 omnes
3111 4507 3244 4555 ante
3263 4506 3653 4572 vesperam,et

2010 4586 2315 4640 introducu
2328 4589 2463 4640 ntur
2477 4601 2568 4639 om
2581 4601 2679 4640 nes
2696 4585 2754 4640 in
2779 4585 2902 4641 suis
2919 4588 3189 4642 mutatori
3202 4588 3249 4642 is
3263 4590 3653 4662 ctcampagiis

256 4672 648 4749 στρατιωτικοῦ
700 4674 1018 4749 λογοθέτου,
1070 4676 1414 4755 ἀντιγραφεῖς
1464 4683 1560 4734 τοῦ
1590 4680 1898 4751 κυέστορος,

2012 4675 2326 4732 secundum
2373 4676 2684 4730 decursum
2715 4678 2772 4731 et
2803 4675 3117 4732 formulam
3169 4695 3347 4750 supra
3396 4680 3652 4748 praescri-

255 4764 345 4818 τὸν
379 4763 674 4836 σόμπονον,
733 4763 823 4817 τὸν
886 4761 1178 4837 λογοθέτην
1236 4767 1326 4820 καὶ
1374 4768 1501 4828 τοὺς
1552 4769 1762 4840 γριτᾶις,
1809 4786 1898 4821 νο-

253 4852 472 4928 ταρίους
501 4857 596 4907 τοῦ
627 4851 944 4924 σακελλίου,
992 4853 1274 4927 νοταρίους
1319 4860 1417 4910 τοῦ
1451 4856 1782 4931 βεστιαρίου,
1811 4877 1901 4911 νο-

252 4939 471 5014 ταρίους
519 4946 616 4996 τοῦ
647 4939 874 5016 εἶ’δικοῦ,
926 4942 1184 5011 ὑπάτους,
1232 4943 1650 5018 σιλεντιαρίους,
1705 4947 1899 5020 βεστή-

2011 4769 2195 4837 ptam.
2219 4764 2300 4819 Ad
2326 4763 2574 4834 reliquos
2595 4772 2784 4820 autem
2809 4765 3116 4822 ambarum
3148 4766 3454 4839 plagarum
3485 4785 3653 4824 accu-

2013 4853 2171 4909 bitus
2203 4853 2486 4909 advocare
2516 4870 2617 4909 vos
2657 4859 2880 4926 oportet
2909 4856 3079 4926 juxta
3119 4855 3297 4911 ritum
3331 4854 3502 4927 primi
3537 4857 3653 4913 diei

2014 4942 2336 5000 senatorios
2366 4961 2569 5001 omnes
2599 4945 2658 5001 in
2699 4946 3017 5018 campagiis
3064 4961 3399 5019 comparere
3429 4945 3652 5019 solitos,

1283 5051 1488 5108 JOAN.
1529 5056 1675 5110 JAC.
1719 5052 1981 5109 REISKII
2023 5050 2625 5108 COMMENTARIUS.

320 5158 435 5231 (65)
459 5158 644 5214 Verba
673 5161 1051 5232 perobscura,
1065 5159 1269 5216 Visum
1300 5160 1537 5232 quidem
1562 5161 1619 5215 id
1641 5162 1893 5216 maxime

256 5245 577 5303 congruum
633 5247 871 5285 sensum
901 5231 1457 5303 _fundere,_quod_in
1507 5233 1722 5287 Latinis
1767 5232 1898 5286 dedi

257 5299 395 5374 qusi
440 5302 828 5374 subinnuunt,
864 5299 1020 5363 εὐθὺς
1080 5307 1136 5356 et
1192 5299 1529 5360 ἀνακλίσεως
1585 5303 1896 5374 legendum

256 5373 699 5461 6289;’1'28016118
747 5378 944 5461 tame‘n
995 5389 1227 5461 semper
1253 5381 1362 5461 ‘e’st
1416 5375 1592 5461 dictio
1623 5374 1779 5461 ερθύς
1808 5373 1900 5426 σὺν

255 5447 348 5519 τῇ-
381 5441 550 5516 ἐξόδῳ
605 5450 706 5513 τῆς
770 5441 1057 5519 βασιλικῆς
1114 5441 1472 5513 ἀνακλίσεως,
1526 5449 1718 5501 statim
1773 5462 1900 5501 cum

255 5514 412 5591 exitu
441 5514 618 5588 regiae
646 5514 1005 5574 accdbitz'onis
1042 5533 1142 5588 pro
1173 5521 1366 5574 statim
1408 5529 1572 5591 atque
1600 5534 1702 5575 rex
1731 5533 1898 5574 accu-

257 5589 453 5643 buerit.
1219 5629 1222 5632 .

324 5658 436 5730 (66)
466 5659 582 5716 Sub
612 5675 912 5731 vesperam
965 5660 1189 5718 scilicet
1217 5661 1326 5717 hoc
1367 5661 1696 5718 convivium
1747 5660 1900 5718 celo-

257 5729 500 5805 brabant
538 5751 554 5805 _;
597 5729 768 5805 Aunde
818 5731 1143 5805 colligitur,
1195 5735 1582 5804 praecedentia
1636 5733 1900 5788 convivia

260 5801 499 5860 meridie
530 5801 710 5860 fuisse
750 5801 1058 5864 celebrata.
1092 5801 1278 5870 Quare
1324 5813 1515 5862 autem
1567 5805 1901 5860 vindemiale

2002 5158 2327 5235 convivium
2391 5159 2501 5235 boc
2566 5161 2740 5235 fuerit
2809 5161 3183 5232 appellatum,
3244 5178 3360 5218 non
3419 5170 3652 5235 exputo.

2011 5231 2242 5298 Ideone,
2279 5232 2432 5302 quod
2483 5233 2582 5306 qui
2634 5232 2726 5287 die
2769 5231 3028 5306 protime
3087 5242 3421 5306 antegresso
3479 5231 3655 5292 cursu

2008 5307 2368 5358 certaverant
2398 5308 2453 5358 et
2484 5304 2909 5368 laboraverant,
2946 5305 3198 5360 fructum
3229 5304 3322 5360 sui
3354 5305 3566 5362 laboris
3597 5311 3655 5363 et

2008 5373 2234 5449 sudoris
2266 5390 2331 5429 eo
2363 5375 2455 5428 die
2515 5381 2818 5449 carperent
2839 5374 2866 5429 ?
2895 5376 3065 5449 Certe
3116 5393 3382 5442 cursores,
3415 5378 3516 5449 qui
3561 5379 3654 5434 die

2007 5445 2302 5518 superiore
2332 5453 2529 5518 octavo
2561 5446 2632 5500 de
2663 5446 2873 5515 pedum
2907 5447 3246 5517 pernicitate
3272 5445 3650 5518 certaverant,

2009 5515 2117 5572 hoc
2147 5532 2298 5571 nono
2329 5516 2420 5570 die
2458 5517 2526 5570 ad
2560 5533 2783 5572 sacram
2820 5515 3079 5573 mensam
3112 5519 3558 5584 adhibebantur,
3592 5515 3655 5576 ut

2007 5603 2040 5643 e
2067 5587 2222 5643 linea
2251 5587 2574 5664 penultima
2596 5587 2780 5664 bujus
2812 5589 3295 5664 paginzeconstat
3323 5609 3336 5658 ;
3369 5597 3425 5664 et
3452 5593 3652 5664 τρυγᾷν

2051 5675 2110 5714 ro
2148 5661 2463 5734 percipere,
2484 5661 2604 5728 frui
2653 5660 2916 5730 ponunt;
2952 5677 3000 5716 v.
3033 5660 3264 5716 Nicetas
3295 5660 3508 5734 p.132.
3542 5660 3654 5719 Sed

2029 5747 2180 5802 onge
2209 5730 2321 5788 hoc
2349 5731 2596 5802 petitum
2629 5738 2717 5788 est
2746 5736 2803 5788 et
2831 5747 3036 5804 parum
3068 5749 3102 5788 a
3132 5730 3315 5804 nugis
3337 5732 3522 5790 abest.
