4088 6300
466 375 624 442 1379

1546 363 2079 429 CONSTANTINI
2123 355 2829 422 PORPHYROGENITI

3788 348 3962 409 1380

466 517 533 571 ut
561 511 871 578 asecretas,
898 505 1184 580 dignitate
1215 498 1940 574 spatharocandidatorum
1971 512 2108 552 con-

2241 508 2389 562 ξορας
2420 487 2509 543 καὶ
2544 505 2773 561 μικρους
2806 482 3073 559 ἄρχοντας
3098 484 3207 538 τῶν
3239 479 3581 556 ταγμάτῶν,
3618 480 3769 535 οἷον
3804 501 3962 550 σκη-

465 603 722 674 spicuos,
754 606 808 654 et
838 598 920 654 ita
960 612 1130 667 porro
1177 591 1501 661 inferiores,
1535 587 1954 645 chartularium
2008 602 2109 657 ge-

464 691 681 749 neralis
701 687 1024 759 logothetae,
1048 681 1468 739 cbartularium
1491 678 1794 735 rationalis
1815 675 2109 742 militaris,

464 779 774 848 magistros
826 774 1169 830 scriniorum
1223 770 1552 842 quaestoris,
1585 769 1911 838 adjutorem
1953 764 2111 835 logo-

466 869 655 934 tbetae,
680 865 937 935 judices,
971 863 1231 917 notarios
1279 858 1520 935 s_acell_i_i,
1552 857 1805 935 notarios
1833 854 2111 935 vestiarii,

467 926 724 996 notarios
747 937 829 992 rei
849 926 1106 1007 privatae,
1121 931 1406 996 consules,
1423 929 1798 994 silentiarios,
1814 926 2113 982 vestitores

467 1033 528 1085 et
556 1027 815 1082 minores
845 1023 1221 1093 magistratus
1253 1020 1524 1076 ordinum
1549 1016 1882 1072 militarium
1903 1014 2112 1087 palati-

468 1132 705 1185 norum,
741 1111 1303 1186 ut‘sceptrophoros,
1336 1108 1667 1180 signiferos,
1700 1103 2112 1177 eutycbiopho-

470 1223 590 1274 ros,
620 1203 1016 1271 draconarios,
1048 1204 1347 1257 senatores
1383 1202 1440 1252 et
1477 1197 1881 1264 ducenatores,
1911 1193 2112 1248 amba-

469 1309 716 1366 rumque
746 1292 1063 1348 factionum
1092 1303 1359 1345 cursores
1388 1300 1600 1342 omnes.
1623 1285 1841 1340 Horum
1873 1282 2110 1354 quidem

469 1387 755 1457 quotquot
791 1378 1012 1436 ordinis
1056 1376 1335 1434 senatorii
1367 1378 1532 1441 sunt,
1565 1374 2014 1430 introducuntur
2052 1371 2112 1426 in

468 1475 595 1530 suis
639 1468 962 1527 mutatoriis
1000 1471 1058 1523 et
1095 1464 1454 1538 campagiis;
1488 1478 1758 1519 cursores
1806 1466 2002 1518 autem
2052 1460 2111 1516 in

469 1562 592 1619 suis
615 1558 815 1633 podeis
836 1558 926 1614 vel
944 1556 1207 1612 vestibus
1228 1553 1543 1620 talaribus;
1567 1556 1623 1607 et
1643 1551 1853 1607 horum
1876 1552 2111 1622 quidem

469 1665 589 1718 eos,
615 1649 715 1721 qui
746 1647 1042 1706 victoriam
1075 1644 1468 1713 obtinuerunt,
1500 1647 1726 1714 Oportet
1755 1641 1975 1714 primos
2006 1639 2115 1696 ho-

469 1737 745 1796 noratiori
779 1736 929 1809 parti
974 1736 1100 1806 [seu
1132 1734 1340 1788 dextrae
1371 1731 1576 1804 plagae]
1619 1730 1994 1786 accubituum
2024 1745 2115 1784 ac-

2222 579 2588 652 πτροφὸρους,
2659 573 3036 652 σεγνοφόρους,
3117 572 3567 647 εὖτυχοφορους,
3646 566 3956 642 Spw-aa-

2223 667 2391 742 ρίους,
2444 667 2730 738 σινάτορας
2772 663 2863 719 καὶ
2913 658 3345 731 δουκινιάτορας,
3396 659 3489 714 καὶ
3543 656 3697 720 τοὺς
3753 659 3953 714 ἒπειτέ-

2221 777 2331 833 ρων
2367 757 2544 829 μερῶν
2579 753 2803 829 δρομεῖς
2835 752 3090 814 ἅπαντας.
3141 754 3231 805 Δεῖ
3271 748 3331 805 δὲ
3361 749 3613 824 εἰσάγειν
3646 747 3809 809 τοὺς
3847 753 3939 821 μὲν

2220 845 2619 920 συγκλητικοὺς
2669 844 2906 904 ἅπαντας
2960 840 3092 914 μετᾶ
3140 845 3251 894 τῶν
3303 839 3526 894 οἰκείων
3579 835 3943 910 ἀλλαξιμ-

2216 956 2324 989 των
2359 934 2443 989 καὶ
2476 930 2819 1006 κομπαγίων,
2850 930 2976 993 τοὺς
3009 928 3067 984 δὲ
3093 926 3319 1004 δρομεῖς
3351 929 3569 989 πάντας
3630 928 3802 1000 ptati
3826 932 3933 981 τῶν

2218 1023 2394 1079 αὐτῶν
2426 1021 2638 1078 ποδέων
2699 1024 2832 1094 (67),
2890 1021 2981 1075 καὶ
3038 1020 3164 1080 τοὺς
3226 1019 3319 1091 μὲν
3380 1016 3632 1088 νικητᾶς
3690 1015 3801 1071 ἐπὶ
3828 1024 3933 1085 τῆς

2217 1112 2526 1187 κρείττονος
2586 1110 2784 1176 θέσεως
2858 1113 2966 1164 τῶν
3044 1102 3350 1163 ἆκουϐίτων
3399 1105 3930 1181 προσανακλίνεεν,

2216 1201 2343 1264 τοὺς
2383 1201 2440 1257 δὲ
2478 1199 2813 1271 ἡττηθέντας
2857 1199 2950 1254 ἒπὶ
2996 1204 3097 1268 τῆς
3148 1198 3333 1271 ἑτέρας
3379 1198 3625 1267 θέσεως,
3662 1195 3725 1251 ἓν
3836 1197 3926 1250 καὶ

2216 1292 2343 1353 τοὺς
2371 1290 2624 1360 πένητας’
2663 1290 2796 1363 μετὰ
2845 1285 2903 1342 δὲ
2945 1288 3047 1356 τὴν
3096 1287 3391 1361 προέορτον
3424 1283 3786 1362 φωταυγίαν
3816 1287 3925 1353 (68]

2218 1381 2310 1435 καὶ
2339 1381 2438 1449 τὴν
2469 1376 2711 1434 ἐπίδοσιν
2762 1381 2869 1433 τῶν
2930 1374 3176 1452 φατλίων
3234 1373 3437 1449 ἐξάγειν
3496 1372 3727 1435 αὒτοῦς
3784 1376 3923 1427 πάν-

2218 1490 2314 1532 τας
2362 1468 2496 1524 κατᾶ
2551 1469 2642 1522 τὸν
2700 1467 2869 1523 τύπον
2924 1466 3017 1521 τὸν
3072 1463 3453 1544 προγραφέντα
3511 1468 3721 1520 πᾶσιν.
3796 1463 3917 1518 Ἐπί

2222 1556 2279 1614 δὲ
2334 1564 2434 1630 τῆς
2492 1554 2721 1627 δεκάτης
2775 1554 2987 1631 ἡμέρας
3041 1557 3149 1608 τῶν
3205 1552 3381 1608 αὐτῶν
3436 1548 3781 1608 ἂκουόίτων
3839 1550 3923 1606 δεῖ

2223 1649 2362 1722 ὑμᾶς
2421 1645 2749 1721 εὐτρεπίζειν
2805 1644 2881 1706 εἷς
2937 1641 3135 1711 κλῆσιν
3194 1648 3296 1711 τῆς
3357 1639 3673 1717 βασιλικῆς

2222 1742 2318 1807 ζης
2351 1735 2559 1810 ὁμοίως
2611 1732 2943 1799 ἆνθυπάτους
2993 1730 3311 1807 πατρικίους
3360 1729 3784 1808 ὀφφικιαλίους
3816 1730 3913 1785 σὺν

470 1829 727 1895 clinare;
760 1826 943 1881 victos
975 1840 1105 1879 vero
1136 1821 1321 1891 alteri,
1354 1820 1452 1877 ubi
1484 1820 1657 1876 etiam
1691 1835 1974 1891 pauperes
2024 1836 2111 1874 ac-

608 1917 622 1932 I
738 1919 748 1932 ι
809 1917 941 1932 ..κει
977 1912 1259 1932 I__.._!_-_‘-
1297 1927 1421 1932 -_-.__
1461 1908 1855 1932 ___-__£-_-...
1922 1909 2106 1932 ..η-12-

2241 1830 2297 1898 τῷ
2331 1822 2639 1897 δομεοτίκῳ
2670 1828 2779 1879 τῶν
2806 1820 3088 1895 νουμὲρων
3141 1821 3227 1875 καὶ
3276 1824 3357 1892 τῷ
3398 1820 3623 1892 κόμη-τι
3652 1824 3771 1873 τῶν
3803 1840 3914 1873 τειο

2273 1915 2285 1932 1
2478 1911 2515 1932 1Δ
2707 1913 2796 1932 n\_
2886 1910 2905 1932 ,ν
2958 1911 2972 1932 ἢ
3003 1930 3030 1932 α
3153 1908 3198 1932 98
3268 1908 3411 1932 ε-’-ΑῬ
3446 1930 3457 1932 -
3523 1909 3624 1932 .-με
3690 1908 3853 1932 ὶνια-

468 1917 777 1975 cumbunt.
809 1917 949 1971 Post
976 1912 1266 1969 luminum
1296 1927 1427 1967 vero
1458 1908 1882 1979 accensionem,
1916 1909 2107 1980 qualis

468 2006 655 2080 pridie
686 2005 967 2061 festorum
998 2001 1225 2058 institui
1256 2000 1423 2068 solet,
1454 2003 1511 2056 et
1539 2002 1672 2071 post
1701 1998 1938 2054 traditas
1956 1990 2112 2054 Acon—

465 2096 612 2152 vivis
641 2092 860 2151 faculas
887 2094 1116 2163 oportet
1145 2107 1245 2147 eos
1275 2104 1478 2146 omnes
1508 2088 1752 2145 educere
1784 2087 2108 2144 secundum

468 2185 777 2242 formulam
809 2181 1226 2256 praescriptam.
1253 2180 1490 2237 Decimo
1520 2180 1614 2235 die
1643 2180 1981 2235 earumdem
2012 2194 2111 2234 ac-

467 2274 774 2332 cubituum
806 2275 1031 2343 oportet
1056 2288 1163 2328 nos
1187 2270 1466 2327 invitatos
1496 2272 1978 2341 comparatosque
2009 2267 2111 2323 ha-

466 2364 603 2421 bere
649 2365 719 2420 ad
753 2379 928 2420 sacrm
960 2378 1175 2417 mensae
1221 2359 1698 2416 communionem
1733 2358 2112 2430 proconsules

467 2454 745 2527 patricios
772 2451 1051 2510 ofﬁciales
1084 2466 1203 2506 una
1224 2465 1355 2505 cum
1388 2448 1704 2506 domestico
1736 2464 2112 2503 numerorum

469 2551 526 2599 et
555 2542 765 2598 comite
794 2546 1139 2606 castrorum,
1170 2540 1389 2593 amicos
1417 2537 1477 2592 in
1519 2536 1854 2592 universum
1899 2537 2114 2593 duode-

471 2631 607 2687 cim.
633 2629 1088 2686 Introducuntur
1118 2633 1172 2683 et
1199 2627 1531 2683 educuntur
1558 2625 1614 2680 in
1636 2624 1758 2680 suis
1784 2624 2112 2681 mutatoriis

468 2720 792 2777 secundum
842 2716 1187 2791 praedictum
1246 2715 1565 2772 modulum.
1609 2714 1869 2786 Reliquis
1916 2720 2114 2771 autem

468 2811 624 2867 436
657 2809 875 2866 mensis
904 2806 1192 2865 acclinare
1223 2810 1445 2879 oportet
1476 2806 1648 2862 ambo
1678 2809 2030 2877 topoteretas
2061 2809 2116 2861 et

470 2902 642 2958 ambo
671 2898 1081 2964 cbartularios,
1110 2902 1230 2953 tam
1261 2911 1662 2961 numerorum,
1695 2911 1872 2967 quam
1899 2899 2119 2951 castro-

469 3008 625 3059 rum,
673 2991 961 3058 tribunos,
1012 2989 1281 3053 vicarios,
1335 2985 1669 3057 legatarios,
1722 2986 2115 3053 mandatores,

468 3079 858 3144 xenodochos,
878 3093 1240 3150 gerocomos,
1257 3073 1676 3130 chartularium
1695 3074 2117 3129 venerabilium

470 3169 707 3236 aedium,
738 3166 1063 3221 archiatros
1093 3169 1151 3219 et
1179 3162 1475 3217 diaetarios
1506 3161 1703 3231 magni
1733 3161 1956 3232 palatii,
1978 3162 2118 3217 item

2220 1915 2388 1994 χέων,
2430 1911 2624 1991 φίλους
2686 1913 2797 1986 ιβ“⁶
2857 1910 3089 1986 εῗσάγειν
3149 1908 3205 1963 δὲ
3261 1908 3460 1972 αὐτοὺς
3521 1909 3627 1963 καὶ
3686 1908 3905 1982 ἐξάγειν

2223 2004 2357 2078 μετὰ
2384 2007 2492 2057 τῶν
2545 2002 2761 2057 οἰκείων
2812 1999 3203 2072 ἀλλαξιμάτων
3249 1998 3389 2053 κατᾶ
3434 1998 3532 2052 τὸν
3565 1996 3911 2067 Bait-005m

2220 2090 2409 2149 τύπον.
2463 2091 2551 2147 Ἐν
2603 2086 2660 2144 δὲ
2700 2092 2817 2149 τοῖς
2872 2086 3092 2148 λοιποῖς
3142 2080 3455 2147 ἆκουϐίτοις
3507 2082 3598 2141 δεῖ
3632 2086 3792 2159 ὑμᾶς
3815 2108 3906 2141 κα-

2222 2182 2335 2237 λεῖν
2380 2181 2507 2242 τοὺς
2557 2177 2652 2235 δύο
2696 2178 3078 2254 τοποτηρητᾶς
3124 2178 3215 2233 καὶ
3274 2175 3740 2254 χιρτουλαρίους
3798 2183 3902 2232 τῶν

2220 2268 2497 2344 νουμέρων
2547 2268 2637 2323 καὶ
2688 2266 2938 2342 τειχέων,
2984 2261 3330 2341 τριϐούνους,
3376 2264 3698 2341 βικαρίους,
3749 2266 3904 2340 λεγι-

2220 2359 2460 2431 ταρίους,
2514 2354 2878 2432 μανδάτορας,
2930 2352 3274 2430 ξενοδὸχους,
3323 2355 3706 2431 γεροκόμους,
3764 2374 3902 2430 χαρ-

2221 2447 2546 2522 τουλαρίους
2603 2451 2712 2502 τῶν
2771 2446 2975 2521 εὐαγων
3032 2443 3205 2500 οἷ’κων
3259 2446 3375 2518 (69)
3417 2444 3781 2522 ἀρχιατροῦς
3811 2446 3898 2499 καὶ

2222 2537 2348 2599 τοὺς
2413 2535 2748 2613 διαιταρίους
2812 2539 2913 2589 τοῦ
2986 2532 3227 2610 μεγάλου
3291 2532 3564 2589 παλατίου
3643 2535 3744 2589 καὶ
3802 2541 3895 2602 τῆς

2224 2631 2458 2708 Δάφνης,
2489 2628 2582 2682 τὸν
2629 2627 2861 2704 ἀριθμὸν
2911 2623 3009 2697 σδ’,
3057 2626 3146 2681 καὶ
3196 2625 3427 2696 πένητας
3480 2627 3594 2700 ιβ”
3648 2645 3891 2701 προκιν-

2225 2718 2393 2773 σεύειν
2428 2714 2485 2773 δὲ
2513 2718 2640 2780 τοὺς
2671 2713 2990 2791 ξενοδόχους
3038 2714 3126 2771 καὶ
3181 2717 3520 2792 γεροκόμους
3560 2714 3890 2791 χαρτουλα-

2229 2806 2379 2882 ρίους
2426 2806 2516 2861 καὶ
2567 2805 2787 2882 ῗατροὺς
2837 2804 2928 2859 σὺν
2974 2808 3083 2859 τῶν
3136 2801 3454 2879 διαιταρίων
3504 2803 3594 2859 ἐπὶ
3645 2810 3719 2879 τῇ
3774 2805 3894 2859 6m-

2228 2896 2363 2969 σθίῳ
2419 2896 2557 2951 θέσει
2614 2899 2712 2950 τοῦ
2770 2889 3063 2949 ἀκουϐίτου
3115 2898 3214 2948 τοῦ
3292 2893 3588 2970 βασιλέως,
3654 2897 3789 2957 τοὺς
3842 2896 3897 2950 δὲ.

2227 2982 2500 3060 ἄρχοντας
2532 2989 2640 3038 τῶν
2675 2981 2773 3038 δύο
2813 2979 3101 3058 ταγμάτων
3148 2980 3238 3036 ἐπὶ
3285 2986 3352 3057 τῇ
3402 2985 3541 3038 κατὰ
3590 2984 3892 3059 πρόσωπον

2227 3075 2368 3127 θέσει
2411 3076 2506 3126 τοῦ
2560 3072 2854 3147 βασιλέως·
2908 3072 3135 3147 εἰσάγειν
3194 3069 3251 3126 δὲ
3299 3070 3495 3135 αὐτοὺς
3544 3074 3643 3127 καὶ
3696 3072 3893 3148 ἐξάγειν

2227 3161 2353 3223 τοὺς
2408 3162 2504 3234 μὲν
2550 3159 2876 3236 ξενοδόχους
2938 3161 3073 3235 μετὰ
3131 3165 3236 3216 τῶν
3296 3159 3512 3216 οἰκείων
3565 3182 3890 3238 σκαραμιγ-

472 3259 529 3311 et
560 3252 763 3326 palatii
794 3250 1087 3320 Daphnes,
1110 3250 1171 3306 in
1204 3250 1540 3306 universum
1569 3248 1695 3311 204,
1720 3265 1953 3321 unaque
1982 3268 2117 3321 pau-

2241 3251 2359 3326 γίων
2409 3249 2499 3304 καὶ
2551 3250 2734 3324 ῥωὲων
2789 3248 3013 3324 σαγίων,
3077 3249 3203 3311 τοὺς
3276 3246 3334 3303 δὲ
3386 3248 3606 3324 ἰατροὺς
3660 3252 3890 3313 ἅπαντας

477 3359 642 3416 peres
675 3341 762 3396 12.
795 3339 1186 3396 Xenodochos
1218 3343 1392 3411 atque
1421 3353 1755 3410 gerocomos
1784 3346 1839 3394 et
1869 3338 2004 3395 inde
2036 3358 2121 3396 re-

474 3431 670 3503 liquos
698 3428 1024 3496 inferiores,
1052 3433 1117 3484 ut
1135 3427 1584 3498 cbartularium,
1610 3431 1869 3488 medicos
1898 3440 1954 3488 et
1983 3431 2124 3487 diae-

475 3520 677 3587 tarios,
736 3521 962 3591 oportet
1017 3519 1324 3591 procedere
1390 3519 1538 3591 [tam
1599 3521 1887 3590 intrando,
1947 3537 2122 3592 quam

475 3609 760 3681 exeundo]
794 3624 944 3679 pone
986 3623 1211 3663 sacram
1254 3623 1541 3675 mensam,
1576 3610 1957 3682 magistratus
1989 3625 2123 3666 vero

477 3699 783 3755 amborum
816 3696 1085 3753 ordinum
1108 3697 1251 3768 [tam
1275 3712 1674 3767 numerorum,
1699 3715 1875 3771 quam
1898 3701 2123 3755 castro-

477 3787 629 3858 rum]
674 3803 708 3842 a
744 3789 908 3859 parte
952 3785 1172 3841 domini
1218 3785 1406 3841 vultui
1451 3787 1734 3859 opposita.
1789 3788 2124 3844 Xenodocbi

479 3891 613 3931 cum
644 3874 764 3929 suis
794 3874 1215 3945 scaramangiis
1237 3875 1513 3947 sagisque
1540 3877 1723 3932 russis
1753 3877 2129 3933 introducun-

479 3966 612 4030 tur;
648 3962 852 4019 medici
887 3969 1082 4019 autem
1115 3979 1317 4018 omnes
1347 3964 1407 4019 in
1437 3964 1560 4020 suis
1593 3965 1877 4022 dibenetis
1906 3982 2004 4022 seu
2036 3982 2125 4021 ve-

479 4050 673 4107 stibus
721 4049 914 4108 colore
954 4058 1155 4107 veneto
1209 4052 1427 4107 tinctis.
1460 4052 1539 4109 De
1569 4057 1891 4125 tagmatum
1934 4055 2128 4127 magi-

480 4140 758 4197 stratibus
805 4139 1259 4195 introducuntur
1307 4142 1479 4196 ambo
1520 4141 1756 4211 quidem
1796 4146 2127 4212 topoteretee

480 4228 541 4282 in
573 4229 725 4299 sagis
755 4242 985 4300 quoque
1016 4227 1225 4297 russis,
1256 4229 1443 4284 caeteri
1476 4245 1677 4285 omnes
1708 4235 1902 4287 autem
1926 4230 1985 4286 in
2008 4249 2129 4287 sca-

483 4317 821 4388 ramangiis.
856 4318 956 4373 Die
1004 4317 1316 4373 undecimo
1346 4334 1462 4375 non
1503 4319 1758 4392 amplius
1807 4320 2129 4377 celebratur

486 4403 818 4459 convivium
856 4405 916 4460 in
965 4405 1097 4461 ΧΙΧ
1127 4406 1432 4476 accubitis,
1465 4408 1564 4464 sed
1597 4424 1843 4481 vesperae
1875 4410 2129 4467 celebra-

486 4496 584 4547 tur
604 4491 664 4545 in
681 4491 897 4548 illustri
918 4495 1240 4553 Justiniani
1262 4495 1537 4568 triclinio,
1553 4500 1707 4571 quod
1732 4516 1901 4557 mane
1923 4501 1995 4556 ab
2018 4500 2129 4557 im-

2235 3340 2369 3413 μετὰ
2396 3343 2503 3394 τῶν
2540 3337 2755 3395 οἰκείων
2801 3333 3086 3393 διϐενέτων
3118 3341 3252 3411 (70),
3290 3339 3417 3400 τοὺς
3451 3335 3509 3392 δὲ
3537 3344 3651 3393 τῶν
3679 3340 3894 3415 ταγμά-

2230 3450 2339 3484 των
2401 3430 2699 3508 ἆρχοντας,
2760 3428 2887 3490 τοὺς
2948 3429 3043 3500 μὲν
3102 3427 3489 3503 τοποτηρητᾶς
3547 3427 3641 3482 καὶ
3692 3428 3891 3490 αὐτοὺς

2236 3518 2372 3591 μετὰ
2425 3516 2608 3591 ῥωέων
2661 3515 2882 3594 σαγίων,
2937 3514 3065 3579 τοὺς
3116 3512 3172 3571 δὲ
3219 3514 3447 3577 λοιποὺς
3496 3515 3635 3589 μετᾶ
3682 3538 3889 3592 mp:-

2237 3605 2482 3679 μαγγίων
2546 3605 2765 3666 πάντας.
2837 3604 2962 3660 Ἐπὶ
3029 3601 3086 3658 δὲ
3150 3611 3250 3674 τῆς
3324 3602 3614 3676 ἑνδεκάτης
3680 3608 3891 3681 ἡμέρις

2232 3695 2546 3772 ἀπείργεται
2598 3696 2692 3766 μὲν
2741 3696 2776 3764 ἠ
2827 3699 2936 3749 τῶν
2982 3689 3286 3749 ἃκουὸίτων
3339 3692 3702 3769 ἐκτελουμὲνη
3746 3696 3890 3766 κλῆ-

2235 3806 2339 3855 σις,
2386 3782 2625 3839 τελεῖται
2678 3781 2734 3839 δὲ
2780 3784 2841 3838 τὸ
2890 3783 3206 3859 κλητώριον
3252 3785 3477 3859 ὲσπὲρας
3528 3784 3580 3839 ἐν
3625 3790 3704 3858 τῷ
3733 3806 3890 3859 περι-

2235 3869 2460 3946 ϐλὲπτῳ
2513 3878 2614 3927 τοῦ
2674 3874 3053 3929 Ἰουστινιανοῦ
3126 3874 3411 3948 τρικλίνῳ.
3470 3880 3885 3949 Προστοιχεῖται

2233 3965 2337 4039 γὰρ
2380 3964 2443 4018 τὸ
2492 3963 2624 4017 αὐτὸ
2673 3960 2985 4036 κλητώριον
3030 3959 3174 4037 παρᾶ
3212 3967 3310 4017 τοῦ
3360 3962 3631 4037 βασιλέως
3676 3962 3764 4018 διὰ
3788 3970 3883 4019 τοῦ

2237 4052 2404 4107 αὐτοῦ
2452 4049 2767 4124 ἀρτικλίνὸυ
2810 4049 3039 4126 πρωίας,
3090 4051 3182 4106 καὶ
3233 4049 3317 4106 δεῖ
3365 4054 3512 4125 ἡμᾶς
3565 4052 3885 4127 προσκαλεῖν

2238 4143 2358 4196 σθαι
2408 4141 2486 4202 εἰς
2533 4140 2731 4210 κλῆσιν
2781 4144 2880 4193 τοῦ
2927 4139 3093 4194 αὐτοῦ
3134 4137 3351 4196 δείπνου
3388 4140 3736 4217 μαγίστρους,
3765 4142 3883 4196 ἀνθ-

2238 4230 2472 4292 υπάτους
2551 4227 2869 4305 πατρικίους
2976 4228 3387 4307 ὀφφικιαλίους,
3480 4232 3875 4306 πραιποσίτους,

2237 4318 2759 4395 πρωτοσπαοαρίους
2826 4317 3138 4396 εὐνούχους,
3206 4319 3622 4394 πριμικηρίους,
3686 4321 3878 4390 ζόστια-

2243 4410 2413 4485 ρίους,
2468 4402 2832 4483 μαγλαϐίτας,
2881 4406 3130 4480 κόμητας
3180 4412 3279 4462 τοῦ
3326 4408 3566 4482 ἀριθμοῦ
3621 4408 3707 4464 καὶ
3748 4429 3878 4464 κεντ-

2241 4500 2472 4572 ἀρχους,
2520 4497 2611 4550 τὸν
2660 4494 2888 4569 ἀριθμὸν
2937 4495 3075 4550 κατὰ
3115 4495 3177 4550 τὸ
3224 4497 3396 4552 ποσὸν
3452 4499 3551 4566 τῆς
3597 4499 3869 4572 τραπέζης,

487 4583 751 4655 peratore
781 4595 914 4637 eum
942 4583 1001 4638 in
1033 4583 1209 4641 ﬁnem
1239 4591 1602 4658 praeparatur
1632 4603 1734 4658 per
1764 4589 1888 4659 ejus
1918 4591 2123 4646 articli-

2243 4589 2333 4644 καὶ
2386 4586 2521 4661 μετὰ
2565 4586 2664 4654 τὴν
2713 4582 2857 4639 θείαν
2907 4590 3008 4655 τῆς
3079 4583 3305 4663 ἑσπέρας
3356 4587 3731 4662 μυσταγωγίαν
3776 4589 3872 4661 (71)

1560 4693 1766 4750 JOAN.
1794 4695 1936 4752 JAC.
1966 4697 2201 4755 RESKII
2239 4692 2823 4754 COMMENTARIUS.

567 4797 680 4873 (_67)_
728 4790 903 4850 Ποδέὰ
948 4800 1037 4853 est
1084 4797 1264 4873 vestis
1312 4798 1537 4873 talaria,
1590 4802 1766 4873 pedes
1814 4806 2052 4873 tegens;
2092 4809 2151 4861 et

497 4870 634 4926 dein
663 4869 722 4923 in
754 4884 965 4942 genere
1000 4868 1178 4942 vestis
1224 4872 1449 4941 omnis;
1479 4868 1696 4931 vidfde
1729 4874 1833 4931 hac
1861 4868 2001 4932 voce
2030 4868 2151 4933 dis-

502 4939 781 5019 putantesw
817 4940 902 5019 ad_
935 4939 1223 5019 Codinum
1268 4939 1529 5019 (ἔριπ’-ρ.
1563 4944 1652 5015 16,
1698 4950 1755 5002 et
1802 4946 2057 5005 Gretser.
2088 4964 2144 5019 p.

502 5010 716 5085 178,7et
749 5012 843 5085 Du
863 5010 1272 5085 CangegGloss.
1314 5015 1410 5067 Gr.
1442 5010 1501 5069 b'.
1532 5031 1585 5069 v.

573 5083 687 5208 (68?
718 5082 1106 5168 Probane'sit
1158 5082 1279 5167 haec
1324 5099 1453 5167 vox,
1488 5101 1562 5140 an
1591 5087 1849 5167 ξρωταψία
1875 5094 1972 5146 aut
2003 5109 2147 5166 φωτ-

576 5174 655 5208 ων
682 5173 714 5207 α
745 5156 1206 5208 rescribendum.
1227 5155 1478 5208 viderint
1506 5156 1604 5208 alii
1629 5176 1643 5208 z
1668 5157 1830 5208 item-
1863 5163 1999 5208 anid
2034 5162 2145 5208 sibi

503 5155 714 5237 αγωγία
745 5156 1206 5222 rescribendum,
1227 5155 1478 5211 viderint
1506 5155 1644 5226 alii";
1668 5155 1831 5228 item,
1863 5155 2148 5229 quid'sibi

500 5226 642 5281 velit
688 5242 796 5300 vox
841 5225 1187 5300 προεόρτιον.
1219 5226 1362 5283 Nam
1412 5224 1768 5300 φωταγωγίαν
1821 5230 2148 5299 signiﬁcare

502 5246 642 5281 vent
688 5246 796 5282 vox
841 5246 1187 5300 προεορτιον.
1219 5246 1362 5283 nam
1412 5246 1768 5303 φωταγωγιαν
1821 5246 2150 5299 etgnulcare

502 5297 871 5373 accensiqnem
906 5299 1222 5373 lampqdum
1250 5303 1351 5355 aut
1372 5315 1496 5355 cum
1527 5304 1698 5356 cereis
1726 5304 2146 5373 processionem,

502 5384 673 5444 nemo
706 5368 953 5444 dubitat.
980 5369 1119 5444 Mihi
1144 5386 1279 5444 vero
1302 5388 1416 5427 non
1440 5374 1726 5444 succurrit
1756 5373 2015 5444 vesperis
2045 5368 2147 5430 seu

503 5439 690 5523 pridie
720 5438 835 5520 diei
859 5438 1109 5523 alicuius
1143 5442 1268 5497 festi
1300 5444 1675 5523 consuevisse
1705 5438 2147 5513 faces-accendi,

502 5515 602 5586 aut
629 5512 691 5564 in
722 5512 793 5563 iis
825 5512 1251 5586 processionem
1300 5514 1598 5586 celebrari.
1634 5516 1698 5571 Et
1728 5521 2002 5586 praeterea
2032 5512 2148 5574 non

501 5580 693 5644 video,
725 5579 1021 5650 quodnam
1056 5584 1266 5638 festum
1318 5584 1411 5638 hic
1462 5579 1744 5642 secutum-
1775 5587 1949 5642 fuerit
2000 5587 2149 5646 hanc

505 5648 1299 5774 ἒῖἒτῖξιέἷὲἶνὰαῗὲἓῶῗειυω
1340 5654 1648 5714 Luminum
1698 5657 1865 5715 tertio
1913 5659 2148 5717 demum

571 5735 602 5775 e
631 5722 770 5791 post
793 5722 1164 5789 sequebatur.

2311 4803 2427 4876 (69)
2456 4803 2541 4876 Ita
2571 4799 2830 4876 solebant
2866 4800 3302 4876 monasteriain
3337 4801 3529 4875 specie
3558 4802 3868 4875 appellare;

2257 4872 2426 4942 vgnu
2459 4875 2668 4942 Gange.
2699 4888 2756 4928 v.
2787 4872 2928 4927 Loca
2958 4873 3320 4929 venerabilia.

2329 4947 2436 5017 (70)
2466 4942 2731 5000 Notabile
2758 4943 2891 5017 hoc,
2917 4945 3140 5017 venetis
3172 4944 3354 5002 fuisse
3382 4944 3699 5001 arcbiatros
3729 4946 3877 5001 indu-

2256 5025 2366 5089 tos,
2398 5015 2553 5089 quod
2615 5015 2810 5071 nescio
2851 5031 2927 5089 an
2970 5015 3111 5071 alibi
3162 5017 3535 5089 observatum
3586 5017 3677 5073 sit.
3716 5018 3877 5074 Hodie

2256 5086 2618 5146 carm—esinas
2646 5093 2872 5157 gestant
2903 5086 2960 5141 in
2992 5088 3481 5157 processionibus.

2328 5161 2442 5233 (71)
2474 5158 2830 5233 Mystagogia
2859 5157 3170 5214 celebratio
3204 5159 3391 5215 Missas
3419 5167 3527 5233 est.
3551 5159 3684 5215 Hinc
3709 5161 3866 5229 patet,

2256 5231 2482 5289 Graecus
2512 5231 2623 5286 sub
2650 5244 2956 5298 vesperam
2988 5245 3240 5301 quoque,
3276 5239 3405 5301 post
3432 5231 3627 5287 horam
3656 5246 3868 5294 nonam,

2257 5319 2385 5374 quae
2418 5306 2630 5374 nostra
2657 5301 2836 5374 tertiae
2892 5301 3299 5374 pomeridianas
3325 5303 3672 5374 respondet,
3701 5317 3869 5357 sacra-

2259 5371 2518 5430 mentum
2550 5371 2882 5442 celebrare;
2912 5371 3033 5442 vidi.
3075 5388 3132 5442 p.
3164 5373 3289 5442 442.
3321 5371 3460 5429 Nisi
3477 5374 3660 5436 malis,
3690 5376 3747 5428 ut
3774 5373 3869 5428 isto

2257 5445 2384 5517 loco
2431 5460 2628 5517 vocem
2682 5439 2895 5511 σύναξις
2926 5450 2980 5517 et
3010 5439 3352 5517 λειτουργίας
3385 5461 3485 5515 pro
3512 5452 3778 5517 conventu
3807 5445 3867 5500 ad

2259 5516 2478 5587 cultum
2498 5514 2774 5587 divinum
2803 5518 2860 5587 et
2889 5514 3021 5582 ejus
3043 5513 3447 5587 celebratione,
3473 5516 3687 5587 absque
3708 5518 3868 5572 misse

2258 5585 2471 5661 ofﬁcio,
2494 5584 2840 5661 ita‘bic_loci
2870 5600 3067 5641 vocem
3103 5584 3458 5661 μυσταγωγία
3489 5584 3684 5661 eodem
3718 5604 3865 5645 sensu

2259 5656 2535 5730 accipere.
2568 5657 2725 5723 Quod
2759 5661 2956 5715 tamen
2988 5673 3099 5713 non
3137 5656 3639 5731 puto'pr'ocedere.
