4088 6300
236 376 426 440 1381
1109 379 1208 438 DE
1251 373 1716 440 GERIMONIIS
1759 369 1904 434 AUI.

2034 369 2186 432 BYZ
2197 371 2514 434 ANTINJE
2554 374 2701 436 LIB.
2747 375 2822 439 II.
3521 388 3674 452 1384

236 507 348 566 δεῖ
405 511 496 566 τὸν
545 509 845 567 καλέσαντα
899 505 1215 585 ἀρτικλίνην
1265 506 1666 585 προτρέψασθαι
1715 501 1904 558 πάντας

2032 520 2195 559 num.
2228 505 2311 560 Ad
2357 505 2526 563 istius
2575 525 2750 565 came
2781 512 3243 573 communionem
3295 524 3519 590 oportet
3569 540 3678 580 nos

237 598 566 665 ἀποθέσθαι
623 600 688 655 τὰ
743 602 946 654 ἑαυτῶν
1004 595 1324 671 ἀλλαεήμια
1380 596 1472 651 καὶ
1537 591 1894 649 ἐπενδύσασθα

2026 608 2233 648 vocare
2264 594 2594 666 magistros,
2627 599 3002 668 proconsules
3040 605 3335 676 patricios,
3368 608 3670 683 ofﬁciales,

235 691 327 744 τὰ
367 690 540 745 οἰκεῖα
596 689 771 745 αὐτῶν
828 688 1208 763 σκαραμάγγια
1274 687 1348 748 εἰς
1405 688 1468 741 τὸ
1545 685 1662 757 μετ’
1737 683 1904 742 aeta,

2027 683 2383 754 praepositos,
2415 687 2916 758 protospatharios
2943 693 3264 762 eunuchos,
3290 697 3675 772 primicerios,

237 782 676 850 συνεστιαθῆναι
706 784 785 851 τῷ
819 777 1038 853 βασιλεῖ
1073 779 1210 833 κατά
1236 779 1429 834 τύπον.

2025 772 2686 847 ostiarios,maglabitas,
2711 779 2956 835 comites
2978 781 3213 839 arithmi
3237 790 3672 861 etcentarchos,

234 871 308 926 in
355 874 688 928 universum
721 877 824 939 tot,
855 875 991 943 quot
1021 887 1221 926 mensa
1274 870 1446 941 capit.
1477 867 1891 935 Celebratoque
1947 876 2201 932 vesperae
2253 874 2451 922 sancto
2508 868 2724 936 ofﬁcio,
2783 871 2954 928 debet
3011 874 3322 933 articlinus
3382 882 3662 939 omnibus

236 960 574 1033 imperare,
608 965 672 1016 ut
702 959 1031 1016 mutatoriis
1063 959 1344 1032 depositis
1375 959 1622 1013 induant
1653 971 1762 1010 sua
1791 953 2215 1022 scaramangia,
2249 970 2363 1024 quo
2393 955 2454 1010 in
2483 956 2602 1012 illis
2642 975 2768 1014 cum
2796 960 3135 1032 imperatore
3165 966 3489 1035 epulentur.

334 1050 403 1106 Ἦ
437 1046 495 1102 δὲ
525 1049 652 1124 άγία
679 1051 788 1103 τῶν
835 1048 1032 1124 φώτων
1091 1045 1271 1120 ἡμέρα
1321 1045 1472 1116 ξένην
1521 1043 1642 1098 τινὰ
1691 1040 1779 1096 καὶ
1825 1059 1904 1093 πει

2103 1041 2352 1097 Sanctus
2384 1051 2576 1102 autem
2607 1048 2896 1106 luminum
2929 1051 3053 1108 dies
3088 1054 3198 1124 (vel
3232 1056 3574 1128 Epiphaniae
3605 1062 3682 1118 fe-

241 1132 568 1214 ρίϐλεπτον
627 1135 1049 1214 λαμπροφορίαν
1103 1134 1392 1210 εἰσάγουσα
1462 1132 1780 1206 θαυμαστὴν
1829 1129 1904 1184 κα

2031 1130 2212 1201 stum)
2231 1147 2426 1188 secum
2449 1136 2685 1192 trahens
2705 1138 2997 1195 insuetam
3025 1146 3080 1197 et
3103 1127 3358 1216 undique
3384 1147 3672 1206 illustrem

243 1227 612 1302 πανάγαστον
682 1232 779 1296 τὴν
851 1224 1094 1298 δεξίωσιν
1163 1224 1372 1280 ἐκτελεῖ
1433 1227 1532 1294 τῆς
1629 1219 1904 1297 βασιλικὴ

2030 1217 2318 1288 splendidi
2341 1222 2583 1280 veslitus
2606 1226 3118 1300 magniﬁcentiam,
3143 1233 3667 1294 efﬁcitconvivium

242 1315 582 1380 ἑστιάσεως.
616 1318 730 1386 Τὴν
781 1317 886 1393 γὰρ
933 1315 1125 1372 ἕνωσιν
1173 1321 1282 1370 τῶν
1343 1313 1611 1389 οὐρανίων
1656 1313 1742 1367 καὶ
1794 1309 1904 1364 ἐπι·

2029 1323 2145 1378 quo
2193 1308 2510 1380 imperator
2557 1313 2777 1370 amicos
2824 1332 2964 1372 suos
3021 1320 3251 1392 excipit,
3304 1324 3667 1384 admirabile.

237 1406 432 1483 γείων
462 1408 755 1482 ταγμάτων
804 1404 893 1461 διὰ
947 1413 1046 1474 τῆς
1105 1403 1310 1479 δωρεᾶς
1366 1407 1462 1459 τοῦ
1521 1403 1672 1476 ἁγίου
1725 1397 1904 1476 βαπτί-

2029 1395 2170 1450 Cum
2221 1398 2378 1453 enim
2436 1401 2906 1472 conjunctionem
2989 1407 3263 1465 ordinum
3340 1414 3665 1472 cmlestium

244 1516 475 1569 σματος
527 1499 805 1570 μυστικῶς
847 1495 1182 1564 εἰκονίζουσα
1216 1493 1342 1556 τοὺς
1384 1491 1436 1547 ἒν
1481 1492 1625 1562 τάξει
1671 1487 1904 1565 ἀγγὲλωι

2027 1491 2196 1554 atque
2225 1489 2588 1544 terrestrium
2620 1493 2860 1563 mystice
2908 1495 3247 1568 adumbret,
3298 1517 3398 1571 per
3447 1504 3668 1560 donum

237 1587 430 1662 ἱερεῖς
462 1592 561 1656 τῆς
621 1583 872 1660 μεγάλης
917 1588 1016 1639 τοῦ
1058 1587 1192 1638 Θεοῦ
1239 1581 1541 1650 καθολικῆς
1584 1579 1904 1673 Ἐκκλησίας

2028 1574 2212 1629 sancti
2245 1576 2614 1648 baptismatis
2648 1581 2879 1648 factam,
2905 1591 3223 1658 congregat
3245 1587 3302 1643 in
3329 1606 3510 1646 unum
3535 1609 3669 1650 cum

242 1675 754 1749 λευχημονοῦντας
819 1673 895 1736 είς
969 1673 1318 1728 ’συνεστίασιν
1383 1675 1462 1743 τῷ
1531 1668 1746 1746 βασιλεῖ
1800 1686 1904 1720 συν⁴

2028 1668 2275 1734 imperio
2305 1668 2690 1723 sacerdotium
2711 1670 2936 1742 Magnis
2953 1675 3053 1728 Dei
3082 1676 3378 1734 catholicae
3403 1681 3667 1738 Ecclesia:

242 1765 522 1837 ηγάγετο.
557 1763 658 1820 Καὶ
695 1762 776 1817 δεῖ
805 1763 931 1824 τοὺς
985 1761 1035 1818 ἐν
1083 1762 1254 1835 ταύτῃ
1298 1766 1368 1835 τῇ
1417 1759 1599 1834 ἡμέρᾳ
1646 1756 1904 1830 λαχόντας

2028 1753 2376 1822 sacerdotes,
2413 1756 2508 1826 qui
2539 1758 2879 1829 angelorum
2911 1765 2967 1816 et
2999 1764 3335 1821 nuntiorum
3369 1767 3469 1824 Dei
3503 1771 3662 1827 vices

244 1850 514 1924 διακονίᾳ
558 1847 797 1922 ἀκριϐῶς
848 1851 1162 1914 ἐπίστασθαι
1209 1851 1308 1919 τήν
1355 1849 1603 1924 εὐπρεπῆ
1648 1847 1904 1900 κατάστα-

2027 1847 2258 1913 gerunt,
2285 1845 2550 1902 candidis
2584 1847 2643 1903 in
2677 1849 2951 1920 vestibus,
2985 1852 3058 1906 ad
3100 1855 3430 1912 convivium
3477 1859 3663 1930 impe-

250 1901 514 1924 ”““”““”Τ
560 1901 796 1922 ”’“Γ⁷”’⁷’¹
850 1901 1160 1914 ν”’“””⁷’ν’“’
1223 1901 1299 1919 ’“Ι’
1360 1901 1557 1924 ““”Τ“⁷“
1589 1901 1600 1916 ⁸

247 1963 343 1997 σιν
379 1948 479 2011 τῆς
519 1945 851 2019 περιφανοῦς
898 1939 1076 1996 αὐτῶν
1117 1939 1207 1994 καὶ
1257 1941 1406 2014 ἱερᾶς
1455 1937 1774 2008 δεξιώσεως.
1827 1935 1904 1990 ’Ei

2026 1901 2167 1988 riale
2195 1901 2510 1991 adducens.
2545 1937 2766 2001 Quibus
2793 1955 2862 1996 eo
2889 1901 2982 1997 die
3006 1942 3218 1999 servire
3250 1945 3502 2019 obtingit
3531 1901 3664 2004 afri-

243 2033 365 2108 γάρ
409 2032 489 2102 τῷ
536 2028 852 2104 τελὸυμὲνῳ
917 2029 1156 2104 κράματι
1195 2036 1296 2098 τῆς
1345 2026 1592 2104 μεγάλης
1639 2030 1735 2080 τοῦ
1784 2024 1904 2079 Θεοί

2026 2021 2218 2088 elicis,
2251 2022 2398 2081 bene
2427 2031 2811 2100 accurateque
2856 2045 2955 2086 eos
2998 2047 3172 2089 nosse
3229 2040 3458 2106 oportet
3502 2037 3663 2095 deco-

257 2117 602 2190 Ἐκκλησίας
635 2117 717 2174 δεῖ
749 2119 888 2192 ὑμᾶς
919 2118 1108 2174 καλεῖν
1139 2117 1226 2173 ἐπὶ
1256 2120 1356 2187 τῆς
1383 2116 1568 2190 τιμίας
1623 2112 1904 2190 βασιλικῆς

2025 2126 2149 2166 ram
2183 2112 2656 2171 constitutionem
2688 2122 2745 2173 et
2768 2119 3142 2178 cerimoniale
3170 2122 3484 2193 splendidos
3519 2125 3663 2183 isto-

260 2208 568 2283 τραπέζης,
677 2207 1027 2284 μαγίστρους,
1132 2206 1471 2270 ἀνθυπάτους
1596 2200 1904 2278 πατρικίους

2025 2215 2156 2255 rum
2172 2203 2540 2258 sacerdotum
2563 2212 2892 2280 sanctasque
2913 2211 2982 2265 ad
3006 2227 3271 2268 mensam
3295 2216 3665 2287 receptionis.

264 2295 640 2371 στρατηγοὺς,
717 2295 1122 2373 ὀφιρικιαλίους,
1197 2295 1287 2349 τὸν
1361 2294 1590 2368 ἀριθμὸν
1650 2289 1732 2347 ιδ’·
1803 2289 1913 2344 εῒσ-

258 2387 419 2462 ἀγειν
490 2383 547 2439 δὲ
611 2383 806 2447 αὐτοὺς
870 2384 960 2438 καὶ
1027 2382 1225 2459 ἐξάγειν
1294 2385 1425 2456 μετᾶ
1505 2386 1614 2437 τῶν
1697 2379 1912 2434 οἶκείων

253 2473 610 2548 ἀλλαξίμων,
644 2471 767 2528 ἄνευ
801 2473 983 2546 μέντοι
1032 2477 1140 2527 τῶν
1191 2473 1391 2528 ἑαυτῶν
1443 2467 1768 2548 χλαμύδων,
1818 2471 1910 2526 Ἐν

257 2561 320 2618 δὲ
350 2567 421 2638 τῇ
474 2563 736 2638 βασιλικῇ
776 2564 938 2635 τιμία
984 2564 1224 2637 τραπέζῃ
1273 2563 1380 2636 πρό
1429 2582 1491 2636 γε
1535 2560 1749 2616 πάντων
1797 2579 1914 2613 συν-

215 2657 502 2708 «εστιᾶται
562 2653 590 2706 ὁ
648 2652 998 2726 πατριάρχης
1055 2656 1136 2723 τῷ
1198 2649 1438 2726 βασιλεῖ,
1478 2651 1567 2705 καὶ
1627 2647 1707 2704 δεῖ
1762 2651 1909 2722 ἡμᾶς

259 2742 453 2799 καλεῖν
485 2745 611 2806 τοὺς
645 2741 877 2820 Λογάδας
905 2750 1005 2812 τῆς
1037 2742 1352 2816 ἐκκλησίας,
1393 2746 1508 2798 οἷον
1561 2739 1911 2816 μητροπολί-

261 2853 363 2895 τας
395 2831 484 2886 σὺν
517 2835 596 2903 τῷ
629 2828 914 2904 συγκέλλῳ
960 2831 1050 2886 τὸν
1098 2831 1331 2907 ἀριθμὸν
1382 2831 1472 2906 ιβ’,
1531 2829 1910 2906 προστιχίζειν

258 2917 320 2974 δὲ
374 2919 574 2983 αὐτοὺς
621 2919 672 2973 ἐν
731 2923 799 2993 τῇ
854 2919 1031 2974 αὐτῶν
1100 2919 1379 2994 εἷσαγωγῇ
1444 2916 1720 2994 ἁρμοδίως
1775 2916 1912 2972 κατὰ

254 3008 352 3062 τὸν
399 3007 624 3063 ἑκάστου
669 3008 883 3082 θρόνον,
945 3005 1200 3077 δηλονότι
1250 3007 1659 3086 ἠμφιεσμένους
1717 3006 1910 3068 αὐτοὺς

258 3098 434 3158 πάσας
487 3099 582 3159 τάς
641 3095 1022 3173 λειτουργικάς
1081 3097 1257 3152 αὐτῶν
1322 3097 1518 3160 στολάς
1585 3096 1732 3166 πλὴν
1797 3103 1904 3151 τῶν

262 3185 598 3264 ὠμοφορίων
649 3187 739 3240 καὶ
801 3185 989 3257 μόνον⁶
1047 3186 1371 3259 συνεισάγειν
1441 3184 1496 3242 δὲ
1561 3185 1762 3248 αὐτοὺς
1816 3184 1906 3240 καὶ

2022 2292 2164 2346 Post
2187 2291 2418 2347 ﬁnitum
2453 2292 2723 2364 mixtum,
2748 2297 2804 2352 in
2830 2297 3043 2370 Magna
3072 2300 3170 2356 Dei
3201 2302 3456 2359 Ecclesia
3499 2321 3670 2376 opor-

2023 2382 2110 2436 tet
2142 2396 2247 2437 nos
2277 2381 2351 2437 ad
2372 2398 2593 2439 sacram
2619 2401 2878 2442 mensam
2907 2388 3245 2460 magistros,
3269 2395 3662 2463 proconsules,

2023 2470 2318 2540 patricios,
2351 2475 2469 2527 tam
2493 2477 2781 2545 strategos
2803 2479 2859 2530 et
2882 2476 3349 2550 militaris,quam
3379 2481 3660 2541 ofﬁciales

2021 2559 2172 2613 431
2208 2564 2264 2614 et
2294 2560 2537 2632 palatini
2569 2563 2810 2631 ordinis,
2853 2564 2914 2621 in
2965 2566 3304 2624 universum
3353 2571 3659 2629 duodecim

2021 2647 2287 2716 invitare,
2319 2666 2533 2722 eosque
2565 2653 2623 2708 in
2655 2653 2783 2710 suis
2815 2657 3168 2726 mutatoriis,
3200 2658 3423 2730 absque
3463 2666 3658 2718 tamen

2021 2735 2452 2810 chlamydibus,
2486 2738 2853 2798 introducere
2874 2747 2930 2798 et
2959 2743 3221 2800 educere.
3249 2747 3315 2802 In
3337 2749 3538 2805 eadem
3572 2766 3661 2806 re-

2021 2824 2117 2898 gia
2146 2825 2472 2882 venerabile
2504 2844 2705 2885 mensa
2726 2831 2953 2902 primus
2971 2837 3103 2888 ante
3126 2833 3271 2890 alios
3294 2852 3501 2892 omnes
3522 2854 3662 2893 con-

2021 2915 2244 2971 vivatur
2298 2915 2634 2988 imperatori
2709 2921 3061 2991 patriarcha.
3139 2924 3362 2980 Pariter
3429 2943 3660 2999 quoque

2021 3009 2246 3078 oportet
2275 3021 2382 3061 nos
2410 3007 2478 3060 ad
2510 3022 2734 3063 sacram
2768 3025 3032 3066 mensam
3064 3013 3315 3068 ecclesia:
3365 3031 3654 3087 proceres,

2019 3093 2491 3166 utmetropolitas
2507 3097 2922 3168 etsyncellum,
2953 3099 3012 3154 in
3047 3101 3383 3158 universum
3417 3121 3656 3162 numero

2019 3183 2346 3252 duodecim,
2378 3183 2646 3251 invitare,
2679 3201 2896 3258 eosque
2925 3195 3058 3244 ante
3089 3190 3396 3247 introitum
3427 3194 3654 3263 decore,

263 3271 464 3348 ἐξάγειν
497 3272 586 3328 διὰ
613 3277 710 3328 τοῦ
745 3273 1032 3348 βασιλικοῦ
1069 3275 1424 3348 καστρησίου,
1472 3276 1651 3338 καθὼς
1682 3277 1709 3329 ὁ
1738 3276 1904 3337 τύπος

2015 3289 2498 3344 unumquemque
2520 3275 2849 3331 secundum
2899 3293 3014 3332 suae
3055 3279 3211 3334 sedis
3253 3280 3658 3354 eminentiam,

257 3366 358 3429 τῆς
390 3361 700 3438 εἰσαγωγῆς
728 3360 992 3436 περιέχει.
1046 3363 1166 3417 Ἐπὶ
1222 3359 1278 3415 δὲ
1320 3367 1429 3415 τῶν
1480 3362 1688 3417 λοιπῶν
1736 3362 1908 3417 ἀκου-

262 3446 430 3504 6ίτων
471 3446 554 3504 δεῖ
612 3451 750 3524 ὑμᾶς
808 3449 993 3504 καλεῖν
1050 3444 1448 3524 πρεσϐυτέρους
1499 3455 1596 3504 τοῦ
1657 3450 1906 3524 μεγάλου

261 3537 531 3594 παλατίου
566 3539 657 3614 ιβ“,
687 3545 787 3608 τῆς
821 3536 1080 3614 Μεγάλης
1111 3537 1442 3608 Ἐκκλησίας
1471 3536 1569 3607 κδ’,
1625 3537 1906 3601 διακόνους

260 3628 472 3701 ὁμοίως
505 3631 600 3682 τοῦ
632 3627 927 3697 παλατίου,
967 3635 1065 3696 τῆς
1115 3625 1374 3702 Μεγάλης
1423 3626 1772 3698 Ἐκκλησίας,
1804 3635 1904 3698 τῆς

255 3719 392 3784 νὲας,
460 3715 567 3786 λς’,
629 3714 1022 3778 ὑποδιακόνους
1090 3716 1298 3790 ὁμοίως
1368 3717 1473 3786 λς’,
1559 3719 1906 3792 ἀναγνώστας

261 3805 468 3876 ὁμοίως
502 3803 600 3874 κδ’,
635 3805 844 3879 ψάλτας
876 3805 1086 3878 ὁμοίως
1118 3803 1198 3860 κδ’
1227 3806 1316 3861 καὶ
1364 3804 1615 3868 παπάδας
1668 3810 1766 3862 του⁹
1818 3828 1902 3862 σε-

257 3895 445 3969 κρέτου
501 3899 600 3950 τοῦ
647 3896 992 3970 πατριάρχου
1043 3893 1146 3958 λς“⁶
1200 3897 1340 3968 ὁμοῦ
1390 3898 1512 3959 atq"
1565 3895 1797 3972 εἰσάγειν
1845 3894 1902 3952 δὲ

260 3982 451 4046 αὐτοὺς
519 3983 608 4036 καὶ
671 3983 870 4059 ἐξάγειν
939 3984 1135 4045 οὕτως·
1205 3982 1332 4045 τοὺς
1393 3981 1487 4056 μὲν
1570 3985 1903 4059 ἱερωμένους

265 4071 493 4132 ἅπαντας
537 4074 673 4145 μετά
735 4077 842 4127 τῶν
894 4071 1105 4126 οἰκείων
1157 4072 1363 4127 λευκῶν
1412 4073 1717 4150 φελωνίων,
1771 4073 1898 4137 τοὺς

265 4158 319 4215 δὲ
347 4163 685 4234 σεκρετικοὺς
719 4164 853 4236 (72),
887 4161 1094 4236 ψάλτας
1149 4181 1207 4216 τε
1245 4163 1333 4215 καὶ
1381 4161 1719 4236 ἀναγνώστας
1769 4165 1903 4236 μετά

262 4250 429 4305 οἰκεῖα
468 4249 698 4324 καμίσια
742 4251 928 4323 μόνον,
986 4249 1247 4320 δηλονότι
1289 4252 1424 4304 κατά
1469 4252 1568 4318 τήν
1618 4251 1764 4321 τάξιν
1809 4253 1898 4306 καὶ

259 4337 457 4394 ἔκθεσιν
484 4341 584 4409 τήν
636 4338 892 4413 ἀνωτέρω
946 4342 1430 4413 μνημονευθεῖσαν.
1482 4345 1575 4395 Δεῖ
1631 4339 1688 4396 δὲ
1735 4362 1900 4416 προσ-

258 4429 398 4501 ἐχειν
432 4428 482 4482 ἐν
534 4432 602 4501 τῇ
663 4429 798 4502 αὐτῇ
859 4427 1176 4500 ἀνακλήσει,
1244 4432 1332 4484 καί
1397 4431 1486 4484 τὸν
1555 4431 1742 4504 καιρὸν
1802 4436 1900 4486 τοῦ

265 4515 449 4586 μίνσου
487 4521 594 4570 τῶν
636 4514 942 4591 λεγομὲνων
996 4516 1267 4572 δουλκίων
1298 4520 1340 4576 ³.
1382 4519 1472 4573 καὶ
1522 4518 1612 4574 σὺν
1662 4525 1732 4593 τῇ
1775 4522 1899 4576 τού-

2014 3362 2274 3417 seriatim
2306 3363 2640 3434 disponere,
2671 3365 2909 3422 indutos
2951 3368 3132 3424 stolas
3161 3386 3320 3437 suas,
3354 3371 3411 3426 in
3443 3372 3658 3443 quibus

2014 3456 2278 3505 sanctum
2310 3450 2566 3506 ofﬁcium
2601 3468 2876 3524 peragere
2918 3455 3128 3523 solent,
3173 3474 3402 3528 omnes,
3453 3466 3659 3532 praeter

2013 3537 2137 3593 sola
2167 3537 2525 3608 omophoria,
2556 3554 2688 3610 quas
2711 3542 3013 3596 omittunt.
3039 3544 3365 3602 Castrensis
3385 3547 3655 3618 imperia-

2011 3625 2086 3681 lis
2116 3640 2214 3681 eos
2244 3625 2421 3681 simul
2473 3642 2677 3684 omnes
2734 3629 3074 3698 introducit,
3121 3638 3178 3687 et
3218 3634 3372 3688 idem
3419 3651 3651 3707 quoque

2013 3731 2217 3770 rursus
2242 3714 2458 3780 educit,
2483 3721 2655 3786 prout
2679 3716 2993 3774 formulare
3015 3719 3466 3778 introductionis
3499 3725 3557 3779 in
3590 3741 3654 3781 se

2011 3803 2188 3860 habet
2217 3810 2390 3874 atque
2424 3803 2666 3876 ﬂagitat.
2698 3807 2782 3862 Ad
2816 3806 3069 3878 reliquos
3108 3817 3300 3866 autem
3348 3813 3647 3869 accubitus

2011 3897 2234 3966 oportet
2264 3910 2365 3948 nos
2396 3893 2640 3948 invitare
2662 3896 2856 3968 magni
2881 3897 3079 3967 palatii
3113 3899 3479 3972 presbyteros
3509 3902 3648 3959 duo-

2009 3983 2711 4052 decim,MagnteEcclesi¢e
2745 3985 3114 4058 presbyteros
3143 3989 3347 4060 viginti
3376 3996 3646 4060 quatuor,

2009 4072 2284 4127 diaconos
2317 4071 2518 4143 palatii
2550 4079 2603 4126 et
2631 4075 2852 4143 Magnae
2883 4067 3277 4132 Ecclesiaa‘seu
3318 4078 3375 4133 S.
3425 4079 3650 4150 Saphiae

2009 4166 2065 4217 et
2095 4177 2250 4215 novae
2284 4161 2341 4214 in
2377 4159 2711 4215 universum
2739 4161 2829 4230 36,
2873 4163 3160 4235 cujusque
3212 4166 3316 4220 12:
3365 4165 3646 4236 hypodia-

2008 4266 2186 4305 conos
2215 4251 2552 4305 earumdem
2583 4248 2962 4306 ecclesiarum
3017 4252 3190 4309 etiam
3239 4255 3345 4323 36;
3399 4253 3646 4313 lectores

2007 4339 2343 4395 earumdem
2364 4338 2434 4392 24
2459 4354 2474 4405 ;
2496 4342 2763 4394 cantores
2786 4341 3118 4396 earumdem
3140 4343 3209 4396 24
3233 4361 3248 4411 ;
3273 4343 3529 4414 papades
3545 4361 3645 4401 seu

2008 4429 2244 4485 clericos
2274 4426 2480 4483 secreti
2511 4428 2855 4498 patriarcha:
2886 4431 2992 4498 36;
3044 4431 3102 4485 in
3148 4431 3485 4488 universum
3517 4435 3644 4490 216.

2008 4519 2123 4575 Hos
2153 4517 2522 4572 introducere
2549 4520 2607 4570 et
2637 4517 2882 4573 educere
2910 4523 3136 4589 oportet
3166 4519 3248 4575 sic
3275 4537 3288 4575 :
3323 4522 3648 4578 sacerdotio

259 4625 359 4658 των
391 4601 586 4677 εἰσόδῳ
619 4606 944 4678 συνεισάγειν
966 4608 1092 4668 τοὺς
1125 4605 1220 4662 δύο
1250 4615 1349 4678 τῆς
1375 4608 1636 4685 Μεγάλης
1657 4609 1897 4682 Ἐκκλη-

2014 4613 2378 4664 consecratos
2409 4608 2466 4660 et
2496 4605 2806 4676 fungentes
2826 4622 3032 4664 omnes
3054 4607 3112 4662 in
3137 4609 3258 4664 suis
3281 4608 3428 4666 albis
3453 4610 3650 4682 phelo-

261 4693 368 4755 σίας
400 4692 690 4767 λαμπροὺς
738 4691 1094 4767 δομεστίκους
1143 4696 1236 4752 σὺν
1275 4701 1381 4752 τῶν
1429 4697 1652 4771 ψαλτῶν
1703 4719 1758 4754 τε
1804 4697 1892 4754 καὶ

258 4782 487 4860 ὀρφανῶν
521 4782 771 4839 ἁπάντων
802 4787 898 4838 τοῦ
936 4783 1234 4862 συφραγίου
1282 4788 1416 4860 (73),
1475 4786 1894 4862 λευχημονοῢν-

2005 4698 2143 4764 niis,
2175 4695 2482 4752 secreticos
2514 4699 2731 4761 autem,
2765 4703 3028 4752 cantores
3059 4700 3116 4752 et
3145 4697 3392 4754 lectores
3419 4701 3477 4754 in
3523 4699 3649 4754 suis

2004 4785 2262 4845 camisiis
2295 4787 2548 4853 tantum,
2583 4785 2905 4840 secundum
2930 4785 3196 4843 ordinem
3230 4789 3287 4842 in
3320 4787 3641 4858 superiori-

1597 4898 1837 4954 VARIz‘E
1878 4894 2292 4956 LECTIONES.

321 5000 341 5034 ³
368 4995 634 5054 δουλκίων
669 5017 782 5060 em.
817 5003 902 5072 ἢ,
932 4999 1199 5057 τουλδίων
1229 5005 1355 5060 cod.
1389 5007 1445 5060 et
1473 5005 1563 5061 ed.

1269 5110 1468 5167 JOAN.
1509 5111 1655 5168 JAC.
1707 5113 1970 5170 REISKII
2015 5108 2605 5169 COMMENTARIUS.

323 5218 430 5288 (72)
461 5218 960 5291 Clericiisecretici
989 5221 1262 5276 videntur
1292 5223 1446 5291 apud
1479 5221 1710 5278 Graecos
1743 5223 1885 5279 fuis-

260 5304 316 5345 se
343 5291 435 5361 qui
469 5290 735 5346 Ecclesia
769 5291 987 5346 Latinae
1018 5297 1160 5346 sunt
1186 5290 1378 5348 clerici
1422 5293 1739 5360 saeculares,
1772 5311 1887 5351 non

257 5362 596 5433 consecrati;
628 5379 682 5420 ν.
719 5379 774 5433 p.
811 5363 936 5429 440,
966 5367 1023 5418 et
1052 5364 1308 5418 ofﬁcium
1354 5379 1553 5418 eorum
1588 5365 1790 5433 fuisse,
1825 5370 1890 5421 ut

259 5432 309 5485 in
356 5434 583 5488 secretis
634 5432 976 5505 patriarcha:
1033 5451 1151 5505 seu,
1181 5434 1572 5490 tribunalibus
1621 5437 1747 5505 ejus
1780 5432 1887 5492 vel

261 5504 708 5572 expeditionibus
739 5507 1009 5562 sederent
1039 5511 1096 5562 et
1140 5504 1296 5576 lites,
1347 5507 1594 5576 negotia,
1645 5504 1884 5578 reditus,

264 5590 531 5648 expensas
561 5579 689 5648 ejus
722 5583 1016 5634 curarent.

323 5647 546 5723 (73)_Ita
576 5654 665 5704 est
709 5649 766 5723 _i_n
821 5649 1196 5706 membranis.
1249 5650 1668 5723 Apographum,
1713 5651 1888 5708 dabat

261 5718 528 5791 σφραγίου,
559 5720 905 5792 consilioue,
932 5738 1004 5776 an
1031 5738 1164 5778 casu
1197 5725 1252 5778 et
1273 5718 1465 5779 errore
1481 5718 1887 5797 descriptoris,

2001 5239 2118 5280 non
2151 5218 2578 5298 dixerim._t‘lon
2611 5225 2832 5298 careret
2859 5221 3053 5298 specie
3095 5222 3386 5298 σφραγίου,
3421 5223 3470 5280 si
3519 5223 3650 5279 πάν.

1996 5294 2386 5366 rwvabesset.
2422 5290 2566 5345 Nam
2598 5291 2764 5366 datas
2794 5290 2968 5366 fuisse
3019 5290 3382 5366 pauperibus
3423 5301 3478 5352 et
3519 5314 3648 5354 mo-

1997 5365 2203 5444 na‘chis
2233 5364 2303 5419 ad
2337 5377 2531 5418 sacras
2563 5362 2763 5444 epulas
2789 5362 3165 5444 admittendis
3187 5372 3460 5444 tesseras,
3484 5387 3648 5444 σφρα-

1997 5432 2168 5513 γίδια,
2205 5450 2380 5501 supra
2427 5437 2689 5487 notatum
2723 5439 2828 5488 est.
2874 5435 2982 5490 Sed
3034 5436 3328 5513 σφραγῖδες
3366 5444 3423 5494 et
3447 5432 3453 5435 ⁷
3481 5432 3640 5561 capp:-

1997 5504 2142 5561 γίδια
2169 5505 2400 5561 dicitur.
2451 5519 2565 5557 non
2610 5503 2861 5561 σφραγία.
2901 5512 2956 5561 et
3007 5517 3278 5561 Drmterea
3335 5529 3546 5561 coooaw
3580 5527 3640 5561 ου

1995 5508 2142 5583 γίδια
2169 5508 2400 5571 dicitur,
2437 5519 2565 5584 .non
2610 5508 2861 5579 σφραγῖσι,
2901 5512 2956 5562 et
3007 5508 3288 5592 praeterea.
3335 5508 3642 5638 συρραγίου

1997 5577 2322 5651 elegantius
2352 5575 2499 5651 quid
2525 5574 2935 5651 habet,_quam
2970 5584 3035 5651 ut
3065 5585 3316 5650 potuerit
3346 5599 3376 5634 a
3432 5584 3644 5638 ibrario

1998 5645 2260 5722 pro'vooe
2291 5645 2530 5722 notiori_
2556 5645 2943 5722 substitutum
2991 5645 3188 5707 fuisse.
3242 5652 3386 5706 Hinc
3435 5655 3644 5709 excudi

1997 5716 2169 5791 illud,
2202 5719 2356 5792 quod
2396 5717 2456 5775 in
2507 5716 2728 5778 Latinis
2785 5720 2940 5778 dedi.
2999 5724 3147 5778 Sane
3205 5724 3533 5799 σουφράγιον
3589 5729 3646 5783 ct
