4088 6300
474 378 630 443 1383

1535 372 2060 437 CONSTANTINI
2103 375 2803 440 PORPHYROGENITI

3731 382 3900 444 1384

463 518 571 576 bus
604 515 907 573 traditum.
941 517 1006 570 In
1037 511 1236 569 eadem
1283 508 1688 580 acclinatione,
1719 509 1779 566 id
1804 513 1893 566 est
1923 525 2103 567 accu-

2222 530 2318 572 τας
2348 510 2440 566 καὶ
2483 506 2989 587 περιϐεϐλημένους
3029 513 3100 570 τὰ
3157 511 3334 571 οἰκεῖα
3391 513 3669 594 φελώνια·
3737 512 3893 571 διαι-

467 608 589 665 bitu
620 610 678 664 et
737 604 1153 668 convivatioue,
1213 601 1517 656 observare
1571 603 1796 671 oportet
1853 604 2110 672 tempus,

469 714 586 770 quo
617 696 832 752 missus
855 692 1184 749 dulciorum
1203 691 1286 747 sic
1316 690 1505 745 dictus
1526 705 1628 745 seu
1671 689 2021 745 mellitorum
2058 693 2114 746 et

472 789 862 856 tragematum
903 782 1168 846 infertur,
1218 786 1274 835 et
1322 786 1456 835 tunc
1505 778 1684 835 simul
1744 779 2113 835 introducere

468 875 642 931 ambo
665 874 922 929 illustres
950 870 1176 942 Magnae
1201 871 1469 925 Ecclesiae
1486 869 1857 936 domesticos,
1883 885 2114 941 unaque

470 969 735 1021 cantores
775 967 832 1017 et
861 961 1154 1033 orphanos
1183 959 1444 1030 suffragii
1477 958 1556 1030 [id
1589 967 1676 1014 est
1706 975 1828 1026 eos,
1859 959 1960 1029 qui
1999 975 2108 1030 pu-

470 1053 622 1110 blico
644 1050 919 1124 suffragio
941 1049 1029 1106 vel
1051 1049 1265 1104 auxilio
1280 1054 1337 1104 et
1358 1053 1595 1119 sumptu
1619 1048 1879 1120 aluntur]
1907 1049 2110 1104 candi-

470 1143 635 1199 datos
676 1142 913 1211 suisque
966 1138 1256 1210 pheloniis
1304 1138 1578 1205 indutos;
1628 1141 1761 1193 ante
1809 1138 2110 1194 introitum

469 1237 662 1288 autem
693 1230 824 1286 illos
855 1229 912 1284 in
946 1229 1090 1284 duas
1123 1229 1194 1282 ad
1227 1228 1486 1282 dextram
1520 1226 1939 1298 sinistramque
1980 1244 2112 1298 par-

468 1326 556 1378 tes
590 1321 884 1389 dirimere,
918 1323 983 1375 ut
1011 1335 1160 1373 unus
1191 1317 1424 1389 quidem
1453 1316 1834 1387 domesticus,
1888 1319 1990 1389 qui
2039 1317 2110 1372 ad

471 1411 762 1481 dextramj
776 1408 1211 1464 ucundorumet
1227 1405 1564 1462 amabilium
1580 1405 1957 1462 accubituum
1971 1410 2110 1476 stat,

468 1505 736 1557 cantores
767 1513 966 1554 secum
998 1511 1198 1552 omnes
1227 1495 1440 1551 habeat
1466 1512 1480 1563 ;
1517 1494 1664 1550 alter
1693 1498 1884 1551 autem
1919 1495 2112 1551 dome-

471 1590 676 1658 sticus,
710 1588 807 1659 qui
837 1587 934 1643 isti
965 1603 994 1641 e
1022 1586 1252 1656 regione
1282 1585 1354 1641 ad
1397 1585 1699 1640 sinistram
1750 1591 1970 1658 partem
2024 1602 2115 1641 ac-

473 1678 772 1734 cubituum
805 1679 942 1743 stat,
976 1690 1176 1730 secum
1208 1674 1505 1746 orphanos
1537 1691 1742 1731 omnes
1775 1675 2002 1744 habeat,
2033 1692 2118 1731 se-

470 1767 666 1823 riatim
697 1765 757 1822 in
783 1782 900 1821 uno
924 1765 1021 1820 filo
1053 1768 1291 1820 stantes.
1327 1764 1784 1820 Introducuntur
1814 1765 1886 1820 ab
1943 1769 2111 1821 utra-

473 1873 585 1930 que
615 1860 779 1929 parte
811 1859 1003 1926 partes
1035 1853 1218 1948 ambae
1245 1851 1911 1948 tumcum-patriarcha
1936 1853 2110 1910 beue-
2141 1882 2190 1948 Β

472 1946 790 2003 dictionem
825 1942 1184 2016 pronuntiat,
1219 1959 1335 2014 quo
1387 1941 1566 1998 simul
1613 1959 1819 1998 omnes
1867 1943 2110 1999 chorum

469 2035 726 2094 efﬁciant
753 2039 1074 2106 cantusque
1105 2033 1329 2089 vocales
1350 2033 1657 2088 alternsnt.
1692 2031 1899 2088 Finitis
1928 2032 2116 2089 tribus

468 2125 826 2198 antiphonis,
858 2125 1189 2180 educuntur
1217 2122 1393 2178 simul
1444 2137 1650 2178 rursus
1697 2122 1836 2177 eode
1856 2139 1934 2191 m,
1968 2123 2122 2178 unde

465 2219 765 2273 venerant.
814 2211 1296 2285 Sapientissimus
1341 2215 1533 2268 autem
1584 2211 1860 2268 dominus
1925 2218 2121 2269 noster

467 2306 602 2372 Leo,
637 2320 748 2376 quo
780 2303 1057 2374 majorem
1089 2301 1332 2374 gloriam
1366 2305 1940 2373 consummatamque
1984 2317 2120 2372 gra-

463 2396 605 2452 tiam
638 2393 1047 2451 anniversariaa
1081 2392 1217 2447 huic
1264 2398 1317 2447 et
1360 2392 1674 2447 venerabili
1723 2409 1823 2463 per
1873 2393 1993 2448 dies
2034 2393 2120 2446 fe-

465 2489 591 2542 stos
622 2481 1008 2539 convivationi
1035 2481 1293 2547 adderet,
1348 2481 1672 2549 constituit,
1724 2485 1788 2536 ut
1832 2480 1941 2536 hoc
1997 2497 2103 2551 po-

465 2577 685 2629 stremo
699 2571 1074 2626 accubituum
1089 2569 1182 2623 die
1204 2572 1334 2640 post
1356 2568 1605 2638 finitam,
1628 2585 1804 2640 quam
1825 2569 2106 2637 diximus,

461 2660 868 2718 alternantium
893 2665 946 2714 et
966 2658 1078 2714 sibi
1101 2657 1586 2728 respondentium
1611 2657 1928 2713 chororum
1953 2656 2107 2712 illam

465 2769 501 2810 a
532 2749 854 2821 majoribus
887 2749 957 2805 ad
989 2764 1097 2804 nos
1130 2756 1506 2820 propagatam
1539 2747 1994 2804 modulationem
2026 2746 2116 2802 in-

466 2842 908 2898 troduceremus
937 2838 1045 2894 sub
1077 2843 1310 2910 tempus
1336 2836 1661 2892 dulciorum
1707 2841 1954 2908 quatuor
1993 2837 2116 2893 Ma-

466 2947 596 3003 gnae
628 2928 896 2985 Ecclesiae
927 2926 1186 2982 illustres
1209 2925 1580 2995 domesticos,
1615 2925 1768 2982 488
1792 2925 1917 2981 suis
1937 2925 2114 2981 cami-

469 3022 573 3077 siis
604 3025 659 3075 et
691 3018 978 3090 pheloniis
1013 3022 1240 3073 tantum
1272 3017 1509 3071 indutos
1549 3031 1762 3086 eosque
1809 3016 1868 3070 in
1914 3015 2104 3071 medio

470 3109 859 3182 praefulgentis
882 3106 1119 3161 triclinii
1144 3106 1214 3159 ad
1241 3104 1498 3174 aliquam
1519 3121 1550 3157 a
1573 3107 1759 3157 semet
1778 3103 2113 3160 distantiam

472 3199 942 3267 disponeremus,
977 3193 1086 3248 hoc
1114 3193 1319 3246 modo:
1356 3191 1608 3260 primum
1640 3191 1875 3261 quidem
1913 3192 2111 3247 dome-

468 3286 702 3352 sticum,
737 3287 794 3338 et
853 3281 952 3352 qui
992 3297 1059 3336 ea
1107 3281 1437 3350 septimana
1483 3279 1676 3336 ofﬁcio
1730 3281 2011 3352 fungitur,
2059 3281 2118 3336 in

468 3374 660 3431 medio
691 3375 934 3443 quatuor
962 3370 1254 3440 utrinque,
1287 3369 1345 3423 id
1378 3376 1462 3425 est
1497 3368 1785 3425 .binarum
1837 3387 1870 3426 a
1914 3371 2117 3441 quavis

469 3468 650 3536 parte,
675 3460 1111 3534 splendidarum
1133 3477 1166 3514 a
1188 3457 1442 3513 dominis
1465 3459 1858 3530 proximarum
1885 3476 2114 3516 mensa-

466 3569 636 3620 rum;
671 3551 1000 3624 proximum
1034 3548 1105 3604 ab
1137 3563 1203 3602 eo
1223 3547 1548 3603 secundum
1591 3547 1981 3604 domesticum
2010 3566 2114 3620 pa-

465 3644 610 3699 riter
637 3643 697 3696 in
731 3639 920 3696 medio
952 3636 1200 3694 aliarum
1245 3635 1362 3692 illis
1419 3635 1811 3708 proximarum
1863 3643 2116 3711 quatuor

467 3733 908 3806 splendidarum
940 3745 1302 3795 mensarum,
1343 3727 1399 3782 id
1442 3732 1532 3783 est
1563 3729 1777 3798 quintae
1828 3745 2011 3801 usque
2041 3729 2114 3785 ad

467 3828 771 3888 octavam;
805 3818 1042 3873 tertium
1086 3817 1482 3873 domesticum
1532 3816 1752 3888 pariter
1806 3817 1865 3872 in
1927 3818 2113 3875 medio

471 3915 722 3984 quatuor
747 3907 862 3962 illis
894 3906 1289 3976 proximarum
1324 3905 1395 3960 ab
1430 3914 1675 3976 utraque
1707 3909 1869 3977 parte
1891 3921 2114 3961 mensa-

470 4015 626 4070 rum,
667 4014 834 4054 nonae
864 3995 1083 4052 scilicet
1114 4010 1303 4067 usque
1326 3996 1396 4050 ad
1435 3995 1876 4061 duodecimam;
1902 3999 1957 4050 et
1984 3999 2112 4050 tan-

471 4089 624 4160 dem,
645 4090 917 4160 quartum
940 4083 1401 4142 domesticumin
1419 4084 1611 4140 medio
1637 4098 1735 4140 sex
1759 4083 2112 4154 reliquarum

2226 604 2332 674 ρεῖν
2381 597 2436 654 δὲ
2479 599 2671 662 αὐτοὺς
2724 599 2868 665 ἔνθεν
2920 604 3165 659 κᾶκεῖθεν
3205 605 3311 680 πρὸ
3351 612 3456 675 τῆς
3511 603 3746 662 εἰσόδου
3803 608 3900 661 αύ-

2217 693 2326 743 τῶν
2360 687 2555 752 οὕτως.
2600 694 2688 761 Τῷ
2735 693 2828 764 μὲν
2878 690 2954 747 ἑνὶ
3007 693 3180 748 αὐτῶν
3236 691 3547 768 δομεστίκῳ
3607 697 3729 768 ἅμα
3781 701 3890 751 τῶν

2220 775 2443 851 ψαλτῶν
2475 779 2720 834 ἁπάντων
2771 782 2792 816 ⁴
2843 781 3106 854 στιχίζειν
3155 782 3241 838 ἐπὶ
3289 790 3392 852 τῆς
3443 781 3622 856 δεξιᾶς
3677 785 3889 848 θέσεως

2217 867 2324 921 τῶν
2378 873 2620 942 τερπνῶν
2681 863 3004 925 ἀκουϐίτων·
3056 875 3135 944 τῷ
3193 869 3249 926 δὲ
3334 871 3502 946 ἑτέρῳ
3561 871 3888 947 δομεστίκῳ

2217 953 2391 1010 αὐτῶν
2435 954 2528 1009 σὺν
2577 957 2824 1033 ὀρφανῶν
2878 960 2898 994 ⁵
2945 959 3214 1030 ἁπάντων,
3262 961 3351 1014 καὶ
3401 961 3561 1016 αὐτὸν
3618 962 3712 1015 ἐπὶ
3781 968 3882 1016 τοΞ

2218 1043 2506 1117 εὐωνύμου
2555 1045 2690 1100 κατὰ
2737 1045 3031 1120 πρόσωπον
3079 1049 3276 1111 θέσεως
3326 1048 3493 1120 οὔσης
3535 1054 3652 1104 τῶν
3703 1050 3892 1105 ἀκου-

2219 1127 2382 1188 6ίτων
2433 1135 2716 1210 στιχίςειν·
2769 1136 2996 1211 εἰσάγειν
3066 1134 3123 1192 δὲ
3189 1137 3382 1202 αὐτοὺς
3446 1141 3530 1215 ἐφ’
3599 1140 3882 1215 ἑκατέρων

2217 1227 2325 1278 τῶν
2372 1225 2546 1299 μερῶν
2607 1224 2776 1298 ἄμφω
2827 1227 2920 1281 σὺν
2971 1230 3043 1300 τῇ
3103 1225 3327 1302 εὐλογίᾳ
3364 1233 3460 1284 τοῦ
3499 1229 3887 1305 πατριάρχου,

2217 1320 2569 1388 χοροπατεῖν
2597 1313 2836 1379 ἅπαντας
2865 1317 3000 1391 πρὸς
3049 1317 3350 1396 ἀντίφωνον
3411 1317 3720 1392 μελῳδίαν.
3783 1324 3883 1379 Καὶ

2220 1405 2380 1473 ἡνίκα
2408 1407 2515 1459 τῶν
2551 1406 2600 1480 γ’
2638 1405 2952 1483 ἀντιφωνῶν
2995 1409 3028 1476 ἡ
3080 1406 3381 1484 έκφώνησις
3431 1408 3614 1482 λήξει,
3671 1410 3881 1484 ἐξάγειν

2217 1493 2414 1555 αὐτοὺς
2473 1492 2670 1549 ἐγεὶθεν
2728 1499 2842 1567 ἅμα
2899 1494 3018 1550 ὅθεν
3074 1495 3163 1551 καὶ
3231 1496 3585 1567 ἐληλύθασιν.
3650 1501 3883 1575 Ὦρίσθη

2219 1578 2275 1636 δὲ
2330 1581 2420 1637 καὶ
2467 1584 2612 1657 παρὰ
2662 1583 2892 1646 Λέοντος
2949 1589 3048 1640 τοῦ
3111 1588 3426 1661 σοφωτάτου
3475 1585 3752 1643 δεσπότου
3808 1589 3884 1651 εἷς

2219 1669 2445 1726 πλείονα
2504 1669 2658 1746 δόξαν
2710 1675 2798 1728 καὶ
2858 1673 3117 1750 μεγίστην
3177 1676 3520 1752 εὐχαριστίαν
3566 1685 3674 1748 τῆς
3718 1698 3880 1752 περι-

2219 1757 2410 1830 οδικῆς
2455 1760 2660 1833 ταύτης
2706 1762 2795 1817 καὶ
2845 1758 3143 1834 σεϐασμίου
3192 1768 3300 1820 τῶν
3347 1767 3549 1839 ἑορτῶν
3604 1767 3876 1842 εὐωχίας,

2219 1848 2271 1903 έν
2309 1852 2376 1923 τῇ
2431 1849 2568 1924 αὐτῇ
2626 1849 2913 1924 τελευταίᾳ
2964 1857 3072 1908 τῶν
3131 1850 3432 1910 ἆκουϐἱτων
3495 1857 3687 1928 ἡμέρᾳ
3741 1860 3882 1928 μετά

2225 1939 2324 2007 τήν
2353 1938 2648 2014 περαίωσιν
2679 1943 2779 2006 τῆς
2811 1940 3104 2017 λεχθείσης
3133 1947 3240 1999 τῶν
3282 1945 3600 2020 ἀντιφωνῶν
3653 1945 3888 2021 ἀρχαιο-

2226 2024 2536 2101 παραδότου
2593 2036 2783 2099 κοινῆς
2848 2029 3141 2104 μελῳδίας,
3201 2035 3534 2110 συνεισάγειν
3615 2036 3773 2106 ἡμᾶς
3831 2034 3879 2090 ἐν

2224 2119 2304 2187 τῷ
2333 2121 2510 2192 καιρῷ
2536 2121 2642 2172 τῶν
2679 2115 2949 2174 δουλκίων
2972 2122 3099 2182 τοὺς
3129 2119 3172 2176 δ’
3202 2125 3301 2187 τῆς
3335 2121 3604 2201 Μεγάλης
3641 2123 3883 2195 Ἐκκλη-

2227 2205 2345 2266 σίας
2373 2213 2684 2283 περιφανεῖς
2727 2205 3102 2281 δομεστίκους,
3153 2208 3410 2281 δηλονότι
3462 2211 3886 2288 ἠμφιέσμένους

2223 2293 2291 2349 τὰ
2347 2295 2522 2351 οἰκεῖα
2577 2295 2753 2352 αὐτῶν
2821 2298 3050 2372 καμίσια
3114 2301 3203 2355 καὶ
3274 2300 3513 2372 φελώνια
3581 2304 3730 2375 μόνα
3803 2305 3886 2359 καὶ

2226 2383 2374 2454 ἶστᾷν
2403 2385 2604 2447 αὐτοὺς
2636 2384 2688 2440 ἒν
2734 2385 2813 2459 τῷ
2874 2388 3023 2461 μέσῳ
3078 2393 3174 2444 τοῦ
3227 2386 3596 2465 περιϐλέπτου
3659 2391 3882 2467 τρικλί-

2226 2492 2320 2526 νου
2369 2475 2505 2528 κατά
2553 2472 2822 2530 διάστασιν
2875 2475 3070 2538 οὕτως·
3129 2479 3220 2533 τὸν
3285 2480 3382 2552 μὲν
3447 2481 3493 2535 α’
3553 2478 3882 2554 δομέστικον

2220 2567 2322 2630 τῆς
2369 2559 2674 2637 ἑϐδομάδος
2730 2563 2866 2620 κατᾶ
2922 2567 3084 2640 μέσον
3139 2571 3250 2622 τῶν
3305 2569 3634 2642 ἑκατέρωθεν
3689 2573 3883 2625 τεσσά-

2224 2655 2330 2726 ρῶν
2361 2650 2633 2728 λαμπρῶν
2666 2650 2996 2728 ἀκουϐίτων,
3025 2656 3116 2711 τὸν
3163 2655 3222 2712 δὲ
3262 2657 3356 2713 ἀπ’
3403 2659 3570 2714 αὐτοῦ
3621 2657 3875 2734 δεύτερον

2224 2738 2546 2814 δομέστικον
2593 2745 2728 2798 κατὰ
2787 2745 2952 2817 μέσον
3014 2745 3224 2819 ὁμοίως
3277 2752 3384 2802 τῶν
3439 2747 3533 2802 ἀπ’
3587 2749 3777 2803 αὐτῶν
3838 2747 3878 2803 δ’

2223 2831 2547 2908 ἑκατέρωθεν
2589 2831 2858 2908 λαμπρῶν
2907 2830 3231 2904 ἆκουϐίτων,
3283 2833 3465 2892 τὸνδὲ
3509 2839 3556 2911 γ⁸
3606 2834 3876 2910 δομέστι-

2220 2940 2314 2976 κον
2343 2921 2508 2977 πάλιν
2541 2922 2749 2994 ὁμοίως
2787 2925 2922 2978 κατὰ
2974 2922 3135 2996 μέσον
3187 2929 3294 2980 τῶν
3337 2927 3425 2982 ἀπ’
3471 2926 3654 2982 αὐτῶν
3704 2925 3878 2983 Exuri-

2223 3012 2388 3083 ρωθεν
2441 3009 2711 3086 λαμπρῶν
2769 3008 3093 3086 ἀκουόίτων,
3153 3014 3242 3070 τὸν
3305 3011 3361 3070 δέ
3419 3011 3461 3068 δ’
3509 3016 3652 3071 κατᾶ
3711 3015 3874 3089 μέσον

2220 3099 2307 3153 καὶ
2343 3097 2500 3152 αὐτὸν
2529 3103 2634 3154 τῶν
2667 3100 2718 3170 ἐξ
2746 3101 3011 3177 ἑκατέρων
3063 3105 3174 3174 (74)
3231 3108 3409 3179 μερῶν
3457 3104 3547 3160 καὶ
3599 3104 3872 3179 λαμπρῶν

2219 3181 2542 3244 ἂκυυϐίτων.
2588 3188 2686 3245 Καὶ
2742 3190 2833 3245 σὺν
2891 3195 2961 3265 τῇ
3021 3192 3286 3248 ἐπινεύσει
3344 3193 3436 3249 καὶ
3492 3193 3733 3272 εὐλογίᾳ
3784 3201 3874 3250 τοῦ

2234 3275 2535 3349 ἁγιωτάτου
2611 3280 2772 3351 ἡμῶν
2849 3281 3192 3356 πατριάρχου
3267 3281 3609 3358 ἀπάρχεσθαι
3677 3285 3881 3345 αὐτοὺς

2225 3365 2325 3434 τὴν
2354 3365 2538 3439 τιμίαν
2576 3366 2665 3421 καὶ
2721 3368 2968 3443 θεάρετον
3016 3368 3213 3426 αἶ’νεσιν
3261 3375 3369 3445 (75)
3411 3374 3510 3440 τὴν
3558 3371 3610 3442 ἐξ
3660 3373 3881 3429 οἰκείων

2225 3453 2460 3534 χειλέων
2515 3459 2536 3492 ⁸
2587 3459 2699 3531 (76)
2753 3461 2851 3512 τοῦ
2919 3460 3233 3538 σοοωτάτου
3300 3464 3388 3517 καὶ
3457 3458 3882 3536 θεοπροόλήτου

2225 3547 2385 3618 ἡμῶν
2450 3544 2718 3620 βασιλέως
2777 3547 3007 3611 Λέοντος
3055 3548 3448 3626 ἐξυφανθεῖσαν,
3497 3553 3586 3607 καὶ
3643 3552 3764 3625 ἅμα
3812 3558 3882 3627 τῇ

2223 3633 2391 3703 αὐτῆς
2441 3633 2744 3712 ἐκφωνήσει
2801 3636 2891 3691 καὶ
2957 3637 3285 3719 πολυτέχνῳ
3348 3646 3448 3711 τῆς
3506 3642 3878 3716 χειρονομίας

2221 3726 2431 3795 κινήσει
2509 3723 2858 3799 ὁμοθυμαδὸν
2937 3729 3175 3794 ἅπαντας
3255 3730 3382 3793 τοὺς
3480 3731 3872 3805 ἀνακειμένους

2219 3811 2362 3885 ᾄδειν
2395 3815 2482 3868 καὶ
2519 3814 2864 3889 συμψάλλειν
2893 3817 2956 3872 τὸ
2989 3817 3147 3894 ῥηθὲν
3181 3820 3324 3894 ἱερὸν
3354 3821 3498 3894 ᾆσμα
3539 3822 3601 3876 τὸ
3649 3821 3710 3876 ἐκ
3761 3844 3866 3896 μεσ

2220 3907 2494 3979 λισταγῶν
2571 3904 2803 3979 χειλέων
2881 3907 3142 3978 σταλάξαν
3221 3911 3386 3966 ἅπασι
3458 3917 3572 3974 τοῖς
3647 3920 3870 3975 πιστοῖς

2225 3994 2507 4064 ὑπηκόοις.
2542 3995 2694 4052 Μετᾶ
2725 3992 2898 4066 δὲτὴν
2953 3998 3246 4074 περαίωσιν
3298 4003 3396 4069 τῆς
3447 3999 3873 4077 δωδεκαημέρου

2219 4083 2421 4154 ταύτης
2462 4088 2570 4140 τῶν
2621 4086 2823 4160 ἑορτῶν
2874 4086 3113 4167 εὐωχίας
3152 4095 3388 4145 τελεῖται
3439 4089 3586 4161 ἄλλη
3641 4093 3869 4168 μεθέορ-

1819 4208 2062 4264 VARI/E
2103 4209 2512 4267 LECTIONES.

546 4318 568 4356 ⁸
597 4316 841 4401 ἁπάντων
875 4333 990 4376 em.
1023 4317 1114 4390 R.,
1148 4316 1354 4372 ἅπαντα
1384 4315 1510 4373 cod.
1543 4318 1602 4372 et
1648 4315 1739 4372 ed.
1814 4313 1840 4348 ⁵
1887 4313 1978 4370 σὺν
2028 4313 2278 4392 ὀρφανῶν
2328 4332 2442 4373 em.
2499 4317 2594 4388 3.,
2625 4319 2716 4374 καὶ
2746 4318 2870 4398 ὀρφ.
2911 4323 3038 4381 eod.
3070 4327 3127 4382 et
3155 4325 3247 4383 ed.
3325 4325 3348 4361 °
3388 4328 3592 4401 χειρῶν
3631 4328 3781 4400 conj.
3810 4327 3876 4384 ft.

474 4405 578 4463 pro
608 4387 867 4463 χειλέων.

1499 4498 1699 4554 JOAN.
1751 4496 1898 4552 JAC.
1941 4496 2204 4554 BEISKII
2255 4496 2847 4558 COMMENTARIUS.

474 4601 772 4744 σοῗράγιον
801 4603 859 4656 in
891 4603 1114 4658 Glossis
1154 4603 1416 4659 Nomicis
1466 4603 1732 4660 redditur
1775 4601 2123 4686 ἀποστροφὴ,
2154 4609 2202 4676 D

475 4692 534 4731 re
565 4677 780 4744 ugium,
817 4679 876 4729 et
910 4673 1156 4744 βοήθεια.
1199 4677 1382 4738 Quam
1432 4674 1682 4744 glossam
1733 4690 1962 4744 egregie
1986 4676 2127 4731 illu-

475 4692 534 4731 re

565 4673 780 4744 agium,
817 4679 876 4746 et
910 4673 1168 4746 Emathia.
1199 4677 1382 4738 Quam
1432 4674 1682 4744 glossam
1733 4673 2127 4746 egregieillu-

478 4751 625 4802 strat
655 4751 713 4802 et
742 4746 813 4801 ab
847 4745 1436 4816 ipsavicissimiﬁdem
1459 4745 1989 4816 auctoritatemque
2033 4764 2129 4802 ac-

479 4818 622 4889 cipit
651 4818 812 4872 locus
841 4815 1136 4890 Spartiani
1164 4815 1222 4869 in
1247 4815 1558 4890 Pescennio
1581 4816 1781 4890 Nigro.
1814 4822 1857 4872 t.
1892 4815 1947 4889 ᾗ).
1981 4819 2090 4872 672
2116 4836 2130 4874 :

477 4886 584 4945 Néc
611 4890 722 4945 sibi
751 4886 1112 4960 unquamrvel
1140 4889 1553 4960 contra_solem,
1580 4886 1910 4945 vel'contra—
1928 4891 2131 4945 imbres

480 4962 732 5043 quaesivit
913 4956 1270 5043 suffragium,
1297 4957 1392 5043 ubi
1430 4959 1628 5039 illisus
1662 4961 1996 5043 Obre-chtus
2011 4978 2131 5043 non

482 5029 948 5103 improbabiliter
973 5029 1210 5103 quidem
1244 5029 1546 5103 {uﬂ‘ugiam
1561 5031 1851 5103 ‘conjieit,
1886 5033 2128 5088 audien-

483 5099 591 5158 dus
618 5111 811 5159 tamen
838 5119 954 5159 non
987 5099 1095 5175 est.
1135 5101 1216 5156 Du
1244 5099 1429 5175 Gange
1456 5100 1520 5175 in
1549 5099 1738 5175 Gloss.
1769 5102 1886 5175 La_l.
1912 5119 1965 5158 ν.
2000 5105 2132 5175 Suf-

479 5177 729 5246 fragium
781 5174 1048 5245 exempla
1095 5170 1410 5246 congessit,
1453 5170 1515 5226 in
1564 5170 1780 5246 quibus
1846 5172 1965 5246 haec
2018 5170 2128 5230 vox

483 5242 890 5315 praestationem
920 5242 1154 5310 omnem,
1201 5242 1506 5307 auxilium,
1557 5242 2032 5298 alimentationem
2075 5251 2131 5301 et

481 5318 936 5371 sustentationem
969 5321 1164 5371 notat:
1200 5332 1313 5371 auo
1345 5315 1600 5370 remitto.

555 5387 664 5458 (74)
711 5387 804 5458 ΔΙιθ,
852 5392 1006 5458 recte
1057 5383 1434 5458 membranae.
1485 5383 1901 5458 Apographum
1955 5383 2132 5442 dabat

479 5455 586 5510 τῶν
619 5455 670 5530 ἐξ
701 5455 1044 5530 ἀμφοτέρων.
1080 5457 1362 5513 Particula
1391 5456 1439 5526 ἐξ
1473 5455 1556 5513 vel
1591 5455 1678 5512 tiri
1707 5474 1822 5513 non
1873 5462 2128 5525 noceret,

485 5530 535 5602 si
567 5529 812 5584 adesset.
846 5529 954 5602 _Sed
985 5529 1451 5602 abessequoque
1482 5530 1612 5586 sine
1653 5530 1866 5585 damno
1914 5530 2126 5599 potest.

483 5598 782 5670 Numerus
814 5599 1016 5670 abesse
1042 5599 1265 5670 nequit.

556 5668 672 5738 (75)
703 5667 881 5741 Graeci
908 5667 1095 5741 at’vouc
1135 5667 1442 5740 appellant
1496 5670 1682 5726 laudes
1725 5671 1828 5727 Dei
1870 5671 2123 5741 psalmos.

485 5735 633 5793 Hinc
656 5735 871 5797 αἶ’νεσις
903 5738 1153 5796 laudatio
1183 5735 1284 5797 Dei
1309 5756 1409 5810 per
1437 5743 1702 5813 hymnos;
1735 5758 1788 5799 ν.
1821 5735 1903 5800 Du
1937 5742 2128 5816 Gange

2230 4620 2283 4660 ν.
2316 4603 2534 4676 Alogia.

2303 4676 2611 4762 (76)”Cum
2661 4684 2942 4762 sequatur
2990 4679 3383 4762 ἐξυφανρεῖσαν,
3438 4690 3735 4762 et_sermo
3784 4687 3875 4762 hic

2241 4751 2464 4830 nonsit
2494 4751 2564 4804 de
2594 4762 2768 4806 cantu
2789 4751 3166 4830 imperatoris
3187 4751 3411 4830 Leonis,
3433 4760 3536 4815 sed
3559 4761 3628 4815 de
3651 4759 3874 4817 cantico

2240 4817 2313 4872 ab
2368 4817 2492 4902 ipso
2543 4817 2905 4904 composito;
2947 4828 3148 4904 procul
3187 4829 3364 4886 dubio
3397 4817 3872 4904 'legendum‘est

2239 4893 2917 4973 xezptbv,_nisi_mali}n_us
2947 4893 3170 4973 dicere,
3213 4893 3505 4957 auctorem
3559 4902 3870 4958 admodum

2237 4961 2455 5044 tragice
2487 4961 2742 5044 locutum
2773 4967 2973 5044 fuisse.
3005 4961 3221 5044 Verum
3272 4973 3509 5044 quidem
3556 4978 3664 5042 est,
3696 4974 3870 5044 impe-

2239 5033 2652 5120 ratores-haud.
2679 5053 2808 5093 raro
2837 5037 2993 5120 ipsos
3035 5033 3474 5120 cantioa'orsos
3537 5033 3721 5101 fuisse
3765 5033 3864 5100 suo

2239 5107 2413 5159 coetui
2449 5109 2580 5185 _tal_n
2637 5107 2705 5185 in_
2752 5108 3015 5185 ecclesia,
3075 5129 3252 5185 quam
3308 5115 3488 5184 domi,
3523 5121 3588 5171 ut
3644 5120 3865 5171 constat

2238 5176 2514 5271 gem-pio
2533 5177 2741 5271 Iasonis
2771 5176 3023 5271 armeni',
3049 5176 3264 5271 dequo
3311 5176 3608 5271 Cedrénzig
3634 5203 3684 5259 p.
3717 5186 3812 5239 491
3843 5201 3860 5271 ξ

2238 5245 2436 5330 Εξιύρει
2466 5247 2519 5330 ἐν
2543 5253 2660 5330 ταςῐς
2703 5245 3056 5330 ιιίαλμέρξδ-ίαίς
3107 5245 3352 5330 ἐξάρχειν
3399 5261 3507 5330 τῶν
3545 5245 3725 5330 αἶ’νίον,
3770 5253 3866 5310 καὶ

2243 5315 2456 5402 μᾶλιλον
2488 5317 2656 5402 {ire}?
2688 5315 2756 5394 τῇ
2786 5315 3417 5402 τοξ’)ςριστοῦ’γεῖἷνῇσει
3450 5329 3502 5383 οἱ
3529 5334 3640 5402 τῆς
3672 5315 3868 5401 ἑορτῆς

2237 5389 2455 5449 κανόνες
2487 5389 3074 5472 έηψᾴλλοντοιεθάᾘὶο
3105 5389 3216 5472 non
3250 5389 3463 5456 dicitur
3493 5389 3597 5457 Leo
3629 5389 3872 5472 hymnos

2237 5475 2477 5543 exorsus
2499 5464 2702 5543 fuisse,
2734 5467 2832 5522 sed
2852 5472 3119 5543 cantores
3139 5469 3420 5543 dicuntur
3443 5464 3725 5543 hymnum
3749 5472 3873 5542 ejus

2239 5534 2508 5612 inanibus
2540 5538 2771 5612 textum
2796 5538 3136 5609 calamoque
3163 5542 3290 5612 ejus
3327 5534 3634 5599 exaratum
3678 5534 3872 5599 ordiri.

2236 5601 2473 5684 celeber
2503 5610 2692 5662 autem
2749 5609 2861 5665 Leo
2905 5601 3139 5679 sapiens
3190 5601 3282 5669 ost
3336 5615 3487 5669 inter
3535 5615 3874 5684 hymnogra-

2235 5671 2658 5801 ggggtgtrmcos,
2711 5684 2774 5736 ut
2823 5696 2891 5738 ex
2935 5671 3098 5741 Actis
3145 5689 3506 5754 sanctorum,
3538 5671 3642 5743 ι.”1
3695 5671 3871 5752 Junii,
