4088 6300
401 177 550 237 1391

1471 162 2004 228 CONSTANTINI
2049 161 2738 226 PORPHYROGENITI

3671 167 3832 229 1392

393 305 784 363 traducuntur
812 304 869 358 et
897 300 1220 357 educuntur
1262 312 1399 355 cum
1431 297 1555 352 suis
1587 295 1757 352 stolis
1787 299 1846 350 et
1898 293 2039 366 pbe-

2159 311 2262 368 χου
2299 294 2436 348 κατὰ
2478 295 2540 350 τὸ
2591 292 2949 365 ὑποκείμενον
3000 293 3168 349 ποσὸν
3227 299 3332 364 τῆς
3377 295 3582 368 τιμίας
3631 299 3837 371 τραπέ-

397 394 571 451 loniis
601 407 667 448 eo
698 391 894 459 modo,
928 406 1043 462 quo
1089 388 1218 445 illos
1267 386 1452 457 excipi
1501 386 1562 442 in
1615 401 1821 458 magno
1853 384 2042 441 Justi-

396 483 555 540 niani
586 479 839 538 triclinio
870 479 1144 551 superius
1175 475 1540 532 dicebamus.

900 804 984 856 De
1009 801 1148 871 festo
1171 795 1540 853 Orthodoxiae.

467 909 754 980 Sequente
798 905 1057 979 proxime
1101 905 1194 960 die
1243 901 1565 969 Dominica,
1601 915 1717 971 qua
1762 896 2043 953 memoria

397 999 634 1056 sancitae
683 995 1035 1052 ortbodoxiaa
1079 1009 1304 1062 eorum,
1361 991 1457 1060 qui
1507 1005 1703 1044 sacras
1753 985 2039 1054 imagines

394 1091 764 1154 venerantur,
802 1089 933 1156 post
965 1098 1260 1138 occursum
1291 1086 1346 1135 et
1395 1077 1788 1148 exceptionem
1833 1076 2040 1129 tactam

395 1176 708 1248 splendidae
742 1172 1130 1245 processionis
1174 1187 1205 1225 e
1250 1168 1581 1224 Blachernis
1627 1165 1685 1220 in
1721 1165 1916 1220 urbem
1954 1181 2040 1219 re-

395 1267 648 1332 deuntis,
683 1271 1064 1331 sanctumque
1116 1259 1468 1313 celebratum
1525 1255 1711 1310 Missa:
1758 1253 2040 1319 ofﬁcium,

393 1355 718 1409 instituitur
768 1351 1095 1407 convivium
1146 1349 1430 1416 impensis
1491 1344 1686 1416 magni
1733 1342 2040 1398 meonomii

398 1447 520 1516 [seu
556 1459 779 1513 magna":
823 1441 1316 1494 administratum
1351 1435 1646 1489 redituum
1685 1431 2042 1503 patriarcha-

395 1532 585 1601 lium],
625 1548 678 1584 in
725 1527 1196 1599 splendidissimo
1249 1531 1305 1579 et
1337 1539 1547 1595 magno
1583 1520 1915 1591 patriarcha:
1947 1535 2037 1575 se-

395 1632 568 1676 creto.
608 1621 681 1673 Eo
723 1619 963 1672 invitare
1012 1631 1117 1669 nos
1168 1618 1393 1685 oportet
1443 1611 1779 1683 imperatori
1829 1618 1887 1664 et
1936 1627 2040 1680 pa-

394 1708 660 1764 triarcha:
711 1705 948 1773 amicos,
1004 1703 1330 1775 magistros,
1378 1703 1745 1772 praepositos,
1793 1715 2036 1769 procon-

395 1799 576 1865 sules,
610 1795 906 1868 patricios,
949 1791 1375 1864 metropolitas,
1426 1791 1914 1860 archiepiscopos,
1960 1789 2038 1844 of-

395 1887 616 1942 ﬁciales
647 1890 702 1940 et
730 1884 1104 1956 magistratus
1142 1881 1287 1936 alios
1337 1881 1406 1934 de
1447 1878 1660 1935 illustri
1703 1882 1913 1933 senatu
1946 1891 2040 1932 se-

395 1976 650 2032 cundum
683 1972 1061 2043 capacitatem
1103 1987 1339 2026 mensae.
1372 1969 1835 2024 Introducuntur
1865 1981 2042 2022 sena-

394 2065 525 2120 torii
557 2063 792 2135 quidem
826 2059 1049 2116 ordinis
1089 2058 1195 2114 viri
1210 2058 1333 2113 suis
1358 2058 1417 2112 in
1450 2055 1876 2128 scaramangiis
1908 2060 2037 2110 tan-

394 2160 542 2222 tum,
585 2149 911 2206 sacerdotes
961 2160 1151 2202 autem
1209 2147 1332 2201 suis
1364 2148 1420 2200 in
1475 2145 1872 2201 schematibus
1937 2157 2039 2197 seu

394 2242 652 2298 vestibus
685 2236 1149 2295 monacbalibus.

893 2404 1040 2458 4“
1098 2405 1287 2458 Mense
1327 2399 1540 2456 Martio.

464 2510 682 2566 Mensis
716 2510 890 2580 hujus
917 2511 1010 2564 die
1038 2508 1323 2579 vigesimo
1354 2507 1558 2578 quinto
1589 2503 1914 2561 celebratur
1939 2517 2042 2559 no-

395 2600 571 2656 tabile
599 2605 656 2654 et
678 2597 900 2654 illustre
917 2598 1132 2652 festum
1154 2594 1634 2651 Annuntiationis
1657 2593 2043 2650 sanctissimae

397 2690 657 2746 Dominis
691 2695 897 2744 nostris
917 2687 1175 2758 Deiparas
1207 2693 1261 2740 et
1293 2700 1523 2755 semper
1554 2683 1794 2756 virginis
1826 2683 2040 2752 Marias,

396 2776 676 2847 ﬁnitaque
702 2781 980 2830 consueta
1009 2771 1258 2827 solemni
1283 2769 1654 2843 processione
1675 2770 1732 2824 in
1757 2769 2040 2841 templum

396 2863 931 2935 chalcOprateorum
965 2861 1262 2929 instituta,
1288 2861 1508 2915 intrant
1533 2858 1757 2914 domini
1789 2860 1846 2913 in
1881 2857 2040 2930 pala-

399 2955 536 3009 tium
562 2971 694 3008 cum
713 2957 833 3008 toto
857 2950 1069 3006 illustri
1089 2954 1293 3006 senatu
1327 2947 1645 3020 splendidis
1675 2947 1734 3001 in
1760 2947 2039 3014 vestibus,

2151 388 2268 454 ζης⁶
2311 383 2544 460 είσᾶγειν
2593 380 2651 438 δὶ
2699 383 2898 445 αὐτοὺς
2953 384 3047 438 καὶ
3105 382 3318 455 ἐξάγειν
3377 385 3528 459 μετὰ
3580 390 3698 440 τῶν
3743 391 3826 442 οξ-

2147 471 2306 526 κείων
2341 471 2552 527 στολῶν
2583 492 2642 527 τε
2671 472 2762 528 καὶ
2795 471 3078 546 φελωνίων
3122 474 3258 528 κατὰ
3289 475 3384 528 τὸν
3423 473 3828 550 προλεχθὲντα

2149 560 2202 616 ἐν
2258 566 2338 634 τῷ
2399 561 2523 636 περὶ
2575 567 2672 617 τοῦ
2729 563 3112 619 Ἰουστινιανού
3173 561 3404 639 μεγάλῳ
3444 562 3826 641 κλητωροθεο

2149 647 2271 723 σίῳ.

2718 798 2835 868 Τῆς
2865 794 3232 874 Ὁρθοδοξίας.

2217 907 2297 977 Τῇ
2352 899 2408 958 δὲ
2464 903 2689 980 ἐπιούσῃ
2749 909 2990 982 Κυριακῇ
3063 913 3165 976 τῆς
3236 911 3344 963 τῶν
3416 907 3610 985 ἁγίων
3680 910 3827 966 εἰκό-

2147 1013 2249 1046 νων
2305 995 2417 1066 (87)
2477 991 2792 1070 ὀρθοδοξίας
2857 996 2992 1067 μετὰ
3044 997 3144 1064 τήν
3227 996 3536 1066 ὑπάντησιν
3596 1003 3710 1063 τῆς
3764 999 3824 1055 ἐκ

2150 1082 2480 1160 Βλαχερνῶν
2525 1083 2800 1155 εἰσιούσης
2829 1093 3054 1163 φαεινῆς
3104 1085 3374 1148 λιτανείας
3416 1089 3514 1143 καὶ
3573 1091 3691 1156 τήν
3748 1091 3821 1144 ἱε-

2150 1173 2396 1247 ρωτάτην
2433 1173 2818 1248 μυσταγωγίαν
2875 1173 3175 1230 ἒκτελεῖται
3229 1174 3559 1253 κλητώριον
3619 1176 3688 1232 ἐκ
3729 1181 3825 1247 τῆς

2153 1261 2447 1334 ὑπηρεσίας
2496 1267 2594 1317 τοῦ
2645 1261 2884 1338 μεγάλου
2944 1265 3263 1339 οἲκονομίου
3313 1265 3365 1321 ἐν
3413 1271 3500 1338 τῷ
3555 1266 3831 1340 λαμπρο-

2146 1350 2292 1422 τάτῳ
2343 1352 2430 1405 καὶ
2493 1351 2716 1428 μεγάλῳ
2771 1359 3156 1429 πατριαρχικῷ
3229 1356 3486 1430 σεκρέτῳ,

2148 1442 2295 1512 ἡμᾶς
2327 1441 2656 1516 εὐτρεπίζειν
2713 1442 2789 1506 εἷς
2851 1445 3185 1500 συνεστίασιν
3239 1444 3437 1523 φίλους
3468 1451 3559 1518 τῷ
3594 1447 3827 1522 βασιλεῖ

2149 1530 2238 1585 καὶ
2286 1536 2364 1603 τῷ
2407 1533 2690 1607 ἁγιωτάτῳ
2737 1535 3079 1613 πατριάρχῃ,
3143 1535 3501 1612 μαγίστρους,
3558 1558 3824 1611 1:901:9-

2153 1622 2353 1690 σίτους,
2416 1622 2774 1694 ἀνθυπάτους,
2821 1624 3159 1699 πατρικίους,
3213 1625 3674 1700 μητροπολίτας,
3726 1630 3822 1704 ἆρ-

2153 1713 2568 1785 χιεπισκόπους,
2619 1711 3002 1789 ὀφιρικιαλίους
3051 1714 3138 1769 καὶ
3191 1712 3466 1793 ἄρχοντας
3514 1724 3625 1786 τῆς
3661 1737 3822 1792 περι-

2150 1805 2342 1876 φανοῦς
2383 1799 2715 1875 συγκλήτου,
2764 1802 2902 1856 κατά
2945 1802 3035 1857 τὸν
3081 1801 3314 1877 ἀριθμὸν
3359 1809 3462 1860 τοῦ
3496 1810 3695 1860 ποσοῦ
3725 1814 3820 1875 τῆς

2147 1889 2436 1964 τραπέζης’
2493 1889 2719 1964 εἷσαίγειν
2779 1888 2835 1946 δὲ
2902 1891 3102 1953 αὐτοὺς
3153 1893 3388 1954 ἅπαντας
3443 1896 3542 1948 καὶ
3605 1897 3822 1970 ὲξεὶγεττ

2150 1979 2344 2042 οὓτως·
2375 1980 2502 2041 τοὺς
2538 1979 2632 2052 μὲν
2667 1978 3065 2056 συγκλητικοὺς
3117 1984 3252 2054 μετᾶ
3293 1986 3402 2037 τῶν
3452 1983 3696 2039 οἰκείων
3733 1986 3825 2040 αὐο

2147 2077 2255 2128 τῶν
2286 2071 2711 2149 σκαραμαγγίων
2769 2071 2858 2126 καὶ
2921 2073 3106 2146 μόνον,
3164 2071 3290 2136 τοὺς
3346 2071 3404 2128 δὲ
3448 2075 3633 2149 ἱερεῖς
3689 2079 3831 2150 μετὰ

2149 2167 2259 2218 τῶν
2291 2161 2506 2218 οἰκείων
2541 2162 2868 2240 σχημάτων.

3578 1358 3680 1411 καὶ
3748 1354 3829 1413 δεῖ

2755 2400 2876 2470 Μὴν
2917 2399 3182 2477 Μάρτιος.

2220 2488 2304 2565 Τῇ
2333 2487 2391 2545 δὲ
2428 2490 2501 2546 κε’
2543 2487 2641 2545 τοῦ
2692 2490 2943 2564 Μαρτίου
2995 2491 3171 2564 μηνὸς
3218 2491 3529 2564 τελεῖταιὴ
3565 2492 3826 2569 εὔσημος

2149 2581 2236 2635 καὶ
2287 2581 2588 2658 περιφανὴς
2647 2580 2808 2655 ὲορτή
2865 2585 2963 2636 τοῦ
3004 2581 3421 2658 Εὐαγγελισμοῦ
3467 2590 3580 2655 τῆς
3644 2586 3826 2662 ὑπερ-

2150 2669 2308 2744 αγίας
2339 2669 2636 2739 Δεσποίνης
2681 2671 2839 2741 ἡμῶν
2872 2670 3139 2726 Θεοτόκου
3173 2671 3261 2726 καὶ
3293 2673 3666 2748 ἆειπαρθὲνου
3700 2681 3824 2733 δία·

2154 2759 2294 2836 ρίας,
2363 2757 2451 2814 καὶ
2499 2757 2838 2831 τελουμένης
2892 2766 2994 2830 τῆς
3049 2767 3285 2832 τυπικῆς
3333 2763 3736 2838 προελεύσεως
3766 2764 3820 2820 ἐν

2149 2852 2230 2921 τῷ
2257 2851 2370 2920 ναῷ
2422 2851 2530 2903 τῶν
2578 2845 3033 2926 χαλκοπρατείων
3089 2848 3427 2924 εἰσέρχονται
3461 2853 3516 2907 οἱ
3553 2854 3820 2930 βασιλεῖς

2153 2937 2204 2992 ἐν
2243 2941 2323 3009 τῷ
2372 2936 2624 3009 παλατίῳ
2674 2938 2808 3010 μετὰ
2854 2941 2952 3004 τῆς
3003 2938 3310 3015 παραδόξου
3342 2942 3522 3012 πάσης
3557 2943 3820 3021 συγκλή-

395 3041 762 3112 ingressique
811 3043 1110 3110 deponunt
1140 3053 1340 3092 omnes
1389 3052 1524 3090 suas
1563 3035 1743 3090 stolas
1774 3049 1840 3088 ex
1883 3049 2040 3088 more

2159 3046 2244 3080 του
2295 3024 2835 3102 λαμπροφοροῦντες,
2881 3027 2968 3082 καὶ
3022 3029 3156 3101 μετὰ
3201 3030 3300 3099 τήν
3348 3027 3570 3087 εἴσοδον
3603 3033 3818 3104 ταύτην

400 3131 773 3198 ρτωεοτὶριοε
809 3128 915 3197 piis
946 3131 1142 3181 autem
1177 3126 1392 3180 nostris
1444 3124 1697 3179 dominis
1731 3138 1906 3178 aurea
1938 3139 2044 3178 sua

398 3216 800 3286 scaramangia
851 3213 1254 3280 induentibus,
1315 3212 1572 3268 induunt
1618 3211 1794 3268 etiam
1853 3212 2045 3267 ceteri

399 3321 601 3361 omnes
631 3321 738 3359 sua
760 3301 1180 3373 scaramangia.
1209 3301 1348 3357 Dein
1390 3301 1716 3356 celebratur
1758 3301 1830 3357 ab
1868 3300 2048 3373 impe-

400 3401 586 3448 ratore
631 3393 691 3447 in
735 3392 1143 3448 illustrissimo
1184 3390 1503 3447 Justiniani
1562 3390 1816 3447 triclinio
1869 3407 2047 3462 super

400 3481 689 3554 peculiare
707 3497 903 3537 mensa
925 3480 1274 3551 convivium,
1293 3479 1366 3536 ad
1388 3479 1543 3552 quod
1567 3479 1852 3536 invitandi
1876 3479 2044 3536 nobis

402 3575 541 3626 sunt
569 3570 852 3642 magistri,
873 3567 1602 3642 prmpositi,proconsules,
1628 3567 2044 3640 patricii,stra-

403 3661 539 3731 tegi,
569 3659 869 3729 ofﬁciales,
893 3659 1038 3730 regii
1063 3657 1513 3730 protospatbarii
1537 3661 1594 3712 et
1615 3657 1824 3728 reliqui
1871 3656 2053 3730 magi-

408 3753 619 3803 stratus
649 3750 921 3804 ordinum
953 3745 1416 3802 comitatensium
1444 3762 1544 3818 pro
1571 3747 1886 3817 capacitate
1900 3762 2056 3801 men-

419 3853 514 3894 sm.
547 3841 826 3892 Evocatos
853 3839 1048 3892 autem
1100 3835 1531 3891 introducimus
1561 3839 1620 3890 et
1661 3835 1963 3891 educimus
1994 3835 2054 3889 in

418 3926 544 3982 suis
573 3925 994 3997 scaramangiis
1023 3928 1272 3980 tantum.
1293 3923 1605 3996 Splendida
1635 3923 1730 3979 die
1761 3923 2057 3980 Dominica

421 4013 773 4086 palmarum,
796 4030 924 4085 quas
944 4013 1206 4086 proxime
1231 4012 1706 4068 resurrectionem
1729 4012 1939 4068 Christi
1962 4028 2060 4068 an-

418 4106 646 4174 tecedit,
679 4105 1004 4161 celebratur
1031 4104 1318 4175 processio
1350 4103 1407 4158 in
1459 4106 1681 4170 sancto,
1706 4102 1858 4173 quod
1901 4101 2058 4158 Deus

420 4194 978 4265 custodiat,palatio.
1001 4194 1114 4248 Piis
1137 4208 1343 4264 nempe
1361 4191 1582 4247 nostris
1602 4190 2057 4263 imperatoribus

419 4284 478 4337 in
510 4283 945 4354 cbrysotriclino
995 4279 1440 4354 praesidentibus
1474 4281 1534 4337 in
1575 4281 1700 4336 suis
1731 4279 2058 4336 mutatoriis

2150 3113 2489 3177 ἀποτίθενται
2521 3113 2711 3176 πάντες
2765 3115 2860 3179 τὰς
2916 3115 3117 3173 ἑαυτῶν
3169 3117 3366 3182 στολὰς
3411 3122 3555 3176 κατά
3609 3123 3820 3194 τύπον,

2149 3201 2238 3257 καὶ
2288 3202 2597 3281 φορούντων
2669 3209 2778 3259 τῶν
2852 3201 3086 3262 εὐσεϐῶν
3162 3209 3322 3281 ἡμῶν
3398 3209 3687 3285 βασιλέων
3754 3216 3826 3268 τὰ

2150 3291 2546 3367 κεχρυσωμένα
2623 3292 2797 3349 αὐτῶν
2871 3297 3275 3374 σκαραμάγγια,
3330 3306 3827 3380 συναμφιαζονται

2152 3382 2347 3444 πάντες
2391 3382 2601 3456 ὁμοίως
2657 3383 2724 3438 τα
2787 3382 2960 3440 οἰκεῖα
3009 3387 3189 3442 αὐτῶν
3250 3390 3661 3466 σκαραμάγγια,
3731 3393 3832 3447 καὶ

2152 3468 2392 3526 τελεῖται
2422 3469 2738 3546 κλητώριον
2769 3477 2848 3545 τῷ
2890 3472 3112 3547 βασιλεῖ
3158 3473 3210 3531 ἐν
3253 3480 3333 3549 τῷ
3363 3480 3834 3555 περιφανεστάτῳ

2155 3557 2421 3634 τρικλίνῳ
2460 3564 2558 3614 τοῦ
2619 3561 3002 3617 Ἰουστινιανοῦ
3058 3562 3146 3618 ἐπὶ
3188 3564 3510 3636 ἀποκοπτῆς
3541 3570 3837 3643 τραπέζῃ,

2156 3646 2247 3702 καὶ
2301 3645 2384 3702 δεῖ
2431 3650 2580 3722 ἡμᾶς
2627 3648 2953 3724 εὐτρεπίζειν
3003 3651 3080 3714 είς
3137 3655 3470 3710 συνεστίασιν
3496 3660 3608 3711 τῶν
3648 3658 3835 3733 βασι-

2161 3734 2300 3792 λίων
2352 3735 2406 3791 ἐν
2463 3739 2532 3810 τῇ
2573 3739 2798 3812 τοιαύτῃ
2861 3741 3041 3815 ἡμέρᾳ
3099 3742 3453 3818 μαγίστρους,
3511 3750 3836 3820 πραιποσί-

2159 3847 2310 3897 τους,
2378 3825 2738 3897 ἂνθυπάτους,
2796 3830 3138 3904 πατρικίους,
3208 3833 3572 3911 στρατηγοὺς,
3641 3836 3832 3915 6gp:—

2160 3915 2430 3984 κιαλίους,
2484 3915 2802 3992 βασιλικοὺς
2846 3922 3368 3998 πρωτοσπαθαρίους
3424 3925 3512 3978 καὶ
3574 3921 3831 3989 λοιποὺς

2164 4004 2432 4082 ἄρχοντας
2491 4004 2552 4060 ἐκ
2605 4010 2713 4062 τῶν
2763 4008 3065 4082 βασιλικῶν
3115 4013 3408 4089 ταγμάτων
3434 4013 3572 4068 κατὰ
3615 4013 3683 4069 τὸ
3718 4036 3830 4072 πο-

2164 4095 2256 4181 σὸν
2311 4101 2418 4181 τῆς
2476 4094 2770 4171 τραπέζης’
2830 4097 3058 4176 εἰσάγειν
3120 4097 3178 4156 δὲ
3215 4101 3411 4165 αὐτοὺς
3449 4105 3541 4158 καὶ
3605 4103 3826 4181 ὲξάγειν

2164 4178 2216 4236 ἒν
2263 4180 2334 4256 τῇ
2391 4181 2584 4254 κλήσει
2637 4185 2771 4258 μετὰ
2825 4189 2932 4241 τῶν
2991 4187 3203 4244 οἰκείων
3261 4191 3681 4266 σκαραμαγγίων
3715 4178 3824 4247 καὶ

2168 4270 2352 4344 μόνον.
2386 4273 2471 4346 Τῇ
2516 4270 2573 4326 δὲ
2614 4275 2721 4349 πρὸ
2771 4280 2871 4345 τῆς
2922 4277 3160 4350 Χριστοῦ
3215 4277 3550 4343 ἀναστάσεως
3582 4279 3820 4357 λαμπρᾷ

421 4385 534 4425 una
564 4385 698 4425 cum
733 4369 1087 4426 cecumenico
1120 4367 1477 4440 patriarcha,
1512 4371 1628 4424 toto
1659 4367 1926 4424 cubiculo
1957 4384 2046 4423 co-

2166 4365 2406 4454 Κυριακῇ
2451 4365 2560 4416 τῶν
2609 4363 2778 4436 βαῖων
2816 4362 3052 4420 τελεῖται
3084 4368 3118 4436 ἠ
3151 4366 3469 4442 προέλευσις
3503 4368 3553 4423 ἐν
3580 4374 3661 4442 τῷ
3693 4374 3822 4426 Θεο-

419 4473 540 4513 ram
575 4457 718 4528 ipsis
751 4459 809 4510 in
841 4459 991 4513 serie
1029 4459 1351 4514 secundum
1392 4458 1682 4530 cujusque
1711 4457 2056 4529 dignitatem

418 4550 628 4609 stante,
669 4544 1118 4600 introducantur
1156 4551 1406 4617 quatuor
1438 4546 1738 4602 demestici
1770 4545 2056 4617 [totidem]

417 4638 738 4706 tagmatum
769 4648 902 4689 cum
926 4633 1175 4704 geminis
1200 4633 1554 4698 demarchis,
1577 4633 1930 4689 cbartulario
1951 4633 2056 4688 im-

416 4722 649 4795 perialis
680 4720 923 4788 sacellii,
955 4719 1246 4790 simulque
1267 4736 1468 4777 omnes
1490 4722 1781 4794 gerocomi
1803 4726 1859 4778 et
1877 4738 2052 4778 xeno-

414 4813 584 4868 dochi
618 4811 1035 4869 venerabilium
1079 4809 1315 4867 aedium.
1367 4812 1476 4876 Qui
1518 4817 1826 4885 postquam
1859 4829 2052 4869 sacras

413 4921 634 4973 cruces,
667 4910 811 4977 quot
857 4918 998 4975 opus
1037 4905 1146 4965 est,
1195 4900 1349 4955 intro
1399 4904 1741 4974 attulerunt,
1788 4905 2049 4962 introdu-

2167 4447 2427 4526 φυλάκτῳ
2489 4451 2620 4526 ἱερῴ
2677 4450 2950 4526 παλατίῳ,
3015 4455 3496 4530 ΙΙρογαθεσθέντων
3565 4458 3668 4535 γὰρ
3728 4459 3822 4514 ἐπὶ

2166 4540 2264 4592 τοῦ
2317 4537 2779 4612 χρυσοτρικλίνου
2843 4545 2952 4596 τῶν
3023 4539 3261 4600 εὐσεϐῶν
3314 4547 3476 4618 ἡμῶν
3539 4545 3820 4622 βασιλέων

2165 4623 2583 4714 ἐξαλλαγμὲνωξ
2615 4630 2731 4700 (88)
2791 4630 2905 4704 ἅμα
2958 4637 3038 4705 τῷ
3097 4632 3464 4708 οἶκουμενικῷ
3491 4638 3814 4714 πατριάρχῃ

2163 4714 2253 4769 καὶ
2292 4718 2392 4770 τοῦ
2443 4710 2839 4773 κουϐουκλείου
2887 4722 3089 4784 παντὸς
3137 4721 3244 4799 πρὸ
3293 4710 3816 4798 προσώπουναύτῶν

2161 4807 2296 4861 κατὰ
2340 4803 2486 4878 τάξιν
2547 4805 2811 4884 στιχηδὸν
2876 4817 3243 4884 παρεστῶτος,
3303 4811 3607 4888 εἷσάγονται
3651 4817 3706 4870 οἱ
3766 4813 3810 4870 δ’

2163 4893 2475 4970 δομίστικοι
2515 4901 2624 4952 τῶν
2675 4899 2968 4974 ταγμάτων
3021 4899 3114 4956 σὺν
3162 4907 3280 4966 τοῖς
3327 4899 3446 4958 δυσὶ
3485 4901 3805 4980 δημάρχοις

1459 5023 1661 5081 JOAN.
1699 5029 1843 5084 JAC.
1890 5027 2154 5087 REISKII
2192 5023 2775 5082 COMMENTARIUS.

488 5127 600 5198 (87)
631 5127 873 5182 Videtur
903 5131 1032 5196 post
1063 5125 1307 5198 primam
1348 5121 1701 5198 vocem_n_ept
1745 5125 2051 5182 excidisse.

418 5193 604 5268 Vulgo
637 5199 843 5253 festum
898 5193 1262 5252 Orthodoxiae
1307 5194 1460 5268 nude
1509 5193 1767 5268 dicitur;
1800 5198 1917 5268 vid.
1965 5198 2051 5252 Du

419 5264 611 5338 Gange
644 5268 698 5322 b.
729 5286 803 5333 v.,
835 5269 932 5338 qui
965 5268 1043 5322 ait
1065 5267 1464 5338 Orthodoa'iam
1495 5264 1768 5337 appellari
1804 5267 2053 5338 primam

420 5337 777 5420 Dominicam
798 5337 1162 5420 jejuniorbm
1194 5354 1305 5420 seu.
1337 5338 1816 5420 quadragesimae,
1851 5337 1908 5390 in
1936 5353 2056 5420 qua

421 5409 746 5466 celebratur
775 5407 927 5480 apud
951 5409 1175 5465 Graecos
1207 5407 1830 5480 festumgrestitutionis
1859 5407 2053 5480 cultus

419 5495 712 5536 sacrarum
773 5478 1092 5553 imaginum
1151 5479 1262 5535 sub
1313 5478 1591 5538 Michaele
1646 5484 1704 5536 et
1747 5479 2049 5538 Tbeodora

2163 5124 2345 5194 impp.
2379 5122 2702 5194 legiturque
2751 5124 3098 5196 Synodicum
3131 5127 3190 5184 in
3223 5130 3372 5188 hanc
3403 5147 3523 5189 rem
3553 5131 3791 5190 editum.

2163 5196 2421 5273 Quare}
2451 5201 2594 5273 nota
2612 5204 2707 5273 est
2725 5211 2804 5273 ex
2819 5197 3065 5273 historia
3097 5199 3429 5273 Byzantina.

2238 5266 2349 5347 {88)
2373 5265 2522 5347 pedi
2581 5268 2639 5347 in
2686 5267 3015 5347 Latinis_in
3058 5265 3414 5347 mitamrfu;
3458 5271 3796 5344 ἐξαλλάττειν

2165 5338 2319 5418 enim
2369 5338 2524 5418 idem
2556 5343 2645 5393 est
2691 5344 2866 5418 atque
2895 5340 3144 5418 simplex
3172 5338 3796 5418 ᾇλλάττέινίροδιᾳιιαπι

2160 5411 2333 5482 vestes
2357 5414 2561 5463 veteres
2605 5412 2759 5466 novis
2804 5411 3122 5482 mutassent,
3167 5415 3316 5473 idem
3351 5423 3441 5474 est
3466 5411 3692 5477 dictum
3715 5425 3803 5477 at-

2160 5490 2274 5550 que
2295 5478 2354 5530 in
2383 5481 2717 5536 mutatam}.
2749 5483 2909 5539 Conf.
2943 5500 3001 5560 p.
3033 5478 3156 5545 Ml.
