4080 6300
306 280 462 343 139⁸1

1141 285 1242 346 DE
1288 285 1740 351 CERIMONIIS
1785 284 2024 346 AULJE
2064 284 2558 350 ΒΫΖΑΝΤῘΝΛΕ
2599 290 2749 351 LIB.
2797 291 2872 352 Il.

3564 303 3716 364 1398

306 411 625 505 μυστηρίων
678 413 1004 490 μετάληψιν,
1026 435 1163 491 προς
1208 418 1399 490 σεμνὸν
1449 422 1633 492 κρᾶμα
1681 419 1808 480 τοὺς
1850 423 1918 486 τῆ

2032 477 2035 483 ν
2067 421 2514 480 resurrectionis
2544 423 2898 497 symbolum]
2928 428 3162 495 tenent;
3186 428 3566 505 divinumque
3590 437 3712 491 ofﬁ-

302 499 614 578 συγκλήτου
647 503 1002 578 προκρίτους,
1048 504 1124 567 ὡς
1188 505 1486 569 κοινωνοὺς
1541 515 1644 577 τῆς
1697 506 1947 582 χάριτος,

300 592 556 668 ἰμφανῶς
612 589 1153 668 προσλαμϐάνονται.
1208 595 1312 652 Καὶ
1353 593 1436 652 δεῖ
1490 602 1638 670 ἡμᾶς
1694 599 1948 674 εὐτρεπί-

302 687 408 753 ζειν
441 681 493 738 έν
521 685 590 756 τῇ
621 681 760 756 αὖτῇ
789 679 984 753 κλήσει
1016 686 1114 738 τοῦ
1153 683 1433 758 κράματος
1469 689 1567 740 τοῦ
1611 684 1945 758 τελουμένου

299 770 352 826 έν
379 774 448 845 τῇ
478 773 715 848 Χριστοῦ
744 769 1012 847 καθολικῇ
1052 770 1319 844 ἐκκλησίᾳ
1368 772 1443 836 εἰς
1497 773 1822 828 συνεστίασιν
1867 780 1946 847 τῷ

300 857 520 935 βασιλεῖ
548 860 742 939 φίλους
773 860 879 916 ἀπὸ
907 867 1007 931 τῆς
1053 861 1253 932 τάξεως
1293 866 1400 918 τῶν
1458 861 1789 939 μαγίστρων,
1823 863 1942 917 ἀνθ-

296 951 538 1017 υπάτων,
615 949 936 1023 πατρικίων,
1015 955 1329 1027 στρατηγῶν
1404 971 1462 1008 τε
1529 951 1620 1007 καὶ
1689 951 1942 1031 ὀφφικια-

296 1037 456 1108 λίων,
481 1039 572 1094 τὸν
627 1038 858 1114 ἀριθμὸν
893 1036 998 1094 ιδ”
1051 1039 1284 1116 εἰσάγειν
1341 1039 1398 1096 δὲ
1453 1040 1650 1104 αὐτοὺς
1700 1039 1784 1096 ἐπὶ
1842 1046 1944 1110 τῆς

291 1128 463 1198 αὐτῆς
515 1126 789 1202 τραπέζης
843 1127 1016 1191 οὕτως
1048 1148 1061 1162 ·
1111 1130 1239 1191 τοὺς
1296 1131 1390 1204 μὲν
1427 1130 1781 1206 μαγίστρους,
1814 1129 1943 1194 ἀνθ-

291 1216 529 1280 υπάτους
575 1215 666 1271 καὶ
706 1215 1049 1292 πατρικίους,
1077 1218 1206 1281 τοὺς
1257 1215 1475 1293 λώρους
1530 1215 1940 1297 ἠμφιεσμένους

292 1305 432 1379 μετᾶ
459 1308 568 1360 τῶν
600 1305 851 1380 χρυσέων
879 1305 1056 1360 αὐτῶν
1107 1307 1389 1380 θωρακίων
1439 1307 1528 1362 καὶ
1583 1308 1767 1380 μόνον,
1800 1326 1936 1382 προ-

287 1397 489 1470 κρίνειν
535 1391 594 1449 δὲ
643 1393 694 1449 έν
739 1399 809 1469 τῇ
858 1395 1084 1471 τοιαύτῃ
1115 1393 1349 1472 καθέδρᾳ
1402 1395 1531 1458 τοὺς
1579 1395 1648 1451 τὰ
1695 1395 1938 1470 θωράκια

286 1481 697 1561 ἠμφιεσμένους
729 1482 864 1558 ὑπὲρ
894 1483 1022 1546 τοὺς
1066 1481 1272 1548 ἄλλους
1330 1485 1650 1561 πατρικίους
1687 1485 1814 1546 τοὺς
1869 1485 1936 1539 τὰ

287 1571 468 1628 οἲκεῖα
510 1571 742 1645 καμίσια
787 1576 1104 1650 φοροῦντας,
1155 1571 1249 1629 κᾶν
1299 1574 1444 1649 τάχα
1487 1572 1708 1650 τύχοιεν
1770 1571 1934 1629 ἐλάτ-

283 1681 436 1726 τονες
480 1662 615 1719 εἶναι
667 1661 721 1719 έν
774 1667 845 1738 τῇ
897 1658 1240 1739 προϐλήσεισ
1299 1662 1426 1726 τοὺς
1485 1661 1543 1718 δὲ
1598 1661 1932 1740 στρατηγοὺς

286 1753 520 1814 ἅπαντας
553 1752 688 1826 μετὰ
713 1756 821 1808 τῶν
873 1751 1092 1808 οἰκείων
1142 1751 1318 1808 αὐτῶν
1367 1752 1788 1831 σκαραμαγγίων
1838 1752 1929 1807 καὶ

287 1844 486 1918 μόνον*
518 1845 646 1906 τοὺς
692 1841 751 1899 δὶ
807 1841 1198 1919 ὀμφικιαλίους
1248 1843 1337 1900 καὶ
1394 1842 1588 1907 αὐτοὺς
1639 1845 1772 1920 μετὰ
1818 1848 1926 1899 τῶν

281 1931 495 1989 οἰκείων
549 1935 845 2008 καμισὶων,
878 1932 1002 1989 ἄνευ
1050 1933 1233 2006 μέντοι
1289 1939 1397 1990 τῶν
1447 1935 1647 1990 έαυτων
1705 1932 1926 2010 χλαμύ-

281 2019 412 2081 δων.
463 2024 584 2081 Ἐπὶ
637 2020 695 2078 δὶ
759 2025 860 2093 τῆς
907 2023 1275 2098 προκειμένης
1324 2021 1376 2078 ἐν
1438 2029 1518 2097 τῷ
1575 2021 1924 2099 περιϐλέπτῳ

281 2114 498 2189 χρυσέῳ
523 2111 785 2189 τρικλίνῳ
814 2120 1031 2188 χρυσῆς
1069 2112 1364 2188 τραπέζης,
1396 2110 1447 2167 έν
1493 2113 1539 2184 ᾧ
1587 2114 1676 2167 καὶ
1723 2113 1786 2168 τὸ
1825 2134 1922 2169 πε·

277 2219 495 2279 ριιρανες
524 2207 709 2274 κτῆμα
729 2203 822 2243 θοίο
849 2204 946 2256 τοῦ
976 2205 1188 2276 χρυσοῧ
1227 2201 1629 2278 πενταπυργίοο
1661 2201 1715 2265 ἐς
1749 2201 1920 2274 τιμῆν

273 2289 565 2366 προετέθη,
617 2287 700 2345 δεῖ
755 2292 904 2363 ἡμᾶς
952 2289 1281 2366 εὐτρεπίζειν
1342 2289 1420 2352 εἰς
1467 2289 1795 2345 συνεστιασιν
1843 2293 1922 2362 τῷ

278 2377 494 2455 βασιλεῖ
552 2377 749 2458 φίλους
805 2378 865 2435 ἐκ
921 2384 1031 2434 τῶν
1099 2378 1520 2454 προλεχθέντων
1584 2378 1917 2454 μαγίστρων,

268 2468 626 2540 ἀνθυπάτων,
709 2466 1041 2542 πατρικίων,
1128 2473 1448 2544 στρατηγῶν
1532 2467 1914 2546 ὁφφικιαλίων,

273 2563 616 2633 σεκρετικῶν,
678 2557 784 2613 ἀπὸ
840 2564 939 2627 τῆς
990 2558 1190 2628 τάξεως
1237 2561 1335 2614 τοῦ
1392 2562 1783 2634 στρατιωτικοῦ
1829 2560 1918 2614 καὶ

271 2645 584 2722 κατωτέρω,
642 2646 968 2718 ἆσηκρητῶν
1028 2667 1088 2702 τε
1144 2649 1293 2721 ὁμοῦ
1348 2646 1438 2702 καὶ
1495 2648 1754 2720 κομήτων
1809 2651 1916 2700 τῶν

274 2735 498 2813 σχολῶν
525 2737 617 2792 καὶ
657 2733 1112 2812 σκριϐώνων,σὺν
1156 2741 1266 2792 τῶν
1322 2733 1418 2792 δύο
1476 2734 1536 2791 ἐκ
1585 2735 1916 2812 Βουλγάρων

274 2825 472 2902 φίλων,
501 2827 593 2882 τὸν
627 2824 857 2901 ἀριθμὸν
889 2826 937 2882 λ’
958 2843 971 2857 '
1001 2827 1058 2881 ἐν
1089 2823 1146 2881 δὲ
1175 2831 1293 2888 ταῖς
1342 2825 1592 2902 περιεξῆς
1643 2827 1755 2898 (95)
1798 2823 1918 2878 τέσ-

273 2935 428 2992 σαρσι
458 2921 566 2971 τῶν
597 2922 860 2992 καμαρῶν
917 2914 1208 2991 τραπέζαις
1263 2916 1368 2972 ἀπὸ
1421 2921 1522 2985 τῆς
1566 2913 1766 2984 τάξεως
1809 2918 1918 2969 τῶν

278 3004 576 3080 βασιλικῶν
623 3003 976 3076 κανδιδάτων,
1011 3006 1359 3081 βεστητόρων
1407 3025 1463 3060 τε
1509 3005 1598 3059 καὶ
1649 3003 1918 3058 σιλεντια-

2062 509 2216 566 cium
2237 512 2544 569 oﬂerentes
2567 513 2682 569 Deo
2709 520 2836 586 post
2853 518 3315 589 assumptionem
3333 538 3510 577 sacrae
3535 541 3711 582 cmuzn

2059 599 2378 656 admittunt
2408 602 2596 673 palam
2651 603 2903 660 delectos
2951 605 3023 660 de
3071 616 3273 663 senatu
3327 627 3594 676 proceres
3635 617 3706 670 ad

2055 691 2382 747 venerabile
2413 707 2608 748 crama
2629 692 2752 764 [seu
2770 693 3181 767 jentaculum],
3210 701 3274 752 ut
3301 700 3495 768 gaudii
3530 704 3710 774 parti—

2056 775 2232 847 cipes.
2266 780 2328 834 In
2362 779 2463 836 illa
2510 781 2636 852 ipsa
2684 782 2754 837 ad
2791 799 2986 839 crama
3015 786 3351 842 evocatione
3389 789 3478 859 (fit
3509 797 3703 847 autem

2054 863 2112 920 in
2145 866 2432 924 catholica
2473 869 2684 926 Christi
2723 870 2986 943 ecclesia)
3032 879 3254 943 Oportet
3300 893 3407 933 nos
3457 880 3526 933 ad
3570 896 3702 936 con-

2052 951 2367 1012 vivandum
2411 956 2748 1030 imperatori
2801 961 3025 1018 amicos
3074 962 3340 1032 invitare,
3382 966 3451 1021 de
3499 968 3699 1025 ordine

2055 1042 2493 1115 magistrorum,
2525 1048 2939 1118 proconsulum
2975 1050 3370 1121 patriciorum,
3396 1059 3514 1111 tam
3547 1061 3698 1113 stra-

2051 1133 2341 1204 tegorum,
2374 1150 2548 1204 quam
2584 1136 2956 1207 ofﬁcialium;
2991 1139 3051 1194 in
3084 1140 3420 1198 universum
3453 1160 3696 1201 numero

2051 1221 2522 1293 quatuordecim;
2556 1231 2610 1280 et
2640 1223 2746 1280 hos
2764 1226 2837 1280 ad
2856 1243 3122 1284 mensam
3145 1229 3224 1285 ibi
3249 1232 3494 1302 positam
3512 1232 3695 1290 intro-

2049 1309 2257 1366 ducere
2289 1311 2398 1367 hoc
2429 1313 2638 1368 modo:
2665 1315 2944 1386 Magistri,
2971 1318 3349 1386 proconsules
3379 1329 3431 1376 et
3461 1323 3688 1394 patricii

2048 1397 2268 1454 intrant
2307 1399 2672 1457 solummodo
2722 1402 2858 1458 loris
2888 1412 2943 1457 et
2973 1404 3162 1460 aureis
3194 1407 3317 1462 suis
3347 1408 3686 1466 thoracibus

2045 1486 2258 1543 induti.
2292 1489 2687 1544 Praeferuntur
2707 1496 2900 1546 autem
2934 1494 3122 1564 quoad
3156 1495 3472 1551 sessionem
3506 1499 3684 1567 patri-

2044 1575 2118 1633 cii
2137 1576 2469 1634 thoracibus
2490 1579 2678 1634 induti
2702 1580 2830 1635 aliis
2855 1582 3136 1653 patriciis,
3154 1584 3252 1654 qui
3275 1592 3554 1640 consueta
3577 1603 3683 1642 sua

2043 1665 2283 1721 camisia
2318 1671 2549 1738 gerunt,
2582 1667 2815 1722 etiamsi
2847 1669 2991 1723 forte
3023 1668 3115 1725 his
3147 1669 3429 1740 dignitate
3459 1677 3516 1727 et
3546 1690 3681 1744 pro-

2041 1755 2294 1811 motione
2336 1755 2638 1812 inferiores
2672 1757 2810 1813 sint.
2845 1758 3094 1830 Strategi
3143 1759 3361 1815 intrant
3393 1777 3521 1816 cum
3556 1763 3680 1818 suis

2032 1845 2450 1919 scaramangiis
2481 1851 2730 1918 tantum,
2763 1846 3040 1903 ofﬁciales
3071 1863 3205 1903 cum
3239 1851 3363 1904 suis
3395 1851 3673 1917 camisiis,

2029 1935 2251 2007 absque
2281 1935 2709 2009 chlamydibus.
2753 1937 2838 1993 Ad
2887 1953 3120 1993 auream
3152 1954 3282 1994 vero
3315 1955 3576 1995 mensam
3613 1939 3671 1995 in

2029 2023 2337 2097 splendido
2384 2025 2851 2099 chrysotriclinio
2895 2025 3162 2098 positam,
3222 2026 3280 2081 in
3339 2045 3454 2099 quo
3495 2028 3668 2084 etiam

2025 2114 2256 2171 illustre
2286 2115 2575 2188 peculium
2610 2115 2771 2172 aurei
2819 2117 3181 2189 pentapyrgii
3229 2116 3466 2173 honoris
3497 2133 3667 2174 causa

2026 2203 2390 2276 pr0positum
2420 2209 2527 2275 est,
2556 2205 2844 2261 invitandi
2875 2223 2909 2260 a
2951 2205 3120 2261 nobis
3167 2210 3306 2261 sunt
3339 2206 3521 2262 futuri
3561 2207 3670 2262 do-

2027 2293 2187 2350 mino
2217 2293 2469 2349 convivaa
2501 2293 2671 2349 amici
2703 2310 2770 2349 ex
2801 2293 3028 2360 iisdem,
3053 2309 3194 2364 quos
3218 2295 3387 2351 modo
3416 2295 3669 2351 diximus

2028 2381 2341 2453 magistris,
2392 2381 2857 2453 proconsulibus,
2899 2381 3178 2454 patriciis,
3214 2383 3505 2454 strategis,
3537 2385 3669 2439 offi-

2025 2470 2290 2540 cialibus,
2309 2471 2606 2527 secreticis
2628 2469 2850 2526 ordinis
2867 2470 3127 2526 militaris
3148 2475 3204 2525 et
3227 2470 3420 2528 adhuc
3440 2471 3668 2526 inferio-

2024 2558 2210 2628 ribus,
2235 2560 2374 2614 item
2407 2559 2682 2615 asecretis
2712 2563 2866 2615 444
2888 2563 2945 2614 et
2973 2558 3287 2616 comitibus
3309 2560 3663 2626 scholarum,

2024 2648 2408 2717 scribonibus,
2442 2649 2672 2719 duoque
2718 2648 2957 2718 insuper
2998 2665 3029 2703 e
3067 2647 3330 2712 Bulgaris
3361 2649 3567 2718 amici;
3600 2649 3660 2702 in

2026 2737 2360 2793 universum
2394 2737 2635 2808 triginta
2667 2753 2931 2794 numero.
2978 2738 3063 2792 Ad
3097 2738 3537 2793 circumstantes
3570 2755 3667 2792 or-

2025 2826 2158 2881 dine
2181 2827 2457 2882 continuo
2483 2835 2733 2897 quatuor
2761 2842 2992 2881 mensas
3012 2843 3112 2898 per
3141 2827 3380 2882 totidem
3414 2827 3664 2882 fornices

2025 2914 2338 2987 dispositas
2356 2915 2675 2970 invitantur
2689 2915 2894 2970 delecti
2915 2915 3149 2986 quidam
3174 2916 3242 2971 de
3264 2915 3466 2970 ordine
3490 2916 3670 2987 regio-

2026 3020 2154 3059 rum
2171 3004 2634 3071 candidatorum,
2656 3002 3016 3070 vestitorum,
3037 3003 3516 3069 silentiariorum,
3541 3005 3671 3058 dra-

278 3093 428 3186 ρίων,
507 3091 903 3186 δρακοναρίων,
991 3094 1450 3173 σκηπνροφόρων,
1530 3091 1913 3186 σημειοφόρων

2032 3093 2423 3160 conariorum,
2475 3093 3047 3162 sceptropbororum,
3106 3091 3559 3147 vexilliferorum
3613 3097 3669 3148 et

273 3181 364 3235 καὶ
421 3181 720 3253 σεωτὸρων
784 3182 877 3234 τὸν
944 3182 1174 3255 ἀριθμὸν
1247 3182 1366 3246 λς’*
1415 3182 1756 3256 Ἀγαρηνοὺς
1829 3177 1915 3234 δε-

278 3267 474 3342 σμίους
521 3265 582 3322 ἐκ
625 3271 723 3322 τοῦ
775 3265 1016 3342 μεγάλου
1064 3271 1175 3339 (96)
1201 3269 1537 3342 πραιτωρίου
1566 3271 1655 3322 τὸν
1690 3270 1917 3342 ἆριθμὸν

283 3359 373 3430 ιη’,
421 3357 512 3412 καὶ
550 3354 611 3412 έκ
656 3359 762 3411 τῶν
811 3353 1139 3429 Βουλγάρων
1200 3354 1376 3430 φίλων
1437 3356 1754 3419 ἀνθρώπους
1809 3356 1916 3424 ιη’⁸

278 3447 510 3524 εἰσάγειν
541 3443 598 3502 δὲ
626 3446 825 3506 αὐτοὺς
857 3443 947 3499 καὶ
989 3443 1362 3518 προστιχίζειν
1407 3442 1513 3514 πρὸ
1559 3449 1660 3512 τῆς
1710 3439 1920 3496 εἰσόδου

276 3534 622 3608 αὐτῶν,τοί›ς
659 3534 753 3609 μὶν
783 3532 869 3588 ἐπὶ
899 3538 999 3601 τῆς
1043 3538 1256 3608 χρυσῆς
1307 3531 1598 3606 βασιλικῆς
1645 3531 1921 3600 τραπέζης

276 3630 587 3703 περιφανεῖς
640 3620 970 3698 δαιτυμόνας
1032 3622 1167 3694 μετὰ
1212 3625 1320 3676 τῶν
1372 3619 1584 3675 οἰκείων
1622 3616 1922 3690 ἆλλαξιμά-

273 3735 379 3770 των
411 3715 502 3768 καὶ
519 3707 868 3792 χλανιδίων,
901 3709 1325 3785 προσκαλεῖσθαι
1384 3707 1441 3764 δὲ
1467 3707 1614 3784 Icci):
1663 3708 1770 3762 ἀπὸ
1811 3711 1918 3762 τῶν

275 3802 597 3877 Βουλγάρων
654 3799 852 3878 φίλους
912 3799 1016 3854 ἀπὸ
1063 3805 1164 3869 τῆς
1210 3798 1410 3871 τάξεως
1452 3801 1558 3853 τῶν
1604 3799 1921 3873 στρατηγῶν

272 3890 327 3947 έν
370 3896 448 3963 τῷ
498 3888 736 3963 δευτέρῳ
787 3890 960 3962 μίνσῳ
1006 3886 1093 3943 ἐπὶ
1144 3893 1244 3956 τῆς
1277 3886 1556 3959 εὐωνύμου
1589 3884 1786 3950 θέσεως
1819 3891 1919 3954 τῆς

271 3977 543 4050 τραπέζης
601 3976 740 4053 πρὸς
797 3977 862 4032 τὸ
919 3975 1267 4050 ἀριθμεῖσθαι
1345 3972 1541 4035 αὐτοὺς
1615 3973 1915 4046 πέμπτους,

269 4067 308 4137 ἦ
333 4069 423 4123 καὶ
479 4063 672 4128 ἓκτους
721 4063 943 4140 φίλους,
973 4063 1240 4138 στιχίζειν
1289 4059 1348 4118 δὲ
1378 4063 1615 4126 ἅπαντας
1645 4061 1788 4126 ἔνθεν
1822 4062 1918 4115 κά-

271 4160 442 4213 κεῖθεν
513 4156 648 4210 κατὰ
722 4155 820 4223 τήν
903 4153 1248 4228 ἁρμόζουσαν
1304 4158 1402 4220 τῆς
1455 4151 1656 4221 τάξεως
1714 4150 1920 4222 ἑκάστῳ

272 4243 446 4318 δόξαν.
480 4245 616 4303 Ἀπὸ
665 4241 724 4299 δὶ
767 4245 867 4311 τῆς
917 4243 1156 4304 στάσεως
1207 4245 1315 4296 τῶν
1359 4239 1663 4316 λεχθέντων
1710 4237 1916 4294 τούτων

270 4335 532 4410 στιχίζειν
579 4331 738 4397 αὖθις
785 4330 928 4396 ἔνθεν
981 4330 1224 4394 κάκεῖθεν
1272 4331 1398 4391 τοὺς
1445 4328 1552 4383 ἀπὸ
1587 4335 1688 4397 τῆς
1719 4328 1922 4398 τάξεως

2027 3189 2384 3249 senatorum,
2415 3181 2487 3235 ad
2521 3179 2757 3251 triginta
2786 3196 2920 3247 sex;
2967 3182 3260 3251 Agarenos
3290 3179 3438 3235 bello
3468 3185 3667 3251 captos

2027 3285 2058 3324 e
2091 3286 2296 3340 magno
2338 3269 2605 3339 praitorio
2644 3268 2960 3324 octodecim
2990 3277 3042 3322 et
3080 3268 3319 3324 totidem
3349 3271 3666 3324 amicorum

2027 3370 2058 3410 ο
2081 3355 2350 3426 Bulgaria
2372 3355 2652 3411 homines.
2673 3355 2789 3410 Hos
2813 3357 3197 3422 introducere,
3218 3363 3294 3424 et,
3322 3356 3666 3428 priusquam

2026 3442 2338 3510 introeant,
2372 3444 2628 3498 seriatim
2673 3444 2978 3510 disponere
3031 3451 3274 3515 oportet.
3327 3446 3434 3508 Qui
3481 3463 3668 3500 aurea:

2026 3546 2202 3586 sacras
2237 3547 2450 3586 mensa:
2478 3531 2768 3602 splendidi
2820 3537 2960 3586 sunt
2999 3533 3267 3597 convivae,
3318 3533 3401 3586 illi
3451 3534 3573 3588 suis
3605 3533 3667 3588 in

2027 3619 2357 3674 mutatoriis
2387 3625 2444 3675 et
2475 3619 2688 3675 tunicis
2717 3621 2955 3675 intrant.
2982 3626 3054 3673 At
3082 3621 3309 3687 Bulgari
3344 3622 3510 3675 amici
3539 3627 3664 3690 post

2025 3707 2266 3763 classem
2299 3712 2684 3779 strategorum
2718 3709 2826 3762 sub
2877 3709 3132 3764 secundo
3185 3709 3368 3762 missu
3412 3709 3666 3764 introvo-

2024 3809 2230 3854 cantur
2259 3801 2328 3855 ad
2381 3801 2680 3856 sinistram
2723 3816 2898 3856 sacrae
2959 3817 3170 3855 mensae
3232 3801 3502 3871 plagam;
3551 3817 3664 3871 quo

2025 3889 2212 3960 quinti
2256 3893 2353 3944 aut
2392 3891 2532 3944 sexti
2575 3890 2725 3944 inter
2765 3890 2984 3944 amicos
3026 3891 3143 3944 sint
3175 3889 3527 3961 [ferculaque
3559 3906 3664 3945 sua

2024 3978 2229 4051 quinto
2253 3982 2354 4034 aut
2373 3983 2530 4033 sexto
2555 3980 2678 4032 loco
2701 3978 3027 4049 accipiant].
3053 3981 3265 4034 Omnes
3288 3984 3478 4031 autem
3503 3980 3661 4049 prius

2023 4068 2081 4122 in
2113 4067 2374 4122 ordinem
2407 4066 2750 4136 disponendi
2780 4068 2846 4120 ad
2874 4068 3131 4120 dextram
3160 4071 3216 4119 et
3239 4064 3536 4119 sinistram
3571 4082 3660 4119 se—

2022 4157 2278 4213 cundum
2315 4171 2632 4225 congruum
2666 4157 2878 4225 cuique
2910 4170 3077 4208 suum
3111 4155 3374 4219 gradum.
3417 4154 3494 4207 Ab
3528 4154 3663 4207 isto-

2022 4262 2150 4300 rum
2184 4246 2434 4300 statione
2465 4245 2598 4298 inde
2625 4260 2788 4312 porro
2805 4259 3010 4297 rursus
3031 4243 3334 4297 ordinandi
3371 4249 3660 4296 suntcau-

2022 4335 2339 4389 dictatorum
2358 4332 2653 4387 ordiniset
2669 4331 3007 4386 interiorum
3036 4331 3322 4394 homines,
3344 4327 3659 4382 collocandi

269 4427 376 4479 τῶν
436 4419 770 4477 κανδιδάτων
824 4421 913 4477 καὶ
943 4420 1238 4494 κατωτέρω
1294 4419 1433 4494 πρὸς
1477 4418 1539 4472 τὸ
1587 4419 1908 4485 καθεσθῆναι

276 4511 290 4524 ς
342 4511 356 4524 ι
439 4515 464 4524 ς-
552 4510 566 4524 ο
691 4511 702 4524 ι
858 4505 911 4524 hi
1176 4507 1188 4524 1
1528 4511 1589 4524 ..υ
1683 4511 1737 4524 ιη
1788 4506 1801 4522 ι
1856 4502 1900 4524 δε

2032 4437 2230 4493 nempe
2253 4422 2322 4475 ad
2348 4421 2497 4474 duas
2519 4435 2586 4473 ex
2619 4425 2858 4486 utraque
2879 4425 3037 4488 parte
3067 4416 3350 4488 imperiali
3380 4419 3662 4482 proximas

273 4511 358 4566 ἐπὶ
397 4515 505 4566 τῶν
552 4510 822 4584 ἑκατέρων
854 4505 950 4563 δύο
991 4507 1302 4584 προκρίτων
1349 4511 1649 4583 τραπεζῶν.
1683 4506 1803 4560 Ἐπὶ
1854 4502 1912 4560 δὲ

2023 4512 2336 4569 nobiliores
2360 4525 2610 4565 mensas.
2641 4511 2722 4566 Ad
2751 4510 3002 4580 reliquas
3024 4509 3172 4563 duas
3190 4509 3662 4562 inlimasmensas

272 4604 390 4661 ταῖς
423 4599 755 4672 κατωτέραις
783 4595 1071 4672 τραπέζαις
1117 4596 1199 4653 δεῖ
1246 4598 1642 4671 προστιχίζειν,
1676 4594 1762 4650 ἐπὶ
1815 4595 1909 4667 μὲν

2032 4602 2464 4657 κοιτοόυουηιιιτ
2494 4599 2751 4653 seriatim
2784 4598 3070 4669 dispositi,
3106 4615 3138 4652 a
3168 4597 3405 4651 sinistra
3427 4599 3662 4668 quidem

269 4696 368 4759 τῆς
414 4687 465 4760 ἐξ
515 4686 794 4760 εὐωνύμου
853 4685 1048 4748 θέσεως
1091 4685 1218 4749 τοὺς
1268 4686 1320 4756 ἐξ
1353 4687 1595 4762 Ἀγάρων
1629 4683 1905 4756 δεσμίους,

270 4777 356 4834 ἰπὶ
389 4775 448 4833 δὲ
474 4783 575 4846 τῆς
614 4777 796 4850 ἑτέρας
825 4772 1098 4849 τραπέζης
1126 4774 1254 4837 τοὺς
1283 4779 1390 4828 τῶν
1443 4773 1616 4852 φίλων
1666 4774 1908 4848 Βουλγά-

272 4887 379 4943 ρων
425 4867 748 4942 ἀνθρώπους
795 4865 995 4926 πάντας
1028 4881 1044 4896 ⁶
1085 4863 1316 4940 εἰσάγειν
1386 4861 1443 4919 δὲ
1503 4863 1699 4928 αὐτοὺς
1746 4863 1910 4919 ἅπαν-

269 4975 364 5018 τας
411 4956 499 5011 καὶ
543 4953 748 5034 ἰξάγειν
795 4953 1002 5018 οὕτως·
1041 4951 1170 5016 τοὺς
1220 4953 1318 5026 μὶν
1367 4952 1473 5010 ἀπὸ
1519 4961 1621 5023 τῆς
1665 4951 1909 5027 συγκλή-

2017 4695 2175 4760 parte
2204 4691 2414 4757 captivi
2442 4689 2682 4757 Agareni
2706 4705 2720 4753 ;
2748 4704 2778 4739 a
2803 4688 2999 4741 deatra
3032 4702 3160 4739 vero
3181 4685 3409 4752 Bulgari
3432 4701 3656 4738 omnes.

2018 4778 2474 4832 Introducuntur
2505 4784 2697 4830 autem
2747 4781 2802 4828 et
2854 4777 3181 4829 educuntur
3226 4775 3306 4827 sic
3341 4790 3354 4828 :
3389 4770 3655 4823 senatorii

2017 4882 2217 4923 omnes
2247 4876 2298 4920 et
2331 4866 2625 4935 tagmatici
2658 4879 2753 4917 seu
2791 4863 3010 4917 militiae
3041 4860 3434 4917 comitatensis
3470 4875 3650 4924 magh

2017 4958 2237 5010 stratus
2267 4954 2324 5008 in
2357 4951 2484 5008 suis
2515 4951 2844 5008 mutatoriis
2871 4968 2885 5019 ;
2937 4949 3173 5021 Agareni
3213 4948 3271 5002 in
3302 4947 3566 5002 candidis
3599 4949 3655 5000 et

1628 5079 1868 5137 VABIIE
1906 5078 2202 5136 LECTION
2209 5077 2308 5134 ES.

339 5191 438 5238 ⁹-¹⁰
465 5196 650 5266 κτῆμα
679 5195 770 5260 8.,
801 5187 995 5264 κλῆμα
1023 5191 1148 5248 cod.
1180 5195 1239 5249 et
1266 5192 1359 5248 ed.

1303 5316 1501 5374 JOAN.
1540 5317 1688 5374 JAC.
1731 5315 1994 5373 REISKII
2031 5312 2612 5373 COMMENTARIUS.

343 5435 459 5507 (95)
491 5434 649 5493 Idem
681 5450 808 5491 esse
837 5437 1185 5507 putoatgue
1213 5430 1368 5507 πέριξ
1399 5430 1720 5507 ὶξῆςιείυιε
1749 5446 1916 5507 voces

272 5501 541 5578 in'unam
569 5501 923 5572 contractas,
953 5501 1420 5578 sibilanteeiisa,
1438 5501 1525 5562 ne
1550 5503 1574 5572 ξ
1609 5511 1723 5561 tam
1752 5501 1914 5561 brevi

272 5575 577 5633 intervallo
607 5581 930 5635 recnrreret
957 5584 1013 5634 et
1041 5591 1211 5634 aures
1238 5575 1490 5636 laederet.

2092 5430 2205 5502 (96)
2232 5429 2475 5502 Videtur
2501 5426 2622 5502 hac
2661 5441 2785 5502 vox_
2811 5423 3472 5502 suspicionemmovere
3504 5436 3578 5502 _ac
3609 5418 3658 5474 si

2023 5492 2198 5574 plura
2220 5497 2564 5571 pratoriain
2593 5497 2737 5553 urbe
2760 5492 3022 5553 fuissent.
3047 5497 3171 5562 Qua
3190 5496 3260 5552 de
3290 5509 3350 5551 re
3373 5492 3519 5550 mihi
3541 5507 3651 5548 non

2022 5575 2274 5632 constat.
