4088 6300
355 331 511 394 1399
1404 315 1953 380 CONSTANTINI
1999 317 2688 378 PORPHYROGENITI
3634 321 3666 380 1
3680 314 3836 379 .500

361 465 585 536 absque
613 460 776 517 zonis
808 455 1203 528 calceatique;
1240 451 1468 524 Bulgari
1522 450 1722 522 poprio
1755 449 1865 505 sibi
1894 465 2000 506 suo
2031 513 2033 521 ν

2149 469 2210 503 ου
2269 447 2471 512 πάντας
2527 451 2615 504 καὶ
2675 454 2785 506 τῶν
2841 450 3134 527 ταγμάτων
3199 451 3338 526 μετὰ
3391 456 3509 508 τῶν
3580 451 3835 509 οἰκείων

365 556 426 610 in
456 554 684 608 habitu.
707 550 948 622 Oportet
977 562 1146 618 porro
1171 544 1241 599 ad
1275 543 1633 597 musicorum
1655 555 2007 611 organorum

2144 537 2456 611 λλαξίμων,
2488 540 2614 601 τοὺς
2674 537 2732 594 δὲ
2790 541 3132 616 Ἀγαρηνοὺς
3180 541 3595 620 λευκοφὸρους,
3653 544 3836 614 ἀζώ-

357 640 783 699 intonationem
804 635 1121 700 attendere,
1138 639 1190 688 et
1212 632 1442 702 quando
1465 643 1700 684 carmen
1731 631 1857 682 tum
1877 627 2009 684 cani

2148 647 2238 691 ους
2289 629 2378 683 καί
2430 625 2878 701 ὑποδεδεμένους,
2909 630 3039 693 τοὺς
3085 629 3142 686 δὲ
3190 632 3539 708 Βουλγάρων
3576 633 3834 708 ἀνθρώ-

360 733 599 791 solitum
633 728 819 786 exorsi
859 725 1100 792 fuerint,
1133 737 1442 793 exsurgere
1466 721 1673 789 jubere
1704 733 1907 774 omnes
1938 718 2009 773 ad

2144 737 2253 780 εους
2315 719 2449 791 μετά
2505 723 2612 773 τῶν
2675 719 2890 774 οἰκείων
2946 719 3122 776 αὐτῶν
3185 723 3526 797 σχημάτων.
3597 728 3701 777 Δεῖ
3758 720 3834 776 δὲ

365 825 510 880 bene
569 818 824 876 dominis
865 813 1242 888 precandum,
1301 809 1751 881 chlamydesque
1782 823 2009 876 exuere,

2144 808 2404 884 προσέχειν
2436 809 2536 878 τὴν
2571 807 2873 886 έκφώνησιν
2925 811 3015 864 καὶ
3068 811 3354 888 ἀπηχησιν
3405 816 3527 866 τῶν
3592 833 3834 884 μουσι-

364 927 496 983 ςυεε
528 923 729 964 rursus
758 905 870 961 sub
918 905 1244 973 ingressum
1291 898 1507 955 missus
1557 897 1885 954 dulciorum
1919 897 2012 951 in-

363 999 633 1066 duendas,
667 1011 782 1068 quo
832 993 891 1048 in
923 993 1020 1062 iis,
1055 989 1289 1063 quando
1323 996 1548 1058 tempus
1577 985 1890 1042 excedendi
1923 1001 2015 1040 ve-

366 1090 540 1156 nerit,
574 1087 803 1143 abeant.
837 1085 917 1140 Eo
949 1090 1233 1154 tempore,
1267 1096 1382 1152 quo
1413 1077 1883 1149 consurgendum
1902 1080 2016 1143 est,

369 1183 595 1252 oportet
619 1177 856 1249 signum
877 1170 1290 1243 consurgendi,
1317 1169 1468 1240 quod
1501 1168 1814 1238 imperator
1839 1182 2016 1220 manu

371 1287 481 1326 sua
510 1269 630 1336 dat,
654 1266 980 1330 observare,
1013 1261 1307 1331 simulque
1337 1265 1649 1314 clamorem
1680 1257 1760 1312 ibi
1781 1257 2018 1312 adstan-

371 1357 448 1413 tis
479 1353 846 1421 cubicularii,
890 1356 948 1407 et
996 1349 1260 1423 protinus
1301 1362 1539 1417 surgere
1575 1345 1800 1416 jubere,
1845 1349 2021 1416 atque

372 1447 617 1502 educere
647 1441 915 1499 convivas
962 1439 1216 1510 primum
1267 1440 1521 1508 quatuor
1575 1450 1932 1502 mensarum,
1965 1438 2023 1490 et

374 1542 501 1606 post
530 1533 802 1604 exiguam
835 1527 1233 1599 interpositam
1269 1540 1490 1580 moram
1523 1523 1774 1594 reliquos
1818 1523 2021 1595 prima:

373 1627 432 1677 et
464 1635 707 1676 summa
734 1633 951 1672 mensae
973 1615 1341 1680 accubantes,
1374 1617 1434 1668 ut
1466 1613 1548 1668 sic
1573 1617 1855 1684 quotquot
1884 1629 2019 1668 con-

374 1709 660 1775 venerint,
714 1721 916 1761 omnes
953 1707 1177 1760 exeant.
1238 1703 1505 1758 Secundo
1555 1702 1647 1757 die
1696 1701 2024 1757 celebratur

2117 901 2227 952 κῶν
2261 897 2524 973 ὀργάνων,
2554 899 2646 952 καί
2697 898 2858 967 ἡνίκα
2889 899 2950 954 τὸ
3006 896 3267 973 ᾀδόμενον
3295 899 3400 976 ᾄσῃ
3455 901 3677 975 μέλος,
3711 902 3830 956 ἂν·

2123 991 2269 1056 ιστᾷν
2313 988 2550 1049 ἅπαντας
2595 986 2670 1049 εἷς
2719 987 2974 1061 εὐθυμίαν
3010 993 3118 1044 τῶν
3169 986 3446 1044 δεσποτῶν
3477 992 3583 1046 καί
3649 989 3826 1055 αὖθις

2119 1075 2214 1136 τὰς
2266 1075 2469 1130 ἑαυτῶν
2528 1073 2933 1142 έκδιδύσκεσθαι
2986 1075 3301 1152 χλαμύδας,
3345 1082 3436 1134 καί
3495 1081 3657 1154 μετὰ
3704 1089 3819 1149 τῆς

2122 1165 2354 1240 ἀφίξεως
2418 1168 2517 1219 τοῦ
2603 1164 2797 1239 μίνσου
2865 1170 2973 1222 τῶν
3032 1165 3299 1223 δουλκίων
3364 1167 3537 1223 πάλιν
3597 1169 3822 1232 ταύτας

2125 1247 2520 1326 ἀναλαμϐάνειν
2574 1255 2710 1329 πρὸς
2766 1257 2828 1310 τὸ
2883 1257 2995 1329 μετ’
3056 1255 3227 1311 αὐτῶν
3285 1256 3694 1332 ἐκπορεύεσθαι
3760 1258 3830 1313 ἓν

2123 1345 2194 1416 τῇ
2227 1341 2400 1397 αὐτῶν
2431 1341 2619 1416 ἐξόδῳ.
2654 1345 2739 1400 Ἑν
2771 1341 2829 1399 δὲ
2857 1343 2925 1419 τῇ
2968 1345 3107 1418 αὐτῇ
3154 1345 3434 1402 ἀναστάσει
3490 1345 3581 1402 δεῖ
3635 1368 3828 1422 προσ-

2128 1432 2270 1506 έχει)
2304 1432 2366 1486 τὸ
2399 1431 2458 1487 ἐκ
2492 1431 2786 1507 βασιλικῆς
2817 1434 3003 1508 χειρὸς
3032 1431 3315 1507 διδόμενον
3364 1443 3468 1506 τῆς
3521 1434 3822 1512 ὲγέρσεως

2128 1528 2350 1600 σχῆμα,
2397 1521 2488 1576 σὺν
2537 1522 2686 1594 αὐτῷ
2725 1519 2783 1577 δὲ
2830 1523 2920 1577 καὶ
2976 1524 3076 1593 τήν
3128 1523 3430 1602 έκφώνησιν
3485 1524 3595 1580 τοῖ’)
3659 1548 3822 1600 παρ-

2129 1617 2362 1672 εστῶτος
2425 1610 2532 1666 ἐκεῖ
2591 1607 3074 1687 κουϐικουλαρίου,
3127 1614 3218 1668 καί
3275 1613 3427 1677 αὖθις
3509 1613 3814 1688 ἐξανιπῷ

2129 1701 2220 1755 καί
2252 1702 2594 1775 προπέμπειν
2643 1700 2769 1763 τοὺς
2810 1705 2919 1756 τῶν
2953 1699 2997 1755 δ’
3045 1707 3324 1778 τραπεζῶν
3381 1704 3810 1777 κεκλημένους,

378 1799 656 1870 postfesta
695 1811 799 1850 seu
835 1807 1108 1862 magnum
1140 1795 1196 1846 et
1227 1790 1565 1861 primarium
1598 1788 1812 1843 festum
1863 1788 2016 1843 diem

2144 1790 2333 1864 μικρὸν
2375 1789 2650 1866 εἷ’ργοντας
2706 1790 2837 1852 τοὺς
2896 1790 3003 1846 ἅνω
3064 1789 3282 1867 φίλους,
3313 1794 3405 1848 καὶ
3463 1794 3562 1848 εἶθ’
3627 1793 3812 1857 οὕτως

379 1901 745 1957 consequens
776 1880 1067 1955 processio
1098 1880 1156 1934 in
1190 1881 1370 1934 edem
1403 1877 1736 1950 principum
1769 1881 1825 1933 et
1845 1878 2022 1932 Sanc-

382 1983 568 2031 torum
590 1970 1025 2045 Apostolorum;
1059 1983 1341 2039 sacroque
1372 1967 1564 2023 ofﬁcio
1595 1964 1903 2038 completo,
1937 1965 2021 2020 in-

379 2063 644 2119 stituitur
673 2059 995 2116 convivium
1020 2073 1196 2127 super
1225 2054 1515 2128 peculiare
1546 2059 1602 2110 et
1635 2055 1796 2128 priva
1827 2070 2030 2111 mensa

381 2153 442 2209 in
488 2167 696 2222 magno
732 2147 982 2205 triclinio
1031 2146 1378 2219 palatiorum
1407 2163 1420 2213 ;
1454 2145 1526 2200 ad
1558 2145 1712 2216 quod
1746 2143 2027 2200 invitandi

382 2240 545 2296 vobis
593 2241 733 2294 sunt
763 2235 1052 2308 magistri,
1087 2233 1399 2307 praepositi,
1435 2233 1586 2290 445
1628 2232 2026 2305 proconsules,

385 2327 632 2399 patricii,
665 2325 932 2396 strategi,
965 2323 1363 2394 metropolitm,
1394 2321 1691 2391 ofﬁciales,
1726 2325 2027 2394 protospa-

391 2417 592 2484 tharii,
623 2419 912 2481 asecretze,
969 2411 1333 2480 chartularii,
1381 2411 1671 2478 consules,
1703 2411 2025 2480 vestitores,

384 2503 694 2562 silentiarii
724 2509 777 2558 et
829 2501 1202 2573 magistratus
1262 2500 1558 2571 tagmatici
1603 2515 1706 2556 seu
1747 2499 2029 2555 militares

390 2591 822 2659 comitatenses,
854 2588 1169 2645 mutatoria
1198 2593 1515 2660 gestantes,
1559 2605 1662 2660 pro
1709 2590 2030 2660 capacitate

390 2695 622 2737 mensa.
659 2675 1120 2733 Introducuntur
1149 2681 1206 2732 et
1236 2675 1570 2731 educuntur
1598 2675 1654 2730 in
1684 2675 1806 2732 suis
1836 2684 2026 2732 muta-

387 2770 554 2827 toriis
611 2771 668 2824 et
711 2765 993 2834 camisiis,
1061 2766 1282 2839 absque
1341 2765 1744 2838 chlamydibus
1808 2770 2026 2822 tamen.

388 2861 646 2931 Tempus
671 2856 1098 2913 observandum
1136 2863 1242 2924 est,
1293 2871 1408 2927 quo
1463 2855 1739 2911 factiones
1770 2859 1896 2912 acta
1926 2872 2028 2912 seu

389 2949 614 3005 faustas
645 2945 1092 3003 acclamationes
1115 2960 1386 3016 peragere
1414 2948 1470 3000 et
1499 2945 1767 3000 dominos
1791 2943 2031 3002 laudare

390 3035 780 3107 incipiunt.Eo
805 3039 1061 3104 tempore
1083 3033 1363 3087 debemus
1383 3032 1641 3088 convivis
1664 3033 2031 3102 omnibus,ut

392 3129 633 3196 surgant
663 3129 720 3178 et
749 3123 860 3194 ipsi
898 3135 1126 3192 quoque
1158 3120 1273 3175 leni
1301 3136 1436 3175 voce
1465 3119 1640 3176 simul
1673 3136 1805 3176 cum
1829 3120 2030 3176 factio-

391 3212 568 3268 nibus
599 3209 848 3266 dominis
880 3207 1239 3276 benedicant,
1273 3209 1574 3280 imperare.

468 3498 658 3556 Tertio
687 3505 814 3569 post
849 3496 1066 3553 Pascha
1093 3495 1186 3552 die
1223 3495 1516 3568 peragitur
1554 3511 1780 3568 pagana
1810 3509 2034 3566 proces-

399 3590 485 3647 sio
515 3589 574 3644 in
608 3587 934 3643 mutatoriis
982 3587 1138 3641 intra
1183 3585 1464 3654 palatium
1520 3593 1575 3640 et
1613 3583 1943 3640 convivium
1973 3583 2033 3639 in

401 3676 859 3749 chrysotriclinio
878 3676 946 3731 ad
972 3675 1206 3731 modum
1231 3674 1404 3746 primi
1425 3673 1558 3730 diei.
1584 3676 1942 3744 Quapropter
1964 3673 2035 3727 ad

401 3781 634 3824 auream
666 3765 901 3836 quidem
935 3779 1195 3820 mensam
1239 3763 1523 3819 invitandi
1554 3762 1719 3818 nobis
1749 3766 1887 3817 sunt
1933 3761 2036 3818 ho-

407 3856 598 3913 mines
629 3853 849 3910 ordinis
876 3853 1307 3923 magistrorum,
1341 3851 1877 3924 patriciorum,etc.,
1902 3865 2034 3906 cum

413 3942 731 4000 domestico
780 3941 1111 3998 scholarum
1154 3945 1210 3996 et
1247 3939 1584 3996 hominibus
1615 3939 2035 4012 imperialibus,

403 4033 474 4088 ab
507 4031 707 4088 ordine
736 4029 872 4086 inde
902 4029 1617 4101 spatharocandidatorum
1641 4044 1828 4100 usque
1851 4029 1920 4082 ad
1953 4043 2040 4084 or-

405 4121 598 4178 dinem
632 4125 968 4190 stratorum,
1013 4138 1114 4194 pro
1153 4120 1467 4192 capacitate
1516 4135 1747 4187 mensae,
1780 4118 1947 4174 amici
1979 4117 2038 4172 in

405 4210 745 4266 universum
761 4208 1617 4282 triginta.Quosintroducimus
1637 4213 1696 4262 et
1716 4207 2036 4278 educimus,

407 4301 724 4358 senatorios
753 4301 990 4371 quidem
1010 4299 1164 4354 viros
1196 4298 1496 4370 campagia
1516 4301 1809 4369 gestantes
1841 4313 2043 4354 omnes

407 4390 467 4443 in
499 4389 620 4443 suis
637 4389 987 4453 mutatoriis,
1011 4389 1234 4460 absque
1264 4387 1516 4454 tunicis;
1550 4386 2042 4458 protospatharios

411 4485 600 4532 autem
632 4491 763 4530 cum
799 4477 1009 4546 speciis
1039 4481 1096 4530 et
1144 4476 1328 4532 russis
1359 4477 1547 4546 sagis;
1576 4475 1908 4546 imperiales
1938 4475 2044 4531 ho-

2137 1880 2626 1955 συνεξερχομένους
2700 1881 2956 1942 ἅπαντας.
3018 1880 3141 1937 Ἐπί
3217 1879 3274 1936 δὲ
3344 1889 3447 1951 τῆς
3535 1880 3814 1954 δευτέρας

2137 1968 2346 2043 ἡμέρας
2427 1967 2663 2024 τελεῖται
2766 1969 3057 2044 μεθέορτος
3157 1971 3479 2044 προέλευσις
3570 1969 3636 2026 ἐν
3722 1978 3812 2044 τῷ

2133 2064 2268 2131 σικῷ
2301 2061 2412 2133 (97)
2461 2063 2568 2112 τῶν
2629 2058 2940 2137 κορυφαίων
2995 2061 3086 2114 καὶ
3145 2061 3346 2137 Ἀγίων
3405 2061 3815 2119 Ἀποστόλων.

2133 2151 2234 2210 Καὶ
2277 2150 2676 2226 πληρουμένης
2724 2159 2824 2221 τῆς
2868 2153 3015 2228 ἱερᾶς
3064 2152 3434 2228 λειτουργίας,
3466 2155 3812 2229 προτίθεται

2131 2239 2443 2317 κλητώριον
2503 2241 2591 2298 ἐπὶ
2639 2241 2958 2312 ἀποκοπτῆς
2997 2243 3271 2317 τραπέζης
3313 2243 3363 2299 ἐν
3415 2248 3493 2315 τῷ
3553 2244 3814 2320 μεγάλῳ

2129 2330 2392 2406 τρικλίνῳ
2436 2335 2543 2388 τῶν
2606 2330 2908 2401 παλατίων,
2949 2331 3038 2387 καὶ
3101 2329 3183 2388 δεῖ
3232 2335 3378 2406 ἡμᾶς
3447 2333 3808 2409 εὐτρεπίζειν

2133 2419 2209 2482 εἰς
2269 2421 2596 2476 συνεστίασιν
2651 2425 2731 2493 τῷ
2792 2420 3009 2496 βασιλεῖ
3083 2421 3435 2498 μαγίστρους,
3486 2423 3815 2498 πραιποσέ-

2131 2531 2278 2580 τους,
2339 2513 2694 2580 ἀνθυπάτους,
2753 2511 3092 2586 πατρικίους.
3153 2512 3514 2590 στρατηγοὺς,
3569 2536 3808 2590 μητρο-

2132 2597 2384 2669 πολίτας,
2447 2597 2852 2678 ὀφφικιαλίους,
2928 2599 3470 2675 πρωτοσπαθαρίους,
3533 2603 3806 2676 ἀσηκρή-

2132 2707 2248 2757 τας,
2280 2685 2739 2762 χαρτουλαρίους,
2781 2687 3042 2760 ὓπάτους,
3094 2690 3448 2763 βεστητορας,
3503 2690 3807 2746 σιλεντιι-

2135 2775 2282 2848 ρίους
2351 2776 2440 2832 καὶ
2517 2775 2836 2850 ἀλλαξίμων
2903 2781 3010 2832 τῶν
3079 2784 3424 2854 ταγματικῶν
3497 2779 3805 2855 ἀρχόντων

2133 2868 2269 2921 κατὰ
2326 2868 2388 2922 τὸ
2446 2868 2614 2922 ποσὸν
2674 2868 2771 2937 τῆς
2819 2861 3090 2942 τραπέζης
3124 2889 3135 2900 ·
3189 2868 3421 2944 εἰσάγει)
3487 2867 3548 2925 δὲ
3590 2871 3810 2931 αὐτοὺς

2132 2953 2222 3008 καί
2281 2955 2488 3032 ἐξάγειν
2553 2956 2688 3028 μετὰ
2735 2959 2842 3010 τῶν
2900 2956 3112 3011 οἰκείων
3173 2956 3493 3031 ἀλλαξίμων
3542 2961 3640 3014 καὶ
3701 2982 3810 3014 κα-

2138 3043 2354 3116 μισίων,
2387 3042 2509 3098 ἄνευ
2553 3046 2744 3116 μέντοι
2803 3048 2910 3099 τῶν
2966 3046 3164 3100 ἑαυτῶν
3221 3045 3526 3122 χλαμύδων
3559 3069 3574 3080 ·
3619 3068 3808 3120 προσ-

2143 3131 2288 3203 έχειν
2319 3127 2376 3184 δὲ
2405 3135 2522 3193 τοῖς
2563 3130 2870 3209 εὐφημοῦσι
2924 3131 3146 3207 δήμοις,
3179 3135 3269 3190 καὶ
3324 3136 3480 3205 ἡνίκα
3537 3135 3810 3211 ἄρξονται

2144 3216 2460 3294 ἀκτολογεῖν
2510 3219 2636 3283 τοὺς
2695 3218 2982 3290 δεσπότας,
3016 3220 3098 3279 δεῖ
3125 3224 3390 3296 ἐξανιστᾷν
3431 3226 3636 3288 πάντας
3671 3228 3808 3289 τοὺς

2139 3305 2512 3380 κεκλημένους
2567 3310 2704 3384 πρὸς
2763 3312 2824 3365 τὸ
2871 3310 2960 3365 καὶ
3011 3310 3204 3373 αὐτοὺς
3253 3314 3465 3388 πραέως
3514 3335 3810 3394 συνευιρη-

2145 3401 2262 3471 μεῖν
2293 3395 2420 3460 τοὺς
2454 3395 2735 3462 δεσπότας.

2213 3490 2294 3561 Τῇ
2347 3483 2403 3541 δὲ
2447 3489 2604 3562 τρίτῃ
2657 3491 2836 3564 ἡμέρᾳ
2881 3497 2981 3560 τῆς
3014 3489 3179 3561 αὐτῆς
3217 3487 3517 3566 ἑϐδομάδος
3549 3493 3812 3552 τελεῖται

2143 3577 2358 3651 παγανὴ
2391 3575 2711 3650 προέλευσις
2759 3580 2894 3650 μετὰ
2939 3577 3328 3652 ἆλλαξιμάτων
3363 3577 3510 3637 ἔνδον
3559 3588 3660 3638 τοῦ
3694 3606 3810 3639 πα-

2145 3664 2357 3734 λατίου,
2385 3666 2475 3720 καὶ
2506 3663 2740 3722 τελεῖται
2771 3667 3083 3742 κλητώριον
3126 3667 3214 3724 ἐπὶ
3256 3671 3352 3726 τοῦ
3400 3674 3742 3748 χρυσοτρικλ
3757 3674 3809 3727 ί-

2146 3776 2239 3810 νου
2277 3756 2414 3810 κατὰ
2458 3755 2520 3811 τὸ
2585 3763 2779 3830 σχῆμα
2835 3764 2934 3828 τῆς
2994 3759 3218 3833 πρώτης
3279 3759 3511 3835 ἡμέρας.
3545 3763 3650 3819 Καὶ
3714 3761 3811 3819 δεῖ

2146 3847 2292 3916 ἡμᾶς
2334 3844 2666 3920 εὐτρεπίζειν
2699 3845 2774 3907 εἰς
2809 3845 3006 3912 κλῆσιν
3055 3845 3141 3902 ἐπὶ
3191 3851 3290 3917 τῆς
3340 3852 3549 3926 χρυσῆς
3588 3854 3803 3926 τραπέ-

2150 3938 2245 4004 ζης
2284 3933 2388 3988 ἀπὸ
2435 3936 2533 4002 τῆς
2587 3932 2788 4005 τάξεως
2826 3941 2932 3992 τῶν
2983 3938 3313 4012 μαγίστρων,
3358 3939 3658 4014 πατρικίων
3700 3942 3803 3996 καὶ

2151 4023 2358 4076 λοιπῶν
2392 4023 2483 4077 σὺν
2533 4027 2612 4094 τῷ
2659 4020 2963 4097 δομεστίκῳ
3001 4030 3108 4080 τῶν
3161 4026 3382 4102 σχολῶν
3435 4029 3524 4083 καὶ
3569 4030 3797 4104 βασιλι-

2149 4131 2256 4165 κων
2314 4111 2608 4186 ἀνθρώπων
2649 4112 2753 4168 ana
2796 4121 2895 4183 τῆς
2940 4115 3139 4187 τάξεως
3198 4119 3305 4170 τῶν
3356 4116 3796 4192 σπαθαροκανδι-

2152 4196 2324 4254 δάτων
2383 4199 2551 4280 μέχρι
2607 4209 2706 4272 τῆς
2754 4202 2953 4272 τάξεως
3008 4207 3115 4258 τῶν
3169 4206 3497 4281 στρατόρων,
3544 4209 3684 4263 κατὰ
3728 4208 3797 4263 τὸ

2151 4289 2316 4342 ποσὸν
2366 4291 2466 4353 τῆς
2504 4291 2779 4365 τραπέζης
2827 4290 3020 4368 φίλους
3069 4290 3155 4346 λ’·
3208 4293 3440 4372 εἰσάγειν
3487 4293 3544 4351 δὲ
3595 4296 3798 4358 αὐτοὺς

2152 4376 2240 4431 καὶ
2297 4376 2515 4451 ἐξάγειν,
2564 4381 2691 4440 τοὺς
2751 4381 2846 4453 μὶν
2897 4381 2999 4436 ὑπὸ
3051 4383 3361 4459 καμπάγιον
3409 4385 3609 4446 πάντας
3663 4388 3804 4460 μετὰ

2152 4471 2259 4522 τῶν
2293 4467 2512 4522 οἰκείων
2544 4467 3120 4542 ἀλλαξιμάτων,πλήν
3164 4473 3253 4526 καὶ
3312 4471 3574 4551 χλανίδος
3599 4495 3612 4510 '
3671 4477 3804 4540 τοὺς

411 4563 598 4619 mines
647 4575 778 4617 cum
839 4565 1255 4634 scaramangiis
1316 4569 1557 4620 tantum.
1615 4566 1702 4618 Ad
1754 4562 2033 4618 interiore:

2161 4555 2217 4612 δὲ
2263 4557 2783 4634 πρωτοσπαθαρίους
2835 4562 2970 4632 μετά
3026 4560 3258 4615 σπεκίων
3315 4562 3403 4617 καὶ
3461 4565 3644 4639 ῥωέων
3707 4589 3799 4622 σας

413 4656 605 4706 autem
664 4658 913 4722 quatuor
962 4652 1246 4705 fornicum
1298 4667 1530 4708 mensas
1576 4651 1859 4706 invitandi
1908 4657 2048 4708 sunt

412 4738 747 4809 imperiales
778 4737 1094 4805 candidati,
1119 4739 1490 4795 mandatores
1508 4744 1566 4795 et
1587 4738 1839 4796 minores
1871 4740 2047 4812 magi-

413 4832 630 4884 stratus
644 4826 864 4883 ordinis
885 4825 1305 4893 scholarum,in
1322 4829 1654 4884 universum
1679 4829 2049 4900 septuaginta

413 4918 550 4973 duo.
582 4917 1045 4972 Introducuntur
1067 4919 1125 4969 et
1156 4914 1216 4968 hi
1237 4931 1370 4969 cum
1403 4917 1525 4972 suis
1555 4919 1969 4991 scaramangiis
1991 4921 2049 4973 et

417 5005 762 5062 mutatoriis.
791 5007 1004 5072 Quarto
1062 5002 1156 5059 die
1207 5003 1467 5073 ejusdem
1518 5005 1861 5062 universalis
1905 5005 2047 5080 regii

415 5097 658 5154 convivii
689 5097 986 5169 peragitur
1009 5094 1298 5169 processio
1327 5109 1534 5149 rursus
1567 5109 1794 5166 pagana
1822 5097 1880 5150 in
1914 5112 2047 5150 mu-

2150 4646 2318 4722 γίων·
2367 4646 2493 4708 τοὺς
2535 4645 2590 4701 δὲ
2641 4645 2959 4722 βασιλικοὺς
3020 4649 3154 4721 μετᾶ
3199 4654 3308 4705 τῶν
3362 4657 3793 4730 σκαραμαγγίων

2149 4735 2237 4788 καὶ
2272 4735 2454 4806 μόνον.
2494 4734 2614 4791 Ἐπὶ
2647 4733 2704 4790 δὲ
2731 4741 2849 4798 ταῖς
2885 4738 3036 4792 κάτω
3083 4736 3333 4814 τέσσαρσι
3378 4746 3488 4796 τῶν
3530 4749 3790 4817 καμαρῶν

2149 4824 2435 4898 τραπέζαις
2486 4822 2570 4880 δεῖ
2627 4828 2774 4899 ἡμᾶς
2831 4827 3114 4900 συγκαλεῖν
3170 4827 3488 4903 βασιλικοὺς
3536 4831 3790 4889 κανδιδεὶ-

2150 4936 2275 4978 τους
2306 4917 2393 4971 καὶ
2437 4915 2773 4992 μανδάτορας
2815 4917 2904 4972 καὶ
2953 4918 3182 4993 μικροὺς
3230 4918 3498 5000 ἄρχοντας
3532 4929 3630 4979 τοῦ
3659 4928 3786 5001 τάγ-

2156 5025 2320 5077 ματος
2352 5009 2458 5060 τῶν
2490 5005 2735 5081 σχολῶν,
2761 5008 2852 5062 τὸν
2878 5008 3108 5082 ἀριθμὸν
3155 5009 3240 5084 οβ’
3264 5029 3276 5042 ο
3327 5010 3558 5088 εἰσάγειν
3602 5011 3658 5068 δὲ
3691 5014 3782 5069 αὖ·

2150 5093 2277 5156 τοὺς
2312 5095 2444 5159 μετὰ
2473 5099 2578 5150 τῶν
2613 5095 2824 5151 οἰκείων
2873 5098 3292 5172 σκαραμαγγίων
3340 5100 3431 5154 καὶ
3481 5100 3777 5175 ἀλλαξιμα-

1455 5190 1648 5248 ΙΟΛΝ.
1688 5191 1832 5247 JAC.
1879 5193 2137 5249 REISKII
2175 5193 2753 5252 COMMENTARIUS.

485 5294 600 5363 (97)
629 5292 752 5348 Vox
782 5293 901 5348 hec
929 5292 1176 5349 vetustis
1209 5291 1421 5349 Graecis
1451 5290 1567 5363 fere
1589 5292 1817 5345 tantum
1859 5290 1930 5363 de
1957 5306 2052 5344 sa-

416 5361 550 5419 cello
584 5361 928 5431 dicebatur,
974 5364 1136 5418 novis
1185 5364 1359 5418 etiam
1407 5362 1724 5418 maximum
1783 5361 2052 5433 quodque

418 5433 697 5504 templum
731 5440 838 5489 est.
874 5429 978 5501 Ita,
1013 5438 1076 5488 ut
1117 5434 1188 5488 de
1234 5435 1429 5488 multis
1462 5434 1664 5489 saltem
1691 5429 1882 5504 unum
1913 5429 2052 5504 alie-3

418 5499 573 5578 gem',
635 5505 788 5575 apud
846 5499 1070 5578 Scylﬁitz.
1131 5521 1192 5578 Ρ.
1267 5506 1366 5578 821
1431 5521 1443 5559 :
1502 5505 1562 5578 Ὁ
1621 5501 1894 5578 μέγιστος
1960 5499 2048 5554 καὶ

419 5572 743 5651 περίπυστος
775 5579 873 5641 τῆς
901 5572 1159 5651 τοῦγΘεοῢ
1183 5574 1380 5651 Σοφίας
1415 5573 1598 5651 σηκός.
1619 5572 1762 5651 '_I‘af_n
1791 5577 2049 5651 frequen-

419 5643 499 5698 tis
527 5647 678 5698 certe
729 5649 848 5698 tum
900 5650 1022 5700 erat
1073 5660 1236 5712 usus,
1273 5643 1350 5702 'ut
1395 5645 1569 5701 etiam
1621 5646 1802 5700 Latini
1836 5662 1865 5700 a
1896 5645 2044 5702 Grie-

2162 5291 2247 5368 _cis
2273 5294 2776 5368 assumerent:_Du
2821 5292 3013 5368 _Can_ge
3059 5310 3109 5368 ν.
3134 5295 3366 5368 ηςὶσειιδ,
3398 5297 3454 5353 id
3486 5303 3569 5354 est
3596 5297 3783 5368 σηκός,

2160 5361 2318 5418 hunc
2351 5363 2539 5418 locum
2574 5380 2603 5418 e
2626 5363 2906 5438 Chronico
2929 5361 3407 5438 Magdeburgen’si
3427 5370 3568 5424 citat
3590 5387 3604 5425 :
3625 5361 3783 5428 duces

2159 5448 2222 5487 ac
2248 5438 2633 5510 prefectoram
2657 5435 2933 5510 principes
2961 5452 3084 5510 cum
3113 5435 3282 5510 manu
3308 5440 3624 5510 principum
3651 5458 3785 5497 εοη-

2155 5505 2380 5627 gregati
2407 5508 2465 5559 in
2495 5508 2635 5585 sicco
2667 5507 2928 5588 [hoc-est
2969 5506 3026 5560 in
3085 5505 3326 5590 aedicula
3381 5509 3468 5567 vel
3489 5505 3780 5586 'oratorio]

2192 5575 2403 5627 (mlum
2431 5575 2609 5627 Maam
2641 5576 2821 5627 Caroli
2850 5576 3164 5627 cohaerentz-

2192 5575 2403 5630 «tilica:
2431 5575 2610 5645 Magni
2641 5576 2824 5633 Caroli
2850 5576 3164 5635 achaei-cuti.
