4080 6300
247 451 399 515 1401

1088 454 1189 515 DE
1232 455 1684 518 CERIMUNIIS
1728 454 1964 518 AULIE
2003 455 2476 518 BYZANTlNzE
2521 455 2666 518 LIB.
2713 457 2802 519 ll.

3491 459 3646 520 1403

249 604 380 641 των.
434 585 516 657 Τῇ
575 581 634 638 δὲ
688 585 919 661 τετάρτῃ
959 587 1140 661 ἡμέρᾳ
1175 595 1278 659 τῆς
1335 589 1504 658 αὐτῆς
1538 588 1779 666 εὐωχίας
1804 607 1877 643 τε·

2005 591 2231 648 tatoriis
2261 591 2414 648 intra
2443 591 2803 666 palatiam,et
2823 590 3276 648 introducantur
3293 590 3647 664 photismata

251 669 424 728 λεῖται
467 670 674 744 ὁμοίως
705 671 1030 746 ’προέλευσις
1067 677 1279 750 παγανή
1325 676 1460 749 μετὰ
1503 674 1890 747 ἀλλαξιμάτων

254 756 411 815 ἔνδον
443 763 540 816 τοῦ
563 759 858 828 παλατίου,
890 761 980 816 καὶ
1003 762 1300 838 εἰσάγονται
1332 765 1398 818 τὰ
1429 763 1753 837 φωτίσματα
1781 765 1890 837 (98)

251 849 354 905 ὑπὸ
381 853 478 904 τοῦ
502 849 912 928 ὀρφανοτρὸφου
943 854 1076 925 (99),
1099 853 1188 908 καὶ
1225 854 1312 908 καὶ
1336 851 1573 909 τελεῖται
1595 853 1656 908 τὸ
1677 852 1894 923 κλητώ-

251 959 365 1013 ριον
398 938 544 1011 ἐντῷ
568 940 717 1012 αὐτῷ
747 940 1190 1017 χρυσοτρικλίνῳ
1219 941 1310 998 ἐπὶ
1347 950 1447 1013 τῆς
1497 949 1707 1018 χρυσῆς
1755 961 1894 1015 τρα-

247 1029 415 1100 πέζης
449 1031 547 1102 (1).
594 1029 700 1085 Καὶ
759 1027 842 1084 δεῖ
887 1033 1035 1104 ἡμᾶς
1079 1032 1407 1108 εὐτρεπίζειν
1444 1033 1518 1096 εἰς
1562 1031 1891 1087 συνεστίασιν

242 1121 348 1172 τῶν
413 1115 683 1191 βασιλέων
743 1118 958 1195 φίλους,
998 1121 1104 1177 ἀπὸ
1158 1128 1258 1192 τῆς
1316 1123 1518 1192 τάξεως
1576 1125 1684 1176 τῶν
1723 1119 1891 1196 μαγί-

247 1227 448 1282 στρων,
506 1208 809 1283 πατρικίων
868 1208 960 1265 σὺν
1011 1215 1108 1266 τοῦ
1165 1209 1490 1286 δομεστίκου
1547 1215 1655 1267 τῶν
1712 1211 1891 1282 έξκουο

243 1293 409 1354 ϐἱτων
449 1297 538 1354 καὶ
571 1302 680 1355 τῶν
738 1298 903 1355 αὐτοῦ
955 1297 1258 1376 σκριϐόνων
1327 1301 1465 1358 κατὰ
1535 1307 1626 1358 τὸν
1682 1301 1889 1376 προλε-

243 1389 443 1467 χθέντα
499 1388 699 1458 τύπον,
761 1389 851 1444 καὶ
933 1390 1161 1466 εἰσάγειν
1229 1392 1429 1453 αὐτοὺς
1497 1393 1587 1448 καὶ
1656 1391 1884 1468 ἐξάγειν,

245 1478 384 1534 καθά
439 1476 676 1552 εἴρηται.
727 1479 852 1536 Ἐπὶ
913 1476 970 1535 δὲ
998 1485 1114 1543 ταῖς
1146 1482 1281 1537 κατὰ
1319 1485 1428 1538 τῶν
1459 1485 1720 1558 καμαρῶν
1749 1500 1886 1555 τρα-

238 1568 430 1636 πέζαις
462 1563 543 1622 δεῖ
572 1567 719 1640 ἡμὰς
773 1568 1058 1646 συγκαλεῖν
1107 1570 1168 1626 ἐκ
1205 1576 1315 1627 τῶν
1361 1570 1666 1647 λεχθέντων
1730 1571 1882 1647 βασι-

239 1653 412 1711 λικῶν
464 1655 766 1730 ἀνθρώπων
825 1660 1050 1714 καὶτῶν
1084 1665 1292 1734 μικρῶν
1324 1660 1606 1736 ἀρχόντων
1663 1664 1759 1715 τοῦ
1798 1658 1882 1729 ἒξ-

235 1739 502 1802 κουϐίτου
557 1745 650 1800 τὸν
717 1746 947 1822 ἀριθμὸν
981 1750 1083 1823 οβ’,
1129 1750 1218 1804 καὶ
1245 1749 1479 1826 εἰσάγειν
1511 1749 1705 1810 αὐτοὺς
1744 1749 1879 1804 κατὰ

237 1834 333 1889 τὸν
391 1833 772 1909 προλεχθέντα
798 1837 988 1893 τύπον.
1039 1841 1118 1912 Τῇ
1153 1835 1208 1894 δὲ
1264 1840 1485 1914 πέμπτῃ
1548 1838 1730 1915 ἡμέρᾳ
1779 1846 1879 1910 τῆς

2006 687 2128 750 [seu
2160 682 2323 754 pueri
2356 681 2602 754 orphani
2631 682 2690 738 in
2714 681 2866 738 albis
2890 680 3340 752 baptismalibus
3371 681 3644 750 indusiis,

2001 787 2194 828 cereos
2224 772 2508 844 tenentes]
2550 771 2620 827 ab
2670 770 3165 842 orphanotropho,
3223 772 3280 824 et
3318 769 3648 827 instituitur

1999 861 2328 917 convivium
2358 862 2418 918 ia
2448 860 2571 934 ipso
2603 857 3040 931 chrysotriclino
3063 873 3242 930 super
3269 873 3440 914 aurea
3472 861 3646 915 tabu-

2000 949 2094 1018 la;
2127 951 2197 1004 ad
2231 951 2384 1022 quod
2417 949 2696 1006 invitandi
2722 948 2890 1004 nobis
2907 951 3042 1004 sant
3073 945 3244 1002 amici
3278 946 3644 1018 imperatoris

1999 1039 2070 1094 ab
2107 1039 2308 1094 ordine
2349 1039 2484 1094 inde
2515 1038 2931 1110 magistrorum
2973 1043 3028 1092 et
3071 1036 3155 1092 sic
3187 1051 3358 1108 porro
3389 1038 3643 1108 patricii,

1997 1127 2352 1184 domesticus
2381 1128 2782 1183 excubitorum
2823 1127 3068 1198 ejusque
3099 1125 3396 1181 scribones
3429 1142 3642 1183 secun-

1997 1218 2130 1274 dum
2159 1215 2470 1274 formulam
2503 1217 2922 1288 praescriptam,
2953 1231 3170 1288 eosque
3199 1220 3422 1287 oportet
3466 1217 3638 1273 modo

1985 1304 2110 1376 jam
2139 1305 2292 1361 dicto
2323 1304 2690 1360 introducere
2727 1307 2786 1359 et
2817 1304 3077 1360 educere.
3113 1304 3198 1359 Ad
3243 1319 3476 1360 mensas
3507 1320 3638 1360 vero

1993 1392 2296 1449 inferiores
2338 1393 2449 1449 sub
2496 1391 2818 1448 fornicibus
2869 1391 3179 1447 collocatas
3221 1408 3501 1449 vocamus
3529 1392 3644 1448 ho-

1996 1483 2184 1539 mines
2213 1483 2586 1554 septuaginta
2615 1482 2730 1538 duo
2762 1481 2832 1537 de
2873 1479 3074 1537 ordine
3104 1482 3420 1537 eorundem
3451 1482 3644 1553 impe-

1992 1571 2226 1628 rialium
2259 1571 2562 1627 hominum
2589 1575 2647 1627 et
2676 1570 2970 1626 minorum
3003 1569 3453 1642 magistratuum
3475 1587 3643 1626 excu~

1991 1661 2266 1718 bitorum.
2299 1661 2485 1717 Etiam
2534 1659 2595 1715 hi
2642 1660 2797 1715 dicto
2851 1659 3022 1716 modo
3081 1659 3534 1715 introducantur
3585 1662 3644 1714 et

1989 1751 2338 1808 educuntur.
2399 1750 2612 1815 Quinto
2660 1749 2754 1805 die
2797 1748 3063 1820 ejusdem
3115 1746 3466 1803 universalis
3497 1747 3642 1819 regii

1988 1840 2233 1898 convivii
2264 1840 2499 1896 advenit
2542 1837 2868 1911 patriarcha
2917 1852 3050 1892 cum
3083 1835 3208 1892 suis
3253 1835 3640 1907 metropolitis

235 1921 408 1991 αὐτῆς
455 1919 742 1984 πανδεσίας
792 1923 1094 2000 εἰσέρχεται
1139 1927 1167 1980 6
1215 1926 1562 2003 πατριάρχης
1609 1927 1745 2001 μετὰ
1772 1932 1877 1982 τῶν

1995 1931 2068 1988 ad
2101 1930 2363 1986 dandum
2395 1927 2732 2000 imperatori
2761 1941 2979 1999 agapen
3011 1941 3115 1981 seu
3147 1923 3410 1980 osculum
3453 1923 3642 1995 pacis,

231 2012 402 2067 αὐτοῦ
463 2012 887 2087 μητροπολιτῶν
952 2011 1137 2070 δοῦναι
1221 2015 1437 2093 ἀγάπην
1508 2021 1587 2090 τῷ
1644 2016 1877 2092 βασιλεῖ,

232 2101 326 2156 καὶ
365 2100 600 2157 τελεῖται
657 2101 978 2176 προέλευσις
1017 2106 1234 2181 παγανὴ
1269 2102 1338 2159 δι’
1366 2104 1687 2179 ἀλλαξίμων
1727 2103 1878 2160 ἔνδον

231 2193 330 2245 τοῦ
361 2187 653 2263 παλατίου,
684 2193 775 2246 καὶ
835 2193 1212 2268 συγκαθέζεται
1269 2198 1348 2266 τῷ
1383 2195 1601 2269 βασιλεῖ
1627 2195 1702 2258 είς
1762 2217 1880 2250 συν-

234 2277 469 2334 εστίασιν
518 2280 547 2334 6
603 2281 954 2360 πατριάρχης
1007 2279 1094 2336 ἔπὶ
1150 2289 1251 2352 τῆς
1306 2282 1624 2353 ἀποκοπτῆς
1667 2291 1877 2359 χρυσῆς

227 2367 505 2442 τραπέζης
555 2370 612 2423 ἓν
663 2374 743 2424 τῶ
777 2370 994 2444 χρυσέῳ
1043 2369 1332 2445 τρικλίνῳ,
1362 2371 1451 2427 καὶ
1497 2369 1580 2427 δεῖ
1609 2375 1756 2446 ἡμᾶς
1787 2373 1882 2430 εὐ-

230 2456 500 2531 τρεπίζειν
541 2458 630 2514 ἐπὶ
665 2461 760 2532 μὲν
807 2466 905 2529 τῆς
955 2468 1167 2537 χρυσῆς
1197 2463 1489 2538 ⁵τραπέζης
1544 2462 1740 2541 φίλους
1773 2465 1878 2520 ἀπὸ

234 2547 333 2619 μὶν
373 2550 480 2603 τῶν
529 2548 955 2623 μητροπολιτῶν
1010 2551 1064 2622 ι’,
1116 2552 1207 2606 καὶ
1253 2552 1360 2607 ἀπὸ
1415 2556 1524 2607 τῶν
1579 2552 1878 2628 βασιλικῶν

227 2631 612 2712 πρεσϐυτέρῶν
666 2642 764 2694 τοῦ
823 2637 1090 2696 παλατίου
1151 2638 1228 2710 ἕξ,
1277 2642 1368 2696 καὶ
1400 2642 1744 2716 ἡγουμένους
1773 2647 1880 2698 τῶν

242 2724 541 2799 βασιλικῶν
597 2728 980 2802 μοναστηρίων
1045 2730 1134 2806 ιβ’.
1189 2729 1419 2805 εῗσάγειν
1464 2728 1520 2786 δὲ
1559 2731 1760 2795 αὐτοὺς
1790 2734 1880 2787 καὶ

236 2812 438 2889 ἐξάγειν
482 2813 677 2877 οὕτως’
717 2817 844 2877 τοὺς
932 2816 1026 2890 μὲν
1103 2816 1518 2894 μητροπολίτας
1573 2820 1707 2894 μετὰ
1771 2826 1878 2876 τῶν

243 2901 459 2957 οἰκείων
497 2901 909 2978 ἀλλαξιμάτων,
941 2905 1087 2977 πλὴν
1127 2911 1234 2962 τῶν
1285 2907 1642 2984 ὠμοφορίων,
1667 2908 1796 2973 τοὺς
1825 2908 1883 2964 δὲ

241 2989 637 3070 πρεσϐυτέρους
683 2995 820 3070 μετὰ
873 2999 980 3051 τῶν
1038 2995 1245 3054 λευκῶν
1307 2999 1616 3076 φελωνίων,
1647 2999 1775 3063 τοὺς
1825 2998 1884 3056 δὲ

239 3083 572 3158 ἡγουμένους
602 3082 917 3150 καίαὐτοὺς
959 3087 1094 3160 μετὰ
1135 3091 1243 3143 τῶν
1293 3088 1506 3144 οἰκείων
1565 3087 1742 3145 αὐτῶν
1787 3111 1884 3165 φε-

237 3169 470 3229 λωνίων.
502 3174 628 3229 Ἐπὶ
674 3171 731 3228 δὲ
758 3180 866 3231 τῶν
895 3175 1042 3232 κάτω
1086 3183 1368 3252 τραπεζῶν
1421 3175 1504 3234 δεῖ
1558 3180 1706 3253 ἡμὰς
1751 3200 1884 3257 συγ-

237 3257 426 3313 καλεῖν
461 3261 568 3314 ἀπὸ
593 3265 700 3314 τῶν
737 3263 1035 3335 βασιλικῶν
1068 3263 1354 3338 κληρικῶν
1387 3267 1492 3322 ἀπὸ
1530 3275 1632 3337 τῆς
1675 3269 1875 3343 τάξεως

1993 2021 2408 2093 peragiturqae
2469 2032 2700 2090 pagana
2767 2013 3059 2088 processio
3119 2013 3274 2070 460
3327 2013 3386 2068 in
3443 2015 3640 2067 mata-

1987 2110 2153 2167 toriis
2190 2110 2344 2166 intra
2398 2107 2682 2180 palatium
2721 2122 2737 2162 :
2771 2105 3105 2176 assidetque
3157 2101 3493 2176 patriarcha
3526 2101 3638 2158 im-

1988 2199 2239 2271 peratori
2289 2197 2525 2254 conviva
2581 2197 2654 2252 ad
2696 2193 3054 2268 peculiarem
3096 2207 3332 2249 auream
3365 2206 3634 2247 mensam

1989 2289 2047 2344 in
2082 2286 2527 2358 chrysotriclino
2563 2301 2575 2341 :
2609 2289 2668 2340 et
2715 2281 3001 2340 invitandi
3050 2281 3216 2337 nobis
3265 2284 3402 2335 sunt
3431 2281 3504 2335 ad
3537 2295 3636 2334 aa-

1988 2395 2144 2435 ream
2176 2377 2414 2450 quidem
2448 2390 2712 2431 mensam
2751 2372 2945 2440 amici,
2996 2370 3380 2443 metropolitta
3409 2371 3632 2438 decem,

1988 2466 2306 2541 presbyteri
2339 2465 2578 2537 palatini
2599 2479 2700 2520 sex
2731 2468 2787 2520 et
2819 2461 3124 2518 duodecim
3157 2459 3473 2532 hegumeni
3506 2475 3636 2515 mo-

1988 2555 2375 2614 nasteriorum
2423 2553 2840 2626 imperialium,
2872 2552 2974 2623 qui
3011 2549 3096 2607 sic
3135 2549 3588 2604 introducantur
3621 2563 3636 2604 :

1989 2643 2371 2718 metropolitis
2401 2645 2461 2700 in
2492 2643 2620 2699 suis
2643 2641 2996 2708 mutatoriis,
3021 2642 3225 2712 praeter
3253 2637 3599 2709 omophoria
3623 2654 3638 2705 ;

1991 2735 2309 2808 presbyteri
2340 2750 2474 2792 cum
2497 2732 2648 2789 albis
2672 2731 2990 2804 pheloniis;
3017 2727 3330 2801 hegumeni
3349 2743 3485 2784 cum
3508 2727 3635 2784 suis

1991 2825 2103 2882 sibi
2135 2823 2386 2896 propriis
2411 2820 2720 2894 pheloniis.
2746 2822 2826 2875 Ad
2847 2818 3150 2874 inferiores
3181 2820 3378 2872 autem
3404 2831 3642 2872 mensas

1992 2913 2310 2970 invitemus
2340 2910 2592 2968 delectos
2619 2909 2860 2965 clericos
2891 2907 3180 2977 palatinos
3199 2907 3271 2960 ab
3293 2904 3494 2960 ordine
3518 2904 3640 2960 dia-

1991 3018 2269 3059 conorum
2301 3001 2436 3057 inde
2463 3004 2522 3056 et
2540 2999 2624 3055 sic
2655 3013 2827 3070 porro
2857 2995 3160 3051 inferiores
3189 2993 3424 3049 ordines
3451 2997 3511 3048 et
3539 3008 3633 3048 se-

1991 3092 2134 3148 creti
2165 3089 2506 3164 patriarchae
2530 3087 2785 3161 papades
2815 3101 2917 3142 seu
2951 3082 3284 3152 monachos,
3316 3081 3380 3138 in
3411 3081 3638 3138 univer-

1992 3196 2192 3237 sum...
2218 3179 2291 3235 Hi
2335 3180 2475 3235 solis
2521 3178 2582 3232 in
2633 3176 2755 3232 suis
2799 3173 3059 3231 camisiis
3106 3171 3558 3228 introducantur
3583 3176 3639 3226 et

1993 3271 2062 3327 ed
2075 3274 2342 3327 ucuntur.
2367 3270 2537 3324 Sexto
2568 3267 2662 3322 die
2691 3264 2952 3336 ejusdem
2981 3261 3139 3318 orbis
3161 3261 3412 3332 [dierum
3431 3273 3645 3331 nempe

233 3350 342 3402 τῶν
376 3343 641 3402 διακόνων
692 3349 781 3402 καὶ
823 3351 1115 3424 κατωτέρω
1157 3353 1246 3406 καὶ
1299 3353 1406 3407 ἀπὸ
1444 3359 1543 3409 τοῦ
1591 3321 1872 3430 σεκραίτου

1990 3321 2102 3416 seu
2114 3321 2810 3431 septimaaaiperagit'ur
2827 3351 3119 3425 processio
3143 3321 3372 3422 pagana
3391 3349 3446 3404 in
3466 3321 3644 3406 muta-

235 3438 334 3490 τοῦ
380 3436 729 3510 πατριάρχου
782 3433 1055 3500 παπάδας.
1112 3438 1206 3493 τὸν
1253 3439 1485 3513 ἀριθμὸν
1534 3446 1703 3514 (2)....
1764 3444 1874 3499 εἰσ-

234 3525 384 3602 άγειν
417 3522 475 3580 δὲ
505 3525 593 3581 καὶ
622 3524 828 3599 ἐξάγειν
857 3523 1056 3592 αὐτοὺς
1096 3529 1232 3601 μετᾶ
1275 3533 1383 3584 τῶν
1435 3529 1651 3586 οἰκείων
1699 3533 1880 3589 αὐτῶν

229 3613 502 3688 καμισίων
544 3613 634 3668 καὶ
679 3613 860 3688 μόνον.
908 3619 988 3689 Τῇ
1033 3613 1091 3672 δὶ
1153 3616 1283 3692 ἓκτῃ
1340 3619 1522 3693 ἡμέρᾳ
1567 3627 1667 3690 τῆς
1713 3622 1883 3692 αὐτῆς

230 3701 492 3779 περιόδου
529 3703 766 3760 τελεῖται
818 3705 1138 3780 προέλευσις
1187 3710 1403 3785 παγανή
1459 3711 1592 3783 μετὰ
1650 3711 1880 3785 ἁλλαξι-

234 3793 421 3867 μάτων
479 3787 626 3849 ἔνδον
665 3798 763 3850 τοῦ
825 3793 1118 3866 παλατίου,
1166 3797 1255 3853 καὶ
1315 3797 1616 3874 εἰσάγονται
1695 3805 1748 3858 οἱ
1820 3803 1880 3859 ἐκ

232 3879 567 3957 Βουλγάρων
598 3883 754 3963 φίλοι
777 3885 916 3957 μεκὰ
940 3890 1048 3940 τῶν
1073 3886 1133 3942 ἐκ
1181 3885 1525 3965 Βουλγαρίας
1555 3887 1744 3963 δώρων

228 3969 330 4023 Καὶ
387 3967 625 4026 τελεῖται
692 3971 1009 4047 κλητώριον
1074 3973 1124 4029 ἐν
1170 3980 1249 4048 τῷ
1306 3975 1454 4049 αὖτῷ
1523 3975 1878 4055 περιϐλέπτῳ

228 4057 493 4132 τρικλίνῳ
554 4057 642 4115 έπὶ
685 4067 785 4130 τῆς
824 4062 997 4131 αὐτῆς
1050 4069 1261 4138 χρυσῆς
1307 4067 1602 4140 τραπέζης,
1650 4069 1741 4124 καὶ
1798 4068 1879 4128 δεῖ

229 4151 378 4241 ῆμᾶς
434 4152 764 4241 εὐτρεπίζειν
799 4155 876 4217 εἰς
935 4156 1264 4213 συνεστίασιν
1318 4163 1416 4213 τοῦ
1463 4160 1732 4235 βασιλέως
1788 4164 1875 4241 φί-

232 4239 364 4304 λους
420 4240 528 4299 ἀπὸ
568 4251 669 4312 τῆς
723 4244 926 4316 τάξεως
990 4251 1101 4302 τῶν
1165 4247 1503 4325 μαγίστρων,
1560 4239 1873 4311 ἀνθυπάτων

1990 3449 2158 3504 toriis
2188 3449 2343 3502 intra
2373 3445 2677 3517 palatium,
2715 3448 2772 3499 et
2814 3442 3272 3498 introducantur
3300 3439 3473 3495 amici
3511 3439 3646 3495 Bul'

1990 3537 2114 3609 gari
2155 3552 2290 3592 cum
2348 3535 2520 3590 donis
2547 3551 2578 3589 e
2608 3532 2881 3603 Bulgaria
2931 3529 3158 3596 allatis;
3209 3532 3266 3583 et
3311 3528 3640 3586 celebratur

1991 3625 2322 3682 convivium
2352 3623 2413 3679 in
2444 3623 2645 3678 eodem
2678 3619 2891 3675 illustri
2938 3615 3194 3672 triclinio
3232 3629 3408 3685 super
3434 3617 3636 3671 eadem

1987 3731 2164 3772 aurea
2193 3729 2426 3782 mensa;
2451 3709 2855 3781 invitandique
2873 3709 3011 3762 sunt
3040 3703 3206 3760 nobis
3232 3703 3302 3758 ad
3331 3703 3638 3760 convivan-

1988 3807 2128 3863 dum
2161 3803 2497 3876 imperatori
2527 3800 2701 3858 amici
2722 3799 2794 3855 de
2822 3796 3025 3854 ordine
3049 3793 3481 3866 magistrorum,
3506 3811 3638 3864 pro-

1985 3897 2296 3956 consulum
2323 3901 2382 3954 et
2411 3900 2750 3953 caterorum
2787 3905 2909 3947 una
2955 3903 3092 3944 cum
3124 3885 3333 3942 amicis
3363 3883 3630 3957 Bulgaria

1987 3993 2044 4046 et
2070 3986 2382 4058 drangario
2402 3984 2608 4056 vigilia:
2641 3986 2698 4039 et
2727 3977 3050 4036 domestico
3079 3975 3508 4044 hicanatorum,
3557 3975 3631 4032 ad

1989 4093 2294 4136 numerum
2336 4074 2610 4148 triginta;
2652 4068 3077 4138 ordinandiqae
3124 4071 3180 4120 et
3223 4061 3632 4120 introducendi

1985 4170 2190 4227 eodem
2223 4167 2415 4231 modo,
2449 4178 2621 4236 quem
2652 4163 2724 4217 ad
2757 4159 3010 4231 primum
3041 4154 3198 4210 diem
3229 4152 3629 4224 exposuimus.

1984 4261 2069 4316 Ad
2099 4257 2407 4314 inferiores
2425 4259 2619 4310 autem
2645 4265 2880 4308 mensas
2909 4245 3232 4303 invitantur
3251 4242 3632 4314 magistratus

1271 4359 1474 4416 JOAN.
1514 4362 1663 4419 JAC.
1706 4364 1968 4425 REISKII
2004 4363 2588 4426 COMMENTARIUS.

301 4453 412 4578 f8)
441 4454 618 4536 Graeci
665 4456 987 4537 necphytos
1031 4474 1132 4514 seu
1176 4475 1378 4530 recens
1426 4461 1750 4531 baptizatos
1779 4472 1878 4521 aut
1909 4472 1954 4536 Ι)

233 4527 300 4579 8d
355 4541 421 4578 uc
454 4524 827 4579 bantizandos
856 4547 1009 4579 ωωτα
1028 4536 1085 4579 at
1115 4529 1439 4579 ωωτίσιιατα
1471 4534 1870 4579 nnnnllnhnnt-

269 4524 827 4611 .dhuchbaiptizando—s
856 4524 1009 4611 ξρῷτα
1028 4536 1085 4584 et
1115 4528 1439 4611 φωτίσματα
1471 4524 1870 4611 appellabant;

228 4597 355 4650 sive
385 4597 536 4666 quod
569 4599 745 4651 veluti
776 4597 998 4682 lumina
1028 4597 1214 4667 erant,
1238 4597 1489 4674 quorum
1511 4597 1668 4660 bona
1697 4597 1874 4679 Opera

221 4664 724 4761 Ξὲοξέεξξιξβρξὲέξι
755 4670 1874 4761 εξθεὲιέψιξε,ριβέλτῑδιίεεηίει.μωδοεειυθ

217 4736 296 4793 ad
331 4737 719 4817 imitationem
759 4736 1039 4812 poterant
1067 4748 1123 4800 et
1138 4746 1441 4817 debebant
1468 4747 1718 4817 allicere,
1753 4736 1873 4808 sive

214 4808 383 4889 quod
411 4825 610 4889 cereos
633 4808 906 4889 gererent
937 4817 998 4870 in
1037 4813 1296 4889 ecclesiis
1344 4833 1441 4886 per
1480 4808 1870 4889 septimanam

209 4879 584 4962 Paschalem,
600 4879 998 4962 sivedenique,
1025 4888 1176 4962 quod
1199 4879 1513 4962 illuminati
1533 4879 1867 4947 autillumi-

206 4951 427 5028 pandi,
448 4951 558 5008 hoc
586 4959 674 5010 est
697 4951 983 5028 baptiiati
1005 4951 1106 5012 aut
1135 4957 1468 5028 baptizandi
1491 4963 1867 5020 essent.Nam

203 5022 513 5107 baptizare
545 5022 843 5107 appellant
872 5027 1052 5107 Graeci
1074 5022 1349 5107 φωτίζειν)
1371 5036 1441 5107 __et
1468 5031 1684 5089 festum
1731 5037 1867 5107 Epi-

205 5091 469 5174 Ehaaias
499 5091 600 5174 seu
624 5091 923 5174 baptismi
954 5091 1168 5156 Chri'sti
1214 5091 1282 5154 τὰ
1311 5091 1498 5174 φῶτα,
1548 5109 1604 5160 et
1645 5091 1864 5162 erat‘in

202 5163 480 5246 Ecclesia
506 5163 930 5246 aliquis_'&_p_xcov
957 5174 1071 5246 ttuv
1098 5191 1315 5246 φωτων,
1342 5163 1638 5246 inspector
1671 5191 1866 5234 recens

199 5238 668 5322 b‘aptizatorum,
705 5238 732 5292 6
769 5238 1120 5322 dipiwvhjcébv'
1151 5238 1576 5322 χεοιρῷτίστώνδ
1624 5247 1741 5322 vid.
1779 5253 1862 5304 Du

208 5308 419 5392 pange
447 5323 500 5392 v_.
535 5309 702 5392 (Ιξῶτα
730 5318 788 5370 et
810 5308 1112 5392 ’δωτίζεικμ
1144 5308 1647 5392 Solebantautem
1668 5318 1736 5392 ‘ia
1767 5336 1861 5392 ve-

201 5383 336 5435 tere
364 5377 619 5460 Ecclesia
647 5398 859 5460 pueros
888 5377 1298 5460 non'_statim_a
1337 5388 1637 5460 nativitate
1666 5389 1862 5460 bapti-

207 5463 371 5530 zare,
401 5451 513 5530 sed
530 5451 965 5525 exspectabant,
999 5455 1182 5530 donec
1212 5458 1637 5530 aliquantulum
1663 5451 1858 5519 adole-

211 5525 437 5575 vissent
465 5525 878 5602 et_aumerum
918 5529 1238 5602 aequalium
1286 5525 1488 5601 simul,
1539 5535 1855 5602 praesertim

219 5590 734 5674 mag‘aoﬁabbato,
777 5590 1168 5674 baptizabant,
1219 5603 1318 5670 qui
1361 5590 1486 5658 tota,
1527 5590 1857 5674 septimana

1990 4537 2017 4558 ν
2058 4468 2171 4540 (99)
2203 4462 2986 4558 Ergone,orpl;anotrophus
3034 4459 3186 4515 idem
3234 4457 3343 4513 fuit
3388 4472 3522 4515 cum
3553 4459 3634 4528 τῷ

1982 4536 2211 4614 ἄρχοντι
2239 4541 2346 4592 τῶν
2419 4536 2574 4590 ώτων
2594 4536 2622 4592 Ῠ

1985 4683 1998 4686 _
2055 4611 2134 4686 (ir)
2166 4556 2588 4686 Mensalignea
2611 4606 2712 4686 _v_el
2745 4604 2992 4686 alterius
3018 4599 3252 4686 generis
3279 4605 3427 4686 erat,
3457 4614 3636 4686 aurea

1985 4671 2204 4738 lamina
2233 4671 2576 4738 incrusfata.
2609 4680 2770 4736 Idem
2793 4678 2863 4733 de
2893 4671 3118 4732 caeteris
3149 4688 3384 4745 quoque
3414 4671 3632 4728 talibus

1983 4755 2320 4811 tenendum.
2362 4753 2576 4825 Ecquis
2621 4750 2778 4806 enim
2826 4753 3005 4825 totam
3065 4759 3300 4825 auream
3348 4759 3628 4825 mensam,

1979 4831 2170 4952 totum
2219 4814 2479 4950 surgam.
2511 4837 2796 4896 organum
2841 4818 3122 4877 soliumve
3155 4821 3423 4881 tractare,
3457 4814 3627 4883 baju-

2003 4914 2100 4952 are
2130 4898 2315 4952 nossit

2003 4914 2100 4953 are
2130 4898 2315 4953 possit

2048 4915 2464 5038 nggggtuhaac
2509 4979 2706 5022 vocem
2741 4968 2867 5021 erat
2914 4961 3225 5036 spatiolam
3267 4969 3520 5014 vacuum
3565 4955 3625 5010 in

1979 5038 2362 5096 membranis.

2048 5111 2126 5182 (3)
2160 5110 2436 5166 Videntur
2492 5107 2635 5182 mihi
2696 5107 2986 5182 (etgenira
3025 5101 3454 5182 moria_fallit,
3505 5104 3621 5177 legi

1979 5173 2215 5253 alicubi)
2246 5173 2803 5253 quotannismutari
2835 5176 2990 5253 soliti
3023 5175 3200 5253 fuisse
3233 5173 3619 5253 Bu_lgar_oru_i'n

1972 5251 2031 5307 in
2066 5246 2208 5308 urbe
2257 5246 2418 5323 regia
2476 5251 2795 5323 residentes
2839 5248 2991 5323 circa
3023 5250 3261 5323 tempus
3291 5246 3615 5323 Pasc_h_atis.

1972 5324 2273 5380 Habebunt
2318 5317 2475 5380 Enim
2509 5321 2763 5392 Bulgarir
2790 5322 3068 5392 perpetuo
3117 5317 3338 5390 legatos
3376 5318 3528 5392 CPli,
3562 5328 3618 5376 et

1970 5396 2226 5452 vicissim
2257 5393 2468 5452 CPtani
2519 5390 2706 5463 impp.
2750 5390 3044 5463 habebant
3081 5394 3360 5463 perpetuo
3389 5390 3613 5461 legatos

1969 5468 2121 5539 apud
2157 5466 2460 5539 Bulgaros,
2501 5459 2666 5539 quos:
2697 5459 2866 5539 etiam
2909 5459 3241 5539 quotannis
3267 5463 3336 5516 ad
3385 5459 3608 5539 Cinnam

1968 5531 2431 5596 vocabant.'Novi
2455 5531 2588 5598 ergo
2611 5533 2760 5588 circa
2779 5531 2998 5587 Pascha
3027 5531 3338 5587 identidem
3371 5531 3608 5589 venien-

1966 5614 2054 5667 tes
2104 5624 2349 5665 munera
2401 5604 2661 5676 nomine,
2702 5603 2854 5674 regis
2920 5601 3609 5676 Bulgariuapportabant,

216 5658 474 5732 paschali
502 5661 560 5742 in
583 5658 732 5724 albis
761 5674 817 5725 et
845 5658 981 5728 cum
1012 5658 1194 5728 cereis
1221 5658 1618 5746 procedebant,
1638 5658 1857 5735 vidisti
1970 5658 2092 5737 "uva
2105 5658 2525 5736 hic-dicantur
2563 5658 2705 5731 feria
2735 5658 2900 5731 sexta
2931 5658 3602 5733 l’as'chalis‘hedmoma-l

218 5747 276 5803 P-
307 5730 397 5799 54»
425 5730 518 5785 ubi
551 5735 720 5806 plura
748 5738 857 5796 hac
888 5741 960 5798 de
988 5755 1048 5796 re
1080 5741 1218 5798 dixi.
1963 5699 2076 5808 gis.
2109 5752 2364 5808 nrimum
2395 5748 2466 5806 ad
2497 5747 2905 5808 imperatorem
2937 5745 3204 5808 admissi.
3223 5746 3530 5806 obtulisse.

218 5730 276 5803 ᾖ).
307 5730 397 5799 54,
425 5730 518 5785 ubi
551 5735 720 5806 plura
748 5738 857 5796 hac
888 5741 960 5798 de
988 5755 1048 5796 re
1080 5741 1218 5798 dixi.

2005 5752 2076 5821 is,
2108 5752 2364 5823 primum
2395 5748 2466 5806 ad
2497 5747 2905 5821 imperatorem
2937 5745 3204 5817 admissi,
3223 5746 3530 5806 obtulisse.
