4088 6300
450 296 607 379 tios

449 453 521 510 de
550 450 752 510 ordine
780 450 1058 508 comitum
1092 453 1149 505 et
1178 447 1623 505 centarcborum
1653 444 1891 503 arithmi
1922 450 1976 501 et
1996 442 2090 498 hi-
2120 445 2173 512 Α

448 551 810 607 canatorum,
844 540 1159 596 admodum
1208 538 1641 611 quinquaginta
1682 543 1952 609 quatuor,
1985 538 2042 590 et
2068 548 2100 589 ο

448 630 723 704 Bulgaria
752 631 1074 687 amicorum
1128 628 1393 685 homines
1422 628 1746 684 octodecim
1774 642 1790 693 ;
1823 625 2096 682 ordinare

449 728 639 778 autem
678 722 786 777 hos
816 720 1098 791 Bulgaros
1130 723 1362 791 oportet
1408 720 1477 774 ad
1530 718 1799 775 ultimam
1835 731 2098 772 mensam

453 811 716 867 seorsim.
743 811 1193 865 Introducuntur
1212 812 1268 864 et
1297 808 1627 865 educuntur
1655 806 1713 862 in
1746 806 1872 863 suis
1901 820 2098 861 scara-

455 898 723 971 mangiis.
757 898 1017 969 Septimo
1047 898 1138 954 die
1176 898 1439 968 ejusdem
1485 895 1903 953 convivationis
1935 910 2098 963 pera-

452 992 606 1065 gitur
634 988 907 1045 similiter
954 1004 1181 1059 pagana
1213 986 1503 1060 processio
1532 986 1687 1042 intra
1715 984 2019 1057 palatium,
2043 986 2100 1039 et

453 1078 783 1135 convivium
816 1076 875 1132 in
903 1077 1105 1134 eodem
1139 1076 1394 1133 triclinio
1439 1091 1615 1148 super
1642 1075 1844 1131 eadem
1876 1071 2096 1137 tabula,

451 1167 803 1240 pariterque,
828 1174 889 1222 ut
920 1170 1073 1233 ante,
1097 1165 1417 1222 invitantur
1432 1165 1502 1220 ad
1535 1162 1961 1220 convivandum
1994 1160 2097 1215 imv

452 1256 702 1331 peratori
736 1256 1024 1325 magistri,
1060 1254 1312 1327 patricii,
1363 1253 1671 1326 praefectus
1712 1250 1891 1320 urbis,
1924 1250 2100 1307 ambo

452 1346 779 1412 domestici,
823 1360 1201 1401 numerorum
1254 1342 1477 1399 scilicet
1520 1346 1693 1413 atque
1750 1344 2093 1406 castrorum,

453 1437 770 1493 eorundem
837 1434 1008 1491 ambo
1074 1438 1429 1504 topoteretaa,
1488 1430 1793 1488 rationalis
1850 1429 2099 1502 praetorii

452 1526 686 1597 adjutor
708 1522 991 1596 [praefecti
1017 1522 1225 1593 urbis],
1258 1521 1318 1577 in
1338 1520 1676 1577 universum
1706 1518 1949 1591 triginta
1968 1518 2096 1574 viri.

451 1612 908 1668 lntroducuntur
936 1619 989 1665 et
1038 1612 1370 1666 educuntur
1414 1609 1474 1664 in
1515 1610 1642 1666 suis
1691 1607 2020 1665 mutatoriis
2044 1611 2100 1663 et

452 1701 690 1757 tunicis.
717 1701 800 1756 Ad
834 1699 1131 1756 inferiores
1162 1708 1357 1757 autem
1390 1714 1626 1755 mensas
1658 1698 1977 1755 invitantur
1998 1697 2097 1752 tri-

452 1790 598 1847 buni
627 1788 851 1855 vicarii,
872 1788 1117 1855 gentiles
1139 1804 1242 1844 seu
1275 1788 1612 1861 alienigenae
1641 1803 1709 1844 ex
1741 1785 1974 1843 hetmria
1997 1803 2011 1855 ;
2038 1789 2102 1842 ut
2130 1824 2177 1889 Β

455 1879 651 1946 Turci,
676 1880 825 1935 447
851 1879 1159 1943 Chazares,
1193 1878 1313 1946 alii,
1338 1879 1652 1935 admodum
1673 1877 2101 1950 quinquaginta

456 1974 723 2044 quatuor.
754 1969 837 2025 Ad
869 1968 1254 2026 venerabilem
1287 1984 1422 2025 vero
1469 1983 1732 2025 mensam
1780 1967 2102 2023 invitantur

455 2060 761 2117 duodecim
784 2058 1159 2132 gitoniarchas
1172 2057 1258 2114 vel
1281 2057 1952 2131 vicomagistri,quatuor
1971 2072 2101 2128 epo-

455 2154 565 2223 ptas
596 2149 685 2207 vel
706 2150 924 2219 aediles,
958 2150 1073 2207 duo
1105 2148 1603 2223 protocancellarii
1636 2146 1885 2219 praefecti
1918 2146 2096 2203 urbis.

455 2235 998 2293 Introducunturhi
1028 2236 1151 2292 suis
1181 2236 1241 2292 in
1263 2235 1523 2293 camisiis
1555 2240 1821 2301 tantum;
1853 2231 2099 2307 gentiles

452 2342 590 2383 vero
612 2325 674 2381 in
705 2325 831 2383 suis
861 2325 1145 2382 cabadiis.
1170 2325 1564 2383 Gitoniarcbis
1595 2329 1652 2380 et
1682 2323 1925 2396 reliquis
1955 2322 2099 2378 dan-

454 2423 545 2471 tur
575 2414 823 2484 singulis
852 2414 1075 2487 singuli
1114 2414 1340 2471 nummi
1371 2414 1555 2471 aurei.
1583 2411 1965 2484 Temporibus
1992 2426 2099 2467 au-

455 2513 566 2561 tem
595 2504 1021 2577 antiquioribus
1057 2504 1450 2561 invitabantur
1480 2504 1605 2561 loco
1646 2503 1891 2560 istorum
1929 2500 2099 2557 char-

456 2594 654 2651 tularii
713 2593 1145 2667 sceuophylacii
1204 2599 1261 2649 S.
1321 2594 1573 2667 SOphiaa,
1621 2592 2100 2665 accipiebantque

456 2684 700 2742 eandem
725 2683 1187 2741 benedictionem
1204 2698 1307 2739 seu
1330 2682 1812 2739 munificentiam.
1832 2681 1991 2737 Nova
2006 2680 2100 2737 die

455 2773 758 2831 Dominica
788 2772 869 2829 sic
898 2773 1075 2839 dicta,
1110 2789 1177 2829 ea
1199 2788 1430 2843 nempe,
1452 2789 1579 2845 qua:
1607 2771 1860 2843 proxime
1886 2770 2099 2827 festum

458 2864 763 2921 Paschatis
794 2863 1084 2935 sequitur,
1118 2863 1424 2935 splendida
1467 2861 1763 2935 peragitur
1809 2861 2102 2933 processio

459 2953 766 3027 splendido
785 2954 843 3010 in
868 2954 1080 3011 vestitu
1104 2954 1162 3008 in
1188 2952 1513 3010 venerabile
1533 2952 1817 3025 templum
1842 2952 1939 3007 SS.
1961 2952 2107 3020 Apo-

458 3043 781 3109 stolorum;
839 3043 1119 3113 ﬁnitoque
1170 3058 1334 3098 sacro
1386 3042 1597 3109 ofﬁcio,
1659 3040 1996 3111 proponitur
2049 3041 2106 3094 et

460 3131 641 3186 initur
689 3131 1016 3187 convivium
1076 3131 1136 3185 in
1187 3129 1462 3196 triclinio,
1521 3130 1674 3199 quod
1725 3128 1991 3198 superius
2028 3127 2099 3182 ad

460 3219 784 3276 secundum
805 3218 961 3273 diem
985 3216 1431 3273 nominavimus.
1455 3217 1803 3273 Convivatur
1824 3221 1948 3272 tum
1973 3232 2104 3271 san-
2133 3209 2176 3277 C

460 3308 759 3364 ctissimus
789 3306 1117 3379 patriarcha
1145 3312 1342 3363 noster
1371 3307 1705 3379 imperatori
1737 3307 1807 3363 ad
1842 3307 2101 3378 peculia-

460 3413 580 3454 rem
614 3399 973 3465 mensam,et
989 3396 1312 3452 invitantur
1334 3399 1400 3452 ad
1421 3395 1843 3452 convivandum
1864 3395 2102 3452 domino

462 3485 635 3542 amici
664 3485 926 3555 ejusdem
977 3487 1229 3558 generis,
1262 3491 1439 3558 atque
1480 3487 1546 3541 ad
1580 3486 1904 3542 secundum
1934 3486 2105 3556 hujus

462 3575 877 3633 convivationis
894 3574 1048 3630 diem
1081 3592 1115 3630 a
1138 3576 1278 3631 festo
1298 3574 1599 3630 Paschatis
1620 3576 1954 3631 immediate
1976 3590 2105 3646 pro-

461 3666 681 3723 ximum
715 3664 991 3720 diximus.
1015 3665 1207 3720 Allero
1239 3670 1372 3736 post
1400 3681 1605 3721 novam
1630 3664 1987 3720 Dominicam
2011 3663 2104 3719 die

463 3755 754 3828 excipitur
781 3761 836 3810 et
865 3755 1281 3810 beneventatur
1319 3754 1391 3810 ab
1432 3754 1775 3828 imperatore
1804 3754 2102 3811 deximum

463 3860 563 3902 seu
595 3859 811 3915 corpus
843 3847 1175 3899 senatorum
1201 3843 1502 3899 dominum
1534 3843 1847 3899 salutatum
1879 3844 2107 3899 venien-

461 3934 635 4001 tium,
663 3932 883 4004 absque
912 3932 1136 3988 saximo
1160 3936 1351 3989 tamen
1383 3950 1479 3989 seu
1512 3933 1751 4000 chorea;
1776 3933 2105 4003 residetque

462 4023 782 4094 imperator
809 4021 869 4077 in
899 4021 1217 4079 Justiniani
1249 4022 1502 4079 triclinio
1523 4023 1591 4079 ad
1619 4022 1968 4095 peculiarem
1990 4022 2106 4077 sibi

465 4129 728 4170 mensam
752 4112 811 4168 in
833 4128 937 4169 suo
959 4112 1266 4169 dibetesio.
1301 4112 1587 4169 Invitandi
1618 4123 1741 4168 tum
1773 4118 1913 4169 sunt
1941 4111 2108 4168 nobis

465 4204 844 4275 magistratus
876 4201 1083 4257 horum
1118 4202 1413 4269 ordinum,
1462 4201 1745 4273 magistri,
1794 4200 2106 4272 praepositi,

465 4290 865 4362 proconsules,
914 4289 1163 4362 patricii,
1219 4289 1499 4345 ofﬁciales
1529 4295 1587 4345 et
1630 4289 1836 4361 reliqui
1878 4306 2108 4361 campa-

466 4378 774 4449 giorgeruli
797 4395 999 4435 omnes
1022 4395 1126 4451 pro
1139 4376 1459 4451 capacitate
1482 4380 2107 4435 meusaJntroducun-

464 4471 565 4523 tur
584 4471 641 4522 et
662 4468 983 4523 educuntur
1006 4484 1206 4525 omnes
1228 4468 1285 4523 in
1310 4469 1434 4524 suis
1456 4469 1783 4525 mutatoriis
1804 4477 1859 4524 et
1874 4468 2107 4526 tunicis.

465 4554 916 4649 Observandum
934 4556 1143 4614 deinde
1165 4558 1333 4649 nobis
1350 4563 1440 4649 est
1464 4564 1715 4649 tempus,
1729 4574 1851 4649 quo
1872 4574 2105 4615 carmen
2138 4584 2186 4649 Β

465 4642 690 4701 musice
722 4642 1021 4712 recitatur,
1053 4652 1111 4700 et
1141 4647 1545 4717 tuncjubendi
1575 4646 1827 4703 conviva:
1866 4663 2107 4719 surgere

464 4735 535 4791 ad
578 4734 781 4790 laudes
814 4737 871 4789 et
903 4733 996 4804 pia
1028 4736 1202 4790 verba
1248 4735 1485 4792 domino
1536 4736 1805 4792 dicenda.
1850 4736 1948 4791 Die
1980 4741 2109 4808 post

465 4824 605 4880 illud
638 4825 935 4881 deximum
982 4829 1244 4895 proximo
1295 4826 1591 4897 peragitur
1638 4824 1691 4882 ei
1724 4825 2027 4882 adhaerens
2052 4829 2110 4881 et

466 4930 834 4986 consequens
881 4913 1056 4969 ludus
1103 4914 1391 4985 equestris
1444 4913 1808 4972 abeolutivus
1856 4931 1961 4973 seu
2007 4915 2109 4987 qui

468 5002 647 5059 ﬁnem
680 5002 909 5061 solenni
939 5002 1078 5059 huic
1098 5001 1485 5057 convivationi
1514 5003 1670 5059 facit.
1713 5005 2109 5061 Remittuntur

467 5100 605 5150 tunc
635 5094 830 5163 amici,
878 5093 979 5166 qui
1014 5110 1045 5152 e
1098 5091 1372 5166 Bulgaria
1423 5098 1724 5165 venerant,
1780 5096 1848 5150 ad
1893 5113 2020 5164 sua,
2056 5103 2111 5153 et

466 5182 813 5255 proponitur
854 5182 1181 5241 convivium
1246 5183 1306 5239 in
1355 5181 1662 5254 splendido
1712 5183 1961 5241 triclinio
2007 5203 2103 5242 ca-

466 5270 848 5341 thismatum;
880 5280 934 5330 et
977 5276 1358 5331 convivantur
1402 5271 1735 5343 imperatori
1790 5274 2107 5345 praepositi,

466 5361 714 5433 patricii,
747 5362 1047 5427 ofﬁciales,
1082 5362 1557 5436 protospatharii,
1579 5360 1942 5429 chartularii,
1976 5379 2109 5418 con-

465 5450 648 5520 sules,
675 5450 1001 5519 vestitores,
1037 5452 1369 5514 silentiarii.
1409 5449 1703 5508 actuarius
1733 5457 1789 5508 et
1818 5452 1886 5507 ad
1920 5450 2109 5509 helia-

463 5555 597 5597 cum
623 5540 979 5613 pertinentes
1005 5546 1063 5599 et
1101 5543 1568 5615 deeseographus
1592 5558 1693 5600 seu
1725 5543 1921 5600 scriba
1952 5542 2109 5601 libel-

466 5626 656 5685 lorum
694 5628 1028 5701 supplicum
1071 5648 1173 5703 pro
1213 5633 1530 5704 capacitate
1571 5648 1807 5690 mensis.
1839 5633 2105 5691 Introdu-

1535 307 2084 374 CONSTANTINI
2128 309 2824 377 PORPHYBOGENITI

3734 311 3919 372 1404

2211 445 2301 501 καὶ
2346 445 2574 511 λοιποὺς
2634 448 2725 503 σὺν
2786 452 2894 503 τῶν
2942 446 3002 503 ἐκ
3048 446 3382 522 Βουλγάρων
3421 444 3607 523 φίλων
3648 444 3759 499 καί
3830 450 3917 515 τῷ

2207 531 2559 614 δρουγγαρίῳ
2616 545 2716 608 τῆς
2780 536 2986 614 βίγλης
3032 537 3123 592 καὶ
3151 537 3231 609 τῷ
3262 534 3577 610 δομεστίκφ
3611 538 3736 589 τῶν
3770 536 3913 589 ἱκα-

2205 624 2402 698 νάτων,
2432 629 2523 683 τόν
2549 625 2780 702 ἀριθμὸν
2811 626 2879 683 λ’·
2908 627 3174 703 στιχίζειν
3232 623 3289 683 δὲ
3358 625 3565 688 αὐτοὺς
3616 627 3717 681 καὶ
3787 624 3913 679 εἰσ-

2206 715 2354 790 άγειν
2382 717 2519 773 κατὰ
2544 717 2639 773 τὸν
2680 714 2949 796 λεχθὲντα
2976 716 3144 772 τύπον
3193 723 3294 785 τῆς
3330 716 3559 790 πρώτης
3632 716 3905 787 ἡμέρας.

2207 804 2332 862 Ἐπὶ
2373 802 2431 860 δὲ
2486 809 2593 861 τῶν
2643 804 2791 861 κάτω
2849 809 3131 881 τραπεζῶν
3182 802 3263 859 δεῖ
3321 802 3621 879 συγκαλεῖν
3656 804 3785 857 ἀπό
3841 824 3903 859 τε

2204 897 2467 968 κομήτων
2498 896 2588 951 καὶ
2644 896 2962 971 κεντάρχων
3018 898 3117 951 τοῦ
3155 894 3395 967 ἀριθμοῦ
3423 892 3517 948 καὶ
3579 896 3699 947 τῶν
3760 893 3900 948 bu-

2204 986 2374 1040 νάτων
2411 983 2607 1063 ἄνδρας
2660 984 2757 1054 νδ’,
2790 987 2880 1041 καὶ
2914 985 2975 1041 ἐκ
3029 990 3134 1041 τῶν
3193 984 3524 1060 Βουλγάρων
3555 982 3762 1061 φίλων
3796 984 3893 1039 ἆν-

2209 1076 2474 1152 φρὼπους
2504 1083 2596 1146 ιη’·
2656 1074 2919 1152 στιχίζειν
2971 1072 3029 1130 δὶ
3079 1072 3161 1130 δεῖ
3215 1073 3342 1136 τοὺς
3392 1072 3758 1149 Βουλγάρων
3795 1074 3892 1127 ἆν-

2205 1164 2459 1235 θρώπους
2516 1162 2605 1219 ἐπὶ
2648 1170 2747 1234 τῆς
2806 1164 2956 1219 κάτω
3010 1161 3324 1225 τελευταίας
3384 1167 3511 1234 μιᾶς
3578 1164 3887 1236 τραπέζης

2208 1252 2427 1327 μόνους·
2478 1252 2715 1331 εἰσάγειν
2774 1250 2831 1309 δὲ
2888 1252 3088 1315 αὐτοὺς
3145 1252 3236 1308 καὶ
3301 1250 3504 1328 ἐξάγειν
3565 1251 3719 1325 μετὰ
3776 1256 3891 1306 τῶν

2206 1340 2423 1398 οῗκείων
2481 1344 2661 1399 αύτῶν
2723 1340 3171 1418 σκαραμαγγίων.
3212 1346 3294 1415 Τῇ
3346 1338 3403 1395 δὲ
3426 1335 3650 1414 ἑϐδόμῃ

2204 1439 2303 1502 τῆς
2376 1431 2542 1503 αὐτῆς
2614 1431 2913 1504 δεξιώσεως
2982 1430 3224 1487 τελεῖται
3306 1430 3568 1492 ὡσαύτως
3653 1432 3885 1503 παγανή

2204 1518 2527 1597 προὲλευσις
2577 1516 2730 1575 ἕνόον
2782 1524 2879 1575 τοῦ
2937 1518 3231 1589 παλατίου,
3262 1519 3353 1573 καὶ
3390 1517 3605 1593 γίνεται
3646 1515 3887 1587 κλητώ-

2207 1630 2321 1685 ριον
2374 1608 2426 1683 ἔν
2477 1614 2557 1682 τῷ
2608 1608 2756 1683 αύτῷ
2802 1607 3069 1683 τρικλίνῳ
3098 1605 3187 1663 ἐπὶ
3215 1614 3318 1676 τῆς
3365 1607 3536 1672 αὐτῆς
3564 1606 3882 1681 τραπέζης,

2206 1706 2286 1754 κα¹
2334 1698 2725 1774 συγκαλοῦνται
2758 1697 2836 1760 είς
2875 1696 3109 1753 ἑστίασιν
3140 1701 3221 1769 τῷ
3254 1694 3477 1772 βασιλεῖ
3505 1695 3744 1768 ὁμοίως
3778 1696 3884 1750 ἀπὸ

2209 1796 2311 1859 τῆς
2358 1790 2561 1860 τάξεως
2617 1792 2725 1844 τῶν
2791 1786 3104 1862 μαγίστρων
3161 1786 3250 1840 καὶ
3299 1786 3611 1860 πατρικίων
3653 1786 3757 1838 σὺν
3805 1787 3880 1853 τῷ

2213 1879 2447 1954 ὑπάρχῳ
2499 1885 2600 1948 τῆς
2647 1875 2865 1939 πόλεως
2911 1875 3002 1932 καὶ
3026 1880 3143 1938 τοῖς
3177 1872 3297 1931 δυσὶ
3323 1872 3712 1950 δομεστίκοις,
3748 1893 3879 1928 νω-

2210 1967 2391 2044 μέρων
2434 1988 2493 2022 τε
2538 1969 2629 2022 καὶ
2666 1967 2924 2041 τειχέων,
2954 1964 3046 2021 καὶ
3091 1969 3199 2021 τῶν
3228 1964 3406 2021 αὐτῶν
3452 1967 3871 2038 τοποτηρητῶν

2210 2056 2303 2112 σὺν
2360 2061 2439 2128 τῷ
2494 2055 2762 2133 λογοθέτῃ
2818 2059 2915 2111 τοῦ
2968 2055 3307 2132 πραιτωρίου
3348 2053 3439 2109 καὶ
3469 2058 3551 2127 τῷ
3596 2052 3873 2127 συμπόνῳ

2208 2147 2300 2201 τὸν
2352 2144 2583 2221 ἀριθμὸν
2649 2143 2719 2201 λ’.
2767 2143 3094 2218 Είσάγονται
3143 2141 3201 2199 δὲ
3255 2144 3348 2199 καὶ
3395 2143 3686 2217 ἐξάγονται
3738 2144 3875 2215 peti

2206 2239 2314 2290 τῶν
2344 2233 2559 2289 οἰκείων
2608 2233 2786 2290 αὐτῶν
2825 2232 3215 2307 ἀλλαξιμάτων
3263 2232 3356 2289 καὶ
3400 2228 3751 2312 χλανιδίων.
3786 2232 3874 2289 Ἔν

2210 2322 2267 2380 δὶ
2295 2328 2413 2387 ταῖς
2457 2325 2605 2380 κάτω
2643 2323 2933 2398 τραπέζαις
2989 2320 3387 2399 ωγκαλοῦνται
3433 2317 3725 2398 τριόοὔνοι
3788 2322 3873 2397 βι-

2209 2412 2415 2489 κάριοι,
2447 2412 2500 2468 οἰ
2544 2412 2747 2469 ἐθνικοὶ
2802 2414 2903 2481 τῆς
2958 2411 3244 2487 ἑταιρείας,
3276 2414 3397 2468 οἷον
3451 2416 3727 2486 τοῦρκοι,
3760 2412 3873 2470 Χα-

2209 2504 2387 2578 ζάρεις
2437 2501 2528 2557 καὶ
2589 2502 2802 2571 λοιποὶ,
2837 2502 2929 2557 τὸν
2989 2502 3222 2577 ἀριθμὸν
3250 2498 3348 2559 νδ’.
3380 2501 3504 2559 Ἐπὶ
3536 2498 3599 2558 δὶ
3645 2508 3759 2571 τῆς
3794 2522 3876 2556 τι·

2215 2592 2339 2667 μίας
2366 2591 2640 2667 τραπέζης
2672 2590 3076 2669 συγκαλοῦνται
3107 2592 3163 2646 οἳ
3194 2588 3407 2648 δώδεκα
3450 2592 3871 2670 γειτονιάρχαι,

2213 2683 2266 2739 οἱ
2322 2680 2364 2738 δ’
2429 2681 2658 2738 ἐπόπται
2706 2681 2797 2737 καὶ
2855 2682 2908 2736 οἱ
2968 2678 3064 2736 δύο
3130 2681 3731 2760 πρωτοκαγκελλάριοι
3778 2685 3876 2737 τοῦ

2211 2773 2477 2851 ἐπάρχου.
2540 2772 2863 2848 Είσάγονται
2920 2769 2979 2827 δὲ
3035 2774 3171 2846 μετᾶ
3198 2776 3307 2828 τῶν
3338 2772 3553 2828 οἰκείων
3589 2772 3872 2847 καμισίων

2210 2864 2298 2919 καὶ
2337 2864 2518 2935 μόνον,
2542 2862 2593 2917 οἱ
2625 2859 2682 2917 δὲ
2709 2858 2912 2925 ἓθνικοὶ
2953 2862 3087 2935 μετὰ
3132 2866 3242 2917 τῶν
3302 2862 3482 2917 αὐτῶν
3548 2856 3865 2918 καϐαδίων.

2213 2950 2431 3010 Δίὸοται
2464 2949 2521 3008 δὲ
2547 2956 2664 3015 τοῖς
2719 2952 3127 3027 γειτονιάρχαις
3175 2952 3264 3007 καὶ
3306 2956 3525 3012 Αοιποῖς
3574 2951 3675 3006 ἆνὲ
3703 2951 3866 3024 νομί-

2215 3061 2419 3115 σματσς
2477 3042 2615 3103 ἑνός,
2647 3041 2771 3098 Ἐπὶ
2812 3038 2870 3095 δὲ
2906 3044 3013 3095 τῶν
3046 3036 3437 3116 προλαϐόντων
3472 3041 3699 3116 χρόνων
3743 3062 3864 3096 συν-

2213 3128 2507 3187 ααλοῦντο
2566 3129 2681 3185 ἀντὶ
2728 3130 2937 3185 τούτων
2995 3130 3048 3186 οἱ
3101 3134 3201 3187 τοῦ
3267 3129 3702 3208 σκευοφυλακίου
3762 3137 3863 3199 τῆς

2210 3218 2395 3296 Ἀγίας
2445 3218 2652 3293 Σοφίας
2701 3218 3123 3299 χαρτουλάριοι,
3184 3215 3555 3292 λαμϐάνοντες
3612 3222 3719 3290 τήν
3772 3220 3864 3275 αύ-

2208 3310 2306 3377 τήν
2354 3308 2631 3385 εὐλογίαν.
2666 3312 2750 3384 Τῇ
2800 3306 2859 3364 δὲ
2901 3309 2994 3380 νὲᾳ
3042 3308 3307 3385 κυριακῇ,
3352 3312 3420 3383 τῇ
3456 3309 3745 3385 μεθεόρτῳ
3772 3314 3865 3365 τοῦ

2210 3398 2428 3477 Πάσχα,
2489 3397 2788 3455 ἐκτελεῖται
2845 3397 3170 3474 προέλευσις
3230 3397 3630 3477 λαμπροφὸρος
3676 3398 3733 3452 ἐν
3789 3402 3864 3470 τῷ

2212 3483 2492 3561 σεϐασμίῳ
2537 3492 2652 3560 ναῷ
2702 3491 2811 3543 τῶν
2858 3485 3059 3562 ’Λγίων
3105 3486 3485 3544 Ἀποστόλων·
3517 3488 3610 3541 καὶ
3655 3486 3863 3543 τελου-

2216 3576 2380 3651 μένης
2401 3579 2502 3642 τῆς
2540 3578 2688 3650 ἱερᾶς
2746 3575 3119 3655 λειτουργίας,
3178 3575 3494 3653 προτίθεται
3544 3573 3861 3645 κλητώςιον

2212 3664 2265 3721 ἐν
2311 3670 2391 3737 τῷ
2423 3663 2677 3741 λεχθέντι
2715 3666 2976 3743 τρικλίνῳ
3022 3666 3111 3723 ἐπὶ
3158 3674 3259 3737 τῆς
3316 3665 3565 3739 δευτέρας
3624 3666 3860 3739 ἡμέρας,

2210 3755 2304 3809 καὶ
2362 3759 2693 3811 συνεστιᾶται
2744 3760 2826 3829 τῷ
2886 3756 3104 3832 βασιλεῖ
3140 3756 3169 3811 ὁ
3219 3756 3524 3831 άγιώτστος
3560 3756 3728 3826 ἡμῶν
3758 3775 3863 3809 πα-

2210 3846 2485 3921 τριάρχης
2541 3844 2630 3901 ἐπὶ
2687 3846 3004 3911 ἆποκοπτῆς
3053 3846 3348 3920 τραπέζης,
3376 3846 3468 3901 καὶ
3518 3843 3857 3918 συγκαλῶν-

2211 3954 2302 3991 ται
2335 3934 2413 3998 είς
2476 3933 2708 3990 ἑστίασιν
2767 3934 2860 3990 σὺν
2912 3940 2992 4008 τῷ
3054 3936 3272 4011 βασιλεῖ
3327 3932 3480 4010 φίλοι
3518 3933 3655 3989 κατᾶ
3691 3935 3861 3989 τύπον

2213 4030 2312 4092 τῆς
2362 4020 2611 4097 δευτέρας
2666 4026 2876 4099 ἡμέρας
2919 4029 2989 4099 τῇ
3049 4024 3304 4100 ἐπαύριον
3347 4028 3443 4080 τοῦ
3483 4024 3632 4096 ἱεροῦ
3664 4024 3857 4098 Πάσχα

2222 4116 2302 4186 Τῇ
2334 4110 2391 4168 δὲ
2422 4112 2675 4187 ἐπαύριον
2715 4116 2813 4183 τῆς
2864 4114 2984 4177 νέας
3014 4118 3294 4189 Κυριακῆς
3340 4110 3523 4189 ἡμέρᾳ
3560 4110 3856 4168 ἐκτελεῖται

2218 4200 2460 4273 δεξίωσις
2514 4199 2732 4276 δεξίμου
2784 4203 2910 4260 ἄνευ
2940 4204 3190 4278 σαξίμου,
3248 4203 3337 4259 καὶ
3367 4204 3648 4273 καθέζεται
3688 4203 3714 4257 ὁ
3762 4203 3854 4278 βα-

2219 4288 2402 4355 σιλεὺς
2451 4288 2542 4346 ἒπὶ
2610 4291 2929 4361 ἀποκοπτῆς
2974 4293 3249 4363 τραπὲζης
3304 4291 3439 4366 μετᾶ
3492 4294 3589 4346 τοῦ
3656 4291 3853 4346 οἱκείου

2219 4374 2527 4449 διῦητισίου
2586 4379 2676 4436 ἐπὶ
2730 4384 2828 4436 τοῦ
2887 4382 3266 4439 Ἰουστινιανοῦ
3302 4378 3606 4457 τρικλίνου.
3644 4380 3742 4435 Καὶ
3781 4378 3856 4434 δεῖ

2219 4470 2367 4543 ἡμᾶς
2426 4467 2711 4543 συγκαλεῖν
2766 4470 2840 4532 είς
2903 4470 3136 4526 ἑστίασιν
3189 4470 3297 4526 ἀπὸ
3350 4476 3452 4539 τῆς
3499 4470 3702 4540 τάξεως
3757 4474 3855 4524 τῶν

2225 4558 2570 4633 μαγίστρων,
2635 4558 3043 4633 πραιποσίτων,
3114 4560 3462 4627 ἀνθυπάτων,
3538 4558 3850 4633 πατρικίων,

2216 4646 2613 4728 ὀφφικιακλίων
2640 4647 2728 4701 καὶ
2758 4646 2968 4704 λοιπῶν
2991 4654 3097 4704 τῶν
3127 4649 3231 4705 ὒπὸ
3280 4651 3595 4725 καμπάγιον
3650 4649 3850 4704 πάντων

2214 4737 2348 4792 κατᾶ
2394 4737 2457 4793 τὸ
2505 4737 2671 4792 ποσὸν
2705 4741 2808 4803 τῆς
2860 4739 3155 4813 τραπέζης’
3206 4738 3440 4813 εἷσάγειν
3499 4735 3557 4793 δὲ
3618 4738 3712 4795 καὶ
3776 4737 3851 4811 ἐξ·

2217 4828 2360 4902 άγειν
2414 4825 2619 4888 πάντας
2654 4827 2791 4899 μετά
2836 4832 2945 4883 τῶν
2988 4827 3203 4883 οἰκείων
3253 4826 3427 4883 αὐτῶν
3475 4824 3850 4899 άλλαξιμάτων

2214 4936 2273 4972 τε
2301 4917 2392 4971 καὶ
2437 4912 2760 4991 χλανιδίων⁸
2795 4916 3087 4994 προσέχειν
3138 4914 3195 4973 δὲ
3232 4917 3407 4973 καὶτὸ
3450 4917 3714 4991 μουσικὸν
3769 4914 3854 4990 μ’έ-

2216 5003 2315 5071 λος
2369 5005 2459 5061 καὶ
2522 5005 2800 5077 ὲξανιστᾷν
2845 5005 2975 5069 τοὺς
3016 5004 3387 5081 κεκλημένους
3435 5004 3489 5062 ἐν
3537 5009 3616 5078 τῷ
3654 5004 3849 5079 προδη-

2219 5094 2447 5151 λωθὲντι
2497 5096 2687 5175 χρόνῳ
2741 5095 2815 5159 εἷς
2872 5095 3144 5170 εὐφημίαν
3201 5100 3310 5153 τῶν
3349 5092 3646 5152 δεσποτῶν.
3685 5100 3761 5169 Τῇ
3799 5093 3852 5151 δί

2214 5181 2471 5258 ἐπαύριον
2519 5187 2619 5240 τοῦ
2653 5185 2818 5241 αὐτοῦ
2867 5182 3086 5259 δεξίμου
3131 5184 3372 5243 τελεῖται
3414 5182 3676 5259 ἑπόμενον
3702 5183 3849 5237 ἱππι-

2213 5274 2310 5328 κὸν
2355 5271 2725 5347 ἆπολύσιμον,
2758 5275 2850 5330 καὶ
2904 5272 3400 5344 ἐξαποστέλλονται
3429 5273 3567 5349 πρὸς
3590 5270 3657 5326 τὰ
3685 5268 3850 5325 οἰκεῖα

2215 5362 2267 5416 οἱ
2299 5360 2405 5418 άπὸ
2449 5362 2785 5439 Βουλγάρων
2837 5362 3015 5442 φίλοι,
3039 5363 3128 5419 καὶ
3185 5363 3501 5440 προτίθεται
3553 5360 3849 5433 κλητώριον

2214 5448 2267 5508 ἐν
2320 5456 2400 5524 τῷ
2447 5448 2805 5527 περιϐλὲπτῳ
2850 5452 3124 5529 τρικλίνῳ
3173 5456 3283 5510 τῶν
3340 5451 3713 5526 καθισμάτων,
3763 5450 3847 5505 καί

2216 5541 2551 5606 συνεσθίουσι
2603 5547 2683 5616 τῷ
2736 5540 2956 5620 βασιλεῖ
3004 5543 3059 5601 οἱ
3121 5542 3499 5620 πραιπόσιτοι,
3556 5538 3843 5617 πατρίκιοι,

2215 5627 2579 5709 ὀφιρικιάλιοι,
2616 5630 3097 5707 πρωτοσπαθάριοι
3137 5632 3225 5688 καὶ
3267 5628 3691 5707 χαρτουλάριοι,
3722 5628 3843 5683 ὅπα-
