4080 6300
245 391 400 452 1405

1103 391 1204 451 DE
1249 389 1696 454 CERIMONIIS
1739 385 1974 452 ΑΠΙιῶ
2013 383 2495 447 ΒΥΖΑΝΤΙΝᾸΞ
2535 385 2684 446 LIB.
2730 386 2808 447 ll.

3497 386 3648 450 1406

243 549 354 597 τοι,
420 527 766 600 βεστήτορες,
824 523 1204 592 σιλεντιάριοι,
1255 528 1283 581 ὁ
1332 527 1653 601 ἆκτουάριος
1703 526 1792 580 καὶ
1838 524 1888 580 οἱ

2014 532 2211 580 cuntur
2235 527 2292 579 et
2320 524 2650 579 educuntur
2667 524 2840 580 modo
2871 540 3052 596 supra
3079 525 3316 598 scripto.
3341 527 3490 584 Dum
3510 544 3644 585 vero

244 623 345 673 τοῦ
377 616 615 686 ἡλιακοῦ
663 614 754 668 σὺν
785 619 863 685 τῷ
912 612 1286 690 δεησογράφῳ,
1344 616 1437 669 τόν
1491 615 1724 690 ἀριθμὸν
1752 613 1889 669 κατὰ

242 708 309 764 τὸ
364 706 530 761 ποσὸν
564 707 665 767 τῆς
721 702 1013 778 τραπέζης.
1077 702 1389 778 Εἰσάγονται
1423 701 1479 759 δὲ
1542 704 1634 758 καὶ
1672 703 1890 778 ἐξάγον-

249 818 341 856 ται
370 795 508 851 κατὰ
536 796 624 849 τὸν
659 791 913 867 ἀνωτέρω
946 791 1211 868 λεχθέντα
1238 794 1464 867 τρόπον.
1511 793 1800 860 Μεσούσης
1832 790 1890 847 δὲ

245 894 350 957 τῆς
405 885 601 957 ἑορτῆς
633 885 711 957 (4)
741 886 837 938 τοῦ
878 883 1069 958 Πάσχα
1095 881 1336 938 τελεῖται
1365 879 1686 958 προέλευσις
1718 880 1891 955 δημο-

249 975 362 1044 σία,
421 975 511 1030 καὶ
567 973 935 1049 προέρχονται
1003 972 1054 1026 οἱ
1117 969 1360 1047 βασιλεῖς
1423 971 1745 1046 ἐμπράττως
1815 970 1890 1031 είς

247 1067 341 1123 τὸν
399 1065 523 1120 ναὸν
586 1066 682 1117 τοῦ
741 1061 928 1136 Ἀγίου
975 1061 1228 1132 Μωκίου,
1288 1063 1376 1116 καὶ
1409 1060 1745 1135 τελουμένης
1786 1067 1886 1130 τῆς

248 1155 397 1227 ἱερᾶς
446 1149 790 1227 λειτουργίας
839 1150 1150 1224 προτίθεται
1198 1148 1508 1226 κλητώριον
1546 1155 1626 1223 τῷ
1678 1147 1895 1226 βασιλεῖ

249 1242 337 1298 ἐπὶ
387 1242 712 1309 ἀποκοπτῆς
765 1240 1035 1312 τραπέζης
1088 1238 1141 1294 ἔν
1197 1244 1313 1302 τοῖς
1363 1240 1535 1295 ἐκεῖσε
1587 1237 1892 1315 τρικλίνοις

249 1333 340 1388 καὶ
399 1333 741 1386 συνεστιᾶται
796 1329 823 1383 ὁ
881 1329 1230 1404 πατριάρχης
1281 1333 1363 1401 τῷ
1397 1327 1633 1403 βασιλεῖ,
1662 1328 1753 1382 καὶ
1810 1326 1894 1382 δεῖ

249 1424 400 1495 ἡμᾶς
434 1419 766 1495 εὐτρεπίζειν
817 1417 894 1480 εἷς
944 1418 1271 1472 συνεστίασιν
1321 1417 1496 1472 αὐτῶν
1547 1416 1740 1496 φίλους
1790 1414 1894 1470 ὰπὸ

249 1517 352 1580 τῆς
381 1508 583 1579 τάξεως
631 1511 740 1562 τῶν
790 1507 1128 1584 μαγίστρων,
1177 1507 1518 1576 ἀνθυπάτων,
1568 1505 1895 1581 πατρικίων,

260 1595 698 1673 μητροπολίτας,
759 1594 1142 1675 ὀφιρικιαλίους
1195 1596 1287 1650 καὶ
1367 1596 1759 1670 ταγματικοὺς,
1805 1594 1896 1650 καὶ

256 1691 364 1744 τῶν
393 1685 455 1743 ἐκ
494 1693 595 1754 τῆς
647 1683 956 1761 συγκλήτου
989 1685 1314 1759 καμπαγίων
1368 1685 1504 1740 κατὰ
1549 1686 1593 1723 ίί
1639 1685 1702 1739 τὸ
1733 1685 1898 1740 ποσὸν

255 1783 357 1846 τῆς
406 1774 700 1847 τραπέζης·
748 1775 980 1850 εἰσάγειν
1037 1772 1096 1828 δὲ
1133 1772 1327 1836 αὖτοὺς
1374 1774 1465 1830 καὶ
1513 1773 1714 1849 ἐξάγειν
1767 1775 1900 1845 μετὰ

2006 615 2260 670 medium
2293 619 2378 670 est
2410 616 2616 670 fe~tum
2671 614 2962 685 pascbatis
2995 615 3075 688 [id
3120 624 3208 673 est
3243 619 3334 673 die
3380 619 3529 674 inter
3557 619 3643 674 fe-

2002 708 2156 759 stum
2189 703 2481 775 paschatis
2511 709 2569 760 et
2599 705 2810 760 festum
2838 713 3200 777 pentecostes
3220 707 3454 782 medio].
3481 724 3642 780 pera-

2002 793 2156 863 gitur
2189 794 2484 863 processio
2525 793 2777 864 publica,
2826 800 2884 850 et
2931 796 3217 868 prodeunt
3266 798 3642 870 imperatores

2008 879 2068 935 in
2095 881 2353 938 solemne
2387 899 2599 955 pompa
2632 883 2700 938 ad
2733 883 3014 955 templum
3047 885 3105 941 S.
3138 885 3649 958 Mocii,sanctoque

2003 970 2196 1026 ofﬁcio
2218 971 2301 1026 ibi
2326 977 2578 1042 peracto,
2598 973 2752 1029 448
2775 978 3090 1045 apparatur
3109 980 3166 1030 et
3187 975 3650 1046 preponiturim-

2004 1059 2254 1130 peratori
2268 1060 2586 1116 convivium
2601 1079 2773 1132 super
2788 1062 3074 1134 peculiare
3089 1079 3288 1120 mensa
3300 1063 3357 1120 in
3373 1064 3648 1122 tricliniis

2006 1163 2106 1204 seu
2143 1145 2378 1220 palatio,
2405 1151 2558 1220 quod
2583 1166 2760 1221 penes
2791 1151 2934 1208 illud
2967 1152 3251 1226 templum
3270 1157 3376 1210 est.
3401 1153 3649 1210 Patriaro

2005 1236 2116 1294 oha
2162 1235 2243 1292 ibi
2273 1237 2606 1293 convivatur
2648 1239 2976 1310 imperatori
3004 1257 3020 1308 ;
3047 1241 3446 1314 invitandique
3477 1242 3647 1298 nobis

2007 1330 2143 1382 sunt
2171 1326 2242 1382 ad
2289 1325 2714 1382 convivandum
2765 1327 2933 1384 amici
2983 1331 3052 1385 de
3083 1331 3287 1387 ordine
3337 1331 3647 1404 magistro-

2007 1431 2162 1479 rum,
2209 1415 2645 1488 proconsulum,
2687 1416 3088 1489 patriciorum,
3121 1419 3647 1492 metropolitarum,

2007 1503 2345 1560 ofﬁcialium
2392 1509 2448 1560 et
2497 1505 2940 1577 tagmaticorum
2992 1506 3462 1579 magistratuum,
3505 1510 3645 1566 item

2006 1600 2340 1650 senatorum
2371 1593 2676 1666 campagia
2727 1595 3061 1665 ferentium,
3092 1601 3198 1667 tot,
3248 1602 3392 1668 quot
3446 1613 3650 1655 mensa

2008 1683 2182 1755 capit.
2217 1683 2677 1740 Introducuntur
2705 1687 2763 1738 et
2790 1683 3120 1740 educuntur
3147 1684 3208 1740 in
3240 1685 3360 1742 suis
3402 1690 3652 1743 mutato-

2010 1775 2135 1841 riis,
2167 1771 2390 1844 absque
2418 1771 2654 1828 tunicis.
2685 1771 2923 1836 Quando
2954 1773 3238 1830 factiones
3267 1779 3395 1831 acta
3421 1792 3526 1831 sua
3546 1791 3648 1832 seu

260 1869 368 1920 τῶν
399 1863 614 1920 οἰκείων
656 1861 972 1936 ἆλλαξίμων
1019 1862 1196 1942 χωρὶς
1243 1867 1352 1917 τῶν
1402 1860 1721 1937 χλανιδίων*
1756 1860 1809 1916 ἰν
1843 1859 1901 1917 δὲ

2014 1861 2212 1918 laudes
2235 1860 2608 1918 dominorum
2637 1869 2689 1916 et
2721 1861 2816 1934 pia
2843 1865 2976 1918 vota
3003 1862 3648 1935 exelamant,jubemus

258 1957 339 2024 τῷ
385 1950 744 2027 προλεχοὲντι
785 1957 886 2020 τῆς
937 1950 1265 2024 ἀκτολογίας
1310 1953 1418 2004 τῶν
1466 1947 1658 2024 δήμων
1715 1943 1902 2024 χρόνῳ

259 2041 532 2112 ἕξανιστᾷν
589 2039 821 2100 ἅπαντας
871 2038 1002 2100 τοὺς
1050 2038 1424 2111 κεκλημένους
1480 2038 1556 2101 είς
1624 2039 1901 2118 εὐφημίαν

255 2133 364 2186 τῶν
433 2127 732 2186 δεσποτῶν.
790 2129 908 2185 Ἐπὶ
957 2125 1013 2182 δὲ
1063 2135 1164 2198 τῆς
1212 2129 1358 2192 θείας
1425 2131 1516 2183 καί
1571 2129 1718 2203 ἱερᾶς
1771 2127 1905 2200 μετὰ

261 2219 458 2296 σαρκὸς
497 2219 575 2280 εἰς
626 2216 889 2292 οὐρανοὺς
941 2216 1268 2290 ἀναλήψεως
1323 2221 1421 2271 τοῦ
1480 2215 1684 2291 Κυρίου
1741 2220 1902 2290 ἡμῶν

263 2310 444 2380 Ἰησοῦ
491 2311 725 2383 Χριστοῦ
760 2309 1072 2380 θαυμαστῆς
1129 2306 1338 2380 ἡμέρας
1387 2303 1624 2362 τελεῖται
1665 2304 1906 2378 δημοσία

265 2395 588 2473 προέλευσις
618 2397 764 2472 παρὰ
802 2402 909 2452 τῶν
967 2394 1234 2470 βασιλέων
1276 2396 1442 2468 ἡμῶν
1495 2400 1603 2450 τῶν
1653 2395 1817 2471 ἁγίων
1852 2393 1904 2450 ἒν

265 2493 346 2562 τῷ
375 2486 666 2559 πανσὲπτῳ
694 2487 782 2540 καὶ
837 2479 1116 2558 σεϐασμίῳ
1163 2488 1276 2557 ναῷ
1302 2490 1404 2554 τῆς
1473 2483 1764 2558 ὑπεραγῖας
1821 2481 1907 2539 δε-

265 2576 494 2647 σποίνης
524 2578 686 2649 ἡμῶν
727 2573 992 2631 Θεοτόκου
1023 2577 1122 2643 τῆς
1178 2580 1397 2648 Πηγῆς,
1435 2572 1524 2628 καὶ
1570 2570 1908 2647 τελουμίνης

261 2673 364 2736 τῆς
398 2668 544 2740 ἱερᾶς
593 2663 956 2739 λειτουργίας,
985 2661 1299 2739 προτίθεται
1331 2661 1643 2736 κλητώριον
1695 2666 1775 2735 τῷ
1810 2663 1911 2738 βα-

267 2753 413 2810 σιλεῖ
465 2752 552 2808 ἐπί
605 2752 928 2817 ἀποκοπτῆς
975 2751 1274 2825 τραπέζης,
1326 2750 1416 2805 καὶ
1476 2749 1817 2805 συνεστιὰται
1884 2751 1912 2804 ὁ

268 2841 617 2918 πατριάρχης
659 2844 740 2912 τῷ
795 2837 1035 2915 βασιλεῖ,
1085 2840 1175 2894 καὶ
1234 2835 1634 2914 συγκαλοῦνται
1667 2837 1745 2902 εἷς
1792 2859 1913 2893 συν-

269 2931 501 2989 εστίασιν
546 2930 694 3003 αὐτῷ
739 2929 890 3007 φίλοι
947 2928 1055 2984 ἀπό
1101 2935 1202 2999 τῆς
1232 2929 1432 3000 τάξεως
1460 2933 1568 2984 τῶν
1606 2927 1915 3003 μαγίστρων

276 3021 367 3077 καὶ
413 3018 701 3095 κατωτέρω
759 3019 896 3074 κατὰ
948 3019 1049 3087 τήν
1091 3015 1298 3074 ἔκθεσιν
1351 3017 1443 3072 καὶ
1490 3019 1554 3074 τὸ
1585 3024 1780 3092 σχῆμα
1809 3021 1917 3073 τῶν

275 3110 685 3184 προλεχθεισῶν
717 3112 1028 3182 περιφανῶν
1058 3105 1454 3183 προελεύσεων.

855 3197 919 3253 Ἣ
953 3198 1296 3267 Πεντηκοστή
1308 3237 1322 3251 .

2007 1952 2281 2009 convivas
2317 1967 2522 2008 omnes
2567 1966 2827 2023 surgere,
2861 1955 2925 2007 ut
2953 1957 3012 2008 et
3060 1951 3171 2023 ipsi
3201 1951 3458 2010 dominis
3502 1955 3651 2012 bene

2009 2046 2340 2114 precentur.
2373 2039 2576 2096 Divino
2608 2045 2804 2096 autem
2835 2039 2936 2097 illo
2966 2046 3284 2114 sanctoque
3312 2045 3370 2098 et
3398 2041 3652 2100 admira-

2009 2129 2111 2186 bili
2133 2128 2226 2185 die
2257 2129 2424 2195 festo,
2443 2145 2558 2201 quo
2587 2128 2802 2186 Christi
2823 2129 2882 2184 in
2904 2144 3080 2187 carne
3101 2131 3428 2202 assumptio
3457 2132 3516 2187 in
3539 2147 3652 2188 cce-

2009 2217 2131 2272 lum
2161 2216 2514 2284 celebratur,
2547 2217 2840 2289 peragitur
2865 2216 3094 2287 publica
3128 2217 3416 2289 processio
3438 2235 3472 2275 a
3490 2235 3657 2277 vene-

2010 2305 2294 2362 rabilibus
2323 2305 2539 2362 nostris
2564 2305 3012 2378 imperatoribus
3051 2307 3112 2364 in
3141 2307 3459 2364 admodum
3481 2323 3653 2364 vene-

2011 2395 2195 2452 rabile
2225 2394 2721 2466 reverendumque
2748 2394 3034 2466 templum
3066 2396 3444 2453 sanctissimas
3464 2397 3658 2454 Domi-

2013 2501 2100 2542 nis
2131 2489 2340 2540 nostra
2375 2484 2627 2556 Deiparaa
2660 2484 2818 2557 Pigis
2863 2499 2964 2540 seu
2996 2485 3070 2541 ad
3101 2485 3315 2543 fontem
3343 2505 3359 2554 ;
3393 2501 3660 2558 peracto-

2014 2589 2128 2646 que
2149 2589 2314 2629 sacro
2344 2573 2556 2643 ofﬁcio,
2588 2573 2932 2645 proponitur
2959 2573 3296 2646 imperatori
3329 2574 3660 2630 convivium

2016 2680 2194 2736 super
2251 2662 2542 2735 peculiare
2586 2663 2811 2732 tabula,
2843 2669 2897 2718 et
2945 2663 3281 2719 convivatur
3328 2662 3660 2735 patriarcha

2019 2753 2275 2821 domino,
2339 2753 2780 2822 invitanturque
2838 2752 2910 2808 ad
2969 2752 3187 2824 pariter
3233 2752 3660 2808 convivandum

2019 2842 2195 2900 amici
2226 2843 2300 2898 ab
2357 2841 2558 2898 ordine
2615 2843 3027 2913 magistrorum
3059 2841 3195 2898 inde
3249 2845 3308 2896 et
3357 2841 3442 2897 sic
3489 2857 3662 2914 porro

2020 2931 2275 2988 minores
2305 2929 2681 3001 magistratus
2704 2929 3024 2985 secundum
3051 2930 3323 3002 superius
3343 2929 3662 3000 expositam

2021 3019 2336 3078 formulam
2385 3018 2793 3090 pradictarum
2842 3016 3287 3090 splendidarum
3335 3017 3664 3090 processio-

2021 3123 2188 3165 num.

2360 3199 2436 3254 De
2464 3194 2787 3253 cerimoniis
2813 3196 2943 3265 [cui
2969 3195 3326 3252 Pentecoste.»

342 3288 420 3358 Τῇ
452 3282 510 3339 δὲ
537 3283 662 3359 ἁγίᾳ
684 3290 786 3352 τῆς
830 3253 1206 3351 Πεντηκοστῆς
1246 3253 1428 3358 ἠομέρᾳ
1475 3285 1714 3341 τελεῖται
1771 3306 1905 3360 προ-

2097 3289 2306 3344 Sancto
2353 3253 2447 3342 die
2490 3253 2858 3343 Pentecostes
2912 3284 3212 3358 peragitur
3259 3284 3548 3356 processio
3578 3301 3670 3343 se-

275 3373 485 3437 ἒλευσις
540 3372 676 3427 κατᾶ
730 3372 822 3426 τὸν
885 3369 1054 3425 τύπον
1109 3377 1210 3439 τῆς
1239 3375 1336 3424 τοῦ
1387 3368 1686 3445 σεϐασμίου
1719 3373 1916 3452 Ηάσχα

275 3463 329 3518 ἰν
359 3467 426 3537 τῇ
458 3461 584 3538 ἁγίᾳ
630 3465 728 3516 τοῦ
760 3463 894 3516 Θεοῦ
949 3458 1216 3531 καθολικῇ
1274 3458 1361 3512 καὶ
1411 3457 1751 3534 ἁποστολικῇ
1795 3463 1918 3518 Ἐκ-

277 3551 500 3624 κλησίᾳ,
531 3551 622 3605 καὶ
652 3549 960 3625 προτίθεται
990 3553 1175 3622 κρᾶμα
1217 3545 1389 3603 ἐκεῖσε
1432 3553 1551 3610 τοῖς
1612 3549 1914 3623 βασιλεῦσι,

275 3643 365 3697 καὶ
405 3643 847 3716 προσκαλοῦνται
878 3638 930 3692 οἱ
960 3635 1214 3712 ἀνωτέρω
1264 3634 1548 3713 λεχθέντες
1605 3637 1780 3716 φίλοι.
1813 3639 1916 3698 Καὶ

280 3733 629 3806 ὑποστροφῆς
677 3732 786 3785 τῶν
837 3725 1105 3804 βασιλέων
1165 3725 1218 3781 ἐν
1272 3731 1353 3799 τῷ
1407 3726 1636 3804 μεγάλῳ
1665 3727 1919 3802 παλατίῳ

283 3821 418 3894 μετᾶ
443 3819 820 3896 προελεύσεως
849 3817 1170 3891 γενομένης,
1227 3816 1539 3890 προτίθετιοι
1585 3818 1649 3874 τὸ
1711 3817 1921 3894 βασιλι-

277 3911 373 3965 κὸν
421 3906 731 3982 κλητώριον
780 3905 866 3962 ἐπὶ
926 3905 1246 3975 ἀποκοπτῆς
1291 3905 1565 3979 τραπὲζης
1607 3905 1660 3962 ἐν
1704 3913 1785 3981 τῷ
1823 3929 1920 3964 πε-

276 3993 552 4071 ριϐλέπτῳ
618 3997 994 4055 Ἰουστινιανοῦ
1046 3992 1335 4069 τρικλίνῳ,
1393 3994 1482 4048 καὶ
1543 4001 1919 4054 συνεστιῶνται

270 4093 352 4160 τῷ
385 4086 602 4163 βασιλεῖ
629 4087 681 4141 οἱ
710 4087 846 4142 κατά
872 4085 1041 4140 τύπον
1087 4085 1340 4160 ἀνωτὲρω
1401 4085 1692 4162 λεχθέντες
1742 4089 1919 4167 φίλοι,

274 4178 616 4253 είσαγόμενοι
646 4177 734 4230 καὶ
769 4175 1086 4251 ἐξαγόμενοι
1115 4175 1251 4249 μετὰ
1277 4179 1386 4230 τῶν
1417 4175 1636 4232 οἰκείων
1693 4177 1922 4250 ἀλλαξι-

275 4268 457 4341 μάτων
514 4265 690 4342 χωρὶς
757 4262 1078 4343 χλανιδίων.
1141 4265 1288 4320 Μετά
1345 4261 1402 4319 δὲ
1465 4267 1564 4335 τὴν
1621 4267 1774 4342 ἁγίαν
1819 4275 1919 4338 τῆς

273 4361 651 4425 Πεντηκοστῆς
708 4353 918 4428 ἡμέραν
972 4351 1272 4408 ἐκτελεῖται
1344 4354 1406 4408 τὸ
1485 4353 1747 4429 στέψιμον
1817 4362 1914 4413 τοῦ

2017 3377 2282 3432 cundum
2316 3374 2650 3440 formulam,
2690 3390 2816 3446 quae
2847 3374 2941 3430 die
2971 3375 3320 3430 venerabilis
3366 3374 3670 3432 Paschatis

2020 3465 2166 3520 festo
2197 3465 2557 3527 obserutur,
2593 3464 2652 3518 in
2684 3468 2941 3518 sanctam
2975 3463 3320 3519 catholicam
3353 3468 3410 3520 et
3438 3471 3671 3536 aposto-

2021 3551 2195 3608 licam
2229 3551 2329 3608 Dei
2363 3551 2680 3624 [magnam]
2712 3551 3058 3620 Ecclesium;
3093 3553 3538 3624 proponituribi
3562 3553 3673 3608 im'

2023 3644 2388 3718 peratoribus
2419 3643 2667 3698 mixtum
2693 3659 2709 3710 ;
2741 3647 2798 3698 et
2825 3641 2997 3698 amici
3022 3641 3195 3715 paulo
3233 3647 3368 3698 ante
3395 3642 3537 3698 dicti
3567 3643 3668 3699 in-

2026 3737 2284 3790 vitantur
2313 3733 2385 3789 ad
2443 3732 2797 3788 convivium.
2848 3731 3069 3788 Interea
3121 3732 3363 3787 redeunt
3418 3731 3672 3803 impera-

2025 3832 2180 3881 tores
2205 3824 2266 3880 in
2295 3837 2578 3895 magnum
2611 3821 2892 3894 palatium
2925 3820 2984 3877 in
3027 3820 3419 3893 processione,
3461 3835 3674 3892 propo-

2029 3915 2305 3987 niturque
2326 3927 2558 3969 sacrum
2591 3910 2926 3968 convivium
2959 3926 3132 3981 super
3162 3908 3452 3983 peculiare.
3474 3923 3678 3964 mensa

2026 4004 2086 4061 in
2135 4003 2437 4078 splendido
2487 4000 2744 4058 triclinio
2787 3999 3132 4070 Justinlani,
3188 4004 3246 4056 et
3294 4000 3676 4055 convivantur

2025 4093 2382 4166 imperatori,
2418 4107 2566 4164 quos
2617 4107 2721 4163 par
2761 4097 2845 4145 est
2891 4105 2961 4144 ex
3009 4089 3231 4156 rituali,
3271 4087 3443 4144 amici
3495 4103 3673 4159 supra

2025 4183 2334 4251 nominati,
2357 4179 2673 4238 introducti
2693 4183 2752 4235 et
2778 4180 2973 4235 educti
2995 4194 3130 4235 cum
3163 4177 3288 4234 suis
3319 4178 3668 4246 mutatoriis,

2025 4276 2246 4346 absque
2275 4271 2512 4328 tunicis.
2547 4271 2684 4326 Post
2730 4274 2998 4324 sanctum
3053 4269 3413 4324 Pentecostes
3456 4268 3668 4324 festum

2027 4363 2352 4421 celebratur
2409 4359 2625 4416 natalis
2684 4356 3076 4414 coronationis
3143 4358 3417 4430 despota.
3476 4355 3670 4412 Primo

263 4443 529 4503 δεσπότου
559 4447 660 4516 (5).
689 4445 774 4515 Τῇ
803 4439 859 4497 δε
889 4442 1082 4517 πρώτῃ
1125 4443 1223 4496 τοῦ
1280 4441 1460 4500 Μαΐου
1524 4447 1696 4517 μηνὸς
1761 4445 1905 4504 ἐκτε-

2020 4455 2155 4511 Maii
2186 4451 2555 4509 celebrantur
2599 4448 2858 4506 encania
2893 4446 2989 4519 vel
3039 4447 3326 4504 dedicatio
3376 4444 3546 4504 Novae
3575 4461 3672 4503 ec-

1622 4547 1864 4606 VARIIE
1911 4550 2322 4611 LECTlONES.

346 4637 388 4672 ¹¹
425 4633 511 4691 Ita
532 4647 645 4689 em.
677 4631 770 4700 l't.,
800 4629 1124 4707 καμπαγίων
1155 4633 1265 4687 τῶν
1297 4632 1429 4687 κατὰ
1460 4634 1590 4690 cod.
1622 4640 1681 4692 et
1708 4639 1802 4696 ed.

1313 4732 1514 4790 JOAN.
1552 4734 1696 4791 JAC.
1737 4737 1995 4798 REISKII
2034 4736 2623 4798 COMMENTARIUS.

338 4831 655 4903 (4)Ergone
669 4826 888 4903 Pascha
899 4831 956 4882 et
969 4827 1182 4903 festum
1196 4830 1496 4886 Paschalis
1509 4831 1913 4903 appellabatur

264 4899 458 4963 totum
487 4899 717 4972 témpus
734 4899 1160 4972 quinquaginta
1173 4903 1332 4972 dieru
1345 4903 1524 4972 m,qui
1545 4899 1908 4963 Dominioam

265 4973 573 5034 Paschatis
599 4971 657 5028 et
683 4973 1048 5028 Pentecostes
1066 4971 1540 5029 intercedebant?
1573 4974 1908 5033 Dixerintne

265 5045 455 5107 Graeci
495 5047 626 5099 novi
660 5045 839 5114 μισεῖν
874 5057 975 5112 pro
1009 5039 1282 5114 μεσάζειν,
1315 5060 1430 5099 non
1463 5044 1610 5100 bene
1641 5047 1904 5104 memini.

263 5121 456 5195 Erunt
486 5120 640 5195 certe
681 5113 1170 5195 συὶμεσαζούσης
1225 5113 1320 5170 hic
1358 5131 1647 5195 reponere
1686 5118 1914 5195 malint.

263 5188 509 5250 Nullum
560 5183 742 5241 alium
788 5183 965 5256 diem,
1016 5200 1193 5256 quam
1243 5183 1501 5241 medium
1546 5188 1696 5243 inter
1744 5191 1917 5247 ambo

264 5263 422 5320 festa
469 5273 576 5314 seu
625 5254 970 5328 vigesimum
1021 5254 1292 5328 quintum
1341 5273 1375 5312 a
1423 5258 1569 5313 festo
1613 5258 1915 5317 Paschatis

265 5333 409 5407 inde
438 5325 744 5407 designari
765 5325 951 5407 liquet
979 5325 1166 5407 sieo,
1205 5329 1356 5407 quod
1401 5328 1581 5384 medio
1603 5331 1745 5407 festo
1774 5337 1914 5407 Pus-

264 5403 447 5462 chalzs
493 5397 594 5456 hic
636 5397 748 5455 loci
796 5397 1013 5469 dicitur
1061 5397 1376 5469 imperator
1415 5397 1706 5469 procedere
1749 5402 1822 5458 ad
1856 5404 1911 5459 S.

265 5475 524 5544 Mocium.
551 5469 720 5543 Atqui
755 5487 811 5542 p.
832 5468 924 5544 5_9_,
949 5483 1051 5524 seu
1083 5468 1124 5544 1ἶ
1148 5471 1193 5539 Ι,
1225 5485 1353 5544 cap.
1388 5468 1476 5536 17,
1502 5471 1567 5544 in
1599 5474 1725 5544 ipso
1745 5473 1915 5532 titulo

265 5544 483 5600 dicitur
513 5537 820 5610 imperator
848 5539 1002 5614 illuc,
1019 5537 1228 5597 vadere
1255 5537 1324 5613 τῇ
1351 5537 1569 5614 τετράδι
1597 5537 1698 5612 τῆς
1731 5544 1914 5600 Μεσο-

271 5617 669 5738 πενῖηὶκοσῖῆς,
727 5627 833 5669 seu
886 5611 1038 5685 feria
1089 5611 1308 5686 quarta'
1343 5611 1662 5686 septimanae
1704 5621 1914 5689 quartae

275 5701 371 5738 nos
469 5699 648 5738 ascia.

271 5693 394 5758 post
424 5693 648 5758 Pascha.

343 5756 422 5827 (5)
471 5754 540 5809 At
600 5752 812 5824 cujus?
869 5753 1074 5813 Leonis
1129 5757 1384 5828 profecto
1433 5758 1742 5830 Sapientis,
1803 5759 1914 5818 sub

2023 4854 2140 4911 quo
2169 4835 2613 4908 Cletorologium
2645 4833 2758 4890 hoc
2802 4833 3102 4891 conditum
3144 4834 3344 4899 fuisse,
3377 4831 3583 4888 multis
3611 4833 3670 4886 et

2023 4908 2368 4964 indubitatis
2423 4905 2782 4977 argumentis
2826 4912 3075 4962 constat.
3130 4904 3310 4977 Atqui
3356 4910 3666 4977 coronatus

2023 4981 2124 5036 ille
2153 4997 2188 5036 ο,
2245 4980 2411 5035 Patre
2459 4973 2670 5035 Basilio
2715 4977 2821 5032 fuit
2871 4977 2965 5032 die
3013 4977 3159 5033 festo
3217 4973 3664 5046 EpiphaniasiA.

2023 5052 2150 5124 ξπ).
2199 5051 2492 5124 (Ῡὶἀεμοιι
2552 5046 3014 5124 Cange__Fami_l.
3088 5043 3336 5124 Byzant.
3385 5061 3441 5115 p.
3482 5043 3670 5124 _t_lit.)

2025 5115 2265 5178 Etiamsi
2295 5120 2433 5178 velis
2459 5122 2602 5178 forte
2631 5115 2936 5191 conjicere,
2963 5115 3212 5191 Leonem
3245 5115 3338 5172 die
3369 5120 3501 5187 post
3521 5116 3667 5191 Pen-

2024 5198 2284 5250 tecosten
2345 5193 2610 5266 proximo
2667 5185 2974 5266 imperium
3008 5189 3264 5266 _a_diiss_e,
3300 5185 3501 5266 patre
3523 5185 3668 5266 vivis

2025 5271 2313 5331 exempto,
2345 5256 2668 5336 heqnehoc
2699 5256 2975 5336 procedit.
3008 5258 3155 5316 Nam
3187 5256 3434 5336 Basilius
3465 5256 3666 5336 Calep:

2024 5337 2114 5392 dis
2170 5329 2394 5393 Martiis
2443 5329 2604 5401 obiit,
2656 5329 2715 5388 ut
2761 5332 2850 5387 Du
2890 5334 3089 5402 Csnge
3124 5329 3407 5402 perhibet,
3458 5335 3558 5386 aut
3596 5329 3666 5383 29

2023 5409 2194 5490 Aug.,_
2247 5412 2312 5463 ut
2353 5407 2585 5490 Foster.
2642 5404 2807 5490 Erga
2846 5408 2963 5490 aut
2989 5401 3139 5490 sub
3169 5401 3282 5460 alio
3306 5401 3665 5490 imperatore

2023 5469 2458 5550 scriptumhfuit
2520 5475 2629 5530 hoc
2694 5469 3164 5550 Cletorologiqm,
3223 5477 3326 5531 aut
3378 5469 3664 5550 particula

2023 5545 2247 5606 haec—ab
2272 5547 2463 5604 aliena
2493 5561 2669 5601 manu
2696 5550 2786 5601 est
2813 5545 3032 5601 addita.
3058 5545 3201 5615 Ergo
3231 5561 3333 5616 per
3361 5545 3664 5616 dsspgotam

2021 5617 2372 5700 intelligitur
2400 5618 2822 5700 Constantinus
2842 5613 3185 5700 "Porphyrl,
3219 5613 3428 5673 Leonis
3474 5613 3662 5670 illius.

2020 5687 2326 5764 Despotas,
2359 5687 2640 5764 appellari
2665 5689 2790 5761 jam
2841 5687 3095 5764 Heraclii
3123 5693 3664 5764 tempors‘conaue:

2020 5755 2173 5819 viss'e
2207 5755 2358 5819 ﬁlios
2384 5755 2822 5834 imperatorum,
2863 5763 3104 5833 apparet
3127 5775 3198 5818 ex
3214 5755 3273 5834 p'.
3306 5759 3430 5818 363.
3471 5755 3660 5817 Simul
