4088 6300
467 440 619 502 14οἾ

1535 431 2051 494 CONSTANTlNl
2093 433 2790 501 PORPHYROGENITI

3766 437 3939 497 1408

464 573 692 639 clesiae;
726 571 994 643 factaque
1040 568 1291 625 solemne
1334 583 1468 623 cum
1500 566 1681 623 cereis
1713 569 1770 621 et
1814 565 2090 638 supplica-

2219 564 2449 625 λοῦνταέ
2493 571 2559 624 τὰ
2618 569 2864 647 ἐγκαίνια
2896 577 2995 641 τῆς
3052 572 3196 633 Νέας
3235 566 3563 639 ἐκκλησίας,
3604 566 3713 622 καὶ
3764 566 3933 623 1:1:-

464 664 724 721 tionibus
756 660 1124 733 processione
1152 675 1183 714 e
1211 657 1428 729 templo
1450 657 1509 713 S.
1544 656 1791 726 Deiparas
1824 656 2019 723 Phari,
2044 660 2102 711 et

464 760 586 811 tum
633 758 865 827 peracto
920 768 1083 808 sacro
1131 750 1343 818 ofﬁcio,
1394 752 1798 821 proponuntur
1845 748 2099 804 dominis

462 848 640 916 dapes
671 847 730 901 in
754 845 1015 916 jucundo
1046 840 1507 915 chrysotriclino,
1540 841 1882 897 convivante
1914 840 2097 912 impe-

461 936 633 992 ratori
669 933 1035 1007 patriarcha;
1069 932 1501 1002 invitanturque
1533 931 1603 985 ad
1628 930 1899 985 eumdem
1925 929 2099 986 ﬁnem

460 1023 750 1094 magistri,
775 1021 1094 1095 praepositi,
1125 1020 1375 1092 patricii,
1399 1018 1590 1075 ceteri
1621 1018 1889 1073 homines
1920 1017 2099 1089 impe-

459 1113 633 1169 riales
661 1121 714 1169 et
740 1112 1122 1182 metropolitss
1156 1126 1258 1182 pro
1290 1108 1511 1164 ratione
1549 1106 1777 1162 tabulae.
1812 1108 1964 1162 449
1998 1106 2100 1162 Die

460 1203 767 1259 undecimo
798 1201 927 1256 Maii
965 1199 1260 1272 peragitur
1288 1196 1496 1253 natalis
1524 1196 1699 1267 hujus
1730 1196 1893 1251 urbis
1923 1204 1977 1251 et
2006 1196 2103 1251 ad-

458 1294 713 1350 mittitur
734 1291 1035 1347 deximum
1067 1305 1169 1344 seu
1210 1288 1382 1343 turba
1412 1287 1795 1343 salutantium
1828 1293 1883 1341 et
1903 1290 2100 1357 gratu-

458 1382 707 1438 lantium
753 1383 976 1451 absque
1024 1378 1245 1434 saximo
1288 1380 1525 1444 tamen;
1560 1375 1888 1431 celebratur
1926 1376 2096 1431 etiam

457 1474 726 1542 equestre
774 1472 1067 1524 certamen
1118 1465 1465 1531 cursoriam,
1497 1465 1786 1537 modoque
1826 1464 2097 1537 praedicto

452 1557 671 1615 convivi
683 1556 909 1613 um.Die
921 1563 1118 1611 octavo
1133 1553 1268 1609 Maii
1285 1552 1579 1624 peragitur
1593 1553 1886 1624 processio
1899 1569 2101 1611 memo-

456 1648 552 1703 riae
583 1645 775 1701 Sancti
805 1644 1055 1700 Joannis
1082 1642 1359 1714 Theologi
1392 1643 1449 1697 in
1482 1642 1797 1711 bebdomo,
1817 1643 2100 1716 ﬁnitoque

455 1752 621 1793 sacro
664 1734 878 1800 ofﬁcio,
926 1740 1340 1805 proponuntur
1370 1730 1571 1801 dapes,
1603 1736 1661 1787 et
1699 1740 2101 1790 convocantur

455 1827 773 1882 secundum
790 1826 964 1879 ritum
980 1822 1256 1879 senatorii
1282 1838 1485 1878 omnes
1502 1839 1603 1891 pro
1625 1823 1847 1879 ratione
1861 1840 2094 1880 mensa}.

454 1914 556 1972 Die
594 1913 873 1985 vigesimo
897 1912 1034 1968 Julii
1076 1911 1371 1984 peragitur
1415 1928 1546 1966 cum
1577 1912 1834 1969 solemne
1864 1913 2094 1985 suppli-

454 2002 716 2058 cabunda
743 1999 1115 2072 processione
1145 2000 1300 2055 intra
1332 1998 1610 2068 palatium
1645 1999 1931 2056 memoriae
1952 2000 2091 2056 Elite

453 2090 769 2163 prophetae,
800 2096 851 2145 et
884 2105 987 2161 per
1025 2104 1153 2144 eam
1201 2088 1532 2143 celebratur
1571 2089 1855 2145 memoria
1883 2088 2092 2145 dimis-

453 2180 636 2237 sionis
668 2180 749 2252 pii
775 2179 996 2237 domini
1029 2178 1210 2234 nostri
1238 2177 1474 2249 (Leonis
1502 2178 1819 2250 Sapientis)
1845 2195 1877 2235 e
1906 2183 2094 2236 custo-

452 2272 563 2329 dia.
600 2269 788 2326 Pridie
808 2268 966 2325 illius
996 2268 1109 2324 diei
1139 2272 1331 2324 autem
1356 2284 1458 2324 seu
1479 2269 1537 2323 in
1562 2269 1778 2342 vigiliis
1800 2272 2095 2343 peragitur

451 2361 511 2416 in
545 2364 908 2417 antecessum
950 2359 1009 2415 S.
1053 2357 1308 2413 ofﬁcium
1356 2359 1751 2429 vespertinum
1784 2359 1844 2415 in
1883 2361 2091 2427 Pharo,

450 2455 508 2506 et
536 2449 763 2505 canitur
792 2447 863 2503 ab
892 2449 1165 2503 omnibus
1204 2452 1412 2503 cantus
1442 2447 1801 2504 absolutivus
1829 2451 2090 2521 ejusdem

451 2537 715 2593 melodiaa
746 2540 915 2607 atque
945 2539 1222 2607 hymnus,
1255 2536 1356 2607 qui
1387 2537 1594 2608 incipit
1623 2555 1657 2593 a
1684 2553 1819 2593 voce
1851 2554 1865 2593 :
1898 2544 2093 2593 Συντα-

450 2622 654 2703 φέντες,
703 2626 1030 2696 danturque
1079 2625 1150 2680 ab
1196 2624 1545 2695 imperatore
1591 2642 1659 2681 ex
1708 2634 1934 2698 recepto
1974 2629 2091 2684 ritu

448 2713 767 2781 magistris,
820 2713 1167 2786 pra-positis,
1220 2712 1685 2785 proconsulibus,
1736 2716 1995 2788 patriciis
2034 2722 2093 2775 et

449 2802 802 2860 ofﬁcialibus
833 2802 1144 2860 cruciculaa
1189 2809 1497 2875 argenteae.
1550 2804 1743 2861 Altero
1780 2810 1972 2863 autem
1998 2808 2093 2865 die

448 2896 604 2965 post,
632 2892 730 2948 illo
763 2909 991 2965 nempe,
1026 2910 1141 2964 quo
1188 2893 1379 2965 ipsum
1420 2893 1553 2949 Eliae
1584 2894 1799 2951 festum
1828 2897 2090 2954 celebra-

451 2997 605 3050 mus,
642 2983 910 3053 presidet
956 2982 1276 3053 imperator
1313 2982 1373 3037 in
1405 2984 1730 3039 mutatoriis
1761 3001 1938 3056 super
1966 2987 2088 3058 glo-

452 3070 606 3126 rioso
638 3071 1106 3143 chrysotriclino,
1130 3072 1400 3126 adstante
1432 3078 1651 3127 secreto
1682 3074 1970 3141 cubiculo,
2004 3075 2089 3131 in-

450 3159 960 3229 troducunturque
1005 3161 1308 3229 praefectus
1359 3158 1553 3213 sacelli
1599 3164 1655 3214 et
1682 3162 2001 3216 xenodochi
2032 3167 2089 3218 et

452 3249 767 3321 gerocomi,
804 3252 1177 3319 apportantes
1222 3264 1422 3303 cruces
1466 3264 1608 3304 auro
1638 3248 1983 3307 incrustatas
2013 3253 2083 3307 ad

2208 658 2323 714 νίου
2350 658 2725 734 προελεύσεως
2755 660 3052 737 γινομένης
3084 660 3190 715 ἂπὸ
3212 659 3314 716 τοῦ
3346 663 3485 714 ναοῦ
3532 664 3652 727 τῆς
3710 658 3929 733 Ἀγίας

2210 749 2475 803 Θεοτόκου
2532 753 2628 804 τοῦ
2675 749 2880 824 Φάρου,
2936 750 3173 805 τελεῖται
3226 752 3263 819 ἡ
3321 748 3439 804 θεία
3531 745 3928 823 λειτουργία,

2209 839 2299 891 καὶ
2356 838 2665 913 προτίθεται
2736 838 3051 915 κλητώριον
3104 844 3218 894 toi:
3292 837 3632 915 βασιλεῦσιν
3710 835 3774 891 ἐν
3846 843 3925 907 τοῖς»

2207 935 2422 1003 τερπνῷ
2452 929 3039 1009 χρυσοτρικλίνῳ,καῖ
3099 936 3436 986 συνεστιᾶται
3499 934 3593 1001 τῷ
3674 928 3923 1003 βασιλεῖ

2210 1021 2239 1075 ὁ
2271 1022 2641 1095 πατριάρχης,
2688 1021 2779 1077 καὶ
2830 1026 3221 1099 συγκαλὸῦνται
3264 1023 3339 1085 εἷς
3396 1022 3781 1077 συνεστίασιν
3822 1019 3920 1074 αὖ·

2207 1112 2302 1164 τοῦ
2328 1108 2434 1165 ἀπὸ
2471 1117 2572 1180 τῆς
2621 1112 2819 1181 τάξεως
2887 1116 2993 1167 τῶν
3056 1110 3393 1189 μαγίστρων,
3453 1110 3911 1187 πραιποσίτων,

2207 1199 2505 1273 πατρικίων
2537 1199 2626 1255 καὶ
2662 1199 2871 1256 λοιπῶν
2923 1198 3222 1275 βασιλικῶν
3279 1201 3590 1274 ἀνθρώπων
3646 1199 3761 1254 σὺν
3802 1205 3909 1253 26.;-

2212 1286 2639 1361 μητροπολιτῶν
2687 1289 2821 1343 κατᾶ
2876 1287 2939 1342 τὸ
2997 1288 3167 1342 ποσὸν
3215 1294 3316 1357 τῆς
3363 1288 3688 1363 τραπέζης.
3724 1289 3829 1359 Τῇ
3863 1283 3915 1340 ἴε

2211 1377 2392 1431 ια’τοῦ
2440 1376 2605 1431 αὐτοῦ
2648 1377 2824 1432 Μαΐου
2882 1375 3099 1432 τελεῖτα
3152 1378 3215 1431 τὸ
3275 1375 3562 1453 γενέθλιον
3635 1383 3760 1445 τῆς
3806 1376 3909 1430 πό-

2208 1463 2347 1527 λεως
2393 1464 2618 1537 ταύτης,
2666 1467 2756 1520 καὶ
2796 1464 3089 1521 ἐκτελεῖται
3135 1462 3382 1535 δεξίωσις
3426 1462 3676 1537 δεξίμου
3712 1465 3910 1539 χωρῖς

2209 1555 2435 1628 σαξίμου
2465 1556 2552 1611 καὶ
2596 1556 2818 1611 ἱππικὸν
2866 1554 3265 1631 ἱπποδρόμιον,
3297 1556 3387 1610 καὶ
3439 1554 3709 1610 τελεῖται
3752 1566 3901 1623 κλῇ·

2205 1647 2402 1721 τώριον
2443 1645 2578 1701 κατὰ
2608 1647 2699 1701 τὸν
2753 1644 3013 1720 λεχθέντα
3062 1644 3252 1701 τύπον.
3302 1648 3382 1719 Τῇ
3437 1641 3499 1699 δὲ
3550 1641 3743 1717 ὀγδόῃ
3816 1647 3905 1717 (ὃ)

2206 1738 2302 1790 τοῦ
2358 1735 2522 1790 αὐτοῦ
2578 1736 2758 1791 Μαΐου
2822 1734 2994 1809 μηνὸς
3045 1732 3285 1789 τελεῖται
3342 1732 3701 1809 προέλευσις
3788 1740 3895 1801 τῆς

2211 1827 2433 1898 μνήμης
2462 1828 2558 1879 τοῦ
2588 1823 2860 1899 Θεολόγου
2894 1822 2945 1879 ἐν
2972 1827 3052 1896 τῷ
3087 1818 3333 1896 ἑϐδόμῳ,
3384 1824 3479 1878 καὶ
3519 1822 3890 1895 τελουμένης

2204 1921 2305 1985 τῆς
2338 1910 2708 1989 λειτουργίας,
2741 1913 3053 1988 προτίθεται
3112 1913 3450 1987 κλητώριον,
3511 1912 3613 1967 καὶ
3678 1933 3893 1986 συγκαο

2205 2002 2424 2059 λοῦνται
2481 2003 2616 2058 κατᾶ
2672 2002 2837 2058 τύπον
2890 2004 2943 2058 o't
2971 2005 3072 2069 τῆς
3129 2000 3440 2076 συγκλήτου
3492 2003 3711 2062 πάντες
3747 2004 3890 2056 κατὰ

2204 2096 2266 2149 τὸ
2289 2093 2458 2148 ποσὸν
2491 2095 2589 2161 τῆς
2616 2091 2908 2167 τραπέζης.
2942 2096 3021 2166 Τῇ
3045 2089 3102 2147 δὲ
3154 2093 3200 2147 κ’
3245 2095 3341 2147 τοῦ
3382 2089 3633 2149 Ἰουλίου
3702 2092 3883 2163 μηνὸς

2203 2182 2498 2238 ἐκτελεῖται
2532 2179 2623 2237 διὰ
2648 2180 2894 2237 λιτανίου
2925 2178 3302 2257 προελεύσεως
3335 2176 3485 2235 ἔνδον
3541 2184 3653 2235 τοῦ
3696 2180 3881 2235 παλα-

2200 2272 2325 2327 τίου
2357 2272 2391 2340 ἡ
2429 2271 2621 2343 μνήμη
2654 2268 2847 2327 Ἥλιοῦ
2880 2273 2976 2324 τοῦ
3014 2270 3324 2346 προφήτου,
3358 2267 3447 2322 καί
3493 2265 3566 2322 δι’
3624 2268 3814 2337 αὐτῆς
3846 2269 3878 2334 ἦ

2201 2359 2503 2430 ἂνάκλησις
2539 2362 2618 2433 (7)
2674 2361 2775 2428 τῆς
2827 2359 3200 2432 περιορήσεως
3246 2360 3342 2412 τοῦ
3386 2351 3651 2417 εὐσεϐοῦς
3708 2360 3882 2430 ἡμῶν

2206 2449 2495 2524 βασιλεως,
2532 2446 2952 2524 Προεκτελεῖται
3003 2444 3060 2502 δὲ
3109 2447 3216 2520 πρὸ
3274 2445 3443 2515 αὐτῆς
3496 2452 3603 2514 τῆς
3655 2444 3882 2521 ﬂuam;

2200 2539 2252 2594 ἐν
2296 2542 2366 2613 τῇ
2397 2541 2691 2613 παραμονῇ
2723 2537 2997 2610 ἒσπερινόν
3021 2535 3073 2591 ἐν
3126 2540 3208 2607 τῷ
3269 2535 3461 2611 Φάρῳ,
3521 2534 3616 2589 καὶ
3678 2532 3875 2605 ᾅδεται

2201 2628 2343 2704 παρᾶ
2400 2628 2612 2682 πάντῶν
2651 2624 2996 2698 ἀπολύσιμον
3048 2626 3125 2699 (8)
3181 2624 3330 2698 ᾆσμα
3406 2623 3684 2697 ἷσόμελον
3743 2629 3870 2692 τοῦ,

2208 2741 2227 2767 ι
2264 2713 2644 2793 Συνταφέντες,
2668 2738 2691 2768 υ
2726 2716 2815 2770 καὶ
2847 2712 3055 2770 δίδοται
3101 2719 3219 2776 τοῖς
3283 2715 3643 2789 μαγίστροις,
3705 2735 3871 2788 πραι-

2200 2805 2473 2876 ποσίτοις,
2552 2806 2897 2873 ἀνθυπάτοις,
2955 2805 3262 2878 πατρικίοις
3329 2803 3422 2858 καὶ
3474 2802 3871 2881 ὁιρφικιαλξοις

2204 2896 2272 2959 ιίς
2324 2894 2491 2951 τύπον
2547 2896 2692 2971 παρὰ
2747 2898 2842 2949 τοῦ
2905 2892 3175 2969 βασιλέως
3232 2893 3550 2967 σταυρίτζια
3618 2894 3862 2969 ἀργυρᾶ.

2198 2990 2278 3059 Τῇ
2312 2983 2369 3040 δὲ
2398 2984 2653 3059 ἐπαύριον
2687 2983 2888 3059 ἡμέρᾳ,
2915 2982 2967 3039 ἐν
3075 2984 3174 3051 τὴν
3234 2983 3429 3057 ἑορτὴν
3487 2980 3857 3054 ἐκτελοῦμεν,

2196 3077 2588 3149 προκαθέζεται
2648 3076 2675 3128 ὁ
2719 3072 2976 3148 βασιλεὺς
3006 3074 3141 3147 μετὰ
3191 3070 3586 3144 ἆλλαξιμάτων
3637 3073 3731 3128 ἐπὶ
3759 3078 3855 3127 τοῦ

2197 3161 2414 3233 ἐνδόξου
2444 3162 2927 3238 χρυσοτρικλίνου,
2959 3163 3051 3218 καὶ
3106 3166 3452 3236 παρεστῶτος
3499 3165 3596 3216 τοῦ
3654 3183 3858 3236 μυστι-

2198 3258 2297 3309 κοῦ
2327 3249 2745 3321 κουϐουκλείου,
2779 3252 3083 3329 εἰσάγονται
3110 3249 3139 3307 ὅ
3166 3272 3225 3307 τε
3266 3257 3370 3306 τοῦ
3428 3248 3731 3307 σακελλίου
3765 3252 3856 3307 καί

448 3314 1096 3390 imitationem—rituum
1128 3334 1253 3390 festi
1300 3334 1648 3405 palmarum,
1698 3339 2090 3410 omnibusque

2202 3340 2687 3423 οἰξενοδόχοικαὶ
2746 3344 3081 3419 γηροκόμοι,
3140 3343 3507 3417 προσάγοντες
3578 3343 3855 3417 σταυροὺς

447 3422 751 3494 splendide
782 3424 1021 3491 indutis,
1055 3423 1447 3480 introducitur
1477 3426 1616 3481 ordo
1649 3428 2086 3500 magistrorum,

445 3512 879 3584 proconsulum,
913 3514 1287 3584 patriciorum
1320 3519 1376 3570 et
1406 3515 1740 3573 ofﬁcialium
1772 3518 1830 3574 in
1858 3536 2090 3591 conspe-

446 3606 604 3659 ctum
665 3603 909 3671 domini,
961 3602 1059 3675 qui
1120 3609 1427 3675 postquam
1487 3606 1674 3662 dictas
1731 3624 1930 3664 cruces
1984 3627 2089 3667 sua

447 3708 625 3747 manu
679 3692 996 3761 distribuit,
1033 3693 1378 3760 instituitur,
1435 3702 1497 3749 ut
1539 3695 1815 3767 diximus,
1854 3699 2090 3769 publica

446 3781 725 3837 solemnis
756 3781 1225 3852 supplicabunda
1256 3784 1547 3853 processio
1566 3802 1599 3841 a
1627 3786 1845 3857 templo
1868 3787 1925 3843 S.
1960 3788 2087 3844 Dei-

448 3886 599 3940 pare
631 3870 800 3926 Phari
830 3872 901 3926 ad
954 3870 1182 3927 illustre
1214 3873 1498 3943 templum
1535 3890 1758 3945 magna;
1786 3875 1954 3933 Novas
1983 3894 2086 3934 ec-

447 3957 667 4025 clesiae;
690 3967 1037 4031 peractoque
1066 3976 1233 4016 sacro
1249 3960 1461 4028 ofﬁcio,
1479 3969 1880 4033 proponuntur
1900 3968 2089 4039 epulas

446 4047 702 4105 dominis
731 4049 789 4104 in
822 4049 1285 4119 chrysotriclino,
1319 4050 1766 4109 convivantibus
1787 4069 1915 4110 cum
1942 4057 2087 4127 ipsis

442 4138 779 4208 patriarcha
831 4143 889 4195 et
932 4138 1340 4210 metropolitis,
1382 4140 1701 4211 magistris,
1736 4147 2084 4217 praepositis,

443 4227 914 4298 proconsulibus,
949 4228 1604 4299 patriciis,‘ofﬁcialibus
1636 4234 1692 4286 et
1721 4231 1961 4302 reliquis
1983 4235 2089 4290 im-

443 4319 619 4388 perial
631 4318 763 4373 ibus
778 4317 1117 4373 hominibus
1129 4319 1449 4375 secundum
1465 4320 1842 4390 capacitatem
1856 4340 2083 4383 mensae.

441 4405 716 4462 Praesidet
761 4405 1081 4477 imperator
1121 4407 1181 4463 in
1213 4423 1316 4463 suo
1348 4407 1646 4478 dibetesio,
1685 4416 1743 4467 et
1772 4415 2022 4470 convivas
2054 4433 2087 4472 a

441 4494 610 4549 nobis
640 4493 1095 4551 introducuntur
1116 4498 1173 4551 in
1194 4496 1319 4553 suis
1341 4498 1589 4571 quisque
1612 4503 1936 4559 mutatoriis
1959 4506 2085 4561 abs-

440 4598 553 4653 que
583 4581 816 4637 tunicis.
844 4587 1083 4640 Postero
1111 4586 1203 4642 die
1227 4588 1564 4643 instituitur
1590 4593 1852 4661 exceptio
1870 4594 2082 4651 deximi

2200 3430 2732 3510 χρυσοποιϐάστους
2796 3435 2934 3488 κατὰ
2994 3430 3226 3506 μίμησιν
3280 3438 3380 3501 τῆς
3458 3432 3655 3506 ἑορτῆς
3738 3438 3854 3488 τῶν

2199 3523 2401 3597 Βαίων,
2460 3525 2549 3580 καὶ
2608 3523 3149 3601 λαμπροφορούντων
3192 3522 3431 3591 πάντων,
3499 3520 3772 3597 εἰσάγεται
3818 3525 3850 3593 ἡ
4016 3590 4017 3601 γ

2198 3614 2346 3685 τάξις
2403 3618 2512 3669 τῶν
2604 3612 2940 3689 μάγίστρων,
2992 3610 3331 3682 ἀνθυπάτων,
3393 3610 3695 3685 πατρικίων
3754 3612 3851 3666 καὶ
4016 3610 4017 3703 ί

2200 3703 2565 3782 ὀφφικιαλίων
2625 3702 2925 3779 ἔμπροσθεν
2966 3705 3064 3757 τοῦ
3108 3698 3394 3771 δεσπότου,
3426 3699 3516 3755 καὶ
3574 3697 3849 3773 διανομῆς

2197 3800 2306 3851 τῶν
2339 3794 2646 3875 λεχθέντῶν
2687 3794 2955 3868 σταυρίων
2988 3792 3092 3847 ὕπὸ
3139 3795 3237 3847 τοῦ
3281 3788 3551 3866 βασιλέως
3607 3792 3845 3866 γενομέ-

2197 3905 2316 3955 νης,
2372 3882 2636 3953 τελεῖται,
2695 3882 2769 3944 ὡς
2833 3877 3054 3959 ἔφαμεν,
3102 3877 3343 3953 δημοσία
3400 3878 3638 3941 λιτάνιος
3697 3900 3841 3955 προ-

2198 3972 2406 4035 ἐλευσις
2437 3974 2541 4028 ἀπὸ
2571 3976 2668 4028 τοῦ
2697 3975 2827 4026 ναοῦ
2869 3974 2969 4035 τῆς
3030 3970 3219 4046 Ἀγίας
3259 3969 3524 4024 Θεοτόκου
3582 3974 3679 4024 τοῦ
3722 3970 3839 4024 Φά-

2199 4084 2293 4138 ρου
2352 4063 2441 4118 ἐπὶ
2491 4064 2583 4117 τὸν
2637 4056 2999 4136 περίϐλεπτον
3056 4058 3179 4114 ναὸν
3230 4061 3332 4123 τῆς
3379 4059 3638 4133 Μεγάκης
3694 4060 3835 4120 Νέας

2198 4152 2513 4223 ἐκκλησίας,
2561 4152 2651 4206 καὶ
2718 4149 3056 4222 τελουμένης
3110 4155 3211 4217 τῆς
3270 4148 3415 4221 ἱερὰς
3467 4147 3833 4223 λειτουργίας,

2196 4242 2511 4311 προτίθεται
2540 4240 2859 4313 κλητώριον
2891 4242 2970 4310 τῷ
3014 4236 3231 4313 βασιλεῖ
3268 4235 3356 4291 ἐπὶ
3395 4241 3493 4292 τοῦ
3544 4256 3835 4313 χρυσοτρι-

2195 4328 2411 4400 κλίνου,
2440 4329 2531 4384 καὶ
2564 4332 2897 4383 συνεστιᾶται
2925 4332 3042 4388 τοῖς
3079 4325 3388 4402 βασιλεῦσιν
3432 4326 3463 4382 6'
3490 4347 3548 4381 τε
3576 4328 3833 4402 πατριάρ-

2198 4438 2305 4495 χης
2356 4419 2447 4473 καὶ
2505 4418 2556 4473 o't
2613 4415 3042 4491 μητροπολῖται,
3089 4416 3402 4493 μάγιστροι,
3462 4413 3827 4490 πραιπόσιτοι.

2195 4507 2511 4575 ἀνθύπατοι,
2557 4506 2859 4579 πατρίκιοι,
2915 4503 3257 4582 ὀφφικιάλιοι
3304 4505 3395 4559 καὶ
3446 4502 3635 4559 λοιποὶ
3694 4506 3832 4581 βασεδ

2195 4599 2343 4654 λικοί
2375 4596 2511 4653 κατᾶ
2538 4598 2600 4652 τὸ
2639 4597 2809 4651 ποσὸν
2856 4602 2957 4665 τῆς
2985 4595 3272 4669 τραπέζης.
3332 4596 3722 4670 Προκαθέζεται
3776 4594 3830 4652 δὲ

438 4671 561 4742 [seu
596 4669 977 4727 salutantium
1001 4690 1304 4743 procerum
1328 4675 1533 4749 turbis]
1557 4682 1613 4732 et
1633 4681 1826 4751 magni
1849 4683 2078 4753 saximi,

2202 4687 2216 4741 5
2278 4683 2532 4762 βασιλεὺς
2594 4682 2728 4757 μετὰ
2782 4687 2880 4739 τοῦ
2930 4682 3130 4738 οἰκείου
3190 4677 3542 4753 διϐητησίου,
3599 4684 3689 4739 καὶ
3752 4681 3830 4740 δεῖ

436 4762 865 4834 propositisque
879 4761 1063 4832 epulis
1078 4762 1479 4835 imperialibus
1499 4783 1566 4823 su
1575 4784 1674 4839 per
1686 4787 1894 4843 magna
1915 4790 2081 4831 men-

438 4867 503 4906 sa
538 4851 596 4906 in
618 4850 941 4908 Justiniani
963 4850 1219 4908 triclinio
1252 4855 1519 4925 praesidet
1541 4858 1858 4932 imperator
1887 4865 1946 4920 in
1973 4882 2080 4923 suo

436 4939 748 5010 dihetesio;
774 4946 1161 5013 nostrumque
1186 4947 1276 4997 est
1297 4943 1542 5001 invitare
1564 4949 1636 5003 ad
1657 4953 1981 5010 convivium
2007 4957 2079 5011 ab

436 5029 638 5086 ordine
655 5030 792 5086 inde
809 5030 1283 5104 praepositorum,
1299 5032 1699 5106 patriciorum,
1716 5042 2076 5116 ofﬁcialium,

2188 4778 2337 4848 ἡμᾶς
2366 4774 2597 4848 εἰσάγειν
2630 4774 2721 4828 καὶ
2766 4771 2971 4847 ἐξάγειν
3021 4773 3223 4835 πάντας
3277 4773 3405 4834 τοὺς
3462 4772 3823 4846 κεκλημένους

2193 4865 2326 4939 μετὰ
2397 4867 2505 4918 τῶν
2557 4863 2770 4918 οἰκείων
2822 4861 2998 4917 αὐτῶν
3055 4860 3446 4933 ἁλλαξιμάτων
3510 4864 3682 4937 χωρὶς
3729 4868 3827 4918 τῶν

2190 4951 2518 5031 χλανιδίων.
2570 4953 2650 5028 Τῇ
2692 4950 2750 5008 δὲ
2798 4951 3051 5026 ἐπαύριον
3105 4949 3348 5007 τελεῖται
3416 4949 3660 5022 δεξίωσις
3708 4950 3823 5023 δεξί-

2194 5066 2298 5118 μου
2328 5043 2418 5099 καὶ
2464 5042 2709 5119 μεγάλου
2768 5040 3019 5115 σαξίμου,
3077 5041 3165 5095 καὶ
3221 5039 3575 5116 προτεθέντος
3622 5040 3823 5118 βασιλι-

1474 5147 1677 5208 JOAN.
1718 5153 1861 5211 JAC.
1903 5160 2161 5219 REISKII
2200 5159 2795 5219 COMMENTARIUS.

435 5250 676 5325 apparet
707 5260 773 5299 ex
806 5242 916 5325 hoc
963 5244 1109 5311 loco,
1143 5243 1585 5325 Constantinum
1628 5263 1662 5301 a
1705 5255 1875 5325 patre,
1898 5252 2086 5312 Leone

432 5316 562 5370 vivo
595 5319 962 5387 coronatum,
997 5333 1117 5371 non
1156 5321 1286 5383 post
1335 5316 1460 5387 ejus
1509 5316 1807 5377 excessum
1847 5324 2083 5385 demum

434 5388 641 5450 fuisse,
675 5392 740 5441 ut
762 5385 946 5458 aliqui
979 5387 1292 5458 tradidere.

506 5458 584 5530 (6)
611 5458 735 5542 Non
771 5457 925 5513 inest
953 5458 1163 5542 vitium
1186 5457 1320 5542 huic
1344 5476 1612 5542 numero,
1634 5466 1785 5536 quod
1816 5466 2082 5542 aliquan-

2266 5258 2342 5330 (7)
2370 5258 2494 5314 Vid.
2531 5258 2640 5315 Ced
2652 5273 2777 5321 ren,
2801 5254 3081 5330 p_ag._596,
3102 5257 3159 5308 et
3179 5250 3396 5330 Script.
3416 5259 3556 5330 post
3574 5252 3809 5330 Theoph:

2197 5322 2395 5399 p.215
2443 5346 2493 5385 ο.
2534 5331 2653 5385 100.
2707 5322 3057 5399 Intelligitur
3087 5322 3327 5399 e_x__hoo'
3354 5322 3502 5399 loco,
3532 5322 3735 5399 factum
3758 5324 3810 5380 id

2200 5393 2330 5456 Esse
2361 5402 2432 5455 20
2459 5400 2621 5467 Julii,
2653 5416 2764 5470 quo
2796 5393 3076 5454 memoria
3102 5394 3243 5470 Elim
3271 5396 3559 5470 prophetae
3588 5393 3816 5470 celebra-

2194 5475 2293 5526 tur
2324 5489 2357 5527 a
2387 5466 2625 5530 Graecis.
2671 5466 2933 5541 Tempus
2982 5467 3115 5524 facti
3161 5466 3567 5538 praterierunt
3614 5466 3811 5524 laudati

433 5529 506 5585 do
550 5530 848 5600 putabam,
882 5530 1153 5600 quamvis
1184 5537 1382 5587 auctor
1412 5529 1675 5591 ordinem
1709 5555 1886 5596 suum
1914 5529 2086 5597 dese-
2193 5542 2528 5600 scriptores.

432 5605 523 5671 rat
554 5606 613 5656 et
642 5604 907 5671 octavum
938 5602 1074 5671 Maii
1099 5607 1229 5671 post
1257 5604 1635 5661 undecimum
1667 5610 1928 5668 collocat.
1950 5613 2083 5670 Maii

433 5670 1111 5760 euim‘g‘cellebraha‘tu‘r
1162 5674 1447 5728 memoria
1492 5676 1733 5736 Joannis
1783 5682 2081 5760 Theologi,

435 5744 501 5795 ut
529 5756 559 5795 e
592 5740 827 5797 Menaeis
861 5745 1109 5798 constat.

2264 5605 2340 5685 (8)
2370 5613 2700 5685 Canticum,
2732 5612 2888 5685 quod
2919 5610 2977 5666 in
3000 5607 3339 5685 fine_of_{icii,
3372 5605 3529 5685 &v_rii
3563 5606 3809 5685 ᾀπολύσε.

2192 5675 2454 5751 canitur;
2486 5684 2601 5740 vid.
2635 5675 2721 5740 Du
2749 5675 2943 5753 'Cange
2988 5698 3040 5737 v.
3075 5675 3389 5753 Α’πόλυσις.
3422 5677 3520 5734 Pro
3562 5675 3812 5753 ξσόμυλον

2195 5759 2257 5812 ut
2284 5756 2343 5812 in
2373 5745 2729 5814 membranis
2761 5745 3057 5827 estfpatet
3085 5751 3389 5824 legendum
3417 5763 3536 5804 esse
3562 5745 3807 5821 ἰσόμελον
