4080 6300
239 299 397 362 1409

1095 307 1198 367 DE
1239 301 1686 370 CERJMONIIS
1730 297 1962 362 AULIE
2003 296 2474 360 ΒῩΖΑΝΤΙΝᾹΞ
2511 299 2667 360 LIB.
2715 297 2791 360 ΙΙ.

3478 305 3636 366 1410

233 435 332 488 κοῦ
374 432 692 509 γλητωρίου
740 432 827 490 ἐπὶ
867 434 1184 506 ἀποκοπτῆς
1230 437 1504 512 τραπέζης
1544 436 1594 490 ἐν
1644 437 1723 505 τῷ
1751 431 1865 486 Ἰου·

1994 435 2052 487 et
2079 432 2164 488 sic
2196 449 2388 505 porro,
2431 433 2756 500 secreticos,
2788 432 2944 491 450
2993 437 3283 507 quotquot
3331 438 3635 512 campagia

232 525 507 576 στινιανοῦ
563 520 854 597 τρικλίνῳ,
896 524 1285 597 προκαθέζεται
1336 527 1365 581 ὁ
1427 521 1681 600 βασιλεὺς
1750 519 1865 593 μετὲ

1993 525 2222 592 gerunt,
2256 538 2358 594 pro
2407 521 2630 579 ratione
2656 537 2898 592 mensae;
2931 538 3148 595 eosque
3177 524 3547 585 introducere
3575 532 3633 584 et

230 614 326 664 τοῦ
385 607 589 665 οἰκείου
647 605 998 683 διϐητησίου,
1054 612 1146 667 καὶ
1213 609 1295 668 δεῖ
1340 615 1490 686 ἡμᾶς
1549 609 1882 686 εὐτρεπίζειν

231 697 307 761 εἷς
339 697 670 754 συνεστίασιν
728 699 894 755 αὐτοῦ
947 701 1052 756 ἀπὸ
1085 708 1186 770 τῆς
1233 701 1435 772 τάξεως
1479 699 1879 774 πραιποσίτων,

227 787 551 865 πατρικίων,
610 788 974 868 ὀφφικιαλίων
1049 789 1140 846 καὶ
1221 788 1328 845 άπὸ
1386 794 1496 846 τῶν
1555 791 1877 864 σεκρετικῶν

223 881 333 933 τῶν
365 879 468 934 ὑπὸ
504 879 819 956 καμπάγιον
859 878 1074 935 πάντων
1125 881 1264 937 κατὰ
1307 881 1372 936 τὸ
1420 880 1588 935 ποσὸν
1615 885 1716 948 τῆς
1755 896 1880 952 τρα-

225 965 428 1038 πέζης·
488 967 720 1043 εἰσάγειν
787 965 845 1022 δὲ
901 967 1094 1032 αὐτοὺς
1161 969 1253 1026 καὶ
1311 969 1518 1046 ἐξάγειν
1577 968 1714 1041 μετά
1767 969 1876 1020 τῶν

227 1055 440 1112 οἰκείων
471 1057 864 1131 ἀλλαξιμάτων
893 1080 951 1114 τε
983 1059 1074 1114 καὶ
1115 1057 1440 1139 χλανιδίων.
1473 1057 1610 1121 Τοὺς
1641 1054 1698 1112 δὲ
1747 1054 1876 1112 λοι-

224 1144 361 1208 ποὺς
420 1145 782 1223 μαγίστρους,
815 1147 1152 1210 ἀνθυπάτους
1201 1148 1522 1221 πατρικίους
1571 1147 1660 1201 καὶ
1706 1145 1874 1200 ἅπαν-

221 1255 315 1297 τας
372 1235 500 1297 τοὺς
577 1235 902 1310 βασιλικοὺς
978 1236 1291 1313 ἀνθρώπους
1345 1236 1620 1312 ταμιεύειν
1684 1232 1877 1295 αὐτοὺς

225 1325 361 1396 μετᾶ
389 1324 676 1399 Θωρακίων
711 1323 803 1379 καὶ
834 1321 1246 1399 κονδομανίκων
1275 1327 1350 1388 εἰς
1379 1326 1443 1380 τὸ
1492 1325 1714 1397 σάξιμον
1773 1329 1874 1392 τῆς

220 1413 516 1487 τραπέζης,
567 1414 920 1489 χορευόντων
975 1413 1033 1470 δὲ
1069 1416 1284 1471 πάντων
1329 1415 1482 1489 πέριξ
1519 1418 1621 1479 τῆς
1655 1411 1875 1488 βασιλι-

219 1509 323 1571 κῆς
359 1501 633 1575 τραπέζης
690 1503 780 1558 καὶ
838 1505 936 1572 τὴν
1003 1502 1287 1580 ἀνάρρυσιν
1329 1503 1720 1578 εὐφημούντων
1777 1505 1873 1556 τοῦ

221 1593 540 1670 σοφωτάτου
573 1591 858 1666 δεσπότου,
892 1591 1102 1650 δίδοται
1132 1597 1259 1670 παρ’
1290 1595 1455 1651 αὐτοῦ
1520 1595 1739 1655 τούτοις
1791 1591 1869 1654 εἷς

220 1681 543 1762 φιλοτιμίας
577 1680 816 1739 ἐπίδοσιν
849 1681 1192 1758 ἀποκόμϐιον
1249 1681 1380 1760 ἕχον
1418 1688 1630 1760 χρυσοῦ
1679 1684 1870 1757 λίτρας

216 1772 267 1846 γ’
291 1791 304 1803 ·
347 1771 636 1852 προσέχειν
671 1771 730 1828 δὲ
770 1775 853 1828 δεῖ
879 1775 980 1843 τήν
1019 1773 1342 1851 ἀκτολογίαν
1385 1778 1482 1829 τοῦ
1534 1769 1738 1846 δήμου,
1780 1771 1867 1825 καὶ

216 1859 494 1932 ἐξανιστᾷν
535 1863 768 1925 ἅπαντας
817 1861 944 1924 τοὺς
990 1860 1367 1936 κεκλημένους
1412 1865 1548 1937 πρὸς
1599 1859 1868 1939 εὐφημίαν

215 1952 316 2004 τοῦ
357 1947 624 2005 δεσπότου
670 1951 808 2006 κατᾶ
845 1953 938 2006 τὸν
983 1954 1364 2029 προγραφέντα
1415 1951 1607 2007 τύπον.
1648 1951 1868 2029 Ἐφεξῆς

216 2034 278 2091 δὲ
322 2036 530 2108 ταύτης
579 2041 682 2104 τῆς
731 2038 943 2114 ἡμέρας
989 2040 1226 2096 τελεῖται
1271 2037 1638 2114 πεζοδρόμιον
1693 2039 1868 2114 βωτὸν

211 2129 326 2181 τῶν
348 2124 592 2182 πολιτῶν
648 2129 894 2183 τυπωθὲν
953 2127 1042 2182 ἐπὶ
1087 2130 1320 2191 Λὲοντος
1349 2133 1447 2184 τοῦ
1497 2127 1870 2202 φιλοχρίστου

212 2212 502 2288 δεσπότου,
534 2217 625 2272 καὶ
682 2215 923 2272 δίδονται
981 2215 1272 2296 σφραγίδια
1293 2221 1370 2292 (9)
1401 2218 1476 2278 ὡς
1525 2216 1662 2272 κατὰ
1699 2217 1868 2272 τύπον

206 2308 310 2362 τοῦ
369 2306 553 2380 βωτοῦ
609 2303 1005 2382 πεζοδρομίου,
1040 2310 1132 2362 καὶ
1188 2305 1503 2382 προτίθεται
1559 2306 1873 2382 κλητώριον

205 2399 291 2468 τῷ
325 2395 542 2471 βασιλεῖ
580 2394 671 2452 ἐπὶ
728 2397 1054 2469 ἀποκοπτῆς
1105 2404 1379 2473 τραπεζης
1437 2397 1573 2453 κατὰ
1609 2399 1710 2468 τὴν
1773 2394 1872 2471 μέ-

209 2507 315 2557 σην
375 2485 516 2542 θὲσιν
574 2490 672 2542 τοῦ
730 2492 1061 2563 περιφανοῦς
1114 2487 1396 2564 τρικλίνου
1458 2491 1567 2543 τῶν
1640 2487 1701 2540 ιϐ’
1746 2506 1872 2562 τερ-

207 2578 360 2630 πνῶν
415 2570 740 2644 ἁκουϐίτων,
797 2577 889 2632 καὶ
950 2582 1332 2633 συνεστιῶνται
1395 2581 1475 2649 τῷ
1544 2571 1764 2653 βασιλεῖ
1820 2576 1870 2630 οἱ

208 2661 570 2738 πραιπόσιτοι
626 2665 718 2719 σὺν
777 2670 894 2728 τοῖς
983 2664 1274 2741 εὐνούχοις
1358 2665 1873 2741 πρωτοςπαθαρίοις

208 2753 303 2808 καὶ
341 2753 767 2829 πριμικηρίοις,
833 2757 926 2810 τὸν
993 2755 1223 2832 ἀριθμὸν
1305 2754 1380 2826 ἓξ,
1441 2756 1700 2818 ὡσαύτως
1779 2755 1870 2810 καὶ

209 2842 404 2906 πάντες
434 2845 486 2900 οἱ
517 2846 746 2917 πένητες
781 2846 834 2900 οἱ
874 2846 945 2900 τὰ
981 2843 1277 2924 σφραγίδια
1306 2850 1403 2901 τοῦ
1474 2844 1744 2921 βασιλέως
1785 2842 1874 2900 διά

214 2933 404 3009 χειρὸς
450 2938 556 2990 τῶν
623 2934 958 3012 μεγιστάνων
1007 2930 1284 3006 λαϐόντες,
1345 2935 1437 2991 καὶ
1510 2932 1720 2991 δίδοται
1776 2935 1876 2990 αὐ-

210 3029 328 3088 τοῖς
383 3021 730 3099 ἀποκόμϐιον
808 3026 910 3081 ἀνὰ
977 3025 1324 3098 νομίσματος
1383 3045 1415 3080 α
1470 3025 1516 3102 γ’
1573 3027 1710 3100 (10).
1771 3024 1874 3081 Καὶ

218 3113 332 3184 μεθ’
385 3115 596 3189 ἡμέρας
644 3111 741 3170 δύο
820 3115 1058 3171 τελεῖται
1154 3115 1382 3170 ἱππικὸν
1465 3110 1858 3189 ἱπποδρόμιον,

212 3167 304 3251 ita:
361 3167 1062 3277 πρζέὶόεὲαῖκλῆζέιᾶῥὶᾷᾁ
1131 3167 1373 3258 es";ng
1429 3167 1722 3278 eam;
1765 3167 1862 3256 τοῦ
1894 3167 1937 3235 C

212 3286 568 3360 καθίσματος,
627 3288 720 3342 καὶ
804 3290 886 3343 δεῖ
962 3292 1110 3361 ἡμᾶς
1181 3291 1512 3363 εὐτρεπίζειν
1581 3290 1658 3351 εἷς
1739 3312 1860 3345 συν-

203 3376 445 3429 εστίασιν
527 3376 606 3446 τῷ
695 3372 911 3449 βασιλεῖ
993 3375 1186 3452 φίλους
1266 3375 1403 3429 κατᾶ
1476 3375 1570 3428 τὸν
1633 3373 1685 3428 ἒν
1744 3380 1862 3436 τοῖς

195 3462 647 3538 ῖτιποδρομικοῖς
721 3461 1060 3537 κλητωρίοις
1136 3459 1406 3537 λεχθέντα
1489 3462 1677 3518 τύπον.
1739 3463 1864 3518 Ἐπὶ

199 3549 271 3607 δὲ
299 3560 398 3624 τῆς
428 3560 472 3618 ς’
493 3558 592 3608 τοῦ
621 3550 934 3626 Αὐγούστου
994 3551 1167 3626 μηνὸς
1197 3555 1309 3625 (11)
1341 3552 1552 3627 ἡμέρας
1618 3549 1866 3606 ἐκτελεῖ-

203 3644 359 3713 ταιὴ
400 3639 724 3718 προέλευσις
787 3640 922 3714 μετᾶ
979 3639 1352 3714 ἀλλαξίματος
1401 3639 1461 3696 ἐν
1512 3639 1582 3714 τῇ
1637 3639 1861 3717 Μεγάλῃ

205 3735 307 3786 τοῦ
360 3737 493 3789 Θεοῦ
558 3731 830 3806 καθολικῇ
892 3729 1178 3802 ἐκγλησίᾳ,
1218 3731 1308 3786 καὶ
1371 3727 1714 3804 τελουμένης
1761 3733 1887 3800 τῆς

207 3822 359 3895 ἱερᾶς
416 3821 787 3897 λειτουργίας,
819 3823 1195 3876 συνεστιῶνται
1237 3824 1314 3892 τῷ
1356 3818 1578 3894 βασιλεῖ
1622 3820 1674 3874 οἱ
1720 3820 1862 3875 πολ-

208 3908 370 3972 λάκις
419 3909 506 3966 ἐπὶ
566 3915 664 3965 τοῦ
711 3910 990 3984 κράματος
1044 3907 1508 3982 μνημονευθέντες
1565 3906 1740 3986 φίλοι,
1771 3910 1862 3964 καὶ

211 3999 534 4075 ὑποστρέφει
562 4001 590 4055 ὁ
623 3999 878 4076 βασιλεὺς
926 3998 1013 4054 ἐπὶ
1069 4001 1132 4055 τὸ
1179 3998 1446 4056 παλάτιον
1512 3998 1860 4075 ἒμπράττως,

207 4088 300 4143 καὶ
329 4089 640 4164 προτίθεται
671 4086 985 4164 κλητώριον
1016 4093 1096 4162 τῷ
1149 4089 1366 4164 βασιλεῖ
1405 4088 1493 4144 ἐπὶ
1543 4087 1861 4160 ἂποκοπτῆς

205 4174 482 4253 τραπέζης
559 4178 610 4234 ἰν
697 4182 776 4251 τῷ
834 4179 1216 4234 Ἰουστινιανοῦ
1283 4177 1572 4254 τρικλίνῳ,
1631 4180 1720 4235 καὶ
1781 4177 1863 4235 δεῖ

206 4270 356 4341 ἡμᾶς
390 4267 716 4344 εὐτρεπίζειν
769 4268 844 4330 είς
903 4267 1232 4324 συνεστίασιν
1290 4272 1370 4340 τῷ
1423 4267 1640 4344 βασιλεῖ
1668 4269 1864 4346 φίλους

207 4357 316 4412 ἀπὸ
372 4363 473 4427 τῆς
520 4358 722 4430 τάξεως
767 4360 876 4412 τῶν
926 4357 1254 4432 μαγίστρων,
1290 4357 1627 4430 ἀνθυπάτων,
1667 4378 1860 4434 πατρι-

205 4445 361 4515 κίων,
420 4443 814 4525 ὀφφικιαλίων,
896 4445 1394 4523 πρωτοσπαθαρίων
1478 4447 1570 4502 καὶ
1640 4447 1854 4504 λοιπῶν

1990 610 2237 667 educere
2264 611 2322 667 in
2355 611 2479 667 suis
2503 613 2828 668 mutatoriis
2849 616 2906 668 et
2924 612 3160 671 tunicis.
3185 614 3412 687 Reliqui
3433 620 3628 673 autem

1992 703 2312 771 magnates,
2374 705 2439 755 ut
2497 701 2786 772 magistri,
2840 702 3241 773 proconsules,
3298 704 3526 775 patricii
3573 709 3632 760 et

1989 803 2191 845 omnes
2205 789 2473 846 homines
2501 789 2833 861 imperiales
2857 798 3221 847 reservantur
3251 794 3323 848 ad
3354 809 3631 866 peragen-

1989 878 2128 933 dum
2158 878 2218 934 in
2249 879 2587 936 thoracibus
2635 884 2690 936 et
2719 880 3178 937 condomaniciis
3207 882 3496 938 saximum
3527 887 3630 939 aut

1989 966 2258 1022 choream
2293 984 2528 1025 mensaa.
2554 967 2918 1025 Saltantibus
2949 973 3146 1026 autem
3181 971 3454 1027 omnibus
3475 972 3628 1027 circa

1985 1071 2212 1110 sacram
2245 1072 2510 1112 mensam
2540 1062 2597 1113 et
2626 1057 3032 1115 liberationem
3064 1060 3488 1132 sapientissimi
3520 1060 3624 1116 do-

1988 1145 2131 1199 mini
2145 1144 2571 1201 celebrantibus
2588 1147 2756 1202 datur
2777 1149 2849 1204 ab
2871 1149 2998 1220 ipso
3013 1155 3241 1206 nomine
3254 1150 3391 1206 doni
3413 1151 3628 1220 gratui-

1985 1235 2026 1290 ti
2052 1251 2291 1307 apocom
2303 1235 2456 1292 bium
2477 1237 2782 1293 continens
2799 1239 2963 1294 litras
2986 1243 3445 1297 tres.Attendere
3467 1242 3626 1297 dein-

1984 1339 2119 1396 ceps
2149 1330 2392 1396 oportet,
2413 1326 2646 1396 quando
2670 1327 2945 1382 factiones
2963 1334 3091 1384 acta
3112 1329 3621 1402 dicereincipiant,

1983 1418 2172 1468 ettum
2195 1414 2443 1470 excitare
2465 1416 2734 1470 convivas
2764 1417 2834 1472 ad
2860 1417 3062 1472 laudes
3082 1419 3300 1474 domini
3317 1421 3622 1490 dicendas,

1983 1510 2156 1575 prout
2177 1521 2351 1576 supra
2383 1506 2780 1577 praescriptum
2804 1509 3272 1564 est.Immediate
3305 1514 3436 1580 post
3456 1509 3621 1566 illum

1983 1593 2135 1648 diem
2169 1594 2464 1665 peragitur
2483 1601 2678 1649 votum
2705 1597 3140 1665 pezodromium
3172 1613 3270 1652 seu
3306 1614 3420 1668 quo
3455 1601 3623 1669 pede-

1981 1686 2127 1736 stres
2158 1683 2366 1738 urbani
2416 1698 2687 1738 cursores
2734 1691 2980 1752 certant,
3013 1703 3044 1739 a
3077 1686 3286 1753 Leone,
3325 1686 3620 1742 Christum

1981 1775 2215 1828 amante
2227 1771 2820 1839 domino,institutum
2837 1780 2892 1827 et
2906 1774 3239 1830 ordinatum
3257 1791 3271 1840 ;
3290 1776 3622 1846 danturque

1976 1859 2374 1932 [pauperibus]
2408 1870 2655 1929 tesserae,
2690 1867 2755 1915 ut
2783 1861 2842 1915 in
2873 1861 2975 1916 tali
3007 1868 3138 1916 voto
3160 1865 3416 1918 cursorio
3442 1863 3622 1920 moris

1975 1955 2079 2005 est.
2103 1949 2248 2006 Dein
2281 1956 2689 2021 proponuntur
2709 1967 2882 2006 sacrae
2917 1953 3093 2022 dapes
3123 1968 3301 2024 super
3332 1952 3623 2024 peculiare

1977 2055 2178 2095 mensa
2209 2041 2268 2094 in
2294 2041 2482 2095 media
2513 2045 2676 2112 parte
2697 2039 2938 2096 illustris
2965 2040 3619 2112 tricliniijucundorum

1978 2130 2358 2186 novendecim
2391 2131 2659 2186 accubitu
2672 2145 2766 2185 um
2795 2132 3039 2186 seorsim
3073 2130 3283 2202 posita.
3307 2131 3624 2187 Convivan-

1976 2224 2071 2275 tur
2091 2220 2432 2292 imperatori
2461 2219 2782 2292 praspositi,
2803 2222 3059 2277 eunuchi
3091 2222 3541 2294 protospatharii
3565 2227 3623 2278 et

1977 2310 2364 2382 primicerius,
2399 2310 2458 2366 in
2506 2310 2842 2367 universum
2884 2311 2943 2367 hi
2975 2329 3112 2380 sex;
3146 2311 3356 2368 deinde
3388 2328 3621 2384 quoque

1977 2416 2262 2472 pauperes
2287 2415 2512 2467 omnes,
2544 2399 2639 2471 qui
2670 2405 2918 2456 tesseras
2945 2400 3274 2473 imperiales
3297 2417 3393 2471 per
3413 2418 3621 2458 manus

1978 2495 2320 2562 magnatum
2342 2493 2718 2562 acceperunt;
2744 2489 2803 2544 hi
2826 2490 3121 2545 donantur
3141 2489 3359 2547 viritim
3376 2489 3623 2562 singulis

1979 2579 2243 2634 nummis
2272 2583 2329 2634 et
2349 2577 2650 2649 quaternis
2671 2577 3130 2634 miliarensibus.
3153 2577 3344 2634 Tertio
3376 2579 3470 2635 die
3491 2583 3623 2651 post

1980 2667 2278 2740 peragitur
2325 2672 2618 2723 certamen
2678 2675 2943 2739 equestre
2991 2668 3344 2737 cursor-ium,
3395 2673 3452 2724 et
3480 2667 3624 2724 cele-

1979 2757 2180 2813 bratur
2209 2756 2534 2813 convivium
2567 2757 2628 2811 in
2659 2757 2913 2814 triclinio
2944 2757 3331 2828 cathismatis,
3359 2759 3428 2814 ad
3463 2759 3618 2829 quod

1978 2846 2296 2902 invitamus
2327 2847 2562 2915 amicos,
2595 2861 2744 2917 quos
2775 2847 2952 2902 moris
2991 2862 3121 2902 esse
3165 2848 3224 2902 in
3257 2847 3413 2902 ludis
3443 2862 3620 2918 eque-

1979 2935 2199 2991 stribus
2229 2934 2462 2990 invitari
2508 2951 2688 3006 supra
2726 2935 3004 2992 diximus.
3039 2936 3139 2992 Die
3185 2936 3427 3007 Augusti
3457 2940 3620 2992 sexto

1979 3024 2306 3081 celebratur
2333 3024 2628 3097 processio
2662 3024 2718 3080 in
2755 3024 3086 3081 mutatoriis
3115 3026 3172 3080 in
3206 3040 3482 3096 magnam
3513 3025 3617 3081 Dei

1977 3115 2326 3172 catholicam
2357 3113 2691 3184 ecclesiam,
2733 3130 3014 3185 sacroque
3042 3115 3232 3171 officio
3265 3114 3450 3181 finito,
3483 3131 3618 3172 con-

1976 3205 2239 3260 vivantur
2285 3203 2501 3258 ibidem
2531 3201 2871 3274 imperatori
2905 3202 3099 3268 amici,
3145 3219 3292 3274 quos
3321 3219 3474 3276 saepe
3497 3204 3617 3274 jam

1968 3293 2423 3363 nominavimus,
2475 3292 2546 3348 de
2589 3293 2765 3349 mixto
2804 3309 2938 3348 cum
2999 3307 3474 3350 memoraremus.
3508 3293 3620 3350 Re-

1967 3382 2216 3437 vertitur
2240 3382 2516 3451 deinceps
2554 3381 2872 3452 imperator
2901 3383 2957 3436 in
2996 3381 3273 3452 palatium
3307 3382 3618 3454 splendida

1969 3485 2100 3524 cum
2122 3485 2357 3541 pompa,
2377 3468 2608 3539 ipsique
2629 3471 3225 3541 proponunturdapes
3245 3470 3304 3526 in
3329 3472 3616 3542 peculiare

1970 3573 2174 3613 mensa
2207 3556 2446 3612 triclinii
2473 3557 2927 3628 Justiniani,quo
2946 3559 3260 3614 invitamus
3281 3561 3612 3630 magistros,

1971 3643 2370 3718 proconsules,
2393 3643 2690 3716 patricios,
2707 3644 3008 3715 ofﬁciales,
3042 3647 3540 3718 protospatharios
3560 3654 3617 3705 et

1971 3733 2228 3806 reliquos
2257 3737 2554 3790 senatores
2584 3735 2891 3806 campagia
2912 3739 3175 3805 gerentes
3205 3752 3309 3808 pro
3335 3738 3618 3808 capacita-

1970 3827 2029 3878 te
2061 3838 2297 3879 mensae.
2324 3822 2784 3879 Introducuntur
2803 3827 2861 3878 et
2882 3822 3217 3880 educuntur
3244 3825 3305 3880 in
3337 3826 3459 3882 suis
3491 3843 3616 3884 mu-

1968 3913 2197 3970 tatoriis
2214 3913 2435 3984 absque
2455 3911 2694 3982 tunicis,
2717 3913 2853 3983 quia
2873 3913 3047 3970 etiam
3071 3915 3199 3987 ipse
3219 3915 3535 3988 imperator
3555 3917 3614 3974 in

1970 4019 2079 4060 suo
2095 4003 2377 4058 dibetesio
2408 4001 2697 4074 praeidet.
2716 4002 2992 4073 Ejusdem
3025 4005 3246 4061 mensis
3275 4006 3365 4061 die
3386 4007 3612 4063 decimo

1969 4094 2171 4167 quinto
2201 4095 2351 4151 451
2389 4092 2682 4165 peragitur
2707 4093 2941 4165 publica
2971 4095 3266 4168 processio
3305 4097 3611 4154 dormitio-

1968 4184 2060 4240 nis
2081 4182 2463 4239 sanctissimae
2486 4181 2740 4238 Dominae
2765 4183 2858 4238 Dei
2868 4200 3014 4254 parm
3032 4185 3092 4240 in
3113 4185 3442 4242 venerabile
3463 4190 3612 4243 tem-

1968 4273 2130 4347 plum
2154 4273 2301 4344 ejus,
2323 4274 2472 4344 quod
2492 4277 2580 4328 est
2612 4272 2670 4326 in
2693 4271 3051 4340 blachernis,
3077 4291 3359 4347 sacroque
3382 4283 3612 4348 peracto

1968 4361 2181 4429 ofﬁcio,
2209 4360 2557 4434 proponitur
2580 4361 2889 4432 prandium
2911 4378 3084 4434 super
3106 4380 3303 4420 mensa
3324 4364 3612 4436 peculiare

1967 4452 2027 4508 in
2059 4450 2334 4507 inferiore
2363 4448 2638 4520 triclinio,
2661 4452 2812 4522 quod
2850 4467 3050 4508 versus
3088 4452 3299 4524 palatia
3321 4453 3613 4510 maritima

206 4535 592 4610 συγκλητικῶν
645 4538 754 4589 τῶν
815 4534 918 4590 ὑπὸ
983 4537 1294 4612 καμπάγιον
1361 4533 1532 4593 ὄντων
1597 4539 1734 4593 κατὰ
1787 4539 1848 4594 τὸ

1975 4543 2209 4614 spectat,
2243 4512 2635 4611 praseidetque'
2657 4512 2974 4611 imperator
3003 4512 3139 4598 cum
3191 4542 3520 4612 patriarcha
3550 4543 3608 4600 in

204 4624 378 4682 ποσὸν
417 4629 518 4694 τῆς
569 4622 885 4697 τραπέζης·
947 4623 1176 4701 εἰσάγειν
1244 4622 1303 4681 δὲ
1372 4625 1568 4689 αὐτοὺς
1619 4629 1711 4683 καὶ
1769 4627 1849 4700 ἐξ·

1960 4649 2067 4689 suo
2099 4629 2401 4686 dibetesio.
2429 4629 2675 4685 Imitare
2694 4630 2767 4685 ad
2790 4629 2951 4688 illius
2976 4632 3224 4690 convivii
3254 4633 3613 4691 communio-

1252 4742 1454 4800 JOAN.
1495 4745 1645 4802 JAC.
1687 4749 1947 4807 REISKII
1986 4743 2569 4804 COMMENTARIUS.

277 4837 354 4917 (_9]
389 4835 1046 4917 interpretaturhlpcum
1069 4837 1284 4917 ἰλιι-ηο-
1303 4841 1446 4898 alter
1492 4841 1686 4899 Nostri
1708 4861 1850 4917 pag.

200 4903 354 4979 2l0,’
381 4909 482 4982 ubi
514 4903 728 4982 dicitur
758 4927 774 4966 :
806 4903 1028 4982 δίδωσιν
1063 4909 1211 4982 (scil.
1265 4910 1603 4982 Imperator)
1659 4903 1850 4977 αύτοῖς

200 4976 574 5078 g'procegibus
617 4981 761 5078 anujs)
792 4976 1089 5078 σφραγῖδας
1112 4976 1394 5078 ’διανξῖμέιι
1426 4988 1543 5078 τοῖς
1574 4976 1849 5078 τπωχοῖς,

200 5003 574 5052 ιρι-συστωιιδ
617 5003 761 5052 suis)
792 5003 1089 5064 σφραγιοας
1123 5003 1394 5107 omnis.th
1426 5003 1543 5045 τοις
1574 5005 1849 5078 τπωχοις,

196 5053 358 5128 ὅπως
414 5049 761 5128 ἀνακληθῶσι
817 5053 1048 5128 (idest
1102 5051 1299 5128 (’1)th
1331 5058 1454 5128 ὦσι)
1511 5057 1624 5128 μετ’
1682 5063 1852 5113 αυτοῦ

194 5126 308 5250 Sta
339 5127 431 5178 est
461 5123 519 5178 in
553 5121 933 5194 membranis)
975 5121 1050 5185 είς
1079 5123 1146 5176 τὰ
1182 5125 1243 5187 ιθ¹
1283 5121 1545 5181 ἂκούϐιτα
1584 5130 1721 5184 κατᾶ
1751 5130 1850 5198 τὴν

234 5190 440 5250 ργαίαν
497 5193 802 5250 συνηθειαν.
860 5193 1150 5250 distribuit
1204 5198 1338 5250 tusis
1405 5204 1657 5250 tesseras-
1719 5218 1850 5250 num

233 5190 440 5273 ρχαίαν
497 5193 802 5273 συνῃθΑειαν,
860 5190 1150 5251 distribuit
1204 5198 1338 5268 ipsis
1405 5204 1679 5273 terseras,”
1719 5190 1853 5273 qud:

195 5265 540 5339 distribuant
581 5265 743 5339 inter,
766 5280 1048 5336 pauperes,
1106 5265 1238 5338 quo‘
1264 5271 1589 5326 recumbant
1645 5265 1741 5339 [id'
1769 5277 1855 5330 est

196 5337 539 5410 epulantur]
570 5353 707 5414 cum_
723 5338 1052 5414 imperatore
1080 5337 1140 5393 iri
1175 5339 1240 5393 19
1269 5343 1541 5399 accubitis
1556 5337 1732 5414 juaita
1763 5361 1854 5401 ve-

196 5408 376 5466 terem
403 5408 880 5465 coniuetudinem.

270 5479 392 5556 (1ο)
423 5481 668 5556 Reddidi
697 5479 940 5536 nummi:
975 5480 1220 5556 singuli:
1271 5489 1322 5540 et
1350 5485 1635 5556 quaternis,
1656 5487 1852 5543 milia-

198 5550 478 5631 remibus.
496 5551 647 5631 _Puto
678 5567 910 5631 nempe,
934 5569 965 5604 α
989 5550 1561 5631 quidemnumerum
1594 5555 1854 5631 singula-

200 5628 350 5690 tem,
367 5640 401 5697 γ
416 5626 610 5680 autem
631 5625 861 5683 tertiam
875 5625 1103 5681 nummi
1125 5630 1366 5700 partem,
1387 5628 1492 5687 hoc
1504 5632 1591 5688 est
1605 5625 1858 5702 quatuor

1962 4841 2279 4919 mi_liar_esia
2327 4841 2678 4919 significare.
2737 4846 2886 4900 Sane
2925 4865 2961 4919 γ
3008 4862 3139 4903 cum
3189 4847 3385 4919 aliquo
3426 4847 3605 4919 ductu

1962 4914 2173 4989 calami
2218 4913 2407 4968 exstat
2461 4913 2611 4989 inter
2638 4913 3004 4989 compendia
3065 4913 3405 4989 numeralia
3447 4917 3603 4989 apud

1963 4987 2357 5059 Montfaucon.
2393 5001 2449 5059 p.
2498 4985 2599 5059 361
2636 4985 2905 5059 Paleogr.
2937 4992 3163 5059 Graecas,
3213 4996 3268 5043 et
3297 4985 3514 5044 dicitur
3538 4987 3602 5042 τὸ

1961 5054 2323 5132 τριτημόριον
2349 5054 2534 5132 velle
2562 5054 2743 5132 τρίτον
2777 5054 2942 5132 μέρὸς
2972 5054 3252 5132 indicare.
3287 5059 3497 5114 Eadem
3530 5060 3603 5115 de

1963 5123 2143 5187 causa
2177 5123 2256 5200 β’δ’
2288 5143 2342 5199 p.
2397 5127 2501 5200 454
2559 5123 2975 5200 interpretatus
3020 5130 3097 5184 fui
3159 5131 3313 5187 binos
3349 5145 3602 5186 nummos

1963 5217 2086 5256 cum
2115 5198 2762 5256 ternis’miliarensibui.
2810 5201 2974 5268 Quod
3025 5201 3074 5254 si
3123 5205 3316 5256 autem
3367 5201 3460 5256 hic
3489 5201 3602 5258 loci

1965 5272 2042 5328 sit
2072 5269 2430 5342 reddendum
2480 5270 2633 5327 binos
2675 5288 2924 5327 nummos
2964 5287 3088 5325 cum
3140 5275 3422 5342 quaternis
3454 5272 3603 5340 mil.,

1964 5345 2070 5399 erit
2104 5343 2291 5414 priore
2339 5341 2856 5414 locogredde‘ndum
2902 5341 3163 5414 singulis
3188 5346 3435 5399 nummis
3476 5360 3604 5400 cum

1963 5411 2132 5487 terni}:
2161 5412 2602 5469 miliarenu’bus.
2645 5411 2846 5468 Utrum
2877 5413 2952 5468 sit
2996 5413 3228 5484 rectius,
3263 5415 3476 5470 eruditi
3499 5418 3602 5487 ju-

1968 5486 2182 5543 dicent.

2036 5555 2265 5630 (H)A1n
2322 5553 2766 5630 sextumﬁiem
2819 5555 3069 5629 Augusti
3127 5556 3335 5616 incidit
3385 5557 3601 5617 festum

1965 5624 2526 5700 Transﬂgurationis
2556 5624 2792 5683 Christi.
