4088 6300
326 329 476 390 1411

1433 317 1967 380 CONSTANTlNl
2013 289 2702 388 PORPHY’ROGENITI

3580 319 3746 379 1412

321 475 455 516 nem
489 473 597 515 nos
625 457 852 528 oportet
898 452 1119 511 amicos
1161 451 1233 508 de
1271 449 1474 507 ordine
1525 448 1958 519 magistrorum,

2090 455 2224 532 ίγειν
2287 455 2421 530 μετὰ
2475 459 2584 511 τῶν
2645 451 2860 509 οίκείων
2927 450 3318 525 ἀλλαξιμάτων
3386 448 3567 525 χωρὶς
3621 453 3742 502 τῶν

323 548 787 621 ριιωροείιοτυω,
827 541 1270 616 proconsulum,
1319 540 1721 614 patriciorum,
1753 540 1969 598 officia-

323 635 495 708 lium,
526 634 1023 706 metropolitarum
1041 635 1098 686 et
1116 629 1471 703 reliquorum
1496 631 1966 701 magistratuum,

325 731 450 784 tam
479 725 896 798 palatinorum,
947 735 1123 792 quam
1174 717 1537 785 militarium,
1598 734 1701 789 pro
1749 719 1972 776 ratione

328 815 758 887 capacitateque
789 826 1032 867 mensae.
1067 809 1530 866 introducantur
1560 815 1613 864 et
1644 806 1972 865 educuntur

326 905 412 961 sic
443 917 459 959 :
491 899 782 974 magistri,
814 899 1129 973 prepositi,
1161 897 1411 969 patricii,
1463 896 1744 954 officiales
1785 905 1839 952 et
1869 895 1970 968 qui

327 993 631 1064 campagia
661 995 875 1062 gerunt
893 1003 1124 1055 omnes,
1145 987 1202 1042 in
1224 988 1344 1044 suis
1369 985 1696 1042 mutatoriis
1719 1002 1733 1044 :
1760 985 1970 1057 reliqui

327 1080 792 1138 basilicitantum
820 1078 879 1134 in
901 1077 1027 1136 suis
1046 1074 1764 1147 scaramangiis.Ejusdem
1784 1073 1973 1146 ipsius

329 1171 444 1228 diei
458 1185 701 1241 vespera
717 1168 846 1241 [seu
869 1167 1032 1224 horis
1054 1164 1494 1238 pomeridianis]
1519 1163 1642 1218 abit
1664 1163 1976 1235 imperator

329 1261 393 1317 in
423 1259 702 1332 templum
726 1257 786 1314 S.
816 1255 1138 1323 Diomedis;
1161 1260 1218 1310 et
1247 1253 1430 1310 altero
1453 1253 1545 1308 die
1567 1257 1718 1322 post,
1743 1255 1975 1324 peracto

331 1364 494 1406 sacro
522 1346 736 1414 officio,
770 1347 1174 1416 proponuntur
1215 1342 1419 1413 dapes,
1470 1355 1628 1396 more
1670 1344 1971 1406 consueto,

327 1439 714 1496 convivantur
759 1434 994 1490 domino
1058 1431 1236 1488 etiam
1290 1441 1427 1486 tunc
1477 1431 1549 1486 de
1590 1433 1708 1488 toto
1764 1433 1972 1486 senatu

329 1526 538 1583 delecti
569 1523 766 1581 amici.
799 1522 901 1579 Die
945 1521 1227 1594 vigesimo
1260 1535 1413 1576 nono
1443 1519 1708 1590 ejusdem
1750 1517 1976 1576 mensis

332 1614 660 1673 celebratur
690 1611 968 1669 memoria
998 1610 1076 1682 [et
1123 1609 1249 1665 dies
1286 1607 1652 1680 emortualis]
1697 1607 1884 1664 sancti
1921 1614 1978 1664 et

333 1703 636 1762 orthodoxi
669 1700 862 1774 magni
902 1699 1086 1756 nostri
1133 1699 1506 1772 imperatoris
1532 1697 1732 1754 Basilii
1763 1695 1853 1771 [eo
1883 1697 1978 1754 die

336 1792 429 1866 pie
459 1788 763 1863 defuncti].
797 1788 1047 1844 Solenne
1077 1796 1214 1844 tunc
1240 1787 1663 1858 splendidaque
1684 1786 1740 1840 in
1764 1801 1976 1857 pompa

337 1881 662 1954 procedunt
705 1880 1087 1951 imperatores
1131 1879 1315 1932 nostri
1348 1877 1480 1947 [Leo
1529 1881 1586 1932 et
1632 1874 1975 1945 Alexander]

336 1971 524 2027 induti
555 1969 976 2040 scaramangiis
1006 1968 1067 2022 in
1100 1965 1384 2038 templum
1406 1965 1506 2023 SS.
1531 1964 1974 2037 Apostolorum;

337 2065 659 2133 sanctoque
691 2058 880 2116 officio
912 2057 1096 2122 finito,
1137 2057 1378 2112 redeunt
1405 2057 1606 2112 eodem
1641 2056 1814 2110 modo
1846 2069 1976 2110 cum

337 2150 518 2223 gloria
547 2149 810 2217 domum,
841 2151 900 2203 et
949 2149 1325 2218 apponuntur
1355 2143 1538 2217 epulae
1573 2145 1634 2200 in
1657 2143 1978 2200 Justiniani

338 2238 612 2305 triclinio,
637 2239 705 2294 ad
737 2251 980 2309 quarum
1000 2234 1476 2291 communionem
1505 2232 1790 2289 invitandi
1811 2232 1980 2289 nobis

339 2337 477 2386 sunt
494 2327 690 2394 amici,
716 2331 780 2382 ut
801 2325 1086 2398 magistri,
1105 2323 1371 2380 homines
1395 2321 1981 2388 senatorii,homines

336 2416 694 2490 imperiales,
727 2433 830 2488 pro
877 2415 1065 2486 spatio
1125 2429 1361 2470 mensae.
1425 2412 1882 2469 lntroducuntur
1925 2415 1982 2468 et

336 2509 663 2565 educuntur
690 2506 749 2562 in
783 2505 907 2562 suis
938 2509 1164 2560 tantum
1207 2502 1648 2575 scaramangiie,
1678 2507 1982 2573 propterea

340 2595 494 2668 quod
532 2602 586 2651 et
642 2595 754 2666 ipsi
813 2592 1035 2649 domini
1085 2592 1187 2647 tali
1239 2591 1300 2646 in
1355 2591 1556 2646 habitu
1607 2591 1978 2646 accumbunt.

340 2685 536 2742 Altero
565 2683 658 2740 die
689 2686 820 2756 post
847 2681 1173 2738 celebratur
1203 2696 1337 2736 cum
1379 2679 1610 2736 deximo
1643 2696 1743 2736 seu
1775 2678 1978 2736 solen-

344 2775 408 2831 ni
436 2772 812 2830 salutantium
859 2775 916 2827 et
962 2769 1382 2842 gratulantium
1425 2767 1761 2840 exceptione
1817 2774 1983 2825 auto-

346 2863 595 2920 cratoria
624 2879 727 2919 seu
779 2858 994 2917 natalis
1035 2859 1115 2932 pii
1159 2859 1216 2916 in
1264 2859 1496 2914 Christo
1554 2858 1784 2929 imperii
1841 2859 1982 2916 iide-

338 2953 483 3011 lium
573 2955 993 3024 imperatorum
1059 2949 1267 3006 Leonis
1336 2954 1396 3005 et
1463 2949 1810 3018 Alexandri;
1883 2947 1983 3005 ab-

337 3043 644 3115 solutoque
719 3057 853 3097 cum
913 3039 1278 3095 solemnibus
1335 3038 1673 3094 cerimoniis
1729 3038 1982 3106 deximo,

333 3149 543 3188 rursus
611 3130 924 3202 praesident
981 3128 1061 3199 pii
1137 3125 1361 3182 domini
1425 3127 1484 3181 in
1554 3127 1763 3182 throno
1819 3127 1982 3182 auxi-

330 3220 480 3276 lium
542 3198 1283 3289 ﬂa'gitantibusioblatum
1355 3220 1412 3270 et
1479 3216 1718 3286 praamia
1792 3198 2055 3272 hono-C

334 3322 542 3378 resque
573 3305 938 3362 merentibus
967 3302 1243 3360 collatum
1271 3319 1284 3370 ;
1333 3319 1444 3375 quo
1478 3305 1622 3360 facto
1653 3320 1858 3360 rursus
1891 3303 1979 3360 in-

334 3394 576 3452 struitur
621 3409 853 3450 sacrum
897 3391 1247 3459 convivium,
1273 3392 1346 3446 ad
1369 3393 1520 3464 quod
1555 3393 1868 3450 invitamus
1886 3393 1980 3450 de-

333 3483 516 3541 lectos
547 3483 618 3540 de
639 3483 842 3538 ordine
869 3481 1307 3553 magistrorum,
1332 3481 1799 3553 praepositorum,
1844 3498 1979 3552 pro—

336 3570 1425 3643 consulum,patriciorum,ofﬁcialium
1452 3577 1656 3643 preter
1676 3572 1979 3628 eunuchos

333 3664 624 3730 omnium,
653 3662 752 3718 sed
785 3660 1053 3716 ordinum
1086 3665 1319 3715 tantum
1370 3665 1590 3730 partem
1635 3659 1932 3716 dimidiam
1959 3680 1975 3730 ;

333 3752 406 3808 de
435 3756 639 3808 caetero
689 3747 992 3820 campagia
1019 3753 1256 3820 gerente
1304 3753 1509 3804 senatu
1541 3756 1596 3804 et
1627 3748 1978 3806 militaribus

333 3840 572 3898 urbanis
584 3838 1016 3911 magistratibus
1036 3838 1332 3893 mutatoria
1345 3837 1686 3909 gerentibus
1699 3842 1980 3910 quotquot

336 3946 543 3986 mensa
571 3929 744 4000 capit.
777 3927 845 3982 Hi
879 3928 1000 3983 suis
1030 3927 1090 3981 in
1122 3926 1454 3982 mutatoriis
1473 3931 1532 3982 et
1563 3927 1781 3983 tunicis
1804 3927 1981 3983 intro-

335 4021 651 4076 ducuntur.
686 4015 960 4089 Reliquos
1009 4022 1206 4072 autem
1249 4032 1452 4073 omnes
1502 4031 1863 4072 reservamus
1905 4017 1979 4074 ad

333 4109 627 4177 choream,
652 4124 780 4180 quae
811 4105 1172 4163 exhilarandi
1203 4106 1419 4162 domini
1454 4106 1642 4163 nostri
1673 4107 1856 4172 gratia
1885 4108 1978 4163 in-

335 4199 617 4256 stituitur.
649 4197 801 4254 452
831 4196 894 4252 In
926 4196 1126 4252 orbem
1161 4195 1220 4250 hi
1253 4194 1520 4251 saltando
1551 4197 1742 4252 aureis
1770 4197 1828 4252 in
1857 4197 1981 4254 tho-

335 4288 569 4344 racibus
594 4286 827 4358 peplum
847 4285 1030 4340 veluti
1063 4283 1301 4339 laudum
1331 4283 1444 4356 piis
1475 4284 1694 4342 nostris
1727 4286 1979 4343 dominis

334 4380 422 4432 tot
440 4391 645 4432 vocum
679 4380 799 4432 tam
829 4373 990 4430 vario
1019 4381 1074 4429 et
1104 4390 1216 4429 non
1242 4373 1547 4431 desinente
1568 4382 1854 4433 concentu
1891 4381 1978 4432 te-

335 4472 500 4521 xunt.
533 4463 642 4520 Pro
668 4481 783 4536 quo
815 4462 1007 4520 studio
1030 4463 1323 4534 accipiunt
1343 4464 1566 4520 donarii
1597 4465 1831 4522 nomine
1852 4465 1977 4522 auri

2073 543 2375 620 χλανιδίων
2406 542 2496 600 διὰ
2548 545 2612 599 τὸ
2667 541 2758 598 καὶ
2796 542 2889 597 τὸν
2942 539 3172 617 βατιλὲοι
3218 538 3353 612 μετὰ
3391 543 3492 593 τοῦ
3525 537 3740 593 οἱκείου

2075 628 2399 704 διϐητησίου
2465 633 2921 709 προκαθεσθῆναι.
2988 632 3074 702 Τῇ
3153 626 3212 684 δέ
3292 634 3346 684 ιε’
3400 632 3498 683 τού
3567 627 3738 682 αὐτοῦ

2078 722 2250 794 μηνὸς
2281 721 2461 797 ἡμέρᾳ
2489 718 2729 777 τελεῖται
2770 717 3013 793 δημοσία
3058 716 3383 794 προελευσις
3445 723 3550 786 τῆς
3599 722 3735 769 Κοι-

2079 813 2296 885 μήσεως
2324 817 2424 881 τῆς
2467 810 2755 885 ὑπεραγίας
2806 807 3106 878 Δεσποίνης
3142 810 3306 880 ἡμῶν
3355 806 3625 861 Θεοτόκου
3681 804 3735 860 ἐν

2073 904 2152 972 τῷ
2191 897 2482 974 πανσὲπτῳ
2529 905 2642 972 ναῷ
2707 897 2876 968 αὐτῆς
2929 902 3008 970 τῷ
3083 895 3135 951 ἐν
3205 893 3574 969 Βλαχέρναις,
3639 894 3734 948 καὶ

2074 988 2415 1065 τελουμένης
2451 997 2552 1060 τῆς
2607 991 2756 1065 ἱερᾶς
2817 985 3185 1062 λειτουργίας,
3225 985 3538 1060 προτίθεται
3585 983 3733 1055 κλη-

2075 1083 2276 1155 τώριον
2336 1079 2420 1136 ἐπὶ
2472 1080 2789 1149 ἀποκοπτῆς
2833 1076 3108 1151 τραπέζης
3174 1075 3227 1128 ἐν
3275 1079 3356 1147 τῷ
3403 1075 3557 1129 κάτω
3614 1093 3736 1147 τρι-

2076 1165 2249 1241 κλίνῳ
2294 1173 2374 1242 τῷ
2421 1165 2536 1224 ὅντι
2575 1167 2662 1223 ἐπὶ
2725 1167 2792 1222 τὰ
2837 1163 3081 1222 παλᾶτια
3136 1171 3234 1235 τῆς
3296 1162 3600 1232 Θαλάσσης,
3644 1162 3733 1217 καὶ

2079 1257 2466 1330 προκαθέζεται
2531 1259 2559 1313 ὁ
2622 1257 2875 1332 βασιλεὺς
2923 1254 3014 1310 σὺν
3073 1258 3152 1326 τῷ
3208 1253 3535 1328 πατριάρχῃ
3594 1251 3736 1324 μετᾶ

2078 1351 2174 1402 τοῦ
2215 1347 2416 1404 οἰκείου
2476 1347 2641 1403 αὐτοῦ
2676 1342 3046 1417 διϐητησίου.
3080 1345 3176 1399 Καὶ
3240 1340 3326 1398 δεῖ
3371 1344 3520 1416 ἡμᾶς
3551 1341 3735 1416 εὔτρε-

2079 1437 2255 1506 πίζειν
2312 1437 2388 1500 εἷς
2419 1437 2746 1493 συνεστίασιν
2777 1435 2944 1491 αὐτοῦ
2975 1431 3170 1509 φίλους
3220 1433 3326 1488 ἀπὸ
3381 1436 3482 1498 τῆς
3529 1432 3734 1504 τάξεως

2079 1530 2185 1582 τῶν
2247 1526 2574 1604 μαγίστρων,
2638 1524 3036 1602 πραιποσίτων,
3105 1522 3444 1588 ἀνθυπάτων,
3533 1540 3736 1594 πατρι·

2079 1619 2234 1690 κίων,
2267 1616 2651 1697 ὀφιρικιαλίων,
2689 1614 3117 1692 μητροπολιτῶν
3154 1613 3245 1670 καὶ
3288 1612 3502 1669 λοιπῶν
3536 1612 3737 1688 ἀρχόν-

2082 1729 2191 1763 των
2252 1705 2552 1782 βασιλικῶν
2605 1727 2665 1762 τε
2719 1704 2807 1760 καί
2863 1706 3212 1778 ταγματικῶν
3270 1702 3406 1758 κατᾶ
3447 1703 3509 1756 τὸ
3564 1699 3729 1754 ποσὸν

2009 1833 2052 1898 Β
2081 1802 2182 1866 τῆς
2210 1797 2503 1873 τραπέζης.
2539 1795 2860 1868 Είσάγονται
2918 1790 2974 1848 δὲ
3021 1793 3112 1848 καὶ
3171 1792 3452 1868 ἐξάγονται
3505 1789 3680 1850 οὕτως
3713 1807 3727 1821 ·

2089 1887 2140 1940 οἱ
2215 1886 2311 1958 μὶν
2389 1883 2699 1959 μάγιστροι,
2765 1881 3140 1958 πραιπόσιτοι,
3208 1881 3509 1956 πατρίκιοι,
3579 1879 3736 1955 693n-

2087 1972 2296 2029 κιάλιοι
2343 1978 2432 2030 καὶ
2484 1974 2536 2029 οὶ
2577 1973 2681 2029 ὑπὸ
2730 1970 3040 2046 καμπὴιον
3081 1976 3275 2032 πάντες
3321 1969 3456 2042 μετᾶ
3504 1973 3612 2022 τῶν
3655 1967 3736 2021 οἱ-

2088 2063 2247 2119 κείων
2301 2060 2730 2134 ἀλλαξιμάτων·
2771 2061 2823 2116 οἱ
2883 2057 2939 2114 δὲ
3007 2058 3197 2116 λοιποὶ
3260 2055 3537 2132 βασιλικοὶ
3604 2056 3745 2128 μετὰ

2088 2158 2196 2210 τῶν
2261 2151 2474 2207 οἰκείων
2528 2148 2951 2226 σκαραμαγγίων
3027 2149 3115 2204 καὶ
3198 2148 3388 2220 μόνον.
3443 2148 3534 2202 Ἐν
3575 2141 3635 2199 δὲ
3673 2148 3742 2216 τῇ

2089 2242 2225 2316 αὐτῇ
2279 2241 2462 2316 ἡμέρᾳ
2518 2237 2709 2310 δείλης
2765 2237 3060 2313 ἀπέρχεναι
3107 2237 3135 2293 ὑ
3198 2233 3454 2310 βασιλεὺς
3517 2234 3592 2296 εἷς
3647 2235 3742 2289 τὸν

2089 2332 2212 2388 ναὸν
2263 2335 2361 2386 τοῦ
2421 2330 2618 2406 ’Δγίου
2668 2327 3001 2402 Διομήδους,
3050 2328 3140 2382 καὶ
3196 2329 3265 2392 τῆ
3317 2325 3573 2399 ἐπαύριον
3624 2325 3743 2395 (12)

2088 2418 2427 2494 τελουμένης
2472 2425 2574 2488 τῆς
2625 2416 2994 2493 λειτουργίας,
3042 2415 3352 2491 προτίθεται
3419 2413 3740 2485 κλητώριον

2088 2510 2224 2565 κατὰ
2275 2508 2468 2577 τύπον,
2499 2508 2590 2563 καὶ
2651 2507 3008 2574 συνεσθίουσι,
3039 2510 3119 2578 τῷ
3161 2503 3380 2580 βασιλεῖ
3418 2504 3635 2576 ὁμοίως
3666 2503 3740 2574 {ei

2090 2595 2150 2651 ἐκ
2185 2598 2285 2666 τῆς
2345 2594 2658 2670 συγκλήτου
2698 2593 2909 2655 πάντες.
2938 2595 3022 2666 Ίῇ
3063 2589 3123 2646 δὲ
3161 2598 3240 2656 κθ¹
3295 2592 3407 2663 (13)
3435 2593 3534 2644 τοῦ
3564 2588 3738 2643 αὐτοῦ

2096 2684 2268 2757 μηνὸς
2334 2683 2519 2759 ἡμέρᾳ
2569 2682 2866 2738 ἐκτελεῖται
2915 2683 2950 2752 ἡ
3013 2683 3207 2755 μνήμη
3273 2683 3371 2735 τοῦ
3427 2677 3586 2752 ἁγίου
3644 2678 3736 2732 καὶ

2095 2771 2386 2848 ὀρθοδόξου
2429 2771 2670 2847 μεγάλου
2730 2769 3001 2846 βασιλέως
3059 2771 3220 2841 ἡμῶν
3281 2764 3591 2835 Βασιλείου,
3650 2766 3743 2820 καὶ

2093 2862 2461 2938 προέρχονται
2530 2861 2663 2934 μετά
2729 2857 3152 2936 σκαραμαγγίων
3213 2854 3266 2912 ἐν
3321 2861 3400 2929 τῷ
3456 2860 3566 2927 ναῷ
3632 2859 3744 2910 τῶν

2093 2953 2292 3027 ’Λγίων
2359 2950 2706 3009 Ἀποστὸλων
2792 2950 2844 3005 οἱ
2932 2947 3180 3024 βασιλεῖς
3254 2945 3600 3021 ἑμπράττως,
3653 2945 3744 2999 καὶ

2092 3039 2430 3112 τελουμένης
2503 3045 2603 3109 τῆς
2680 3040 2826 3112 ἱερᾶς
2895 3035 3264 3112 λειτουργίας,
3317 3037 3746 3112 ὑποστρέφουσιν

2096 3127 2303 3202 ὁμοίως
2343 3124 2526 3182 οἷ’γαδε
2573 3127 2707 3199 μετᾶ
2755 3123 2938 3196 δόξης,
2996 3127 3087 3181 καὶ
3145 3127 3462 3201 προτίθεται
3519 3122 3746 3192 κλητώο

2095 3237 2208 3292 ριον
2267 3217 2327 3272 ἐκ
2384 3221 2465 3292 τῷ
2525 3218 2912 3273 ἰουστινιανοῦ
2963 3214 3251 3291 τρικλίνῳ,
3318 3213 3406 3268 καὶ
3457 3210 3538 3267 δεῖ
3597 3215 3744 3285 ἡμᾶς

2094 3307 2422 3382 εύτρεπίζειν
2492 3307 2569 3370 είς
2625 3307 2960 3362 συνεστίασιν
3025 3309 3142 3367 τοῖς
3203 3303 3482 3380 βασιλεῦσι
3549 3300 3745 3376 φίλους

2093 3396 2201 3452 ἀπὸ
2237 3403 2338 3466 τῆς
2401 3397 2599 3466 τάξεως
2651 3401 2759 3450 τῶν
2815 3394 3147 3470 μαγίστρων,
3187 3399 3294 3448 τῶν
3360 3388 3746 3467 συγκλητικῶν

2097 3484 2394 3562 βασιλικῶν
2446 3484 2769 3561 ἀνθρώπων,
2800 3484 2936 3540 κατὰ
2979 3484 3043 3540 τὸ
3093 3483 3260 3538 ποσὸν
3299 3488 3400 3551 τῆς
3427 3481 3702 3555 τραπέζης
3731 3500 3744 3512 ”

2093 3573 2323 3648 εἰσάγειν
2382 3571 2438 3629 δὶ
2497 3572 2692 3636 αὐτοὺς
2757 3573 2849 3628 καὶ
2915 3573 3122 3648 ἐξάγειν
3184 3571 3318 3646 μετᾶ
3373 3574 3480 3626 τῶν
3531 3567 3751 3624 οἰκείων

2094 3661 2515 3738 σκαραμαγγίων
2556 3662 2646 3717 καὶ
2700 3661 2864 3735 μόνον
2926 3659 3015 3716 διὰ
3059 3660 3121 3715 τὸ
3177 3659 3268 3715 καὶ
3322 3657 3448 3720 τοὺς
3495 3653 3745 3731 βασιλεῖς

2089 3750 2141 3808 ἐν
2172 3757 2252 3825 τῷ
2303 3753 2540 3824 τοιούτῳ
2587 3753 2839 3826 σχήματι
2879 3745 3248 3824 ἂκουμϐίζειν.
3274 3750 3359 3821 Τῇ
3388 3745 3445 3803 δὲ
3485 3745 3745 3821 ἐπαύριον

2092 3842 2386 3898 ἐκτελεῖται
2441 3838 2529 3896 διὰ
2591 3838 2812 3914 δεξίμου
2872 3842 2908 3910 ἠ
2975 3839 3029 3895 ἐν
3080 3839 3298 3914 Χριστῷ
3348 3835 3745 3910 αὐτοκρατορία

2091 3935 2203 4005 (14)
2223 3937 2332 3986 τῶν
2364 3935 2570 3987 πιστῶν
2616 3928 2906 4005 βασιλέων.
2949 3928 3179 3993 Λέοντος
3224 3928 3312 3984 καὶ
3362 3924 3744 4000 Ἀλεξάνδρου,

2089 4022 2176 4076 καὶ
2235 4019 2566 4094 τελουμένου
2623 4019 2811 4083 αἰσίως
2877 4023 2972 4076 τοῦ
3023 4017 3269 4091 δεξίμου,
3318 4017 3744 4091 προκαθὲζονται

2090 4109 2256 4167 πάλιν
2289 4113 2341 4166 οἱ
2372 4106 2609 4172 εὐσεϐεῖς
2658 4108 2913 4166 δεσπόται
2953 4109 3028 4172 εἰς
3057 4107 3288 4165 πολλῶν
3320 4105 3610 4180 ἁντίληψιν
3651 4104 3745 4159 ἐπὶ

2089 4204 2186 4255 τοῦ
2244 4199 2458 4275 θρόνου,
2490 4199 2580 4254 καὶ
2613 4199 2764 4261 αὖθις
2823 4203 3124 4273 στοιχεῖται
3164 4197 3228 4253 τὸ
3281 4195 3597 4266 κλητώριον
3649 4195 3750 4248 τοῦ

2092 4286 2354 4344 δεσπότου
2415 4291 2549 4362 (15),
2607 4288 2696 4343 καὶ
2757 4285 2840 4343 δεῖ
2885 4289 3034 4360 ἡμᾶς
3090 4285 3420 4360 εὐτρεπίζειν
3482 4283 3556 4343 εἷς
3617 4302 3746 4336 συν-

2092 4378 2324 4433 εστίασιν
2377 4383 2484 4432 τῶν
2543 4377 2815 4453 βασιλέων
2857 4376 2962 4432 ἀπὸ
3015 4383 3116 4446 τῆς
3169 4375 3368 4446 τάξεως
3420 4377 3529 4429 τῶν
3581 4371 3752 4444 μαγί-

2090 4487 2291 4543 στρων,
2358 4467 2758 4542 πραιποσίτων,
2838 4466 3180 4534 ἀνθυπάτων,
3251 4463 3576 4538 πατρικίων,
3643 4461 3747 4541 ὀφ-

335 4553 504 4609 litras
535 4553 784 4608 sedecim
809 4572 824 4622 ;
858 4569 988 4624 qua:
1013 4551 1164 4609 inter
1193 4552 1352 4622 ipsos
1391 4571 1426 4608 a
1455 4555 1903 4625 protomagistro
1924 4559 1978 4612 et

2090 4555 2406 4631 φικιαλίων,
2441 4556 2586 4628 πλὴν
2618 4561 2727 4612 τῶν
2779 4556 3084 4632 εὐνούχων,
3123 4553 3250 4616 τοὺς
3299 4552 3538 4626 ἡμίσους
3576 4553 3743 4605 ἀπάν-

334 4643 493 4715 regio
511 4640 792 4698 artoclino
815 4642 1138 4697 secundum
1162 4641 1474 4697 formulam
1499 4647 1555 4698 et
1575 4645 1977 4717 praescriptum

333 4733 592 4790 codicem
620 4728 847 4802 collegii
878 4728 1060 4784 nostri
1090 4729 1550 4786 distribuuntur.
1577 4730 1866 4802 Sequente
1888 4734 1980 4792 die

335 4820 632 4895 perficitur
659 4815 940 4889 consequi
961 4817 1270 4888 praedictas
1292 4815 1616 4874 hilaritates
1647 4818 1844 4876 solens
1863 4837 1982 4878 cer-

2088 4669 2220 4715 των,
2252 4647 2340 4702 καὶ
2400 4646 2503 4702 ἅπὸ
2556 4651 2656 4714 τῆς
2713 4647 2912 4718 τάξεως
2965 4649 3064 4716 τῆς
3117 4647 3218 4700 ὑπὸ
3266 4644 3582 4718 καμπάγιον
3617 4663 3746 4716 συγ·-

2086 4734 2319 4806 κλνςτου,
2387 4735 2476 4790 καὶ
2533 4741 2641 4790 τῶν
2713 4739 3066 4812 ταγματικῶν
3143 4732 3536 4806 ἀλλαξιμάτων
3609 4731 3743 4785 κατὰ

2088 4825 2150 4880 τὸ
2209 4824 2378 4879 ποσὸν
2431 4831 2531 4895 τῆς
2581 4826 2878 4899 τραπέζης,
2910 4823 3000 4881 καὶ
3047 4823 3274 4898 εἰσάγειν
3339 4822 3476 4895 μετά
3523 4823 3629 4875 τῶν
3662 4816 3742 4874 οἷο

1381 4927 1581 4985 JOAN.
1620 4928 1764 4988 JAC.
1806 4932 2070 4992 REISKII
2104 4935 2698 4994 COMMENTARIUS.

407 5029 524 5102 (l2)
582 5026 798 5102 Incidit
863 5024 1019 5082 enim
1089 5022 1150 5079 in
1209 5022 1333 5080 XVI
1390 5027 1636 5097 Augusti
1695 5032 1980 5089 memoria

339 5105 396 5159 S.
416 5100 746 5156 'Diomedis.

410 5172 519 5242 (13)
560 5175 686 5226 Non
737 5170 961 5242 videoL
988 5168 1100 5242 qui
1144 5167 1430 5242 potuerit~
1459 5167 1565 5242 die,
1609 5171 1681 5225 29
1737 5174 1986 5240 Augusti

339 5239 859 5314 memeria‘Basilii
911 5239 1242 5314 Macedonis
1293 5239 1594 5314 celebrari,
1643 5245 1740 5314 qui
1788 5251 1984 5304 tamen

337 5314 607 5370 Calendis
639 5311 865 5368 Martiis
894 5313 960 5368 A.
991 5312 1098 5366 886
1127 5313 1290 5367 obiit.
1314 5311 1539 5384 Ergone
1571 5311 1863 5372 memoriae
1885 5317 1987 5374 de-

338 5387 676 5442 functorum
712 5401 823 5440 non
858 5385 916 5438 in
969 5385 1172 5438 diebus
1200 5399 1399 5438 eorum
1435 5387 1861 5443 emortualibus
1893 5405 1984 5445 re-

341 5454 883 5530 novabanturiAut
912 5454 976 5530 in
1005 5454 1164 5530 aliud
1200 5460 1430 5530 tempus
1459 5457 1672 5530 dilata},
1704 5467 1987 5530 occupato

340 5528 433 5584 die
449 5528 569 5597 jam
595 5526 835 5583 alterius
857 5526 1083 5597 antiqui
1108 5531 1167 5580 et
1189 5525 1428 5597 majoris
1447 5527 1641 5583 Sancti
1660 5525 1987 5588 memoria?

401 5595 523 5722 94)
559 5600 655 5654 Die
705 5611 914 5678 nempe
961 5595 1032 5648 30
1079 5597 1323 5667 Augusti
1356 5595 1588 5678 fuerunt
1618 5601 1706 5683 (ut
1735 5601 1986 5684 videtur)

447 5675 565 5722 atre
595 5666 810 5722 Basilio
853 5665 1180 5722 diademate
1228 5665 1447 5720 donati.
1479 5669 1592 5722 Aut
1638 5686 1689 5722 si
1737 5672 1986 5722 Basilius

339 5682 373 5723 a
401 5665 565 5723 Patre
595 5666 810 5725 Basilio
853 5665 1197 5722 diademate
1228 5665 1447 5720 donati.
1479 5669 1592 5724 Aut
1628 5665 1689 5727 ‘si
1736 5665 1987 5732 Basilius

2091 5035 2552 5108 Macedorevera
2588 5034 2682 5090 die
2738 5036 2889 5108 Aug.
2944 5033 3187 5108 29Avivis
3215 5028 3744 5108 excessit,_incepit

2097 5107 2279 5163 altero
2311 5107 2404 5163 die
2437 5113 2585 5177 post,
2617 5112 2682 5162 ut
2713 5125 2808 5177 par
2830 5101 2976 5174 Erat,
3011 5104 3266 5160 filiorum
3301 5101 3604 5177 collegiale
3629 5101 3743 5153 im-

2137 5177 2345 5253 erium.
2378 5171 3742 5253 Cdnflrrmatghoo‘superiorem‘notam'chrono-

2120 5250 2369 5322 ogicam,
2401 5267 2434 5305 a
2467 5255 2651 5307 morte
2683 5249 2902 5318 Basilii,
2932 5247 3062 5322 quae
3092 5250 3150 5304 d.
3190 5247 3262 5301 29
3294 5253 3441 5316 Aug.
3474 5247 3742 5322 εοξιὲῗεεὲτ

2096 5311 2189 5376 rit:
2215 5311 2368 5394 Quis,
2385 5338 2521 5394 ergo
2548 5328 2770 5388 auctor,
2792 5326 2850 5376 et
2883 5311 2999 5393 quo
3032 5311 3415 5394 fundamento
3441 5311 3745 5394 perhibuit

2095 5383 2376 5450 eum—Kal.
2413 5383 2635 5450 Martiis
2664 5383 2918 5458 obi'tsse;
2947 5393 3100 5464 quod
3129 5391 3224 5464 idu
3250 5383 3455 5464 Gange;
3480 5383 3743 5440 affirmat

2096 5469 2153 5519 et
2183 5465 2404 5519 Fabric.
2439 5471 2479 5520 t.
2513 5465 2613 5532 VI,
2642 5465 2790 5520 Bibl.
2825 5455 2917 5520 Gr.
3043 5463 3152 5534 710
3180 5455 3447 5534 repetiit?

2167 5535 2279 5603 (15)
2293 5535 2396 5608 _lta
2425 5551 2562 5608 ergo
2592 5524 2810 5608 dictum
2837 5534 2942 5590 fuit
2957 5524 3454 5608 convivium,un
3481 5524 3736 5608 natalem

2099 5593 2329 5676 imperii
2387 5593 2719 5663 celebrabat
2773 5606 3109 5678 imperator.
3159 5593 3374 5675 Aptius
3423 5597 3632 5654 fuisset
3672 5593 3734 5649 τὸ

2100 5673 2410 5733 κλητώριον
2442 5682 2544 5733 τῆς
2573 5675 2904 5733 δεσποτειας.

2174 5694 2410 5752 ητωριον
2442 5696 2544 5748 της
2573 5694 2904 5738 οεσποτειας.
