4080 6300
243 420 400 481 1413

1094 421 1195 479 DE
1235 418 1687 481 GERIMONIIS
1730 414 1963 480 AULE
2005 414 2473 480 BYZANTINJE
2516 420 2661 481 LIB.
2710 422 2793 482 II.

3495 428 3650 489 HN

243 557 403 613 κείων
442 556 827 631 ἀλλαξιματων
876 557 967 614 καὶ
1016 554 1341 633 χλανιδίων,
1371 556 1501 619 τοὺς
1556 553 1614 612 δὲ
1660 552 1890 617 λοιποὺς

2018 559 2199 613 tamen
2231 559 2516 630 equestris
2555 574 2785 626 cursus,
2828 562 2888 614 et
2917 564 3321 632 proponuntur
3366 564 3553 636 epulae
3583 566 3645 623 in

246 647 481 709 ἅπαντας
528 647 802 720 ταμιεύειν
852 646 929 709 εἷς
987 645 1240 721 χόρευσιν
1292 652 1393 715 τῆς
1439 648 1613 720 χαρᾶς
1656 648 1754 701 τοῦ
1804 641 1895 704 δε-

245 737 471 794 σπότου.
529 733 731 808 Κύκλῳ
777 736 878 811 γὰρ
938 734 1255 810 χορεύοντες
1318 734 1451 807 μετᾶ
1511 737 1731 808 χρυσῶν
1787 734 1896 787 θω-

247 825 451 902 ρακίων
497 822 626 885 τοὺς
674 823 925 885 ἐπαίνους
964 821 1231 879 πλέκουσι
1279 826 1389 877 τῶν
1435 818 1667 877 εὐσεϐῶν
1698 819 1898 876 δεσπο-

242 916 377 985 τῶν,
428 914 520 969 καὶ
568 910 780 969 δίδοται
838 917 996 969 πᾶσιν
1049 911 1375 987 φιλοτιμίας
1435 907 1636 987 δῶρον,
1685 912 1896 987 γρυσοῦ

247 1001 431 1079 λίτραι
466 1008 551 1072 ις’,
581 999 669 1057 καὶ
721 999 1024 1075 διανέμεται
1082 1005 1216 1056 πᾶσι
1256 1001 1404 1075 παρὰ
1456 1004 1554 1057 τοῦ
1592 1018 1895 1075 πρωτομα-

245 1091 469 1169 γίστρου
516 1090 603 1145 καὶ
648 1094 746 1144 τοῦ
807 1087 1101 1163 βασιλικοῦ
1155 1086 1483 1163 ἆρτοκλίνου
1538 1088 1674 1142 κατᾶ
1725 1085 1895 1141 τύπον

247 1184 356 1236 τῶν
414 1180 531 1234 καθ’
589 1180 736 1251 ἡμᾶς
812 1174 1137 1236 κονδακίων.
1184 1180 1270 1250 Τῇ
1325 1174 1381 1232 δὲ
1438 1176 1662 1251 έπιούσῃ
1715 1175 1898 1250 ἡμέρᾳ

248 1268 486 1326 τελεῖται
546 1267 828 1341 ἑπομένως
860 1267 1084 1322 ἱππικὸν
1133 1264 1527 1340 ἱπποδρόμιον,
1571 1265 1659 1320 καὶ
1710 1265 1898 1339 προτί·

250 1370 398 1424 θεται
448 1357 511 1413 τὸ
569 1355 883 1431 κλητώριον
948 1353 1037 1410 ἐπὶ
1086 1360 1189 1411 τοῦ
1253 1353 1538 1431 τρικλίνου
1594 1359 1700 1410 τῶν
1762 1356 1899 1410 καθ-

255 1448 518 1523 ισμάτων,
549 1446 639 1502 καὶ
671 1446 1064 1523 συγκαλοῦνται
1114 1445 1191 1509 εἷς
1240 1444 1571 1501 συνεστίασιν
1602 1448 1691 1518 ,τῷ
1741 1444 1899 1518 βασι-

251 1537 343 1595 λεῖ
378 1536 530 1617 φίλοι
560 1538 697 1592 κατᾶ
725 1538 815 1592 τὸν
866 1533 919 1591 έν
952 1541 1069 1598 τοῖς
1102 1534 1531 1612 ἱπποδρομικοῖς
1558 1532 1899 1609 κλητωρίοις

251 1625 525 1706 γραφέντα
599 1626 790 1686 τύπον.
865 1628 946 1699 Τῇ
1015 1622 1073 1680 δὲ
1125 1621 1295 1702 ὀγδόῃ
1362 1625 1459 1680 τοῦ
1519 1617 1898 1697 Σεπτεμϐρίου

256 1718 427 1790 μηνὸς
484 1715 664 1789 ἡμέρᾳ
718 1713 954 1771 τελεῖται
1037 1711 1359 1785 προὲλευσις
1423 1717 1531 1769 τῶν
1608 1711 1901 1776 Γενεθλίων

255 1813 357 1877 τῆς
412 1804 701 1881 ὑπεραγίας
752 1804 1049 1875 Δεσποίνης
1101 1805 1264 1877 ἡμῶν
1313 1805 1579 1860 Θεοτόκου
1625 1803 1715 1858 καὶ
1759 1802 1901 1859 Ἀει-

2005 645 2257 704 triclinio
2274 649 2707 717 cathismatum,
2722 658 2777 706 et
2796 649 3119 707 invitantur
3133 653 3204 709 ad
3228 653 3649 712 convivandum

2006 734 2239 792 domino
2270 736 2462 804 amici,
2495 754 2645 810 quos
2677 738 2884 796 rituale
2908 740 3162 809 postulat
3191 742 3263 797 ad
3302 742 3559 800 convivia
3586 744 3648 800 in

2005 825 2376 894 equestribus
2406 826 2623 883 talibus
2654 826 2948 885 exercitiis
2998 828 3362 886 instituenda
3391 832 3647 889 invitari.

2007 911 2220 970 Octavo
2251 915 2344 972 die
2365 915 2724 988 Septembris
2746 918 3045 990 peragitur
3067 919 3358 990 processio
3379 920 3452 977 ob
3486 926 3648 978 nata-

2007 1001 2121 1057 lem
2141 1004 2294 1059 diem
2312 1006 2697 1063 sanctissima
2719 1007 2977 1064 Domina:
3002 1014 3213 1066 nostra
3234 1010 3336 1066 Dei
3351 1010 3649 1080 genitricis

2006 1093 2063 1144 et
2090 1106 2316 1161 semper
2341 1093 2581 1166 virginis
2612 1095 2845 1164 Marias;
2876 1114 2990 1167 qua
3022 1098 3402 1170 imperatores
3428 1100 3488 1155 in
3520 1115 3651 1156 ma-

2006 1192 2122 1250 gna
2152 1195 2365 1251 pompa
2397 1197 2529 1237 cum
2552 1187 2672 1238 toto
2695 1189 2904 1240 senatu
2926 1187 2996 1241 ad
3016 1186 3299 1259 templum
3317 1192 3375 1242 Β.
3391 1187 3649 1259 Βοὶρανω

2007 1266 2535 1341 chalcopratiorum
2588 1273 2929 1342 procedunt.
2978 1273 3085 1330 Ubi
3142 1282 3453 1348 postquam
3500 1275 3653 1332 ﬁniit

2007 1371 2239 1413 sacrum
2271 1357 2552 1429 ofﬁcium,
2585 1359 2734 1416 redit
2762 1361 3079 1432 imperator
3109 1365 3164 1418 in
3197 1380 3369 1436 equo,
3406 1364 3650 1422 indutus

2008 1461 2181 1501 aureo
2206 1448 2627 1521 scaramangio,
2656 1465 2868 1521 magna
2889 1467 3018 1506 cum
3050 1468 3291 1524 pompa;
3316 1471 3653 1527 proponun-

2010 1538 2105 1590 tur
2123 1536 2307 1607 epulas
2329 1553 2508 1608 super
2521 1544 2789 1610 separata
2801 1541 3362 1597 mensaJustinianei
3385 1543 3652 1615 triclinii,

2009 1626 2351 1681 etsenatorii
2372 1641 2577 1682 omnes
2600 1627 2837 1683 domino
2860 1629 3652 1689 convivantur.lntroducun-

2009 1715 2106 1768 tur
2135 1719 2327 1770 autem
2360 1714 2419 1769 in
2463 1713 2586 1771 suis
2633 1716 3053 1788 scaramangiis
3093 1721 3519 1777 tantummodo.
3556 1721 3655 1779 Die

2012 1801 2237 1859 decimo
2252 1808 2457 1874 quarto
2479 1805 2744 1875 ejusdem
2760 1807 2978 1862 mensis
3002 1807 3581 1879 peragiturexaltatio
3597 1815 3655 1867 et

254 1896 521 1970 παρθένου
564 1895 797 1969 Μαρίας,
838 1895 927 1949 καὶ
984 1891 1345 1969 προέρχονται
1401 1893 1458 1988 οἱ
1511 1893 1754 1967 βασιλεῖς
1803 1889 1900 1965 ἐμ-

2018 1893 2353 1948 monstratio
2382 1893 2730 1949 venerabilis
2758 1900 2815 1951 et
2842 1894 3085 1952 viviticas
3104 1897 3310 1953 crucis.
3332 1898 3653 1970 Imperato-

254 1982 508 2060 πράττως
541 1981 677 2055 μετᾶ
704 1982 883 2051 πάσης
914 1987 1014 2051 τῆς
1046 1981 1359 2057 συγκλήτου
1407 1979 1459 2036 ἐν
1503 1984 1582 2053 τῷ
1632 1984 1744 2052 ναῷ
1798 1986 1898 2048 τῆς

259 2071 446 2150 ’Λγίας
477 2071 744 2128 Θεοτόκου
787 2075 896 2126 τῶν
942 2068 1392 2147 Χαλκοπρατίων,
1425 2069 1513 2125 καὶ
1562 2068 1899 2143 τελουμένης

261 2165 362 2228 τῆς
406 2162 556 2236 ἱερᾶς
596 2158 956 2234 λειτουργίας,
1009 2159 1329 2238 ὑποστρέφει
1371 2162 1398 2214 ὁ
1456 2157 1711 2235 βασιλεὺς
1751 2156 1903 2233 ἔφιπ-

260 2271 364 2314 πος
437 2252 571 2325 μετὰ
647 2252 857 2326 χρυσοῦ
928 2248 1339 2325 σκαραμαγγίου
1409 2246 1755 2323 έμπράττως,
1809 2248 1899 2304 καὶ

258 2339 575 2413 προτίθεται
620 2337 931 2412 κλητώριον
1007 2337 1092 2393 ἐπὶ
1155 2338 1471 2408 ἆποκοπτῆς
1528 2338 1799 2412 τραπέζης
1847 2335 1901 2393 έν

260 2433 341 2501 τῷ
398 2430 785 2486 Ἰουστινιανοῦ
858 2426 1142 2502 τρικλίνῳ,
1201 2427 1291 2483 καὶ
1375 2432 1750 2483 συνεστιῶνται
1825 2430 1906 2499 τῷ

265 2517 482 2597 βασιλεῖ
532 2518 582 2573 οἱ
648 2516 754 2573 ἀπὸ
811 2523 910 2588 τῆς
961 2519 1270 2592 συγκλήτου
1325 2518 1539 2580 πάντες.
1581 2517 1905 2593 Εἰσάγονται

265 2605 323 2663 δὲ
374 2609 511 2681 μετᾶ
558 2610 665 2663 τῶν
713 2606 930 2663 οἰκείων
982 2605 1408 2683 σκαραμαγγίων
1460 2607 1549 2663 καὶ
1610 2606 1788 2680 μόνον.
1823 2608 1905 2681 Τῇ

267 2693 326 2753 δὶ
385 2693 933 2771 τεσσαρεσκαιδεκάτῃ
986 2700 1083 2752 τοῦ
1140 2696 1303 2752 αὐτοῦ
1362 2697 1534 2770 μηνὸς
1589 2694 1827 2753 τελεῖται
1868 2697 1905 2766 ἡ

266 2782 473 2860 ίὶψωσις
519 2786 608 2841 καὶ
666 2785 931 2863 έμφάνεια
974 2788 1071 2841 τοῦ
1113 2784 1301 2860 τιμίου
1329 2786 1419 2840 καὶ
1453 2789 1726 2854 ζωοποιοῦ
1756 2806 1911 2840 σταυ-

266 2878 386 2949 ροῦ,
416 2875 507 2930 καὶ
556 2870 878 2953 ἀνέρχονται
919 2876 971 2929 οἱ
1031 2873 1278 2949 βασιλεῖς
1336 2871 1535 2949 ὄρθρου
1596 2875 1796 2949 βαθέος
1855 2874 1907 2931 έν

259 2966 340 3036 τῷ
364 2966 476 3035 ναῷ
516 2968 617 3033 τῆς
647 2962 831 3041 Ἀγίας
863 2961 1091 3041 Σοφίας,
1121 2964 1253 3019 ποτὶ
1301 2959 1358 3018 δὲ
1387 2964 1476 3019 καὶ
1508 2962 1613 3019 ἀπὸ
1644 2960 1869 3039 ἒσπέρας
1894 2982 1909 2997 ·

261 3051 353 3107 καὶ
400 3050 736 3126 τελουμένης
794 3059 893 3122 τῆς
946 3050 1138 3124 τρίτης
1189 3052 1455 3126 ὑψώσεως
1501 3055 1599 3108 τοῦ
1642 3054 1913 3130 παναγίου

264 3138 455 3210 ξύλου,
504 3139 860 3215 κατέρχονται
917 3139 1076 3197 αάλιν
1136 3138 1321 3197 οἷ’καδε
1364 3139 1455 3196 διὰ
1499 3146 1608 3198 τῶν
1668 3139 1912 3197 διαϐατιο

261 3231 372 3282 κῶν
426 3226 479 3282 έν
518 3228 782 3302 πρώτοις,
812 3230 903 3283 καὶ
951 3230 1287 3303 τελουμένης
1340 3238 1591 3307 παγανῆς
1646 3229 1913 3306 προελεύ-

2012 1996 2102 2037 res
2132 1985 2257 2037 tum
2290 1983 2617 2038 ascendunt
2652 2000 2886 2041 summo
2926 2001 3115 2055 mane,
3148 1985 3442 2043 interdum
3475 1987 3654 2046 etiam

2012 2075 2143 2142 post
2176 2086 2470 2141 vesperam
2502 2070 2858 2144 [vigiliarum
2893 2075 3390 2147 praecedentium],
3421 2077 3479 2133 in
3511 2082 3657 2133 tem-

2012 2156 2170 2231 plum
2189 2162 2246 2214 S.
2272 2160 2521 2231 Sephiaa,
2542 2167 2891 2235 peractaque
2913 2169 3079 2220 terna
3096 2165 3288 2221 crucis
3308 2166 3655 2223 exaltatione

2013 2248 2231 2304 abeunt
2262 2265 2462 2306 rursus
2483 2251 2720 2307 domum
2750 2267 2853 2323 per
2882 2252 3141 2324 porticus
3170 2254 3435 2311 omnium
3454 2255 3652 2327 primi.

2016 2337 2386 2395 Processione
2398 2339 2669 2412 deinceps
2683 2342 2975 2413 paganain
2986 2348 3070 2398 trs
3082 2342 3297 2415 palatiu
3309 2361 3360 2400 m
3375 2346 3654 2415 confecta,

2015 2427 2324 2500 exponitur
2342 2428 2668 2485 convivium
2695 2431 2749 2486 in
2773 2430 3091 2488 Justiniani
3112 2431 3480 2501 triclinio,ad
3502 2437 3654 2504 quod

2016 2516 2335 2573 invitemus
2353 2518 2573 2575 amicos
2594 2519 2837 2589 domini,
2862 2520 3065 2592 quales
3082 2522 3205 2592 jam
3230 2538 3384 2595 saepe
3401 2524 3656 2581 diximus

2018 2608 2086 2662 ad
2148 2606 2382 2678 publica
2422 2606 2562 2663 talia
2604 2609 2865 2665 convivia
2904 2609 3152 2666 invitari.
3202 2613 3660 2670 Introducuntur

2019 2710 2223 2751 omnes
2253 2695 2313 2751 in
2345 2696 2465 2752 suis
2505 2697 2928 2770 scaramangiis
2959 2702 3211 2756 tantum.
3245 2704 3442 2757 Mense
3463 2707 3655 2758 autem

2018 2782 2326 2840 Novembri
2360 2790 2718 2855 peraguntur
2747 2785 3035 2841 brumalia
3083 2788 3477 2857 dominorum,
3521 2789 3661 2846 fini-

2018 2876 2188 2943 taque
2213 2877 2347 2944 post
2375 2873 2839 2946 uniuscujusque
2870 2874 3099 2946 [Leonis
3132 2885 3291 2948 puta,
3330 2878 3660 2949 Alexandri,

2020 2960 2415 3028 Augustorum
2428 2969 2478 3016 et
2492 2959 2633 3021 Zoes
2648 2960 2944 3033 Augustae]
2967 2977 3190 3018 ccenam
3213 2964 3540 3036 vespertina
3552 2965 3663 3021 sub

2021 3045 2186 3103 taedis
2211 3047 2443 3116 eborea,
2477 3049 2689 3103 dantur
2716 3049 3062 3120 apocombia
3090 3049 3249 3106 hinc:
3278 3050 3338 3107 in
3372 3052 3667 3109 brumalia

2026 3137 2251 3205 Leonis,
2273 3136 2574 3192 Christum
2605 3138 2858 3193 amantis
2885 3137 3130 3208 domini,
3154 3139 3280 3195 auri
3309 3139 3455 3195 litras
3478 3141 3669 3213 vigin-

2025 3224 2104 3293 ti;
2141 3223 2467 3280 felicissimi
2499 3228 2695 3279 autem
2727 3222 3038 3279 Alexandri
3070 3227 3322 3297 Augusti
3354 3226 3503 3282 litrae
3538 3227 3667 3284 auri

264 3335 401 3379 σεως
429 3311 580 3371 ἔνδον
635 3316 736 3371 τοῦ
798 3315 1092 3386 παλατίου,
1139 3318 1454 3391 προτίθεται
1501 3319 1814 3393 κλητώριον
1857 3320 1905 3376 έν

2025 3313 2246 3381 decem,
2275 3314 2508 3368 tandem
2541 3313 2601 3369 in
2632 3312 2921 3368 brumalia
2957 3313 3135 3385 [quod
3167 3294 3368 3370 editur
3407 3316 3664 3389 nomine]

264 3409 344 3477 τῷ
374 3406 759 3461 Ἰουστινιανοῦ
816 3402 1101 3478 τρικλίνῳ,
1160 3404 1250 3459 καὶ
1305 3402 1386 3459 δεῖ
1443 3409 1593 3478 ἡμᾶς
1648 3408 1915 3482 συγκαλέ-

270 3496 459 3549 σασθαι
518 3492 594 3555 είς
653 3491 984 3550 συνεστίασιν
1040 3497 1149 3548 τῶν
1204 3490 1471 3567 βασιλέων
1548 3492 1742 3572 φίλους
1781 3496 1917 3551 κατὰ

269 3583 365 3639 τὸν
395 3580 504 3653 ἤδη
546 3586 653 3639 τῶν
708 3580 1040 3658 κλητωρίων
1101 3580 1368 3660 λεχθέντα
1414 3581 1582 3639 τύπον
1614 3600 1628 3614 ·
1681 3584 1913 3660 είσάγειν

269 3669 327 3728 δὲ
380 3671 583 3736 πάντας
653 3674 788 3746 μετὰ
862 3675 969 3727 τῶν
1048 3672 1268 3728 οἰκείων
1348 3675 1774 3750 σκαραμαγγίων
1824 3673 1915 3730 καὶ

270 3762 456 3835 μόνον.
494 3760 617 3820 Ἐπὶ
650 3756 707 3816 δὲ
761 3764 859 3817 τοῦ
919 3761 1091 3834 μηνὸς
1136 3755 1448 3837 Νοεμϐρίου
1504 3760 1787 3818 τελοῦνται
1850 3763 1917 3819 τὰ

272 3849 592 3926 βρουμάλια
638 3856 747 3908 τῶν
788 3846 1092 3922 δεσποτῶν,
1123 3850 1215 3905 καὶ
1266 3848 1601 3925 τελουμένου
1659 3851 1741 3930 ἐφ’
1791 3852 1917 3908 ἑκά-

264 3960 394 3996 στου
421 3938 620 4010 κλήσει
660 3942 757 3994 τοῦ
807 3938 1057 4012 ἱσπερίου
1116 3943 1470 4016 φωτοφανοῦς
1529 3940 1781 4015 σαξίμου,
1834 3939 1916 3996 δί-

263 4026 448 4085 δονται
506 4022 822 4101 ἀποκόμϐια
874 4024 1040 4083 τάδε’
1102 4026 1190 4083 έπί
1261 4029 1354 4102 μὲν
1416 4033 1511 4084 τοῦ
1573 4029 1916 4105 βρουμαλίου

272 4118 497 4180 Λέοντος
520 4121 618 4172 τοῦ
649 4113 1015 4193 φιλοχρίστου
1047 4114 1313 4172 δεσπότου
1369 4122 1580 4195 χρυσοῦ
1617 4118 1799 4193 λίτραι
1829 4121 1875 4175 κ’
1900 4140 1913 4154 ο

263 4205 351 4263 ἰπὶ
401 4204 459 4262 δέ
504 4210 602 4262 τοῦ
659 4205 924 4281 εὐτυχοῦς
976 4202 1336 4277 Ἀλεξάνδαου
1398 4206 1713 4282 Αὐγούστου
1774 4228 1914 4284 χρυ-

260 4300 354 4352 σοῦ
385 4294 564 4371 λίτραι
598 4295 666 4349 ι”
717 4292 805 4350 ἐπὶ
855 4292 913 4349 δὲ
958 4296 1057 4363 τῆς
1106 4289 1360 4358 εὐσεϐοῦς
1406 4296 1564 4367 Ζώης
1595 4297 1911 4374 Αὑγούστης

260 4388 467 4458 χρυσοῦ
510 4382 688 4458 λίτραι
732 4383 812 4453 η”
853 4382 886 4437 ἃ
940 4381 1032 4437 κεί
1073 4378 1417 4455 διανέμονται
1451 4383 1556 4439 ὑπὸ
1598 4389 1697 4441 τοῦ
1743 4387 1912 4464 μεγά-

2021 3400 2130 3471 ρίω
2157 3400 2297 3456 Zoes
2327 3403 2596 3471 Augustas
2630 3401 2757 3456 auri
2788 3400 2935 3456 litraa
2961 3407 3110 3471 octo,
3144 3419 3272 3475 quas
3302 3405 3670 3461 distribuun-

2021 3491 2119 3542 tur
2142 3504 2177 3543 a
2208 3504 2414 3559 magno
2440 3490 2889 3560 protomagistro
2910 3494 2968 3545 et
2996 3508 3028 3545 a
3049 3490 3375 3548 clarissimo
3399 3494 3670 3551 articlino

2022 3577 2349 3633 secundum
2364 3576 2674 3633 formulam
2688 3578 3087 3635 codicillorum
3113 3581 3296 3636 nostri
3312 3580 3667 3652 collegii.Hm

2023 3683 2159 3739 ergo
2183 3683 2387 3725 omnes
2405 3666 2643 3724 rituales
2662 3678 2715 3723 et
2732 3667 3025 3725 solemnes
3046 3670 3454 3727 anniversarias
3476 3673 3671 3728 convi-

2022 3759 2278 3815 vationes
2306 3758 2619 3831 important
2649 3774 2850 3815 secum
2883 3760 3259 3831 peculiarem,
3302 3766 3366 3816 ut
3387 3761 3664 3829 diximus,

2023 3847 2288 3905 ordinem
2318 3848 2771 3905 cerimoniarum
2802 3847 3209 3905 convivalium.
3233 3850 3388 3908 453
3409 3853 3669 3923 Quapro-

2024 3941 2149 4010 pter
2177 3937 2351 3994 etiam
2384 3937 2489 3994 hos
2506 3952 2638 3994 cum
2669 3940 2939 3994 accurato
2970 3937 3389 4011 diligenterque
3411 3939 3482 3995 ab
3502 3956 3666 3997 erro-

2024 4027 2188 4083 ribus
2218 4031 2527 4099 repurgato
2558 4041 2828 4083 sermone
2852 4026 2909 4082 in
2948 4025 3264 4098 conspicuo
3295 4029 3669 4100 proposueri-

2024 4133 2157 4173 mus
2190 4118 2482 4173 memorias
2508 4114 2692 4187 gratia
2720 4131 3085 4188 eorum,qua
3116 4133 3151 4173 a
3181 4117 3351 4174 nobis
3375 4134 3669 4190 peragun-

2022 4210 2117 4263 tur
2160 4206 2477 4278 peragique
2533 4209 2591 4261 et
2648 4204 2945 4262 observari
3004 4206 3237 4275 debent,
3287 4222 3565 4278 rogamus
3602 4207 3662 4264 in

2021 4297 2136 4352 fine
2164 4294 2360 4351 velitis
2401 4294 2576 4350 etiam
2634 4292 2728 4349 bis
2784 4292 3047 4350 animum
3100 4294 3418 4363 attendere,
3462 4311 3578 4367 quo
3610 4299 3669 4351 et

2020 4385 2361 4458 dignitatem
2420 4382 2645 4440 ordinis
2695 4381 2879 4440 nostri
2921 4384 3280 4441 conservetis
3328 4388 3386 4440 et
3414 4383 3662 4456 gloriam

258 4470 358 4527 λου
388 4473 880 4549 πρωτομαγίστρου
908 4472 999 4526 καὶ
1028 4475 1125 4527 τοῦ
1165 4469 1386 4528 κλεινοῦ
1436 4473 1755 4549 ἀρτικλίνου
1804 4484 1902 4535 τοῦ

2018 4480 2346 4547 famamque
2378 4471 2679 4529 auferetis.

261 4567 549 4645 βασιλικοῦ
605 4569 741 4624 κατὰ
802 4568 893 4624 τὸν
944 4569 1342 4646 περιεχόμενον
1397 4571 1566 4628 τύπον
1614 4579 1712 4630 τοῦ
1758 4580 1876 4635 καθ’
1924 4582 2073 4654 ἡμᾶς
2128 4569 2438 4630 κονδακίου.
2484 4568 2654 4626 Αὗται
2711 4565 2803 4622 οῦν
2854 4572 3022 4625 πᾶσαι
3080 4570 3135 4623 αἱ
3184 4568 3405 4625 τυπικαί
3473 4590 3663 4646 περιο-

257 4657 424 4723 δικῶς
475 4658 767 4735 ἐρχόμεναι
833 4662 915 4731 τῷ
971 4661 1159 4735 χρόνῳ
1230 4659 1456 4733 κλήσεις
1509 4661 1719 4737 εἰδικήν
1792 4689 1912 4725 τινα
1991 4669 2312 4742 εἰσάγουσιν,
2368 4662 2443 4724 ὡς
2498 4658 2719 4734 ἔφαμεν,
2775 4663 2881 4715 τῶν
2945 4658 3270 4735 κλητῶρίῳν
3346 4662 3516 4733 τάξιν.
3571 4663 3663 4717 Διὸ

255 4750 344 4806 καὶ
392 4750 591 4816 ταύτας
646 4751 723 4812 εἰς
792 4750 1099 4825 ὑπόμνησιν
1155 4756 1267 4808 τῶν
1326 4755 1443 4809 καθ’
1518 4756 1668 4829 ἡμᾶς
1735 4758 2079 4834 τελουμένων
2134 4755 2387 4833 ἐμφανῶς
2442 4753 2784 4827 προθέμενοι
2858 4751 3140 4824 ἀπταίστῳ
3202 4751 3353 4825 λόγῳ
3452 4749 3665 4822 αῖτησιν

260 4841 605 4918 προσάγομεν
637 4839 926 4917 προσέχειν
953 4842 1177 4906 ταύταις
1206 4841 1286 4906 εἷς
1316 4845 1476 4918 ἡμῶν
1507 4848 1838 4922 συντήρησιν
1870 4850 1961 4906 καὶ
1990 4847 2186 4910 κλέους
2218 4842 2374 4916 δόξαν
2410 4844 2456 4881 ¹²
2495 4846 2632 4918 (16).

857 4932 1116 4990 ΚΒΦΑΛ.
1158 4932 1282 4989 ΝΓ’.

260 5019 388 5092 Περί
438 5015 710 5097 διανομῶν
749 5021 867 5097 *τῶν
919 5013 1177 5097 εόσεβιῶν
1241 5023 1348 5097 τοῦ
1410 5020 1697 5097 βασιλέωςΔ
1738 5021 1791 5080 ἔν
1849 5046 1908 5082 τε

327 5090 450 5181 τοῖς
524 5090 891 5163 βρουμαλίοις
963 5092 1055 5145 καὶ
1135 5090 1422 5166 στεψίμοις
1485 5094 1575 5149 καὶ
1641 5094 1906 5172 αὐτοκρα-

326 5180 559 5236 τοριαις.

323 5247 549 5321 Ἐπειδή
599 5269 741 5312 τινες
824 5253 932 5307 τῶν
1009 5248 1063 5306 έν
1123 5250 1395 5325 ἀξιώμασι
1476 5250 1907 5330 διαπρεπόντων,

2659 4932 2816 4990 CAP.
2860 4932 2999 4989 LIII.

2018 5032 2099 5085 De
2152 5025 2819 5102 dis(rib_utione___piarum
2875 5022 3241 5102 largitionum
3304 5022 3664 5102 imperatoris

2088 5105 2207 5156 lam
2234 5098 2296 5155 in
2334 5093 2648 5165 brumalia},
2678 5111 2844 5167 quam
2881 5097 2940 5150 in
2968 5093 3265 5150 natalibus
3292 5093 3665 5149 coronationis

2086 5175 2138 5227 et
2168 5168 2412 5241 imperii.

2090 5258 2234 5327 Quia
2261 5275 2396 5316 vero
2428 5258 2670 5331 quidam
2705 5255 2762 5311 in
2794 5253 3182 5325 dignitatibus
3213 5251 3513 5311 constituti
3535 5251 3656 5310 avi-

1605 5371 1849 5431 VARIIE
1889 5373 2298 5431 LECTIONES.

330 5461 377 5500 “
407 5465 736 5541 συντήρησιν
766 5462 962 5529 κλέους
994 5465 1084 5521 καὶ
1117 5462 1273 5541 δόξαν
1305 5469 1460 5542 conj.
1496 5470 1563 5527 Β.

1288 5568 1496 5627 JOAN.
1533 5570 1677 5628 JAC.
1719 5571 1981 5631 REISKII
2022 5564 2605 5631 COMMENTARIUS.

328 5661 442 5738 (16)
464 5664 633 5719 Forte
671 5666 1121 5738 transponendsa
1153 5670 1295 5724 sunt
1338 5682 1511 5726 voces
1553 5667 1645 5723 καὶ
1679 5674 1737 5726 et
1764 5666 1897 5725 κλι-
2002 5675 2272 5728 nostram.
2319 5668 2445 5738 Aut
2479 5665 2645 5738 deest
2695 5661 2921 5738 aliquid
2968 5667 3104 5722 ante
3131 5665 3292 5738 ᾐμῶν
3322 5678 3373 5723 c.
3425 5680 3477 5724 ο.
3527 5659 3658 5720 δου-

259 5750 377 5804 ους,
411 5734 471 5789 in
496 5739 697 5791 nostris
742 5734 1208 5796 conﬁrmationem
1252 5741 1426 5809 fama:
1469 5748 1525 5798 et
1567 5743 1628 5798 in
1658 5741 1894 5811 gloriam
2005 5739 2175 5813 λείος,
2211 5735 2649 5813 ὑπουργίας,νθι
2680 5734 2878 5795 Simile
2906 5734 3280 5795 νοοαδυιύωο
