4088 6300
460 322 615 382 1415

459 450 725 510 diuscule
755 449 1019 507 nummis
1041 447 1337 504 inhiantes
1367 446 1520 503 rixas
1551 446 1707 502 circa
1739 442 2099 501 distributio-
2130 443 2182 509 Α

460 558 594 598 nem
619 542 890 596 datorum
913 552 1225 595 munerum
1261 537 1507 593 excitare
1532 535 1738 602 solent,
1763 539 1821 590 et
1851 547 2102 589 consue-

460 629 752 698 tudinem,
776 646 903 701 quzs
936 628 1008 684 ab
1039 626 1300 699 antiquis
1329 625 1464 682 inde
1491 625 1850 697 temporibus
1879 624 1948 677 ad
1981 621 2102 676 haec

461 729 663 776 nostra
687 717 987 792 pertinuit,
1021 721 1268 773 evertere
1307 715 1568 781 student,
1609 714 1898 786 agendum
1925 711 2099 768 etiam

459 808 568 864 hac
598 809 670 864 de
707 824 766 862 re
797 822 969 878 quem
1002 823 1036 862 a
1078 804 1402 877 majoribus
1449 805 1727 860 traditum
1771 799 2102 872 accepimus

457 897 664 953 litteris
693 897 1038 952 mandatum
1070 900 1276 968 typum
1307 899 1364 950 et
1390 892 1696 950 modulum
1726 891 1890 949 vobis
1908 889 2100 946 trada-

461 986 806 1043 mus.0mne
825 985 977 1042 enim
994 983 1065 1041 ab
1079 985 1428 1056 antiquitate
1447 985 1712 1039 eminens
1724 980 2100 1036 reverentiam

457 1077 548 1134 sui
578 1075 808 1132 incutit.
825 1075 1025 1146 Neque
1041 1075 1310 1130 addendo
1321 1073 1566 1132 vetustis
1579 1069 1982 1142 largitionibus
1996 1083 2099 1123 no-

459 1183 592 1222 vare
605 1166 927 1237 quidquam
951 1163 1241 1233 volumus,
1257 1179 1444 1234 neque
1460 1163 1719 1216 minuere
1731 1159 2103 1214 etdecurtare

458 1256 597 1312 olim
643 1257 814 1310 facta.
866 1253 1109 1326 Oportet
1151 1253 1351 1322 itaque
1398 1248 1752 1316 articlinum,
1804 1248 1969 1317 cujus
2017 1247 2104 1300 est

455 1345 795 1418 largitiones
808 1344 1180 1410 distribuere,
1195 1347 1328 1397 ante
1349 1339 1548 1396 omnia
1562 1338 1940 1410 quantitatem
1966 1334 2102 1390 doni

458 1450 650 1502 nosse,
677 1434 811 1490 dein
842 1436 1109 1489 accurate
1139 1430 1498 1486 differentias
1530 1427 1880 1500 dignitatum
1901 1429 1959 1480 et
1981 1440 2104 1478 mu-

458 1541 662 1581 nerum
696 1523 904 1593 cuique
935 1519 1391 1592 competentium
1413 1516 1845 1590 proportionem
1877 1529 2104 1585 suppu-

458 1617 664 1677 tare,et
678 1614 908 1667 tandem
935 1613 1076 1680 quot
1097 1611 1169 1666 de
1191 1624 1545 1680 unoquoque
1573 1607 1922 1678 dignitatum
1946 1603 2101 1660 ordi-

459 1717 532 1758 ne
563 1701 825 1756 muneris
857 1700 1163 1770 participes
1197 1697 1378 1753 futuri
1410 1696 1525 1752 sint
1558 1713 1570 1752 :
1603 1693 1830 1751 etiarnsi
1862 1691 2101 1766 quidam

459 1806 660 1848 eorum
692 1789 1008 1859 dignitates
1040 1788 1236 1844 nullas
1266 1791 1478 1859 gerunt
1507 1786 1586 1857 [et
1618 1781 1951 1875 axiomatici
1985 1797 2098 1875 non
2135 1811 2182 1875 Β

459 1884 618 1946 sunt,
643 1883 841 1934 tamen
860 1878 930 1933 ad
954 1876 1287 1933 axiomatici
1308 1876 1558 1946 alicujus
1575 1873 1922 1946 obsequium
1939 1869 2106 1942 perti-

461 1968 738 2038 nent].[ta
749 1966 920 2024 classi
938 1966 1348 2038 magistrorum
1367 1979 1673 2021 accensere
1684 1965 2103 2034 oportetrecto-

465 2074 585 2115 rem
617 2065 671 2114 et
699 2065 898 2114 zosten
931 2055 1256 2128 patriciam,
1306 2052 1649 2126 syncellum,
1695 2049 2103 2121 exmagistros,

461 2148 636 2204 vitam
670 2145 1072 2203 monachalem
1104 2146 1380 2216 deinceps
1411 2143 1708 2213 amplexos
1738 2146 1796 2196 et
1825 2137 2105 2212 praeposi-

462 2242 589 2293 tum
617 2255 632 2305 ;
664 2237 803 2292 item
836 2235 1130 2308 privatum
1162 2232 1360 2305 magni
1393 2231 1578 2288 nostri
1610 2230 1828 2286 domini
1859 2243 2107 2299 paracce-

465 2341 802 2383 momenum
850 2340 949 2380 seu
1002 2321 1418 2380 accubitorem.
1451 2318 1637 2376 Classi
1688 2315 2103 2389 proconsulum

459 2415 760 2474 eunuchos
795 2413 1087 2486 patricios,
1120 2411 1291 2467 classi
1326 2409 1676 2481 reliquorum
1723 2406 2100 2481 patriciorum

459 2504 736 2564 ofﬁciales
757 2504 818 2559 in
841 2502 964 2559 velo
988 2501 1366 2574 patriciorum
1391 2500 1764 2565 constitutos,
1783 2499 1839 2552 id
1866 2499 1956 2552 est
1977 2511 2104 2567 pro—

458 2594 853 2664 tospatharios
904 2590 1267 2662 praepositos,
1311 2589 1695 2644 datraesticum
1745 2585 2102 2651 scholarum,

460 2675 2105 2752 domesticum,excubitorum,prefectumUrbis,genicum

463 2789 564 2830 seu
625 2771 961 2844 praefectum
1027 2767 1233 2833 azrarii,
1295 2767 1684 2832 sacellarium,
1744 2769 2104 2837 quaestorem,

465 2861 846 2934 drungarium
876 2858 1107 2931 vigilias,
1142 2856 1648 2930 protovestiarium
1682 2854 1927 2925 domini,
1959 2869 2104 2925 pra-

460 2954 679 3010 fectum
712 2967 927 3008 mensa
959 2956 1014 3006 et
1045 2950 1274 3022 papiam
1308 2965 1588 3020 magnum
1619 2951 1794 3019 atque
1811 2945 2104 3002 hetaeriar-

460 3041 625 3097 cham
648 3038 1182 3111 protospatharium
1204 3039 1360 3095 454
1381 3035 1792 3104 eunuchum,si
1817 3043 1938 3089 tum
1965 3040 2105 3088 tem-

458 3128 613 3202 poris
643 3129 702 3183 hi
735 3129 846 3184 duo
897 3126 1174 3198 postremi
1205 3126 1263 3181 in
1296 3125 1572 3180 comitatu
1609 3124 1878 3179 existant.
1903 3119 2102 3176 Ordini

457 3215 825 3273 secretalium
870 3213 1208 3268 ofﬁcialium
1256 3211 1548 3266 eccenseri
1592 3211 1803 3266 debent
1841 3207 2096 3264 eunuchi

458 3302 929 3376 protospatharii,
957 3301 1294 3374 primicerii,
1319 3299 1596 3357 ostiarius
1629 3309 1687 3356 et
1713 3299 1965 3371 judices,
1999 3297 2098 3354 sed

460 3393 518 3450 hi
549 3392 904 3448 iunctionem
937 3395 1269 3447 exercentes
1292 3394 1548 3446 tantum.
1571 3389 1656 3446 Ab
1687 3389 1891 3445 ordine
1912 3395 2101 3444 autem

457 3482 1060 3557 protospathariorum
1093 3496 1392 3537 secernere
1440 3485 1666 3552 Oportet
1707 3479 2010 3535 ministros
2046 3482 2104 3534 et

456 3571 756 3644 praefectos
787 3569 1220 3644 chrysotriclini
1239 3575 1296 3626 et
1319 3569 1665 3642 maglabitas
1694 3575 1748 3625 et
1778 3569 2099 3625 articlinas.

456 3657 574 3715 Hos
603 3658 759 3714 enim
789 3658 952 3713 decet
982 3655 1116 3728 plus
1147 3655 1427 3726 accipere.
1462 3653 2100 3728 Spatharocubicularis

457 3763 833 3804 accensemus
853 3744 1495 3818 spatharocandidatos,
1516 3743 1873 3816 spatharios,
1897 3747 2104 3799 strato-

457 3853 569 3909 res,
605 3836 966 3904 candidatos,
1001 3834 1404 3901 mandatores;
1437 3831 1702 3890 secretici
1717 3836 1911 3888 autem
1933 3839 2098 3889 nota-

456 3927 527 3981 rii
541 3923 986 3981 eximuntursoli
1001 3924 1070 3980 de
1083 3923 1357 3979 omnibus
1379 3921 1620 3977 Iausiaci
1639 3921 2102 3993 magistratibus.

459 4015 601 4070 Cum
631 4015 832 4086 itaque
854 4011 1170 4083 unicuique
1196 4011 1370 4067 classi
1391 4009 1802 4067 convenienter
1820 4014 2103 4083 supputa-

457 4103 600 4159 verit
630 4107 851 4175 partem
881 4101 1149 4158 muneris
1182 4098 1426 4168 laturos,
1455 4104 1598 4155 tunc
1626 4098 1794 4154 debet
1821 4115 1892 4154 ex
1921 4115 2104 4170 quan-

456 4192 622 4247 titate
677 4192 813 4247 doni
871 4189 1162 4246 calculum
1215 4187 1480 4245 beneﬁcii
1531 4185 1739 4256 cuique
1803 4184 2102 4241 individuo

458 4279 836 4352 competentis
857 4279 1014 4334 hunc
1038 4277 1096 4333 in
1117 4277 1353 4332 modum
1378 4273 1542 4330 inire.
1561 4272 1801 4340 Quando
1823 4275 2104 4344 magister

455 4370 782 4439 portionem
815 4368 1312 4440 integram,quam
1337 4380 1468 4419 cum
1507 4363 1617 4419 alio
1640 4361 1802 4418 nullo
1834 4364 2101 4435 partitur,

456 4456 836 4528 accipit,e.c.,
873 4457 1082 4529 viginti
1115 4471 1412 4525 nummos,
1444 4459 1584 4510 tunc
1615 4452 1826 4524 accipit
1854 4471 2099 4526 procon-

456 4544 548 4601 sul
579 4519 903 4614 dimidiam,
933 4519 992 4600 id
1037 4550 1127 4602 est
1163 4546 1362 4602 decem
1386 4519 1408 4612 ς’
1435 4550 1489 4599 et
1527 4519 1804 4615 patricius
1837 4519 1944 4599 hoc
1976 4543 2103 4616 ipso
2137 4519 2179 4584 D

457 4650 576 4690 uno
607 4649 849 4688 nummo
864 4633 1082 4704 minus,
1106 4635 1163 4690 id
1185 4639 1496 4691 estnovem
1523 4631 2102 4688 nummos.0fﬁcialis
2140 4679 2147 4684 .

457 4722 682 4780 bessem
716 4719 944 4791 accipit,
975 4721 1033 4776 id
1064 4725 1150 4777 est
1181 4738 1451 4778 nummos
1486 4736 1607 4776 sex.
1642 4721 2100 4792 Protospatharii

455 4812 754 4886 simplices
785 4809 1084 4883 accipiunt
1108 4809 1421 4866 dimidium
1454 4810 1604 4882 ejus,
1627 4810 1778 4883 quod
1822 4811 2101 4880 patricius

453 4903 687 4974 accipit,
709 4900 769 4957 id
786 4909 874 4957 est
893 4915 1164 4957 nummos
1193 4903 1462 4971 quatuor.
1505 4898 1751 4954 Ministri
1788 4899 2102 4970 chrysotri-

451 4989 1076 5064 clini,protospatharii
1099 4988 1392 5060 maglabii,
1418 4993 1474 5044 et
1494 4988 1773 5044 articlinas
1805 4991 2105 5062 accipiunt

452 5093 650 5140 ternos
665 5100 944 5140 nummos
958 5082 1296 5155 plus,quam
1321 5078 1614 5150 simplices
1630 5083 2098 5153 protospatharii.

456 5171 1090 5243 Spatharocubicularii
1122 5180 1175 5226 et
1205 5165 1786 5240 spatharocandidati
1812 5173 2106 5244 accipiunt

455 5264 572 5316 tres
596 5265 834 5331 quartas
857 5265 1049 5331 partes
1069 5258 1377 5331 ejus,quod
1403 5255 1876 5328 protospatharii;
1896 5276 2104 5333 nempe

2130 3167 2174 3234 Ο

1511 309 2043 376 CONSTAN'l‘lNI
2089 307 2786 372 PORPHYROGENITI

3740 313 3925 373 14ιὸ

2213 437 2536 515 λιχνοτέραν
2565 442 2662 511 τήν
2717 434 2894 518 ἔφεσιν
2953 445 3060 496 τῶν
3101 441 3412 516 χρημάτων
3484 439 3763 517 ἔχοντες,
3801 444 3918 514 ἄμ·

2209 524 2568 607 φισϐητήσεις
2605 530 2695 584 καὶ
2728 527 2930 604 λόγους
2969 529 3244 604 ἐγείρουσι
3277 531 3400 603 περῖ
3442 537 3551 600 τῆς
3611 528 3922 603 διανομῆς

2209 621 2318 672 τῶν
2375 614 2671 692 διδομένων
2713 617 3018 693 χρημάτων
3057 620 3148 674 καὶ
3199 621 3300 689 τήν
3350 618 3401 690 ἒξ
3448 619 3722 699 ἀρχαίων
3801 626 3917 674 τῶν

2210 703 2426 783 χρὸνων
2523 705 3077 782 παρακολουθήσασαν
3167 711 3456 780 συνήθειαν
3559 709 3914 783 ἀνατρέπει

2213 794 2616 866 σπουδάζουσι*
2678 798 2805 874 φερε
2873 794 2939 867 δὴ
2999 799 3176 861 καθὼς
3243 797 3304 854 ἐκ
3359 804 3474 854 τῶν
3530 801 3654 874 πρὸ
3731 801 3912 871 ἡμῶν

2211 885 2494 965 ἐγγράφως
2543 881 2926 960 παρελάϐομεν
2972 888 3162 957 τύπον,
3199 891 3291 943 καί
3340 890 3477 962 ὑμῖν
3524 887 3912 962 παραδώσω·

2215 995 2332 1048 μεν.
2397 981 2504 1031 Ηᾶν
2561 975 2668 1050 γὰρ
2741 977 2804 1032 τὸ
2853 975 3186 1051 ἀρχαιότητι
3235 975 3496 1056 διαφέρον
3563 975 3904 1050 αἰδέσιμοδ,

2211 1062 2334 1119 οὔτε
2390 1067 2712 1139 προσθήκην
2777 1069 2886 1120 τῶν
2956 1063 3124 1122 πάλαι
3183 1065 3466 1140 διανομῶν
3527 1075 3907 1144 καινουργεῖν

2210 1151 2555 1222 σπεύδοντες,
2625 1151 2745 1209 οὕτε
2828 1153 3123 1211 ἐλάττωσιν
3199 1160 3306 1211 τῶν
3392 1159 3901 1232 προπραχθέντων

2209 1245 2554 1318 ποιούμενοι.
2589 1250 2680 1299 Δεῖ
2706 1245 2809 1320 γὰρ
2859 1246 2950 1300 τὸν
3000 1243 3259 1320 διανομέα
3303 1251 3410 1302 τῶν
3445 1249 3751 1302 τοιούτων
3808 1249 3906 1304 ἀε-

2208 1330 2462 1402 τικλίνην
2547 1333 2653 1409 πρό
2727 1355 2788 1408 γε
2865 1335 3078 1390 πάντων
3129 1337 3193 1390 τὸ
3250 1337 3418 1392 ποσὸν
3491 1345 3607 1406 τῆς
3687 1335 3910 1411 Enipei:

2210 1421 2580 1495 ἐκμανθάνειν,
2630 1422 2719 1477 καὶ
2777 1424 2880 1478 εἴθ’
2934 1422 3106 1485 οὕτως
3164 1420 3558 1502 ἀκριϐολογεῖν
3624 1426 3733 1488 τᾶς
3793 1433 3906 1481 τῶν

2210 1512 2535 1585 ἀξιωμάτων
2598 1509 2882 1591 διαφορὰς,
2937 1514 3023 1568 καὶ
3081 1514 3277 1589 ἑκάστῃ
3331 1514 3688 1588 ἀξιωμάτων
3753 1518 3904 1587 τάξει

2211 1603 2667 1677 συγκαταριθμεῖν
2723 1603 2851 1664 τοὺς
2908 1602 3105 1673 αὐτῆςι
3141 1605 3432 1679 μετόχους,
3488 1604 3596 1660 κᾶν
3659 1605 3902 1662 ἐλαττο-

2212 1712 2298 1754 νες
2319 1695 2425 1746 τῶν
2463 1691 2786 1764 ἀξιωμάτων
2826 1692 3194 1766 τυγχάνουσι·
3245 1693 3335 1747 καὶ
3391 1698 3517 1757 τοῖς
3564 1695 3678 1767 μὲν
3737 1698 3905 1770 μαγί-

2213 1799 2393 1853 στροις
2453 1778 2874 1854 συγκαταλέγειν
2906 1777 2999 1834 τόν
3051 1801 3107 1836 τε
3166 1781 3424 1857 ῥαίκτορο.
3487 1784 3593 1837 καὶ
3640 1785 3755 1853 τήν
3795 1791 3897 1854 ζω-

2211 1871 2340 1938 στὴν
2387 1870 2696 1943 πατρικίαν,
2754 1870 2846 1924 τὸν
2904 1869 3206 1944 σύγκελλον
3264 1870 3353 1926 καὶ
3408 1872 3544 1934 τοὺς
3614 1872 3734 1927 ἀπὸ
3796 1893 3896 1945 μα-

2209 1960 2446 2034 γίστρων
2496 1955 2818 2031 μοναδικοὺς
2868 1960 2978 2032 (17)
3026 1958 3117 2014 καὶ
3174 1961 3268 2015 τὸν
3307 1960 3724 2035 πραιπόσιτον,
3783 1965 3892 2033 ἅμα

2211 2045 2269 2103 δὲ
2322 2049 2412 2104 καὶ
2469 2053 2547 2120 τῷ
2600 2046 2856 2120 οἷ’κειακῷ
2911 2054 3398 2123 παρακοιμωμὲνῳ
3451 2056 3555 2106 τοῦ
3632 2051 3891 2128 μεγάλου

2215 2139 2368 2212 ἡμῶν
2426 2136 2737 2212 βασιλέως·
2774 2137 2849 2197 εἷς
2917 2135 2975 2192 δὲ
3026 2140 3126 2208 τήν
3176 2143 3285 2194 τῶν
3345 2139 3692 2204 ἀνθυπάτων
3744 2143 3888 2212 τάξιν

2207 2230 2552 2302 συναριθμεῖν
2609 2227 2738 2290 τοὺς
2797 2226 3093 2304 εὐνούχους
3149 2228 3512 2303 πατρικίους.
3570 2230 3634 2285 ἐν
3704 2229 3771 2286 δὲ
3824 2235 3890 2302 τῇ

2205 2317 2349 2389 τάξει
2386 2317 2493 2371 τῶν
2529 2315 2741 2371 λοιπῶν
2771 2317 3073 2392 πατρικίων
3125 2321 3581 2393 συγκατατάττειν
3636 2321 3780 2382 τοὺς
3842 2321 3894 2375 ἐν

2205 2410 2284 2478 τῷ
2319 2405 2480 2480 βήλῳ
2508 2411 2616 2460 τῶν
2669 2406 2966 2480 πατρικίων
3023 2409 3385 2483 τεταγμένους
3439 2409 3886 2488 ὀφφικιαλίους,

2207 2494 2373 2572 ἤγουν
2415 2497 2542 2558 τοὺς
2600 2496 3117 2572 πρωτοσπαθαρίους
3179 2496 3270 2552 καὶ
3331 2500 3715 2573 στρατηγοὺς,
3755 2500 3886 2562 τοὺς

2207 2584 2733 2660 πρωτοσπαθαρίους
2775 2584 2864 2640 καὶ
2918 2586 3334 2658 πραιποσίτους,
3388 2588 3481 2642 τὸν
3533 2585 3884 2661 δομέστικον

2207 2678 2313 2728 τῶν
2396 2671 2644 2749 σχολῶν,
2709 2676 2801 2730 τὸν
2879 2669 3216 2744 ἐξκούϐιτον,
3257 2676 3350 2730 τὸν
3435 2677 3729 2751 ὕπαρχον,
3797 2679 3885 2732 τὸν

2207 2763 2552 2838 γενικὸν,τὸν
2605 2761 2984 2838 σακελλάριον,
3033 2765 3126 2820 τὸν
3171 2766 3459 2840 κυὲστορα,
3511 2766 3611 2820 τὸν
3683 2765 3884 2842 Spe-q-

2208 2852 2392 2930 γάριον
2423 2859 2523 2922 τῆς
2565 2851 2788 2927 βίγλης,
2820 2853 2912 2908 τὸν
2959 2847 3454 2928 πρωτοϐεστιάριον
3507 2858 3613 2909 τοῦ
3671 2853 3875 2910 δεσπὸ-

2208 2963 2328 3012 του,
2386 2943 2480 2997 τὸν
2537 2949 2640 3011 τῆς
2722 2944 3016 3016 τραπέζης,
3069 2942 3182 3011 καὶ,
3243 2940 3293 2996 εἲ
3343 2943 3596 3021 τύχοιεν,
3669 2946 3878 3004 παπίας

2212 3032 2378 3104 μέγας
2418 3031 2508 3084 καὶ
2567 3030 2950 3105 ἒταιρειάρχης
3002 3031 3492 3106 πρωτοσπαθάριος
3543 3032 3832 3112 εὐνοῦχος
3862 3053 3874 3063 ·

2214 3118 2267 3173 ἐν
2318 3115 2374 3172 δὲ
2428 3121 2495 3191 τῇ
2553 3117 2696 3187 τάξει
2771 3123 2879 3172 τῶν
2937 3123 3256 3194 σεκρετικῶν
3312 3119 3696 3197 ὀφφικιαλίων
3755 3143 3876 3199 ποτε

2213 3210 2562 3283 καταριθμεῖν
2616 3207 2742 3269 τοὺς
2795 3206 3087 3283 εὐνούχους
3148 3210 3684 3285 πρωτοσπαθαρίους
3745 3232 3875 3285 πρι-

2216 3296 2509 3372 μικηρίους
2539 3297 2630 3351 καὶ
2662 3295 2969 3373 ὀστιαρίους
2999 3297 3089 3352 καὶ
3119 3298 3247 3358 τοὺς
3279 3297 3628 3374 ὲμπράττους
3681 3302 3877 3375 κριτάς

2209 3387 2300 3443 καὶ
2336 3386 2519 3461 μόνον,
2563 3387 2660 3442 Ἐκ
2689 3382 2746 3441 δὲ
2785 3393 2884 3455 τῆς
2939 3385 3138 3456 τάξεως
3196 3391 3304 3440 τῶν
3355 3391 3871 3463 πρωτοσπαθαρίων

2213 3475 2294 3533 δεῖ
2315 3474 2651 3532 διαστέλλειν
2681 3474 2808 3537 τοὺς
2849 3480 2946 3530 τοῦ
3002 3475 3456 3551 χρυσοτρικλίνου
3509 3477 3602 3532 καὶ
3660 3479 3874 3554 μαγλα-

2213 3563 2365 3629 ϐίτας
2431 3566 2520 3621 καὶ
2578 3563 2891 3640 ἀρτικλίνας
2917 3607 2929 3620 .
2964 3607 2977 3621 .
3015 3605 3030 3620 .
3065 3607 3079 3623 .
3115 3566 3309 3640 μικρὸν
3367 3564 3536 3621 πλέον
3587 3573 3870 3641 προτιμᾶο

2213 3659 2354 3714 σθαι.
2395 3654 2536 3714 Τοὺς
2597 3651 2654 3709 δὲ
2709 3651 3314 3730 σπαθαροκανδιδάτους
3340 3699 3352 3712 .
3389 3699 3400 3712 .
3439 3698 3452 3712 .

2210 3752 2327 3809 τοῖς
2385 3739 3106 3820 σπαθαροκουϐικουλαρίοις
3177 3746 3310 3819 μετὰ
3371 3750 3480 3801 τῶν
3539 3748 3865 3820 σπαθαρίων

2213 3837 2304 3891 καὶ
2336 3836 2644 3910 στρατόρων
2677 3835 2766 3890 καὶ
2810 3835 2902 3889 ἀπ’
2934 3835 3112 3889 αὐτῶν
3145 3835 3278 3897 τοὺς
3321 3833 3675 3898 κανδιδάτους
3725 3857 3868 3909 μαν-

2214 3923 2446 3999 δάτορας
2524 3922 2962 3999 συγκαταλέγειν,
3022 3921 3278 3994 δηλονότι
3351 3929 3459 3979 τῶν
3536 3929 3865 4000 σεκρετικῶν

2211 4012 2471 4088 νοταρίων
2529 4011 2992 4086 ὑπεξαιρουμὲνων
3048 4011 3106 4066 ἐκ
3152 4012 3366 4067 πάντων
3417 4017 3526 4067 τῶν
3580 4018 3678 4068 τοῦ
3725 4012 3863 4069 λαυ-

2213 4107 2402 4158 σιακοῢ
2467 4102 2769 4176 ἀρχόντων.
2813 4101 2916 4157 Καὶ
2990 4102 3154 4171 ἡνίκα
3236 4103 3430 4176 ἑκάστῃ
3501 4102 3860 4176 ἁρμοζόντως

2210 4192 2353 4262 τάξει
2393 4191 2517 4253 τοὺς
2569 4191 2950 4266 συμμετόχους
3002 4190 3358 4265 ἐξαριθμήσῃ,
3391 4191 3527 4246 κατᾶ
3583 4192 3644 4246 τὸ
3689 4192 3855 4247 ποσὸν

2213 4284 2308 4336 τοῦ
2347 4277 2526 4354 δώρου
2553 4286 2653 4349 τῆς
2694 4277 2999 4356 εὐεργεσίας
3026 4281 3299 4334 ποιεῖσθαι
3329 4279 3423 4334 τὸν
3451 4277 3853 4352 συλλογισμὸν,

2213 4370 2287 4431 ὡς
2331 4367 2680 4444 λεχθήσεται.
2713 4367 2899 4424 Ἣνίκα
2945 4367 3047 4443 γὰρ
3097 4367 3124 4422 ὁ
3169 4368 3462 4443 μάγιστρος
3500 4365 3705 4440 ἄτομον
3761 4391 3853 4423 τυ-

2212 4457 2313 4533 χὸν
2375 4452 2517 4531 λάϐῃ
2575 4462 2796 4533 μοῖραν,
2855 4455 3022 4512 οἱονεὶ
3080 4457 3144 4527 κ’,
3202 4455 3412 4532 ὀφείλει
3473 4452 3767 4530 λαμϐάνειν
3822 4459 3849 4512 ὁ

2211 4546 2510 4608 ἀνθύπατος
2565 4547 2628 4600 τὸ
2683 4545 2856 4618 ἥμισυ
2905 4546 3129 4617 τούτου,
3193 4547 3509 4620 νομίσματα
3571 4547 3622 4604 ι’.
3681 4548 3736 4600 Ὀ
3795 4544 3852 4602 δέ

2210 4637 2495 4710 πατρίκιος
2582 4633 2788 4713 ὀφείλει
2873 4634 3198 4690 ὑποπίπτειν
3275 4639 3355 4707 τῷ
3443 4634 3723 4708 ἀνθυπάτῳ
3780 4637 3843 4704 α’,

2206 4729 2293 4780 καὶ
2345 4718 2636 4798 λαμϐάνειν
2694 4721 2924 4797 νομίσμ.
2959 4725 3023 4792 θ’,
3054 4724 3082 4778 ὁ
3142 4721 3200 4778 δὲ
3257 4722 3608 4802 ὀφφικιάλιος
3652 4725 3714 4779 τὸ
3770 4721 3842 4778 82'-

2212 4834 2403 4888 μοιρον
2467 4817 2564 4869 τοῦ
2617 4813 2904 4889 πατρικίου
2961 4812 3187 4886 νομίσμ.
3222 4813 3286 4883 ς’,
3317 4814 3368 4867 οἱ
3429 4810 3489 4869 δὲ
3527 4833 3845 4888 πρωτοσπα-

2211 4907 2390 4978 θάριοι
2421 4901 2562 4958 λιτοὶ
2595 4903 2658 4958 τὸ
2688 4901 2862 4975 ἥμισυ
2891 4905 2987 4958 τοῦ
3019 4902 3308 4978 πατρικίου
3341 4904 3576 4976 νομίσμ.
3612 4900 3686 4957 δ’·
3718 4924 3844 4978 προ-

2209 4997 2477 5066 τιμῶνται
2527 4990 2585 5048 δὶ
2629 4994 2680 5048 οἱ
2728 4996 2826 5047 τοῦ
2873 4991 3337 5067 χρυσοτρικλίνου
3377 4993 3468 5046 καὶ
3498 4993 3554 5047 οἱ
3596 4996 3690 5047 τοῦ
3748 5013 3845 5065 μαι

2209 5078 2440 5160 γλαϐίου
2523 5082 3004 5158 πρωτοσπαθάριοι
3063 5083 3154 5136 καὶ
3227 5081 3278 5135 o't
3351 5080 3650 5156 ἀρτικλίνοι
3723 5082 3844 5156 ὑπὲρ

2210 5173 2338 5236 τοὺς
2409 5170 2598 5231 λιτοὺς
2671 5171 3196 5247 πρωτοσπαθαρίους
3277 5169 3511 5243 νομίσμ.
3559 5172 3625 5243 γ’,
3689 5170 3734 5222 οἳ
3781 5165 3837 5224 δὲ

2215 5256 2914 5336 σπαθαροκουϐικουλάριυι
2998 5258 3086 5315 καὶ
3173 5255 3713 5334 σπαθαροκανδιδάτοι
3770 5258 3832 5312 τὸ

3508 3677 3636 3711 συνα
3642 3677 3672 3730 ρ
3686 3669 3733 3720 ιθ
3744 3663 3868 3731 μεῖν

1504 5414 1710 5473 JOAN.
1751 5415 1894 5473 JAC.
1938 5419 2196 5480 REISKII
2237 5422 2813 5481 COMMENTARIUS.

525 5563 643 5635 (t7)
697 5561 973 5635 Solebant
1040 5579 1252 5634 nempe
1324 5578 1593 5634 proceres
1650 5564 1948 5635 Byzantini
2007 5574 2108 5624 aut

454 5633 639 5693 amoti
661 5634 731 5691 ab
757 5633 1263 5692 administratione
1295 5633 1627 5708 reipublica
1647 5633 1711 5692 et
1721 5635 2109 5708 dignitatibus

2218 5570 2369 5654 eauti
2418 5574 2519 5654 aut
2563 5574 2952 5654 acceptaper
2997 5570 3243 5654 etatem!
3277 5566 3516 5623 honesta
3553 5563 3833 5633 missione,

2217 5642 2350 5698 vita
2380 5641 2635 5715 reliquos
2659 5641 2787 5699 dies
2813 5641 2874 5698 in
2906 5641 3278 5697 monasteriis
3306 5651 3670 5697 consumere.
