4080 6300
272 376 423 438 1417

1109 381 1210 441 DE
1251 381 1717 443 CERIMONIIS
1766 381 2000 442 AULxE
2040 382 2509 446 BYZANTIN/E
2552 387 2700 449 LIB.
2748 388 2828 450 II.

3502 397 3658 458 “18

267 511 518 586 δίμοιρον
545 515 643 567 τοῦ
672 514 1160 588 πρωτοσπαθαρίου
1191 534 1239 569 ν.
1282 516 1352 588 γ’.
1405 516 1472 571 Oi.
1513 512 1568 569 δὲ
1613 510 1897 568 κουϐικου-

2015 519 2211 573 ternos
2259 535 2551 576 nummos.
2597 521 2968 592 Cubicularii,
3017 526 3322 599 spathsrii,
3375 535 3656 590 stratorss

267 598 480 676 λάριοι,
532 601 622 655 καὶ
680 601 988 675 παθᾶριοι,
1059 601 1149 655 καὶ
1211 603 1500 676 στράτορες
1560 597 1900 674 λαμϐάνουσι

261 690 327 744 τὸ
356 687 530 760 ἥμισυ
551 693 649 744 τοὺ
669 690 1157 763 πρωτοσπαθαρίου
1177 711 1224 744 ν.
1262 690 1326 763 β’,
1343 688 1405 743 δ’·
1439 690 1490 744 οί
1515 687 1572 744 δὲ
1592 687 1903 745 κανδιδάτοι

268 773 604 851 μαγλαϐῖται
667 778 764 832 ἀνὰ
816 801 865 834 ν.
913 778 977 840 ς’.
1028 779 1096 834 Οἱ
1136 775 1195 832 δὲ
1241 780 1539 851 σεκρετικοὶ
1590 777 1900 852 χαρτουλά-

265 887 373 940 ριοι
426 865 516 920 καὶ
563 867 806 942 νοτάριοι
857 865 1222 921 ὑποπίπτουσι
1277 873 1391 928 τοῖς
1445 871 1540 921 τοῦ
1607 865 1901 922 λαυσιακοῦ

263 954 552 1036 ἄρχουσιν,
581 956 804 1018 ’ἕκαστος
835 956 971 1011 κατὰ
1007 957 1069 1011 τὸ
1108 955 1250 1012 ’ίόιον
1295 956 1528 1029 ἀξίωμα,
1578 956 1778 1030 τρίτον.
1831 959 1898 1015 Οἱ

265 1048 323 1106 δὲ
362 1048 620 1129 ἄρχοντες
669 1054 766 1105 τοῦ
827 1050 1115 1125 βασιλικοῦ
1177 1051 1482 1126 βεστιαρίου
1534 1051 1898 1107 ὑποπίπτουσι

337 1138 351 1158 \
446 1138 459 1158 9
537 1139 550 1158 \
711 1139 724 1156 \
826 1140 837 1154 ‘
1046 1139 1058 1160 Ι
1451 1140 1464 1158 \
1559 1145 1585 1156 υ

262 1159 354 1194 και
403 1159 552 1193 αυτοι
602 1159 736 1193 κατα
781 1159 876 1200 τας
919 1139 1121 1203 οίιιειας
1170 1139 1317 1210 ἀξίας
1368 1141 1474 1195 ἀπο
1520 1161 1629 1195 των
1691 1141 1900 1214 βασιλι-

261 1231 372 1282 κῶν
408 1231 506 1282 τοῦ
534 1225 830 1283 λαυσιακοῦ
860 1228 994 1284 κατᾶ
1020 1231 1083 1284 τὸ
1116 1227 1364 1304 δίμοιρον
1401 1230 1564 1304 μέρος
1603 1235 1700 1285 τοῦ
1746 1251 1896 1304 πρω-

260 1315 521 1383 τοτὺπου,
556 1317 672 1370 οἶον
701 1318 752 1370 οἱ
783 1319 1259 1391 πρωτοσπαθάριοι
1302 1319 1408 1373 ἀπὸ
1458 1323 1566 1374 τῶν
1615 1319 1899 1374 οἶκειακῶν

264 1403 430 1459 λιτῶν
483 1404 1006 1480 πρωτοσπαθαρίων,
1065 1407 1128 1461 τὸ
1182 1403 1432 1481 δίμοιρον
1487 1429 1534 1464 ν.
1593 1409 1663 1483 γ’,
1711 1409 1800 1462 καὶ
1846 1411 1897 1462 οἱ

264 1490 820 1567 σπαθαροκανδιδάτοι
851 1499 958 1550 τῶν
985 1499 1152 1568 τριῶν
1184 1497 1245 1551 τὸ
1295 1494 1544 1570 δίμοιρον
1594 1517 1640 1554 ν.
1692 1498 1760 1571 β’,
1810 1496 1901 1552 καί

261 1583 314 1638 οἱ
347 1583 632 1656 σπαθάριοι
665 1583 754 1637 καὶ
785 1581 1072 1658 στράτορες
1101 1591 1208 1640 τῶν
1244 1583 1338 1640 δύο
1358 1587 1422 1640 τὸ
1453 1583 1807 1660 δίμοιρον,α“,
1831 1587 1900 1661 γ“,

263 1672 314 1726 οἱ
348 1668 403 1726 δὲ
433 1668 744 1726 κανδιδάτοι
793 1673 885 1748 ςγ“.
930 1673 1058 1751 φολ.
1101 1676 1166 1741 κ’,
1214 1675 1266 1728 οἱ
1308 1673 1364 1730 δὲ
1413 1673 1558 1729 λιτοὶ
1605 1676 1696 1730 καὶ
1744 1671 1900 1730 ἐϐδο-

263 1759 454 1835 μάριοι
498 1760 604 1815 ἀπὸ
657 1763 754 1831 ζς“,
801 1763 851 1816 οἱ
901 1761 958 1817 δὲ
1015 1763 1280 1840 ὑπουργοὶ
1332 1771 1430 1833 τῆς
1477 1762 1748 1838 τραπέζης
1805 1763 1901 1820 τοῦ

262 1849 533 1925 βασιλέως
573 1849 662 1905 καὶ
709 1857 808 1920 τῆς
859 1852 1179 1926 Αὑγούστης
1228 1853 1332 1907 ἀπὸ
1389 1855 1428 1922 ξ’
1477 1856 1688 1924 πάντες,
1739 1855 1791 1908 οἱ
1843 1852 1900 1909 δὲ

259 1935 360 1994 δια
405 1938 620 2001 πόλεως
671 1942 1155 2014 πρωτοσπαθάριοι
1204 1941 1311 1996 ἀπὸ
1357 1942 1586 2016 νομίσμ.
1640 1945 1704 2014 α’,
1749 1944 1798 1997 οἱ
1850 1940 1907 1998 δὲ

258 2025 816 2102 σπαθαροκανδιδάτοι
863 2029 971 2083 ἀπὸ
1022 2031 1118 2098 ζς“,
1170 2031 1220 2084 οἱ
1271 2027 1328 2086 δὲ
1379 2033 1670 2106 σπαθάριοι
1745 2033 1908 2106 στρά-

257 2136 412 2190 τορες
473 2112 816 2190 λαμϐάνουσι
877 2118 940 2172 τὸ
1005 2119 1180 2190 ἤμισυ
1245 2123 1341 2173 τοῦ
1407 2122 1906 2194 πρωτοσπαθαρίου

255 2226 306 2261 ν.
343 2207 409 2280 β’,
443 2202 507 2272 δ’,
551 2205 604 2260 οἱ
637 2203 693 2260 δὲ
722 2203 1031 2261 κανδιδάτοι
1069 2202 1397 2281 μαγλαϐίται
1428 2207 1528 2262 ἀνὰ
1556 2231 1604 2266 ν.
1639 2210 1705 2277 ς’,
1747 2211 1798 2262 οἱ
1849 2207 1906 2266 δὶ

257 2293 558 2367 σεκριτικοὶ
631 2293 1031 2369 χαρτουλάριοι
1088 2296 1178 2349 καὶ
1235 2296 1480 2370 νοτάριοι
1536 2296 1904 2352 ὑποπίπτουσι

253 2387 370 2444 τοῖς
400 2387 499 2437 τοῦ
532 2381 826 2438 λαυσιακοῢ
858 2385 1145 2458 ἄοχουσιν,
1193 2384 1416 2446 ’ἕκαστος
1467 2385 1606 2440 κατὰ
1649 2387 1709 2440 τὸ
1759 2383 1901 2440 ἴδιον

257 2472 470 2547 ἀξίωμα
498 2495 548 2539 ν,
581 2475 650 2547 γ’.
682 2474 749 2530 Οἱ
781 2471 839 2528 δὲ
881 2477 1141 2548 ἄρχοντες
1195 2473 1292 2528 τοῦ
1343 2475 1634 2550 βασιλικοῦ
1687 2476 1901 2550 βεστιαο

261 2561 380 2637 ρίου
412 2561 778 2616 ὑποπίπτουσι
827 2563 917 2617 καὶ
966 2563 1120 2617 αὐτοὶ
1171 2565 1307 2619 κατὰ
1353 2563 1446 2625 τὰς
1501 2563 1702 2627 οίκείας
1755 2564 1903 2635 ἀξίας

255 2650 360 2704 ἀπὸ
391 2654 499 2704 τῶν
537 2649 840 2725 βασιλικῶν
868 2655 968 2706 τοῦ
1001 2651 1298 2706 λαυσιακοῦ
1355 2653 1490 2706 κατὰ
1533 2652 1596 2708 τὸ
1654 2650 1902 2726 δίμοιρον

259 2737 420 2812 μέρος
451 2741 548 2792 τοῦ
579 2737 963 2812 πρωτοτὺπου,
1024 2740 1076 2793 οἱ
1125 2736 1182 2794 δὶ
1231 2741 1542 2815 σπαθάριοι,
1593 2742 1899 2815 στράτορις,

254 2827 446 2884 ὑπατοι
475 2828 584 2883 ἀπὸ
617 2831 678 2898 ζ’,
727 2830 779 2883 οἱ
828 2827 887 2884 δὲ
933 2827 1243 2885 κανδιδάτοι
1308 2832 1627 2906 βεστήτορες
1670 2832 1776 2886 ἀπὸ
1824 2835 1898 2908 γ’.

253 2913 468 2972 Δίδοται
499 2914 556 2973 δὶ
594 2919 685 2972 καὶ
726 2915 829 2988 ἔξω
880 2919 1078 2974 τούτου
1119 2919 1178 2974 ἐκ
1228 2921 1326 2988 τῆς
1373 2920 1540 2989 αὐτῆς
1592 2920 1899 2992 ποσότητος

248 3011 328 3079 τῷ
398 3007 492 3080 μὶν
557 3003 1042 3082 πρωτοϐεστιαρίῳ
1091 3011 1202 3082 (18)
1253 3051 1266 3064 .
1330 3052 1342 3064 .
1410 3054 1423 3067 .
1463 3009 1600 3064 κατὰ
1645 3012 1745 3078 τὴν
1794 3031 1896 3064 πο-

252 3095 454 3164 σότητα
481 3100 588 3151 τῶν
619 3095 820 3172 λιτρῶν
865 3099 934 3169 τῇ
991 3096 1152 3173 λίτρῃ
1209 3098 1278 3168 α’,
1328 3102 1408 3171 τῷ
1465 3095 1523 3153 δὲ
1577 3105 1678 3168 τῆς
1734 3119 1894 3154 κατα-

250 3185 487 3244 στάσεως
518 3206 566 3239 ν.
597 3187 664 3251 κ“,
696 3187 784 3239 καὶ
813 3191 892 3257 τῷ
923 3186 1182 3261 ὀστιαρίῳ
1210 3208 1258 3243 ν.
1301 3189 1368 3256 κ’,
1417 3191 1498 3259 τῷ
1538 3187 1688 3262 μέρει
1741 3189 1889 3244 Bavi-

2015 605 2305 674 accipiunt
2333 609 2636 666 dimidiam
2669 613 2818 683 ejus,
2843 615 2996 685 quod
3029 616 3320 688 accipiunt
3351 626 3658 693 protospa-

2016 694 2214 764 tbarii,
2247 713 2458 769 nempe
2491 700 2658 757 binos
2689 717 2820 758 cum
2845 703 3035 760 tribus
3067 707 3429 776 miliaresiis;
3461 710 3658 767 candi-

2016 784 2138 839 dati
2170 785 2470 857 maglabias
2501 789 2797 861 accipiunt
2818 793 3287 851 senos.Secretici
3319 799 3656 856 cbartularii

2015 875 2074 927 et
2104 875 2310 929 notarii
2344 876 2535 934 ferunt
2557 895 2673 935 una
2705 881 2876 936 tertia
2901 885 3059 952 parte
3083 883 3480 957 minus,quam
3505 888 3656 959 ejus-

2011 960 2141 1015 dem
2175 979 2371 1020 secum
2403 967 2626 1024 ordinis
2658 985 2922 1040 proceres
2944 973 3143 1044 palatii
3166 973 3656 1034 lausiaci.Eadem

2011 1048 2160 1103 ratio
2207 1057 2545 1111 casterorum
2594 1058 2850 1114 vestiarii
2902 1077 3208 1131 procerum
3269 1073 3529 1135 respectu
3582 1065 3659 1121 ad

2008 1139 2338 1197 vestiaritas
2369 1142 2630 1202 lausiaci.
2656 1148 2718 1202 E.
2751 1165 2803 1203 c.
2839 1149 3081 1206 lausiaci
3107 1155 3552 1225 protospatharii
3578 1156 3660 1211 fe-

2008 1235 2146 1283 runt
2174 1236 2514 1300 quaternos.
2551 1235 3008 1308 Protospatbarii
3032 1241 3335 1298 domestici
3363 1244 3660 1316 simplices

2003 1324 2205 1379 ferunt
2233 1324 2678 1379 ternosliorum
2710 1331 3007 1384 ternorum
3031 1347 3148 1386 una
3175 1332 3349 1388 tertia
3371 1337 3535 1404 parte
3557 1333 3662 1389 mi-

2011 1420 2120 1461 nus
2151 1408 2343 1464 ferunt
2374 1411 2965 1482 spatharocandidati,
2991 1433 3200 1490 nempe
3233 1421 3656 1478 binos.Horum

2007 1494 2276 1551 binorum
2309 1515 2425 1553 una
2453 1501 2689 1572 gemina
2719 1507 2881 1574 parte
2910 1504 3108 1560 minus
3141 1507 3334 1562 ferunt
3363 1509 3657 1580 spatharii

2009 1591 2062 1638 et
2092 1590 2394 1657 stratores,
2426 1587 2482 1643 id
2529 1594 2618 1645 est
2659 1591 2922 1661 singulos
2971 1609 3248 1651 nummos
3296 1611 3429 1651 cum
3469 1598 3657 1652 tribus

2007 1675 2364 1733 miliaresiis.
2397 1680 2699 1735 Candidati
2751 1681 2942 1737 ferunt
2972 1687 3140 1739 terna
3186 1685 3461 1753 miliaria,
3492 1685 3657 1742 folles

2006 1765 2266 1832 vicenos;
2284 1767 2584 1838 simplices
2606 1770 2897 1826 candidati
2919 1775 2976 1827 et
2997 1770 3358 1828 bebdomarii
3391 1772 3649 1829 miliare-

1937 1893 1982 1959 Β
2011 1853 2096 1908 sia
2125 1855 2543 1910 sena.Ministri
2564 1874 2776 1913 mensas
2794 1860 3035 1931 Augusti
3059 1864 3116 1916 et
3136 1862 3412 1931 Augustas
3449 1861 3660 1932 pariter

2019 1943 2246 2013 singula
2275 1943 2610 2001 miliaresia.
2643 1946 2856 2002 Urbani
2898 1948 3351 2020 protospatbarii
3383 1966 3658 2006 nummos

2017 2030 2315 2102 singulos;
2351 2034 2924 2103 spatharocandidati
2955 2037 3270 2094 miliaresia
3301 2054 3482 2108 sena;
3518 2055 3658 2110 spa-

2017 2119 2190 2175 tharii
2238 2127 2511 2178 stratores
2558 2123 2864 2180 dimidium
2915 2127 3387 2198 protospatharii,
3451 2143 3660 2197 nempe

2016 2223 2292 2266 nummos
2307 2211 2816 2280 binos,miliaresia
2829 2215 3169 2270 terna.Cand
3181 2216 3319 2271 idati
3334 2214 3658 2286 maglabita

2021 2313 2290 2354 nummos
2345 2316 2536 2356 senos.
2583 2301 2904 2357 Secretales
2947 2303 3288 2358 cbartularii
3337 2309 3392 2358 et
3424 2303 3656 2372 notarii,

2017 2386 2269 2457 quisque
2301 2404 2403 2458 pro
2427 2389 2644 2443 ratione
2674 2405 2798 2445 suae
2818 2390 3143 2459 dignitatis,
3166 2395 3362 2446 ternos
3382 2407 3658 2447 nummos

2013 2474 2212 2531 minus
2245 2477 2454 2546 ferunt,
2479 2493 2652 2548 quam
2684 2477 3022 2534 cbartularii
3063 2484 3119 2535 et
3155 2479 3360 2535 notarii
3394 2480 3654 2539 Iausiaci.

2013 2565 2231 2623 Pariter
2252 2565 2439 2621 ferunt
2456 2566 2704 2636 praefecti
2722 2567 2860 2636 regii
2877 2568 3161 2637 vestiarii,
3185 2570 3506 2625 secundum
3523 2585 3658 2625 suas

2010 2656 2251 2728 quisque
2280 2655 2929 2726 dignitates,dimmrum
2952 2659 3365 2728 suprascripta
3397 2657 3655 2729 origina-

2009 2745 2082 2802 lis
2104 2747 2302 2803 ἴοι-ωε
2325 2745 2728 2816 minus,quam
2750 2745 2927 2802 iidem
2953 2747 3204 2818 praefecti
3227 2747 3371 2819 regii
3394 2747 3652 2803 vestiarii

2009 2836 2081 2892 ad
2113 2834 2432 2889 lausiacum
2457 2835 2606 2891 455
2630 2833 2906 2905 palatium
2941 2835 3318 2907 pertinentes;
3343 2834 3649 2907 spatharii,

2009 2930 2295 2989 stratores,
2324 2921 2594 2978 consules
2627 2922 2840 2979 miliar.
2874 2923 3125 2995 singula,
3157 2923 3453 2979 candidati
3485 2923 3656 2980 vesti-

2006 3017 2156 3069 tores
2185 3016 2560 3067 terna.Datur
2588 3016 2781 3066 autem
2803 3021 2962 3066 extra
2983 3012 3092 3068 hoc
3114 3027 3344 3084 quoque
3363 3027 3434 3068 ex
3452 3011 3654 3067 eadem

2007 3101 2331 3173 quantitate
2351 3099 2785 3173 protovestiario
2808 3101 3442 3172 quidem...secundum
3467 3117 3650 3173 quan-

2005 3191 2230 3245 titatem
2279 3188 2548 3243 litrarum
2600 3190 2667 3242 18
2715 3187 2848 3243 litra
2879 3190 2942 3255 1;
2979 3188 3380 3246 cerimoniario
3428 3189 3652 3245 nummi

249 3292 359 3326 των
391 3293 438 3326 ν.
473 3269 535 3339 δ“,
567 3249 826 3344 τῷνμὲρει
858 3249 1214 3337 ὺρασίνῶνΙν.
1251 3272 1315 3339 δ’,
1345 3249 1424 3344 τῷ
1757 3321 1769 3333 .
1814 3318 1826 3332 .
1873 3317 1887 3332 .

2008 3278 2106 3346 20;
2138 3277 2374 3332 ostiario
2422 3276 2826 3343 tantumdem;
2863 3249 3101 3332 factioni
3151 3275 3370 3333 Venetas
3423 3277 3651 3332 nummi

253 3356 602 3432 διατρέχουσι
633 3381 682 3414 ν.
713 3359 780 3434 γ’,
811 3365 927 3419 τοῖς
959 3357 1282 3432 μανδοὶτορσι
1314 3365 1411 3412 τοῦ
1441 3360 1735 3434 λογοθὲτου
1759 3405 1773 3417 .
1820 3404 1833 3416 .
1879 3405 1893 3418 .

249 3453 368 3512 τοῖς
423 3446 766 3524 νομοφύλαξι
824 3449 944 3520 (19)
987 3469 1034 3502 ν.
1097 3449 1166 3524 γ’,
1222 3449 1311 3501 καὶ
1357 3451 1437 3518 τῷ
1485 3447 1772 3522 ἀρτικλίνῃ
1815 3450 1895 3520 τῷ

254 3532 558 3608 διανέμοντι
607 3536 668 3590 τὸ
726 3531 1090 3609 ἀποκὸμϐιον.
1143 3535 1240 3591 Καὶ
1283 3538 1449 3590 ταῦτα
1505 3535 1598 3608 μὶν
1646 3533 1731 3590 ἐπὶ
1791 3543 1896 3604 τῆς

249 3630 357 3681 τῶν
394 3623 751 3701 βρουμαλίων
782 3622 1000 3699 δωρεῶν
1031 3622 1318 3696 διανομῆς
1348 3623 1399 3679 ἰν
1452 3621 1509 3679 δὶ
1553 3629 1670 3685 τοῖς
1713 3624 1894 3699 στεψί-

255 3736 381 3788 μοις
409 3718 518 3769 τῶν
562 3713 828 3788 βασιλέων
878 3714 968 3768 καὶ
1015 3719 1134 3776 ταῖς
1183 3713 1627 3789 αὑτοκρατορίαις
1679 3714 1895 3784 ὑπεξαι-

251 3809 471 3879 ροῦνται
505 3803 623 3862 ¹³.¹⁴
651 3804 840 3865 πάντες
872 3804 923 3857 οἱ
955 3807 1062 3859 τῶν
1091 3801 1351 3878 σεκρὲτων
1377 3801 1772 3882 χαρτουλάριοι
1802 3803 1892 3857 καὶ

249 3891 494 3968 νοτάριοι
554 3892 642 3948 καὶ
698 3892 764 3948 τὰ
825 3891 1008 3966 βεστία
1057 3893 1146 3947 καὶ
1209 3892 1500 3966 ὑπουργίαι
1555 3893 1643 3947 καὶ
1695 3893 1746 3946 οἱ
1805 3889 1894 3946 διὰ

237 3980 456 4045 πόλεως
505 3981 717 4044 πάντες.
769 3981 874 4038 Καὶ
923 3979 1126 4055 γίνεται
1186 3983 1221 4050 ἡ
1273 3978 1507 4053 διανομὴ
1560 3981 1635 4043 εἷς
1691 3982 1891 4053 μόνους

239 4071 368 4132 τοὺς
390 4073 662 4146 ἄρχοντας
703 4075 798 4125 τοὺ
855 4069 1180 4138 λαυσιακοῦ,
1249 4070 1361 4124 οἷον
1413 4069 1488 4132 sic
1544 4069 1890 4146 μαγίστρους,

239 4159 658 4233 πραιποσίτους,
715 4159 1079 4226 ἀνθυπάτους,
1145 4159 1482 4233 πατρικίους,
1561 4179 1892 4232 πρωτοσπα-

240 4247 482 4322 θαρίονς,
532 4248 624 4303 σὺν
681 4253 799 4310 τοῖς
868 4247 1154 4323 εὑνοὺχοιε
1214 4247 1727 4321 πρωτοσπαθαρίοις
1796 4247 1884 4301 καὶ

242 4337 426 4408 μόνονε
484 4333 1092 4412 σπαθαροκανδιδάτοις,
1150 4335 1491 4408 σπαθαρίοις,
1551 4337 1642 4390 καὶ
1724 4337 1886 4410 στρά-

241 4446 411 4500 τωρες
443 4430 533 4481 καί
562 4424 924 4494 κανδιδάτοις,
973 4426 1063 4480 καὶ
1115 4425 1192 4488 εἰς
1235 4425 1362 4487 τοὺς
1413 4424 1701 4501 λεχθέντας
1757 4423 1888 4498 ἔξω·

2004 3367 2036 3418 4
2061 3383 2074 3430 ;
2101 3365 2349 3417 Prasime
2371 3364 2759 3417 tantumdem.
2785 3363 3464 3421 Saltatori...vernaculis
3490 3381 3654 3421 num-

2006 3452 2083 3505 mi
2141 3452 2209 3517 3;
2271 3451 2714 3504 mandataribus
2769 3450 3178 3519 lagotbetas...
3239 3453 3650 3526 scenophylaci

2005 3537 2309 3603 nummi3;
2332 3537 2612 3592 articlinm
2635 3535 3006 3592 distribuenti
3028 3542 3458 3608 apocombium.
3484 3541 3646 3597 Obti-

2005 3631 2102 3683 net
2123 3626 2215 3681 hic
2240 3627 2442 3680 modus
2459 3625 2516 3680 in
2535 3625 2943 3681 distributione
2963 3627 3188 3682 denarii
3207 3627 3643 3684 brumaliorum.

2001 3717 2072 3770 At
2092 3716 2153 3769 in
2171 3713 2465 3769 natalibus
2487 3713 2880 3768 coronationis
2902 3719 2960 3768 et
2985 3714 3205 3785 imperii
3235 3715 3571 3770 eximuntur
3589 3723 3644 3772 et

2003 3809 2224 3876 partem
2260 3803 2482 3858 nullam
2508 3803 2699 3857 ferunt
2719 3811 3072 3858 secretorum
3095 3802 3432 3859 cbartularii
3463 3809 3520 3860 et
3542 3820 3636 3860 no-

2000 3893 2178 3960 tiarii,
2210 3896 2267 3946 et
2297 3892 2396 3963 qui
2426 3892 2495 3947 ad
2531 3891 2892 3954 vestiarium,
2927 3897 2984 3946 et
3014 3891 3116 3962 qui
3149 3893 3220 3948 ad
3253 3893 3642 3950 ministerium

2001 3981 2350 4037 culinarium
2384 3979 2694 4051 pertinent,
2747 3986 2804 4035 et
2855 3980 3061 4036 urbani
3109 3997 3354 4048 omnes;
3386 3983 3646 4054 adeoque

2001 4071 2354 4141 participant
2381 4071 2448 4124 de
2499 4068 2910 4124 distributione
2949 4071 3321 4125 donariorum
3354 4077 3492 4125 tunc
3521 4071 3645 4126 dari

1998 4158 2303 4214 solitorum
2356 4163 2578 4212 tantum
2633 4173 2893 4227 proceres
2944 4157 3220 4226 Iausiaci;
3263 4165 3328 4212 ut
3359 4158 3642 4230 magistri,

1998 4248 2313 4320 praepositi,
2349 4246 2746 4319 proconsules,
2782 4248 3029 4319 patricii,
3053 4246 3648 4318 protospathariibar-

1997 4337 2142 4404 bati,
2172 4335 2620 4408 protospatharii
2643 4337 2890 4392 eunuchi
2919 4355 2932 4404 ;
2957 4337 3059 4393 sed
3090 4337 3149 4392 hi
3181 4337 3287 4392 soli
3317 4340 3550 4392 tantum
3568 4337 3641 4393 de

1999 4441 2210 4497 genere
2239 4426 2639 4481 eunuchorum
2671 4444 2686 4494 ;
2717 4425 3314 4498 spatharocandidati,
3337 4425 3644 4497 spatbarii,

248 4511 536 4591 ϐρεματῶν
595 4518 710 4588 (20)
777 4509 1158 4589 ἁποκομόίων.
1219 4516 1283 4573 Οἱ
1340 4514 1440 4590 γὰρ
1499 4518 1597 4570 τοὺ
1663 4509 1890 4569 κουϐουο

2008 4519 2287 4583 stratores,
2310 4513 2603 4572 candidati
2633 4520 2693 4571 st
2727 4514 2832 4583 illi,
2866 4516 2968 4586 qui
2997 4513 3384 4588 appellatione
3424 4507 3648 4586 ἰξώϐρι-

1580 4695 1827 4753 VARIIE
1866 4695 2164 4755 LECTION
2171 4695 2274 4753 ES.

320 4843 457 4886 ιι,ιι
486 4840 886 4920 ὑφιξαιροῦνται
918 4842 1044 4900 cod.
1075 4846 1135 4900 st
1159 4843 1249 4900 sd.

1304 4985 1506 5042 JUAN.
1546 4986 1674 5043 JAC
1710 4985 1967 5042 REISKII
2005 4985 2587 5044 COMMENTARIUS.

323 5155 434 5227 (18)
477 5154 576 5210 Hic
633 5157 689 5210 et
743 5152 1014 5227 deinceps
1070 5155 1294 5227 aliquot
1323 5154 1590 5227 versibus
1639 5152 1893 5227 evanida

255 5225 529 5285 sordibus
560 5233 614 5282 et
644 5229 930 5281 vetustate
961 5225 1305 5298 littera-'legi
1335 5225 1496 5281 nullo
1529 5225 1701 5281 modo
1734 5229 1895 5295 pote-

255 5305 401 5356 rant.

324 5370 341 5441 (
385 5370 441 5441 9)
473 5371 731 5425 Fuerunt
771 5368 828 5424 in
865 5368 1146 5441 lacunoso
1175 5367 1286 5441 hoc
1317 5367 1466 5441 loco,
1499 5384 1627 5441 qua
1656 5365 1894 5441 e_vestio

294 5437 366 5494 iis
397 5437 698 5511 scripturas
730 5440 1098 5509 sordidisque
1127 5439 1221 5494 hic
1243 5439 1352 5495 loci
1379 5437 1739 5495 membranis
1761 5455 1899 5493 ocu-

253 5457 448 5566 ¥orum
473 5518 527 5566 et
549 5512 763 5566 ingenii
787 5513 910 5566 acie
938 5511 1170 5566 assequi
1205 5517 1262 5566 et
1288 5518 1565 5566 exoutare
1591 5527 1702 5564 non
1724 5509 1898 5563 valui.

281 5527 448 5566 orum
473 5509 531 5567 et
549 5512 763 5583 ingenii
787 5513 910 5567 acie
938 5511 1170 5582 assequi
1205 5517 1262 5566 et
1288 5518 1565 5583 exputare
1591 5527 1707 5583 non
1724 5509 1898 5583 valui.

257 5581 933 5654 Sunttamen'qutedam
958 5581 1198 5643 lacunis.
1241 5581 1386 5654 quas
1418 5583 1488 5638 cl.
1526 5581 1809 5654 Draudius
1842 5581 1902 5634 in

256 5653 604 5736 Apographo
637 5651 848 5736 vacuas
863 5651 1273 5736 reliquerat,“
1288 5654 1556 5736 obscuris
1581 5651 1903 5736 litterarum

260 5722 523 5796 vestigiis
577 5725 850 5780 restitutis
907 5731 961 5780 et
989 5722 1258 5795 expleta.
1312 5725 1373 5780 In
1426 5726 1640 5797 quibus
1686 5731 1741 5779 et
1784 5722 1905 5778 hac

542 5850 799 5911 ΡΑτιιοι..
848 5853 962 5910 Gn.
1011 5851 1098 5910 C.\'
1115 5851 1192 5910 ΙΙ.

2004 5161 2140 5230 sunt
2172 5157 2290 5230 τοῖς
2319 5151 2674 5230 νομοφύλαξι.
2709 5154 3020 5230 Postremae
3067 5158 3185 5230 tres
3224 5153 3462 5230 syllaba
3488 5155 3649 5230 clare

2007 5229 2062 5280 et
2095 5225 2394 5297 perspicue
2424 5225 2800 5297 prosta'bant;
2837 5225 3027 5297 priora
3072 5228 3188 5285 τοῖς
3217 5244 3357 5295 νομο
3414 5226 3650 5282 videbar

2008 5295 2150 5351 mihi
2201 5293 2365 5366 quasi
2415 5293 2514 5365 per
2560 5296 2832 5366 nebulam
2882 5293 3095 5360 videre,
3141 5293 3323 5364 neque
3367 5301 3506 5366 puto
3553 5313 3648 5354 me

2008 5364 2354 5437 conjecturae
2386 5364 2592 5420 falsum
2648 5364 2848 5438 (uisse,
2883 5366 3170 5438 quamvis,
3199 5364 3478 5438 quantum
3525 5385 3645 5424 me-

2009 5434 2177 5563 rxn'irii,
2211 5439 2372 5496 nulla
2400 5437 2459 5491 in
2488 5434 2886 5508 superioribus
2905 5434 3134 5493 mentio
3164 5434 3264 5493 ﬁat
3281 5441 3388 5492 τῶν
3411 5456 3648 5514 νομοφυ-

2051 5529 2216 5563 ακων.

2051 5529 2193 5563 ακων
2202 5551 2216 5564 ο

2083 5581 2195 5706 βο)
2229 5578 2350 5636 Non
2388 5591 2690 5650 assequor,
2737 5577 2877 5648 quid
2929 5575 3038 5632 hoc
3081 5578 3235 5634 vocis
3290 5578 3362 5634 sit
3406 5585 3460 5632 et
3509 5579 3648 5653 quid

2110 5668 2121 5704 1
2159 5690 2171 5704 .

2011 5653 2171 5708 velit.

3256 5851 3331 5906 45
