4088 6300
499 339 656 403 1419

1541 324 2065 390 CONSTANTINI
2111 321 2802 386 PORPHYROGENITI

3789 321 3950 382 1420

498 497 572 550 μα
586 473 1058 549 apocombiorum
1078 466 1673 541 comprehenduntur.
1697 462 1958 520 Cubiculi
1981 462 2122 518 enim

2248 457 2433 513 κλείου
2508 457 2698 519 πάντες
2776 455 3094 525 ἰδιαζόντως
3175 452 3246 511 τά
3318 449 3661 529 ἇποκόμόια
3712 451 3942 526 lawgi-

493 566 763 624 homines
811 579 1017 621 omnes
1057 559 1302 616 seorsim
1347 556 1644 629 accipiunt
1686 558 1824 610 tunc
1863 551 2145 624 temporis

500 655 843 730 apocombia
876 669 1004 707 ua.

799 744 870 797 De
898 738 1286 796 consuetudine
1316 735 1594 790 articlim's
1622 734 1828 789 debita.

567 840 701 890 Post
729 831 1025 901 expositas
1049 829 1225 899 igitur
1256 827 1759 896 dignitatum,tam
1785 835 2140 890 earum,quaa

495 940 627 981 cum
662 920 1210 991 insignibus,quam
1244 931 1467 981 earum,
1503 930 1626 983 quas
1660 913 1817 966 nudo
1840 911 2010 964 verbo
2032 909 2134 962 tri-

494 1010 1143 1074 buuntur,diﬂ‘erentias
1159 1005 1411 1074 majores
1427 1001 2136 1071 minoresque,incremen-

489 1109 548 1156 ta
577 1107 633 1156 et
654 1101 1046 1160 decrementa,
1080 1093 1488 1150 introducendi
1521 1091 1590 1145 ad
1625 1104 1848 1144 sacram
1873 1101 2134 1141 mensam

490 1194 548 1245 et
577 1190 711 1244 inde
742 1202 945 1242 rursus
985 1183 1269 1241 educendi
1302 1182 1522 1246 modos,
1556 1177 1802 1249 agedum
1835 1175 2132 1230 tradamus

492 1294 650 1334 nunc
674 1273 1263 1349 quoquecompilatas
1283 1287 1346 1325 ex
1371 1269 1627 1338 antiquis
1649 1265 1810 1321 libris
1827 1268 2135 1319 consuetu-

494 1367 684 1434 dines,
719 1382 868 1437 quas
900 1365 1270 1432 imperatores
1291 1359 1411 1427 jam
1443 1374 1476 1412 a
1501 1355 1674 1424 longo
1699 1358 1958 1422 tempore
1988 1351 2135 1406 arti-

489 1456 661 1512 clinis
694 1453 1340 1524 assignarunt,quantas
1363 1455 1414 1502 et
1437 1463 1469 1500 a
1491 1445 1706 1516 quibus
1732 1447 1966 1498 dandas.
1992 1443 2130 1497 Pro-

489 1550 649 1600 mota
669 1543 868 1613 itaque
884 1544 1044 1594 zosta
1068 1547 1167 1593 aut
1191 1537 1490 1606 magistro,
1515 1534 1808 1605 accipiunt
1834 1534 1905 1588 ab
1929 1547 2129 1587 eorum

486 1647 841 1703 unoquoque
871 1632 927 1684 in
965 1629 1304 1684 universum
1332 1626 1460 1698 [pro
1493 1629 1611 1679 toto
1644 1640 1750 1678 suo
1782 1622 2041 1692 corpore]
2059 1621 2132 1675 vi-

487 1723 634 1793 ginti
668 1725 915 1790 quatuor
946 1732 1224 1772 nummos
1244 1731 1484 1780 aureos;
1516 1711 1806 1785 syncellus
1832 1717 2130 1782 promotus

486 1813 581 1866 dat
614 1810 757 1879 ipsis
789 1810 847 1863 in
883 1808 1218 1863 universum
1249 1804 1555 1859 duodecim
1591 1817 1820 1856 aureos.
1849 1801 2127 1854 Eunucho

485 1900 795 1954 barbatove
820 1899 887 1951 ad
919 1897 1283 1964 patriciatum
1309 1897 1626 1957 evecto,aut
1652 1890 1976 1944 renuntiato
1999 1905 2133 1958 quo-

486 1989 621 2042 dam
643 1983 1314 2055 proconsule,accipiunt
1335 1983 1406 2035 ab
1419 1996 1618 2035 eorum
1637 1979 2136 2048 unoquoqueduo-

488 2074 677 2131 decim
714 2090 1008 2129 nummos.
1061 2073 1284 2126 Pariter
1327 2087 1395 2124 ex
1443 2068 1726 2123 divisione
1785 2067 2133 2137 apocombii,

489 2166 649 2236 quod
677 2181 871 2221 recens
893 2164 1215 2218 honoratus
1233 2159 1512 2231 patricius
1527 2156 2137 2227 dat,accipiuntnutn-

495 2269 624 2308 mos
654 2253 984 2308 duodecim.
1036 2251 1212 2305 Electi
1263 2249 1521 2317 strategi,
1560 2251 1681 2300 tam
1732 2245 1790 2298 in
1841 2243 2134 2299 Orientem

494 2355 670 2411 quam
700 2340 757 2394 in
791 2339 1159 2394 Occidentem
1194 2335 1486 2401 mittendi,
1514 2335 1652 2388 dant
1684 2332 1828 2404 ipsis
1861 2347 2133 2386 nummos

491 2428 823 2485 duodecim.
866 2428 953 2496 Et,
1004 2428 1048 2482 si
1081 2425 1259 2496 [ultra
1305 2440 1523 2478 annum
1569 2423 1629 2476 in
1676 2437 1781 2476 sua
1828 2419 2132 2491 dignitate]

490 2522 768 2571 maneant
800 2516 1020 2586 absque
1041 2529 1397 2575 successore,
1424 2514 1658 2582 quoties
1683 2525 1882 2580 rogam
1906 2524 2005 2562 seu
2030 2508 2131 2562 sti~

492 2603 767 2676 pendium
784 2603 1034 2658 militare
1059 2600 2131 2673 accipiuntOrientales,dautnummos

490 2693 977 2763 duodecim,quod
1005 2693 1175 2746 etiam
1201 2690 1606 2756 faciunt,456
1631 2687 1859 2759 quoties
1892 2686 2036 2756 ipsis
2069 2688 2129 2741 in

483 2783 953 2856 provmciasjam
979 2781 1187 2836 delatis
1209 2789 1260 2835 et
1286 2780 1363 2834 ibi
1385 2779 1694 2846 agentibus
1712 2794 1858 2847 rogas
1882 2777 2128 2831 mittun-

482 2876 624 2927 tur:
658 2872 1054 2929 Occidentales
1105 2878 1298 2926 autem
1356 2871 1722 2925 tantumdem
1779 2868 1923 2936 ipsis
1963 2867 2126 2934 dant,

485 2965 716 3033 quoties
741 2963 796 3016 in
823 2964 1024 3017 urbem
1051 2964 1264 3032 regiam
1290 2959 1764 3027 intrant,etiamsi
1789 2973 1986 3027 rogam
2014 2975 2126 3013 non

489 3052 836 3121 acceperint.
871 3054 1108 3106 Crestus
1143 3068 1243 3122 pro
1273 3049 1396 3105 loco
1428 3055 1734 3118 strategus,
1762 3053 1861 3101 aut
1884 3047 2126 3101 cleisur-

486 3139 684 3207 archa,
702 3146 803 3193 aut
819 3146 1096 3208 catepano
1120 3156 1222 3192 seu
1247 3134 2007 3204 capitaneusPapblagonim
2029 3135 2126 3187 dat

484 3240 760 3278 nummos
782 3206 1116 3277 octo.iidem
1144 3222 1367 3291 quoties
1394 3220 1449 3273 in
1469 3220 1672 3273 urbem
1704 3220 1912 3274 reversi
1931 3235 2122 3289 rogam

2235 3220 2514 3288 ποσότητα
2545 3219 2878 3294 παρέχουσιν
2910 3221 3114 3282 αὐτοῖς.
3148 3224 3216 3280 Οἱ
3265 3220 3322 3277 δὲ
3371 3223 3764 3300 ὀφφικιάλιοι,
3807 3229 3892 3280 κᾶν

481 3311 829 3380 acceperint,
877 3312 1231 3364 tantumdem
1265 3325 1472 3363 rursus
1503 3310 1644 3362 dant
1674 3307 1973 3373 ofﬁciales,
2003 3307 2122 3364 sive

478 3411 680 3470 praeter
703 3416 810 3455 suu
823 3417 872 3453 m
891 3400 1146 3453 ofﬁcium
1168 3397 1619 3470 protospatharii
1637 3414 1670 3466 q
1683 3413 1870 3468 uoque
1886 3397 2116 3468 fuerint,

476 3489 598 3545 sive
632 3505 768 3556 non,
795 3505 828 3543 a
848 3490 1148 3558 praeposito
1171 3488 1303 3540 inde
1327 3486 1777 3556 scholarumque
1799 3487 2122 3543 domestico

473 3593 662 3648 usque
692 3576 766 3631 ad
799 3575 1330 3647 protospatharium
1368 3573 1758 3644 imperialium
1792 3574 2118 3640 hominum,

473 3666 618 3720 dant
650 3666 830 3720 semel
855 3665 1104 3736 quisque
1129 3680 1227 3733 pro
1250 3679 1310 3718 se
1337 3661 1638 3717 duodecim
1665 3662 2121 3718 nummos.Reli-

475 3755 574 3824 qui
607 3753 887 3809 ofﬁciales
907 3769 1109 3808 omnes
1132 3751 1405 3821 deinceps
1429 3767 1616 3821 usque
1637 3751 1706 3804 ad
1729 3749 2115 3806 domesticum

472 3841 871 3912 imperialium
895 3841 1460 3912 dantunusquisque
1477 3855 1578 3909 pro
1605 3855 1974 3910 suapersona
1988 3847 2117 3896 octo

474 3930 1164 3984 nummos.Tantumdem
1189 3928 1288 3982 dat
1311 3927 1692 3994 eunuchus,si
1717 3929 2117 3998 protospatha-

473 4017 599 4073 rius
612 4017 1071 4074 ﬁt.Primicerius
1088 4015 1570 4089 [candidatorum]
1587 4015 1965 4071 autostiarius
1977 4018 2118 4072 dant

473 4106 688 4176 pariter
719 4123 819 4162 sex
847 4122 1141 4162 nummos.
1165 4105 1546 4160 Tantumdem
1567 4105 1707 4159 dant
1735 4105 2003 4173 magister
2023 4122 2114 4160 ar-

473 4195 750 4250 mamenti
781 4212 882 4251 seu
934 4196 1221 4267 apothecae
1264 4209 1582 4256 armorum,
1616 4197 1983 4248 mensurator
2013 4211 2112 4249 seu

469 4289 735 4350 metator,
761 4288 993 4338 curator
1011 4283 1300 4348 villarum,
1325 4280 1665 4336 chartularii
1690 4282 1880 4335 dromi
1900 4299 2000 4338 seu
2015 4283 2111 4336 citi

466 4385 670 4424 cursus
696 4370 1706 4440 publici,actuarius,protonotarius
1729 4371 2114 4436 dromi,char-

463 4456 661 4511 tularii
685 4459 919 4526 stabuli,
934 4460 1151 4530 epictes
1173 4475 1272 4514 seu
1298 4458 1565 4514 incitator
1580 4475 1817 4530 operaru
1831 4463 2108 4527 m,dome-

2253 568 2457 606 νουσιν.

2572 729 2701 800 Περὶ
2733 725 3015 797 συνηθείας
3045 729 3154 781 τῶν
3186 726 3556 799 ἀρτικλινῶν.

2321 815 2473 872 Ἐπεὶ
2526 815 2581 871 δὲ
2609 816 2704 878 τὰς
2754 815 2841 870 διὰ
2903 820 3009 870 τῶν
3078 811 3348 889 βραϐείων
3420 816 3520 871 καὶ
3585 813 3691 870 διὰ
3754 813 3936 888 λόγω.

2249 909 2697 983 προσγινομένων
2755 908 2920 978 ἀξιῶν
2971 905 3258 980 διαιρέσεις
3318 909 3409 963 καὶ
3480 905 3939 979 ὑποδιαιρέπις,

2250 993 2422 1068 αὔξεις
2451 1017 2510 1051 τε
2539 997 2627 1051 καὶ
2672 997 2942 1069 μειώσεις,
2984 995 3350 1070 προσκλήσεις
3398 1019 3459 1052 τε
3511 997 3615 1050 καὶ
3675 997 3936 1068 ὑποκλῆ-

2247 1107 2376 1148 σεις,
2439 1085 2514 1147 εἷς
2566 1087 2870 1164 τούμφανὲς
2924 1084 3280 1158 ἐποιήσαμεν,
3345 1085 3477 1162 φέρε
3542 1084 3621 1155 δὴ
3679 1087 3784 1140 καὶ
3845 1092 3930 1149 τὰς

2244 1170 2477 1229 ἔκπαλαι
2525 1175 2653 1237 τοὺς
2699 1173 3016 1249 ἀρτικλίνας
3061 1176 3205 1249 παρὰ
3253 1180 3360 1230 τῶν
3418 1175 3720 1250 βασιλέων
3781 1177 3927 1230 ἐκτυ-

2242 1263 2512 1324 πωθείσας
2546 1263 2849 1333 συνηθείας,
2883 1263 2971 1316 καὶ
3016 1261 3076 1317 ἐκ
3127 1263 3287 1318 τίνων
3338 1264 3680 1338 προσώπων
3735 1268 3930 1326 ταύτας

2245 1349 2453 1407 διδόναι
2503 1353 2687 1412 αὐτοῖς
2745 1352 3044 1430 ἠφορίσθη,
3093 1352 3152 1407 ἐκ
3198 1357 3306 1406 τῶν
3353 1353 3762 1428 ἀρχαιοτέρων
3816 1353 3930 1427 ἐρα-

2239 1443 2516 1514 νισάμενοι
2573 1439 2704 1515 τῇδε
2745 1447 2815 1515 τῇ
2871 1445 3054 1518 γραφῇ
3114 1440 3518 1516 παραδοίημεν.
3570 1438 3929 1517 Ηροεαλλοσ

2243 1533 2410 1604 μένης
2451 1533 2554 1606 γὰρ
2611 1537 2821 1600 ζωστῆί.
2870 1531 2904 1600 ἦ
2957 1532 3283 1606 μαγίστρου,
3334 1529 3551 1587 δίδοται
3621 1532 3825 1593 αὐτοῖς
3881 1533 3923 1600 ξε

2240 1621 2467 1676 ἑκάστου
2509 1620 2683 1675 αὐτῶν
2725 1621 2967 1690 κάθαπαξ
3014 1640 3064 1676 ν.
3116 1618 3214 1676 κδ’.
3268 1620 3620 1692 Τιμωμένου
3677 1619 3736 1676 δὲ
3800 1644 3922 1695 5-47-

2241 1709 2467 1779 κέλλου,
2521 1709 2731 1765 δίδοται
2793 1709 2980 1770 αὐτοῖς
3039 1712 3296 1779 συνήθεια
3354 1714 3491 1784 παρ”
3549 1711 3737 1766 αὐτοῦ
3798 1715 3924 1765 καθ-

2246 1799 2381 1870 άπαξ
2411 1820 2459 1853 ν.
2505 1800 2598 1873 ιβ’,
2634 1799 3010 1872 Ἀναγομένου
3043 1795 3099 1853 δὲ
3126 1799 3389 1872 εὐνούχου
3496 1795 3801 1874 βαρεάτου
3849 1802 3919 1862 εἷς

2247 1889 2732 1958 πατρικιότητα,ἣ
2776 1886 3082 1942 ἀνθυπάτου
3119 1891 3412 1961 γενομένου
3461 1891 3649 1957 τινὸς,
3706 1886 3916 1944 δίδοται

2248 1979 2431 2039 αὐτοῖς
2463 1979 2512 2048 ἐξ
2545 1979 2769 2032 ἑκάστου
2819 1977 2993 2031 αὐτῶν
3040 2000 3086 2035 ν.
3145 1979 3235 2051 ιβ’,
3281 1978 3493 2050 ὁμοίως
3544 1979 3649 2033 καὶ
3713 1979 3781 2034 ἐκ
3822 1988 3920 2046 τῆς

2247 2064 2512 2139 διανομῆς
2543 2070 2638 2120 τοῦ
2667 2061 2905 2139 κομϐίου
2935 2071 3032 2120 τοῦ
3065 2063 3352 2139 διδομένου
3383 2067 3531 2138 παρὰ
3559 2072 3673 2122 τοῦ
3724 2090 3915 2142 τιμω-

2249 2157 2407 2230 μένου
2439 2153 2727 2230 πατρικίου
2763 2150 3132 2228 Λαμϐάνουσιν
3162 2157 3393 2228 νομίσμ,
3431 2158 3524 2230 ιβ’.
3557 2157 3636 2214 Οἱ
3683 2154 3746 2212 δὲ
3799 2177 3914 2232 χει-

2245 2246 2633 2318 ροτονούμενοι
2674 2244 2972 2321 στρατηγοὶ
3012 2242 3063 2299 ἕν
3119 2266 3176 2299 τε
3231 2249 3300 2318 τῇ
3356 2244 3646 2310 ’Δνατολῆ
3699 2249 3800 2302 καὶ

2244 2335 2399 2390 Δύσει
2439 2334 2772 2410 παρέχουσιν
2802 2335 2989 2394 αὐτοῖς
3021 2335 3121 2389 ἀνὰ
3148 2355 3377 2408 νομισμ.
3433 2336 3525 2409 ιβ’.
3581 2336 3656 2392 Εἰ
3711 2335 3780 2391 δὲ
3830 2341 3912 2390 καί

2243 2422 2539 2497 ἐπιμένωσι
2591 2425 2875 2498 στατηγοῖ,
2934 2424 3122 2486 ὁσάκις
3173 2421 3231 2477 ἄν
3281 2423 3651 2499 ῥογευθῶσιν,
3708 2428 3771 2480 οἳ
3827 2430 3912 2498 μὲν

2241 2511 2554 2568 ἀνατολικοὶ
2583 2511 2680 2566 ἆνᾶ
2709 2511 2933 2584 νομίσμ,
2980 2513 3073 2586 ιβ’,
3103 2513 3201 2566 κάν
3247 2513 3393 2587 τάχα
3441 2512 3681 2589 τύχοιεν
3727 2516 3812 2576 εἰς
3862 2516 3914 2569 τὸ

2241 2598 2381 2655 ἴδιον
2425 2602 2586 2673 θέμα,
2618 2603 2714 2670 τήν
2750 2601 2912 2675 ῥόγαν
2943 2598 3118 2655 αὒτῶν
3150 2601 3547 2666 ἀποσταλῆναι.
3594 2605 3672 2660 Οἱ
3706 2601 3771 2658 δὲ
3821 2607 3913 2670 τῆς

2241 2687 2442 2750 δύσεως
2473 2689 2563 2743 καὶ
2607 2690 2682 2761 μή
2736 2689 3113 2762 ῥογευόμενοι,
3169 2688 3355 2750 ὁσάκις
3395 2689 3455 2744 ἄν
3509 2689 3562 2746 ἐν
3613 2697 3692 2766 τῇ
3751 2695 3907 2765 βασι-

2242 2779 2473 2850 λευούσῃ
2502 2783 2608 2832 τῶν
2650 2776 2866 2832 πόλεων
2917 2776 3278 2848 ἐπανέλθωσι,
3325 2778 3675 2858 παρέχουσιν
3720 2781 3904 2841 αὐτοῖς

2239 2869 2338 2922 ἀνὰ
2392 2888 2621 2940 νομισμ.
2678 2868 2768 2940 ιβ’.
2831 2863 3310 2940 Προϐαλλομένομ
3355 2866 3411 2923 δὲ
3468 2869 3530 2922 ἐκ
3588 2872 3899 2942 προσώπου

2239 2955 2612 3032 στρατηγοῦἢ
2663 2954 3114 3031 πλεισουράρχου
3162 2959 3197 3026 ἢ
3246 2957 3532 3012 κατεπάνω
3579 2960 3900 3035 Παφλαγωο

2237 3046 2373 3108 νίας,
2410 3041 2616 3097 δίδοται
2649 3043 2837 3103 αὐτοῖς
2870 3042 2921 3114 ἐξ
2949 3045 3173 3099 ἑκάστου
3204 3046 3381 3100 αὐτῶν
3414 3045 3516 3100 ἀνᾶ
3545 3048 3798 3120 νομίσμ.
3831 3051 3879 3116 η’

2236 3133 2327 3186 καὶ
2363 3133 2550 3194 ὁσάκις
2613 3130 2939 3193 εἴσελθόντες
2989 3133 3307 3208 ῥογευθῶσι,
3357 3134 3523 3190 πάλιν
3568 3139 3684 3205 τήν
3737 3138 3900 3204 αὐτὴν

2233 3328 2290 3361 τε
2321 3312 2390 3381 τῇ
2419 3313 2526 3362 τῶν
2577 3312 3082 3384 πρωτοσπαθαρίων
3132 3311 3450 3385 τετίμηνται
3500 3314 3647 3385 ἀξίᾳ,
3694 3318 3802 3370 κᾶν
3845 3337 3894 3369 τε

2232 3400 2318 3452 καὶ
2357 3399 2457 3468 μή,
2489 3397 2594 3451 ἀπό
2624 3418 2682 3452 τε
2711 3403 2808 3452 τοῦ
2858 3401 3220 3473 πραιποσίτου
3271 3403 3359 3456 καὶ
3403 3406 3504 3457 τοῦ
3555 3400 3894 3477 δομεστίκου

2228 3491 2337 3540 τῶν
2390 3486 2614 3564 σχολῶν
2679 3488 2843 3562 μέχρι
2905 3495 3006 3557 τῆς
3073 3494 3169 3544 τοῦ
3240 3495 3745 3567 πρωτοσπαθαρίου
3793 3501 3896 3550 τῶν

2235 3573 2556 3649 βασιλικῶν,
2592 3572 2802 3630 διδοῦσι
2834 3577 2922 3630 καὶ
2958 3577 3114 3632 αὐτοὶ
3156 3574 3291 3653 ἅπαξ
3332 3580 3431 3636 ἀνά
3479 3603 3530 3639 ν.
3575 3583 3668 3654 ιβ’,
3715 3585 3791 3640 Οἱ
3842 3582 3895 3638 δὲ

2231 3661 2423 3717 λοιποὶ
2455 3664 2651 3727 πάντες
2681 3663 3023 3740 ὀφφικιάλιοι
3074 3669 3240 3742 μέχρι
3271 3673 3368 3724 τοῦ
3401 3667 3735 3742 δομεστίκου
3789 3678 3894 3726 τῶν

2235 3751 2531 3825 βασιλικῶν
2566 3752 2664 3806 ἀνὰ
2693 3774 2739 3808 ν.
2773 3755 2842 3822 η’.
2879 3753 2942 3810 Εἴ
2973 3752 3030 3809 δέ
3058 3777 3140 3816 τις
3172 3756 3431 3833 εὐνοῦχος
3478 3761 3889 3834 πρωτοσπαθά-

2232 3860 2346 3915 ριος
2406 3841 2648 3917 γένηται,
2696 3840 2916 3898 δίδωσιν
2964 3845 3151 3908 αὐτοῖς
3200 3847 3334 3916 ἅπαξ
3385 3850 3453 3918 η’·
3505 3853 3884 3924 πριμικήριος

2227 3929 2262 3998 ἤ
2298 3931 2570 4004 ὀστιάριος
2626 3931 2724 3986 ἀνᾶ
2772 3933 2837 3995 ς’⁶
2882 3933 3140 3997 ὡσαύτως
3201 3937 3229 3990 6
3295 3933 3479 4012 ἄρχων
3536 3941 3633 3992 τοῦ
3691 3939 3879 4014 ἁρμα-

2231 4019 2449 4091 μὲντου
2478 4021 2611 4092 (21),
2662 4020 2689 4074 6
2748 4023 3144 4099 μινσουράτωρ,
3193 4023 3220 4077 6
3269 4026 3551 4100 κουράτωρ
3593 4031 3692 4081 τοῦ
3741 4032 3878 4099 κτή-

2231 4127 2422 4180 ματος,
2458 4107 2509 4161 οῖ
2541 4108 2937 4186 χαρτουλάριοι
2981 4114 3078 4164 τοῦ
3109 4109 3259 4184 ὀξέου
3310 4109 3540 4186 δρόμου,
3581 4116 3610 4170 ὁ
3642 4117 3874 4172 ἀκτουά-

2226 4215 2362 4270 ριος,
2402 4197 2430 4250 6
2473 4196 2912 4271 πρωτονοτάριός
2954 4202 3050 4254 τοῦ
3105 4197 3337 4274 δρόμου,
3392 4203 3421 4256 6
3467 4203 3880 4280 χαρτουλάριος

2220 4288 2318 4338 τοῦ
2350 4283 2608 4354 σταύλου,
2652 4286 2679 4339 ὁ
2725 4284 2950 4357 ἐπίκτης
2997 4288 3086 4343 καὶ
3136 4290 3163 4344 6
3212 4296 3312 4359 τῆς
3364 4291 3662 4366 ὑπουργίας
3709 4292 3876 4367 δομέ-

2223 4393 2425 4443 στικος,
2459 4374 2486 4426 ὁ
2519 4377 2874 4447 ζυγοστάτης,
2908 4377 2934 4430 ὀ
2968 4376 3268 4440 οἷκιστικὸς
3313 4380 3401 4434 καὶ
3435 4382 3462 4436 6
3494 4387 3868 4456 χρυσεῷητής.

2223 4462 2344 4516 Ἐπὶ
2403 4458 2656 4536 προϐολῇ
2717 4461 2773 4517 δὲ
2823 4466 3020 4527 παντὸς
3091 4471 3583 4543 πρωτοσπαθαρίου
3647 4472 3753 4526 ἀπό
3811 4493 3864 4527 τε

462 4544 640 4599 sticus
673 4545 979 4601 ministerii
1029 4549 1330 4615 culinaria,
1365 4548 1670 4618 libripens,
1702 4549 1992 4604 mcisticus
2023 4550 2107 4605 vel

2235 4547 2585 4624 μαγλαϐιτῶν
2623 4554 2712 4605 καὶ
2759 4557 2866 4606 τῶν
2927 4554 2977 4608 ἐν
3022 4559 3102 4626 τῷ
3151 4557 3406 4630 οἰκειακῴ
3460 4559 3730 4633 βασιλικῷ
3784 4564 3860 4637 βε-

462 4633 817 4688 architectus
853 4634 1163 4703 primarius
1194 4645 1247 4691 et
1281 4637 1610 4701 aurifaber;
1645 4639 1877 4704 quando
1903 4654 2108 4708 nempe

459 4723 581 4776 suis
597 4721 846 4792 quisque
863 4721 1071 4774 officiis
1089 4723 1910 4794 mactantur.Protospatharii
1926 4733 2105 4781 autem

454 4825 661 4865 omnes
681 4809 752 4863 ab
776 4809 978 4863 ordine
999 4810 1448 4880 maglabitarum
1469 4812 1627 4882 inde,
1649 4817 1704 4867 et
1727 4814 1866 4884 quid
1899 4816 1966 4869 ad
1991 4816 2104 4886 pri-

451 4902 646 4952 vatum
697 4913 928 4952 sacrum
983 4898 1342 4966 vestiarium,
1380 4901 1522 4956 item
1574 4902 1673 4972 qui
1709 4903 1779 4957 ad
1833 4903 2098 4961 homines

454 4983 788 5055 imperiales
820 4986 1133 5057 pertinent,
1167 4991 1227 5039 ut
1255 4990 1311 5038 et
1341 4987 1441 5054 qui
1471 4991 1542 5043 ad
1576 5007 1804 5046 sacram
1831 5008 2095 5048 mensam

421 5071 804 5156 gministrant,
858 5073 1074 5145 aliique
1123 5071 1504 5142 dignitatibus
1560 5079 1679 5129 tam
1729 5095 1828 5148 per
1862 5082 2092 5147 urbem,

449 5174 622 5230 quam
661 5165 818 5216 extra
840 5161 1164 5238 conspicui,
1180 5159 1578 5231 dant,quando
1600 5160 1667 5214 ad
1685 5179 1822 5218 suas
1843 5170 2094 5242 quisque

449 5246 765 5319 dignitates
793 5255 1226 5320 promoventur,
1260 5249 1478 5321 singuli
1511 5255 1748 5305 octonos
1781 5266 2090 5325 nummos;

2224 4639 2450 4714 στιαρίῳ
2482 4639 2961 4715 καταλεγομένων,
2993 4644 3081 4697 καὶ
3111 4650 3219 4699 τῶν
3253 4646 3327 4708 εἰς
3373 4647 3498 4709 τοὺς
3543 4649 3855 4724 βασιλικοὺς

2216 4729 2531 4802 ἀνθρώπους
2563 4731 3027 4803 συντεταγμένων,
3067 4733 3158 4788 καὶ
3211 4739 3318 4789 τῶν
3357 4734 3443 4790 ἐπὶ
3497 4744 3596 4807 τῆς
3648 4740 3857 4812 βασιλι-

2213 4824 2314 4886 κῆς
2341 4819 2617 4890 τραπέζης
2652 4820 3086 4894 παρισταμένων,
3117 4823 3339 4878 καὶτῶν
3373 4822 3462 4880 διὰ
3507 4826 3724 4890 πόλεως
3774 4829 3857 4883 σὺν

2209 4911 2318 4962 τῶν
2362 4905 2633 4979 ἑξωτικῶν
2684 4909 3039 4982 τιμωμένων,
3089 4909 3300 4968 δίδοται
3340 4913 3523 4976 αὐτοῖς
3579 4918 3712 4986 ἅπαξ
3763 4917 3855 4971 ἀνὰ

2208 5013 2438 5067 νομισμ.
2475 4995 2546 5065 η’,
2579 4996 2631 5048 οἳ
2663 4993 2720 5049 δὲ
2742 5001 2809 5069 τῇ
2836 5001 2944 5052 τῶν
2977 4998 3562 5075 σπαθαροκανδιδάτων
3591 5004 3626 5072 ἤ
3652 5007 3852 5060 σπαθα-

2208 5082 2338 5156 ρίων
2367 5084 2673 5156 τιμώμενοι
2704 5084 2848 5155 ἀξίᾳ,
2880 5085 2976 5141 ἀνὰ
3003 5109 3051 5144 v.
3086 5089 3153 5158 ς’,
3185 5089 3236 5144 οἱ
3269 5087 3326 5145 δὶ
3353 5094 3420 5164 τῇ
3452 5096 3561 5148 τῶν
3611 5093 3842 5166 στρατόο

2207 5190 2316 5242 ρων
2349 5171 2384 5241 ἤ
2412 5171 2649 5243 ὑπάτων,
2673 5172 2707 5241 ἤ
2732 5170 3066 5231 κανδιδάτων
3086 5173 3124 5246 ἤ
3146 5174 3564 5255 μανδατόρων,ἤ
3589 5182 3841 5257 βεστητό-

2211 5278 2340 5334 ρων,
2372 5257 2407 5330 ἤ
2441 5261 2839 5338 σιλεντιαρίων,
2872 5264 2906 5334 ἢ
2941 5265 3045 5320 ἀπὸ
3072 5263 3328 5343 ὶπάρχων
3357 5271 3660 5344 τιμώμενοι
3699 5270 3841 5341 ἀξίᾳ,

1514 5421 1716 5478 JOAN.
1755 5421 1881 5478 JAC
1919 5423 2168 5484 REISKII
2207 5429 2800 5490 COMMENTARIUS.

443 5589 752 5713 ϐἔβὲεεί.
804 5590 980 5659 idem,
1032 5591 1130 5662 qui
1185 5591 1212 5644 6
1257 5591 1431 5648 ἆπάνω
1479 5599 1575 5650 τοῦ
1622 5594 1972 5671 ἀρμαμέντου

2040 5605 2397 5659 memoratus
2462 5604 2804 5678 Theophani
2870 5627 2927 5681 p,
2990 5610 3133 5679 249;
3167 5611 3276 5671 vid.
3322 5614 3398 5671 Du
3429 5613 3626 5689 Cange
3657 5617 3837 5674 Glou.
