4088 6300
399 388 546 456 M21

1267 396 1369 459 DE
1410 397 1868 462 CERIMONIIS
1911 399 2142 462 AULIE
2183 400 2660 466 BYZANTINIE
2703 406 2850 469 LIB.
2895 408 2972 472 II.

3635 413 3791 477 1422

399 527 697 602 παρέχουσι
727 525 820 581 καὶ
849 524 1001 582 αὑτοὶ
1049 526 1326 601 νομίσμ...
1375 530 1634 594 ὡσαύτως
1675 532 1768 587 καὶ
1811 530 2034 587 ἐπὶτῶν

2162 533 2714 604 ipatharocandidati
2745 544 2799 596 et
2850 542 3130 614 spatharii
3177 560 3374 603 recens
3405 545 3537 604 facti
3568 564 3737 605 senos
3771 567 3788 617 ;

401 623 718 693 σεκρετικῶν
775 615 944 694 ἤγουν
977 619 1349 694 συγκλητικοῦ
1404 625 1724 696 τιμωμένου
1780 623 1946 680 αὑτοῦ
1993 623 2045 678 ἐν

394 708 714 780 ἀξιώμασιν,
746 707 953 766 δίδοται
1006 708 1056 780 ἐξ
1108 709 1332 766 ἑκάστου
1383 712 1558 768 αὐτῶν
1589 715 1811 769 κατὰτὸ
1842 714 2040 770 οῗκεῖον
2090 746 2091 749 η

399 798 635 872 ἀξίωμα,
668 801 720 854 οἱ
754 800 849 871 μὲν
880 804 949 874 τῇ
978 804 1087 855 τῶν
1120 800 1618 876 πρωτοσπαθαρίων
1647 803 1745 858 ἀνὰ
1802 826 1853 861 ν.
1887 805 1958 874 η’,
1992 806 2046 859 οἱ

397 885 455 943 δὲ
482 891 551 961 τῇ
579 893 689 943 τῶν
722 886 1300 964 σπαθαροκανδιδάτων
1346 891 1381 961 ἢ
1427 889 1740 965 σπαθαρίων
1772 893 1871 947 ἀνὰ
1900 915 1949 948 ν.
1977 894 2041 961 ς’,

397 978 450 1032 οἱ
481 974 538 1032 δὲ
567 982 635 1051 τῇ
665 982 774 1031 τῶν
807 978 1143 1053 στρατόρων,
1187 979 1223 1049 ἢ
1275 979 1512 1049 ὑπάτων,
1543 981 1578 1050 ἢ
1621 977 1974 1051 κανδιδάτων,
2006 980 2041 1050 ἢ

402 1064 777 1141 μανδατόρων,
810 1066 845 1136 ἢ
900 1067 1263 1143 βεστητόρων,
1310 1068 1346 1137 ἢ
1398 1068 1796 1145 σιλεντιαρίων,
1827 1069 1925 1125 ἀνὰ
1953 1092 2047 1126 νο-

401 1174 562 1225 μισμ.
596 1150 661 1222 δ’,
694 1152 945 1228 ἀπράτων
978 1152 1036 1210 δὲ
1085 1159 1405 1230 σεκρετικῶν
1432 1176 1760 1230 γινομένων,
1791 1157 1892 1235 ᾀνά
1922 1158 2042 1234 ν,γ’,

397 1243 449 1296 οἱ
500 1239 557 1297 δὲ
596 1246 702 1296 τῶν
746 1241 1040 1317 ταγμάτων
1086 1244 1176 1298 καὶ
1223 1248 1328 1298 τῶν
1375 1242 1637 1318 πλοΐμων
1664 1246 1890 1301 καὶτῶν
1920 1268 2045 1302 νου-

398 1330 578 1407 μέρων
609 1329 699 1386 καί
725 1331 952 1406 τειχέων
983 1332 1360 1403 τοποτηρηταὶ
1411 1334 1525 1406 ἅμα
1572 1340 1688 1396 τοῖς
1729 1334 2046 1411 χαρτουλα-

393 1420 535 1495 ρίοις
554 1421 733 1476 αὐτῶν
756 1420 920 1480 ἀναν.
945 1424 1009 1485 ς’.
1034 1423 1101 1480 Οἱ
1124 1419 1182 1477 δὲ
1204 1421 1392 1478 λοιποὶ
1425 1425 1620 1486 πάντες
1647 1423 1910 1498 ἄρχοντες
1932 1427 2045 1500 ἅμα

392 1515 514 1572 τοῖς
549 1508 859 1584 τριοοὺνοις
912 1511 1002 1565 καὶ
1063 1510 1332 1586 βικαρίοις
1388 1511 1489 1567 άνᾶ
1537 1512 1874 1587 νομίσματος
1906 1514 2042 1579 ένός.

394 1599 618 1658 Τούτων
674 1600 855 1657 τοίνυν
903 1598 1148 1657 ἀνέκαθεν
1216 1601 1622 1680 πλατικώτερον
1680 1603 2048 1681 εἰσενηνεγμέ-

395 1709 526 1757 νων,
559 1688 676 1743 νυνὶ
708 1686 767 1745 δὲ
797 1690 872 1752 ὡς
902 1691 1023 1745 οἷόν
1066 1711 1125 1746 τε
1176 1692 1242 1760 ἦν
1294 1696 1476 1770 σαφῶς
1507 1693 1596 1747 καὶ
1626 1691 1964 1756 εὐσυνόπτως
1994 1692 2046 1748 ἒν

394 1777 645 1851 ἔπιτόμῳ
703 1777 1150 1854 συνειλεγμένων,
1208 1781 1319 1856 χρὴ
1394 1787 1534 1852 τοῖς,
1595 1780 1711 1837 ὅσοι
1770 1784 1869 1852 τὴν
1921 1782 2044 1856 περὶ

2145 626 2424 680 stratores
2462 627 2752 699 consules,
2801 631 3113 701 candidati,
3166 636 3564 706 mandatores,
3614 638 3790 694 vesti-

2144 715 2321 777 tores,
2353 714 2683 780 silentiarii,
2707 719 3058 791 exprefecti,
3090 737 3292 779 recens
3326 725 3589 782 honorati
3617 744 3790 785 senos

2146 817 2381 873 quoque
2409 808 2987 881 praetentouisquis
3010 811 3307 868 secretalis
3334 818 3432 869 aut
3460 818 3792 873 senatorius

2145 889 2431 961 dignitate
2472 896 2725 965 quadam
2774 898 2946 953 fuerit
2984 899 3249 968 affectus,
3283 903 3385 957 dat
3435 920 3536 974 pro
3568 906 3793 961 ratione

2146 995 2264 1033 sua;
2297 981 2621 1053 dignitatis,
2648 990 2708 1041 ut
2731 988 2864 1042 facti
2889 990 3335 1059 protospatharii
3368 996 3634 1063 octonos;
3663 994 3791 1050 facti

2148 1071 2721 1140 spatharocandidati
2770 1083 2829 1133 et
2870 1079 3153 1151 spatharii
3203 1096 3411 1151 senos;
3462 1083 3596 1138 facti
3636 1088 3791 1140 stra-

2146 1163 2318 1226 tores,
2351 1164 2646 1231 consules,
2677 1168 2995 1235 candidati,
3036 1172 3432 1239 mandatores,
3461 1173 3791 1241 vestitores,

2147 1246 2475 1317 silentiarii,
2491 1256 2938 1322 quaternos.Qui
2967 1256 3259 1313 honorarii
3287 1258 3438 1314 ﬁunt
3457 1260 3791 1329 secretales,

2147 1334 2288 1391 dant
2320 1343 2533 1394 ternos.
2566 1340 2915 1411 Tagmatum
2950 1359 3050 1400 seu
3083 1346 3574 1417 prtesidiariorum
3611 1349 3791 1404 urba-

2149 1437 2381 1493 norum,
2413 1428 2470 1479 et
2499 1425 2703 1495 ploimi
2730 1444 2834 1484 seu
2868 1428 3302 1488 classiariorum
3336 1438 3393 1490 et
3414 1451 3791 1493 numerorum

2147 1520 2202 1567 et
2230 1520 2551 1569 castrorum
2590 1518 2924 1588 topotereta
2956 1519 3041 1577 vel
3084 1520 3275 1578 locum
3321 1529 3579 1581 tenentes
3609 1529 3666 1582 et
3702 1541 3795 1581 eo-

2149 1601 2421 1657 rumdem
2469 1604 2731 1660 omnium
2768 1605 3107 1665 chartularii
3138 1610 3280 1666 dant
3328 1627 3524 1668 senos.
3562 1613 3794 1685 Reliqui

2150 1704 2350 1744 omnes
2382 1690 2861 1762 magistratus,ut
2880 1699 2935 1750 et
2957 1695 3176 1752 tribuni
3210 1703 3385 1770 atque
3415 1699 3636 1766 vicarii,
3656 1700 3795 1756 dant

2150 1776 2415 1847 singulos
2447 1782 2909 1836 nummos.Hanc
2931 1782 3127 1854 itaque
3157 1789 3421 1842 veterum
3442 1787 3791 1858 farraginem

396 1866 606 1922 τούτων
682 1865 943 1946 φροντίδα
1017 1868 1106 1923 καὶ
1181 1867 1475 1943 ὑπηρεσίαν
1534 1870 1859 1940 πεποίηνται
1913 1874 2049 1928 κατὰ

2162 1865 2476 1923 Fusiuscule
2490 1869 2763 1924 traditam
2780 1886 2937 1926 nunc
2958 1878 3245 1943 quantum
3263 1876 3390 1945 ejus
3412 1875 3532 1932 ﬁeri
3551 1881 3815 1947 poterat,

390 1957 491 2025 τήν
542 1955 906 2030 προκειμένην
958 1954 1341 2028 διδασκαλίαν,
1393 1959 1483 2014 καὶ
1539 1960 1663 2035 περὶ
1725 1966 1833 2016 τῶν
1881 1963 2047 2036 βασι-

395 2043 566 2100 λικῶν
602 2043 952 2121 κλητωρίων,
1002 2048 1095 2102 καὶ
1141 2048 1264 2123 περῖ
1311 2052 1420 2102 τῶν
1471 2047 1772 2122 διανομῶν,
1803 2048 1863 2106 ἐκ
1891 2047 2051 2123 τοῦδι

395 2139 493 2190 τοῦ
550 2137 805 2190 τακτικοῦ
864 2135 1323 2212 παραγγέλματος
1383 2136 1459 2201 ὡς
1521 2137 1626 2193 ἀπὸ
1684 2139 1929 2207 κανόνος,
1988 2140 2048 2210 ἢ,

395 2221 458 2278 τό
507 2243 571 2300 γε
614 2221 999 2298 ἀληθέστερον,
1049 2224 1124 2287 ὡς
1176 2225 1236 2280 ἐκ
1280 2229 1378 2280 τοῦ
1430 2224 1719 2300 βασιλικοῦ
1751 2227 2051 2302 θεσπίσμα-

399 2332 513 2380 τος,
586 2305 1011 2389 ἆναμφισϐήτως
1075 2312 1333 2388 ἐνεργεῖν.
1395 2311 1544 2369 Ἔδει
1598 2315 1692 2387 μὲν
1742 2318 1890 2389 ἡμᾶς
1936 2321 2050 2378 τοῖς

398 2401 770 2475 συνταχθεῖσιν
824 2399 948 2475 περὶ
1005 2398 1279 2476 καθεδρῶν
1338 2401 1529 2478 λόγοις
1586 2404 1674 2458 καὶ
1738 2402 1904 2474 τήνδε
1948 2406 2048 2475 τὴν

393 2493 505 2545 τῶν
537 2491 823 2561 ἱερατικῶν
876 2490 1202 2565 ἐπισυνάψαι
1248 2492 1421 2563 τάξιν,
1472 2492 1546 2555 ὡς
1603 2492 1695 2547 ac;
1745 2491 1958 2568 μᾶλλον
1985 2496 2052 2550 τά

394 2573 656 2654 πρεσϐεῖα
702 2583 800 2645 τῆς
849 2578 1282 2652 πρωτοκλησίας
1332 2583 1595 2659 φέρουσαν
1646 2584 1710 2640 ¹⁵.
1761 2580 1917 2640 Ἀλλ’
1960 2584 2052 2639 ἳνα

403 2670 480 2742 μή
531 2688 616 2730 τις
662 2669 824 2744 κόρος
884 2667 1056 2743 λόγου
1115 2676 1233 2733 τοῖς
1292 2671 1749 2744 ἀναγινώσκουσιν
1798 2678 2050 2748 περιστῇ,

403 2756 492 2812 καὶ
523 2759 559 2826 ἡ
590 2756 927 2831 συγκλητική
976 2759 1125 2831 τάξις
1178 2760 1270 2814 σὺν
1317 2764 1387 2835 τῇ
1433 2761 1680 2835 ἱερατικῇ
1730 2763 2054 2839 συναφθεῖσα

407 2845 660 2924 ἀσάφειαν
689 2851 808 2909 τοῖς
859 2846 1229 2922 εἰσαγομένοις
1279 2847 1370 2904 διὰ
1414 2853 1519 2904 τῶν
1571 2850 1855 2923 ὀνομάτων
1885 2853 2053 2921 ποιή-

406 2955 496 3009 σῃ,
528 2935 728 3005 ταύτην
771 2941 1014 2999 τυπικῶς
1067 2939 1163 3010 μὲν
1213 2935 1322 3009 ἤδη
1373 2936 1462 2993 ἐπὶ
1506 2942 1607 3004 τῆς
1639 2939 1685 2975 1⁵
1712 2939 1911 3010 τάξεως
1938 2941 2053 3014 (22)

402 3028 512 3080 τῶν
567 3024 903 3100 μαγίστρων,
934 3027 1261 3102 πατρικίων,
1309 3029 1684 3103 πραιποσίτων
1726 3028 1816 3082 καὶ
1866 3048 2054 3102 στρατ-

404 3116 552 3189 ηγῶν
610 3115 1087 3188 προεσημάναμεν.
1161 3116 1289 3170 Νυνὶ
1365 3113 1422 3171 δὲ
1492 3123 1594 3185 τῆς
1664 3116 1787 3191 περὶ
1842 3117 2050 3172 τούτων

403 3200 796 3274 κυριοκλησίας
849 3202 941 3257 καὶ
988 3200 1466 3278 πρωτοκαθεδρίας
1514 3207 1621 3259 τῶν
1666 3224 1725 3259 τε
1771 3202 2053 3280 ἐπαρχιῶν

403 3265 495 3341 καὶ
530 3265 979 3361 μητροπολιτῶν,
1028 3265 1474 3363 ἆρχιεπισκόπων
1522 3265 2053 3370 αὑτοκεφάλωνηί23)
2083 3265 2135 3332 C

399 3375 489 3429 καὶ
520 3373 829 3430 ἐπισκόπων
869 3375 1319 3449 ὑποτεταγμένων
1366 3378 1468 3445 τὴν
1527 3378 1873 3452 ἁρμόζουσαν
1905 3381 2054 3450 τάξιν

402 3461 621 3526 εἰδικῶς
668 3460 956 3536 ἐμφανίσαι
1009 3461 1365 3537 βουλόμενοι,
1419 3463 1625 3535 εἰδικήν
1674 3484 1793 3518 τινα
1834 3464 1924 3518 καὶ
1953 3465 2056 3531 τὴν

406 3550 783 3628 πραγματείαν
813 3551 1123 3626 συγγράψαι
1156 3554 1642 3627 προεθυμήθημεν.
1674 3552 1755 3610 Τὰ
1783 3552 1889 3630 γὰρ
1920 3549 2058 3607 εἰδι-

408 3646 516 3704 κῶς
559 3640 730 3703 ὄντως
762 3639 1031 3716 λεγόμενα
1078 3648 1217 3720 σαφῆ
1269 3642 1368 3710 τήν
1417 3638 1766 3697 διδασκαλίαν
1803 3641 2057 3716 παρέχει·

405 3730 474 3786 τᾶ
505 3727 563 3786 δέ
592 3751 709 3793 πως
739 3731 795 3785 έν
826 3729 1103 3805 συζυγίαις
1147 3728 1496 3807 πεπλεγμένα
1538 3730 1792 3811 ἀσάφειαν
1838 3728 2056 3785 πολλά·

408 3839 494 3882 κις
514 3823 629 3880 τοῖς
650 3817 1039 3899 ἐντυγχάνουσι
1063 3820 1327 3893 προξενεῖ.
1353 3820 1447 3875 Διὸ
1468 3820 1588 3874 καθ’
1609 3819 1691 3895 sip
1700 3821 1798 3893 μὸν
1831 3819 2060 3889 ἑκάστης

410 3908 677 3983 ἐπαρχίας
707 3909 804 3971 τὰς
838 3907 1212 3982 μητροπόλεις
1261 3908 1565 3982 ἑκθέμενοι,
1592 3913 1673 3981 τῷ
1710 3908 1916 3981 ἑκάστῳ
1949 3929 2060 3981 μη-

410 3995 711 4072 τροπολίτῃ
740 3997 1041 4072 ἁρμόζοντι
1088 3996 1242 4069 τόπῳ
1283 4003 1383 4066 τῆς
1410 3995 1673 4072 καθέδρας
1706 3993 2061 4074 διεστιχήσα-

415 4104 533 4157 μεν,
565 4083 655 4138 καὶ
686 4084 782 4147 εἶθ’
813 4083 985 4146 οὕτως
1009 4085 1105 4146 τὰς
1134 4088 1241 4139 τῶν
1280 4084 1669 4159 αὑτοκεφάλων
1700 4083 2060 4159 ἀρχιεπισκὸ-

410 4193 527 4228 πων
560 4173 694 4227 κατὰ
724 4173 871 4246 τάξιν
905 4170 1152 4246 δευτέραν
1174 4172 1339 4228 οὖσαν
1361 4174 1466 4228 ἀπὸ
1488 4177 1597 4229 τῶν
1631 4173 2057 4248 μητροπολιτῶν

410 4260 710 4334 έξεθέμεθα,
771 4262 905 4335 μετᾶ
953 4258 1012 4316 δὲ
1056 4261 1272 4323 τούτοις
1321 4265 1388 4335 τῇ
1447 4262 1645 4337 ἑκάστῃ
1694 4261 1932 4338 ἐπαρχίᾳ
1968 4261 2059 4318 καὶ

412 4349 748 4426 μητροπόλει
818 4349 1252 4423 ὑποτεταγμένας
1330 4348 1522 4413 πόλεις
1594 4350 1686 4406 καὶ
1762 4349 2062 4414 ἐπισκοπᾶς

408 4436 790 4513 ἐδηλώσαμεν,
822 4438 921 4494 οὐκ
951 4438 1011 4494 ἐκ
1055 4443 1164 4494 τῶν
1220 4439 1338 4494 καθ’
1394 4441 1542 4513 ἡμᾶς
1589 4438 2058 4517 κλητωρολογίων

415 4528 579 4601 μόνον
605 4527 701 4592 τὰς
729 4528 981 4604 ἀφορμὰς
1028 4523 1413 4601 έκλαϐόμενοι,
1445 4527 1591 4584 ἄλλά
1636 4549 1700 4604 γε
1742 4527 1832 4584 καὶ
1863 4527 1922 4584 ἐκ
1949 4532 2059 4583 τῶν

2157 1954 2405 2011 maxime
2422 1958 2728 2030 perspicue
2745 1964 2800 2014 et
2819 1960 2879 2015 in
2911 1977 3028 2016 uno
3053 1961 3207 2017 brevi
3240 1973 3552 2036 conspectu
3577 1981 3611 2019 a
3629 1966 3795 2022 nobis

2157 2046 2515 2115 propositam
2548 2053 2739 2102 tenere
2786 2053 3031 2119 oportet,
3072 2050 3227 2106 σου
3266 2057 3553 2123 quotquot
3600 2068 3664 2109 ea
3695 2071 3797 2113 cu-

2157 2149 2285 2189 rare
2314 2142 2486 2204 atque
2514 2139 2764 2191 tractare
2795 2153 3031 2194 necesse
3050 2138 3288 2211 habent,
3323 2142 3797 2214 propositumque

2157 2222 2481 2279 doctrinam
2512 2228 2630 2280 tam
2662 2223 2733 2281 de
2758 2226 2937 2282 sacris
2987 2229 3284 2293 conviviis,
3314 2245 3491 2302 quam
3523 2231 3594 2286 de
3620 2231 3795 2304 largi-

2156 2313 2379 2369 tionum
2401 2314 2810 2371 distributione
2832 2319 3455 2389 reputare,secundum
3479 2337 3677 2393 quem,
3694 2325 3799 2377 aut

2158 2402 2375 2457 rectius
2406 2404 2620 2468 dicam,
2653 2406 2976 2461 secundum
3007 2407 3374 2479 imperatoris
3392 2409 3646 2465 edictum
3687 2409 3795 2481 (uti

2157 2506 2352 2546 revera
2381 2492 2492 2564 est)
2516 2492 2735 2564 absque
2761 2492 2878 2550 ulla
2906 2494 3270 2553 haesitatione
3301 2502 3404 2552 aut
3431 2497 3797 2569 oppositione

2158 2593 2328 2650 agere
2359 2596 2464 2650 par
2508 2585 2615 2637 est.
2656 2581 2788 2637 Jam
2834 2582 3224 2639 debueramus
3270 2583 3406 2640 huic
3455 2585 3527 2640 de
3564 2585 3799 2642 sedibus

2157 2668 2245 2722 vel
2279 2668 2682 2739 precedentiis
2703 2669 3057 2739 dignitatum
3089 2671 3416 2728 tractationi
3439 2671 3613 2729 etiam
3636 2673 3799 2729 ordi-

2159 2771 2304 2811 num
2337 2755 2762 2826 pontiﬁcalium
2784 2758 3225 2829 dispositionem
3248 2760 3463 2830 ubique
3480 2761 3796 2829 addidisse,

2162 2848 2362 2915 utpote
2384 2860 2496 2914 prae
2525 2844 2655 2900 aliis
2688 2846 2964 2902 honorem
2996 2847 3338 2919 protoclisite
3360 2864 3463 2904 seu
3478 2850 3801 2919 prasessio-

2161 2932 2253 2987 nis
2282 2932 2607 2989 ferentium.
2659 2933 2877 2990 Verum
2917 2951 2991 2991 ne
3030 2936 3246 2992 obruto
3284 2952 3478 2992 rerum
3511 2936 3675 3008 capia
3705 2955 3799 2993 sa-

2162 3021 2333 3077 tietas
2362 3023 2663 3091 obreperet
2696 3022 2916 3090 lectori,
2935 3028 2993 3079 et
3013 3025 3295 3080 senatoris
3311 3025 3601 3081 ordinatio
3623 3030 3799 3098 atque

2162 3109 2467 3181 dispositio
2496 3125 2631 3167 cum
2654 3111 2999 3167 sacerdotali
3027 3113 3338 3168 commista
3358 3121 3571 3169 crearet
3594 3117 3804 3170 docen-

2162 3199 2252 3254 dis
2284 3197 2540 3268 aliquam
2574 3200 2989 3255 obscuritatem
3028 3200 3102 3256 ab
3132 3201 3435 3257 nominum
3468 3202 3798 3258 multitudi-

2164 3302 2295 3343 nem
2329 3303 2344 3342 :
2377 3285 2836 3357 signiﬁcavimus
2856 3287 3085 3358 quidem
3110 3289 3233 3358 jam
3261 3289 3319 3343 in
3342 3291 3802 3360 praecedentibus

2165 3375 2375 3428 harum
2408 3389 2603 3429 rerum
2635 3375 2903 3446 quaedam
2934 3376 3301 3447 generaliter,
3333 3378 3691 3436 mentionem
3713 3396 3803 3435 or-

2166 3461 2319 3515 dinis
2362 3462 2801 3532 magistrorum,
2848 3465 3245 3533 patriciorum,
3279 3469 3713 3539 praepositorum
3744 3474 3805 3525 et

2166 3553 2553 3619 strategorum
2586 3548 2861 3604 facientes
2894 3567 2909 3604 :
2943 3565 3099 3606 nunc
3126 3558 3320 3609 autem
3349 3556 3585 3612 animus
3614 3562 3704 3613 est
3731 3557 3804 3613 de

2165 3636 2607 3693 sacerdotalium
2622 3637 2969 3707 dignitatum
2988 3639 3235 3711 propriis
3250 3642 3539 3715 cujusque
3551 3644 3805 3716 appella-

2165 3726 2422 3781 tionibus
2453 3730 2510 3780 et
2542 3726 3020 3797 praesessionihus
3070 3728 3551 3802 patriarcharum,
3585 3739 3805 3789 metro-

2168 3814 2508 3886 politarum,
2547 3814 3118 3887 archiepiscoporum
3169 3820 3683 3892 autocephalorum
3715 3822 3800 3878 vel

2166 3903 2681 3976 independentium
2723 3909 2780 3959 et
2826 3904 3197 3961 subditorum
3239 3906 3357 3963 illis
3395 3910 3803 3981 episcoporum

2167 3991 2478 4065 specialem
2521 3992 2833 4063 quamdam
2878 3992 3126 4064 opellam
3167 3996 3471 4052 conﬁcere.
3520 3998 3810 4069 Speciales

2167 4083 2324 4138 enim
2341 4081 2484 4137 tales
2496 4089 2552 4138 et
2570 4081 2874 4136 abstractas
2900 4083 3267 4139 tractationes
3294 4092 3573 4156 prmstant
3593 4087 3812 4158 perspi-

2170 4186 2338 4228 cuam
2363 4169 2711 4225 doctrinam.
2729 4169 2848 4225 Sim
2860 4169 3092 4226 ultanea
3116 4187 3248 4227 vero
3273 4172 3346 4228 de
3375 4173 3621 4231 diversis
3642 4190 3812 4247 argu-

2170 4258 2386 4317 mentis
2409 4262 2469 4314 et
2497 4259 2661 4331 ειυδεὶ
2693 4257 3005 4330 conjugata
3035 4265 3208 4331 atque
3236 4266 3506 4318 contexta
3524 4262 3809 4333 expositio

2169 4348 2316 4406 solet
2365 4347 2679 4404 lectoribus
2728 4346 3133 4404 obscuritatem
3176 4348 3448 4420 objicere.
3498 4350 3810 4422 Propterea

2170 4437 2589 4502 recensuimus,
2629 4436 2813 4491 secuti
2844 4437 3054 4492 seriem
3085 4441 3144 4493 et
3172 4438 3650 4510 consequentiam
3682 4440 3808 4494 sin-

2169 4525 2437 4599 gularum
2487 4522 2891 4594 eparchiarum
2941 4540 3042 4580 seu
3091 4526 3561 4595 prmfecturarum
3594 4532 3807 4583 metro-

408 4619 508 4671 τοῦ
565 4615 846 4671 θεσπεσίου
906 4617 1232 4694 Ἐπιφανίου
1282 4621 1380 4673 τοῦ
1453 4614 1888 4693 ἄρχιεπισκόπου
1944 4618 2054 4675 Κύ-

2162 4616 2324 4690 poles
2379 4628 2479 4669 seu
2528 4611 2807 4683 capitales
2846 4612 3139 4684 cujusque
3197 4614 3551 4686 prefecturas
3606 4616 3805 4686 urbes,

406 4724 548 4781 πρου
600 4706 714 4780 (24)
774 4712 1092 4785 συγγραφῆς
1147 4706 1215 4761 τὰ
1272 4704 1504 4762 πλεῖστα
1548 4704 1934 4780 ἀναλεξάμενοι
1978 4704 2056 4761 ἵν’

2164 4720 2343 4777 eaque
2429 4699 2652 4758 ratione
2742 4700 3052 4758 discretam
3135 4702 3348 4775 cuique
3428 4704 3804 4777 metropolitm

1757 4824 1999 4882 VARle
2028 4820 2397 4882 LETIONES.

488 4939 830 5020 isfieougav
857 4957 973 5020 em.
1004 4941 1396 5020 ειη-φερούσης
1426 4943 1551 5000 cod.
1585 4947 1643 4999 et
1686 4944 1779 5000 ed.
1856 4942 1903 4978 ¹⁶
1949 4943 2046 4999 Sic

2170 4983 2186 5010 ,
2235 4936 2475 5007 τοπηκὸς
2509 4934 2603 5006 μὶν
2650 4929 2769 5004 εἷ’δη
2800 4934 2907 4989 ἀπὸ
2932 4940 3033 5004 τῆς
3063 4936 3189 4993 cod.
3221 4943 3276 4994 et
3302 4937 3394 4994 ed.
3473 4938 3517 4975 ¹²
3542 4933 3618 4990 ἵν’
3648 4935 3808 5009 ὑμεῖς

409 5011 501 5082 R.,
532 5008 599 5079 ἤν
632 5011 786 5084 ὑμεῖς
816 5014 945 5070 cod.
977 5016 1035 5070 et
1062 5008 1155 5071 ed'.

1453 5130 1655 5188 JOAN.
1692 5130 1831 5187 JAC.
1880 5129 2146 5187 REISKII
2184 5121 2777 5186 COMMENTARIUS.

489 5232 767 5308 (22)»Baec
803 5235 985 5308 verba
1034 5235 1118 5290 sic
1143 5306 1150 5308 _
1180 5235 1431 5308 legenda
1474 5252 1620 5306 esse,
1653 5236 1887 5308 quain
1945 5236 2077 5308 ipso

417 5306 579 5376 textu
602 5306 701 5376 ita
725 5305 990 5376 exhibui,
1022 5312 1087 5362 ut
1138 5306 1196 5362 in
1230 5305 1587 5364 membranis
1620 5305 1838 5373 inveni,
1868 5305 2074 5376 liquet.

416 5374 477 5432 Si
509 5375 648 5446 quis
679 5374 784 5430 ἀπό
818 5377 1067 5433 retinere
1118 5379 1304 5447 malit,
1354 5394 1529 5433 sensu
1579 5381 1722 5445 post,
1752 5395 1868 5434 non
1898 5374 2072 5435 inter-

412 5447 1004 5519 cedamtOpponitur
1030 5451 1277 5509 τυπικῶς
1323 5450 1588 5517 sequenti
1621 5447 1858 5512 εἰδικῶς.

492 5517 607 5593 (23)
641 5517 721 5574 De
750 5517 1155 5593 agutocephalis
1200 5537 1303 5593 seu
1354 5521 1640 5593 episcopis
1682 5538 1714 5576 a
1746 5519 2077 5593 patriarcha

422 5603 536 5645 non
565 5590 1061 5664 dependentibus,
1090 5591 1205 5648 vid.
1226 5591 1344 5664 ADu
1385 5590 1576 5664 Cangé
1606 5592 1666 5648 in
1694 5590 1883 5649 Gloss.
1916 5596 2076 5648 utro-

422 5673 535 5732 que
565 5658 629 5715 h.
649 5658 748 5731 'v.,
779 5666 836 5719 et
857 5662 1167 5746 Nicephor.
1212 5658 1660 5792 (ξι-θεον.

497 5728 611 5792 (24)
648 5732 851 5790 Procul
902 5734 1082 5791 dubio
1132 5749 1413 5792 seniorem
1509 5734 1660 5792 niuh:

497 5728 611 5806 (24)
648 5728 851 5790 Ρι-οουι
902 5728 1082 5791 dubio
1132 5728 1413 5792 καίοι-ἕω
1461 5728 1877 5811 Epiphanium,
1917 5737 2074 5791 Con-

2186 5231 2414 5290 stantiae
2442 5246 2542 5302 seu
2573 5227 3186 5302 Salamiuis_inCypro
3207 5230 3672 5302 episcopum,qui
3695 5248 3818 5288 me-

2184 5306 2279 5359 dio
2305 5300 2517 5358 saeculo
2549 5317 2600 5356 1v
2625 5300 2851 5371 ﬂoruit,
2878 5299 3162 5371 designat,
3193 5299 3263 5355 de
3294 5299 3546 5371 quo'm'd.
3572 5302 3819 5360 Fabricii

2185 5375 2331 5431 Bibl.
2365 5374 2534 5444 Gr._t.
2569 5371 2684 5433 VII,
2718 5385 2774 5439 p.
2816 5370 2952 5444 7427,
3001 5370 3096 5435 Eat
3131 5371 3286 5444 enim
3316 5370 3524 5444 'junior
3564 5389 3817 5444 quoque.

2185 5447 2293 5503 Sed
2317 5445 2389 5498 de
2419 5442 2515 5514 hic
2545 5443 2867 5514 memorata
2886 5441 3012 5510 ejus
3034 5442 3243 5514 notitia
3271 5441 3498 5498 aedium
3522 5441 3821 5514 episcopa-

2185 5519 2330 5573 lium
2355 5512 2558 5568 nullibi
2593 5509 3180 5583 quidquam’reperio,
3221 5515 3490 5583 quamvis
3520 5509 3815 5582 improba.

2186 5588 2300 5645 bile
2333 5600 2447 5640 non
2494 5582 2592 5655 sit,
2641 5582 2846 5636 saeculo
2902 5582 3144 5655 1v,’jam
3173 5582 3709 5655 su’bordinationem
3759 5590 3817 5641 et

2189 5656 2451 5716 notitiam
2484 5652 2905 5728 episcoporum
2919 5652 3036 5728 per
3049 5659 3231 5710 totum
3257 5654 3451 5712 orbem
3482 5659 3810 5712 Romanum

2184 5722 2608 5790 institutumst
2634 5722 2845 5780 editam
2878 5722 3078 5780 fuisse.
3212 5756 3217 5757 κ
3719 5732 3721 5735 '
