4080 6300
318 413 469 474 14-29

304 632 550 703 Νύσσης,
601 635 692 689 τὸν
743 639 1184 712 Μασχακομέων,
1235 644 1327 697 τὸν
1381 646 1822 720 μητροπολιτήν,
1867 650 1957 703 τὸν

304 721 576 794 Βάρέτων,
610 725 700 777 τὸν
734 728 1050 801 Μαγνησίας
1100 731 1190 784 καὶ
1242 731 1529 801 Ἀνηλίου,
1589 737 1680 790 τὸν
1733 738 1960 806 ’Λνηνά-

301 831 412 864 των
460 811 552 864 τὸν
604 812 894 888 Περγάμου
953 820 1092 888 (42),
1145 820 1235 873 τὸν
1291 821 1574 894 Προήλης,
1618 826 1707 879 τὸν
1765 827 1955 897 Ἀρκα-

307 895 672 969 διουπὸλεως,
721 903 813 956 τὸν
865 903 1019 968 ἀνέας
1064 906 1254 976 Αὓλης
1313 913 1447 981 (43),
1497 914 1586 966 τὸν
1637 913 1759 975 Διὸς
1790 895 1960 986 ἱεροῦ,

305 987 398 1042 τὸν
441 990 720 1064 Αὐγάζων,
768 993 860 1046 τὸν
912 999 1078 1064 Σιῶν,
1127 998 1216 1051 τὸν
1270 999 1628 1077 Κολοφώνης,
1671 1003 1763 1057 τὸν
1797 999 1962 1057 Λεϐέ-

311 1073 430 1147 δου,
463 1080 554 1134 τὸν
585 1079 744 1149 Τέου,
773 1082 864 1136 τὸν
894 1084 1188 1158 Ἐρυθρῶν,
1213 1088 1305 1142 τὸν
1336 1073 1800 1162 Έκλυζομενινῶν
1824 1097 1958 1166 (44),

308 1166 400 1220 τὸν
450 1167 800 1242 ’Δντάνδρου,
849 1172 943 1226 τὸν
993 1172 1508 1241 Θεοδοσιουπόλεως
1538 1183 1653 1252 (45)
1704 1183 1961 1254 Περπερίο

309 1277 430 1328 νης,
477 1258 568 1312 τὸν
612 1259 825 1332 Κύμης,
872 1262 965 1316 τὸν
1015 1263 1500 1330 Παλαιουπύλεως.
1550 1271 1827 1348 Ἐπαρχία
1859 1273 1960 1328 Εὐ-

308 1346 502 1433 ρώπης
559 1347 794 1422 Θρᾲκης,
859 1351 1204 1425 μητρόπολις
1269 1355 1614 1429 Ἡρακλείας,
1681 1346 1798 1433 ἔχει
1867 1360 1954 1414 ὑπ’

303 1432 472 1502 αὐτὴν
513 1434 703 1498 πόλεις
732 1437 856 1506 ἤτοι
887 1437 1216 1504 ἐπισκόπους
1248 1445 1305 1510 ε’,
1339 1446 1459 1498 οἷον
1487 1447 1578 1499 τὸν
1608 1450 1706 1500 τοῦ
1738 1447 1953 1518 Πανίου,

299 1523 394 1577 τὸν
445 1523 802 1587 Καλιπόλεως
849 1530 984 1601 (46),
1032 1529 1124 1584 τὸν
1170 1534 1496 1606 Χερωνήσου
1537 1535 1671 1606 (47),
1712 1535 1803 1588 τὸν
1846 1535 1956 1592 Κύ-

301 1610 424 1680 λας,
480 1614 570 1668 τὸν
633 1613 963 1673 Ῥαιδεστοῦ.
1040 1622 1316 1696 Ἐπαρχία
1386 1622 1654 1684 Γαλατίας
1713 1625 1950 1699 Θρᾴκης,

306 1701 650 1776 μητρόπολις
706 1705 1000 1781 Ἀγκύρας,
1060 1704 1178 1784 ἔχει
1236 1709 1430 1772 πόλεις
1481 1710 1948 1781 ὑπἀὖτήν,ἤτοι

301 1787 651 1862 ἔπισκόπους,
698 1796 758 1863 ζ“,
809 1796 922 1850 οἷον
969 1797 1061 1851 τὸν
1109 1794 1308 1862 Ταόίας
1350 1802 1480 1872 (48),
1529 1802 1622 1856 τὸν
1649 1800 1949 1857 Ἡλιουπό-

297 1879 462 1948 λεως,
511 1881 602 1936 τὸν
649 1883 943 1955 Ἀσπόνης,
993 1885 1084 1940 τὸν
1137 1887 1629 1960 Βηρυνουπόλεως,
1662 1891 1752 1944 τὸν
1792 1892 1947 1960 Μνή-

295 1972 388 2035 ζου
443 1970 578 2042 (49),
638 1972 729 2026 τὸν
778 1973 976 2044 Κίνης,
1023 1975 1114 2030 τὸν
1167 1977 1757 2040 Ἀναστασιουπόλεως.
1817 1980 1946 2034 Ἐπ-

291 2056 460 2131 αρχία
487 2057 922 2130 Ἑλλησπόντου,
951 2063 1298 2137 μητρόπολις
1324 2067 1583 2138 Κυζίκου,
1606 2065 1723 2141 ἔχει
1754 2066 1947 2130 πόλεις

294 2145 386 2200 ὑπ’
415 2145 606 2215 αὐτὴν,
637 2146 762 2218 ἤτοι
791 2149 1148 2224 ἒπισκόπουτ,
1184 2153 1273 2227 ιβ’,
1313 2156 1430 2208 οἷον
1460 2155 1551 2209 τὸν
1594 2154 1828 2228 Γὲρμης,
1858 2155 1949 2210 τὸν

293 2241 626 2310 Πημανήνου
674 2244 812 2314 (50),
859 2244 951 2297 τὸν
1002 2245 1193 2314 Ὠκης,
1241 2246 1333 2300 τὸν
1397 2242 1752 2322 Σασαϐαρέως
1809 2250 1944 2319 (51),

290 2327 387 2381 τὸν
441 2325 730 2398 Ἀδριανοῦ
788 2332 995 2405 θηρῶν,
1039 2332 1130 2387 τὸν
1179 2333 1504 2408 Λαμψάκου,
1557 2337 1648 2390 τὸν
1691 2330 1946 2405 Ἀϐύδου,

289 2416 382 2470 τὸν
437 2414 728 2490 Δαρδάνου,
785 2420 876 2474 τὸν
933 2419 1128 2476 Ἠλίου
1186 2425 1318 2494 (52),
1378 2424 1469 2478 τὸν
1533 2423 1798 2499 Τροάδος,
1853 2427 1946 2482 τὸν

291 2503 552 2574 Πιωνίας,
597 2507 688 2561 τὸν
732 2506 1222 2577 Μελιτουπόλεως.Δ
1273 2511 1546 2588 Ἐπαρχία
1587 2509 1806 2581 Λυδίας,
1841 2537 1946 2587 μη-

288 2593 554 2670 τρόπολις
577 2594 846 2671 Σάρδεων,
877 2597 994 2677 ἔχει
1018 2600 1106 2654 ὑπ’
1128 2599 1294 2669 αὐτὴν
1321 2599 1534 2670 πόλεις,
1565 2598 1688 2670 ἤτοι
1720 2600 1943 2659 ἒπισκό-

287 2703 447 2753 πους,
477 2685 575 2751 κς“,
609 2687 725 2740 οἷον
773 2687 863 2741 τὸν
914 2684 1310 2766 Φιλαδέλφιον,
1339 2690 1432 2743 τὸν
1473 2685 1821 2764 Τριπὸλεως,
1852 2693 1943 2747 τὸν

288 2775 608 2848 Θυατήρων,
637 2774 729 2829 τὸν
760 2779 934 2830 Σετῶν
977 2778 1113 2847 (53),
1144 2778 1234 2832 τὸν
1284 2778 1817 2853 Αύρηλιουπόλεως,
1849 2782 1940 2836 τὸν

286 2861 579 2924 Νακωλίας
611 2867 747 2937 (54),
778 2865 868 2919 τὸν
900 2869 998 2920 τοῦ
1029 2874 1170 2936 Δοκη
1185 2866 1331 2939 μίου,
1363 2867 1456 2921 τὸν
1491 2865 1789 2938 Μηδιαίου,
1811 2871 1942 2924 τὸν³

284 2951 465 3024 Ἲψου,
487 2953 576 3006 τὸν
597 2955 954 3028 ΙΙρομνήσου,
973 2956 1064 3009 τὸν
1080 2957 1268 3027 Μήρον
1289 2957 1382 3009 τὸν
1404 2953 1678 3026 Σιϐήνδου
1693 2961 1828 3028 (55),
1847 2959 1938 3014 τὸν

283 3035 640 3111 Πολυϐώτου,
688 3043 780 3097 τὸν
823 3044 1036 3121 φυτίας,
1068 3045 1158 3098 τὸν
1191 3044 1572 3118 Ἱεραπόλεως,
1604 3047 1695 3099 τὸν
1729 3045 1940 3120 Σύκαρ-

280 3129 405 3191 πίας
445 3132 579 3202 (50),
610 3131 701 3184 τὸν
747 3131 1046 3195 Λυσσιάδος
1093 3137 1229 3206 (57),
1277 3135 1370 3189 τὸν
1413 3134 1935 3210 Αὐγουστοπὸλεως,

1188 426 1290 484 DE
1334 427 1790 490 GElthONlIS
1833 429 2066 489 AUL/E
2109 432 2594 498 BYZANTINIE
2636 439 2787 498 LIB.
2834 438 2914 497 II.

309 544 580 638 Μυρίνης,
653 547 742 602 τὸν
821 551 1060 619 Φωκίας,
1125 553 1216 607 τὸν
1282 555 1806 630 Αὐρηλιουπόλεως,
1869 561 1930 614 τὸ

2072 565 2157 632 12,
2225 569 2504 637 Myrinis;
2557 571 2643 638 13,
2701 568 2954 624 Phocais
2999 585 3012 624 :

3560 443 3715 504 1430

3092 571 3179 638 14,
3237 572 3664 644 Aureliopoleos
3697 594 3711 643 ;

2076 653 2161 722 15,
2193 653 2392 724 Nysaee
2425 658 2552 726 ;16,
2603 657 3172 713 Maschacomeorum
3211 677 3226 725 ;
3278 659 3363 729 17,
3425 662 3710 734 Metropo-

2071 740 2190 796 leos
2220 761 2241 805 ,'
2274 746 2359 810 18,
2405 747 2735 801 Caretorum
2775 765 2789 812 ;
2841 746 2908 799 19
2945 748 3282 817 episcopum
3325 751 3625 812 Magnesia;
3656 756 3712 806 et

2070 833 2285 889 Anelii:
2317 836 2406 902 20,
2441 838 2864 902 Aninalorum;
2905 837 2995 902 21,
3059 838 3318 906 Pergami
3347 857 3361 905 ;
3389 839 3478 901 22,
3499 839 3711 895 Priona

2069 921 2157 982 23,
2216 927 2711 991 Arcadiopoleos;
2773 925 2864 991 24,
2924 924 3090 978 Nova:
3148 925 3339 993 aulas;
3425 927 3519 991 25,
3576 927 3713 984 Dios

2071 1007 2262 1077 Hieri;
2324 1015 2414 1072 26,
2473 1015 2879 1083 Augazorum;
2937 1015 3029 1077 27,
3090 1013 3359 1081 Siorum;
3408 1017 3501 1084 28,
3551 1015 3710 1071 Colo-

2070 1096 2327 1166 phonis;
2375 1102 2466 1165 29,
2531 1103 2765 1170 Lebedi;
2825 1104 2916 1172 30,
2971 1103 3122 1170 Tei;
3167 1104 3255 1170 31,
3291 1105 3704 1176 Erythrarum;

2065 1187 2154 1254 32,
2211 1186 2686 1244 Clazomenarum
2720 1208 2733 1257 ;
2772 1192 2862 1258 33,
2913 1193 3247 1261 Antandri;
3296 1194 3386 1258 34,
3434 1195 3702 1250 Theodo-

2066 1275 2372 1344 siopoleos,
2449 1277 2593 1332 alias
2643 1279 2964 1348 Perperine
3041 1280 3246 1349 dictis;
3315 1282 3406 1349 35,
3463 1283 3703 1353 Cyme;

2062 1364 2151 1427 36,
2202 1365 2607 1436 Palaaopoleos.
2670 1367 2731 1421 In
2783 1368 3056 1437 eparchia
3105 1375 3385 1441 Europam
3445 1371 3704 1427 Thracia

2063 1453 2238 1508 habet
2270 1456 2604 1525 metropolis
2635 1456 2924 1512 Heracleae
2965 1460 3073 1513 sub
3103 1475 3166 1514 se
3223 1462 3393 1516 urbes
3440 1469 3540 1518 aut
3583 1464 3704 1533 epi-

2061 1555 2268 1612 scopos
2299 1543 2558 1613 quinque
2590 1559 2604 1609 ;
2649 1545 2698 1610 1,
2736 1545 3072 1614 episcopum
3105 1547 3265 1601 Panii
3302 1566 3316 1613 ;
3346 1552 3401 1603 2.
3456 1550 3707 1621 Callipo-

2059 1627 2299 1698 leos;3,
2359 1631 2760 1686 Cbersonesif
2809 1633 2861 1700 4,
2893 1633 3041 1704 Cylaa
3085 1651 3100 1701 ;
3157 1635 3212 1698 5,
3269 1635 3577 1693 Rhaadesti.
3635 1643 3703 1694 In

2057 1718 2333 1788 eparchia
2387 1719 2625 1774 Galatiae
2689 1720 2863 1775 habet
2918 1722 3254 1792 metropolis
3308 1731 3546 1798 Ancyrae
3590 1727 3698 1782 sub

2057 1822 2116 1860 se
2146 1807 2316 1862 urbes
2341 1814 2444 1862 aut
2471 1809 2776 1880 episcopos
2811 1814 3032 1880 septem
3058 1827 3071 1878 ;
3108 1811 3158 1880 1,
3211 1813 3545 1885 episcopum
3577 1815 3696 1870 Ta-

1979 1936 2025 2001 Β
2055 1894 2162 1950 bis:
2190 1913 2204 1962 ;
2237 1896 2292 1963 2,
2329 1897 2686 1968 lleliopoleos
2721 1915 2733 1964 ;
2766 1898 2821 1963 3,
2855 1903 3138 1968 Asponaa;
3173 1900 3225 1966 4,
3269 1902 3692 1973 Berynopoleos

2056 1988 2181 2051 [seu
2215 1985 2645 2057 Verinopoleos]
2680 1989 2771 2053 ;5,
2807 1986 2995 2042 Minizi
3031 2003 3045 2054 ;
3095 1989 3148 2056 6,
3183 1989 3376 2044 Cinna:
3403 1991 3492 2057 ;7,
3536 1995 3694 2047 Ana-

2059 2073 2460 2144 stasiopoleos.
2496 2074 2558 2128 In
2590 2074 2860 2145 eparchia
2892 2075 3252 2147 Hellesponti
3285 2077 3455 2133 habet
3481 2085 3692 2134 metro-

2059 2161 2207 2232 polis
2238 2163 2506 2233 Cyzicum
2557 2164 2669 2218 sub
2703 2180 2764 2219 se
2810 2164 2983 2219 urbes
3015 2171 3115 2219 aut
3143 2165 3444 2237 episcopos
3481 2167 3697 2223 duode-

2057 2251 2192 2318 cim,
2245 2268 2450 2323 nempe
2509 2254 2563 2319 1,
2620 2252 2953 2323 episcopum
2988 2253 3207 2308 Germaa
3243 2271 3256 2320 ;
3288 2255 3340 2315 2.
3393 2255 3691 2322 Paamanii,

2055 2340 2109 2404 3,
2142 2340 2266 2395 Oeae
2299 2359 2312 2407 ;
2343 2341 2396 2407 4,
2457 2341 2838 2407 Sasabareos;
2869 2343 2924 2407 5,
2985 2343 3638 2399 Hadrianotbermarum
3674 2361 3690 2412 ;

2053 2429 2108 2494 6,
2158 2429 2508 2500 Lampsaci;
2557 2430 2615 2494 7,
2660 2430 2892 2500 Abydi;
2949 2431 3005 2497 8,
3059 2429 3358 2498 Dardani;
3435 2433 3492 2498 9,
3551 2432 3686 2502 liii;

2057 2519 2142 2574 10.
2176 2518 2418 2573 Troadis
2451 2519 2578 2584 ;11,
2612 2518 2823 2573 Pioniss
2858 2519 3399 2591 ;12,Melitopole0s.
3424 2522 3484 2574 In
3526 2538 3693 2590 epar-

2054 2607 2185 2662 chia
2218 2607 2406 2678 Lydia:
2439 2606 2610 2662 habet
2639 2607 2982 2678 metropolis
3025 2607 3236 2663 Sardes
3291 2608 3398 2662 sub
3430 2625 3490 2664 se
3517 2609 3688 2665 urbes

2053 2711 2157 2749 seu
2187 2696 2490 2766 episcopos
2528 2694 2730 2766 viginti
2789 2711 2908 2761 sex,
2971 2711 3179 2766 nempe
3237 2698 3290 2762 1,
3347 2696 3688 2768 episcopum

2053 2783 2470 2854 Philadelphia
2525 2801 2538 2848 ;
2590 2787 2646 2848 2,
2705 2783 3000 2853 Tripoleos
3045 2800 3060 2850 ;
3117 2784 3170 2851 3,
3234 2784 3688 2854 Thyatirorum;

2054 2872 2106 2937 4,
2131 2871 2397 2926 Setorum
2436 2889 2448 2938 ;
2477 2873 2534 2934 5,
2567 2870 3070 2941 Aureliopoleos...
3120 2871 3275 2926 460
3302 2872 3357 2940 6,
3389 2871 3636 2927 Naeuliae
3669 2890 3685 2938 ;

2053 2964 2106 3025 7,
2154 2959 2394 3014 Docimii
2431 2976 2443 3024 ;
2501 2960 2556 3026 8,
2591 2959 2802 3014 Midiaei
2837 2976 2850 3025 ;
2908 2960 2962 3025 9,
3014 2959 3126 3029 Ipsi
3158 2959 3266 3025 ;10
3299 2975 3312 3025 ;
3367 2959 3686 3030 Prymnesi,

2051 3049 2142 3116 11,
2165 3049 2304 3119 Myri
2337 3067 2351 3114 ;
2386 3048 2474 3113 12,
2507 3047 2731 3101 Sibindi
2767 3063 2780 3112 ;
2828 3048 2913 3113 13,
2948 3046 3203 3116 Polyhoti
3239 3065 3252 3113 ;
3287 3048 3353 3100 14
3385 3049 3681 3118 ;Pbytise;

2053 3138 2137 3201 15,
2201 3137 2608 3206 Hierapoleos;
2664 3135 2754 3200 16,
2820 3135 3162 3204 Eucarpiae;
3227 3136 3311 3202 17,
3373 3134 3682 3207 Lysiadis;

281 3215 372 3268 τὸν
428 3200 632 3287 Βροζοῦ
689 3219 826 3287 (58),
872 3220 964 3271 τὸν
1021 3200 1240 3292 Ὥέρου,
1297 3222 1389 3276 τὸν
1447 3200 1739 3285 Λυκάωνος
1796 3200 1931 3296 (59),

2051 3200 2138 3294 18,
2194 3200 2796 3296 Augustipoleos;19,
2829 3200 3038 3294 Brysi';
3082 3200 3175 3290 20,
3236 3200 3517 3289 Otri;v21
3581 3200 3686 3296 Ly;

353 3305 376 3340 ²
403 3303 496 3359 τὸν
525 3311 660 3363 ante
689 3306 845 3378 Ἰψου
877 3309 1008 3364 add.
1045 3310 1167 3364 cod.
1202 3325 1360 3366 omn.
1393 3313 1484 3366 ed.

1346 3403 1543 3459 JOAN.
1577 3407 1717 3462 JAC.
1751 3407 2007 3464 REISKII
2047 3410 2620 3465 COMMENTARIUS.

283 3493 376 3567 nis
407 3493 643 3567 nostris.
677 3491 860 3567 Holst.
891 3493 926 3547 3
981 3491 1064 3548 sic
1093 3491 1264 3567 habet
1300 3508 1313 3545 :
1375 3493 1714 3567 Ιζιττᾴμνης.
1773 3493 1928 3567 αύριο

285 3561 657 3638 λουπᾴλεωᾳς,Δ
686 3563 876 3638 νύσης,
914 3561 1342 3638 Δμασχοκοῦιαης.
1405 3561 1923 3638 βαρέττῳνημασξνη

285 3633 401 3716 σίας
436 3633 726 3716 Ἀνηλείου
756 3633 966 3716 [ubi‘in
997 3633 1192 3716 margz
1216 3633 1446 3716 notatur
1479 3633 1566 3716 if.
1600 3633 1924 3716 6_'H):siou.]

284 3701 636 3778 Βρυούλλὼν.
670 3701 790 3778 νέοίς
819 3701 1014 3778 αὐλῆς.
1058 3701 1320 3778 πρῖήνης,
1362 3707 1593 3778 Taurin.
1627 3707 1874 3774 denique
1905 3701 1922 3764 ξ

287 3775 480 3847 νῆσης.
520 3777 924 3849 νμασχοκὸμης.
975 3777 1016 3849 6A
1063 3775 1479 3849 μὴτροςπόλεως,
1539 3777 1568 3830 6
1599 3778 1924 3849 Βαρετῶν.ὁ

287 3795 480 3847 νησης.
535 3798 642 3849 μασ
689 3796 924 3846 οκομης.
975 3795 1002 3830 o
1063 3795 1479 3849 μητροποΛεως.
1539 3795 1568 3830 ο
1599 3795 1922 3844 υαρετων.ο

287 3848 590 3941 (ια’γνησίξις
646 3795 1027 3941 χῘῖί”ι)λίον.ἐ,Ηὸ
1076 3847 1387 3941 ’.ργινάτυῦᾫ
1459 3847 1486 3900 6
1529 3849 1863 3941 ίπεργάμρρ-
1894 3848 1922 3902 6

282 3915 472 3977 ἆνέίυν,
520 3921 548 3974 6
579 3920 833 3991 πρινήνης.
867 3919 895 3972 6
929 3916 1218 3991 Ἀρκαδίου
1274 3915 1491 3979 πόλεως
1522 3919 1549 3972 6
1574 3915 1691 3979 νέας
1722 3915 1918 3991 αὐλῆς.

352 3993 466 4064 (42)
509 3989 820 4064 Περγάμου.
872 3989 1176 4064 _f_lolsl,_3,
1218 3991 1316 4064 _ita
1381 3992 1602 4064 pergit:
1641 3991 1668 4044 6
1728 3989 1918 4064 ἀνέῳν.

280 4043 547 4142 suis;
562 4043 607 4115 3'
630 4043 774 4142 σφέας
808 4043 1363 4142 νοιιὲλῆςῖὐ-λεξξεεςος.⁹
1382 4043 1786 4142 ’,ελξςομεῖὦη
1834 4043 1923 4114 av;

279 4129 538 4206 τάνδρών.
570 4165 641 4206 _—
671 4131 1039 4206 Kolocpa’ivnc.
1062 4133 1226 4199 Freh,
1259 4141 1309 4187 et
1341 4131 1533 4206 Leicb.
1569 4129 1894 4206 Κολοφῶνος

522 4204 620 4258 Τὸν
689 4189 876 4266 Ἀνέάς
939 4189 1152 4272 Ᾱῧλης.
1211 4189 1412 4260 Cmteri
1499 4205 1644 4272 νὲας,
1724 4189 1917 4261 Leich.

281 4275 982 4472 ;e?22)qslilxlu§0psv1v&v.
1041 4345 1210 4401 Taur.
1267 4341 1633 4416 Κλαζομένων
1691 4351 1749 4402 et
1777 4345 1918 4402 Τάν-

318 4437 432 4472 οου.

351 4438 432 4471 Ου.

317 4437 464 4559 FN(64,5)
517 4485 738 4545 θεοδοσ.
790 4489 941 4559 inter
1019 4487 1165 4543 hanc
1215 4491 1272 4542 et
1329 4491 1667 4559 sequentem
1717 4503 1915 4543 vocem

280 4555 489 4617 inserit
518 4560 700 4615 Holst.
734 4559 767 4613 3
795 4555 921 4626 ἤτοι
962 4559 1139 4613 Taur.
1197 4559 1345 4614 duas
1393 4555 1460 4615 ex
1501 4576 1617 4614 una
1663 4561 1797 4614 facit
1826 4575 1918 4613 ur-

283 4633 386 4684 bes
462 4630 490 4684 6
569 4626 812 4684 Θεοδοσ..
899 4629 928 4682 6
1019 4627 1348 4684 πεοπεοίνης
1428 4630 1616 4684 Leich.
1679 4629 1914 4684 πεποίης

283 4633 386 4688 bes
462 4630 490 4684 6
569 4630 812 4700 Θεοδοσ.,
899 4630 928 4682 6
1019 4630 1348 4702 περπερίνης
1428 4630 1616 4684 Leicb.
1679 4630 1914 4702 πεπρίης

281 4702 513 4758 Freber.
548 4703 694 4772 forte
723 4703 998 4772 inﬁmarg.
1032 4701 1210 4772 voluit
1241 4699 1507 4772 πεπρίνης
1541 4703 1699 4757 dare.

379 4775 466 4844 46)
489 4769 978 4844 Καλλιουπόλεῳξ.
999 4771 1183 4844 _Goar.
1207 4779 1264 4826 et
1293 4769 1457 4826 Freh.

379 4776 466 4844 46)
489 4776 978 4832 Καλλιουπόλεως.
1019 4776 1183 4828 Goar.
1207 4779 1264 4826 et
1293 4776 1457 4826 Freh.

349 4776 467 4917 (47)
522 4844 866 4918 Χερωνήσου.
909 4842 1094 4898 Holst.
1143 4843 1180 4897 2
1227 4842 1582 4915 Χερσονήσου
1638 4847 1695 4899 et
1751 4837 1909 4913 ῥοδό-

277 4935 429 4971 στου.

375 4988 464 5058 48)
484 4980 706 5046 Ταϐίας.
737 4987 913 5042 Taur.
945 4983 1143 5056 ταμίας
1172 4987 1228 5038 et
1259 4980 1698 5042 Ἰουλιοπόλεως.

372 5060 458 5122 49)
526 5058 765 5122 Μνήζου.
823 5057 992 5112 Taur.
1077 5053 1290 5122 μνίζου,
1377 5051 1798 5122 Βηρινοπόλεως
1851 5060 1906 5108 et

345 5058 458 5130 (49)
526 5058 765 5125 Μνήζου.
823 5058 992 5112 Taur.
1077 5058 1290 5127 μνίζου,
1377 5058 1798 5128 Βηρινοπόλεως
1851 5060 1902 5108 et

273 5128 497 5197 Κίννης.
549 5130 733 5184 Holst.
790 5128 826 5181 2
874 5125 1072 5193 Κίννης
1129 5141 1363 5196 quoque
1391 5135 1442 5180 et
1466 5127 1546 5180 sic
1568 5125 1746 5197 etiam;
1773 5141 1902 5179 cor-

271 5194 480 5272 rigitur
523 5200 592 5254 ad
643 5215 826 5272 marg.
874 5199 929 5272 3,
954 5194 1196 5272 _ubi_est
1226 5194 1434 5272 Κήνῃς.
1465 5201 1635 5250 Goar.
1669 5194 1899 5262 Μίζζου.

368 5272 458 5339 50)
485 5265 834 5339 Ηημανήνοῖ).
872 5268 1048 5323 110181.
1074 5269 1107 5321 3
1139 5265 1459 5335 Ποιμανίου.

368 5273 436 5325 50
485 5272 834 5339 [Ιημανήνου.
872 5272 1048 5323 110181.
1074 5272 1107 5321 3
1139 5272 1459 5335 Ποιμανίου.

342 5272 458 5413 (51)
490 5335 844 5413 Σασαϐαρὲῳς
881 5339 1060 5413 llolst.
1089 5339 1125 5392 5
1154 5339 1404 5413 etGoar.
1438 5336 1669 5413 _Fr€ber.
1706 5335 1899 5393 Leich.

273 5408 492 5468 tantum
530 5408 758 5485 βαρέως.
791 5409 1004 5464 anlibi
1035 5409 1262 5463 invenio
1293 5408 1592 5462 Sasabaris
1622 5425 1635 5474 ;
1671 5425 1783 5462 non
1817 5413 1900 5462 ta-

275 5499 406 5537 men
439 5488 620 5538 audeo
651 5487 946 5538 damnare.

347 5554 459 5623 (52)
491 5550 699 5623 Ἠλίου.
725 5555 900 5608 Taur.
935 5547 1101 5607 Ἰλίου
1133 5555 1188 5606 et
1217 5550 1430 5609 πιονίας
1463 5570 1476 5618 ς
1511 5549 1566 5605 in
1603 5549 1715 5604 ﬁne
1741 5550 1900 5605 addit

278 5623 306 5678 6
335 5619 642 5693 ’Ᾱδρανείας

349 5692 459 5764 (53)
520 5697 692 5746 Σετῶν
749 5693 930 5748 Holst.
978 5693 1026 5764 79.
1073 5696 1128 5746 et
1184 5692 1218 5746 3
1302 5697 1509 5746 Σεττῶν
1560 5692 1685 5764 Car.
1747 5709 1780 5746 8.
1836 5693 1895 5747 S.

278 5763 457 5821 Paulo
509 5781 561 5834 p.
613 5766 717 5820 234
771 5766 928 5834 Sept:
975 5763 1148 5818 habet
1176 5768 1232 5834 et
1261 5765 1587 5834 llolstenius
1618 5763 1895 5818 observat.

219 5883 226 5890 ,
277 5836 430 5894 Sexte
453 5833 710 5908 reperiri.
743 5833 852 5894 Sed
900 5849 1087 5905 neque
1143 5833 1372 5890 animus
1402 5833 1542 5890 mihi
1574 5841 1679 5903 est,
1712 5846 1900 5902 neque

2007 5824 2404 5904 Κινναόωριου,
2461 5829 2604 5891 κόνις
2652 5826 2779 5899 ἤτοι
2859 5827 3411 5904 Δημητριουπὸλεως.

2035 3499 2215 3552 otium
2258 3498 2316 3552 in
2386 3497 2734 3552 varianlium
2792 3499 2998 3553 harum
3049 3499 3306 3554 omnium
3366 3501 3677 3559 lectionum

2034 3568 2377 3639 probitatem
2413 3569 2714 3639 inquirere
2739 3574 2795 3622 et
2824 3569 3239 3638 geographicas
3279 3571 3678 3627 discussiones

2032 3637 2347 3694 instituere.
2410 3637 2684 3693 Per-mitto
2742 3637 2996 3710 idfillis,
3040 3637 3257 3710 quibus
3319 3640 3447 3708 plus
3486 3644 3588 3696 otii
3619 3649 3676 3698 et

2032 3710 2281 3779 amplior
2301 3710 2570 3764 doctrinm
2603 3715 2776 3780 atque
2809 3709 3074 3763 lectionis
3124 3719 3436 3780 apparatus
3467 3717 3575 3771 est,
3617 3712 3666 3768 si

2032 3787 2236 3850 putent
2267 3797 2328 3834 se
2362 3786 2490 3850 post
2517 3780 2786 3834 laudatos
2836 3783 3006 3835 modo
3037 3781 3380 3835 duumviros
3411 3788 3469 3836 et
3495 3782 3665 3839 Wes-

2031 3850 2340 3922 selingium
2379 3853 2447 3904 ad
2477 3851 2798 3914 Itineraria,
2829 3852 2963 3905 item
2995 3851 3328 3919 Cellarium,
3362 3869 3527 3922 posse
3550 3871 3662 3908 no-

2029 3938 2164 3976 vum
2198 3921 2415 3992 aliquid
2441 3932 2492 3976 et
2541 3923 2819 3976 indictum
2863 3921 3131 3992 reperire.
3193 3922 3332 3976 Mihi
3364 3921 3526 3978 isalis
3558 3927 3664 3980 fuit

2030 3992 2088 4046 in
2124 3992 2334 4046 Latinis
2368 4008 2554 4047 veram
2596 3993 2924 4059 lectionem,
2973 3993 3018 4046 si
3055 3998 3189 4047 nota
3223 3992 3360 4046 mihi
3403 3995 3526 4060 fuit,
3560 3996 3658 4050 de-

2029 4069 2388 4118 monstrasse
2442 4069 2498 4116 et
2553 4063 2926 4133 expressisse.
2960 4063 3241 4117 Caeterum
3287 4065 3344 4118 in
3394 4067 3663 4132 eparcbia

2029 4134 2218 4205 Lydiae
2271 4135 2642 4189 vehementer
2687 4134 2820 4205 abit
2847 4133 3020 4187 Taur.
3055 4151 3087 4188 a
3138 4139 3359 4199 nostra,
3391 4141 3446 4188 et
3474 4137 3662 4203 magis

2026 4203 2434 4259 cumllolsten.
2461 4203 2748 4268 convenit,
2798 4210 2946 4273 quod
2993 4206 3175 4274 primo
3201 4205 3472 4271 mirabar,
3506 4214 3662 4262 ante-

2027 4292 2196 4346 quam
2229 4275 2738 4344 deprehenderem,
2780 4275 3073 4345 integrum
3121 4274 3319 4346 folium
3367 4279 3660 4332 membra-

2025 4345 2116 4400 nis
2151 4347 2316 4408 meis,
2348 4347 2566 4416 absque
2591 4346 2808 4400 lacuna:
2839 4352 3032 4416 tamen
3067 4345 3372 4400 manifesto
3393 4349 3654 4414 vestigio,

2024 4418 2243 4472 deesse.
2296 4416 2439 4470 Nam
2461 4412 2669 4486 pagina
2700 4418 2755 4470 in
2793 4412 2974 4486 Αὐρηλ
3007 4417 3319 4470 desinebat.
3347 4412 3658 4473 Facile-erit

2024 4489 2312 4542 defectum
2345 4487 2500 4541 hunc
2529 4503 2559 4540 e
2589 4486 2807 4541 Notitia
2834 4487 3120 4541 Goariana
3149 4487 3338 4556 prima
3367 4494 3422 4542 et
3458 4488 3656 4543 Tauri-

2023 4559 2212 4621 nensi,
2245 4574 2372 4627 quev
2401 4559 2585 4612 ambae
2615 4558 2831 4627 optime
2871 4573 3002 4611 cum
3063 4566 3252 4612 nostra
3283 4560 3651 4624 conveniunt,

2021 4630 2312 4700 supplere.
2355 4629 2538 4700 Locus
2578 4628 2670 4682 hic
2710 4643 2824 4682 non
2876 4631 3113 4700 patitur,
3168 4629 3483 4698 praesertim
3517 4647 3650 4686 cum

1941 4727 1991 4789 Β
2024 4699 2546 4789 beichianaLlocum
2581 4704 2841 4789 occupet,
2875 4699 3184 4789 et.sarci‘i:e
3223 4700 3650 4789 quodammodo

2025 4771 2292 4827 lacunam
2318 4771 2463 4824 hanc
2495 4771 2694 4841 possit,
2727 4768 2996 4841 quamvis
3017 4769 3201 4823 multo
3242 4768 3436 4841 nostra
3458 4771 3532 4824 sit
3561 4787 3650 4824 re-

2018 4844 2240 4898 centior
2261 4843 2398 4896 etab
2429 4839 2872 4896 ea'vehementer
2900 4839 3437 4909 discrepet,optime
3453 4846 3646 4896 autem

2017 4930 2148 4968 cum
2186 4912 2530 4968 Freheriana
2561 4915 2862 4979 congruat,
2896 4916 3010 4966 ute
3050 4911 3356 4965 collatione
3409 4911 3643 4979 patebit.

2087 4983 2221 5056 (54),
2267 4980 2572 5056 Νακωλίας.
2620 4982 2725 5038 llic
2761 4987 2824 5056 et
2871 4987 3179 5056 sequentes
3225 4979 3643 5056 _pe_rtine_nt__ad

2013 5049 2331 5126 Phrygiam
2366 5053 2696 5108 salutarem.
2731 5053 2867 5126 _Pro
2916 5049 3190 5126 Μῃδιαίου
3223 5051 3404 5126 Ho_lst.
3450 5051 3484 5104 3
3513 5051 3642 5119 Μη-

2015 5120 2215 5197 δαίοῖ›’;
2243 5125 2376 5197 [lein
2413 5141 2511 5194 pro
2566 5121 2838 5197 npogiaou
2888 5123 3064 5177 Holsl.
3101 5123 3136 5174 2
3183 5128 3240 5176 et
3287 5121 3464 5178 Taur.
3502 5139 3644 5193 προ-

2015 5195 2210 5266 μίσσου
2241 5192 2468 5266 Fatebor.
2519 5192 2835 5262 προμῆσού.

2081 5267 2192 5338 (55)
2223 5259 2516 5338 Σιϐήνδου.
2553 5255 2796 5338 1101862
2826 5255 3072 5338 σεϐένδρυ
3129 5260 3294 5338 8281⁵.
3365 5255 3640 5338 σιϐίλδου,

2011 5326 2237 5391 Freher.
2279 5326 2570 5399 σινϐίνδιιυ,
2605 5336 2791 5388 Leicb.
2843 5326 3113 5396 συῦίνδου,
3161 5332 3332 5386 Taur.
3367 5326 3635 5388 σικνὸδου.

2009 5401 2346 5469 πολυϐὁτου,
2378 5408 2615 5469 φυτείας,

2079 5480 2194 5551 (56)
2250 5465 2607 5548 Εὐκαρπίαςξ
2668 5473 2853 5529 Leich.
2939 5470 3382 5543 εὐκαρπουπίαςς
3445 5476 3482 5530 f.
3531 5476 3641 5530 Eu--

2009 5551 2396 5617 carpupuli’os.

2103 5611 2198 5676 57)·
2218 5613 2530 5676 Λυσσιάδος.
2553 5617 2724 5672 Taur.
2757 5621 2813 5669 et
2843 5616 2992 5670 Goar
3035 5611 3311 5675 λυσιάόος.

2103 5624 2165 5674 57
2218 5620 2530 5676 Λυσσιάδος.
2553 5620 2724 5672 Taur.
2757 5621 2813 5669 et
2843 5620 2992 5670 Goar
3036 5620 3311 5675 λυσιάδος.

2077 5620 2192 5762 (58)
2221 5691 2443 5762 Βροζο-ὖ.
2476 5686 2923 5762 Taur._l3|:6§w,_
2951 5689 3129 5743 Holst.
3161 5689 3194 5741 3
3233 5689 3458 5761 Βρυσοῦ.

2078 5756 2207 5831 (59)Δ
2252 5756 2559 5831 Λυκάωνος.
2634 5756 2805 5831 Taiir.
2909 5756 3626 5831 λυκαονιαςηςστεκτονιου.

3497 5831 3630 5887 Hol-
