4080 6300
439 386 594 447 1435

1064 517 1297 574 CAPUT
1337 517 1446 573 LV.

441 614 520 664 De
555 607 941 664 distributione
969 605 1353 680 sportularum
1375 608 1786 664 consuetudinis
1816 608 2084 681 praeposi-

1157 690 1357 734 torum.

510 767 786 823 Honorati
809 784 906 824 seu
924 767 1168 838 promoti
1192 768 1414 839 patricii
1439 769 1580 824 dant
1602 769 2080 825 consuetudinem

440 857 784 928 praepositis,
816 857 862 912 si
913 858 1148 928 quidem
1198 859 1419 913 fuerint
1451 860 1696 929 emprati
1743 875 1848 914 seu
1901 858 2082 914 reales

441 950 497 1000 et
526 944 714 1002 ofﬁcio
748 947 1058 1017 fungentes
1088 947 1203 1016 (ut,
1237 947 1284 1001 si
1319 948 1454 1018 quis
1495 947 1669 1004 fuerit
1711 947 1888 1004 simul
1929 954 2082 1003 stra-

441 1042 602 1106 tegus
644 1043 697 1090 et
757 1036 1038 1106 patricius
1097 1036 1374 1108 creatus),
1434 1044 1562 1092 octo
1623 1037 1786 1092 litras
1827 1037 1973 1090 auri.
2020 1036 2080 1105 Si

443 1139 575 1178 vero
618 1123 831 1179 fuerint
880 1125 1104 1194 patricii
1166 1125 1506 1197 mesoprati,
1538 1125 1597 1180 id
1645 1130 1753 1191 est,
1789 1133 2076 1190 vacantes,

442 1211 654 1277 allecti,
686 1213 862 1268 medii
907 1213 1058 1269 inter
1115 1219 1448 1284 empractos
1505 1230 1606 1268 seu
1663 1214 1993 1282 fungentes,
2024 1218 2081 1267 et

444 1306 710 1372 apractos
743 1319 840 1358 seu
877 1302 1218 1359 honorarios
1247 1305 1338 1373 (ut
1365 1305 1416 1358 si
1447 1303 1580 1374 quis
1608 1303 1798 1359 officio
1829 1303 2075 1374 quodam

1504 380 2025 444 CONSTANTINI
2073 381 2763 444 PORPHYBOGENITI

2113 530 2170 592 A

3700 380 3846 441 1436

2803 516 3068 573 ΚΕΦΔΛ.
3113 516 3234 572 NE‘.

2193 604 2320 680 Περὶ
2388 611 2486 673 τῆς
2547 602 2814 680 διανομῆς
2859 607 2964 656 τῶν
3025 597 3276 680 κομβίων
3362 609 3467 672 τῆς
3561 603 3842 674 συνηθείας

2735 679 2844 729 τῶν
2885 675 3288 746 πραιποσίτων.

2263 763 2454 822 Ἰστέον
2490 761 2568 830 6‘s,
2601 765 2683 818 ὅτι
2718 764 2770 817 οἱ
2808 764 3112 836 τιμώμενοι
3161 764 3442 837 πατρίκιοι
3498 764 3590 818 ὅτε
3639 761 3848 834 ἔμπρα-

2190 875 2303 922 τος,
2346 852 2470 922 ἤτοι
2517 854 2544 906 6
2595 854 2902 928 στρατηγὸς
2961 853 3050 905 καὶ
3098 852 3410 924 πατρίκιος,
3478 849 3674 906 δίδωσι
3739 873 3848 906 συν-

2191 946 2374 1013 ήθειαν
2405 948 2518 1003 τοῖς
2549 941 2929 1017 πραιποσίτοις
2976 946 3185 1015 χρυσοῦ
3230 940 3420 1008 λίτρας
3463 943 3540 1009 η’·
3578 943 3606 994 6
3641 937 3698 995 δὲ
3753 960 3844 1012 με-

2190 1033 2461 1106 σὸπρατος
2500 1031 2808 1105 πατρίκιος,
2840 1032 2964 1100 ἦτοι
2996 1032 3023 1084 6
3053 1028 3408 1103 ἐμπολιτικὸς
3459 1028 3842 1106 ὀφφικιάλιος,

2191 1119 2385 1176 δίδωσι
2428 1125 2635 1195 χρυσοῦ
2671 1119 2858 1194 λίτρας
2901 1121 2960 1188 ζ’·
2999 1121 3026 1174 6
3059 1117 3115 1174 δὲ
3167 1141 3229 1194 γε
3269 1119 3510 1195 ἄπρατος
3555 1119 3848 1193 πατρίκιος

2189 1211 2356 1286 ⁹ἤγουν
2393 1211 2420 1264 ὁ
2462 1209 2871 1280 ἀποσπαθάριος
2925 1207 3090 1282 μόνου
3137 1211 3414 1282 τιμηθεὶς,
3463 1205 3662 1263 δίδωσι
3714 1227 3847 1282 ἎΡῬ

2197 1303 2294 1355 σοῦ
2325 1299 2508 1375 λίτρας
2538 1301 2603 1369 ς’,
2637 1297 2794 1353 ἅτινα
2825 1295 3172 1372 διανέμονται
3203 1298 3396 1362 οὕτως.

442 1389 594 1444 civili
624 1394 908 1462 ornetur),
932 1393 1074 1448 dant
1104 1392 1423 1463 praepositis
1455 1393 1620 1448 litras
1651 1393 1777 1448 auri
1817 1397 2060 1464 septem.
2095 1391 2380 1446 Patricius
2427 1395 2668 1462 apratus
2725 1390 2976 1461 denique
3034 1407 3136 1446 seu
3193 1391 3552 1446 iunctionem
3613 1389 3848 1445 nullam

444 1493 718 1536 exercens
749 1479 836 1536 vel
861 1480 1112 1536 tilularis
1143 1481 1233 1553 (ut
1260 1483 1360 1552 qui
1392 1486 1621 1537 tantum
1653 1483 1724 1538 ad
1757 1482 2182 1554 spathariatum
2231 1486 2530 1553 promotus
2596 1480 2728 1551 est),
2787 1481 2886 1536 dat
2947 1479 3112 1536 litras
3159 1481 3286 1536 auri
3344 1496 3465 1536 sex.
3525 1479 3648 1535 Illa
3692 1495 3856 1549 spor-

443 1569 578 1624 tulae
610 1571 695 1626 sic
715 1569 1076 1639 dividuntur,
1101 1575 1159 1626 et
1189 1572 1447 1643 primum
1478 1572 1709 1644 quidem
1741 1574 1812 1629 de

826 1663 963 1718 Oclo
992 1661 1146 1717 titris
1173 1664 1404 1734 patricii
1437 1665 1696 1735 emprati.

515 1748 868 1806 Cubicularii
899 1751 1192 1823 accipiunt
1220 1751 1345 1806 auri
1392 1751 1557 1808 litras
1616 1757 1750 1820 tres,
1784 1768 1947 1808 num.
1972 1753 2080 1820 24;

446 1837 755 1909 prefectus
785 1839 1032 1894 caniclei
1078 1856 1242 1895 num.
1270 1840 1339 1894 36
1369 1857 1384 1908 ;
1437 1840 1788 1896 demarchus
1834 1840 2083 1896 Veneto-

448 1941 578 1981 rum
624 1927 731 1995 36;
781 1927 1132 1984 demarchus
1181 1929 1676 1996 Prasinorum36;
1738 1928 2084 1985 cerimonia-

447 2018 571 2074 rius
591 2020 693 2090 36;
741 2020 1044 2077 silentiarii
1083 2022 1189 2092 36;
1221 2023 1463 2079 comites
1495 2021 1824 2078 scholarum
1853 2022 1922 2076 24
1947 2039 1960 2088 ;
1985 2039 2081 2077 ar-

436 2107 622 2162 ticlini
639 2107 1008 2181 imperatoris
1027 2111 1092 2165 12
1108 2129 1122 2178 ;
1141 2116 1472 2182 topoteretaa
1486 2117 1610 2183 [seu
1628 2110 2080 2182 lociservatores]

436 2196 766 2261 scholarum
825 2200 904 2267 3;
966 2205 1322 2272 praeparator
1376 2200 1607 2256 caniclii
1668 2201 1752 2267 4;
1826 2201 2082 2255 axioma-

434 2285 536 2341 tici
563 2288 636 2356 2;
671 2287 1037 2358 primicerius
1067 2289 1322 2346 cubiculi
1357 2291 1444 2346 12.
1478 2289 1632 2346 Facit
1662 2289 1790 2346 auri
1828 2289 1993 2346 litras
2023 2290 2076 2360 6,

439 2393 604 2434 num.
629 2379 716 2434 45.

875 2470 1220 2525 Factionibus
1251 2470 1364 2525 haec
1391 2470 1611 2526 cedunt.

505 2555 735 2626 Accipit
764 2557 1122 2614 deutereuon
1155 2574 1257 2614 seu
1291 2559 1676 2614 secundarius
1726 2558 2076 2614 Venetorum

436 2645 729 2701 numisma
750 2662 935 2702 unum
962 2649 1358 2710 :tantumdem
1378 2648 1546 2704 ’462
1571 2649 1925 2704 deuterenon
1947 2649 2079 2704 Pra-

436 2733 724 2790 sinorum.
787 2734 1194 2792 Geitoniarcha
1247 2737 1599 2793 Venetorum
1662 2737 1978 2794 miliaresia
2021 2737 2078 2807 8,

435 2829 495 2879 et
525 2827 884 2881 tantumdem
900 2825 1300 2898 geitoniarcha
1325 2826 1698 2883 Prasinorum
1724 2847 1739 2895 ;
1761 2827 1899 2882 item
1916 2826 2081 2883 char-
2110 2867 2153 2936 α

435 2912 627 2936 L--I__£Z
650 2913 996 2936 ‘7-_-A______
1026 2919 1074 2936 ,Α
1095 2914 1193 2936 h_._
1211 2916 1288 2936 ,ἐμ
1309 2932 1461 2936 ____-_._
1496 2916 1570 2936 λε-
1590 2915 1701 2936 μηιε
1733 2933 1750 2936 -
1770 2921 1884 2936 _n__
1906 2934 1918 2936 _
1954 2933 2000 2936 Δ-
2018 2916 2053 2936 2|

431 2912 630 2969 tularii
650 2913 1000 2970 Venetorum
1019 2919 1077 2970 et
1095 2914 1470 2972 Prasinorum
1492 2915 1705 2988 singuli
1726 2921 1929 2973 octana
1953 2916 2081 2972 mil-

429 3000 701 3071 liaresia;
734 3004 1102 3059 tantumdem
1133 3020 1361 3075 quoque
1392 3005 1714 3061 factionarii
1745 3004 1919 3060 ambo
1953 3009 2072 3060 tam

435 3088 789 3154 Venetorum
812 3107 986 3163 quam
1009 3092 1412 3158 Prasinorum,
1443 3093 1666 3148 scilicet
1685 3097 1892 3148 octona
1912 3092 2073 3163 quis-

435 3194 570 3249 que,
605 3180 1017 3248 micr0panites
1036 3179 1178 3234 albas
1203 3180 1472 3235 factionis
1525 3179 1836 3234 miliaresia
1865 3180 1920 3247 5,
1956 3180 2072 3234 mi-

436 3267 758 3337 cr0panites
787 3283 966 3322 russea
1000 3267 1270 3323 factionis
1291 3267 1412 3322 mil.
1437 3269 1496 3336 5,
1527 3273 1695 3339 poeta
1723 3267 2072 3324 Venetorum

437 3354 563 3410 mil.
593 3356 646 3411 6.
681 3360 852 3427 poeta
879 3355 1255 3412 Prasinorum
1290 3356 1413 3413 mil.
1435 3359 1493 3426 6,
1527 3356 1755 3413 melista
1781 3357 1869 3413 vel
1897 3357 2077 3413 musi-

433 3461 538 3500 cus
567 3444 920 3501 Venetorum
955 3445 1076 3500 mil.
1107 3447 1162 3513 6,
1198 3445 1429 3502 melista
1459 3446 1836 3502 Prasinorum
1865 3446 1988 3501 mil.
2020 3448 2076 3514 6,

431 3536 683 3608 epistataa
713 3535 800 3591 vel
843 3536 1106 3608 magistri
1148 3535 1501 3592 Venetorum
1555 3535 1677 3592 mil.
1733 3537 1786 3606 4,
1817 3537 2076 3607 epistataa

429 3624 811 3681 Prasinorum
842 3626 895 3693 4,
927 3632 1128 3680 oracla
1161 3625 1248 3680 vel
1279 3627 1627 3681 clamatores
1655 3629 1758 3680 aut
1786 3641 2082 3696 praecones

430 3712 786 3769 Venetorum
821 3713 1139 3770 miliaresia
1164 3715 1220 3780 4,
1254 3718 1459 3771 cractm
1482 3714 1854 3770 Prasinorum
1881 3715 2004 3770 mil.
2027 3715 2080 3784 4,

435 3801 729 3857 semeiotaa
760 3802 885 3873 [seu
909 3801 1334 3874 obsignatores,
1360 3818 1642 3858 urnarum
1665 3801 1891 3858 scilicet
1913 3805 2083 3858 sorti-

435 3890 738 3961 toriarum]
772 3889 1042 3946 factionis
1073 3889 1299 3946 Venetas
1332 3891 1455 3946 mil.
1491 3891 1543 3946 4.
1578 3891 1866 3948 εοωθὶοιω
1888 3892 2083 3946 Prasi-

442 3995 652 4034 norum
684 3979 1142 4047 4.,mandatores
1173 3979 1522 4036 Venetorum
1549 3980 1602 4046 4,
1625 3979 1997 4036 Prasinorum
2026 3981 2080 4047 4,

437 4067 651 4140 Bigarii
675 4067 1020 4124 Venetorum
1043 4069 1098 4134 5,
1123 4069 1492 4125 Prasinorum
1514 4069 1569 4136 5,
1601 4069 2081 4140 contemplatores

435 4158 893 4232 [signaculorum
924 4161 1102 4232 urnis]
1129 4160 1487 4216 Venetorum
1517 4163 1571 4228 4,
1608 4161 1988 4216 Prasinorum
2023 4163 2076 4229 4,

2313 1659 2451 1714 Ἀπὸ
2480 1663 2588 1714 τῶν
2622 1660 2675 1729 η’
2707 1659 2908 1734 λιτρῶν
2941 1663 3037 1714 τοῦ
3077 1657 3359 1732 ἐμπράτου
3387 1655 3709 1732 πατρικίου.

2269 1752 2375 1804 Τοῦ
2401 1743 2798 1802 κουϐουκλείου
2823 1752 3033 1822 χρυσοῦ
3066 1747 3249 1821 λίτραι
3302 1749 3371 1820 γ’,
3415 1768 3461 1805 ν.
3512 1744 3618 1800 κδ’·
3678 1745 3707 1798 6
3757 1747 3852 1798 τοῖι

2198 1836 2509 1892 ιιανικλείου
2543 1836 2646 1900 λς’⁶
2679 1839 2706 1890 6
2754 1834 3050 1911 δήμαρχος
3107 1837 3337 1893 Βενέτων
3390 1834 3492 1898 λς’·
3548 1836 3576 1888 6
3630 1831 3852 1905 δήμαρ-

2195 1944 2295 2000 χος
2330 1925 2606 1998 Ηρασίνων
2643 1925 2744 1988 λς’·
2779 1927 2807 1979 6
2855 1933 2954 1994 τῆς
2995 1926 3370 1984 καταστάσεως
3416 1922 3521 1987 λς’·
3564 1923 3620 1976 οἱ
3674 1920 3854 1976 σιλεν-

2193 2016 2394 2089 τιάριοι
2427 2014 2528 2079 λς’.
2562 2017 2617 2069 οἱ
2650 2017 2887 2088 κόμητες
2916 2021 3024 2070 τῶν
3074 2013 3296 2091 σχολῶν
3339 2012 3439 2070 κδ’·
3493 2015 3547 2068 oi
3599 2013 3852 2087 ἁρτικλίο

2192 2125 2275 2158 νοι
2301 2109 2398 2159 τοῦ
2431 2104 2702 2179 βασιλέως
2739 2106 2828 2180 ιβ’·
2855 2106 2906 2160 οἱ
2940 2103 3313 2180 τοποτηρηταὶ
3338 2108 3444 2158 τῶν
3502 2102 3735 2177 σχολῶν
3786 2109 3849 2174 γί·

2194 2194 2222 2247 ὁ
2255 2195 2522 2263 σκευάζων
2572 2196 2634 2250 τὸ
2689 2194 2997 2250 κανίκλειον
3054 2193 3116 2248 δ’·
3177 2195 3228 2249 οἱ
3279 2193 3649 2265 ἀξιωματικοῖ
3826 2192 3853 2244 6

2191 2286 2558 2358 πριμικήριος
2589 2288 2685 2339 τοῦ
2714 2280 3107 2339 κουϐουκλείου
3166 2284 3250 2357 ιβ’.
3302 2282 3403 2340 Καὶ
3441 2283 3506 2335 τὸ
3553 2285 3662 2335 πᾶν
3711 2300 3853 2354 χρυ-

2191 2372 2286 2427 σοῦ
2321 2373 2502 2447 λίτραι
2534 2375 2598 2442 ς’,
2628 2396 2674 2430 ν,
2711 2376 2811 2447 με’.

2649 2461 2746 2517 Διᾶ
2770 2467 2867 2517 τοῦ
2903 2463 3102 2535 μέρους
3131 2462 3390 2518 Βενὲτων.

2260 2553 2321 2608 Ὀ
2372 2549 2697 2625 δευτερεύων
2751 2553 2987 2608 Βενὲτων
3037 2553 3105 2621 α’,
3158 2553 3186 2606 ὁ
3246 2548 3571 2623 δευτερεύων
3637 2549 3850 2619 Πρασί-

2186 2661 2291 2694 νων
2323 2641 2388 2708 α’,
2425 2641 2452 2693 6
2481 2641 2867 2718 γειτονιάρχης
2899 2640 3026 2713 μιλ.
3076 2641 3148 2712 η’,
3181 2641 3210 2694 6
3253 2639 3646 2713 γειτονιάρχης
3700 2643 3851 2711 Πρα-

2188 2730 2352 2784 σίνων
2387 2727 2510 2801 μιλ.
2554 2730 2628 2796 η’,
2678 2731 2706 2784 6
2762 2729 3171 2807 χαρτουλάριος
3221 2727 3458 2785 Βενὲτων
3513 2727 3642 2800 μιλ.
3689 2728 3769 2796 η’,
3820 2727 3848 2779 6

2194 2819 2595 2894 χαρτουλάριος
2662 2819 2940 2894 Πρασίνων
3000 2818 3121 2892 μιλ.
3189 2827 3262 2890 η’,
3339 2819 3366 2873 6
3451 2818 3846 2894 φακτιονάριος

2194 2909 2426 2966 Βενέτων
2462 2907 2584 2980 μιλ.
2627 2909 2698 2978 η“,
2760 2910 2787 2962 ὁ
2830 2909 3218 2986 φακτιονάριος
3279 2907 3552 2981 Πρασίνων
3605 2904 3736 2979 μιλ,
3770 2907 3844 2975 η’.

2187 2998 2215 3051 ὁ
2296 2997 2698 3070 μεκροπανίτης
2776 2996 2969 3061 λευκὸς
3038 2998 3158 3071 μιλ.
3216 2999 3270 3049 ε’·
3350 2997 3378 3050 6
3438 2995 3843 3069 μικροπανὶτης

2188 3085 2402 3161 ῥούσιος
2437 3084 2557 3157 μιλ.
2614 3089 2672 3156 ε’,
2706 3087 2733 3140 ὁ
2763 3089 3002 3158 ποιητὴς
3051 3087 3280 3142 Βενὲτων
3338 3086 3456 3158 μιλ.
3491 3087 3557 3149 ς’.
3602 3087 3633 3139 6
3666 3106 3840 3154 ποιη-

2182 3176 2283 3244 τῆς
2316 3174 2592 3248 "pasiva
2630 3175 2750 3247 μιλ.
2804 3178 2868 3245 ς’,
2919 3179 2947 3232 ὁ
2997 3176 3258 3250 μελιστὴς
3311 3177 3545 3232 Βενέτων
3597 3174 3724 3247 μιλ*
3781 3181 3842 3244 ς’,

2185 3264 2212 3318 6
2249 3262 2514 3336 μελιστὴς
2574 3264 2851 3339 Πρασίνων
2913 3265 3032 3340 μιλ.
3104 3269 3170 3336 ς’,
3231 3266 3284 3320 οἱ
3342 3265 3624 3320 ἐπιστάται
3689 3265 3850 3318 Βενε-

2183 3373 2292 3407 των
2331 3351 2451 3427 μιλ.
2487 3349 2553 3421 6‘,
2585 3354 2636 3408 οἱ
2669 3353 2948 3410 ἐπιστάται
2982 3355 3264 3428 Πρασίνων
3317 3355 3436 3426 μιλ.
3480 3350 3550 3427 6‘“
3596 3355 3654 3407 οἱ
3706 3353 3845 3425 κρά-

3780 3440 3824 3458 ν

2187 3466 2308 3501 κται
2351 3444 2584 3502 Βενὲτων
2621 3444 2743 3519 μιλ.
2780 3443 2843 3516 6‘,
2876 3447 2927 3500 οἱ
2971 3447 3200 3520 κράκται
3253 3447 3532 3519 Πρασίνων
3587 3442 3717 3516 μιλ.
3776 3442 3846 3513 δ’,

2190 3539 2241 3592 οἱ
2283 3538 2587 3611 σημειωταὶ
2621 3538 2857 3595 Βενέτων
2894 3549 3018 3611 μιλ.
3047 3536 3113 3608 6‘,
3173 3539 3225 3593 οἱ
3263 3535 3566 3611 σημειωταὶ
3619 3534 3844 3607 Πρασέ-

2192 3647 2298 3681 νων
2333 3625 2454 3700 μιλ.
2489 3625 2552 3685 6“.
2587 3628 2638 3681 οἱ
2669 3624 2998 3702 μανδάτορες
3031 3628 3269 3684 Βενὲτων
3304 3629 3349 3664 ί⁸
3381 3623 3500 3699 μιλ.
3536 3621 3598 3695 6‘,
3632 3625 3685 3677 οἱ
3713 3645 3854 3695 μαν-

2193 3712 2418 3792 δάτορες
2498 3714 2778 3787 ΙΙρασίνων
2856 3718 2973 3789 μιλ.
3053 3713 3119 3788 6‘,
3197 3718 3248 3770 οἱ
3303 3712 3851 3792 βηγάριοιΒενέτων

2195 3803 2316 3876 μιλ.
2351 3806 2410 3872 ε’,
2445 3805 2496 3859 οἱ
2529 3803 2781 3878 βηγάριοι
2831 3805 3113 3880 Πρασίνων
3169 3803 3288 3877 μιλ.
3344 3805 3402 3873 ε’,
3453 3804 3504 3856 οἱ
3562 3801 3854 3875 θεωρηταὶ

2191 3892 2429 3948 Βενέτων
2462 3890 2584 3965 μιλ.
2632 3889 2694 3964 δ“,
2732 3895 2782 3947 οἱ
2833 3894 3103 3969 θεωρηταὶ
3153 3893 3432 3969 Πρασίνων
3484 3890 3607 3964 μιλ.
3663 3889 3732 3960 δ’,
3799 3891 3856 3943 οἱ

2191 3978 2591 4053 διασημειωταὶ
2632 3984 2807 4055 (3-25)
2841 3981 3072 4038 Βενὲτων
3110 3981 3230 4056 μιλ.
3267 3984 3334 4056 β“,
3356 3983 3405 4036 οἱ
3438 3978 3852 4051 διασημειωταὶ

2191 4071 2474 4145 Πρασίνων
2506 4069 2628 4142 μιλ.
2674 4072 2741 4147 β“,
2799 4074 2861 4127 τὸ
2912 4068 3135 4146 ὅρηανον
3187 4074 3424 4129 Βενὲτων
3479 4069 3599 4143 μιλ.
3666 4076 3730 4135 ς’,
3788 4068 3855 4122 τὸ

2189 4157 2414 4235 ὄργανον
2457 4159 2734 4233 Πρασίνων
2769 4158 2890 4232 μιλ.
2926 4162 2991 4224 ς’.
3021 4161 3194 4233 Ὁμοῦ
3225 4157 3311 4214 διὰ
3339 4157 3571 4237 χρυσίου
3633 4153 3701 4227 6‘,
3752 4157 3852 4211 καὶ

435 4248 819 4319 resignalores
845 4248 1283 4320 signaculorum
1309 4247 1575 4303 factionis
1602 4247 1833 4304 Venetae
1855 4249 1912 4314 2,
1945 4248 2079 4305 Pra-

2199 4246 2277 4303 διὰ
2311 4248 2432 4322 μιλ.
2470 4250 2520 4320 t‘,
2549 4251 2638 4304 καὶ
2672 4251 2812 4324 ὁμοῦ
2840 4251 2904 4306 τὸ
2936 4255 3038 4305 πᾶν
3073 4248 3156 4323 ιδ’,
3193 4257 3314 4324 μιλ.
3351 4248 3411 4305 δ“.

437 4336 581 4393 sinas
610 4340 684 4405 2;
717 4355 1002 4412 organum
1034 4338 1383 4394 Venetorum
1414 4339 1471 4406 6,
1519 4338 1896 4395 Prasinorum
1927 4341 1982 4409 6,
2014 4340 2168 4396 Facit
2211 4339 2320 4396 hoc
2351 4357 2661 4398 aureorum
2693 4343 2950 4413 quidem,
3003 4345 3102 4415 qui
3141 4344 3352 4414 integri
3406 4343 3643 4411 dantur,
3687 4357 3853 4396 com-

441 4431 776 4499 putaturum
801 4446 1107 4486 numerum
1139 4430 1192 4498 4,
1228 4429 1676 4485 miliaresiorum
1732 4447 1883 4499 vero,
1935 4447 2063 4502 quae
2113 4432 2344 4503 singula
2392 4434 2886 4504 enumeravimus,
2943 4436 3003 4490 in
3042 4434 3294 4491 valuer
3335 4449 3639 4490 aureorum
3693 4447 3858 4488 com-

439 4520 780 4590 putarorum
807 4521 872 4575 10
902 4536 1130 4590 aureos,
1161 4524 1219 4576 et
1248 4521 1402 4590 quod
1429 4520 1698 4576 excurrit.
1735 4521 1890 4577 Facit
1917 4537 2052 4593 ergo
2085 4525 2205 4578 tota
2234 4539 2462 4578 summa
2492 4539 2654 4578 num.
2690 4525 2776 4591 14,
2810 4524 2932 4579 mil.
2965 4527 3019 4578 4.

949 4611 1057 4666 Pro
1086 4612 1286 4666 ordine
1306 4611 1569 4666 circense.

507 4695 820 4753 Actuarius
842 4698 1371 4769 accipitnumisma
1401 4715 1502 4755 seu
1553 4697 1808 4754 solidum
1876 4716 2083 4767 unum,

2486 4611 2582 4666 Διὰ
2620 4618 2719 4680 τῆς
2757 4612 2956 4682 τάξεως
2995 4615 3092 4666 τοῦ
3131 4608 3528 4687 ἱπποδρομίου.

2266 4702 2325 4756 Ὁ
2356 4699 2677 4774 ἀκτουάριος
2709 4701 2774 4772 α’,
2807 4701 2835 4754 6
2867 4697 3098 4777 ἄργυρος
3123 4704 3218 4756 τοῦ
3254 4699 3466 4774 βεστίου
3506 4701 3618 4770 ('26)
3673 4700 3741 4771 6‘,
3798 4699 3850 4751 οἱ

1783 4852 2036 4909 VARUE
2076 4852 2486 4910 LECTIONES.

511 4964 555 5000 ¹⁸
589 4962 641 5018 οἱ
677 4959 1006 5038 μανδάτορες
1037 4961 1274 5020 Βενὲτων
1306 4961 1428 5035 μιλ.
1461 4963 1504 5020 6‘
1531 4967 1667 5023 add.
1699 4969 1828 5026 cod.
1862 4984 1980 5024 om.
2012 4969 2105 5025 ed.

1479 5101 1674 5156 JOAN.
1713 5103 1858 5159 JAC.
1903 5103 2168 5162 REISKII
2221 5105 2802 5166 COMMENTARIUS.

435 5253 442 5262 α
513 5222 689 5291 (3-25)
705 5229 878 5304 ’Διαση
889 5218 1139 5304 μειωταί.
1153 5217 1437 5304 Videntur
1457 5233 1584 5274 esse
1595 5220 1967 5286 resignatores
1987 5238 2086 5277 ur-

444 5309 649 5348 narum
668 5290 1032 5361 Circensium,
1066 5293 1165 5364 qui
1184 5290 1376 5364 bullas
1397 5291 1708 5364 impressas
1730 5305 2088 5364 recognosce-

443 5365 584 5419 bant
614 5370 672 5420 et
694 5357 1203 5436 resiguabant-seu
1234 5357 1573 5418 evellebant.
1611 5361 1694 5416 Ita
1727 5357 2087 5430 διασκευάζειν

439 5437 650 5490 librum
681 5437 896 5491 dicitur
928 5452 1027 5506 pro
1059 5435 1347 5506 reﬁngere,
1375 5438 1713 5504 reformare,
1761 5442 2084 5506 retractare,

444 5507 555 5562 rid.
586 5504 940 5577 Wesseling.
972 5509 1042 5577 ad
1077 5504 1309 5561 Diodor.
1335 5506 1507 5561 Sicul.
1535 5523 1592 5577 p.
1614 5506 1648 5559 9
1668 5504 2084 5577 ρτοάνασκευάο

455 5581 583 5644 ζειν.
623 5575 962 5649 Itaquoq'ue
992 5575 1375 5649 6tae-qpiatoi3v.
1411 5595 1511 5647 pro
1536 5575 1936 5646 e‘zvadypcizoﬁv.
1981 5580 2088 5632 Aut

449 5651 620 5720 etiam
655 5644 828 5720 6min
868 5644 973 5704 hac
1023 5644 1446 5719 compositione
1502 5654 1660 5703 notat
1705 5644 1893 5716 idem,
1929 5649 2084 5720 quod

452 5717 596 5787 ἄπὸς
648 5718 1046 5791 ἀποσημειοῦν,
1096 5717 1376 5786 revellere,
1419 5721 1665 5791 auferre,
1711 5717 1960 5792 signum;
2003 5720 2088 5777 Ita

2200 5218 2228 5274 6
2239 5221 2625 5292 ιανηςτίζεσθαι
2657 5230 2714 5281 et
2741 5223 3194 5294 ἆπονηστιζεσθαι
3224 5233 3309 5282 est
3339 5225 3669 5293 deiciunare,
3710 5225 3838 5289 Ῑεηα

2195 5299 2349 5367 tare._
2371 5295 2566 5351 Potest
2595 5303 2788 5352 tamen
2825 5294 2912 5350 διά
2941 5299 2999 5352 in
3051 5299 3158 5352 hac
3191 5299 3610 5367 compositione
3647 5295 3834 5367 idem,

2198 5365 2356 5440 quod
2388 5367 2658 5440 Latinum
2691 5370 3129 5440 adsignificare,
3161 5363 3498 5440 obsignator,
3532 5374 3597 5421 ut
3643 5363 3837 5432 διαση-

2201 5436 2481 5511 μαίνεσθαι
2513 5439 2686 5494 habet
2740 5438 2985 5511 Nicelas,
3047 5458 3100 5511 p.
3163 5436 3298 5511 169,
3328 5441 3688 5511 red._Venet.
3730 5454 3837 5507 pro

2195 5509 2460 5630 sig'n)are:
2514 5507 2978 5582 Διασημαίνεσθαι
3012 5507 3267 5586 σῷραγῖδι
3317 5507 3576 5583 βασιλικῇ
3633 5509 3705 5562 τὰ
3732 5527 3834 5582 φα·

2197 5597 2307 5630 σκω
2335 5599 2425 5630 δια.

2197 5597 2425 5632 σκωΛια.

2267 5652 2376 5726 (26)
2405 5651 2648 5707 Βεστίου.
2712 5653 2896 5709 Latini
2946 5670 3174 5725 quoque
3216 5653 3516 5726 aequiores
3577 5655 3833 5715 vestiam,

2193 5723 2355 5779 vestii
2383 5731 2435 5779 et
2463 5726 2604 5781 vesti
2630 5741 2736 5797 pro
2763 5723 3023 5786 vestiario
3051 5723 3341 5782 dicebant.
3377 5725 3575 5796 Lupus
3632 5728 3838 5780 Proto-
