4080 6300
155 413 304 474 1441

949 413 1051 475 DE
1095 411 1554 474 CERIMONIIS
1604 412 1833 473 AULE
1881 411 2363 474 ΒΥΖΑΝΤΙΝῈ
2412 411 2547 472 LIB.
2597 415 2673 474 II.

3399 414 3550 477 1442

152 553 254 616 τῆς
288 545 500 622 Δάψνης
547 547 612 616 α’,
672 546 723 601 o't
781 543 1070 620 διαιτᾶριοι
1127 549 1222 600 τοῦ
1272 545 1461 620 Ἀγίου
1523 546 1795 623 Στεφάνου

1923 563 2013 602 :us
2041 547 2306 618 Daphnes
2329 564 2491 603 num.
2520 550 2569 614 1,
2594 547 2830 604 diatarii
2857 548 2916 604 S.
2935 548 3212 620 Stephani
3240 549 3431 617 mil.8,
3453 568 3551 605 au-

156 638 280 706 μιλ.
314 636 386 703 η’,
419 636 470 689 οἱ
499 636 803 710 χρυσοχόοι
853 639 947 690 τοῦ
1000 633 1286 709 βασιλικου
1319 633 1542 694 σκεύους
1577 634 1698 705 μιλ.
1735 631 1796 702 δ’,

152 726 206 778 οἱ
258 722 548 799 διαιτάριοι
596 729 692 778 τοῦ
742 722 1074 796 ὀστιαρικίου
1127 721 1248 796 μιλ.
1299 724 1360 793 ς“,
1402 724 1453 776 oi
1505 719 1797 798 διαιτάριοι

149 819 253 868 τοῦ
283 811 634 888 ἱπποδρόμου
687 813 804 886 μιλ.
863 814 924 882 ζ’,
969 813 1022 867 οἱ
1071 811 1344 874 στένοντες
1370 810 1439 865 τὰ
1469 811 1675 883 σκάμνα
1705 815 1802 866 τοῦ

149 899 498 976 ἱπποδρόμον
554 902 673 975 μιλ.
720 904 789 978 γ’,
839 903 890 956 οἱ
941 900 1401 976 πρωτοκεντάριοι
1443 902 1509 964 α’,
1561 901 1612 954 o't
1662 898 1805 954 διαι-

147 1013 333 1067 ταριοι
359 996 458 1047 τοῦ
506 989 897 1066 στρατωρικίου
946 989 1066 1065 μιλ.
1109 992 1166 1058 ε’,
1219 995 1333 1052 τοῖς
1377 988 1618 1050 ἆσελίοις
1651 990 1718 1058 α“,
1751 991 1802 1044 oi.

151 1079 455 1154 διαιτάριοι
501 1085 609 1135 τῶν
667 1081 729 1144 ιθ“
778 1074 1080 1134 ἄκουϐίτων
1135 1077 1255 1151 μιλ.
1308 1080 1370 1148 ζ’,
1420 1080 1471 1133 o't
1513 1076 1804 1153 διαιτάριοι

145 1179 253 1240 τῆς
305 1170 573 1244 Παναγίας
622 1167 742 1242 μιλ.
799 1170 850 1236 ι’,
901 1169 952 1222 oi
1002 1165 1293 1242 διαιτάριοι
1350 1175 1450 1237 τῆς
1504 1168 1804 1240 μαννάύρας

155 1259 282 1332 μιλ.
319 1260 380 1328 ζ’,
413 1259 465 1314 οἱ
494 1265 595 1328 τῆς
640 1258 1000 1333 βεστοσάκρας
1049 1259 1115 1326 α’,
1168 1257 1218 1312 οἱ
1271 1256 1546 1331 βασιλικοὶ
1580 1255 1802 1312 λοῦσται

148 1351 220 1419 α’,
255 1350 305 1403 οἱ
335 1345 625 1421 καλδάριοι
677 1347 797 1420 μιλ.
954 1347 1054 1402 Καὶ
1105 1347 1168 1400 τὸ
1198 1350 1300 1399 πᾶν
1334 1343 1422 1399 διὰ
1454 1346 1686 1423 χρυσίου
1721 1346 1803 1415 ις’,

147 1440 244 1494 καὶ
277 1436 365 1493 διὰ
409 1435 530 1512 μιλ.
573 1435 638 1505 δ’,
688 1437 807 1510 μιλ.
862 1438 947 1493 ια’.
997 1438 1172 1509 Ὁμοῦ
1220 1437 1282 1491 τὸ
1313 1441 1414 1491 πᾶν
1447 1443 1512 1504 κ’,
1550 1434 1670 1502 μιλ.
1717 1436 1802 1491 ια’.

147 1529 254 1584 Διὰ
281 1533 389 1584 τῶν
443 1531 723 1600 θυρωρῶν.
777 1527 874 1582 Καὶ
923 1525 1070 1580 οὗτοι
1121 1519 1462 1598 λαμϐάνουσι
1510 1524 1690 1585 καθὼς
1716 1526 1803 1578 καὶ

151 1617 246 1673 ἐπὶ
287 1621 384 1672 τοῦ
415 1617 637 1691 πρώτου
685 1610 942 1688 κομϐίου.
992 1614 1230 1688 Ὁμοίως
1271 1613 1362 1669 καὶ
1411 1615 1464 1668 αἱ
1506 1613 1803 1691 φωταψίαι,

150 1706 330 1781 ἢγουν
362 1706 417 1760 αἱ
448 1703 760 1775 ἐκκλησίαι.

1909 635 2106 691 rifabri
2177 635 2554 706 supellectilis
2617 635 2938 708 imperialis
3005 637 3127 693 mil.
3187 639 3239 707 4,
3308 639 3550 694 diaetarii

1910 725 2185 780 ostiaricii
2212 724 2330 780 mil.
2351 726 2406 790 6,
2431 726 2671 781 diastarii
2697 726 2830 781 circi
2855 725 3152 796 milliur.7,
3177 727 3554 784 collocatores

1909 829 2280 869 scamnorum
2312 814 2653 871 circensium
2687 815 2810 871 mil.
2837 815 2891 883 3,
2915 816 3197 872 acentarii
3229 822 3332 872 aut
3363 822 3553 888 proto-

1911 903 2151 957 centarii
2175 919 2336 958 num.
2362 904 2412 973 1,
2433 903 2669 960 diaetarii
2693 905 3003 960 stratoricii
3029 904 3264 960 milliar.
3286 905 3340 968 5,
3357 905 3554 960 aseliis

1912 991 2037 1063 [seu
2061 1009 2339 1062 equorum
2368 993 2699 1050 scllatorum
2729 995 3135 1067 equisonibus]
3160 1011 3324 1050 num.
3349 996 3400 1060 1,
3427 994 3558 1051 die-

1912 1079 2042 1135 tarii
2065 1081 2458 1137 novemdecim
2485 1083 2860 1138 accubituum
2887 1082 3079 1153 mil.7,
3104 1084 3345 1139 diaetarii
3373 1099 3553 1155 pana-

1913 1168 2022 1240 gia
2055 1184 2153 1224 seu
2179 1170 2564 1224 sanctissimas
2596 1170 2696 1226 Dei
2727 1171 3035 1227 Genitriois
3059 1171 3178 1227 mil.
3211 1173 3296 1241 10,
3319 1171 3565 1228 ᾱὶωιοτίἰ

1915 1274 2240 1330 magnaurae
2275 1258 2397 1314 mil.
2419 1260 2475 1326 7,
2501 1264 2840 1316 vestosacraa
2873 1262 3104 1332 ascripti
3139 1278 3304 1318 num.
3326 1262 3565 1332 1,1ustaa

1915 1347 2000 1402 vel
2043 1348 2408 1404 balneatores
2459 1347 2714 1420 corporis
2761 1350 3007 1421 Augusti
3038 1366 3199 1405 num.
3237 1354 3284 1418 1,
3317 1349 3563 1406 caldarii

1917 1437 2039 1492 mil.
2060 1436 2117 1490 2.
2143 1435 2333 1492 Habes
2356 1452 2492 1507 ergo
2516 1436 2702 1492 solida
2726 1439 3081 1494 numismata
3103 1440 3194 1506 16,
3216 1443 3274 1495 et
3293 1455 3324 1495 e
3349 1438 3564 1494 millia-

1916 1523 2084 1580 resiis
2133 1524 2558 1598 singularibus,
2592 1526 2643 1581 si
2692 1527 3041 1582 numismata
3095 1536 3417 1598 computes,
3452 1528 3564 1583 alia

1915 1615 2105 1669 4cum
2165 1614 2227 1668 11
2293 1613 2642 1670 miliaresiis.
2681 1615 2827 1686 Ergo
2881 1619 3004 1671 tota
3060 1633 3296 1672 summa
3355 1621 3446 1672 est
3493 1618 3566 1671 20

1917 1719 2106 1772 num.,
2141 1703 2199 1756 11
2240 1702 2360 1760 mil.
2394 1705 2568 1760 Porro
2609 1703 2823 1759 cedunt
2853 1704 2990 1760 inde
3011 1705 3388 1775 janitoribus,
3421 1705 3562 1762 item

153 1799 530 1872 pbothapsiis
579 1815 681 1854 seu
731 1795 991 1853 ecclesiis
1038 1797 1236 1852 eadem
1296 1795 1690 1852 emolumenta
1750 1798 1924 1866 atque
1954 1810 1984 1851 e
2015 1793 2311 1866 superiore
2368 1793 2615 1862 combio,
2666 1799 2731 1850 ut
2779 1811 2910 1866 ergo
2958 1795 3053 1851 hic
3102 1801 3360 1868 repetere
3389 1797 3564 1869 iopus

150 1906 273 1946 non
303 1889 401 1946 sit.

151 2015 254 2069 Διὰ
307 2019 408 2082 τῆς
468 2009 735 2104 διανοιξῆς
788 2015 889 2100 τοῦ
943 2006 1192 2105 ’κυμϐίου
1250 2015 1346 2105 τεῦ
1403 2010 1646 2086 ἀπράτου
1700 2030 1810 2064 πα-

1923 2011 1989 2067 De
2015 2010 2409 2067 distributione
2436 2013 2696 2084 sportulae
2721 2013 2950 2105 patricii
2977 2013 3184 2084 aprali,
3208 2027 3334 2084 quae
3353 2013 3565 2069 constat

509 2081 721 2158 τρικίου
749 2088 856 2138 τῶν
907 2087 954 2147 ς’
1005 2081 1209 2158 λιτρῶν
1254 2081 1450 2145 οὕτως·

231 2212 298 2268 Oi
326 2213 423 2264 τοῦ
451 2204 848 2264 κουϐουκλείου
879 2209 1105 2283 χρυσίου
1146 2207 1337 2282 λίτρας
1376 2210 1446 2283 β“,
1475 2210 1502 2262 6
1532 2212 1628 2263 τοῦ
1659 2227 1808 2262 κανι-

148 2299 347 2355 κλείου
369 2320 418 2356 ν.
441 2295 544 2367 κδ’,
567 2299 620 2354 οἱ
643 2295 737 2353 δύο
761 2296 1046 2373 δήμαρχοι
1065 2319 1112 2355 ν.
1138 2299 1229 2370 μη“
1253 2299 1348 2352 αντὶ
1365 2320 1414 2353 ν.
1438 2294 1541 2366 κδ’,
1561 2299 1588 2351 6
1607 2299 1704 2362 τῆς
1725 2317 1813 2350 κα-

147 2387 463 2450 ταστάσεως
484 2410 531 2444 ν.
555 2385 657 2456 κδ“,
681 2389 733 2442 οἱ
765 2386 1119 2460 σιλεντιάριοι
1148 2407 1195 2442 ν.
1229 2383 1328 2452 κδ’,
1358 2387 1408 2440 οἱ
1432 2385 1672 2458 κόμητες
1701 2388 1808 2439 τῶν

153 2478 386 2553 σχολῶν
409 2499 453 2533 ν.
473 2474 576 2547 κδ’,
597 2477 648 2532 οἱ
670 2475 984 2551 ἆρτοκλίνοι
1004 2479 1100 2529 τοῦ
1127 2474 1392 2550 βασιλέως
1412 2475 1564 2549 ν.ιβ“,
1579 2474 1630 2528 οἱ
1651 2493 1815 2528 τοπο-

149 2566 395 2641 τηρηταὶ
425 2570 534 2620 τῶν
562 2563 784 2639 σχολῶν
816 2588 861 2620 ν.
894 2566 960 2638 γ“,
997 2564 1024 2618 ὁ
1061 2565 1421 2638 πριμικήριος
1451 2567 1549 2617 τοῦ
1579 2557 1812 2617 κουϐου-

150 2655 400 2712 κλείουν.
451 2655 542 2726 ιβ’,
594 2655 646 2708 οἱ
677 2653 1088 2726 ἀξιωματικοὶν.
1126 2654 1192 2726 β’,
1219 2654 1246 2706 6
1274 2655 1543 2722 σκευάζων
1574 2652 1636 2706 τὸ
1665 2650 1814 2705 κανί-

152 2744 343 2800 κλειον
375 2764 420 2799 ν.
457 2739 520 2798 δ’.
551 2744 722 2813 Ὀμου
755 2741 939 2815 λίτραι
970 2737 1012 2794 6‘
1043 2763 1092 2798 ν.
1121 2742 1228 2816 λγ“.
1258 2742 1352 2794 Διὰ
1374 2745 1480 2794 τῶν
1515 2737 1610 2794 δύο
1637 2744 1813 2813 μερῶν

160 2831 403 2891 Βενέτων
463 2851 519 2886 τε
575 2831 665 2884 καὶ
715 2829 1018 2904 Πρασίνων.
1075 2831 1134 2886 Ὁ
1194 2826 1521 2903 δευτερεύων
1577 2827 1814 2884 Βενέτων

156 2922 281 2987 ν.α“,
304 2922 331 2975 6
354 2918 682 2993 δευτερεύων
721 2917 999 2993 Πρασίνων
1032 2919 1154 2986 ν.α“,
1179 2919 1206 2972 6
1227 2917 1615 2993 γειτονιάρχης
1657 2916 1814 2973 Βενὲ-

157 3031 271 3065 των
301 3009 421 3082 μιλ.
453 3010 524 3078 η’,
559 3009 586 3063 6
615 3009 1002 3084 γειτονιάρχης
1033 3006 1317 3081 Ιιρασίνων
1370 3005 1491 3080 μιλ.
1521 3008 1592 3076 η’,
1623 3007 1650 3059 6
1679 3024 1816 3080 χαρ-

156 3097 450 3172 τουλάριος
481 3098 713 3154 Βενὲτων
746 3096 868 3170 μι).
902 3099 970 3166 η’.
1022 3098 1050 3152 6
1097 3093 1501 3171 χαρτουλάριος
1535 3093 1810 3168 Πρασίνων

164 3187 287 3259 μιλ.
350 3189 422 3256 η’,
469 3187 496 3239 6
546 3187 924 3260 φακτιονάριος
978 3186 1217 3240 Βενέτων
1271 3182 1391 3256 μιλ.
1425 3186 1496 3253 η’,
1533 3185 1559 3238 6
1589 3203 1811 3262 φακτιο-

160 3276 350 3349 νάριος
385 3274 665 3346 Ιιρασίνων
695 3272 815 3344 μιλ.
849 3275 920 3341 η’,
975 3274 1002 3325 ὁ
1053 3272 1243 3333 λευκὸς
1280 3271 1401 3343 μιλ.
1443 3275 1502 3338 ε’,
1535 3274 1563 3325 6
1599 3272 1813 3346 ῥούσιος

165 3361 563 3436 μικροπανίτης
615 3357 736 3431 μιλο
787 3361 846 3424 ε’.
895 3361 923 3413 ὁ
968 3361 1207 3428 ποιητής
1257 3360 1489 3412 Βενὲτων
1539 3358 1659 3430 pa,
1694 3361 1751 3424 ς’,
1785 3361 1812 3412 ὁ
1845 3393 1889 3458 C

161 3451 400 3521 ποιητὴς
432 3449 710 3521 Πρασίνων
752 3445 874 3519 μιλ.
927 3448 985 3516 ς’,
1035 3448 1064 3500 6
1124 3445 1385 3518 μελιστής
1417 3447 1654 3500 Βενέτων
1691 3444 1811 3516 μιλ.

163 3541 224 3609 ς’,
267 3541 296 3594 6
328 3537 594 3612 μελιστὴς
622 3535 901 3609 Πρασίνων
953 3535 1072 3607 μιλ.
1121 3536 1181 3595 ς’.
1233 3534 1284 3587 oi
1332 3533 1611 3588 ἐπιστάται
1662 3533 1815 3589 Βενέο

157 3649 266 3684 των
323 3625 444 3699 μιλ.
493 3623 558 3695 δ’,
604 3625 655 3680 oi
695 3621 972 3679 ἐπιστάται
1023 3623 1300 3698 Πρασίνων
1338 3621 1458 3694 μιλ.
1504 3620 1564 3690 δ’,
1600 3623 1651 3677 oi
1679 3623 1816 3694 κρά-

159 3737 281 3772 κται
313 3713 548 3774 Βενὲτων
605 3713 722 3787 μιλ.
777 3709 838 3782 6‘,
891 3713 946 3766 oi
999 3710 1225 3786 κράκται
1278 3709 1559 3784 Πρασίνων
1595 3707 1714 3781 μιλ.
1750 3705 1812 3776 6‘,

163 3808 215 3861 oi
248 3803 554 3877 σημειωταὶ
587 3801 823 3858 Βενέτων
858 3799 976 3872 μιλ.
1039 3797 1100 3870 6',
1163 3801 1214 3854 oi
1272 3798 1577 3872 σημειωταὶ
1622 3798 1817 3871 ιΙρασί·

161 3917 270 3950 νων
306 3893 427 3967 μιλ.
462 3890 525 3961 6',
575 3894 626 3946 οἱ
679 3889 1011 3966 μανδάτορες
1063 3891 1296 3946 Βενὲτων
1334 3887 1453 3961 μιλ.
1497 3885 1560 3959 δ’,
1595 3889 1646 3941 οἱ
1682 3909 1815 3960 μαν-

160 3981 382 4056 δάτορες
414 3980 694 4057 Πρασίνων
741 3978 860 4050 μιλ,
903 3976 968 4048 δ’,
1009 3979 1062 4032 οἱ
1116 3976 1374 4054 βηγάριοι
1419 3977 1660 4033 Βενέτων
1691 3974 1812 4048 μιλ.

159 4074 218 4143 ε’,
253 4073 304 4126 oi
339 4071 598 4146 βηγάριοι
649 4069 930 4140 ΙΙρασίνων
985 4066 1104 4140 μιλ.
1156 4067 1212 4136 ε’,
1264 4067 1315 4120 οἱ
1357 4066 1624 4139 θεωρηταὶ
1661 4063 1816 4120 Βενέ-

161 4183 269 4217 των
299 4160 419 4232 μιλ.
453 4157 520 4226 δ’,
551 4159 604 4212 οἱ
635 4157 907 4230 θεωρηταὶ
955 4155 1239 4228 Πρασίνων
1274 4153 1394 4227 μιλ.
1431 4153 1494 4221 6‘,
1537 4154 1586 4208 οὶ
1618 4151 1817 4224 διαση-

165 4249 392 4323 μειωταὶ
434 4246 670 4305 Βενέτων
708 4244 827 4318 μιλ.
882 4246 948 4320 β’,
1002 4245 1053 4299 οἱ
1102 4242 1500 4314 διασημειωταὶ
1535 4242 1812 4317 Πρασίνων

165 4338 288 4411 μιλ.
322 4338 392 4410 β’,
413 4338 476 4390 τὸ
506 4331 728 4410 ὄργανον
759 4334 998 4390 Βενέτων
1032 4354 1158 4405 μιμ.
1194 4343 1258 4402 ς’,
1299 4333 1360 4386 τὸ
1405 4329 1637 4407 ὄργανον
1672 4333 1818 4406 Πρα-

162 4426 325 4480 σίνων
365 4423 484 4494 μιλ.
519 4426 583 4487 ς’.
615 4425 788 4494 Ὁμοῦ
819 4444 865 4478 ν.
897 4419 981 4492 ιδ’,
1016 4419 1136 4495 μιλ.
1172 4419 1235 4478 δ’.

2584 2099 2682 2140 sex
2721 2084 2897 2140 utris.

1994 2209 2072 2263 Ea
2101 2207 2181 2262 ita
2227 2207 2617 2263 distribuitur.
2648 2208 2960 2281 Accipiunt
3015 2209 3358 2266 cubicularii
3390 2207 3476 2264 lit.
3510 2212 3562 2276 2,

1920 2296 2178 2354 oanicleo
2211 2297 2512 2368 praefectus
2545 2313 2707 2353 num.
2730 2299 2822 2367 24,
2846 2299 3146 2354 demarchi
3178 2299 3350 2354 ambo
3382 2315 3440 2353 n.
3473 2298 3564 2367 48,

1921 2386 2162 2457 (singuli
2212 2401 2423 2457 nempe
2469 2387 2585 2457 24),
2637 2387 2945 2443 silentiarii
2995 2405 3157 2443 num.
3189 2387 3279 2452 24,
3323 2387 3565 2442 comites

1921 2473 2258 2530 scholarum
2292 2490 2456 2530 num.
2487 2475 2580 2543 24,
2613 2475 2861 2531 articlini
2907 2475 3237 2548 imperiales
3279 2492 3442 2532 num.
3473 2476 3564 2544 24,

1921 2565 2253 2634 topoteretae
2286 2562 2620 2618 scholarum
2649 2580 2810 2619 num.
2832 2564 2888 2631 3,
2915 2563 3278 2635 primicerius
3309 2563 3567 2620 cubiculi

1924 2652 2011 2716 12,
2036 2649 2366 2706 axiomatici
2396 2651 2454 2717 2,
2477 2657 2834 2723 praeparator
2861 2652 3101 2708 caniclei
3134 2651 3490 2707 numismata
3512 2653 3565 2706 4.

1924 2739 2164 2794 Faciunt
2208 2739 2384 2794 simul
2436 2739 2600 2796 litras
2653 2741 2707 2805 4,
2742 2745 3024 2796 numism.
3058 2742 3148 2796 33.
3203 2741 3568 2796 Factionibus

1923 2825 2230 2890 ambabus,
2246 2826 2474 2881 Venetis
2490 2827 2883 2898 Prasina-que,
2897 2829 3028 2882 inde
3041 2828 3256 2882 cedunt
3270 2828 3408 2882 haec.
3424 2826 3572 2882 Deu-

1924 2921 2163 2971 tereuon
2193 2918 2541 2970 Venetorum
2577 2918 2788 2988 accipit
2817 2918 3117 2972 numisma
3146 2919 3568 2984 1,deutereuon

1924 3003 2290 3060 Prasinorum
2323 3021 2484 3061 num.
2522 3006 2572 3071 1,
2597 3005 3022 3076 geitoniarches
3052 3005 3408 3060 Venetorum
3443 3005 3566 3059 mil.

1923 3093 1977 3160 8,
2010 3099 2068 3150 et
2117 3095 2263 3149 alter
2309 3093 2686 3149 Prasinorum
2743 3095 3132 3164 tantumdem,
3176 3092 3569 3150 chartularius

1922 3183 2276 3239 Venetorum
2304 3183 2423 3240 mil.
2446 3184 2502 3249 8,
2524 3189 2582 3239 et
2603 3184 2754 3239 alter
2775 3183 3151 3240 Prasinorum
3176 3185 3565 3250 tantumdem,

1926 3273 2300 3328 factionarius
2332 3275 2684 3329 Venetorum
2715 3273 2838 3328 mil.
2861 3274 2916 3343 8,
2940 3277 2996 3328 et
3015 3273 3163 3328 alter
3192 3275 3570 3328 Prasinorum

1924 3363 2314 3416 tantumdem.
2343 3379 2358 3426 ;
2383 3361 2552 3416 albus
2576 3379 2678 3417 seu
2703 3363 3111 3431 micropanites
3133 3362 3278 3417 albae
3307 3361 3572 3418 factionis

1927 3448 2050 3503 mil.
2082 3449 2139 3515 5,
2171 3453 2226 3503 et
2258 3464 2462 3503 russus
2494 3464 2592 3504 seu
2635 3465 2816 3504 russea
2860 3450 3124 3505 factionis
3156 3450 3570 3520 micropanites

1923 3537 2316 3592 tantumdem.
2349 3537 2525 3591 Poeta
2553 3536 2908 3592 Venetorum
2943 3538 3063 3593 mil.
3096 3539 3151 3604 6,
3177 3543 3234 3592 et
3261 3538 3409 3592 alter
3440 3541 3569 3592 Pra-

1925 3625 2187 3681 sinorum
2211 3627 2576 3681 tantumdem
2596 3643 2610 3692 ;
2627 3625 2884 3682 melistes
2908 3643 3009 3681 seu
3035 3627 3301 3682 musicus
3329 3625 3574 3681 Veneto-

1925 3730 2055 3770 rum
2085 3713 2206 3768 mil.
2237 3715 2292 3783 6,
2326 3724 2381 3770 et
2411 3714 2554 3770 alter
2583 3715 2961 3770 Prasinorum
3008 3715 3368 3771 tantumdem
3396 3731 3409 3781 ;
3441 3715 3572 3786 epi—

1925 3809 2090 3862 stataa
2122 3821 2224 3860 seu
2273 3804 2537 3876 magistri
2591 3807 2932 3862 Venetorum
2984 3805 3106 3860 mil.
3142 3805 3193 3869 4,
3227 3812 3283 3861 et
3311 3805 3572 3876 epislataa

1927 3892 2296 3949 Prasinorum
2329 3895 2718 3962 tantumdem,
2750 3899 2951 3950 cracte
2995 3911 3092 3950 seu
3143 3909 3434 3964 praecones
3461 3892 3572 3949 Ve-

1925 3986 2190 4038 netorum
2221 3981 2346 4039 mil.
2376 3983 2429 4048 4,
2452 3987 2508 4037 et
2529 3983 2899 4038 Prasinorum
2928 3983 3168 4054 pariters
3193 3983 3450 4039 emeiotaa
3479 3981 3571 4038 vel

1925 4071 2326 4142 obsignatores
2378 4072 2583 4142 [urnae]
2630 4069 2982 4127 Venetorum
3038 4088 3118 4126 m.
3151 4071 3205 4138 4,
3237 4076 3294 4126 et
3342 4070 3568 4126 Prasini

1925 4161 2160 4230 pariter,
2197 4159 2568 4215 mandatores
2600 4160 2802 4215 Veneti
2836 4159 2960 4214 mil.
2993 4161 3047 4226 4,
3079 4165 3137 4215 et
3169 4159 3392 4215 Prasini
3423 4175 3571 4231 quo-

1924 4263 2081 4318 que;
2115 4246 2326 4318 bigarii
2387 4248 2581 4304 Veneti
2643 4246 2766 4302 mil.
2806 4249 2861 4317 5,
2910 4256 2962 4302 et
3021 4247 3243 4302 Prasini
3299 4261 3568 4318 quoque;

1923 4337 2412 4408 contemplatores
2465 4339 2648 4409 [urnze
2683 4339 2846 4410 puta]
2881 4338 3229 4394 Venetorum
3265 4337 3386 4392 mil.
3421 4339 3475 4405 4,
3515 4341 3573 4393 et

1923 4427 2297 4481 Prasinorum
2323 4427 2689 4481 tantumdem
2708 4445 2723 4496 ;
2739 4426 3125 4483 diasemeiotte
3142 4443 3242 4482 seu
3255 4425 3572 4498 resignato-

167 4535 260 4575 res
321 4517 524 4591 [urnae]
582 4517 783 4572 Veneti
841 4516 962 4570 mil.
993 4517 1049 4580 2,
1081 4520 1138 4569 et
1185 4513 1408 4569 Prasini
1471 4529 1582 4569 non
1644 4513 1860 4570 minus.
1919 4514 2212 4587 Organum
2268 4515 2552 4572 Venetam
2615 4515 2735 4572 mil.
2767 4519 2821 4584 6,
2853 4522 2912 4573 et
2941 4516 3251 4574 Prasinum
3309 4519 3565 4589 perinde.

160 4608 410 4664 Faciunt
439 4607 559 4664 hinc
592 4605 953 4661 numismata
985 4605 1072 4672 l4,
1107 4603 1318 4660 miliar.
1351 4603 1402 4657 4.

660 4729 758 4784 Διᾶ
783 4732 880 4784 τοῦ
913 4724 1310 4801 ἱπποδρομίου.

234 4857 295 4913 Ὀ
325 4855 644 4924 ἀκτουπὶριος
691 4875 738 4909 ν.
783 4854 850 4920 α’,
883 4853 912 4907 6
943 4849 1172 4928 ἄργυρος
1200 4855 1296 4906 τοῦ
1331 4851 1548 4926 βεστίου
1581 4871 1632 4908 ν.
1677 4851 1746 4926 β’,
1779 4851 1806 4904 6

155 4942 412 5017 κούρσωρ
443 4944 509 5009 α’,
561 4944 590 4998 6
641 4941 879 5018 ἄργυρος
925 4945 1033 4997 τῶν
1082 4940 1356 5017 στεφάνων
1387 4943 1454 5005 σι’,
1486 4941 1514 4994 6
1546 4946 1646 5008 τῆς
1679 4939 1814 4994 ἀπο-

156 5033 392 5108 κρίσεως
424 5054 469 5087 ν.
505 5032 572 5103 α’,
605 5031 632 5085 ὁ
665 5032 944 5092 νεανίσκος
980 5027 1102 5102 μιλ.
1139 5027 1200 5097 δ’,
1235 5029 1262 5083 6
1297 5026 1656 5103 μαξιλλάριος
1690 5025 1812 5100 μιλ.

156 5123 226 5190 δ’,
260 5122 288 5177 6
319 5123 669 5196 Θεσσαράριος
702 5121 822 5193 μιλ.
858 5118 922 5188 6',
955 5121 983 5174 6
1018 5113 1480 5194 χαμαιτριὸοὖνος
1517 5115 1638 5189 μιλ.
1674 5113 1738 5183 δ’,
1763 5117 1815 5171 oi

156 5211 510 5287 ὀφφικιάλιοι
553 5216 654 5278 τῆς
704 5207 998 5282 κυλίστρας
1049 5206 1171 5282 μιλ.
1223 5209 1281 5272 ε’,
1343 5207 1396 5260 οἱ
1453 5207 1814 5282 μαγγανάριοι

160 5297 396 5357 Βενέτων
449 5297 569 5372 μιλ.
622 5315 676 5366 ε’,
743 5298 796 5352 oi
847 5298 1200 5373 μαγγανείριοι
1260 5295 1536 5367 Πρασίνων
1591 5295 1710 5366 μιλ.
1755 5296 1814 5365 ε’,

162 5393 280 5451 τοῖς
308 5383 820 5463 πρωτοὸηκταρίοις
851 5384 973 5459 μιλ.
1016 5387 1082 5462 γ’,
1131 5389 1250 5448 τοῖς
1290 5382 1814 5458 πρωτοπαλλαρίοις

168 5474 288 5551 μιλ.
323 5478 380 5545 ε’,
410 5483 488 5550 τῷ
518 5476 862 5551 νουμεραρίῳ
883 5483 1002 5544 ν.α’,
1028 5481 1145 5540 τοῖς
1169 5472 1413 5536 δεκανοῖς
1434 5477 1530 5530 τοῦ
1555 5470 1812 5548 ίπποδρου

169 5565 296 5640 μίου
325 5565 455 5638 ν.β’,
482 5586 551 5640 τῃ
589 5565 756 5640 βίγλῃ
780 5567 879 5634 τῆς
912 5566 1125 5644 Δάφνης
1151 5562 1272 5640 μιλ.
1299 5561 1359 5621 6'.
1386 5565 1558 5637 Ὁμοῦ
1581 5563 1813 5642 χρυσίου

167 5655 232 5724 θ’,
264 5653 352 5708 καὶ
385 5649 474 5708 διὰ
507 5650 626 5724 μιλ.
662 5655 730 5728 γ’,
767 5652 886 5727 μιλο
919 5656 982 5723 ζ’.

1840 4734 1888 4800 D

2500 4731 2650 4790 405
2685 4733 2792 4789 Pro
2821 4733 2983 4790 circa.

1987 4854 2207 4927 Accipit
2235 4856 2531 4911 actuarius
2562 4872 2726 4913 num.
2754 4857 2806 4924 1,
2828 4873 3069 4930 argyrus
3096 4857 3260 4914 vestii
3281 4860 3339 4925 2,
3360 4871 3568 4911 cursor

1925 4959 2133 5011 unum,
2186 4959 2431 5016 argyrus
2488 4957 2833 5000 coronarum
2900 4961 3103 5014 unum,
3153 4943 3568 5017 apocrisiarius

1926 5051 2132 5102 unum,
2148 5035 2461 5092 neaniscus
2477 5035 2852 5106 miliaresia4,
2870 5036 3232 5092 maxillarius
3249 5034 3367 5090 mil.
3383 5036 3437 5102 4,
3455 5043 3568 5092 tes-

1924 5123 2182 5178 serarius
2199 5121 2318 5176 mil.
2335 5123 2389 5186 4,
2404 5123 2622 5178 chamas
2649 5125 2914 5180 tribunus
2929 5139 3030 5179 seu
3044 5121 3312 5178 tribunus
3326 5121 3569 5178 inferior

1926 5210 2049 5265 mil.
2067 5210 2119 5278 4,
2135 5209 2412 5267 officiales
2427 5210 2673 5284 cylistra:
2686 5213 2795 5275 (vel
2813 5227 2971 5266 urnas
2985 5211 3161 5265 sortiu
3175 5227 3224 5265 m
3252 5210 3564 5283 agitanda)

1926 5299 2049 5355 mil.
2071 5299 2126 5367 5,
2144 5301 2500 5372 manganarii
2523 5300 2871 5355 Venetorum
2899 5298 3021 5354 mil.
3039 5299 3166 5366 5,et
3187 5299 3563 5362 Prasinorum

1927 5387 2327 5455 tantumdem;
2365 5383 2762 5457 protovectarii
2793 5399 2872 5438 m.
2912 5386 2968 5450 3,
3002 5385 3394 5457 protopallarii
3437 5389 3562 5445 mil.

1921 5473 1977 5540 5,
2011 5475 2374 5529 numerarius
2411 5488 2576 5527 num.
2611 5473 2661 5538 1,
2685 5472 2884 5527 decani
2917 5473 3288 5546 hippodromi
3320 5491 3478 5532 num.
3508 5481 3561 5549 2,

1923 5565 2124 5637 vigilia
2181 5580 2281 5620 seu
2340 5563 2596 5619 excubias
2655 5564 2926 5636 Daphnes
2978 5565 3102 5624 mil.
3135 5567 3188 5623 4.
3222 5565 3412 5624 Habes
3467 5569 3563 5627 hic

1925 5657 2284 5712 numismata
2314 5652 2496 5709 solida
2527 5654 2581 5719 9,
2612 5654 2826 5726 quibus
2859 5656 3143 5714 accedunt
3171 5657 3282 5713 alia
3313 5659 3560 5730 emilia-

1923 5745 2092 5802 resiis
2121 5744 2382 5801 confecta
2416 5742 2524 5799 tria
2556 5759 2672 5800 una
2703 5758 2832 5800 cum
2867 5744 3200 5804 miliaresiis
3229 5747 3283 5800 7.
