4088 6300
514 356 666 422 1443

1111 492 1217 543 Pro
1261 484 1556 544 diaetariis.
2186 481 2238 542 Α

587 599 809 672 Accipit
838 594 1274 652 admissionalis
1301 595 1358 663 5,
1392 593 1670 649 numism.
1694 587 1939 646 diaetarii
1962 585 2154 641 consi-

520 690 682 747 storii
717 703 880 743 num.
901 687 957 752 2,
982 685 1341 740 domesticus
1371 681 1570 755 palatii
1601 682 1653 750 1,
1688 677 1928 734 dizetarii
1960 673 2156 745 magni

516 779 712 853 palatii
731 773 1146 842 1,domesticus
1170 773 1438 844 Daphnes
1463 771 1512 836 1,
1532 767 1774 824 dimtarii
1800 767 1858 821 S.
1875 761 2155 853 Stephani

519 849 571 938 1,
603 864 880 923 aurifabri
912 861 1288 934 snpellectilis
1320 859 1640 931 imperialis
1673 856 1796 912 mil.
1827 856 1880 920 4,
1913 849 2156 908 ἀίωὶὲιιιίί

515 954 788 1015 ostiaricii
842 952 964 1008 mil.
997 955 1049 1019 2,
1085 950 1328 1006 dietarii
1375 950 1510 1004 circi
1563 946 1684 1001 mil.
1718 948 1772 1012 8,
1806 943 2156 1000 collocantes

518 1061 758 1102 scamna
794 1041 1074 1098 circensis
1105 1040 1228 1095 mil.
1259 1041 1315 1106 3,
1347 1037 1653 1094 accentarii
1687 1051 1851 1090 num.
1886 1035 1939 1097 1,
1971 1028 2157 1086 asellii

515 1136 646 1200 n.1,
662 1131 906 1189 diatarii
932 1129 1245 1186 stratoricii
1268 1128 1390 1184 mil.
1414 1128 1468 1197 5,
1494 1124 1739 1182 diaetarii
1762 1119 2156 1178 novemdecim

519 1223 889 1280 accubiluum
941 1219 1061 1276 mil.
1089 1222 1146 1288 8,
1177 1218 1419 1274 diaetarii
1469 1213 1851 1271 sanctissimas
1899 1209 2157 1280 Deiparte

519 1313 644 1370 mil.
680 1313 766 1378 10,
799 1309 1042 1364 diaetarii
1075 1322 1413 1378 magnaurm
1444 1303 1567 1359 mil.
1602 1303 1656 1368 8,
1689 1307 2032 1357 vestosacras
2062 1297 2159 1353 ad-

517 1400 714 1473 scripti
772 1415 934 1454 num.
967 1400 1016 1464 1,
1048 1396 1210 1451 iustis
1269 1393 1355 1450 vel
1409 1393 1772 1448 balneatores
1829 1387 2159 1460 imperiales

515 1507 677 1548 num.
713 1491 765 1558 1,
796 1487 1034 1544 caldarii
1079 1486 1200 1541 mil.
1233 1486 1287 1540 2.
1322 1485 1512 1539 Habes
1566 1483 1926 1538 numismata
1974 1479 2159 1534 solida

517 1584 606 1650 15,
639 1588 693 1636 et
722 1580 837 1635 alia
866 1595 897 1633 e
926 1575 1256 1632 miliaresiis
1301 1575 1563 1630 confecta
1595 1577 1843 1644 quatuor
1872 1586 1992 1626 una
2021 1585 2156 1626 eum

518 1671 717 1726 decem
752 1665 1209 1722 miliarensibus.

1102 1859 1208 1912 Pro
1228 1854 1586 1926 janitoribus.
2189 1850 2236 1915 B

587 1965 1026 2022 Diatrechontes
1060 1981 1160 2019 seu
1192 1962 1484 2019 vernaculi
1511 1960 1818 2033 logothetas
1849 1957 2036 2014 dromi
2068 1973 2158 2013 ac-

519 2057 742 2128 cipiunt
775 2072 937 2110 num.
969 2055 1024 2121 2,
1049 2055 1336 2124 janitores
1385 2049 1666 2121 vaporarii
1704 2065 1873 2105 num.
1911 2051 1966 2115 2,
1991 2047 2156 2117 jani-

517 2149 674 2202 tores
722 2144 855 2200 circi
911 2159 1072 2199 num.
1123 2143 1179 2211 2,
1228 2141 1519 2197 cortinarii
1570 2156 1733 2194 num.
1777 2139 1802 2192 1
1849 2136 2061 2192 miliar.
2101 2137 2159 2202 7,

521 2250 818 2291 armorum
861 2231 1234 2303 imperalium
1282 2229 1550 2286 custodes
1580 2244 1742 2284 num.
1773 2230 1827 2282 2.
1860 2227 2100 2282 Summa
2128 2224 2163 2278 9

525 2322 808 2378 numism.
841 2325 898 2377 et
923 2322 959 2374 7
991 2319 1224 2377 milliar.

674 2431 781 2484 Pro
809 2431 977 2485 cereis
1005 2444 1102 2499 per
1129 2427 1386 2499 ecclesias
1411 2423 1766 2499 accendendis
1793 2432 1843 2479 et
1873 2422 2010 2478 aliis

992 2496 1240 2572 personis
1269 2496 1690 2554 ecclesiasticis.

590 2607 914 2664 Castrensis
948 2605 1307 2677 [pstriarchae
1339 2605 1581 2675 scilicet]
1611 2603 1822 2672 accipit
1853 2619 2162 2657 nummum

523 2699 575 2764 1,
617 2693 1046 2751 referendarius
1094 2692 1234 2747 item
1285 2708 1449 2746 num.
1494 2693 1546 2760 1,
1591 2689 1922 2760 imperiales
1971 2688 2162 2744 clerici

521 2786 694 2842 Phari
742 2799 1016 2839 nummos
1043 2783 1099 2852 5,
1132 2781 1558 2854 hypodiacones
1605 2780 1664 2835 S.
1696 2779 1920 2850 Sophias
1954 2778 2077 2833 mil.
2109 2779 2164 2845 6,

525 2874 725 2931 decani
762 2871 1104 2945 patriarcha:
1137 2870 1260 2926 mil.
1294 2870 1348 2934 4,
1371 2869 1631 2940 deputati
1664 2867 1785 2922 mil.
1818 2868 1873 2932 3,
1896 2866 2166 2922 monachi

523 2965 738 3036 spudes
761 2961 884 3018 mil.
906 2962 960 3031 8,
985 2959 1254 3016 monachi
1280 2959 1637 3031 paraspudes
1667 2957 1787 3013 mil.
1810 2958 1871 3027 5,
1893 2961 2168 3011 stratores

521 3053 862 3126 patriarcha:
880 3050 1002 3106 mil.
1016 3051 1070 3114 5,
1090 3057 1423 3120 anagnostae
1438 3049 1620 3104 duaru
1632 3065 1686 3102 m
1701 3047 1989 3118 septiman
1999 3061 2163 3101 arum

523 3159 686 3198 num.
719 3144 746 3199 1
799 3140 922 3196 mil.
954 3141 1010 3207 6,
1043 3139 1244 3210 psaltes
1293 3143 1350 3192 8.
1383 3137 1610 3207 8ορὴὶω
1662 3151 1821 3190 num.
1876 3136 1900 3188 1
1957 3134 2077 3188 mil.
2107 3135 2163 3202 6,

521 3229 965 3300 sceuophylaces
1026 3243 1181 3282 num.
1234 3229 1285 3290 1,
1347 3225 1501 3279 466
1559 3222 1813 3276 ministri
1870 3222 2164 3277 narthecis

522 3318 646 3374 mil.
679 3319 732 3387 4,
758 3315 974 3370 ostiarii
1011 3312 1205 3369 Sancti
1236 3311 1401 3368 Putei
1434 3311 1557 3366 mil.
1590 3313 1645 3376 5,
1671 3309 2009 3366 balantades
2041 3309 2162 3366 mil.

1566 344 2088 413 CONSTANTINI
2136 336 2846 402 PORPHYHOGENITI

3778 334 3936 397 [tu

2792 469 2887 545 Διᾷ
2914 473 3019 524 τῶν
3049 467 3395 547 διαιταρίων.

2333 580 2428 648 Τῷ
2475 574 2930 649 ἆδμηνσουναλίῳ
2977 579 3035 645 ε’,
3084 584 3201 641 τοῖς
3238 576 3573 653 διαιταρίοις
3617 583 3719 634 τοῦ
3753 601 3938 634 κουσε-

2261 668 2496 740 στωρίου
2540 668 2605 741 β’,
2640 668 2666 721 ὁ
2700 665 3021 740 δομὲστικος
3067 673 3163 722 τοῦ
3213 668 3489 724 παλατίου
3520 676 3586 737 α’,
3625 670 3677 724 οἱ
3713 667 3936 725 διαί-τέο

2262 774 2370 829 ριοι
2399 759 2494 810 τοῦ
2524 753 2765 829 μεγάλου
2813 757 3083 810 παλατίου
3133 759 3197 825 α’,
3239 759 3267 811 ὁ
3311 755 3647 830 δομέστικος
3695 768 3814 827 τῆς
3849 762 3942 813 31'-

2262 865 2400 920 φνης
2433 846 2500 913 α’,
2533 845 2583 898 οἱ
2617 842 2909 919 διαιτάριοι
2938 850 3034 899 1:05
3065 847 3245 921 Ἀγίου
3270 849 3542 926 Στεφάνου
3578 850 3650 918 α’,
3685 851 3938 923 017,55:-

2263 933 2390 1010 οχοὶ
2447 938 2545 988 τοῦ
2607 934 2893 1009 βασιλικοῦ
2943 935 3162 996 σκεύους
3221 935 3340 1008 μιλ.
3394 935 3456 1005 δ’,
3507 939 3561 992 οἱ
3625 937 3935 1014 δικιττὶριοι

2261 1027 2358 1076 τοῦ
2391 1022 2724 1098 ὀστιαρικίου
2787 1022 2904 1095 μιλ.
2968 1025 3033 1100 β’,
3091 1025 3143 1078 οἱ
3201 1023 3491 1101 διαιτάριοι
3519 1032 3622 1082 1:05
3656 1027 3937 1102 ἱπποδρο-

2267 1113 2394 1184 μίου
2447 1109 2568 1183 μιλ.
2624 1118 2694 1183 η’,
2750 1113 2800 1166 o't
2846 1111 3114 1174 στένοντες
3161 1115 3226 1167 τὰ
3269 1116 3479 1187 σκάμνα
3531 1120 3634 1170 τοῦ
3697 1118 3932 1171 ἱππικοῦ

2267 1200 2387 1272 μιλ.
2419 1203 2485 1276 γ’,
2519 1201 2569 1254 οἱ
2597 1202 3051 1275 πρωτοκεντάριοι
3099 1224 3148 1260 ν.
3195 1204 3259 1272 α’,
3286 1208 3402 1265 τοῖς
3433 1204 3685 1266 ἀσελίοις
3718 1228 3774 1260 ν.
3811 1208 3856 1260 α’
3887 1207 3936 1259 οἱ

2264 1287 2556 1364 διαιτάριοι
2613 1295 2710 1344 τοῦ
2769 1291 3161 1366 στρατωρικίου
3222 1291 3341 1364 μιλ,
3403 1295 3459 1364 ε’,
3513 1296 3566 1348 οἱ
3622 1291 3934 1350 διαιτὰλιοι

2261 1386 2368 1435 τῶν
2426 1382 2489 1444 ιθ¹
2534 1375 2836 1435 ἀκουϐίτων
2889 1379 3011 1453 μιλ.
3060 1389 3133 1450 η“,
3187 1383 3237 1436 οἱ
3287 1379 3578 1458 διαιτάριοι
3622 1391 3735 1453 τῆς
3769 1387 3939 1458 ὑπερ-

2264 1470 2414 1543 αγίας
2448 1470 2711 1524 Θεοτὸκου
2746 1469 2867 1542 μιλ.
2905 1471 2954 1539 ι’,
3009 1471 3060 1524 οἱ
3111 1469 3402 1541 διαιτάριοι
3450 1479 3550 1540 τῆς
3585 1473 3934 1546 pawn-391;.

2267 1559 2386 1632 gul.
2417 1560 2486 1631 η’,
2519 1562 2572 1614 οἱ
2601 1567 2702 1629 τῆς
2735 1561 3100 1636 βεστοσάκρας
3132 1570 3253 1632 ν.α“,
3286 1563 3336 1617 o't
3372 1562 3656 1638 βασιλικοὶ
3690 1563 3936 1618 λοῦστιι

2260 1671 2312 1707 ν.
2344 1651 2410 1718 1',
2443 1651 2492 1704 οἱ
2523 1649 2811 1724 καλδάριοι
2846 1649 2966 1722 μιλ.
3126 1652 3297 1724 Ὁμοῦ
3329 1652 3562 1727 χρυσίου
3600 1653 3659 1706 ιε’

2266 1739 2387 1812 μιλ.
2423 1737 2486 1806 δ’,
2521 1737 2640 1812 μιλ.
2680 1746 2728 1795 ι’.

3662 1697 3681 1725 ³
3716 1653 3820 1706 καὶ
3854 1651 3934 1708 διὰ

2802 1846 2900 1901 Διὰ
2944 1851 3049 1902 τῶν
3098 1853 3378 1923 θυρωρῶν.

2336 1953 2403 2009 Οἱ
2435 1949 2814 2027 διατρέχοντες
2840 1958 2937 2008 τοῦ
2985 1954 3278 2029 λογοθέτου
3308 1959 3402 2009 τοῦ
3435 1953 3652 2029 δρόμου
3690 1977 3742 2010 ν.
3781 1958 3852 2031 β’,
3885 1961 3934 2012 οἱ

2268 2043 2503 2117 θυρωροὶ
2530 2050 2628 2112 τῆς
2661 2044 2998 2120 θερμάστρας
3046 2066 3094 2099 ν.
3149 2047 3217 2119 β“,
3263 2047 3312 2100 οἱ
3357 2046 3598 2120 θυρωροὶ
3632 2049 3937 2102 1055.130—

2269 2130 2500 2206 δρομίου
2535 2134 2601 2206 β“,
2636 2133 2687 2185 οἱ
2718 2135 3055 2206 κορτινάριοι
3106 2156 3149 2188 ν.
3200 2141 3264 2196 α’,
3303 2131 3421 2207 gul.
3458 2136 3521 2203 ζ’,
3554 2136 3610 2189 οἱ
3645 2136 3930 2210 Basilum?

2271 2222 2652 2298 ἀρμοφῦλακες
2786 2223 2958 2293 Ὁμοῦ
2991 2223 3220 2300 χρυσίου
3249 2245 3297 2279 ν.
3333 2224 3380 2287 θ’
3414 2223 3536 2295 gul.
3571 2226 3638 2292 ζ’.

2274 2419 2369 2474 Διὰ
2444 2422 2550 2472 τῶν
2645 2421 2939 2496 φωταψιῶν
2994 2423 3105 2496 τῶν
3170 2418 3478 2490 ἐκκλησιῶν
3545 2419 3639 2474 καὶ
3707 2419 3930 2476 λοιπῶν

2928 2491 3258 2564 προσώπων.

2343 2600 2435 2668 Τῷ
2463 2597 2796 2671 καστρενσίῳ
2826 2599 2948 2667 ν.α’,
2974 2603 3054 2669 τῷ
3087 2597 3480 2675 ῥεφερενδαρίῳ
3512 2621 3557 2654 ν.
3583 2602 3650 2667 α“,
3685 2603 3741 2654 οἱ
3779 2600 3931 2674 βασι-

2274 2685 2420 2742 λικοὶ
2443 2683 2699 2761 κληρικοῖ
2724 2691 2821 2740 τοῦ
2840 2689 3022 2758 Φάρου
3044 2689 3214 2758 ν.ε’,οἱ
3244 2687 3592 2751 ὑποδιὶκονες
3616 2693 3719 2754 τῆς
3746 2689 3928 2763 Ἀγίας

2278 2777 2478 2852 Σοφίας
2524 2775 2642 2847 gul.
2678 2782 2740 2846 ς’,
2794 2777 2842 2830 o't
2885 2773 3097 2830 δεκανοὶ
3148 2781 3242 2831 τοῦ
3286 2778 3633 2852 πατριάρχου
3685 2777 3817 2851 gul.
3868 2776 3925 2846 δ’,

2276 2866 2327 2918 οἱ
2359 2862 2640 2919 διποτάται
2677 2865 2797 2937 gul.
2833 2873 2901 2942 γ’,
2951 2867 3002 2920 οἱ
3045 2873 3146 2935 τῆς
3185 2865 3439 2936 Σπουδῆς
3472 2867 3594 2939 gul.
3639 2869 3715 2935 η’,
3753 2869 3806 2921 οἱ
3837 2875 3929 2934 τῆς

2277 2950 2672 3026 Παρασπουδῆς
2727 2953 2847 3026 gul.
2890 2956 2948 3021 ε’,
3008 2956 3058 3008 0".
3118 2957 3404 3030 στράτορες
3435 2959 3532 3010 τοῦ
3579 2957 3926 3033 πατριάρχου

2280 3041 2399 3114 gul.
2431 3043 2489 3110 ε’,
2523 3043 2573 3095 οἱ
2605 3043 2936 3118 ἀναγνῶσται
2965 3048 3074 3098 τῶν
3202 3039 3522 3117 ἑϐδομάδων
3553 3067 3603 3100 ν.
3643 3047 3687 3098 α’
3711 3043 3843 3118 gul.
3873 3046 3924 3112 ζ’,

2276 3129 2326 3182 οἱ
2359 3128 2560 3200 ψάλται
2589 3137 2687 3198 τῆς
2736 3130 2912 3202 Ἁγίας
2961 3132 3165 3210 Σοφίας
3195 3141 3294 3191 ν.α“
3328 3132 3450 3206 μιλ.
3487 3141 3546 3201 ς“,
3580 3136 3634 3188 οἱ
3671 3133 3927 3206 σκευοφῦ-

2276 3216 2435 3276 λακες
2462 3219 2584 3283 ν.α“,
2618 3220 2669 3272 οἱ
2704 3219 2971 3294 ὑπουργοὶ
2993 3225 3089 3274 τοῦ
3111 3223 3379 3296 νάρθηκος
3414 3221 3535 3294 gul.
3563 3219 3630 3290 3‘,
3666 3225 3720 3276 οἱ
3758 3223 3928 3276 ὀστιὶ-

2275 3324 2384 3379 ριοι
2410 3306 2715 3380 τοῦἈγίου
2749 3307 2988 3382 Φρέατος
3026 3311 3145 3381 μιλ.
3179 3317 3234 3380 ε’,
3259 3311 3310 3364 οἱ
3345 3308 3681 3383 βαλαντάδες
3718 3310 3846 3382 gul.
3876 3313 3929 3377 ε’,

523 3408 579 3476 3,
611 3404 961 3478 episcopiani
994 3403 1116 3459 mil.
1149 3403 1204 3472 5,
1236 3401 1595 3458 domesticus
1642 3401 2166 3472 hypodiaconorum

2280 3396 2327 3448 οἱ
2358 3395 2728 3451 ἐπισκοπιανοὶ
2777 3400 2881 3468 (34)
2919 3395 3037 3470 gul.
3091 3400 3147 3468 ε’,
3194 3401 3221 3452 ὁ
3267 3396 3585 3472 δομέστικος
3631 3405 3746 3455 τῶν
3804 3402 3936 3454 ὑπο-

528 3497 651 3554 mil.
683 3497 740 3563 6,
771 3494 1014 3550 ecclesia
1044 3495 1470 3548 Acmmetorum
1507 3507 1670 3546 num.
1701 3491 1756 3557 3,
1787 3489 2033 3545 ecclesia
2059 3490 2172 3544 Do-

527 3583 675 3640 mini
696 3597 857 3637 num.
884 3583 937 3646 1,
960 3580 1197 3636 ecclesia
1220 3580 1278 3634 S.
1304 3577 1585 3648 Stephani
1619 3578 1676 3632 in
1708 3577 1859 3633 circo
1891 3576 2169 3631 numism.

528 3674 581 3740 1,
606 3671 852 3728 ecclesia
881 3669 1195 3725 Salvatoris
1227 3683 1358 3722 cum
1391 3666 1731 3733 cognomine
1758 3665 1971 3720 Staurii
2004 3681 2168 3720 num.

524 3761 580 3828 1,
611 3759 853 3816 ecclesia
885 3756 1221 3813 monasterii
1265 3755 1532 3811 Basilida:
1563 3771 1726 3809 num.
1763 3755 1812 3822 1,
1846 3755 2086 3810 ecclesia
2112 3757 2168 3808 S.

525 3847 803 3919 Stephani
861 3845 1128 3916 Daphnes
1180 3860 1343 3900 num.
1403 3845 1454 3908 1,
1501 3842 1746 3898 ecclesia
1791 3843 1845 3898 S.
1879 3842 2064 3913 Sergii
2117 3844 2174 3896 et

527 3936 740 3992 Bacchi
769 3952 932 3991 num.
969 3939 1019 4000 1,
1051 3933 1295 3990 ecclesia
1337 3931 1679 3988 monasterii
1725 3930 1986 3987 Pelecani
2025 3947 2080 3984 n.
2116 3931 2172 3996 1,

531 4024 777 4082 ecclesia
805 4027 861 4078 S.
885 4023 1171 4078 Theodori
1203 4039 1260 4077 n.
1285 4022 1340 4088 1,
1369 4020 1614 4076 ecclesia
1645 4019 1704 4074 S.
1738 4018 1998 4074 Callinici
2029 4035 2088 4074 n.
2119 4021 2172 4088 1,

531 4113 797 4170 diaconia
845 4111 932 4167 vel
966 4110 1308 4167 diaconatus
1339 4113 1442 4164 aut
1473 4107 1865 4162 ministerium
1898 4107 2173 4162 ecclesia-

532 4204 746 4260 sticum
806 4199 1145 4256 monasterii
1203 4197 1417 4254 Urbicii
1475 4212 1636 4251 num.
1687 4197 1738 4261 1,
1789 4195 2056 4251 diaconia
2110 4196 2169 4252 S.

530 4291 699 4348 Mocii
733 4307 900 4346 num.
926 4291 977 4356 1,
999 4286 1241 4345 ecclesia
1271 4286 1327 4341 S.
1361 4284 1668 4341 Pancharii
1703 4300 1868 4338 num.
1903 4286 1953 4338 1.
1988 4285 2173 4340 Habes

528 4381 880 4436 numismata
911 4377 1092 4435 solida
1120 4378 1210 4443 24,
1236 4379 1292 4431 et
1321 4374 1435 4430 alia
1463 4374 1498 4428 5
1518 4391 1548 4429 e
1583 4373 1909 4428 miliaresiis
1940 4390 2174 4444 compu-

527 4469 666 4523 tatis
695 4471 953 4524 conl‘ecta
984 4483 1101 4522 una
1132 4481 1263 4521 cum
1299 4463 1422 4519 mil.
1454 4463 1507 4519 8.
1535 4463 1599 4518 In
1627 4479 1853 4518 summa
1884 4479 2046 4518 num.
2074 4463 2164 4529 29,

2283 3481 2547 3538 διακόνων
2584 3485 2710 3558 gul,
2755 3489 2815 3555 ς’,
2858 3490 2891 3556 ἡ
2940 3486 3204 3559 ἐκκλησία
3232 3491 3324 3544 τὸν
3355 3491 3714 3562 Ἀκοιμήτων
3749 3493 3872 3565 ν,γ’,
3907 3493 3935 3557 ἦ

2282 3571 2541 3639 ἐκκλησία
2567 3579 2664 3628 τοῦ
2696 3575 2894 3648 Κυρίου
2923 3584 3044 3647 ν.α“,
3071 3579 3104 3645 ἡ
3139 3575 3402 3647 ἐκκλησία
3441 3582 3536 3633 τοῦ
3569 3579 3772 3652 Ἀγίου
3812 3585 3937 3632 Στεο

2283 3662 2454 3737 φάνου
2483 3660 2580 3716 τοῦ
2611 3660 2984 3738 ἱπποδρομίαι)
3015 3667 3147 3736 ν.α’,
3179 3669 3212 3734 ἡ
3246 3665 3508 3736 ἐκκλησία
3535 3670 3630 3720 1:05
3668 3673 3937 3739 Σωτῆρος

2279 3755 2376 3805 τοῦ
2430 3751 2694 3825 Σταυρίου
2741 3755 2858 3824 ν,α’,
2910 3756 2944 3822 ἡ
2989 3752 3252 3824 ἐκκλησία
3302 3759 3408 3810 τῶν
3454 3754 3770 3811 Βασυλίόοῠ
3809 3758 3938 3824 α’,ἡ

2282 3836 2545 3909 ἐκκλησία
2569 3845 2665 3895 τοῦ
2694 3840 2880 3916 Ἀγίου
2934 3842 3206 3920 Στεφάνου
3235 3851 3335 3913 τῆς
3371 3848 3583 3922 Δάφνης
3609 3846 3739 3911 ν.α’,
3776 3847 3814 3913 ἡ
3848 3847 3941 3899 ἐκ-

2280 3925 2483 3996 κλησία
2513 3933 2607 3983 τοῦ
2639 3930 2818 4005 Ἀγίου
2853 3932 3082 4005 Σεργίου
3114 3933 3202 3986 καὶ
3236 3934 3458 4006 Βάκχου
3479 3934 3637 4002 ν.α⁸,ἡ
3663 3932 3943 4002 ἐκκλησία

2279 4022 2380 4085 τῆς
2421 4024 2591 4091 μονῆς
2623 4023 2719 4072 τοῦ
2759 4019 3062 4075 Ιιελεκάνου
3103 4022 3167 4090 α’,
3229 4023 3263 4090 ἡ
3322 4019 3583 4091 ἐκκλησία
3610 4027 3712 4076 τοῦ
3745 4023 3939 4097 ’Λγίυυ

2282 4102 2567 4180 Θεοδώρου
2597 4109 2663 4174 α’,
2764 4106 3028 4179 ἐκκλησία
3063 4113 3160 4164 1:05
3214 4110 3394 4186 Ἀγίου
3427 4109 3764 4166 Καλλινίκου
3805 4113 3871 4180 α’,
3906 4113 3937 4178 ἡ

2283 4191 2528 4249 διακονία
2581 4199 2680 4249 τῶν
2728 4192 3026 4271 Οὐρϐικίου
3085 4199 3152 4266 α’,
3204 4200 3240 4266 ἡ
3291 4196 3533 4253 διακονία
3596 4202 3694 4252 τοῦ
3748 4200 3939 4272 Ἀγίου

2283 4283 2509 4341 Μωκίου
2540 4286 2606 4353 α’,
2639 4287 2672 4354 ἡ
2706 4283 2968 4356 ἐκκλησία
2997 4290 3092 4340 τοῦ
3124 4286 3306 4360 Ἀγίου
3330 4289 3651 4362 Παγχαρίου
3673 4289 3739 4343 α’.
3766 4290 3938 4360 Ὀμοῦ

2285 4374 2521 4447 χρυσίου
2552 4371 2656 4444 κδ’,
2689 4372 2892 4430 καὶδιὰ
2938 4375 3057 4449 gul.
3111 4384 3171 4445 ε’,
3212 4377 3332 4449 μιλ.
3383 4380 3456 4448 η’.
3507 4379 3611 4434 Καὶ
3668 4379 3814 4450 ὁμοῦ
3853 4377 3938 4433 8d

2287 4462 2516 4536 χρυσίου
2547 4464 2638 4517 καὶ
2673 4462 2790 4535 μιλ,
2817 4466 2916 4531 κθ’,
2951 4462 3072 4537 gul.
3121 4467 3194 4534 η’.
3245 4467 3347 4520 Καὶ
3393 4467 3535 4540 ὁμοῦ
3563 4468 3625 4521 τὸ
3654 4473 3759 4520 πᾶν
3792 4465 3934 4539 ἔξοδ.

530 4556 655 4611 mil.
708 4558 761 4612 8.
818 4558 944 4610 Haec
1002 4573 1237 4612 summa
1293 4555 1343 4609 si
1402 4553 1860 4626 praecedentibus
1925 4553 2167 4608 addatur

2280 4549 2419 4624 λίτρ.
2453 4557 2509 4621 ε’,
2539 4574 2585 4607 ν.
2619 4553 2726 4623 μζ,
2757 4551 2846 4606 καὶ
2878 4551 3073 4627 ἄνα-πρ.
3102 4555 3196 4621 κε’,
3228 4552 3393 4625 ἔστιν,
3429 4552 3486 4610 δὲ
3506 4556 3593 4610 καὶ
3619 4557 3654 4624 ἡ
3691 4552 3927 4628 διανομὴ

531 4652 787 4715 emerget
840 4661 1218 4715 expensarum
1278 4659 1593 4698 numerus:
1627 4641 1771 4695 litras
1800 4642 1854 4707 5,
1891 4641 2163 4696 numism.

2274 4643 2380 4693 τῶν
2421 4661 2470 4694 ν.
2505 4639 2578 4711 π’,
2609 4644 2716 4692 τῶν
2752 4640 2934 4714 ὀψικρ.
2959 4645 3055 4696 τοῦ
3087 4643 3369 4716 πατρικίου
3397 4646 3528 4716 (13).

535 4733 624 4788 47.
659 4731 726 4788 Ut
775 4732 919 4787 adeo
951 4733 1021 4786 ad
1067 4731 1443 4803 complendas
1499 4745 1600 4786 sex
1658 4729 1825 4785 litras
1883 4730 2175 4801 supersint
2229 4730 2419 4802 adhuc
2473 4730 2545 4786 25
2603 4730 2886 4786 numism.
2951 4735 3101 4803 [qua
3157 4734 3420 4790 videntur
3459 4735 3787 4806 praepositis
3845 4751 3932 4790 cc-

532 4824 748 4888 ssisse;
783 4827 842 4879 ut
874 4822 1070 4888 etiam,
1101 4837 1221 4892 quis
1269 4821 1328 4877 in
1386 4821 1780 4894 superioribus
1835 4820 2128 4892 compotis
2188 4819 2594 4876 desiderantur
2635 4822 2707 4876 ad
2757 4821 3134 4893 complendas
3191 4840 3445 4880 summas
3501 4830 3652 4890 octo,
3684 4830 3743 4880 et
3777 4824 3932 4880 dein-

536 4930 674 4986 ceps
699 4916 918 4984 septem
951 4909 1266 4979 litrarum].
1299 4911 1495 4966 Fiebat
1548 4917 1740 4966 autem
1793 4909 2122 4966 distributio
2179 4910 2475 4982 octoginta
2531 4911 2960 4967 numismatum
3019 4913 3427 4984 obsequiorum
3484 4915 3710 4986 patricii
3742 4915 3846 4970 sic.
3877 4913 3937 4946 ’⁵⁸

1589 5045 1792 5101 JOAN.
1823 5045 1964 5103 JAC.
1999 5044 2262 5102 RElSKII
2291 5044 2884 5102 COMMENTARIUS.

611 5173 725 5245 (34)
756 5165 1191 5245 Ἐπισκοπιανοί.
1215 5167 1370 5245 _Sunt
1400 5165 1646 5245 ministri
1693 5168 2180 5244 chartOphylacis,

543 5238 673 5302 ideo
703 5238 857 5316 quod
891 5239 1308 5316 chartophyla;
1347 5238 2034 5316 patriarchae,__qu_atentis
2066 5245 2189 5315 epi-

546 5309 738 5387 scopi,
760 5319 914 5387 vices
964 5309 1130 5383 gerit,
1163 5309 1376 5387 et_ejus
1433 5309 1794 5387 episcopatui.
1807 5313 1942 5387 jura
1994 5309 2192 5370 omnia

549 5381 793 5445 exercet.
825 5381 1409 5454 Hac—sententiasst
1438 5381 1609 5438 Goari
1641 5382 1713 5436 ad
1757 5381 1959 5438 Codin.
1994 5402 2048 5453 p.
2084 5388 2142 5440 11
2175 5403 2189 5454 ;

549 5460 660 5515 vid.
693 5460 781 5514 Du
811 5461 1000 5524 (Lange
1030 5453 1220 5509 Gloss.
1254 5452 1356 5509 Gr.
1397 5452 1456 5507 h.
1487 5469 1544 5509 v.

619 5531 732 5599 (13)
767 5528 829 5599 In
863 5523 954 5580 his
985 5524 1286 5599 desinebat
1330 5525 1565 5596 pagina.
1598 5523 1800 5580 Palam
1851 5527 1972 5599 est,
1987 5531 2194 5599 secuta

555 5596 694 5656 olim
715 5596 904 5654 fuisse
933 5596 1223 5667 quedam,
1263 5609 1391 5667 quas
1439 5601 1540 5650 aut
1570 5612 1868 5667 nunquam
1897 5613 1931 5652 a
1960 5597 2195 5654 librario

557 5679 785 5728 exarata
843 5664 1092 5734 fuerunt,
1122 5669 1223 5720 aut
1264 5664 1415 5720 malo
1470 5680 1606 5721 casu
1663 5664 1854 5722 ablata
1909 5674 2065 5736 sunt,
2097 5672 2196 5722 aut

2295 5185 2588 5253 nunquam
2613 5169 2842 5253 illigata
2877 5170 3012 5253 huic
3053 5172 3389 5253 codici.$go
3404 5173 3693 5253 sanedum
3717 5174 3939 5253 deside-

2292 5243 2375 5297 rio
2393 5243 2652 5313 plurium
2668 5250 2826 5298 tento
2843 5243 3109 5298 ultimam
3126 5243 3718 5313 membranam,cujus
3731 5246 3934 5301 antica

2292 5329 2425 5385 pars
2457 5316 2673 5388 munda
2715 5320 2857 5381 erat,
2892 5315 3083 5370 inveni
3114 5316 3171 5370 in
3213 5317 3453 5387 postica,
3487 5315 3929 5388 ligneo_involu-

2291 5400 2390 5440 cro
2421 5385 2807 5466 agglutinata,
2825 5385 3370 5466 magmentum—hoc,
3395 5385 3624 5466 initium
3645 5385 3929 5466 elegantis

2293 5457 2558 5537 opusculi
2577 5463 2638 5537 _et
2657 5457 2840 5537 magni
2864 5458 3130 5537 faciendi,
3155 5459 3206 5513 si
3229 5463 3417 5537 totum
3450 5464 3695 5537 exstaret
3717 5475 3734 5537 ς
3759 5464 3927 5537 quod,

2295 5527 2531 5608 ne‘quid
2577 5527 2973 5608 h_ujus'operi_s
3003 5546 3106 5600 per
3141 5545 3232 5585 me
3265 5531 3491 5602 periret,
3524 5529 3691 5605 quale
3723 5527 3927 5596 inveni,

2297 5596 2733 5665 subjiciendum
2766 5596 2981 5654 curavi.
3004 5596 3022 5600 ’
3265 5596 3281 5602 ⁷
3476 5596 3486 5600 ’
3541 5596 3585 5605 ”
