4088 6300
297 381 452 444 1445

900 526 1157 581 ΚΕΦΑΛ.
1201 525 1316 581 NZ'.

298 611 427 688 Περὶ
508 615 803 684 συνηθειῶν
868 617 989 688 τῶν,
1061 615 1438 688 πραιποσίτων
1532 613 1583 668 ἐν
1656 618 1723 687 τῇ
1789 614 1932 686 τάξει

841 689 938 739 τοῦ
977 682 1373 759 ἱπποδρομίου.

367 773 698 848 Ἐπειδήπερ
729 779 890 829 πᾶσιν
917 775 1230 849 πρόκεινται
1267 777 1303 843 ἡ
1336 782 1439 844 τῆς
1491 782 1725 850 τερπνῆς
1768 777 1934 830 ἱππο-

293 864 526 941 δρομίας
577 865 928 944 χαρμόσυνος
972 863 1062 928 θὲα
1109 865 1199 918 καὶ
1252 860 1482 941 ἀκριϐὴς
1531 871 1637 919 τῶν
1696 864 1747 918 ἐν
1796 865 1933 938 αὐτῇ

297 953 571 1035 διαφόρων
630 954 826 1023 τάξεων
873 952 1201 1028 ἐνάρμοστος
1248 954 1432 1028 χωρία
1491 955 1580 1009 καὶ
1631 961 1936 1026 σύμπνοια-

296 1042 378 1099 δεῖ
407 1046 622 1104 πάντως
652 1043 742 1097 καὶ
774 1041 977 1114 ταύτην
1018 1043 1357 1117 ἀνάγραπτον
1408 1049 1527 1105 ταῖς
1577 1043 1652 1103 εἷς
1702 1044 1760 1096 τὸ
1810 1043 1933 1112 ἑξῆς

291 1142 496 1212 γενεαῖς
555 1139 874 1190 καταλιπεῖν
938 1134 1304 1206 σημαίνουσαν
1354 1137 1452 1204 τήν
1500 1130 1719 1189 ἕκαστον
1760 1133 1934 1189 αὐτων

291 1227 526 1294 τοπικήν
584 1223 855 1296 σημασίαν
908 1224 998 1278 καὶ
1051 1224 1339 1297 σχήματος
1394 1221 1706 1298 ἐναλλαγὴν
1753 1223 1795 1291 ⁷,
1842 1225 1933 1279 καὶ

293 1314 500 1382 ὁπόσην
528 1310 754 1374 ἕκαστος
811 1309 987 1367 αὒτῶν
1039 1311 1128 1366 ἐπὶ
1179 1311 1237 1366 ὅν
1293 1314 1680 1368 κατατάσσετάι
1725 1315 1746 1349 ⁸
1792 1313 1934 1382 κλῆ-

292 1423 384 1477 ρον
440 1397 846 1458 καταϐάλλεται
903 1405 1019 1463 τοῖς
1076 1403 1456 1475 πραιποσίτοις
1502 1405 1600 1472 τὴν
1650 1403 1931 1472 συνήθειαν

295 1494 368 1554 ὡς
398 1487 622 1567 ἔχοντες
675 1493 850 1547 αὐτῶν
900 1493 998 1560 τήν
1049 1497 1222 1548 πᾶσαν
1271 1490 1508 1562 ἐξουσίαν
1553 1493 1644 1546 καὶ
1693 1491 1934 1562 εὐταξίας

287 1576 522 1652 διάταξιν
589 1580 679 1636 καὶ
737 1578 1173 1654 ἀπαραλλάκτως
1229 1585 1348 1642 τοῖς
1415 1579 1670 1654 ἀρχαίοις
1733 1582 1925 1643 τύποις

289 1668 763 1739 ἐξακολουθοῦσιν.
821 1670 924 1726 Καὶ
972 1671 1074 1745 γὰρ
1125 1669 1199 1732 ὠς
1265 1670 1370 1725 ἀπὸ
1418 1669 1657 1726 παλαιοῦ
1719 1668 1926 1744 ἐκράτει

289 1761 324 1828 ἡ
381 1761 656 1829 συνήθεια,
716 1758 1009 1833 ἐξηύρηται
1067 1757 1122 1814 δὲ
1172 1760 1261 1814 καὶ
1322 1759 1458 1832 μετά
1510 1763 1677 1814 ταῦτα
1733 1757 1822 1814 ἐπί
1869 1780 1927 1814 τε

287 1851 490 1926 Ἰωσὴφ
521 1849 880 1919 πραιποσίτου
930 1850 1041 1922 (14)
1087 1853 1183 1903 τοῦ
1226 1850 1483 1922 γέροντος
1525 1849 1613 1902 καὶ
1661 1854 1769 1903 τῶν
1818 1850 1925 1923 πρὸ

291 1938 475 2007 αὐτοῦ,
509 1939 593 1999 οἷς
645 1940 734 1992 καὶ
795 1937 1117 2011 ἐπέπρακτο.
1169 1939 1247 1995 Τὸ
1303 1938 1404 2013 γὰρ
1462 1937 1792 2013 ἀκρὸστιχον
1832 1945 1932 2008 τῆς

295 2027 461 2104 ρόγας
487 2033 594 2082 τῶν
623 2026 925 2083 πολιτικῶν
964 2029 1165 2097 τάξεων
1201 2031 1297 2082 τοῦ
1341 2024 1714 2101 ῖπποδρομίου
1761 2025 1932 2100 ἐλάμ-

293 2112 454 2172 ϐανον
487 2117 537 2170 οἱ
576 2117 936 2190 πράιπὸσιτοι
981 2115 1040 2171 ἐκ
1077 2120 1173 2170 τοῦ
1222 2114 1425 2170 εἰδικοῦ
1473 2111 1662 2191 λόγου,
1712 2110 1931 2191 ἔχοντες

292 2207 419 2280 παρ’
451 2207 665 2266 ἑαυτοῖς
715 2205 766 2259 ἐν
813 2203 1048 2275 κώδηξιν
1093 2206 1189 2266 τάς
1236 2205 1410 2274 τάξεις
1459 2207 1575 2259 κατ’
1622 2201 1794 2278 ὄνομα
1843 2207 1932 2260 καὶ

286 2297 339 2352 ἐν
373 2301 451 2370 τῷ
490 2295 627 2369 οἴκῳ
678 2296 854 2351 αὐτῶν
911 2296 1189 2372 ἒρόγευον,
1240 2293 1660 2370 λογαριάζοντες
1709 2294 1928 2352 ἕκαστον

295 2387 370 2460 μὴ
418 2385 640 2459 ἀμελῶς
694 2384 993 2440 διακεῖσθαι
1058 2386 1194 2458 πρὸς
1260 2387 1358 2452 τήν
1429 2383 1680 2439 δουλείαν
1745 2384 1929 2452 αὐτοῦ,

284 2479 464 2540 καθὼς
498 2477 549 2531 οἱ
579 2480 686 2532 τῶν
737 2473 831 2530 δύο
887 2480 1064 2548 μερῶν
1121 2474 1521 2550 χαρτουλάριοι
1573 2477 1687 2548 μετ’
1735 2473 1931 2550 ἐγγρά-

288 2585 390 2642 φου
427 2563 724 2641 ἀσφαλείας
769 2563 999 2624 τούτους
1049 2559 1412 2618 ὑπεδείκνυον.
1465 2562 1563 2616 Καὶ
1612 2563 1663 2617 ἐν
1713 2563 1928 2626 τούτοις

287 2658 416 2707 πᾶσι
447 2659 563 2714 τοῖς
618 2653 825 2722 τάξεσιν
872 2650 924 2706 εἷ’
974 2671 1122 2712 τινας
1177 2651 1437 2725 ηὕρισκον
1481 2648 1927 2721 τελευτήσαντας,

286 2741 615 2797 κατέτασσον
690 2741 1002 2814 ἀνθετὲρους
1079 2736 1322 2814 ἀκριϐεῖς
1405 2740 1494 2795 καὶ
1587 2739 1929 2811 ἐπιτηδείους

282 2831 420 2905 πρὸς
455 2832 520 2901 ἣν
568 2825 789 2892 ἕκαστος
847 2831 1022 2885 αὐτῶν
1091 2828 1340 2885 ἐτάσσετο
1395 2831 1564 2903 τάξιν.
1621 2831 1925 2901 Χαυνότητι

289 2921 464 2975 τοίνυν
519 2925 626 2974 τῶν
689 2920 822 2992 μετὰ
875 2923 1040 2974 ταῦτα
1102 2918 1476 2991 πραιποσίτων
1554 2918 1820 2993 μετῆλθεν
1889 2923 1923 2990 ἡ

284 3006 588 3085 διακατοχή
639 3013 745 3064 τῶν
800 3007 1064 3064 τοιούτων
1111 3009 1308 3078 τάξεων
1361 3008 1439 3070 εἷς
1495 3008 1556 3062 τὸ
1605 3028 1926 3083 στρατιωτι-

279 3097 374 3151 κὸν
407 3097 752 3171 λογοθέσιον,
779 3097 867 3151 καὶ
899 3096 1076 3173 χωρὶς
1110 3098 1338 3174 γνώμης
1385 3101 1494 3152 τῶν
1547 3097 1921 3171 πραιποσίτων

269 3183 320 3238 οἶ
377 3205 435 3238 τε
491 3183 896 3259 χαρτουλάριοι
952 3187 1044 3239 καὶ
1112 3187 1139 3240 ὁ
1195 3187 1588 3258 στρατιωτικὸς
1634 3187 1921 3241 τάσσουσιν

1108 385 1209 445 DE
1253 382 1720 446 CERIMONIIS
1764 384 2000 446 AULIE
2040 381 2522 446 BYZANTIN/E
2565 386 2717 448 LIB.
2762 387 2841 448 II.

1961 528 2014 592 Α

3528 377 3688 458 1446

2553 527 2702 582 467
2745 527 2974 585 CAPUT
3017 529 3172 587 LVII.

2206 616 2282 670 De
2310 616 2798 673 consuetudinibus
2825 620 3208 687 praise-tarum
3237 621 3294 676 in
3328 621 3522 680 ordine

2680 689 3046 760 hippodromi.

2119 782 2264 838 Cum
2296 782 2574 838 omnibus
2604 787 2804 838 notum
2837 783 2916 838 sit
2944 783 3133 841 dulcis
3164 785 3532 856 hippodromi
3557 810 3690 864 gra-

2046 874 2172 926 tum
2205 871 2606 943 spectaculum
2636 878 2810 944 atque
2832 878 3103 929 accurata
3134 892 3238 932 nec
3262 893 3378 933 non
3408 887 3542 951 apta
3573 900 3680 940 va-

2047 961 2266 1016 riorum
2284 963 2410 1032 ejus
2423 963 2696 1018 ordinum
2717 962 3061 1019 vicissitudo
3083 969 3139 1020 et
3159 964 3462 1024 harmonia
3487 972 3575 1041 :ju
3587 979 3681 1030 vat

2044 1051 2287 1105 omnino
2316 1052 2491 1106 etiam
2527 1051 2672 1106 hanc
2718 1051 2964 1122 posteris
3010 1053 3286 1124 scriptam
3341 1059 3567 1116 tradere
3623 1067 3681 1119 et

2044 1139 2302 1209 cujusvis
2333 1138 2524 1194 locum
2557 1157 2624 1195 ac
2643 1140 2874 1195 habitus
2897 1141 3272 1198 mutationem
3316 1144 3593 1218 indicare,
3623 1160 3679 1206 et

2044 1243 2173 1297 quae
2191 1225 2377 1282 cuivis
2398 1229 2728 1298 praeposito,
2751 1229 3071 1284 secundum
3096 1230 3283 1286 locum
3299 1249 3475 1304 quem
3499 1239 3673 1306 tenet,

2045 1314 2378 1384 imponatur
2400 1317 2782 1383 consuetudo,
2797 1317 3080 1389 siquidem
3099 1320 3294 1376 omnis
3308 1321 3539 1380 illorum
3555 1342 3679 1383 cur-

2045 1419 2219 1460 suum
2253 1405 2558 1461 arbitrium
2579 1421 2645 1460 ac
2666 1405 2966 1475 dispositio
2989 1409 3060 1462 ad
3084 1410 3381 1477 praefectos
3405 1415 3674 1488 pertinet,

2042 1493 2123 1548 ita
2175 1497 2242 1548 ut
2271 1510 2462 1549 mores
2511 1495 2586 1549 ab
2627 1495 2886 1566 antiquis
2915 1496 3160 1553 traditos
3191 1501 3355 1570 sequi
3387 1503 3656 1561 debeant.

2039 1583 2535 1649 Quemadmodum
2567 1585 2721 1639 enim
2739 1587 3096 1641 consuetudo
3126 1587 3264 1643 olim
3297 1589 3564 1659 invaluit,
3595 1596 3676 1651 ita

2041 1671 2217 1726 etiam
2243 1672 2350 1727 sub
2366 1671 2620 1742 Josepbo
2650 1673 2914 1743 praefecto
2944 1676 3171 1730 seniore
3218 1677 3465 1750 ejusque
3509 1687 3677 1739 ante-

2040 1761 2372 1822 cessoribus
2403 1760 2652 1832 perrexit
2691 1765 2865 1834 atque
2899 1761 3087 1818 valida
3125 1764 3253 1820 fuit.
3285 1771 3672 1830 Acrostichon

2040 1850 2218 1919 enim,
2251 1866 2366 1920 quo
2391 1849 2565 1906 series
2596 1849 2962 1921 politicorum
3007 1851 3371 1923 hippodromi
3401 1859 3674 1916 ordinum

2042 1938 2467 2004 continebatur,
2491 1939 2738 2007 praefecti
2771 1940 3190 2010 depromebant
3231 1959 3263 1998 e
3298 1943 3580 2017 singulari
3609 1949 3680 2019 li:-

2042 2025 2218 2095 bello,
2239 2026 2646 2098 habebantque
2667 2027 2725 2082 in
2747 2029 3047 2085 codicibus
3069 2032 3303 2088 ordines
3331 2036 3677 2094 nominatim

2041 2115 2361 2186 descriptos
2392 2117 2666 2187 domique
2697 2117 3136 2188 dispertiebant.
3187 2125 3366 2178 Porro
3414 2126 3681 2197 singulos

2042 2205 2290 2273 ordines,
2325 2205 2403 2259 uti
2435 2205 2684 2260 duarum
2719 2205 2968 2277 partium
2991 2208 3327 2266 chartularii
3351 2216 3677 2272 secundum

2041 2294 2439 2350 recensionem
2471 2294 2782 2367 diligenter
2812 2305 3106 2353 exaratam
3157 2299 3288 2356 illos
3335 2303 3673 2372 evocabant,

2039 2387 2106 2440 ut
2136 2399 2354 2439 munus
2384 2399 2554 2440 suum
2604 2389 2841 2441 strenue
2890 2386 3142 2454 obirent,
3192 2390 3669 2450 exhortabantur.

2039 2472 2239 2528 Sicubi
2271 2477 2460 2528 autem
2492 2473 2732 2544 quidam
2766 2489 2832 2529 ex
2865 2473 2960 2531 bis
2981 2477 3256 2533 omnibus
3281 2480 3584 2537 ordinibus
3605 2483 3679 2538 ad

2039 2561 2212 2616 ﬁnem
2248 2565 2650 2632 pervenerant,
2683 2563 2926 2634 praefecti
2956 2563 3122 2630 alios,
3164 2569 3483 2624 secundum
3526 2571 3678 2626 ordi-

2040 2667 2174 2706 nem
2190 2667 2305 2722 quo
2318 2651 2907 2722 quisquetenebatur,
2932 2653 3444 2725 subirejubebant.
3471 2659 3679 2716 Verum

2037 2740 2331 2795 enimvero
2362 2741 2846 2810 subsequentium
2881 2743 3287 2812 praefectorum
3326 2747 3682 2818 negligentia

2038 2828 2252 2884 factum
2284 2833 2393 2894 est,
2416 2833 2478 2886 ut
2505 2829 2816 2900 imperium
2847 2830 3055 2886 horum
3078 2834 3346 2890 ordinum
3366 2836 3440 2890 ad
3460 2837 3680 2892 milita-

2034 2933 2156 2973 rem
2181 2925 2520 2989 potestatem
2543 2919 2980 2985 transferretur,
3004 2921 3085 2976 ita
3108 2928 3192 2985 ut.
3210 2925 3496 2994 praefectis
3519 2933 3677 2998 post-

2035 3007 2269 3076 habitis,
2293 3007 2628 3062 chartularii
2650 3015 2820 3078 atque
2849 3008 3100 3066 militum
3121 3012 3233 3067 dux
3247 3029 3383 3069 suos
3404 3015 3676 3072 homines

2032 3113 2135 3168 pro
2165 3095 2354 3150 lubitu
2383 3095 2760 3166 disponerent
2788 3102 2845 3152 et
2872 3099 3174 3156 turmatim
3207 3103 3476 3173 progredi
3501 3105 3669 3173 jube-

2030 3186 2951 3255 rent,nullaomninocommunis
2981 3192 3248 3259 muneris
3287 3194 3542 3250 obeundi
3583 3213 3675 3251 ra-

274 3269 511 3333 εἰδικοὺς
543 3276 719 3326 αὐτῶν
764 3273 1085 3345 ἀνθρώπους
1134 3270 1550 3342 ἀναϐιϐάζοντες
1594 3276 1690 3335 τὰς
1740 3275 1916 3329 αὐτῶν

2040 3279 2184 3334 tione
2207 3277 2422 3335 habita.
2455 3283 2679 3345 Quos...
2713 3285 3004 3351 oportet...
3057 3284 3336 3340 removeri
3381 3302 3416 3340 a
3462 3287 3671 3356 praefe-

277 3361 443 3438 ῥόγας
483 3361 559 3422 ὡς
589 3362 652 3415 ἄν
702 3358 978 3427 ἐθέλωσιν,
1031 3357 1284 3422 δουλείας
1329 3362 1456 3435 παρ’
1499 3363 1677 3415 αὐτῶν
1729 3362 1804 3422 εἷς
1854 3364 1916 3416 τὸ

265 3450 442 3504 κεινὸν
470 3447 532 3502 τὸ
573 3448 822 3522 παράπαν
871 3449 946 3521 μή
978 3445 1294 3520 γινομένης.
1329 3448 1437 3509 Οῧς
1481 3489 1493 3503 .
1539 3491 1554 3505 .
1600 3490 1613 3504 .
1656 3451 1768 3522 χρὴ
1817 3467 1917 3501 κα-

275 3541 366 3614 τέρ
411 3583 424 3595 .
472 3582 484 3596 .
531 3583 544 3596 .
610 3561 670 3594 αν
718 3543 826 3593 τῶν
874 3538 1248 3612 πραιποσίτων
1293 3537 1600 3606 ἐξωθεῖσθαι
1649 3541 1744 3593 τοὸ
1789 3537 1917 3613 τάγ-

291 3643 464 3703 ματος
494 3627 571 3692 εἷς
600 3629 630 3684 ὅ
661 3627 1030 3686 δουλεύουσιν.
1069 3628 1166 3682 Καὶ
1196 3625 1301 3682 ἀπὸ
1332 3633 1430 3682 τοῦ
1477 3631 1568 3682 νῦν
1629 3625 1712 3682 δεῖ
1757 3626 1921 3682 πάλιν

276 3723 398 3780 τοῖς
443 3716 822 3786 πραιποσίτοις
881 3721 1048 3770 ταῦτα
1103 3717 1353 3792 κατέχειν
1406 3715 1494 3770 καὶ
1552 3713 1920 3788 διορθοῦσθαι,

272 3808 364 3861 καὶ
408 3809 605 3880 μηκέτι
640 3807 778 3879 μήτε
807 3807 900 3860 τὸν
931 3807 1322 3880 στρατιωτικὸν
1354 3807 1387 3876 ἦ
1426 3807 1553 3867 τοὺς
1604 3804 1925 3880 χαρτουλα-

279 3897 428 3971 ρίους
477 3897 569 3950 καὶ
625 3894 912 3968 νοταρίους
961 3894 1013 3950 ἐν
1071 3894 1285 3966 ἐξουσίᾳ
1344 3899 1479 3951 εἴναι
1565 3897 1778 3951 τάσσειν
1837 3895 1927 3972 ἀφ’

294 3989 499 4040 εαυτῶν
533 3985 624 4039 τὸν
657 3985 871 4040 οἱονοῦν
903 3982 998 4040 ἐν’.

2027 3375 2245 3420 ciorum
2280 3381 2523 3420 munere
2565 3384 2682 3438 quo
2739 3368 3086 3439 funguntur.
3119 3372 3202 3426 Ita
3257 3373 3330 3427 ab
3378 3373 3487 3428 hoc
3530 3375 3668 3430 inde

2025 3460 2282 3524 tempore
2317 3454 2506 3508 denuo
2526 3456 2781 3524 praefecti
2804 3457 2924 3511 haec
2941 3459 3266 3528 gubernare
3285 3465 3459 3532 atque
3489 3463 3675 3517 admi-

2027 3541 2277 3597 nistrare
2307 3543 2542 3610 debent,
2575 3559 2759 3611 neque
2795 3546 3051 3616 amplius
3081 3546 3214 3602 licet
3247 3549 3482 3604 tribuno
3513 3551 3672 3606 mili-

2028 3632 2154 3685 tum
2187 3635 2289 3685 aut
2333 3631 2704 3687 chartulariis
2747 3634 3059 3690 notariisve
3107 3635 3266 3692 illam
3320 3642 3668 3708 potestatem

2029 3731 2309 3784 exercere,
2344 3732 2530 3787 neque
2561 3735 2668 3774 suo
2699 3721 2942 3778 arbitrio
2960 3724 3269 3796 disponere
3291 3726 3669 3798 qualemcun-

2035 3821 2146 3878 que
2175 3821 2303 3861 1n...

1620 4131 1858 4188 νΑΒΙιΕ
1906 4131 2324 4190 LECTIONES.

342 4258 363 4294 ⁷
392 4255 710 4330 ἐναλλαγεῖν
744 4257 872 4314 cod.
905 4259 963 4313 et
989 4257 1082 4312 ed.
1156 4256 1178 4291 ⁸
1206 4254 1525 4309 κατάσσεται
1559 4256 1686 4312 cod.
1718 4261 1774 4312 et
1803 4257 1893 4312 ed.

1288 4389 1488 4445 JOAN.
1530 4390 1671 4446 JAC.
1727 4389 1984 4445 REISKII
2037 4390 2628 4449 COMMENTARIUS.

341 4532 454 4598 (14)
485 4532 684 4615 ’ίωσήρ
727 4532 1046 4615 ὁιπράιπός.
1093 4531 1371 4615 Quisnam
1407 4531 1484 4586 sit
1533 4529 1631 4613 ille
1674 4532 1919 4615 Joseph:
1953 4535 1998 4599 D
2034 4531 2125 4591 hic
2143 4532 2536 4615 cerimonialis
2560 4533 3000 4615 multum_a3tat_e
3022 4539 3387 4615 constantini
3421 4543 3680 4615 Porphy-

273 4604 776 4674 prtepositus,'qui
827 4604 920 4659 hic
959 4608 1472 4669 commemoratur,
1507 4605 1640 4673 quis
1680 4611 1769 4659 est
1817 4605 1916 4674 qui

272 4674 533 4730 dixerit?
565 4675 729 4730 Forte
759 4682 848 4730 est
875 4677 1067 4744 Ioseph
1099 4674 1360 4743 Bringas,
1392 4677 1463 4728 de
1506 4691 1618 4744 quo
1666 4677 1781 4730 vid.
1818 4676 1860 4730 Ι.
1898 4693 1915 4731 ι

272 4762 399 4817 cap.
431 4746 522 4800 96.
557 4745 668 4801 Sed
699 4748 911 4802 debent
940 4747 1143 4801 eodem
1194 4753 1454 4816 tempore
1494 4747 1609 4801 duo
1658 4747 1914 4802 eunuchi

270 4817 511 4888 Josephi
543 4818 777 4873 nomine
797 4818 857 4873 in
880 4818 1007 4873 aula
1030 4818 1350 4889 Byzantina
1377 4817 1576 4886 fuisse,
1603 4818 1673 4873 de
1702 4835 1814 4889 quo
1835 4820 1914 4874 vi-

274 4889 552 4945 dendum.
587 4890 646 4946 Si
678 4905 811 4944 vera
841 4893 930 4946 est
957 4891 1292 4960 conjectura
1320 4903 1468 4956 mea,
1501 4890 1673 4946 debet
1730 4891 1912 4946 codex

2061 4606 2335 4684 ogenneti
2389 4606 2633 4684 senioris
2685 4612 2744 4684 et
2782 4609 3084 4684 Nicephori
3143 4610 3345 4666 Phocea
3388 4606 3676 4684 posterior

2024 4693 2177 4756 esse.
2215 4680 2360 4756 Nam
2394 4676 2766 4756 reprehendit
2796 4676 3102 4737 mollitiem
3133 4688 3190 4738 et
3219 4676 3527 4756 segnitiem
3559 4689 3668 4738 τῶν

2030 4747 2169 4831 μετᾲ
2204 4747 2373 4831 ταῦτα
2403 4747 2800 4819 πραιποσίτων,
2834 4756 3261 4824 praepositorum
3286 4747 3405 4812 "illo
3445 4757 3676 4828 Iosepho

2027 4827 2426 4895 posteriorum.
