4184 6406
989 591 1622 682 ΕΒΙΤΟΒΠΜ
1683 590 2455 683 PATROLOGL’E
2512 595 2641 681 PB

1485 591 1622 680 JM
1683 590 2455 683 PATROLOGI/E
2512 593 3137 682 PR/EFATIO.

415 1059 471 1115 Α
519 1051 790 1133 pueritia
840 1049 910 1109 in
961 1045 1191 1109 litteris
1237 1043 1430 1108 sacris
1479 1049 1542 1106 et
1599 1043 1882 1124 profanis
1937 1044 2259 1106 institutus
2319 1047 2768 1108 Constantinus
2822 1049 3486 1129 Porphyrogennetus,
3551 1052 3778 1112 Leonis

339 1152 660 1232 Sapientis
716 1149 889 1209 ﬁlius
947 1153 1013 1208 et
1068 1146 1382 1218 alumnus,
1436 1143 1624 1222 plura
1679 1162 1869 1222 quam
1926 1149 2108 1223 pater
2166 1145 2364 1206 edidit
2417 1146 2759 1219 volumina,
2822 1147 3052 1226 quibus
3107 1167 3357 1210 summa
3423 1147 3561 1227 ejus
3630 1169 3773 1210 eru-

337 1253 493 1312 ditio
554 1257 618 1311 et
673 1249 904 1327 ingens
959 1245 1318 1307 litterarum
1397 1260 1578 1304 amor
1655 1242 1917 1304 miriﬁce
1993 1243 2378 1306 elucescunt.
2439 1245 2642 1324 Major
2704 1251 2918 1306 tamen
2995 1247 3372 1327 scriptorum
3431 1248 3569 1326 ejus
3629 1268 3774 1328 pars

346 1353 515 1412 circa
585 1352 964 1429 argumenta
1034 1345 1302 1426 profana
1375 1350 1703 1416 versatur;
1785 1343 1989 1403 minor
2074 1362 2222 1424 pars
2305 1351 2682 1424 argumenta
2765 1346 3001 1408 ordinis
3087 1349 3346 1409 moralis
3429 1349 3529 1410 vel
3610 1349 3773 1410 sacri

353 1455 599 1511 tractat.

427 1548 665 1608 Odaria
718 1541 1104 1612 catanuctia,
1164 1560 1304 1620 qua
1358 1540 1424 1602 in
1481 1559 1669 1602 usum
1717 1539 2012 1601 Ecclesia
2065 1542 2439 1621 composuit,
2492 1542 2630 1623 jam
2681 1543 2992 1606 edidimus
3049 1564 3194 1606 cum
3269 1546 3518 1626 scriptis
3593 1547 3768 1608 litur-

344 1643 504 1722 gicis
536 1643 734 1723 patris
764 1641 924 1720 ejus,
957 1637 1329 1718 Patrologiae
1354 1642 1528 1699 tomo
1557 1638 1740 1709 CVII,
1774 1656 1920 1716 pag.
1955 1638 2093 1699 299.

435 1741 778 1803 Homiliam
836 1740 913 1799 de
973 1736 1382 1798 translatione
1440 1735 1850 1814 reliquiarum
1911 1737 2112 1797 sancti
2164 1738 2426 1799 Joannis
2482 1739 2935 1820 Chrysostomi,
2996 1759 3188 1821 quam
3248 1747 3494 1803 exstare
3551 1742 3773 1804 asserit

344 1841 642 1912 Allatius,
678 1839 766 1900 De
795 1837 1155 1918 Symeonum
1183 1833 1453 1914 scriptis,
1486 1853 1549 1913 p.
1586 1836 1724 1912 111,
1757 1853 1889 1910 pra
1926 1835 2216 1896 manibus
2248 1855 2372 1896 non
2405 1836 2735 1898 habemus.

435 1939 754 1999 Habemus
809 1941 1022 1996 autem
1080 1932 1408 1994 homiliam
1469 1931 1608 2010 ejus
1674 1932 1763 1992 De
1837 1931 2220 1994 translatione
2276 1935 2562 2013 imaginis
2618 1935 2958 2014 Edessena,
3015 1956 3053 1998 a
3109 1938 3482 2000 Combeﬁsio
3539 1940 3772 2002 editam

345 2037 414 2098 in
477 2036 719 2115 Manip.
779 2052 978 2094 rerum
1039 2029 1496 2110 Constantinop.
1557 2032 1737 2090 Hanc
1794 2048 1833 2090 a
1887 2031 2295 2092 Constantino
2351 2031 2956 2112 Porphyrogenneto
3015 2035 3312 2113 scriptam
3357 2036 3547 2097 fuisse
3595 2037 3774 2098 dubi-

354 2140 575 2196 tarunt
631 2129 942 2202 nonnulli,
1002 2128 1112 2208 qui
1170 2145 1306 2188 eam
1367 2128 1474 2187 uni
1526 2145 1603 2188 ex
1674 2127 2138 2188 successoribus
2194 2129 2586 2192 Constantini
2653 2131 3052 2193 tribuendam
3115 2153 3247 2196 esse
3305 2135 3766 2197 existimarunt.

343 2236 422 2293 At
483 2246 839 2310 perperam.
900 2229 992 2288 Ex
1049 2225 1316 2286 historia
1381 2224 1546 2285 enim
1624 2225 2324 2304 Constantinopolitana
2400 2233 2643 2289 constat
2719 2230 3061 2306 imaginem
3141 2232 3522 2293 Edessenam
3601 2252 3768 2295 anno

345 2328 605 2390 Domini
661 2329 777 2388 944
831 2323 1440 2403 Constantinopolim
1517 2323 1708 2384 fuisse
1781 2323 2180 2398 translatam,
2241 2330 2304 2385 et
2355 2325 2682 2388 homiliam
2743 2328 2863 2388 hac
2931 2329 3253 2391 occasione
3311 2331 3636 2393 recitatam
3686 2333 3766 2392 ab

330 2431 724 2509 imperatore
799 2427 914 2486 CP.
1000 2424 1190 2484 fuisse
1274 2423 1714 2502 compositam.
1801 2426 2002 2484 Porro
2084 2442 2251 2485 anno
2337 2427 2455 2485 944
2535 2427 2747 2487 nullus
2831 2428 3175 2508 imperator
3253 2432 3369 2492 CP.
3459 2431 3768 2509 regnabat

335 2533 579 2610 prater
609 2523 1083 2587 Constantinum
1112 2540 1127 2595 ;
1159 2522 1291 2600 ipse
1319 2521 1534 2600 igitur,
1567 2526 1628 2581 et
1658 2539 1783 2582 non
1813 2520 1995 2594 alius,
2031 2521 2222 2600 hujus
2251 2521 2532 2585 homilia
2563 2531 2784 2587 auctor
2815 2525 3144 2588 habendus
3175 2535 3288 2590 est.

419 2619 1212 2694 Novella,Constitutiones
1268 2617 1681 2690 Constantini,
1733 2617 1862 2676 fere
1928 2635 2170 2688 omnes,
2245 2619 2602 2696 argumenti
2678 2621 2841 2680 sacri
2914 2641 3022 2682 seu
3098 2624 3502 2686 ecclesiastici
3575 2633 3763 2698 sunt;

341 2741 414 2783 ac
476 2719 745 2802 proinde
799 2719 902 2778 hic
959 2715 1318 2796 repetenda
1377 2715 1653 2776 fuerunt.
1712 2715 1926 2775 Prima
1985 2721 2246 2775 vocatur
2302 2735 2340 2775 a
2397 2717 2626 2776 Graecis
2708 2717 2925 2777 Tomus
2997 2719 3268 2798 Unionis,
3349 2722 3496 2800 quia
3571 2723 3758 2782 ﬁnem

340 2818 644 2899 imposuit
726 2815 1054 2876 schismati
1127 2813 1192 2873 in
1266 2812 1435 2873 clero
1509 2811 1802 2873 orientali
1872 2817 2092 2873 exorto
2170 2811 2252 2872 ob
2327 2819 2586 2890 quartas
2668 2815 2921 2892 nuptias
2987 2816 3215 2876 Leonis
3295 2818 3631 2895 Sapientis.
3693 2821 3762 2880 ln

345 2936 525 2996 opere
581 2915 674 2977 De
728 2913 1066 2976 cerimoniis
1121 2910 1272 2972 aula
1325 2911 1698 2992 Byzantina,
1758 2910 1869 2972 lib.
1921 2927 1968 2983 Ι,
2030 2909 2234 2988 capite
2290 2911 2388 2982 36,
2452 2911 2748 2988 leguntur
2823 2911 3204 2974 Observanda
3273 2914 3335 2974 in
3391 2915 3764 2994 processione

344 3017 566 3075 unionis
627 3013 933 3085 Ecclesiae,
988 3031 1090 3072 seu
1144 3009 1390 3090 quando
1474 3011 1684 3069 Tomus
1738 3008 1978 3068 unionis
2036 3005 2324 3068 Ecclesia
2376 3009 2768 3088 pralegitur;
2828 3029 2905 3072 ex
2972 3012 3200 3090 quibus
3257 3014 3553 3092 colligere
3618 3016 3763 3076 licet

339 3114 560 3174 festum
595 3109 1094 3173 anniversarium
1123 3107 1294 3168 illius
1325 3106 1573 3167 unionis
1603 3107 1754 3168 olim
1788 3109 1908 3168 CP.
1941 3105 2131 3166 fuisse
2162 3106 2572 3168 celebratum.

411 3216 588 3293 Opus
655 3211 777 3270 hoc
833 3212 924 3269 De
979 3206 1321 3270 cerimoniis
1370 3203 1526 3267 aulae
1581 3205 1708 3268 ΟΡ.
1771 3205 1972 3265 multo
2031 3224 2105 3265 ex
2163 3206 2369 3283 capite
2426 3205 2508 3267 ad
2575 3206 3017 3268 elucidandam
3085 3208 3413 3271 historiam
3467 3211 3760 3273 ecclesia-

329 3311 553 3372 sticam
620 3307 987 3370 orientalem
1046 3313 1108 3366 et
1166 3310 1396 3365 statum
1456 3303 1752 3365 Ecclesia
1809 3303 2057 3364 civilem
2116 3303 2181 3362 in
2242 3304 2495 3365 Oriente
2555 3305 2838 3366 inservit.
2904 3310 3165 3368 Constat
3238 3309 3406 3368 enim
3478 3311 3758 3388 antiquis

327 3417 390 3471 et
448 3409 631 3470 novis
685 3404 1102 3476 documentis,
1181 3403 1513 3482 diligenter
1588 3401 1890 3470 collectis,
1968 3401 2196 3480 quibus
2266 3403 2712 3464 descrinuntur
2785 3405 3110 3484 utriusque
3184 3407 3514 3484 potestatis
3581 3409 3754 3487 jura,

324 3509 537 3570 ofﬁcia
590 3513 653 3567 et
704 3524 986 3566 munera.
1048 3505 1139 3564 Ex
1194 3521 1266 3564 eo
1325 3507 1592 3581 apparet
1661 3502 2084 3579 patriarcham
2137 3503 2254 3562 CP.
2317 3501 2594 3581 primum
2665 3509 2807 3582 post
2857 3505 3305 3584 imperatorem
3389 3507 3600 3568 locum
3679 3509 3746 3569 in

329 3613 465 3668 toto
526 3605 790 3684 imperio
846 3619 1228 3682 occupasse;
1289 3619 1363 3662 ac
1421 3619 1586 3680 saepe
1645 3599 1876 3679 sapius
1951 3617 2051 3660 res
2116 3599 2329 3662 civiles
2379 3601 2877 3681 administrasse,
2939 3623 3064 3664 non
3121 3623 3299 3665 secus
3355 3625 3427 3665 ac
3479 3607 3754 3685 impera-

329 3714 431 3767 tor
480 3724 578 3765 res
646 3703 1100 3763 ecclesiasticas
1167 3700 1483 3760 moderari
1554 3698 1851 3758 audebat.
1926 3698 1995 3757 In
2054 3697 2270 3758 multis
2344 3699 2688 3778 imperator
2745 3720 2833 3777 se,
2894 3708 2963 3762 ut
3032 3701 3197 3762 ﬁlius
3271 3703 3564 3764 Ecclesia
3635 3706 3750 3765 ob-

332 3803 876 3884 sequentissimus,
939 3799 1301 3861 auctoritati
1358 3796 1734 3876 patriarcha
1792 3795 2214 3874 subjiciebat;
2277 3797 2387 3857 sed
2449 3798 2685 3876 pariter
2739 3799 3102 3876 patriarcha
3157 3800 3276 3860 CP.
3340 3807 3408 3860 ut
3465 3802 3753 3862 subditus

337 3901 740 3982 imperatoris
795 3898 1234 3960 devotissimus
1310 3913 1444 3957 sese
1505 3913 1723 3974 gerere
1794 3893 2059 3954 solebat.
2125 3895 2191 3954 In
2246 3894 2514 3974 publicis
2569 3900 2780 3956 tamen
2837 3898 2998 3957 aula
3055 3898 3411 3960 cerimoniis
3465 3899 3748 3978 ejusdem

340 4003 466 4060 fere
498 3997 895 4059 auctoritatis
923 4001 986 4055 et
1006 3993 1330 4072 dignitatis
1362 4010 1494 4053 esse
1528 3991 1924 4053 videbantur.

420 4106 724 4162 Attamen
777 4099 1093 4156 Romanus
1135 4093 1448 4164 Pontifex,
1499 4091 1610 4151 illa
1665 4089 1874 4151 adhuc
1923 4095 2133 4162 atate,
2185 4109 2413 4170 nempe
2463 4097 2606 4170 post
2657 4092 2932 4153 schisma
2980 4092 3386 4168 Photianum,
3425 4101 3492 4156 ut
3521 4095 3764 4174 primus

341 4197 709 4279 patriarcha
766 4200 827 4255 et
885 4198 1076 4273 caput
1135 4191 1328 4252 totius
1383 4188 1678 4252 Ecclesia
1728 4188 2143 4249 tractabatur.
2179 4188 2318 4268 Ipse
2372 4190 2543 4250 solus
2599 4190 2678 4251 ab
2736 4191 3120 4270 imperatore
3179 4193 3368 4253 Pater
3421 4195 3764 4273 spiritualis

339 4297 538 4376 ipsius
621 4292 1081 4373 appellabatur,
1146 4309 1272 4369 quo
1355 4287 1608 4349 nomine
1691 4286 1903 4346 nullus
1975 4287 2340 4365 patriarcha
2414 4293 2646 4366 prater
2698 4289 2909 4368 ipsum
2985 4289 3335 4365 colebatur,
3412 4298 3481 4351 ut
3551 4293 3764 4353 videre

339 4403 431 4454 est
487 4394 555 4453 in
623 4390 912 4452 formulis
981 4387 1296 4450 scribendi
1367 4386 1446 4446 ad
1523 4384 1942 4465 patriarchas,
2019 4385 2249 4464 quibus
2329 4387 2668 4448 utebantur
2740 4387 3156 4467 imperatores
3230 4389 3763 4468 Constantinopo-

339 4491 544 4560 litani,
577 4495 641 4551 et
669 4507 829 4568 quas
875 4485 1323 4548 Constantinus
1376 4482 2022 4563 Porphyrogennetus
2081 4482 2337 4562 collegit
2390 4483 2456 4543 in
2513 4503 2702 4564 opere
2758 4486 2850 4546 De
2905 4487 3252 4546 ceremoniis
3306 4485 3461 4546 aulae
3513 4485 3766 4567 Byzan-

341 4593 500 4661 tina,
534 4588 646 4648 lib.
680 4605 749 4658 ιι,
788 4604 924 4665 cap.
960 4587 1062 4644 48.

419 4687 667 4749 Ibidem
727 4685 1169 4745 describuntur
1225 4699 1351 4741 non
1428 4683 1675 4740 tantum
1751 4678 2113 4740 cerimonia
2190 4679 2256 4739 in
2333 4685 2658 4758 posterum
2747 4681 3149 4756 adhibenda,
3225 4681 3334 4742 sed
3414 4682 3604 4744 etiam
3678 4701 3768 4743 ea

341 4806 480 4865 qua
543 4784 885 4862 aliquando
944 4781 1245 4842 adhibita
1320 4779 1599 4854 fuerunt,
1656 4776 1906 4855 quando
1966 4777 2280 4856 principes
2333 4777 2616 4839 extranei
2661 4778 2977 4840 civitatem
3035 4782 3153 4842 ΟΡ.
3215 4779 3574 4842 visitarunt.
3639 4782 3756 4861 Ita,

341 4883 618 4962 exempli
649 4882 875 4960 gratia,
910 4881 1183 4958 legimus
1227 4877 1460 4939 ibidem
1525 4875 1755 4954 quibus
1811 4875 2034 4935 ritibus
2091 4882 2343 4956 recepta
2400 4884 2493 4938 est
2551 4877 2632 4938 ab
2688 4877 3070 4956 imperatore
3127 4878 3538 4940 celeberrima
3599 4881 3760 4939 Bus-

340 4983 447 5043 sia
507 4979 884 5061 principissa
939 4979 1119 5058 Olga,
1177 4995 1319 5056 qua
1374 4973 1555 5035 initio
1614 4973 2540 5055 saculixConstantinopolim
2596 4977 2786 5053 venit,
2847 4980 2910 5036 et
2965 4977 3158 5056 paulo
3216 4982 3362 5056 post
3415 4978 3756 5039 Russorum

343 5079 820 5141 conversionem
845 5076 924 5138 ad
955 5076 1142 5137 ﬁdem
1174 5072 1598 5136 Christianam
1631 5071 2036 5150 praeparavit.

418 5177 819 5240 Constantini
889 5171 1470 5256 porphyrogenneti
1535 5170 1714 5250 jussu
1790 5170 2210 5249 compositum
2287 5177 2382 5233 est
2465 5172 2653 5232 etiam
2751 5174 3211 5253 Compendium
3317 5175 3532 5253 legum
3614 5173 3768 5236 civi-

342 5276 490 5336 lium
581 5281 647 5337 et
713 5274 1302 5348 ecclesiasticarum,
1374 5289 1452 5332 ex
1536 5287 1662 5348 quo
1740 5268 1889 5347 jura
1973 5268 2269 5331 Ecclesia
2356 5275 2419 5331 et
2500 5271 2630 5331 fata
2736 5269 2874 5350 ejus
2956 5271 3023 5333 in
3104 5273 3380 5352 Imperio
3466 5271 3776 5332 Orientali

339 5378 835 5453 cognoscuntur.

411 5476 674 5539 Praeter,
726 5471 936 5532 Vitam
1007 5471 1204 5551 patris
1273 5467 1370 5530 sui
1449 5465 1675 5528 Leonis
1759 5469 1820 5525 et
1902 5465 2003 5527 avi
2087 5465 2182 5526 sui
2264 5465 2478 5526 Basilii
2543 5468 2924 5546 Macedonis,
2998 5469 3446 5530 Constantinus
3529 5469 3780 5548 scripsit

339 5573 679 5633 Historiam
728 5575 1013 5632 veterum
1075 5585 1439 5647 regnorum,
1507 5562 1606 5623 vel
1660 5563 1868 5641 potius
1942 5563 2197 5642 collegit
2270 5565 2582 5642 Excerpta
2654 5565 2956 5625 historica
3021 5567 3399 5644 scriptorum
3475 5567 3768 5645 antiquo-

336 5693 462 5733 rum
517 5691 800 5754 quorum
861 5669 1189 5750 specimen
1247 5664 1504 5727 exhibet
1560 5665 1633 5722 D.
1695 5663 1878 5722 Card.
1940 5669 2012 5724 A.
2074 5663 2205 5724 Mai
2262 5663 2324 5723 in
2385 5665 2764 5743 Scriptorum
2824 5674 3085 5724 veterum
3144 5685 3278 5726 nov.
3340 5667 3566 5727 collect.
3621 5665 3777 5739 1.11,

326 5791 468 5853 pag.
519 5790 563 5848 ι,
628 5777 693 5835 et
765 5771 834 5834 in
893 5767 1113 5851 praf.,
1173 5781 1443 5844 quaque
1500 5759 1774 5842 plurima
1829 5760 2182 5839 fragmenta
2242 5760 2623 5840 scriptorum
2682 5762 3157 5840 deperditorum
3221 5783 3422 5841 nuper
3489 5761 3778 5838 suppedi-

637 5885 935 5946 Pu'aoc.
989 5877 1107 5938 Gn.
1155 5872 1342 5933 CXII.
3375 5873 3401 5927 1
