4184 6386
443 398 517 458 15
1728 381 1946 443 JOAN.
1997 379 2169 441 ALB.
2219 378 2563 440 FABRICII
3782 379 3859 439 16

513 529 566 584 4.
617 524 850 582 Novella:
894 517 1328 578 Constitutiones
1375 515 1520 583 XIII,
1560 528 1694 571 cum
1750 513 2014 570 versione
2063 517 2119 568 et
2165 512 2652 585 castigationibus
2693 515 2782 568 Jo.
2827 510 3161 567 Leunclavii
3195 525 3263 567 ex
3318 511 3445 582 ejus
3482 512 3613 567 lure
3648 509 3863 565 Graeco-

440 619 705 681 Romano,
738 622 873 669 tom.
912 611 953 678 Ι,
986 608 1089 663 lib.
1124 623 1183 673 ιι,
1220 620 1352 678 pag.
1387 603 1490 659 103
1520 620 1635 675 sq.,
1668 607 1727 660 et
1753 605 1874 660 tom
1908 602 1979 671 ll,
2010 602 2072 658 in
2091 600 2241 658 libro
2273 600 2662 669 Novellarum,
2713 618 2846 673 pag.
2890 602 2994 657 139
3042 616 3164 672 seq.
3212 600 3474 656 Francof.
3518 601 3677 667 1596,
3712 598 3809 667 t‘ol,
3838 616 3852 656 :

440 710 492 765 1.
519 710 591 763 De
610 703 947 762 alienatione
964 697 1285 770 fundorum,
1308 695 1477 766 cujus
1498 693 1956 759 constitutionis,
1976 691 2233 749 Cedreno
2255 691 2431 748 etiam
2455 694 2805 758 memoratae,
2828 692 2944 746 duo
2966 691 3252 761 exempla,
3278 689 3582 762 paululum
3604 690 3850 757 diversa,

439 815 559 855 una
585 809 720 851 cum
761 788 1000 864 synopsi
1045 788 1195 858 ejus,
1228 801 1262 840 a
1309 782 1486 839 Mich.
1537 782 1817 839 Attaliata
1864 781 2212 852 composita,
2264 781 2624 836 atteruntur:
2655 783 2710 836 2.
2769 785 2848 835 De
2894 779 3230 850 potentibus,
3281 781 3342 833 in
3383 778 3599 851 praedia
3640 794 3852 849 paupe-

436 906 565 946 rum
593 886 672 958 (b)
699 879 1149 945 succedentibus;
1181 877 1235 931 3.
1271 877 1342 931 De
1373 874 1639 930 militibus
1665 891 1680 942 ;
1715 874 1766 927 4.
1803 874 1875 928 De
1904 874 2253 928 restitutione
2277 874 2458 944 pretii
2484 872 2826 927 militarium
2851 871 3192 942 praediorum
3218 890 3233 939 ;
3265 872 3322 925 5.
3354 871 3429 926 De
3464 878 3599 941 fuga
3644 868 3856 925 manci-

436 980 678 1050 piorum,
709 971 1004 1042 hujusque
1037 964 1270 1023 novellas
1302 967 1716 1036 argumentum
1746 963 1839 1030 ;6.
1872 963 1948 1017 De
1978 978 2086 1017 non
2117 961 2412 1050 deserendo
2440 960 2647 1030 iudicio
2677 960 2860 1050 abiis
2890 959 2988 1032 qui
3033 960 3307 1050 actionem
3338 961 3664 1026 instituunt,
3704 962 3761 1013 et
3791 958 3856 1014 de

438 1048 527 1121 liis
556 1063 654 1135 qui
681 1061 751 1115 ad
782 1067 888 1115 tres
918 1070 1125 1113 menses
1152 1053 1237 1109 vel
1264 1067 1479 1107 annum
1503 1052 1723 1105 absunt.
1756 1050 1811 1103 7.
1843 1054 1921 1104 De
1952 1064 2011 1106 ea
2034 1049 2175 1120 quod
2184 1049 2407 1120 judices
2429 1050 2617 1105 civiles
2647 1048 2792 1104 nihil
2821 1050 3064 1119 accipere
3081 1048 3349 1117 debeant;
3379 1050 3435 1105 8.
3471 1050 3542 1107 De
3569 1052 3857 1120 sportulis,

440 1149 564 1225 περὶ
602 1149 1015 1221 ὶκταγιατικῶν.
1048 1143 1102 1197 9.
1136 1143 1209 1198 De
1237 1138 1743 1197 consuetudinibus.
1778 1139 1864 1193 10.
1895 1139 1972 1194 De
2000 1142 2092 1193 test

2203 1138 2341 1193 entis
2370 1138 2679 1209 aperiendus
2704 1158 2720 1203 ;
2757 1139 2841 1192 11.
2873 1143 2949 1194 De
2976 1137 3464 1195 consuetudinibus
3493 1142 3693 1196 scriba:
3718 1160 3733 1210 ;
3771 1142 3855 1197 12.

441 1245 515 1298 Dc
546 1241 630 1295 his
660 1240 760 1310 qui
786 1235 956 1292 credes
985 1230 1332 1289 committunt
1358 1228 1560 1300 gladio,
1593 1226 1682 1284 vel
1708 1229 1929 1297 magnis
1956 1227 2225 1295 fustibus,
2249 1228 2335 1283 vel
2366 1228 2667 1299 lapidibus,
2699 1227 2860 1298 idque
2898 1228 3169 1292 consulto,
3204 1228 3291 1282 13.
3326 1232 3409 1284 De
3437 1230 3726 1300 secundis;
3754 1235 3864 1287 ter-

443 1330 539 1386 tiis
566 1335 619 1384 et
648 1324 865 1399 quartis
893 1323 1131 1394 nuptiis.
1163 1318 1579 1375 Duodecimam
1610 1316 2089 1374 constitutionem
2118 1316 2378 1373 ediderat
2406 1316 2603 1386 etiam,
2638 1318 2739 1372 sed
2772 1316 2963 1388 capite
2994 1315 3282 1372 mutilam.
3331 1317 3702 1375 Enimundus
3745 1321 3858 1375 Bo—

446 1417 697 1475 netidius
728 1415 787 1470 in
816 1412 968 1471 luris
997 1409 1285 1467 orientalis
1312 1406 1482 1462 libro.
1518 1424 1556 1461 ι.
1589 1422 1723 1478 pag.
1750 1406 1815 1460 19
1864 1406 2066 1478 (Paris.
2102 1405 2261 1476 1573,
2292 1405 2370 1478 8),
2415 1421 2587 1478 quem
2636 1406 2763 1462 vide
2807 1405 2982 1460 etiam
3028 1422 3083 1476 p.
3138 1405 3224 1471 15,
3280 1406 3380 1461 ubi
3430 1407 3502 1463 de
3550 1406 3665 1463 alia
3713 1410 3859 1464 Con-

446 1505 689 1565 stantini
738 1503 913 1574 hujus
964 1497 1384 1557 constitutione
1411 1493 1537 1569 περὶ
1595 1498 1692 1549 τοῦ
1751 1492 2098 1567 ἀναθεματίζε

2219 1515 2233 1547 ι
2289 1492 2417 1555 τοὺς
2465 1492 2771 1555 ἀποστάτας
2820 1493 2909 1547 καὶ
2955 1491 3350 1567 μουλταρίους.
3394 1495 3865 1565 Conslitutio15,

445 1594 580 1669 Ηερὶ
619 1588 980 1668 mxumum,
1012 1589 1293 1645 adversus
1337 1590 1577 1657 quartas
1625 1584 1884 1656 nuptias,
1917 1584 2121 1639 eodem
2170 1583 2298 1641 loco
2346 1584 2563 1655 legitur
2611 1600 2745 1655 pag.
2780 1584 2847 1639 16
2895 1601 2981 1655 sq.
3044 1584 3217 1640 Faan.
3270 1614 3335 1626 —
3386 1585 3451 1640 In
3501 1586 3863 1658 quibusdam

446 1687 617 1745 codd.
651 1684 793 1739 bibl.
828 1683 1002 1736 Laur.
1037 1678 1185 1733 Med.
1221 1677 1477 1732 Florent.
1511 1678 1651 1730 sunt
1674 1679 1976 1731 Constant.
2012 1673 2293 1746 Porphyr.
2328 1673 2595 1743 Novella,
2628 1675 2785 1747 leges
2834 1674 3525 1745 atque'constituliones,
3560 1694 3707 1748 quas
3738 1679 3863 1733 sin-

444 1775 635 1847 gulas,
668 1773 726 1827 in
761 1771 877 1827 illis
907 1769 1125 1834 obvias,
1157 1756 1461 1821 enumerat
1490 1780 1557 1819 ac
1606 1767 1868 1819 recenset
1896 1763 2144 1818 Bandin.
2178 1762 2240 1818 in
2270 1764 2395 1819 Cat.
2429 1763 2599 1820 codd.
2643 1762 2739 1818 Gr.
2773 1762 2978 1819 Medic.
3009 1766 3154 1819 tom.
3188 1764 3232 1829 Ι,
3266 1780 3322 1835 p.
3356 1764 3482 1833 530,
3518 1765 3642 1821 cod.
3679 1767 3765 1835 12,
3801 1783 3865 1821 ιι.

442 1866 477 1918 2
507 1867 562 1919 et
590 1863 645 1930 4,
678 1859 779 1916 ubi
811 1861 950 1914 sunt
980 1855 1141 1911 illius
1176 1852 1418 1909 novellae
1451 1853 1512 1907 11
1547 1851 1606 1906 in
1657 1850 2071 1923 compendium
2125 1851 2392 1907 redactae.
2425 1882 2493 1893 —
2523 1855 2661 1907 Tom
2684 1851 2781 1919 III,
2823 1866 2957 1923 pag.
3009 1868 3067 1923 p.
3101 1852 3222 1907 182.
3256 1853 3360 1908 cod
3390 1854 3446 1919 6,
3482 1870 3539 1911 n.
3576 1853 3662 1908 16.
3714 1854 3865 1925 plut.

422 1940 532 2009 '80.
558 1982 624 1992 —-
654 1951 789 2021 Pag.
825 1948 950 2012 186,
980 1962 1038 2000 ιι.
1070 1960 1111 2013 ι,
1143 1946 1202 1999 et
1232 1942 1334 1997 188
1364 1958 1448 2012 sq.
1485 1958 1545 1997 n.
1601 1941 1760 2008 4-10,
1795 1941 1923 1997 cod.
1955 1941 2011 2007 7,
2045 1940 2188 2011 plut.
2222 1940 2316 2007 80,
2346 1957 2477 2012 pag.
2512 1941 2615 1995 194
2657 1956 2786 2013 sqq.
2822 1940 3016 2012 plures
3068 1940 3307 1997 novellas
3353 1942 3417 1998 in
3466 1943 3591 1999 cod.
3646 1944 3714 1998 10
3758 1943 3862 2015 qui

444 2039 703 2097 continet
748 2035 965 2091 librum
998 2032 1214 2103 legum.
1247 2061 1317 2070 —
1344 2028 1607 2084 Venetiis
1646 2028 1706 2083 in
1740 2029 1883 2084 bibl.
1929 2028 1997 2083 D.
2032 2028 2209 2083 Marci
2259 2030 2386 2092 cod,
2438 2029 2563 2096 173,
2595 2030 2792 2084 Const.
2845 2028 3121 2101 Porphyr.
3176 2029 3423 2086 Novella:
3474 2032 3563 2099 12,
3618 2048 3865 2103 quarum

445 2126 733 2201 principia
770 2122 963 2196 posuit
991 2124 1193 2177 auctor
1212 2118 1395 2175 Catal.
1429 2118 1598 2175 codd.
1632 2116 1729 2173 Gr.
1763 2116 1908 2173 Ven.
1942 2133 2076 2189 pag.
2111 2119 2234 2171 101.
2269 2117 2417 2173 Ibid.
2452 2134 2582 2189 pag.
2612 2118 2711 2172 104
2742 2118 2813 2173 de
2857 2118 3024 2174 codd.
3062 2120 3165 2174 180
3212 2123 3268 2174 et
3322 2120 3445 2189 181,
3477 2137 3545 2175 ac
3594 2137 3728 2193 pag.
3762 2121 3869 2175 305

445 2222 517 2277 de
553 2219 679 2275 cod.
729 2215 853 2285 579,
899 2212 999 2284 qui
1047 2212 1349 2267 continent
1394 2209 1655 2282 eclogam
1705 2210 1900 2280 legum
1950 2207 2167 2271 Basilii,
2219 2208 2429 2265 Leonis
2475 2212 2531 2263 et
2576 2209 2972 2279 Constantini,
3020 2209 3245 2282 impp.;
3297 2210 3488 2283 primo
3536 2212 3666 2280 cod,
3716 2211 3870 2267 inest

446 2310 645 2365 Const.
678 2303 890 2375 Porph.
923 2299 1152 2357 novella
1182 2300 1255 2354 de
1302 2299 1663 2370 praelatione.
1699 2326 1767 2339 —
1796 2296 2155 2352 Vindobonss
2185 2296 2246 2352 in
2294 2296 2437 2353 bibl.
2489 2296 2745 2354 Cassarea
2794 2298 2919 2354 cod.
2961 2297 3053 2366 53,
3098 2315 3157 2355 ιι.
3206 2299 3293 2369 15,
3340 2301 3535 2356 Const.
3585 2299 3863 2372 Porphyr.

449 2399 859 2466 argumentum
891 2389 1034 2447 tomi
1065 2387 1352 2445 nnitionis
1400 2386 1667 2442 Ecclesiae
1701 2386 1763 2441 in
1814 2401 1991 2441 causa
2036 2394 2377 2457 quartarum
2423 2386 2788 2457 nuptiarum,
2840 2392 2948 2443 etc.
3002 2386 3069 2441 V.
3120 2387 3386 2443 Lambec.
3438 2388 3663 2445 Comm.
3713 2389 3861 2458 Vill,

450 2503 506 2557 p.
540 2486 699 2540 1009.
729 2482 875 2538 Add.
911 2496 968 2552 p.
1002 2480 1108 2534 938
1137 2495 1226 2548 sq.
1260 2476 1488 2531 —-Cod.
1519 2475 1574 2529 6.
1608 2473 1837 2530 novella
1866 2474 1937 2529 de
1981 2473 2329 2531 alienatione
2361 2475 2692 2546 feudorum,
2743 2479 2853 2532 etc.
2885 2474 2955 2530 V.
3006 2474 3224 2532 Kollar.
3274 2482 3395 2534 not.
3454 2478 3525 2533 ad
3576 2477 3867 2534 Lambecii

450 2576 671 2632 Comm.
705 2570 799 2636 Vl,
829 2577 974 2641 part.
1006 2584 1046 2637 ι,
1079 2583 1135 2638 p.
1167 2566 1259 2620 53.
1290 2594 1359 2604 —
1386 2563 1525 2619 Alias
1570 2562 1713 2618 ibid.
1748 2579 1803 2635 p.
1839 2563 1906 2618 1O
1935 2579 2024 2634 sq.
2057 2563 2119 2618 in
2147 2564 2277 2621 cod.
2308 2565 2367 2633 2,
2399 2580 2458 2621 ιι.
2499 2567 2537 2619 2
2565 2569 2622 2620 et
2650 2566 2704 2621 4.
2746 2596 2816 2606 -
2845 2567 2985 2637 Pag.
3018 2565 3107 2620 36.
3162 2565 3223 2620 in
3267 2567 3393 2623 cod.
3434 2567 3489 2636 3,
3540 2584 3599 2623 ιι.
3654 2569 3739 2633 11,
3801 2568 3867 2622 19

448 2670 505 2721 et
530 2664 622 2718 23.
654 2691 724 2701 ——
755 2661 816 2715 In
847 2658 974 2714 cod.
1008 2657 1098 2725 45,
1131 2671 1189 2709 ιι.
1221 2656 1315 2720 25,
1347 2651 1575 2708 novella
1615 2655 1649 2706 2
1681 2652 1753 2707 de
1802 2651 1874 2707 iis
1923 2652 2022 2722 qui
2071 2651 2339 2708 consulto
2394 2654 2579 2709 caedes
2620 2658 2973 2726 perpetrant,
3021 2659 3132 2711 etc.
3183 2654 3232 2708 V
3276 2654 3488 2711 Kollar.
3541 2656 3747 2728 Suppl.
3794 2655 3869 2711 ad

447 2752 740 2812 Lambecii
779 2749 1030 2814 Comm.,
1055 2763 1112 2819 p.
1155 2747 1261 2800 237
1292 2761 1381 2816 sq.
1434 2774 1502 2785 —
1552 2742 1736 2799 Paris.
1771 2742 1831 2797 in
1864 2741 2005 2799 bibl.
2036 2742 2201 2815 publ.
2233 2744 2402 2799 codd.
2437 2745 2739 2814 tredecim,
2774 2746 2946 2802 modo
2998 2747 3057 2801 11
3114 2746 3352 2802 novellas
3401 2746 3701 2803 illarumve
3746 2747 3868 2819 epi-

446 2850 601 2899 tome
625 2840 797 2896 modo
830 2837 1079 2907 aliquot,
1113 2834 1284 2889 modo
1337 2832 1567 2898 Leonis,
1600 2831 1968 2887 Constantini
2017 2837 2075 2885 et
2106 2831 2308 2887 Basilii
2341 2832 2593 2903 epitome
2616 2832 2796 2903 juris,
2828 2832 2884 2887 in
2918 2834 2987 2887 40
3005 2832 3212 2889 titulos
3254 2834 3459 2890 divisa.
3490 2834 3597 2889 Vid
3631 2834 3751 2891 ind.
3795 2836 3867 2891 ad

443 2932 559 2987 vol.
594 2930 641 2984 Il
672 2930 794 2982 Cat.
823 2925 1031 2992 Paris.,
1061 2938 1186 2979 voc.
1219 2922 1498 2976 Constant.
1549 2921 1894 2991 Pomhyrog.
1926 2951 1993 2960 —
2026 2922 2089 2975 In
2142 2921 2271 2977 cod.
2306 2919 2586 2978 Escorial.
2619 2922 2919 2979 Constant.
2965 2922 3247 2994 Porphyr.
3299 2930 3354 2979 et
3400 2922 3646 2980 aliorum
3694 2924 3869 2995 impp-

447 3017 706 3076 novellse.
742 3018 889 3069 teste
918 3012 1127 3067 Pluero
1158 3011 1218 3065 in
1251 3008 1448 3065 ttiner.
1481 3023 1579 3078 per
1605 3008 1863 3078 Hispan.,
1899 3025 1955 3079 p.
2010 3009 2135 3062 163.
2167 3039 2238 3049 —-
2287 3008 2525 3064 Novella
2571 3010 2631 3063 in
2675 3011 2806 3064 cod.
2854 3009 3216 3078 Utl‘enbaoh.,
3252 3026 3411 3065 nunc
3462 3011 3764 3083 Lipsiensi,
3799 3012 3873 3068 de

452 3125 568 3182 quo
598 3106 768 3178 plura
794 3103 954 3175 leges
983 3102 1042 3155 in
1076 3099 1212 3156 Maii
1244 3098 1387 3153 Bibl.
1424 3097 1629 3168 Uﬂenb.
1663 3102 1810 3153 msta
1839 3138 1854 3166 ,
1888 3102 2035 3167 part.
2068 3113 2132 3163 ιι,
2166 3097 2277 3155 col.
2308 3098 2435 3154 527,
2471 3099 2638 3154 Ηιιιι,

520 3198 690 3254 Hisce
719 3194 781 3249 in
811 3191 1140 3247 Meursiana
1168 3186 1538 3245 Constantini
1570 3184 1989 3257 Opusculorum
2013 3185 2268 3241 editione
2295 3185 2473 3258 Lugd.
2500 3187 2657 3255 1617,
2684 3189 2737 3256 8,
2772 3190 2925 3258 (post
2949 3205 3003 3259 p.
3035 3188 3163 3259 252)
3182 3188 3608 3246 constitutiones
3640 3192 3873 3248 novella

450 3291 704 3360 quatuor
733 3281 1145 3353 subjiciuntur,
1188 3293 1336 3349 quas
1365 3292 1395 3331 e
1425 3275 1723 3331 codicibus
1756 3274 1930 3346 regiis
1981 3275 2163 3330 edidit
2194 3275 2486 3331 auctiores
2521 3276 2902 3348 melioresque
2933 3277 3175 3333 Carolus
3226 3279 3493 3335 Labhcus
3543 3294 3673 3336 cura
3724 3298 3872 3340 nova

447 3375 711 3434 versione
740 3376 797 3429 et
826 3367 1311 3442 castigationibus
1342 3365 1495 3421 inter
1525 3380 1663 3420 suas
1711 3364 1892 3435 impp.
1927 3363 2189 3420 Novellas
2237 3365 2565 3422 constitutt.
2597 3366 2663 3421 X.
2714 3367 2896 3423 Paris.
2946 3368 3104 3435 1606,
3138 3369 3207 3423 8:
3262 3370 3312 3423 1.
3367 3366 3495 3442 Περὶ
3542 3388 3869 3444 στρατιωτι-

448 3471 580 3537 κῶν,
612 3464 678 3522 de
703 3463 1043 3519 militaribus
1071 3458 1282 3530 fundis,
1332 3471 1497 3527 quam
1526 3453 1755 3509 dictavit
1812 3454 2134 3520 Theodorus,
2194 3455 2477 3525 patricius
2529 3459 2585 3511 et
2644 3460 2903 3526 questor
2951 3457 3422 3528 decapolitanus:
3458 3460 3511 3516 2.
3545 3462 3619 3517 De
3673 3463 3871 3531 fundis

450 3556 759 3615 Armenicis
789 3555 1030 3609 aliorum
1056 3558 1107 3606 et
1132 3547 1578 3607 homicidarum;
1607 3545 1661 3600 3.
1694 3546 1769 3599 De
1796 3545 2079 3615 sportulis,
2113 3545 2176 3600 de
2203 3546 2520 3616 aperiendis
2551 3547 2908 3616 testamentis,
2934 3555 2983 3602 et
3010 3547 3077 3603 de
3101 3565 3181 3619 eo,
3214 3551 3359 3622 quod
3386 3556 3571 3608 certus
3592 3568 3657 3607 ac
3675 3551 3873 3624 deﬁni-

446 3660 535 3705 tus
564 3642 1017 3703 consuetudinum
1043 3638 1235 3695 modus
1263 3651 1376 3693 esse
1399 3636 1591 3692 debeat
1623 3635 1799 3704 (hanc
1831 3634 2069 3690 dictavit
2095 3635 2473 3707 Theophilus,
2510 3636 2784 3707 patricius
2815 3642 2871 3692 et
2902 3654 2936 3707 q
2956 3644 3205 3708 uaestor;
3245 3641 3298 3694 4.
3333 3642 3406 3696 De
3442 3643 3727 3713 sportulis,
3760 3660 3872 3716 qua

449 3739 752 3809 abrogatur
775 3734 1033 3806 superior
1061 3728 1403 3792 constitutio,
1437 3725 1781 3798 permittens
1808 3724 2111 3797 judicibus
2141 3729 2197 3780 et
2227 3726 2432 3782 scribas
2462 3726 2753 3798 sportulas
2802 3728 3082 3799 accipere.
3118 3728 3277 3785 Hanc
3329 3730 3564 3785 dictavit
3605 3731 3872 3788 Theodo-

452 3829 577 3884 sius
606 3826 779 3896 (idem
813 3822 913 3894 qui
944 3823 1078 3876 ante
1100 3817 1443 3885 Theodorus),
1477 3814 1757 3887 patricius
1780 3822 1835 3869 et
1862 3818 2117 3885 quaestor
2146 3813 2617 3886 decapolitanus.

520 3918 575 3973 5.
607 3913 815 3971 Leonis
846 3909 1124 3981 sapientis
1168 3911 1225 3963 et
1280 3904 1640 3962 Constantini
1675 3904 1779 3959 filii
1839 3906 1986 3975 ejus,
2043 3904 2289 3977 Ἐκλογὴ
2342 3907 2451 3958 τῶν
2506 3904 2714 3977 νόμων,
2774 3907 3019 3963 Delectus
3062 3908 3250 3978 legum
3304 3908 3749 3980 compendiarias
3805 3927 3875 3968 ex

453 4022 561 4061 ms.
598 4002 855 4059 Palatino
887 4003 944 4055 et
972 3999 1056 4053 Jo.
1090 3995 1360 4053 Sambuci
1391 3995 1739 4064 descriptus,
1773 3996 1830 4049 et
1860 4009 1990 4049 cum
2024 3993 2232 4049 Latina
2262 3995 2587 4050 Leunclavii
2620 3996 2885 4053 versione
2931 3997 3123 4053 editus
3172 3998 3231 4053 in
3287 3998 3411 4068 jam
3463 3997 3700 4054 laudato
3750 4001 3879 4069 ejus

448 4097 581 4151 Jure
608 4091 1095 4155 Graeco-Romano,
1126 4091 1269 4142 tom.
1304 4086 1376 4148 ll,
1402 4099 1533 4155 pag.
1565 4083 1785 4137 79-131.
1820 4082 2114 4139 Numerus
2145 4084 2305 4149 anni,
2339 4100 2454 4155 quo
2486 4084 2819 4156 publicatus
2852 4086 2943 4142 hic
2973 4086 3234 4143 delectus
3265 4086 3389 4157 fuit,
3423 4092 3732 4158 corruptus
3764 4094 3874 4155 est,

452 4189 508 4238 et
539 4198 640 4252 pro
671 4177 849 4253 ⁸ςημιξ
892 4176 1199 4250 legendum
1231 4176 1416 4246 36142:,
1440 4171 1541 4243 qui
1563 4171 1876 4241 respondet
1905 4187 2059 4227 anno
2090 4172 2307 4227 Christi
2337 4172 2465 4242 939,
2497 4189 2613 4244 quo
2642 4174 3061 4231 Constantinus
3085 4175 3379 4231 delectum
3407 4175 3627 4247 legum,
3652 4194 3684 4232 a
3712 4183 3878 4250 patre

453 4272 636 4327 Leone
663 4268 784 4324 fieri
817 4270 1096 4338 coeptum,
1129 4262 1491 4335 promulgare
1524 4261 1733 4332 potuit.
1762 4264 1993 4315 FABRIC.
2027 4259 2388 4316 Vindobonaa
2420 4263 2478 4316 in
2509 4263 2639 4318 cod.
2665 4263 2722 4329 2,
2755 4280 2813 4321 ιι.
2846 4267 2878 4318 2
2906 4271 2961 4319 et
2998 4263 3085 4319 13.
3118 4294 3188 4305 -ο
3218 4266 3346 4323 cod.
3392 4266 3445 4319 8.
3477 4265 3543 4322 V.
3581 4265 3878 4321 Lambecii

449 4362 775 4416 Comment.
818 4357 909 4421 Vl,
943 4357 1093 4426 part.
1128 4370 1168 4420 ι,
1219 4368 1354 4424 pag.
1383 4351 1476 4417 25,
1505 4350 1601 4416 32,
1639 4350 1710 4404 38
1756 4353 1813 4405 et
1856 4351 1929 4404 74
1977 4366 2065 4420 sq.
2100 4380 2169 4388 —
2220 4350 2281 4405 In
2331 4351 2459 4406 cod.
2511 4353 2811 4421 quondam
2853 4352 3211 4418 Utl‘enbach.,
3246 4369 3404 4409 nunc
3434 4354 3745 4425 Lipsiensi,
3778 4355 3882 4425 qui

450 4450 743 4521 quondam
778 4443 1060 4519 pertinuit
1088 4443 1159 4497 ad
1193 4443 1510 4513 Cuperum,
1542 4447 1597 4495 et
1623 4454 1795 4509 quem
1829 4438 2059 4511 copiose
2091 4439 2385 4495 recensuit
2411 4441 2461 4496 J.
2487 4440 2555 4495 H.
2589 4440 2778 4498 Maius
2809 4444 2868 4498 in
2922 4442 3065 4498 Bibl.
3103 4442 3414 4513 U/fenbach.
3448 4459 3597 4509 mss.,
3630 4447 3778 4515 part.
3811 4459 3879 4514 ιι,

450 4540 647 4611 p.522
677 4553 807 4609 sqq.
851 4536 951 4609 qui
998 4531 1306 4591 titulorum
1358 4531 1426 4585 40
1473 4530 1731 4585 indicem
1778 4533 1972 4585 Graece
2014 4544 2145 4585 cum
2196 4547 2305 4586 sua
2350 4547 2499 4588 vers.
2542 4531 2666 4587 Lat.
2714 4533 3053 4605 publicavit.
3105 4535 3539 4604 Praefationem,
3589 4552 3621 4590 a
3669 4536 3879 4593 Gottfr.

449 4625 739 4683 Mascovio
796 4624 988 4679 Latine
1033 4638 1288 4689 versam,
1348 4618 1560 4690 adjecit
1611 4617 1927 4673 Puttmann
1973 4617 2261 4675 Memoria;
2330 4619 2538 4677 Gottt'r.
2598 4620 2891 4688 Mascovii,
2936 4623 3089 4694 Lips.
3143 4623 3300 4692 1771,
3363 4624 3419 4691 8,
3478 4641 3534 4696 p.
3588 4625 3685 4679 121
3748 4641 3878 4695 sqq.

452 4718 518 4771 V.
550 4731 781 4788 quoque
810 4731 938 4785 pag.
970 4715 1038 4767 87
1067 4730 1180 4786 sq.,
1204 4716 1260 4767 et
1281 4710 1478 4785 confer
1509 4710 1574 4765 D.
1599 4708 1771 4781 Casp.
1806 4708 2034 4765 Achatii
2058 4710 2205 4766 Beck
2238 4710 2309 4765 De
2328 4711 2560 4767 novellis
2591 4712 2808 4768 Leonis:
2835 4717 2968 4780 etc.,
2995 4713 3087 4768 ed.
3111 4709 3179 4768 D.
3211 4713 3342 4768 Car.
3366 4712 3520 4770 Frid.
3542 4713 3881 4786 Zepernick,

452 4805 608 4861 Halm
642 4802 800 4870 1779,
831 4802 886 4868 8,
919 4817 1049 4872 pag.
1082 4802 1174 4869 20,
1202 4804 1260 4857 et
1290 4816 1349 4871 p.
1382 4800 1472 4853 25.
1504 4799 1746 4870 Zepern.
1781 4796 1842 4852 in
1889 4800 2011 4853 not.
2045 4806 2220 4869 atque
2266 4798 2425 4855 hunc
2470 4798 2763 4868 imprimis
2794 4800 2850 4855 in
2897 4800 3333 4871 pratermissis,
3368 4818 3424 4873 p.
3475 4803 3582 4857 228
3624 4818 3751 4873 sqq.
3800 4802 3883 4859 De

452 4892 795 4965 cognomine
823 4889 1375 4962 Porphyrogenneti,
1409 4905 1561 4944 anno
1611 4903 1725 4959 quo
1769 4891 1947 4942 natus
1976 4892 2085 4953 est,
2119 4887 2242 4945 scil.
2276 4905 2330 4944 a.
2380 4889 2514 4944 Chr.
2558 4889 2683 4955 905,
2736 4889 2971 4962 vitaque
3023 4895 3080 4946 et
3126 4908 3182 4962 p.
3228 4892 3334 4947 373
3380 4908 3541 4964 sqq.,
3590 4892 3884 4965 praecipue

452 5002 507 5056 p.
541 4986 645 5039 376
679 4999 836 5054 sqq.,
870 4982 943 5037 De
969 4981 1154 5052 ecloga
1183 4980 1364 5050 legum
1409 4980 1611 5036 Leonis
1655 4985 1706 5033 et
1754 4977 2127 5051 Constantini,
2169 4978 2240 5035 de
2288 4979 2459 5034 codd.
2513 4994 2674 5050 mss.,
2729 4980 2800 5035 de
2833 4980 3055 5052 ordine,
3096 4983 3430 5053 partitione,
3476 4983 3691 5052 indice,
3740 4988 3879 5053 etc.,

453 5077 616 5132 docte
646 5073 861 5145 agitur.
896 5072 1074 5127 HARL.

522 5165 603 5221 De
636 5164 917 5232 Basilicis,
951 5161 1144 5218 Basilii
1174 5160 1508 5217 Macedonis
1537 5169 1591 5216 et
1632 5160 1843 5216 Leonis
1886 5159 2183 5232 Sapientis
2225 5158 2490 5231 auspicio
2539 5160 2803 5230 digestis,
2834 5166 2891 5218 et
2929 5180 2963 5218 a
3008 5164 3389 5220 Constantino
3439 5164 3878 5239 Porphyrogen-

450 5260 585 5312 neto
616 5253 952 5326 recognitis,
987 5249 1260 5324 praeclare
1287 5250 1318 5305 J
1326 5266 1411 5306 os.
1439 5249 1624 5305 Maria
1642 5249 1972 5317 Suaresius,
2007 5250 2320 5322 episcopus
2349 5249 2729 5308 Vasionensis
2758 5253 2817 5309 in
2840 5254 3055 5311 Notitia
3076 5255 3464 5312 Basilicarum
3482 5257 3552 5311 ad
3579 5255 3877 5312 Urbanum

449 5346 601 5409 νιιῐ,
670 5344 1004 5418 pontificem
1074 5341 1439 5397 maximum:
1488 5362 1517 5389 «
1568 5340 1721 5395 Libri
1792 5336 2103 5394 Βασιλιχῶν
2163 5339 2222 5395 in
2290 5356 2393 5397 sex
2455 5338 2629 5419 τεύχη
2699 5359 2801 5399 seu
2862 5344 3160 5401 volumina
3226 5345 3483 5401 distincti
3549 5351 3712 5412 sunt,
3782 5346 3878 5400 in-

450 5436 632 5506 deque
680 5435 820 5492 dicti
870 5426 1181 5501 ἒξάϐιϐλος,
1215 5435 1272 5487 et
1319 5431 1377 5487 in
1425 5431 1607 5488 libros
1640 5431 1945 5502 sexaginta
1992 5431 2098 5486 sub

2227 5430 2295 5499 si,
2340 5431 2590 5503 indeque
2641 5428 3103 5504 ἐξηκοντάϐιϐλος
3155 5436 3498 5506 nuncupati.
3551 5438 3879 5507 Imperator

451 5525 698 5582 Basilius
728 5526 964 5581 Macedo
994 5524 1077 5595 (ἡ)
1109 5523 1332 5595 primus
1362 5521 1480 5579 illis
1512 5538 1755 5579 manum
1787 5521 2063 5591 admovit,
2085 5525 2149 5576 ut
2178 5521 2473 5579 Cedrenus
2493 5527 2739 5583 asserit:
2773 5525 3016 5599 ideoque
3035 5529 3148 5581 Leo
3171 5526 3403 5599 SOphus
3440 5526 3628 5582 eidem
3662 5526 3875 5582 Basilio

2057 5618 2270 5676 ΝΟΤιΕ

521 5715 608 5787 (g)_
643 5714 910 5787 Meminit
966 5715 1219 5771 Codinus
1269 5713 1418 5784 Orig.
1456 5711 1639 5776 CPol.,
1691 5727 1749 5765 ιι.
1804 5711 1928 5782 157,
1961 5710 2102 5767 edit.
2215 5713 2410 5787 donis,
2435 5716 2601 5787 p.66.
2628 5716 2779 5787 inter
2799 5715 3116 5787 scriptores
3139 5721 3272 5787 post
3292 5716 3704 5787 Theophanem
3733 5733 3745 5771 :
3773 5713 3876 5772 Εὐ-

451 5731 910 5841 Ltg)bme_m1nlt
966 5731 1219 5771 uoutnus
1269 5731 1418 5784 urig.
1456 5731 1639 5776 ωὀι..
1691 5731 1749 5765 ιι.
1804 5731 1928 5782 ιθι,
1961 5731 2102 5767 cuit.

497 5802 590 5842 am
636 5801 763 5841 ecn.

2218 5731 2410 5778 uoms,
2435 5731 2489 5785 p.
2511 5731 2601 5769 00.
2628 5731 2779 5771 inter
2799 5731 3116 5787 scriptores
3178 5731 3272 5773 ost
3292 5731 3704 5785 Theophanem
3733 5733 3745 5771 :
3773 5731 3870 5772 uu-

2218 5782 2325 5869 ptb‘v
2359 5780 2436 5869 δὲ,
2465 5784 2554 5838 καὶ
2585 5786 2713 5850 τοὺς
2742 5783 3065 5869 πολιτικρὺς
3094 5731 3298 5869 νιῗμους
3345 5786 3582 5869 πλοξκλήιε.
3608 5787 3870 5869 ἀσάφειαγ

522 5808 1052 5930 l(Illil)nglct})lrlrstantinus
1072 5856 1428 5928 Porphyrog.
1447 5852 1508 5909 in
1533 5851 1665 5909 Vita
1694 5852 1893 5909 Basilii
1915 5857 2101 5910 Mace-

2218 5808 2325 5855 ρων
2359 5808 2417 5837 οε
2465 5808 2554 5838 και
2585 5808 2713 5850 τους
2742 5808 3065 5848 ποΛιτικους
3094 5808 3154 5841 νο
3206 5808 3298 5848 ους
3345 5808 3567 5858 ποΛΛην
3608 5808 3870 5863 ασαφειαν

2218 5855 2305 5909 καὶ
2379 5855 2645 5931 σύγχυσιν
2701 5877 2928 5933 εχοντας
2972 5854 3063 5913 διὰ
3114 5808 3213 5927 τῇ
3272 5859 3483 5933 ἀγαθῶν
3543 5856 3727 5933 ὥσπερ
3776 5856 3870 5911 καὶ
