4184 6454
403 437 474 494 1'l
1135 439 1466 500 NOTITIA
1512 436 2024 501 SCRIPTORUM
2067 437 2582 500 CONS'l‘ANTINI
2625 438 3132 504 PORPHYROG.
3777 449 3854 508 18

415 571 562 642 patri
610 587 720 628 suo
767 569 954 626 libros
1003 569 1194 628 hosce
1245 571 1452 628 tribuit
1495 571 1724 628 novella
1769 571 1836 628 81
1871 571 1960 644 (i),
1993 574 2142 626 teste
2189 571 2448 642 Cujacio,
2479 587 2610 641 cap.
2641 573 2732 640 31,
2767 572 2866 628 lib.
2915 591 3034 630 xvn
3083 575 3540 632 Observationum
3581 579 3754 650 juris,
3797 587 3854 638 et

413 660 680 731 plerique
709 658 996 716 Basilium
1049 657 1372 714 Βασιλικῶν
1403 669 1694 717 auctorem
1744 677 1866 718 esse
1916 659 2308 728 crediderunt,
2344 661 2404 716 in
2457 663 2676 734 quibus
2709 662 2820 717 fuit
2866 667 2924 718 et
2949 663 3295 720 Franciscus
3343 666 3686 724 Balduinus.
3721 673 3853 741 Ipse

409 749 672 806 Basilius
721 749 778 804 in
827 749 1178 819 praefatione
1229 750 1646 824 Ἐπαναγωγῆς,
1696 751 1866 822 cujus
1909 749 2067 804 initit

2201 748 2276 802 Τὸ
2324 747 2557 822 ἀξίωμα,
2593 755 2815 818 narrat,
2847 751 3006 807 111τά
3047 749 3100 804 ἐν
3153 751 3350 807 πλάτει
3393 753 3616 826 κείμενα
3653 758 3849 826 πάντα,

409 857 522 894 seu
557 839 830 909 Διατοὶξεις
867 837 1167 912 βασιλικὰς
1197 839 1258 895 in
1289 838 1466 896 libros
1507 840 1898 914 quadraginta
1933 838 2067 909 (trib

2201 839 2504 912 sexaginta
2543 841 2843 910 Cujacius)
2872 841 3206 913 digesserit,
3244 847 3368 898 tum
3401 859 3469 899 ex
3502 845 3619 901 illis
3659 865 3852 917 repur-

413 929 574 1000 gatis
605 929 898 1000 epitomen
929 929 994 984 in
1025 929 1236 985 titulos
1268 931 1656 1002 quadraginta
1685 929 2059 985 distributam
2090 929 2461 999 expresserit,
2499 927 2616 984 sive
2651 927 2970 1002 πρόχειρον.
2997 929 3150 985 Idem
3175 931 3233 985 in
3273 933 3548 1002 prowmio
3579 932 3850 1008 Ἐκλογῆς

417 1017 757 1090 incipiente.
787 1017 848 1074 Ὁ
883 1013 1180 1086 δεσπότης,
1213 1019 1457 1075 remittit
1486 1019 1781 1074 studiosos
1811 1019 1882 1072 ad
1916 1017 2067 1070 ἆνακς

2197 1036 2274 1070 τιν
2307 1019 2404 1070 τοῦ
2433 1015 2702 1083 πλάτους,
2734 1034 2914 1090 quam
2945 1020 3297 1076 confecerat.

493 1128 522 1156 κ
555 1106 788 1162 Etenim
821 1107 1074 1162 Basilius
1103 1106 1260 1162 idem
1289 1107 1522 1163 Macedo
1554 1123 1690 1164 cum
1720 1106 1860 1162 ﬁliis
1891 1109 2016 1162 suis
2047 1105 2235 1162 Leone
2266 1113 2325 1161 et
2371 1105 2782 1174 Constantino,
2815 1108 2932 1164 sive
2974 1107 3300 1166 Alexandro
3333 1111 3638 1186 πρόχειρον
3670 1113 3854 1169 edidit

415 1198 528 1248 τῶν
571 1195 758 1266 νόμων
789 1197 876 1268 (α’),
918 1197 1072 1268 quod
1113 1195 1302 1252 titulis
1338 1196 1728 1269 quadraginta
1767 1212 1870 1252 seu
1916 1196 2219 1266 sexaginta
2267 1197 2592 1266 constabat,
2625 1204 2680 1252 et
2719 1199 2986 1254 exstabat
3021 1200 3188 1254 modo
3220 1200 3328 1255 sub
3362 1199 3570 1257 Leonis
3601 1201 3854 1274 impera-

413 1285 592 1352 toris;
649 1287 820 1342 modo
867 1285 1074 1342 Leonis
1103 1289 1160 1341 et
1197 1285 1526 1354 Alexandri,
1561 1287 1680 1341 sive
1724 1284 2128 1352 Constantini;
2177 1285 2349 1340 modo
2393 1285 2615 1352 Basilii,
2651 1285 2857 1343 Leonis
2901 1291 2958 1342 et
2987 1287 3351 1343 Constantini
3380 1291 3745 1358 nominibus,
3779 1296 3836 1348 et

421 1375 664 1430 diversis
709 1375 1158 1446 prafetionibus
1205 1375 1263 1430 in
1312 1375 1670 1432 bibliotheca
1721 1374 2002 1442 Palatina,
2035 1378 2102 1428 ut
2140 1374 2454 1430 adnotavit
2477 1374 2866 1446 Marquardus
2899 1377 3152 1432 Frehens
3186 1377 3244 1432 in
3272 1377 3640 1450 Chronologia
3660 1383 3848 1453 juris;

425 1469 486 1518 at
512 1480 666 1520 nunc
699 1464 988 1534 reperitur
1015 1464 1076 1520 in
1127 1463 1408 1520 Vaticana
1441 1465 1504 1520 in
1552 1465 1748 1520 codice
1783 1463 2047 1518 Palatino
2079 1463 2306 1534 signato
2329 1479 2572 1519 numero
2611 1465 2736 1528 223,
2772 1465 2865 1521 cui
2906 1465 3116 1520 titulus
3160 1471 3248 1522 est
3283 1484 3296 1520 :
3357 1466 3722 1544 Ἐπαναγωγή
3755 1474 3850 1524 τοῦ

423 1550 516 1604 σὺν
573 1555 694 1623 Θεῷ
740 1550 1138 1629 ἐμφανεστέρου
1181 1551 1283 1605 ὑπὸ
1335 1549 1650 1620 Βασιλείου,
1680 1550 1769 1605 καὶ
1818 1551 2067 1616 Λέοντος,

2246 1549 2607 1625 Ἀλεξάνδρου
2661 1557 2768 1607 τῶν
2813 1552 3102 1628 βασιλέων,
3131 1558 3300 1627 cujus
3331 1557 3590 1628 praefatio
3623 1558 3846 1630 incipit_

417 1643 496 1698 Τὸ
541 1641 784 1712 ἀξίωμα,
819 1648 878 1697 et
925 1642 984 1696 in
1035 1658 1149 1712 quo
1180 1641 1336 1697 tituli
1385 1641 1770 1714 quadraginta
1816 1641 2211 1697 continentur.
2255 1641 2467 1696 Eodem
2513 1643 2572 1697 in
2617 1645 2813 1698 codice
2856 1643 3014 1698 aliud
3057 1649 3147 1700 est
3201 1645 3578 1716 inscriptum,
3609 1645 3848 1720 Ἐκλογὴ

415 1735 530 1784 τῶν
569 1729 758 1802 νόμων
804 1729 896 1784 καὶ
925 1725 1309 1803 ἐπιδίορθωσις
1357 1727 1632 1793 ἐκτεθεῖσα
1661 1729 1766 1784 ἀπὸ
1816 1729 2043 1792 κτίσεως

2197 1749 2322 1802 μου,
2357 1725 2460 1784 ἔτει
2507 1730 2696 1804 εςτμξᾌ
2731 1733 2840 1788 hoc
2871 1737 2961 1790 est
3009 1733 3172 1803 6347,
3201 1751 3234 1790 a
3264 1735 3491 1791 Christo
3541 1742 3678 1792 nato
3723 1737 3847 1792 838.

419 1825 500 1892 τῷ
559 1820 694 1892 μηνῖ
749 1819 996 1891 Μαρτίῳ,
1060 1817 1248 1876 ἰνδικτ.
1310 1820 1374 1888 θ’,
1407 1819 1654 1892 praeﬁxis
1691 1821 2028 1877 nominibus

2197 1821 2286 1875 nis
2328 1825 2385 1874 et
2434 1821 2800 1877 Constantini
2847 1823 3020 1891 cujus
3080 1825 3424 1894 prooemium
3457 1825 3765 1882 inchoatur
3819 1846 3850 1883 a

419 1927 562 1967 voce
593 1911 656 1966 '0
682 1908 982 1978 Δεσπότης.
1005 1918 1088 1965 est
1116 1927 1247 1966 vero
1276 1910 1646 1966 simillimum
1677 1909 1760 1965 illi
1795 1911 1946 1980 quod
1977 1909 2202 1965 editum
2236 1911 2341 1964 fuit
2373 1927 2406 1964 a
2439 1909 2784 1966 Leunclavio
2817 1915 2976 1966 tomo
3011 1911 3060 1965 II
3088 1913 3240 1967 luris
3292 1911 3746 1971 Crasso-Romani
3775 1917 3849 1987 (Ιί)

419 2018 494 2056 ex
527 2001 892 2056 membranis
921 2000 1196 2056 Sambuci
1231 2013 1366 2054 cum
1399 1999 1736 2072 praefatione
1782 1999 2130 2071 deprompta
2177 2013 2207 2054 e
2252 1999 2450 2054 codice
2494 1997 2864 2055 bibliothecae
2905 2001 3185 2056 Palatinae
3224 2002 3676 2072 septemviralis,
3718 2005 3846 2072 isto,

423 2095 490 2146 ut
525 2090 760 2160 opinor,
815 2091 874 2144 in
926 2105 1044 2160 quo
1091 2103 1228 2144 cum
1277 2088 1396 2144 sint
1444 2085 1830 2159 quadraginta
1879 2089 1992 2143 duo
2049 2086 2225 2156 tituli,
2250 2091 2443 2143 tamen
2512 2088 2570 2143 in
2633 2088 2786 2144 edito
2843 2087 3051 2161 viginti
3101 2093 3229 2145 octo
3280 2094 3512 2146 tantum
3551 2091 3844 2165 leguntur.

419 2180 708 2234 Praeterea
743 2179 802 2233 in
852 2177 1140 2233 Vaticana
1191 2177 1388 2232 codice
1435 2179 1634 2232 notato
1684 2193 1928 2232 numero
1977 2177 2082 2230 856
2120 2175 2313 2232 videre
2345 2181 2450 2244 est,
2482 2173 2716 2250 ἐκλογήν
2769 2194 2902 2232 cum
2937 2179 3142 2233 eadem
3176 2179 3514 2252 epigraphe,
3548 2183 3661 2236 nisi
3695 2186 3846 2253 quod

417 2268 624 2324 Basilii
673 2283 912 2339 quoque
959 2282 1174 2322 nomen
1223 2267 1570 2339 inscriptum
1622 2269 1730 2336 est,
1781 2267 1882 2322 sed
1939 2265 2141 2322 titulos
2208 2265 2592 2338 quadraginta
2650 2267 3076 2338 complectitur,
3137 2273 3194 2323 et
3249 2270 3363 2325 alia
3421 2274 3510 2326 est
3569 2273 3850 2343 praefatio-

422 2358 600 2428 cujus
663 2357 994 2424 exordium,
1064 2353 1171 2410 Τὸν
1243 2353 1428 2428 μέγαν,
1507 2370 1756 2428 quaeque
1831 2372 2063 2425 praepon

2260 2356 2694 2427 exemplaribus
2775 2359 2872 2410 τοῦ
2960 2353 3324 2434 ἐγχειριδίου,
3403 2359 3524 2415 sive
3616 2359 3850 2434 προχεί-

423 2467 522 2523 pou
563 2447 720 2517 (qua
767 2449 904 2501 sunt
952 2446 1012 2500 in
1061 2445 1248 2501 forma
1295 2443 1622 2513 enchiridii,
1655 2448 1711 2498 et
1757 2443 2250 2500 circumferuntur
2295 2445 2405 2500 sub
2453 2445 2792 2502 nominibus
2824 2447 3032 2502 Leonis
3059 2451 3116 2502 et
3148 2447 3538 2519 Constantini)
3567 2448 3848 2506 Vaticano

423 2541 624 2594 notato
653 2551 898 2592 numero
926 2534 1052 2604 857,
1077 2539 1135 2590 et
1167 2533 1425 2590 Palatino
1458 2541 1652 2588 notato
1687 2549 1851 2588 num.
1887 2533 2013 2600 196,
2066 2549 2316 2605 quorum
2361 2535 2582 2606 primus
2616 2534 2820 2590 titulus
2864 2541 2954 2590 est
2983 2533 3113 2609 Περὶ
3146 2535 3353 2608 νόμων,
3378 2536 3531 2592 sicut
3561 2538 3621 2593 in
3655 2539 3850 2596 codice

425 2625 689 2682 Palatino
721 2629 916 2681 notato
948 2640 1114 2680 num.
1155 2623 1298 2694 223;
1344 2627 1402 2679 at
1431 2625 1492 2679 in
1541 2621 1822 2679 Vaticano
1863 2627 2062 2680 notato

2198 2639 2272 2679 m.
2305 2621 2432 2692 856,
2467 2621 2738 2697 Ἐκλογῆς
2791 2618 2951 2696 prior
2979 2625 3184 2682 titulus
3217 2629 3306 2682 est
3337 2625 3466 2699 Περὶ
3499 2627 3849 2689 συναὶνέσεως

469 2737 533 2784 νη
545 2734 636 2769 ατε
644 2734 694 2768 ια
703 2735 728 2776 ς
737 2757 748 2770 .

427 2739 754 2875 μῗσέῑὲιῗέ
782 2803 893 2859 hoc
924 2801 1122 2858 Basilii
1154 2799 1452 2876 πρόχειρον
1489 2800 1627 2856 illud
1673 2803 1760 2856 est
1800 2800 1956 2871 quod
1998 2800 2213 2855 dicitur
2259 2801 2699 2872 Harmenopuli,
2732 2817 2866 2857 cum
2898 2807 3094 2856 tamen
3129 2802 3600 2872 Harmenopulus
3631 2804 3756 2874 ipse
3786 2805 3846 2860 in

435 2894 768 2965 praefatione
850 2891 1154 2948 Hexabibli
1227 2891 1439 2946 diserte
1509 2889 1846 2962 proﬁteatur
1911 2889 2067 2944 illius

2197 2893 2406 2944 ictores
2470 2886 2598 2949 τοὺς
2671 2889 2796 2962 περὶ
2877 2887 3186 2959 Βασίλειον,
3239 2895 3625 2960 Κωνσαντῖνον,
3680 2890 3845 2945 Λὲον-

438 3002 524 3044 τα,
559 2989 615 3037 et
643 2982 776 3037 illud
813 2980 1012 3037 titulos
1043 2985 1272 3036 tantum
1305 2979 1697 3052 quadraginta
1740 2977 2052 3048 contineat,
2087 2983 2152 3032 ut
2195 2979 2496 3034 adnotavit
2548 2978 2840 3047 Cujacius.
2877 2981 3294 3051 Harmenopuli
3334 2997 3468 3037 vero
3511 2983 3846 3052 prochirum

431 3072 604 3144 longe
657 3073 856 3144 plures
903 3071 1008 3144 (l);
1061 3085 1130 3126 ex
1175 3069 1276 3125 illo
1336 3085 1592 3142 namque
1640 3068 1931 3141 decerpsit
1975 3069 2456 3140 Harmenopulus,
2491 3070 2926 3142 maximamque
2977 3079 3198 3143 partem
3251 3073 3474 3146 redegit
3531 3073 3593 3130 in
3649 3091 3844 3144 suum,

423 3163 660 3233 aliaque
689 3178 758 3216 ex
785 3161 1048 3216 Romano
1079 3171 1134 3216 et
1163 3161 1373 3216 Cosma
1403 3157 1680 3230 magistro
1711 3157 2032 3230 subjunxit,
2063 3163 2128 3214 ut
2158 3158 2314 3214 idem
2347 3159 2581 3214 fatetur.

491 3277 520 3302 ‹‹
555 3249 976 3322 Harmenopuli
1010 3248 1342 3320 prochirum
1385 3247 1782 3319 conscriptum
1834 3247 1942 3302 fuit
1975 3263 2127 3302 anno
2161 3265 2194 3303 a
2223 3247 2450 3304 Christo
2479 3252 2612 3304 nato
2657 3249 2796 3304 1143
2835 3249 2958 3322 (m),
2993 3251 3332 3324 evulgatum
3393 3253 3580 3308 Graece
3609 3254 3848 3309 Parisiis

419 3359 579 3398 anno
631 3341 774 3395 1540
819 3340 892 3394 ab
920 3339 1140 3395 Adamo
1192 3337 1653 3409 Suallembergo,
1689 3337 1889 3392 Latine
1936 3353 1970 3392 a
2021 3337 2312 3392 Bernardo
2365 3337 2482 3409 Rey
2511 3339 2650 3393 1547
2681 3344 2736 3394 et
2769 3339 2942 3410 1549;
2991 3358 3198 3396 rursus
3253 3341 3454 3397 Latine
3497 3359 3530 3398 a
3566 3343 3844 3410 Mercero,

423 3430 700 3503 Lugduni
735 3429 906 3496 1556;
943 3429 1180 3484 demum
1217 3427 1407 3484 Graece
1442 3426 1761 3498 Latineque
1789 3423 1964 3480 simul
1997 3441 2029 3480 a
2059 3425 2330 3497 Dionysio
2362 3425 2742 3498 Gothofrero;
2775 3431 2962 3484 exstat
2995 3430 3454 3502 manuscriptum
3479 3431 3538 3486 in
3569 3431 3845 3488 Vaticana

419 3520 552 3588 sas,
583 3519 714 3586 849,
736 3519 864 3587 850,
894 3517 1020 3586 851,
1056 3522 1112 3573 et
1141 3516 1322 3573 Palat.
1357 3517 1484 3582 256,
1517 3515 1642 3570 369.

493 3631 522 3658 ‹‹
557 3615 706 3663 Ante
751 3605 1250 3678 Harmenopulum
1285 3621 1438 3660 anno
1490 3601 1775 3678 Θεογονίας
1811 3603 1940 3658 1071
1999 3621 2067 3661 se'

2197 3605 2306 3660 )77.
2341 3605 2585 3662 Michael
2618 3606 3120 3679 Attaliota,judex
3151 3611 3209 3664 et
3250 3607 3576 3677 ἀνθύπατος,
3612 3609 3844 3680 scripsit

419 3699 765 3772 prochirum
799 3697 906 3768 (η),
939 3697 1090 3764 quod
1139 3695 1382 3767 πόνημα,
1414 3711 1518 3752 seu
1567 3695 1919 3769 πραγματικὴ
1972 3711 2067 3751 nor

2197 3699 2330 3767 itur,
2365 3697 2638 3768 quodque
2679 3697 3064 3754 Leunclavius
3108 3700 3290 3754 edidit
3322 3701 3512 3756 Graece
3547 3709 3600 3756 et
3647 3701 3841 3756 Latine

415 3791 600 3845 Tomo
633 3787 684 3843 ΙΙ
713 3787 864 3842 luris
895 3786 1376 3854 Graeco-Romani,
1410 3801 1544 3840 eum
1569 3785 1696 3854 jam
1748 3785 2067 3841 indicasset
2099 3785 2198 3840 lib.
2233 3801 2274 3840 ιι
2306 3791 2640 3841 notatorum
2691 3787 2750 3841 in
2804 3787 3115 3859 paratilla;
3167 3795 3358 3845 exstat
3407 3793 3712 3846 exaratum
3749 3806 3843 3845 ca-

413 3883 576 3937 lamo
609 3880 666 3933 in
695 3878 982 3933 Vaticanae
1015 3875 1312 3932 codicibus
1340 3874 1447 3929 640
1476 3877 1532 3929 et
1557 3874 1683 3929 856.

487 3991 518 4020 ε(
547 3970 768 4024 Eodem
799 3968 918 4022 fere
945 3971 1211 4036 tempore
1241 3963 1484 4020 Michael
1535 3963 1758 4018 Psellus
1802 3961 2054 4034 politicis
2103 3963 2368 4020 versibus
2403 3965 2618 4038 Legum
2654 3967 2931 4039 synopsin
2966 3967 3037 4038 (0)
3081 3968 3377 4024 contexuit
3411 3985 3424 4022 :
3463 3968 3709 4025 habetur
3741 3969 3837 4025 illa

408 4059 472 4116 in
507 4056 882 4114 bibliothecis
910 4055 1188 4110 Vaticana
1218 4054 1412 4109 codice
1443 4051 1550 4106 815
1579 4056 1634 4108 et
1660 4051 1916 4107 Palatina
1947 4053 2074 4107 cod.
2108 4053 2235 4120 316,
2267 4059 2325 4108 et
2365 4055 3048 4127 Constantinopolitana:
3083 4057 3144 4112 in
3177 4057 3568 4114 Laurentiana
3600 4059 3833 4114 Floren-

409 4149 680 4202 tinarum
713 4143 1074 4198 nobilissima
1105 4157 1166 4198 se
1200 4140 1414 4196 vidisse
1445 4143 1693 4196 testatur
1723 4139 2016 4196 Antonius
2043 4142 2431 4212 Augustinus,
2457 4143 2553 4214 qui
2597 4159 2722 4199 eam
2757 4160 2870 4199 non
2903 4145 3246 4217 magnifacit
3292 4146 3441 4202 libro
3471 4163 3526 4203 iv
3555 4147 3836 4203 Emenda-

407 4238 672 4302 tionum,
704 4251 831 4306 cap.
864 4235 915 4288 3.

2017 4319 2250 4380 ΝΟΤίΕ.

411 4437 680 4504 πονηρῶν
719 4429 1206 4504 ουνοιραονεροφὴν,⁸
1230 4425 1374 4502 λέγω
1412 4423 1532 4504 ’δὴμ
1558 4426 1657 4494 τὴν
1697 4429 1816 4504 ταῖς
1855 4427 2068 4504 ἀνῃρη-

643 4489 945 4578 ἀχρηστίαν
987 4489 1282 4580 aspicit)”,
1308 4489 1430 4580 ’καὶ
1468 4489 1835 4580 τῶνιίκυρίων
1874 4489 2070 4580 (ξνᾷκᾶ-

415 4567 592 4646 ίόἇρας
633 4567 966 4643 τὸῗπλῆθος,
1023 4567 1112 4626 καὶ
1155 4567 1336 4646 ὥσπερ
1375 4569 1434 4646 ἐν.
1469 4567 1714 4646 συνόψεί
1751 4569 2070 4646 κεφαλαίοις

411 4637 506 4706 8ιᾶ
533 4637 602 4704 το
643 4637 1076 4718 εὐμνημόνευτον
1130 4645 1228 4712 τὴν
1276 4637 1542 4718 ὴροτὲρᾳν
1599 4637 1863 4718 ἀπειρίαῇ
1914 4641 2072 4715 περι-

413 4718 634 4780 λαϐών.
666 4713 919 4775 Joannes
949 4717 1328 4784 Curopolates
1376 4713 1679 4784 Scillitz_es,
1713 4713 1767 4784 ρ,
1793 4715 1882 4782 37,
1915 4713 2070 4769 θίίθκ

411 4814 486 4853 eo
537 4793 834 4849 Cedrenus
883 4808 897 4846 :
950 4781 1132 4846 Ἀλλᾶ
1185 4786 1275 4857 καὶ
1315 4785 1444 4846 τοὺς
1497 4781 1827 4857 τςρλιτιδζο-ἰίς
1867 4781 2070 4857 νόμους

413 4847 644 4933 Eii-iv
715 4858 964 4952 ἆσᾶεξειαν
1031 4858 1122 4913 καὶ
1188 4855 1450 4931 σύγχυσιν
1520 4847 1664 4946 ἔχειν
1751 4851 1901 4946 tam,
1935 4847 1944 4857 ’
1979 4859 2068 4909 καὶ

502 4937 516 4952 ι
951 4931 964 4948 ι
1388 4946 1712 4952 -μωημη
1760 4947 1858 4952 _,_
1897 4929 2026 4952 um,

413 4925 654 4995 τοῦτους
720 4925 856 4988 κατᾶ
912 4931 973 4985 τὸ
1041 4925 1334 5004 προσ-ἧξεὸῖ
1385 4925 1712 5004 προαξόρως
1759 4925 2067 5004 ἐπανορθώ-

413 5021 637 5072 σασθαι.
679 5007 938 5076 (Cedren.
1005 4997 1470 5076 ἐπανασῴσασθαὶ)
1512 4997 1810 5076 ⁸ἕτταὲτεευσξν,
1849 4997 1938 5076 δαὶ
1968 5001 2067 5067 τήν

417 5068 549 5154 μὲν-
577 5068 936 5150 ἀνῃρημένων
985 5071 1288 5142 ἀπληστίαν
1356 5068 1650 5154 περιελεῖν,
1705 5075 1812 5124 τῶν
1855 5068 1912 5126 δὲ
1971 5091 2068 5124 κυ-

417 5155 552 5207 βίων
623 5150 948 5207 ἀνακαθᾶραι
1001 5148 1066 5199 τὸ
1138 5142 1374 5207 πλῆθος.
1443 5145 1558 5200 Οὐκ
1603 5141 1733 5207 saxa
1782 5139 1838 5196 δὲ
1883 5146 2070 5207 καιρὸν

455 5169 552 5207 Nov
623 5169 948 5207 ανακαυαραι
1001 5169 1066 5199 το
1138 5169 1374 5207 ’πΛηυος.

409 5161 552 5228 ρὶων
623 5161 948 5222 ἀνακαθᾶραι
1001 5161 1066 5199 το
1138 5161 1374 5213 πληθος.
1443 5161 1558 5200 υυκ
1603 5161 1733 5216 εσχε
1782 5161 1838 5196 οε
1883 5163 2067 5221 καιρον

405 5221 896 5294 προκαταληφθείς
985 5216 1216 5288 θανάτῳ.
1260 5215 1692 5294 μἘξεπλὴρωσε
1783 5211 1840 5268 δὲ
1914 5211 2067 5290 ἔργον

411 5285 569 5352 Α’ἐων
607 5295 635 5350 ὁ
675 5285 790 5353 υἱῖίς
816 5293 982 5347 αὐτοῦ
1021 5308 1157 5362 μετα
1169 5285 1376 5362 ταῦτα.

483 5373 556 5440 (i)
587 5365 968 5440 Meminitibi
999 5356 1113 5440 Leo
1145 5360 1302 5440 legis
1323 5359 1524 5440 Basilii
1548 5356 1932 5440 promulgatre
1962 5356 2066 5440 (ἐξἶ

407 5430 800 5511 ενῇνὲγμὲνης)
850 5437 922 5492 de
968 5430 1338 5511 aediﬁcaturis
1381 5433 1456 5511 _in
1502 5431 1627 5486 loco
1687 5431 1935 5511 arationi
1971 5430 2067 5486 vel

403 5503 619 5569 vineis
649 5503 879 5576 idoneo,
933 5521 1126 5579 quam
1157 5507 1332 5579 negat
1373 5503 1574 5579 legum
1627 5503 1854 5579 corpori
1878 5503 1958 5579 ab
2002 5519 2068 5579 eo

403 5587 700 5642 insertum
730 5571 1130 5646 inissa-Emi
1163 5571 1262 5646 91’1—
1282 5571 1564 5646 παρῖτοῦ
1603 5571 1807 5645 πατρὸς
1849 5571 1927 5635 εἷς
1964 5574 2064 5642 τὴν

399 5657 594 5730 νόμων
629 5652 938 5730 ἐγράφησαι
968 5645 1272 5730 πολέτείαν,

471 5715 542 5801 ἰῇ)
577 5715 801 5786 ῡοῚιαο
829 5715 1036 5801 ecloga
1077 5721 1294 5801 Legum
1325 5716 1444 5772 dixi
1485 5733 1542 5789 p.
1577 5717 1704 5782 407,
1736 5719 1794 5771 et;
1823 5715 2062 5772 Har-me-

403 5791 840 5874 noi'ahlilofcfun)
879 5791 1018 5874 dedi
1049 5791 1446 5874 8429955.
1539 5863 1550 5874 .
1659 5858 1672 5870 .

475 5862 554 5948 (Ir)
585 5875 644 5932 P.
681 5873 774 5930 79.
807 5871 873 5926 In
897 5865 1004 5923 illo
1036 5862 1317 5936 prommio
1339 5863 1628 5917 testantur
1657 5862 2062 5931 imperatores,

2183 4429 2361 4508 p.80,
2396 4433 2496 4486 sed
2539 4431 2812 4508 ad___hanc
2861 4429 3133 4508 Ἐκλογὴ-ν
3181 4433 3644 4508 componendam
3691 4451 3833 4492 usos

2183 4501 2368 4558 fuisse
2399 4519 2573 4573 opera
2603 4504 2810 4560 Nicetes
2843 4501 3144 4571 quaestdris
3176 4510 3232 4560 et
3271 4501 3520 4574 patricii,
3555 4505 3832 4562 aliorum-

2182 4589 2297 4644 que
2327 4575 2578 4646 duorum
2613 4577 2991 4646 patriciorum
3024 4575 3237 4632 Nicetae
3268 4581 3324 4630 et
3353 4575 3576 4634 Marini.

2252 4646 2318 4714 (ἱ)
2369 4645 2590 4701 Titulos
2615 4645 2864 4702 ’circiter
2908 4649 2997 4702 80.
3027 4647 3168 4702 Nam
3214 4646 3357 4701 liber
3397 4649 3623 4718 primus
3655 4649 3832 4704 habet

2181 4715 2271 4792 18,
2305 4719 2593 4792 secundus
2632 4719 2718 4788 11,
2747 4721 2955 4774 tertius
2987 4721 3074 4790 11,
3107 4724 3350 4790 quartus
3383 4715 3740 4792 12,quintus
3765 4724 3831 4776 12

2181 4791 2240 4841 et
2269 4797 2466 4844 sextus
2493 4789 2580 4845 15.

2254 4860 2353 4932 (in)
2387 4863 2509 4933 Imo
2533 4859 2800 4916 ducentis
2832 4860 3087 4933 amplius
3119 4861 3290 4917 annis
3321 4868 3488 4933 post:
3516 4881 3651 4918 nam
3683 4863 3826 4918 Har-

2185 4931 2535 5004 meuopulus
2589 4942 2760 5004 natus
2788 4936 2851 4985 A.
2883 4932 2940 4985 Ο.
2982 4933 3135 4998 1320,
3173 4939 3234 4988 ut
3275 4931 3468 4989 notavi
3501 4939 3540 4991 t.
3573 4935 3614 4989 Χ
3645 4935 3826 5004 huius

2182 5003 2354 5078 Bibl.,
2397 5021 2451 5074 p.
2496 5003 2624 5078 274,
2657 5003 2754 5058 ubi
2811 5005 2985 5078 etiam
3033 5005 3510 5078 decditionibus
3569 5003 3826 5078 prochiri

2181 5075 2344 5130 illius
2409 5079 2466 5130 et
2532 5075 2972 5145 interpretibus.
3029 5076 3174 5132 Vide
3241 5082 3302 5132 et
3371 5075 3670 5149 supra'p.
3723 5081 3826 5133 429

2183 5162 2306 5201 εεσ.

2249 5163 2335 5286 ῗᾶ)
2369 5215 2664 5292 At'taliataa
2693 5218 3106 5292 compendium
3146 5219 3446 5276 Michaelis
3477 5221 3647 5277 Ducas
3681 5223 3822 5292 imp.

2175 5287 2363 5364 jussu
2391 5290 2800 5364 compositum,
2829 5287 3158 5364 eidemque
3201 5291 3558 5359 dedicatum,
3599 5287 3826 5364 ῌοίηρια

2179 5359 2403 5430 νομικὸν
2463 5359 2590 5427 ἤτοι
2651 5361 2999 5450 πραγματική
3062 5359 3362 5430 ἶπονηθεῖσα
3419 5364 3551 5417 κατὰ
3581 5359 3826 5418 κέλευανν

2179 5433 2274 5484 τοῦ
2310 5429 2580 5490 βασιλέως
2629 5431 2866 5490 Μιγαηλ
2919 5436 3092 5486 Δουκᾶ
3136 5434 3281 5490 παρὰ
3311 5433 3546 5490 Μιγαῆλ
3583 5434 3824 5489 ἀνθυπά-

2177 5433 2274 5484 τοῦ
2310 5431 2580 5504 βασιλέως
2629 5431 2866 5508 Μίχαήλ
2919 5436 3092 5486 Δουκᾶ
3136 5434 3281 5507 παρᾶ
3311 5433 3546 5507 Μιχαήλ
3583 5434 3824 5489 ἀνθυπά-

2175 5523 2274 5557 του
2303 5503 2391 5556 καὶ
2417 5506 2606 5573 κριτοῦ
2634 5509 2730 5558 τοῦ
2763 5503 3164 5560 Ἀτταλειατοῦ.

2249 5575 2326 5646 (o)
2343 5575 2424 5630 De
2455 5577 2560 5631 hac
2583 5575 2758 5633 Pselli
2782 5577 3020 5648 synopsi
3049 5576 3248 5648 legum
3267 5578 3424 5632 edita
3462 5595 3494 5634 a
3515 5578 3822 5634 Francisco

2181 5647 2471 5718 Bosqueto
2515 5649 2696 5704 Paris.
2733 5647 2892 5712 1632,
2925 5647 2978 5717 8,
3014 5647 3143 5703 vide
3189 5647 3464 5704 Allatium
3505 5649 3571 5704 de
3613 5652 3824 5716 Pscltis,

2179 5735 2305 5804 cap.
2339 5719 2605 5804 ἠν.
2632 5719 2818 5804 hujus
2850 5720 3024 5804 Bibl,
3058 5737 3114 5790 p.
3146 5719 3210 5774 31
3235 5735 3370 5804 ‘seq.
3405 5722 3482 5776 De
3507 5721 3818 5804 'Atlbanasii

2174 5791 2522 5933 gqigﬁl‘zfilstici
2621 5793 2840 5849 Delectu
2941 5792 3118 5861 legum
3219 5791 3408 5847 dicam
3505 5793 3658 5846 infra
3749 5794 3818 5844 ad
