4184 6462
373 442 451 504 19
1494 525 1503 532 θ
1664 444 1898 507 JOAN.
1947 442 2120 504 ALB.
2164 440 2505 502 FABRICII
3713 430 3794 488 2o

452 597 481 625 ‹‹
515 575 733 631 Laudat
760 574 916 631 idem
960 574 1329 647 Augustinus
1360 575 1418 631 in
1471 579 1627 633 notis
1661 577 1735 634 ad
1782 576 2054 636 Novellas
2094 597 2104 629 τ

2143 573 2391 649 ρόχειρον
2432 566 2744 627 Βασιλικῶν
2774 567 2913 622 κατὰ
2942 568 3243 640 στοιχεῖον,
3273 562 3520 633 Iosephii
3553 560 3795 631 Tenedii,

378 669 436 721 et
482 664 735 721 indicem
786 660 1093 718 Βασιλικῶν
1143 664 1280 719 κατὰ
1329 670 1628 741 στοιχεῖον,
1661 669 1831 739 cujus
1880 685 1949 725 ea
1992 683 2030 724 e:

2167 664 2466 738 suspicere
2515 658 2890 732 exemplaria,
2924 674 3050 731 quas
3100 659 3406 712 servantur
3438 653 3497 708 in
3528 652 3794 707 Vatican.

380 752 683 809 codicibus
756 753 866 807 752
916 757 974 809 et
1046 754 1175 820 854,
1209 758 1265 810 et
1343 739 1590 813 Palatia.
1652 758 1780 814 cod.
1856 757 1984 825 222,

2141 755 2326 826 :cipue
2399 751 2460 807 in
2518 747 2717 805 codice
2794 747 3073 818 inscripto
3145 742 3504 802 Τιπούκειτος
3565 739 3793 816 γενόμε-

382 861 492 904 νος.
526 843 595 898 Et
648 841 937 915 Ulpianus
991 843 1229 915 quidem
1278 845 1489 920 Tyrius
1536 846 1686 903 alius
1715 863 1748 902 a
1790 844 2228 919 jurisconsulto,
2263 844 2309 899 si
2347 839 2673 898 Casauboni
2691 838 3038 895 sententiam
3081 853 3207 906 cap.
3241 836 3276 888 2
3303 832 3703 889 Animadvers.
3737 829 3797 883 in

380 931 728 988 Athenaum
760 948 1111 1004 sequamur;
1145 933 1232 989 vel
1264 935 1510 1006 ipsemet
1535 935 2025 1004 Jurisconsultus,
2051 934 2100 989 si
2123 933 2358 1004 Cujacio
2390 931 2563 986 fidem
2585 927 2967 985 adhibeamus
2986 925 3221 997 cap.39,
3246 924 3492 980 lib.xx1v
3525 921 3798 977 Observa-

378 1023 596 1077 tionum
643 1022 766 1093 jur.
827 1022 899 1077 ab
947 1022 1225 1079 Athenaeo
1282 1005 1342 1079 in
1397 1024 1564 1081 libris
1623 1025 2030 1098 Dipnosophistc

2142 1040 2176 1081 η
2223 1038 2340 1078 non
2397 1026 2626 1075 tantum
2682 1015 3159 1088 Ὀνοματοθήρης,
3208 1014 3301 1069 sed
3346 1013 3517 1067 etiam
3560 1005 3794 1064 Κειτού-

389 1129 593 1177 κειτος,
625 1116 866 1168 vocatus
925 1113 1055 1181 fuit,
1090 1114 1245 1185 quod
1295 1113 1358 1170 in
1390 1114 1584 1187 epulis
1633 1114 1781 1171 nihil
1831 1119 2041 1185 gustari

2139 1112 2275 1178 cibi,
2308 1110 2445 1182 quin
2503 1106 2669 1181 prius
2700 1109 2966 1178 rogasset
3003 1102 3047 1157 εἷ
3105 1105 3304 1167 κεῖται,
3337 1118 3441 1157 seu
3474 1098 3537 1153 οὐ
3585 1100 3782 1162 κεῖται,

385 1202 506 1257 sive
556 1195 695 1253 ὅπου
745 1204 915 1255 κεῖται
970 1204 1096 1273 ejus
1154 1202 1485 1273 appellatio.
1548 1204 1715 1260 Hunc
1768 1204 2021 1261 indicem
2080 1201 2256 1273 vulgo
2296 1199 2411 1256 dici
2458 1199 2560 1270 jus
2603 1196 3039 1268 alphabeticum
3098 1198 3262 1249 notat
3317 1193 3444 1263 ipse
3504 1187 3796 1243 Antonius

386 1289 751 1361 Augustinus
802 1291 859 1346 in
908 1308 1016 1347 sua
1064 1291 1428 1349 Bibliotheca
1476 1293 1724 1351 codicib.
1778 1294 1901 1359 181,
1945 1293 2038 1349 182

2151 1292 2226 1346 Π.
2262 1288 2492 1345 Carolus
2542 1286 2809 1342 Labbeus
2849 1284 3090 1356 νόμιμον
3136 1281 3277 1335 κατὰ
3326 1281 3570 1364 στοιχεῖν
3615 1277 3803 1364 vocat,

386 1384 441 1434 et
470 1360 696 1448 glossas
723 1383 857 1451 post
906 1379 1051 1435 illud
1079 1379 1348 1436 inventas
1392 1380 1729 1452 publicavit.
1762 1380 2036 1453 Cujacius

2157 1378 2349 1455 λογὴν,
2400 1375 2487 1430 καὶ
2541 1372 2773 1445 Σύνοψιν
2821 1376 2927 1425 τῶν
2977 1368 3287 1425 Βασιλικῶν
3334 1369 3391 1437 ξ’.
3435 1361 3682 1422 Βιϐλίων
3716 1360 3809 1414 σὺν

388 1471 782 1540 παραπομπαῖς
812 1469 947 1521 κατὰ
976 1472 1250 1543 στοιχεῖον
1280 1469 1392 1525 sibi
1422 1470 1573 1527 dono
1608 1472 1810 1527 datum
1840 1488 1872 1526 a
1902 1470 2040 1527 Jaco

2158 1468 2496 1538 Cambrayo,
2525 1463 2628 1537 qui
2659 1461 2937 1518 retulerat
2966 1460 3123 1515 illam
3153 1476 3184 1514 e
3212 1459 3499 1531 legatione
3531 1462 3810 1517 Constan-

392 1557 802 1629 tinopolitana,
834 1563 1080 1615 testatur
1109 1560 1169 1614 in
1203 1559 1543 1633 praefatione
1567 1561 1638 1616 ad
1668 1559 1904 1617 titulum
1932 1560 2007 1628 π’,
2050 1561 2124 1615 De
2151 1558 2505 1614 excusatione
2536 1556 2800 1608 tutorum.

468 1665 495 1696 α
525 1646 791 1701 Antiochi
825 1648 1188 1705 Balsamonis
1220 1648 1300 1722 (p)
1330 1650 1665 1720 prochirum
1696 1649 1888 1706 simile
1917 1649 2185 1722 prochiro
2216 1644 2519 1702 Michaelis
2547 1641 2854 1711 Attaliotae,
2885 1644 2942 1697 et
2980 1639 3065 1696 illi
3097 1639 3251 1710 quod
3277 1638 3510 1708 Basilio,
3541 1640 3719 1699 Leoni
3751 1650 3815 1702 et

392 1732 771 1791 Constantino
802 1736 1102 1806 tribuitur,
1137 1741 1398 1794 recenset
1427 1739 1485 1793 in
1518 1755 1625 1794 sua
1655 1738 2021 1796 Bibliotheca
2039 1737 2196 1793 idem
2218 1733 2508 1790 Antonius
2528 1729 2896 1803 Augustinus
2918 1728 3112 1785 codice
3143 1729 3266 1796 188,
3291 1726 3639 1802 videturque
3670 1748 3808 1790 cum

393 1820 566 1878 Pselli
598 1839 769 1894 opere
799 1826 1151 1881 confundere
1183 1827 1241 1881 in
1273 1844 1412 1884 voce
1444 1823 1779 1899 Πανδὲκτης,
1821 1828 1893 1883 de
1923 1827 2173 1899 propriis
2199 1822 2540 1881 nominibus
2568 1820 3018 1876 Pandectarum.

462 1931 493 1960 «
569 1912 683 1967 Leo
756 1912 1147 1986 Philosophus
1222 1914 1439 1972 Basilio
1513 1919 1665 1989 patri
1740 1918 2058 1973 succedens

2159 1915 2463 1971 nchoatum
2540 1913 2614 1969 ab
2684 1911 2888 1968 eodem
2951 1909 3163 1965 Basilio
3221 1906 3517 1978 Διατάξεων
3587 1909 3811 1966 Βασιλι-

389 2002 500 2052 κῶν
540 2001 812 2057 volumen
846 2003 1171 2073 (Basilicam
1200 2010 1408 2062 vocant
1454 2006 1659 2081 Graeci)
1690 2006 1950 2078 perfecit,
1984 2005 2070 2061 uti
2119 2003 2416 2060 Credenus
2466 2002 2699 2071 asserit,
2727 2015 3016 2071 operaque
3061 1998 3319 2054 Sabbatii
3352 2001 3816 2073 protospatharii

389 2090 497 2163 (uti
548 2090 855 2147 Matthaeus
907 2093 1197 2150 Blastares
1245 2094 1443 2163 tradit,
1478 2112 1547 2152 ex
1594 2111 1776 2167 eoque
1817 2095 2107 2151 Antonius
2164 2093 2529 2166 Augustinus
2570 2091 2631 2146 in
2662 2089 3040 2159 Bibliotheca,
3074 2088 3221 2144 libro
3251 2088 3323 2144 de
3353 2104 3547 2160 pr0pr.
3583 2092 3809 2146 nomin.

390 2178 469 2248 π’,
502 2183 559 2235 et
612 2180 672 2235 in
724 2178 1191 2257 προλεγομεύνοις
1248 2185 1317 2239 ad
1366 2183 1663 2255 Novellas)
1722 2183 2042 2256 promulga‘

2216 2182 2325 2238 hac
2380 2182 2586 2237 Leonis
2630 2177 2883 2255 καθάρσει
2934 2177 3177 2235 Photius
3229 2179 3288 2234 in
3339 2194 3668 2250 procanone
3722 2180 3816 2234 vi-

393 2269 565 2324 detur
618 2286 760 2325 usus
818 2272 1189 2339 Gothofredo,
1222 2289 1376 2329 anno
1435 2291 1468 2329 a
1525 2273 1777 2345 Virginis
1835 2279 2003 2345 partu
2061 2274 2293 2330 circiter
2342 2274 2468 2328 886.
2504 2275 2550 2328 A
2599 2274 2787 2329 Leone
2836 2271 3219 2327 concinnatos
3269 2269 3447 2326 fuisse
3505 2268 3813 2325 Βασιλικῶν

395 2356 580 2413 libros
609 2357 859 2414 Michael
900 2361 1148 2431 Psellus,
1177 2359 1423 2417 Michael
1472 2360 1767 2431 Attaliota,
1802 2359 2295 2436 Harmenopulus,
2329 2360 2660 2432 Balsamon,
2684 2361 2973 2417 Blastares
3000 2362 3058 2414 et
3099 2357 3372 2429 Cujacius
3405 2374 3640 2414 summo
3672 2375 3814 2414 con-

401 2463 581 2504 sensu
612 2451 920 2507 testantur.

470 2558 499 2587 ‹‹
543 2537 737 2592 Edidit
797 2538 932 2593 item
993 2538 1105 2594 Leo
1152 2537 1313 2593 Juris
1372 2538 1677 2609 Epitomas
1729 2539 1881 2613 (q-r),
1921 2554 2070 2612 opus
2120 2539 2298 2597 meris
2347 2539 2792 2598 definitionibus
2840 2543 2899 2595 et
2945 2537 3162 2613 regulis
3206 2540 3500 2607 constans,
3551 2542 3609 2594 et
3668 2537 3818 2594 satis

399 2623 657 2698 elegans,
689 2626 846 2697 quod
892 2630 1017 2683 erat
1050 2625 1109 2681 in
1153 2625 1415 2681 Palatina
1463 2625 1843 2699 bibliotheca,
1875 2634 1942 2684 ut.
1981 2630 2051 2685 Fr

2169 2647 2268 2686 rus
2308 2634 2593 2700 testatur;
2643 2635 2851 2702 praeter
2879 2621 3363 2698 ἑξηκοντάϐιϐλον,
3397 2644 3497 2683 seu
3547 2627 3820 2682 Βασιλικὰ

400 2712 612 2786 νόμιμα
652 2715 970 2771 confecisse
1021 2715 1265 2770 Leonem
1316 2714 1670 2788 prochirum,
1705 2724 1768 2772 ut
1806 2717 1995 2774 instar
2047 2718 2486 2775 lustitutionum
2536 2721 2699 2784 foret,
2732 2718 3023 2774 Antonius
3058 2718 3416 2788 Augustinus
3464 2717 3524 2771 in
3558 2716 3712 2772 notis
3742 2718 3819 2772 ad

400 2802 671 2860 Novellus
695 2803 905 2876 prodit,
933 2802 1247 2874 aliquando
1279 2819 1347 2860 ex
1371 2803 1465 2861 his
1497 2820 1625 2879 quas
1664 2805 1774 2878 ipsi
1803 2811 1860 2862 et
1891 2806 2105 2864 Basilio
2154 2810 2303 2880 patri
2335 2808 2536 2877 simul,
2560 2808 2647 2863 vel
2693 2806 3079 2864 Constantino
3121 2806 3238 2861 ﬁlio
3272 2806 3606 2876 promiscue
3638 2805 3825 2860 ascri-

404 2894 649 2961 buntur,
682 2892 826 2948 illud
869 2893 991 2949 fore
1040 2891 1355 2949 verisimile
1403 2901 1505 2966 est,
1539 2894 1683 2950 forte
1732 2894 1965 2956 Λὲοντος
2012 2891 2251 2970 ἐκλογὴν
2292 2912 2418 2970 qua;
2459 2897 2748 2969 reperitur
2788 2896 2847 2950 in
2879 2895 3234 2951 bibliotheca
3264 2894 3444 2966 Regia
3483 2893 3824 2962 Parisiensi,

404 2997 689 3053 quamque
715 2981 916 3037 laudat
948 2981 1233 3051 Labbeus,
1269 2983 1369 3056 qui
1400 3000 1467 3040 ex
1500 2985 1703 3040 eadem
1735 2989 1929 3041 erutas
1959 2984 2185 3057 glossas
2216 2986 2411 3042 emisit
2445 2987 2504 3041 in
2538 2987 2751 3042 lucem.
2784 2986 2978 3041 Codici
3009 2985 3289 3042 Vaticano
3328 2986 3454 3054 852,
3478 2985 3538 3040 in
3571 3002 3686 3056 quo
3715 3003 3821 3037 κα-

400 3070 467 3123 τὰ
498 3073 774 3142 στοιχεῖον
808 3070 1045 3142 praeﬁxa
1074 3070 1285 3142 legitur
1331 3072 1697 3144 imperatoris
1726 3073 1933 3130 Leonis
1980 3089 2050 3147 ep

2173 3074 2227 3132 la
2274 3074 2584 3149 incipiens,
2616 3072 3004 3143 Ἰουστίνιανῷ,
3029 3074 3259 3129 diversa
3289 3090 3322 3128 a
3361 3071 3587 3129 novella
3628 3072 3825 3144 prima

403 3159 611 3216 Leonis
641 3159 713 3214 ad
745 3159 1099 3232 Stylianum.
3308 3200 3337 3245 ά

474 3270 497 3300 α
529 3248 891 3306 Subsecutus
925 3249 1172 3306 Leonem
1203 3250 1643 3319 Constantinus,
1676 3251 1804 3322 ejus
1837 3250 2019 3321 ﬁlius,
2053 3256 2443 3325 cognomento
2476 3252 3083 3324 Porphyrogennetus,
3119 3250 3404 3306 revocavit
3441 3250 3549 3306 has
3584 3246 3816 3305 Βασιλι-

396 3335 494 3400 κᾶς
524 3339 634 3394 sub
664 3338 957 3410 incudem,
991 3344 1050 3395 et
1079 3356 1284 3396 novam
1326 3338 1709 3415 ἀνακάθαρσιν,
1741 3356 1841 3397 seu
1890 3342 2195 3414 repetitam
2230 3340 2656 3413 praelectionem
2704 3340 2902 3396 emisit
2932 3340 2989 3394 in
3030 3340 3237 3409 lucem,
3273 3343 3338 3394 ut
3367 3354 3497 3394 cum
3530 3340 3591 3394 in
3624 3355 3815 3394 unum

400 3444 613 3500 corpus
638 3428 1061 3500 quinquaginta
1089 3430 1269 3485 trium
1303 3428 1566 3485 locorum
1599 3430 2002 3486 communium
2048 3430 2189 3502 (δεῖ),
2224 3430 2528 3486 historicos
2569 3445 2772 3486 omnes
2814 3428 3004 3500 colligi
3032 3430 3332 3501 jussisset,
3366 3445 3480 3485 non
3516 3429 3709 3484 minus
3743 3429 3821 3483 de

395 3517 883 3589 jurisprudentia,
931 3534 1110 3589 quam
1138 3518 1208 3575 de
1238 3519 1505 3588 historia,
1540 3536 1668 3591 quae
1718 3520 2138 3592 conjungendm
2190 3524 2331 3577 sunt
2369 3520 2457 3593 (ut
2495 3522 2617 3575 toto
2663 3517 2858 3574 libello
2889 3518 3058 3573 docet
3091 3519 3435 3573 Franciscus
3467 3516 3818 3572 Balduinus‘

401 3606 552 3662 bene
584 3611 920 3676 mereretur,
954 3611 1020 3662 ut
1043 3606 1373 3663 observavit
1401 3608 1787 3664 Casuubonus
1807 3608 1869 3664 in
1902 3608 2059 3679 praef.
2091 3608 2165 3664 ad
2205 3606 2537 3680 Polybium.
2572 3606 2736 3663 Unde
2783 3603 3091 3661 Βασιλικῶν
3121 3611 3321 3662 auctor
3349 3610 3610 3661 assertus
3643 3604 3753 3659 fuit
3783 3620 3823 3659 a

408 3694 785 3766 Luitprando,
808 3700 984 3767 atque
1015 3712 1049 3751 a
1077 3695 1362 3752 Gentiano
1394 3696 1638 3753 Herveto
1671 3715 1684 3753 :
1721 3696 1873 3752 hanc
1902 3695 2260 3770 ἀνακάθαρσιν
2295 3698 2379 3770 (u)
2410 3697 2630 3768 passim
2664 3696 2867 3752 laudat
2892 3696 3229 3753 Theodorus
3261 3695 3591 3752 Balsamon.

478 3806 508 3834 ‹‹
548 3783 652 3840 Isti
683 3784 920 3841 demum
950 3784 1070 3841 veri
1110 3790 1251 3841 sunt
1299 3782 1609 3840 Βασιλικῶν
1642 3785 1797 3854 libri,
1848 3787 1948 3858 qui
1990 3803 2023 3843 a
2069 3787 2453 3843 Constantino
2504 3785 3051 3860 Porphyrogenneto
3078 3784 3289 3842 ultima
3336 3801 3513 3841 manu
3547 3783 3832 3855 imposita

418 3875 656 3931 fuerunt
684 3875 846 3930 editi.

479 3985 508 4014 ‹‹
538 3964 625 4018 Ad
655 3978 753 4019 eos
778 3963 905 4033 ipse
932 3963 1368 4035 Constantinus,
1397 3963 1735 4035 prochirum
1767 3965 1840 4038 (v)
1882 3964 2003 4021 sive
2049 3965 2540 4022 introductionem
2572 3965 2844 4037 componi
2885 3965 3127 4031 curavit,
3159 3971 3257 4020 aut
3294 3963 3486 4034 potius
3534 3960 3807 4032 prochira

407 4070 535 4126 quae
567 4053 820 4109 Basilius
842 4057 899 4109 et
929 4054 1041 4110 Leo
1072 4058 1542 4125 composuerant,
1575 4055 1864 4110 recenseri
1894 4071 1906 4109 :
1943 4056 2096 4111 unde
2126 4054 2291 4111 illius
2321 4071 2554 4127 quoque
2585 4072 2795 4111 nomen
2840 4058 2925 4110 tot
2964 4054 3362 4125 prochirorum
3391 4049 3832 4122 exemplaribus

408 4143 761 4214 inscriptum
813 4146 921 4211 est,
981 4158 1104 4215 qua:
1149 4161 1183 4200 a
1239 4143 1523 4199 studiosis
1581 4149 1638 4199 et
1693 4144 2007 4200 causidicis
2066 4144 2463 4201 Orientalibus
2532 4146 2685 4201 varie
2740 4144 3110 4215 interpolata,
3170 4142 3407 4200 concisa
3473 4157 3576 4213 pro
3630 4138 3823 4211 libito,

409 4238 468 4288 et
495 4232 567 4288 ad
599 4232 864 4304 ipsorum
887 4249 1087 4302 usum,
1110 4238 1581 4307 praepostereque
1611 4234 1901 4306 descripta
1938 4238 2058 4291 tam
2095 4234 2429 4299 dissimilia,
2460 4239 2695 4306 tamque
2728 4236 3062 4304 perturbato
3096 4232 3301 4288 ordine
3331 4246 3488 4287 nunc
3519 4229 3826 4301 reperiun-

408 4326 524 4377 tur.

484 4433 514 4463 ‹‹
544 4409 858 4466 Βασιλικῶν
891 4410 1155 4486 ἐκλογὴν,
1183 4411 1304 4468 sive
1334 4412 1615 4485 synopsin
1647 4412 1730 4485 (at)
1764 4413 1934 4470 Joan.
1976 4414 2136 4470 Sami

2181 4429 2299 4469 icus
2348 4414 2434 4468 vir
2479 4414 2813 4471 Pannonius
2842 4414 3075 4470 Tarenti
3108 4412 3260 4483 apud
3292 4410 3567 4467 Calabros
3596 4408 3833 4480 reperit,

415 4504 475 4556 et
500 4516 629 4556 cum
662 4502 931 4558 versione
959 4501 1167 4559 Latina
1194 4499 1581 4558 Leunclavius
1611 4500 1798 4574 ipsam
1831 4500 2012 4557 edidit
2042 4502 2279 4558 Basileae
2307 4503 2461 4558 1575.
2495 4502 2575 4559 De
2607 4501 2710 4559 illa
2742 4504 2871 4558 fuse
2902 4501 3175 4573 Cujacius
3215 4499 3317 4555 lib.
3350 4516 3487 4568 xvn,
3521 4512 3649 4568 cap.
3682 4496 3749 4550 37
3783 4499 3842 4551 et

425 4592 513 4647 38.
551 4590 825 4648 Observat.
859 4592 1036 4663 Iuris,
1078 4591 1179 4649 ubi
1210 4591 1415 4650 laudat
1443 4590 1616 4648 etiam
1653 4589 1847 4665 μικρὸν
1876 4590 2013 4645 κατὰ
2043 4611 2077 4643 σε

2188 4595 2319 4669 εεῖον
2353 4592 2558 4650 incerti
2590 4591 2867 4663 auctoris,
2887 4591 2959 4648 de
2982 4608 3095 4664 quo
3127 4607 3262 4647 cum
3296 4605 3413 4646 non
3442 4588 3685 4661 liqueat,
3718 4603 3840 4642 am-

420 4679 723 4751 pliandum
752 4696 976 4737 censeo.
1010 4702 1041 4733 »

493 4769 547 4821 6.
610 4769 896 4842 Διήγησις,
961 4769 1087 4843 περὶ
1142 4775 1243 4839 τῆς
1309 4768 1448 4844 πρὸς
1513 4766 1766 4845 Λῧγαρον
1834 4768 2237 4839 ἀποσταλείσης
2301 4770 2732 4846 ἀχειροποιήτου
2787 4767 2931 4829 θείας
2982 4766 3186 4826 εἰκόνος
3246 4767 3486 4839 Χριστοῦ
3545 4768 3643 4819 τοῦ
3703 4767 3840 4817 Θεοῦ

423 4858 609 4930 ἡμῶν.
642 4858 909 4915 Narratio
937 4858 1004 4915 de
1049 4859 1296 4933 imagine
1344 4860 1557 4917 Christi
1592 4861 1661 4915 ab
1701 4861 1820 4933 ipso
1875 4859 1945 4915 ad
1975 4862 2288 4934 Augarum,
2323 4860 2538 4915 Edessa:
2569 4875 2772 4929 regem,
2800 4859 2970 4914 missa
3015 4866 3064 4913 et
3095 4855 3292 4912 Edessa
3329 4856 3529 4911 CPolin
3564 4853 3845 4908 translata

425 4964 481 5004 a.
543 4947 601 5006 Ο.
658 4948 785 5004 94ἇ.
846 4947 1045 5006 Latine
1098 4948 1314 5021 legitur
1362 4951 1517 5022 apud
1568 4951 1870 5022 Aioysium
1919 4949 2371 5023 Lipomannum,
2421 4953 2593 5019 atque
2641 4948 2778 5004 inde
2829 4948 2985 5020 apud
3038 4946 3277 5003 Surium
3330 4952 3467 5002 tom.
3517 4944 3610 5008 IV,
3655 4943 3726 4997 ad
3776 4940 3843 4995 16

425 5037 710 5109 Augusti;
764 5037 956 5095 Gnaeo
1001 5053 1073 5094 ex
1118 5040 1294 5111 Regio
1338 5040 1535 5097 codice
1574 5057 1695 5097 una
1750 5057 1881 5097 cum
1929 5057 2077 5097 nova
2132 5040 2397 5096 versione
2446 5055 2555 5094 sua
2604 5039 2873 5107 notisque
2923 5037 3152 5109 primus
3197 5036 3454 5106 vulgavit
3491 5032 3839 5090 Franciscus

425 5126 812 5184 Combeﬁsius
841 5126 903 5183 in
950 5126 1250 5184 Fasciculo
1280 5129 1569 5200 originum
1627 5136 1682 5184 et
1731 5129 2149 5201 antiquitatum
2182 5127 2374 5198 CPoi.,
2409 5144 2461 5197 p.
2493 5127 2725 5193 75-101,
2762 5127 2941 5185 Paris.
2986 5127 3146 5195 1664,
3174 5127 3228 5182 4.
3279 5124 3690 5195 Conjecturam
3742 5120 3831 5175 Li-

2011 5245 2244 5302 NOTAE.

500 5352 576 5425 (p)
605 5352 824 5425 Vereor
875 5368 949 5410 ne
985 5350 1417 5425 Antiochenum
1456 5351 1850 5425 patriarcham
1891 5352 2086 5409 Balsa-
2194 5349 2390 5406 Basilii
2439 5350 2772 5410 Macedonis
2819 5353 2974 5409 inter
3004 5351 3312 5423 scriptores
3359 5351 3492 5421 post
3533 5346 3847 5417 Theopha-

429 5423 663 5497 mdnem
716 5424 905 5497 dicere
955 5423 1213 5497 voluerit
1247 5424 1634 5497 Augustinus,
1679 5427 1750 5480 de
1780 5426 1951 5495 cujus
1988 5442 2081 5496 sy-
2193 5440 2349 5479 nem.

430 5496 599 5580 nolpsi
626 5495 976 5580 \e'codi'cenet
1005 5494 1248 5580 novellis
1279 5490 1708 5580 dictumsupra
1738 5514 1794 5568 p.
1828 5490 1962 5580 4'03...
2022 5490 2041 5496 ⁷
2264 5497 2383 5580 (sit)
2405 5493 2559 5580 'Yide
2589 5494 2807 5580 volam.
2838 5497 2906 5552 V1
2934 5495 3112 5566 hujus
3136 5492 3314 5580 Bibl”
3337 5490 3543 5580 p:'490_
3563 5503 3687 5580 seq:

490 5566 643 5649 .(q-r)
661 5567 869 5623 Leonis
894 5566 1187 5636 Sapientis
1207 5566 1628 5650 compendium
1648 5566 1869 5649 Legum
1892 5568 2082 5623 citans

434 5638 562 5694 Nic.
581 5639 912 5696 Comnenus
943 5640 1295 5711 Papadopoll
1310 5640 2081 5711 Prmoliombusmyslagog.

2264 5566 2344 5638 (τι)
2404 5567 2563 5622 Idem
2613 5567 2883 5624 Balsamo
2953 5579 3194 5638 prooem.
3249 5566 3308 5619 in
3372 5568 3842 5619 Nomocanonem

2191 5638 2379 5711 Photii
2419 5646 2586 5711 vocat
2613 5638 2712 5706 τήν
2758 5636 3075 5711 τελευταίᾳν
3109 5635 3484 5711 ᾀνακάθαρσινι
3505 5634 3616 5711 ξῶν
3657 5628 3842 5711 νόμῳν

436 5652 562 5694 me.
581 5652 912 5696 uomnenus
943 5652 1295 5765 Papaaopoti
1310 5652 2081 5711 I’rwnotz'omousmystagog.

433 5726 492 5779 ρ.
533 5710 669 5792 361,
702 5711 827 5792 402,
869 5713 1040 5792 οἱοηὴ
1058 5713 1237 5792 andat
1275 5713 1412 5792 ejus
1434 5712 2080 5792 interpreteslidodesti-

2191 5652 2379 5694 t’notu
2419 5652 2586 5694 vocat
2613 5658 2712 5706 την
2758 5652 3075 5694 τεΛευταιαν
3114 5652 3348 5688 ανακαυα
3389 5654 3469 5687 σιν
3509 5652 3616 5685 των
3657 5652 3841 5702 νομων

2189 5710 2286 5778 τὴν
2338 5706 2637 5792 γενομένην
2685 5710 2833 5792 πέπιρὲ
2886 5712 2983 5762 τοῦ
3013 5703 3269 5792 ἀοιδίμου
3336 5652 3609 5780 ἕασιλὲως
3648 5700 3841 5778 κυρίου

435 5774 597 5857 pum,
631 5774 967 5857 Dominum,
991 5774 1341 5857 Gregorium
1376 5785 1568 5846 Patzo,
1590 5774 2078 5857 iTheOphilitzem,

1679 5782 2078 5857 Leophili‘tzem,
2191 5774 2605 5857 Κίονσῖεανέίνοιξ
2619 5785 2743 5857 ⁸τοῦ
2765 5774 3331 5857 ’Πορφυρογέννητοω

433 5853 783 5925 Eudoxium,
802 5852 1509 5911 Phocamet’Theodorum
1526 5853 2075 5925 Hermonopolitem.
2257 5855 2330 5925 (v)
2350 5857 2414 5909 A.
2448 5852 2509 5908 C.
2540 5852 2666 5925 939.

434 5924 599 5980 Alius
644 5926 715 5981 ab
754 5926 863 5981 hoc
909 5926 1338 5998 Theophilitzes
1384 5930 1554 5996 cujus
1608 5922 1914 5981 mentio‘in
1946 5925 2081 5981 Vita
2259 5922 2343 5999 (αξ)
2375 5925 2495 5981 Fol.
2529 5922 2601 5979 de
2631 5924 2739 5982 hac
2766 5939 2940 5996 supra
2960 5942 3016 5996 p.
3051 5924 3175 5979 426.
