4184 6446
392 462 471 522 21
1136 461 1459 524 NOTITIA
1507 461 2007 526 SCRIPTORUM
2051 461 2582 525 CONSTANTINI
2628 461 3137 522 PROPHYROG.
3773 463 3852 523 22

411 592 634 667 pomani
664 595 726 648 et
757 592 1010 648 Baronii
1062 592 1162 662 (ad
1197 611 1248 650 a.
1282 594 1409 665 994,
1441 613 1498 652 n.
1529 597 1616 666 13,
1661 613 1718 669 p.
1764 597 1892 664 717,
1935 597 2028 651 ed.
2080 599 2380 667 Antwerp.
2430 594 2727 664 Plantin.),
2779 593 2880 664 qui
2933 595 3327 650 narrationem
3375 595 3523 650 hanc
3563 595 3847 652 Constan-

408 684 548 752 tino,
591 682 848 738 Romani
903 681 1052 749 filio,
1105 683 1399 750 tribuunt,
1443 684 1654 740 refellit
1707 690 1913 756 praeter
1961 684 2380 740 Combeﬁsium
2424 684 2503 755 (et
2562 683 2824 739 Lambec.
2874 683 2913 737 l.
2957 697 3034 751 c.,
3086 697 3142 753 p.
3184 683 3309 749 413,
3353 687 3508 754 sqq.)
3551 683 3848 740 Hanckius

410 777 485 832 De
513 774 883 847 scriptoribus
918 773 1050 828 hist.
1097 778 1263 845 Bys,
1297 790 1429 846 pag.
1471 776 1576 830 475
1605 792 1753 848 seq.,
1783 779 1839 833 et
1862 775 2150 830 Antonius
2198 775 2333 846 Pagi
2375 773 2436 830 in
2482 774 2695 830 Critica
2743 773 3067 830 Baroniana
3105 771 3177 826 ad
3212 789 3262 827 a.
3297 774 3356 828 C.
3388 775 3514 843 944,
3567 792 3622 830 n.
3657 776 3690 829 3
3722 791 3846 847 seq.

414 871 613 924 Exstat
640 867 819 923 etiam
852 866 982 922 haec
1014 866 1276 921 narratio
1306 883 1416 923 ms.
1450 865 1510 923 iu
1543 867 1686 923 bibl.
1721 866 2201 934 Vindobonensi;
2233 865 2364 922 vide
2394 864 2768 920 Lambecium
2816 863 2969 932 VIII,
2996 881 3130 936 pag.
3181 865 3284 919 195
3313 881 3431 935 seq.
3468 866 3544 935 [p.
3584 866 3686 919 410
3719 883 3847 936 sqq.

414 960 509 1016 ed.
539 957 785 1028 Kollar.,
817 959 948 1013 cod.
984 957 1076 1024 14,
1110 973 1168 1012 n.
1210 957 1300 1029 39]
1333 960 1389 1012 et
1437 975 1493 1030 p.
1529 957 1632 1012 198
1664 959 1744 1031 [p.
1780 957 1882 1012 417
1906 973 2063 1029 sqq.,
2096 973 2153 1013 n.
2204 958 2293 1012 40.
2326 957 2526 1028 ibique
2568 956 2783 1013 Kollar.
2841 960 2960 1013 not.
2995 957 3085 1028 B.]
3119 957 3218 1012 ubi
3279 957 3525 1013 refertur
3573 959 3850 1030 anonymi

415 1049 888 1104 additamentum
923 1047 995 1102 de
1027 1044 1129 1101 illa
1159 1046 1436 1119 imagine,
1468 1046 1626 1104 culta
1655 1047 1911 1114 Edessa,
1944 1051 2256 1119 antequam
2287 1047 2496 1103 CPolin
2538 1047 2977 1104 transferretur.
3011 1048 3253 1118 Inc1pit:
3308 1046 3436 1119 Περὶ
3477 1051 3577 1114 τῆς
3607 1046 3762 1120 ἁγίας
3794 1045 3846 1101 ἐν

416 1135 639 1210 Ἐὂὲσσῃ
674 1135 1112 1210 ἀχειροποιήτου
1161 1134 1251 1188 καί
1299 1133 1445 1199 θείας
1499 1141 1737 1215 μορφῆς.
1791 1137 2022 1192 FABRIC-

2173 1137 2271 1192 Est
2319 1153 2544 1208 quoque
2574 1136 2674 1192 illa
2733 1138 2990 1196 narratio
3048 1137 3296 1192 Floreat.
3351 1137 3408 1191 in
3467 1137 3613 1193 bibl.
3663 1137 3837 1192 Laur.

417 1227 568 1282 Med.
605 1227 731 1282 cod.
765 1226 856 1279 30.
912 1224 1010 1295 qui
1043 1223 1302 1279 continet
1349 1225 1496 1281 vitas
1528 1229 1585 1281 et
1616 1242 1917 1282 sermones
1967 1226 2331 1282 diversorum
2379 1227 2621 1281 Patrum
2653 1226 2712 1280 in
2753 1226 2989 1282 laudem
3037 1226 3139 1282 SS.
3192 1244 3226 1282 a
3254 1226 3346 1282 die
3396 1227 3461 1280 18
3489 1230 3626 1282 Jun.
3662 1243 3850 1295 usque

416 1321 493 1373 ad
523 1319 587 1372 31
622 1320 767 1388 Aug.
806 1333 863 1370 n.
899 1316 990 1380 39,
1024 1315 1080 1370 d.
1125 1315 1192 1368 16
1219 1317 1486 1388 Augusti.
1529 1319 1598 1373 V.
1633 1316 1870 1372 Bandin.
1925 1316 2050 1373 Cat.
2086 1317 2251 1372 codd.
2287 1317 2384 1372 Gr.
2431 1317 2605 1374 Laur.
2644 1316 2685 1373 Ι.
2730 1335 2786 1390 p.
2822 1318 2946 1386 456,
2997 1319 3098 1389 qui
3144 1327 3419 1390 przelerea
3467 1319 3606 1374 citat
3636 1319 3851 1373 Menaea

421 1409 670 1462 Grecor.
705 1406 908 1460 eodem
943 1404 1058 1472 die,
1086 1407 1142 1459 et
1168 1405 1344 1462 Leon.
1377 1405 1573 1462 Allatii
1599 1405 1784 1464 Diatr.
1821 1408 1891 1462 de
1932 1407 2275 1462 Simeonum
2309 1405 2565 1478 scriptis,
2596 1424 2652 1478 p.
2690 1407 2789 1461 103
2815 1424 2904 1479 sq.
2946 1437 3015 1448 -·
3046 1407 3260 1463 Eadem
3307 1408 3550 1463 historia
3583 1405 3851 1476 imaginis

420 1496 638 1552 Christi
669 1495 980 1551 Edessena
1009 1497 1272 1550 servatur
1311 1494 1370 1549 in
1400 1494 1545 1553 bibl.
1579 1495 1740 1568 publ.
1788 1497 1976 1553 Paris.
2010 1496 2176 1552 codd.
2230 1496 2389 1565 1176,
2443 1513 2502 1553 n.
2537 1496 2625 1565 40,
2661 1497 2820 1563 1475,
2852 1513 2912 1553 n.
2961 1498 3014 1567 9,
3051 1497 3211 1563 1527,
3257 1514 3313 1551 n.
3363 1498 3448 1564 11,
3487 1497 3623 1551 1528
3653 1512 3717 1551 n.
3762 1495 3848 1562 13,

421 1589 585 1654 1548,
619 1605 678 1640 n.
717 1587 776 1641 11
820 1590 876 1640 et
910 1585 1067 1652 1611,
1100 1601 1158 1640 n.
1189 1585 1274 1639 17.
1308 1616 1377 1626 —
1411 1587 1486 1643 De
1535 1586 1789 1657 imagine
1833 1587 2119 1642 Edessena
2157 1585 2396 1657 Christi,
2446 1586 2654 1642 CPolin
2705 1587 2899 1654 allata,
2933 1587 3152 1643 mentio
3186 1589 3248 1642 fit
3281 1589 3433 1658 apud
3481 1587 3850 1643 continuato—

417 1695 541 1733 rem
571 1674 964 1746 Theophanis,
992 1673 1054 1728 in
1084 1676 1343 1729 Romano
1373 1673 1528 1746 imp.,
1562 1692 1617 1748 p.
1650 1676 1776 1730 268.
1810 1680 1989 1732 Hann.

493 1769 547 1822 7.
584 1764 905 1822 Orationem
937 1779 1038 1816 ms.
1089 1763 1163 1816 de
1215 1763 1584 1820 translatione
1629 1765 2000 1838 reliquiarum
2043 1766 2098 1822 S.
2148 1766 2529 1838 Chrysostomi
2565 1766 2765 1822 laudat
2803 1766 3051 1822 Allatius
3085 1769 3157 1822 De
3203 1765 3549 1838 purgatorio,
3591 1781 3724 1836 pag.
3755 1765 3848 1830 71,

420 1857 495 1912 ad
528 1853 842 1924 Georgium
874 1851 1263 1923 Acropolitam
1293 1870 1425 1925 pag.
1457 1855 1583 1910 201.
1616 1855 1692 1910 De
1731 1871 1995 1913 consensu
2023 1872 2152 1926 pag.
2185 1857 2312 1925 281,
2366 1860 2424 1912 et
2455 1857 2528 1913 De
2568 1857 2917 1912 Simeonibus
2967 1873 3098 1928 pag.
3145 1857 3265 1912 111.
3318 1856 3568 1927 Incipit:
3616 1852 3683 1910 Tt
3732 1873 3849 1927 τερ-

417 1946 690 2020 πνότερον
749 1946 842 1997 τοῦ
893 1947 981 1996 νῦν
1033 1942 1317 2015 ὁρωμένου
1374 1943 1643 2016 θεάματος
1693 1944 1727 2014 ἢ
1788 1944 1840 2000 τί
1899 1944 2284 2020 λαμπρότερον
2351 1952 2452 2016 τῆς
2519 1945 2800 2021 παρούσης
2851 1946 3061 2020 ἡμέρας
3107 1965 3121 2015 ;
3172 1946 3404 2003 Titulus
3461 1952 3605 2002 est:
3667 1946 3846 2019 Λόγος

416 2033 586 2104 ἡνίκα
641 2034 706 2088 τὸ
763 2035 860 2088 τοῦ
914 2027 1306 2107 Χρυσοστόμου
1363 2035 1508 2110 ἱερὸν
1563 2042 1758 2104 σκῆνος
1814 2033 1873 2090 ἐκ
1920 2038 2020 2100 τῆς
2076 2034 2364 2110 ὑπερορίας
2411 2034 2462 2090 ἐν
2513 2041 2580 2106 τῆ
2627 2033 2870 2110 βασιλίδι
2917 2039 3023 2091 τῶν
3081 2033 3299 2091 πόλεων
3350 2036 3605 2104 ἀπετὲθη.
3665 2036 3844 2091 FABR.

413 2161 488 2168 —
521 2129 679 2183 Inter
725 2125 1070 2182 vetustiores
1098 2125 1409 2198 scriptores
1460 2127 1562 2200 qui
1607 2127 1802 2184 Vitam
1835 2128 2230 2198 Cbrysostomi
2277 2132 2411 2184 sunt
2458 2128 2768 2200 persecuti,
2802 2129 3081 2185 laudatur
3117 2129 3314 2185 Const.
3348 2129 3624 2200 Porphyr.
3675 2125 3847 2202 ἐγκώ-

415 2237 545 2289 {nov
576 2216 637 2271 in
669 2217 799 2272 cod.
833 2214 1078 2272 Vindob.
1110 2215 1320 2272 Caesar.
1352 2216 1443 2272 27.
1475 2217 1542 2273 V.
1579 2219 1834 2274 Lambee.
1869 2218 2186 2274 Comment.
2215 2219 2360 2285 VIII,
2394 2234 2525 2292 pag.
2554 2219 2660 2275 637
2691 2236 2846 2291 sqq.,
2880 2223 2956 2289 et,
3010 2236 3185 2293 quem
3235 2218 3332 2274 ille
3377 2236 3434 2290 p.
3475 2219 3602 2286 639,
3636 2221 3756 2273 not.
3787 2217 3845 2284 4,

415 2307 654 2364 excitat.
683 2305 1050 2362 Saviliumin
1082 2306 1173 2362 ed.
1208 2305 1625 2380 Cbrysostomi,
1659 2312 1800 2364 tom.
1831 2308 1980 2379 VIII,
2013 2307 2123 2365 col.
2156 2309 2282 2364 943.
2316 2309 2418 2364 Est
2462 2326 2597 2366 vero
2651 2309 3088 2377 illaConstant.
3125 2309 3401 2381 Porphyr.
3439 2312 3584 2364 orat.
3632 2307 3691 2363 in
3719 2306 3850 2362 cod.

418 2401 686 2456 Caesareo
720 2398 808 2467 19,
855 2401 1001 2453 teste
1033 2396 1283 2454 Kollario
1330 2398 1390 2454 in
1441 2399 1732 2470 supplem.
1767 2401 1838 2455 ad
1881 2399 2172 2456 Lambecii
2216 2404 2464 2468 Comm,
2493 2417 2549 2473 p.
2583 2402 2688 2456 259
2721 2418 2812 2474 sq.
2847 2434 2916 2443 —
2951 2403 3011 2457 In
3062 2401 3203 2458 bibl.
3255 2401 3562 2464 Sforliana,
3615 2404 3854 2455 notanle

423 2487 750 2544 Montfauc.
783 2485 843 2541 in
890 2491 951 2540 Β.
985 2487 1185 2542 bbloth.
1210 2504 1365 2556 mss.,
1399 2493 1542 2544 tom.
1579 2489 1622 2558 Ι,
1647 2506 1776 2561 pag.
1811 2490 1938 2553 702,
1968 2492 2036 2544 A.
2069 2489 2341 2546 —Paris.
2365 2489 2425 2545 in
2465 2489 2606 2547 bibl.
2638 2491 2804 2563 publ.
2831 2491 2994 2547 codd.
3029 2491 3154 2558 157,
3189 2509 3245 2546 n.
3281 2491 3367 2545 19.
3409 2496 3462 2545 et
3492 2489 3652 2543 3100.
3708 2505 3766 2543 n.
3799 2488 3852 2542 4.

493 2576 948 2646 Constantinus,
997 2577 1208 2634 Leonis
1252 2578 1429 2646 filius,
1475 2586 1676 2635 auctor
1704 2596 1832 2635 esse
1880 2578 2096 2635 dicitur
2125 2581 2472 2636 canticorum
2522 2577 3047 2654 (ἔξαποστειλαρίογ)
3087 2581 3157 2635 ad
3216 2580 3413 2636 divina.
3457 2579 3717 2649 beneﬁcia
3751 2594 3856 2649 pa-

424 2669 649 2736 scendo,
701 2667 759 2722 in
793 2668 917 2723 cod.
975 2667 1215 2724 Taurin.
1277 2670 1400 2740 175,
1432 2668 1501 2724 V.
1535 2668 1713 2726 Catal.
1748 2669 1919 2726 codd.
1980 2685 2138 2741 regg.
2190 2671 2448 2740 Taurin.,
2497 2688 2631 2744 pag.
2682 2672 2788 2726 260
2838 2689 2920 2742 sq.
2972 2704 3039 2711 —
3089 2672 3242 2725 Inter
3281 2670 3449 2726 codd.
3498 2668 3746 2724 Vossian
3786 2668 3847 2723 in

425 2760 612 2817 Catal.
645 2759 814 2816 codd.
846 2757 1089 2831 Anglia,
1130 2762 1272 2815 tom.
1315 2759 1386 2829 ll,
1427 2777 1485 2832 p.
1516 2760 1610 2829 60,
1640 2776 1696 2815 n.
1729 2762 1893 2832 2210,
1924 2763 2013 2816 est
2057 2760 2331 2831 anonymi
2364 2761 2732 2832 compellatio
2780 2762 2848 2816 ad
2898 2759 3344 2816 Constantinum
3401 2758 3834 2829 Porphyrogen.

417 2853 462 2904 Η
473 2869 596 2906 λιιι..

500 2944 554 2995 8.
587 2941 909 3012 Theophanis
955 2940 1267 3008 historiam,
1303 2940 1668 2997 Constantini
1701 2943 1876 3012 jussu
1924 2943 2338 3009 continuatam,
2393 2942 2712 2998 memoravi
2762 2958 2938 3013 supra
2982 2940 3067 3012 [in
3117 2939 3230 2995 vol.
3279 2939 3405 3006 VII,
3450 2938 3552 2994 lib.
3603 2955 3664 3010 11,
3700 2955 3749 2993 ο.
3781 2938 3836 2993 5.

415 3034 445 3099 §
477 3030 596 3098 VII,
630 3048 688 3086 n.
724 3031 770 3085 4.
802 3046 934 3103 pag.
968 3029 1122 3100 681.]
1153 3059 1222 3070 —-
1255 3029 1384 3086 Vide
1425 3029 1652 3102 hujusce
1691 3031 2022 3103 Patrologise
2070 3036 2275 3088 nostrae
2307 3041 2438 3088 tom.
2488 3033 2634 3098 CIX,
2678 3033 2738 3088 in
2786 3031 3101 3087 recensione
3131 3031 3465 3102 scriptorum
3499 3037 3620 3100 post
3672 3027 3838 3084 Theo-

402 3122 666 3191 phanem.
699 3121 856 3176 Eun.

474 3214 531 3266 9.
565 3212 838 3280 Superest
868 3209 1226 3282 praecipuum
1258 3226 1427 3280 opus,
1460 3211 1611 3281 quod
1648 3228 1763 3266 non
1803 3213 1928 3283 ipso
1956 3213 2342 3269 Constantino
2374 3211 2612 3285 quidem
2653 3212 3040 3276 elaboratum,
3075 3218 3133 3266 at
3157 3209 3391 3283 egregio
3423 3208 3669 3265 consilio
3701 3209 3826 3279 ejus

408 3307 589 3373 atque
621 3300 900 3374 auspiciis
942 3315 1045 3373 per
1073 3300 1263 3356 varios
1301 3300 1454 3356 viros
1506 3302 1724 3372 peritos
1756 3301 2040 3372 digestum

2160 3306 2205 3372 ι,
2264 3297 2661 3378 κεφαλαιωδῶν
2713 3300 3040 3370 ὑποθέσεων,
3091 3301 3211 3356 sive
3258 3301 3719 3356 collecta-raeorum
3777 3304 3835 3355 et

396 3398 792 3462 excerptorum
820 3389 1512 3460 historico-politicorum
1544 3394 1602 3445 et
1622 3389 1932 3446 moralium
1956 3390 2064 3447 sub
2095 3391 2382 3463 capitibus
2413 3391 2531 3447 sive
2562 3390 2751 3446 titulis
2769 3392 2840 3445 53
2871 3391 2951 3464 (y)
2984 3391 3426 3461 dispositorum,
3471 3389 3825 3462 conquisito-

391 3498 656 3552 rumque
677 3497 746 3536 ex
770 3479 1202 3552 probatissimis
1225 3480 1559 3552 quibusque
1581 3479 1876 3536 historicis
1906 3481 2100 3537 omnis
2131 3481 2318 3538 aetatis
2341 3481 2764 3536 monumentis.
2796 3481 2878 3536 Ex
2907 3480 3099 3536 tribus
3131 3481 3291 3535 hisce
3322 3485 3377 3536 et
3408 3479 3832 3552 quinquaginta

396 3571 601 3625 titulis
634 3570 870 3626 nonnisi
903 3573 1042 3638 duo,
1077 3586 1268 3641 neque
1298 3569 1384 3625 illi
1433 3570 1668 3642 integri,
1722 3569 1896 3642 plane
1925 3570 1997 3626 ad
2047 3587 2153 3627 nos
2209 3578 2617 3642 pervenerunt,
2665 3571 2980 3626 vicesimus
3030 3571 3316 3640 septimus
3342 3569 3473 3640 Περὶ
3505 3563 3826 3642 πρεσϐειῶν,

397 3660 476 3715 De
507 3659 906 3731 legationibus,
940 3666 997 3716 et
1029 3659 1555 3732 quinquagesimus
1597 3657 1726 3733 Περί
1754 3656 1951 3733 ἀρετῆς
1980 3679 2048 3712 κα

2160 3658 2313 3727 tntae,
2347 3661 2422 3714 De
2466 3661 2672 3716 virtute
2718 3663 2768 3714 et
2810 3661 2966 3715 vitio.
3001 3658 3181 3714 Tituli
3228 3660 3298 3714 de
3329 3658 3721 3730 legationibus
3755 3657 3833 3711 al-

398 3753 588 3804 teram
625 3755 874 3820 partem,
909 3750 1182 3804 aloanne
1212 3749 1465 3819 quodam
1499 3748 1805 3804 CPolitano
1837 3748 2152 3820 digestam,
2186 3767 2254 3804 ex
2290 3749 2431 3804 bibl.
2466 3747 2700 3803 Antonii
2726 3747 3063 3820 Augustini,
3107 3747 3525 3819 archiepiSCOpi
3553 3747 3827 3800 Tarraco-

401 3839 623 3908 nensis,
665 3839 922 3912 vulgavit
976 3838 1214 3894 Fulvius
1259 3839 1498 3894 Ursinus
1532 3837 1724 3893 Graece
1755 3839 2060 3910 Antwerp.
2113 3839 2272 3906 1582,
2325 3840 2378 3909 4,
2420 3855 2554 3893 cum
2606 3838 2782 3893 notis.
2835 3839 2898 3894 In
2950 3839 3057 3894 hac
3089 3841 3248 3908 parte
3296 3840 3528 3892 exstant
3583 3829 3831 3906 παραϐο-

396 3927 489 3981 λαξ
537 3935 810 4001 excerpta
855 3946 885 3986 e
934 3929 1169 4001 Polybio
1211 3945 1341 4001 pag.
1387 3928 1578 3993 1-2‘28,
1624 3945 1655 3985 e
1684 3928 1956 4000 Dionysio
2008 3928 2469 3996 Halicarnasseo,
2505 3946 2563 4001 p.
2596 3929 2866 3997 295-312,
2916 3945 2946 3984 θ
2978 3929 3222 3984 Diodoro
3253 3927 3447 3982 Siculo
3493 3945 3548 3996 p.
3594 3927 3830 3980 313-333

394 4036 464 4074 ex
494 4020 767 4090 Appiano
801 4037 930 4092 pag.
965 4021 1232 4086 334.372,
1265 4023 1322 4074 et
1351 4035 1382 4074 e
1411 4018 1593 4075 Dione
1622 4019 1823 4075 Cassio
1855 4036 1912 4090 p.
1947 4019 2210 4074 373-447.
2261 4020 2519 4074 Alteram
2575 4028 2794 4089 partem
2827 4019 3090 4088 ejusdem
3122 4017 3278 4073 tituli
3309 4018 3379 4072 de
3412 4016 3824 4089 legationibus,

394 4126 463 4165 ex
496 4110 923 4166 recentioribus
954 4111 1131 4182 paulo
1161 4109 1455 4166 historicis
1487 4116 1753 4181 excerpta
1783 4109 2166 4180 complexam,
2199 4110 2380 4166 David
2429 4109 2793 4166 Hosscbelius
2833 4126 2902 4164 ex
2932 4109 3128 4165 codice
3158 4109 3430 4164 Bavarico
3460 4108 3565 4161 204
3599 4107 3822 4178 pridem

389 4199 676 4271 vulgavit.
730 4205 803 4256 Ex
848 4201 1130 4272 prooemio
1177 4200 1468 4256 ascribam
1522 4199 1854 4272 catalogum
1903 4200 2278 4272 scriptorum,
2311 4216 2342 4256 e
2379 4201 2595 4271 quibus
2647 4199 2748 4256 illa
2791 4199 3274 4256 collectaneorum
3311 4217 3442 4269 pars
3474 4199 3821 4256 concinnata

391 4290 545 4345 fuit:
581 4288 704 4345 Εἰσὶ
767 4287 824 4344 δὲ
887 4289 948 4343 ἐκ
1019 4293 1130 4344 τῶν
1204 4289 1649 4365 ὑποτεταγμένων
1721 4289 2040 4362 Χρονικῶνο
2103 4289 2168 4359 α’,
2225 4287 2428 4362 Πέτρου
2494 4289 2782 4364 πατρικίου
2865 4289 2952 4343 καὶ
3035 4288 3360 4363 μαγίστρου.
3424 4290 3491 4364 β’,
3539 4285 3814 4360 Γεωργίου

390 4380 650 4452 μοναγοὺ
712 4387 995 4455 χρονικῆς.
1057 4381 1125 4454 γ’,
1185 4380 1440 4436 Ἰωάννου
1497 4378 1848 4453 Ἀντιοχέως.
1911 4377 1978 4449 δ’,
2037 4380 2318 4435 Διονυσίου
2372 4378 2809 4455 Ἀλικαρνασέως
2856 4380 3218 4453 Ῥωμαῗακῆς
3279 4378 3699 4455 ἀρχαιολογίας.
3763 4378 3823 4448 ε’,

389 4469 458 4530 ς’,
518 4463 801 4523 Βολυϐίου
887 4467 1354 4544 Μεγαλοπολίτου
1439 4470 1529 4522 καὶ
1589 4473 1910 4526 ’Λππιανοῦ.
1967 4469 2050 4539 ῗζ’,
2109 4469 2360 4543 Ζωσίμου
2448 4469 2881 4526 Ἀσκαλωνίτου.
2963 4470 3058 4540 η’.,
3150 4470 3424 4538 Ἰωσήπου
3511 4463 3820 4535 Ἰουδαϊκῆς

390 4556 820 4634 ἀρχαιολογίας.
881 4561 943 4627 0',
1000 4555 1280 4632 Διοδώρου
1329 4557 1692 4617 Σικελιώτου.
1757 4560 1808 4628 ι’,
1871 4558 2070 4621 Δίωνος
2125 4565 2450 4619 Κοκκιανοῦ.
2525 4563 2611 4630 ια’,
2661 4559 2971 4636 Προκοπίου
3033 4559 3366 4634 Καισαρέως.
3431 4559 3519 4632 ιβ’,
3574 4557 3812 4632 Πρίσκου

1996 4671 2228 4728 ΝΟΤίΕ.

475 4768 561 4859 (ξ)
619 4769 836 4852 Auctor
897 4768 1272 4859 prmfa‘tionis,
1335 4767 2049 4859 sin/gulis,e’xcerptqrum

394 4837 593 4916 titulis
628 4837 940 4916 praemissa—2
964 4839 1110 4916 :_'(_)_
1135 4842 1232 4903 τῆς
1265 4837 1547 4916 πορφξρας
1591 4837 2051 4916 ἆπύγονὸςΚων-

398 4908 703 4984 “derives,
749 4910 776 4964 ὁ
853 4908 1274 4984 ὀρθοδοξότατος
1339 4908 1462 4984 ’καί
1525 4908 2049 4984 χριστιὰνικώτατος

395 4987 509 5036 τῶν
560 4980 785 5056 πώποτε
875 4978 1372 5056 βεϐασιλευκότων,
1431 4978 1833 5056 ὀξνυῶπὲστεροῗν
1863 5050 1880 5056 Δ
1915 4984 2050 5052 πρὸς

396 5056 504 5121 τήν
533 5057 643 5126 τῷν
699 5050 884 5110 καλῶν
944 5056 1276 5126 κατανόησιν
1318 5050 1681 5126 διακείμενος,
1729 5050 1818 5110 καὶ
1856 5050 2054 5126 Bactri-

394 5146 532 5201 ptOV_
554 5121 832 5201 ﬁci/ﬁnds;
871 5130 1017 5201 νοὺν,
1045 5121 1224 5201 ἔκρινε
1269 5121 1575 5201 βέλτιστον-
1603 5125 1739 5179 εἶναι
1780 5125 1870 5201 καὶ
1899 5121 2047 5180 noui-

392 5191 738 5276 ἰρφελὶςίξῷ
788 5217 854 5276 τε.
902 5191 1013 5276 βίῳ
1065 5191 1417 5276 ὀτησίφορον,
1451 5196 1733 5276 *πρότερον
1772 5198 1897 5270 μὲν,
1939 5205 2048 5276 etc.

391 5271 799 5325 Cdnstautinus
829 5271 1404 5342 Po'rphyrogennetus,
1437 5271 1762 5344 imperator,
1802 5272 2052 5344 omnium

389 5344 495 5411 qui
542 5357 791 5411 unquam
861 5346 1110 5412 fuerunt,
1163 5349 1321 5400 rectae
1376 5342 1526 5413 ﬁdei
1561 5342 1948 5399 tenacissimas
2002 5348 2053 5399 et

391 5413 928 5482 Christianissimus,
980 5416 1206 5486 ingenio
1249 5415 1514 5486 prmditus
1570 5415 1881 5486 adrerum
1922 5413 2052 5484 pul-

391 5485 666 5541 chrarum
713 5485 1108 5556 perceptionem
1158 5485 1496 5549 acutissimo,
1544 5502 1609 5540 ea
1654 5485 1886 5556 denique
1914 5503 2054 5556 prae-

388 5566 557 5630 stans
611 5557 1004 5630 intelligentia,
1071 5567 1131 5613 ut
1182 5559 1350 5628 facile
1397 5556 1614 5630 quidvis
1673 5556 1742 5611 ad
1805 5557 2053 5629 effectum

391 5629 741 5700 perduceret,
799 5628 945 5682 illud
997 5631 1181 5700 primo
1238 5633 1356 5700 fore
1405 5628 1685 5700 eptimum
1757 5633 1835 5683 est
1901 5633 2054 5683 ratus

396 5699 449 5755 et
477 5700 664 5771 uulgo
711 5700 976 5771 omnibus
999 5699 1171 5767 utile,
1220 5705 1278 5756 ut
1325 5701 1495 5756 libros
1541 5699 1797 5771 undique
1841 5715 1911 5755 ea:
1937 5715 2052 5756 om-

397 5770 561 5827 nibus
610 5771 757 5826 orbis
800 5770 1076 5842 partibus,
1127 5773 1377 5828 doctrina
1424 5770 1584 5827 varia
1629 5770 1878 5840 refertos,
1929 5787 2054 5826 con-

439 5842 665 5911 uireret,
696 5842 897 5898 deinde
927 5852 1135 5900 vastam
1163 5845 1320 5900 illam
1341 5844 1633 5908 librorum,
1673 5843 1895 5908 molem,
1927 5859 2054 5914 quae

455 5922 625 5970 ctores
652 5916 934 5986 enecabat,
967 5931 1129 5985 quam
1157 5917 1469 5986 praesertim
1512 5918 1736 5970 molesta
1779 5918 2054 5984 plerisque

404 5987 659 6044 omnibus
706 5996 757 6043 et
789 5985 949 6042 (tedii
990 5985 1169 6057 plena
1197 6003 1260 6043 ea
1297 6002 1384 6043 res
1424 5985 1718 6056 videretur,
1766 5989 1826 6040 in
1867 5996 2050 6056 partes

2158 4770 2405 4826 minutas
2443 4774 2659 4842 putavit
2698 4770 3155 4832 distribuendam,
3191 4774 3243 4824 et
3274 4769 3609 4825 luculentam
3658 4769 3812 4826 utili-

2159 4848 2348 4912 tatem,
2399 4858 2524 4916 quae
2585 4853 2798 4916 poterat
2851 4845 2976 4916 inde
3021 4843 3275 4916 percipi,_
3305 4843 3479 4916 oculis
3528 4844 3814 4916 hominum

2159 4913 2563 4986 exponendam.
2586 4913 2760 4986 'Adeo
2781 4920 2840 4969 ut
2870 4915 2968 4969 hoc
2998 4913 3208 4969 delectu
3257 4913 3440 4986 habito
3480 4914 3810 4986 majoriat-

2159 4984 2404 5043 tentione
2449 4995 2502 5041 et
2539 4985 2880 5041 assiduitate
2927 4986 3154 5041 lectioni
3223 4985 3534 5040 incumbere
3580 4984 3816 5040 studiosi

2160 5067 2379 5128 queant,
2429 5063 2480 5113 et
2516 5057 2788 5114 sermonis
2849 5056 3172 5127 facundiam
3221 5057 3392 5112 altius
3443 5073 3508 5112 ac
3560 5057 3813 5128 penitius

2159 5132 2348 5185 animo
2378 5130 2717 5199 imprimere.
2751 5129 2858 5184 Hoc
2905 5129 3145 5200 amplius
3178 5129 3477 5200 imperator
3513 5144 3731 5200 magno,
3762 5135 3813 5200 et

2157 5201 2314 5264 felici
2369 5193 2563 5276 conatu
2622 5215 2758 5276 opus
2813 5193 3133 5254 universum
3176 5193 3267 5254 in'
3295 5193 3571 5276 ὑποθέσεις
3606 5193 3814 5276 ’διαφό-

2163 5291 2306 5345 ρους,
2333 5275 2614 5345 tractatus
2631 5273 2892 5326 diversos
2914 5287 3144 5327 numero
3170 5276 3290 5326 tres
3311 5272 3814 5345 etquinquaginta

2161 5341 2370 5415 censuit
2423 5342 2886 5415 distribuendum,
2937 5345 2999 5398 in
3063 5345 3263 5415 quibus
3319 5341 3497 5396 ἅπασα
3560 5341 3809 5415 ἱστορική

2164 5411 2556 5488 μεγαλουργία,
2621 5413 2889 5486 quidquid
2942 5411 3510 5488 magniﬁcumitabet
3555 5411 3808 5488 historia,

2159 5485 2442 5542 inclusum
2462 5485 2802 5551 continetur,
2843 5501 3016 5557 neque
3069 5488 3211 5540 inest
3239 5485 3538 5557 quidquam
3569 5487 3814 5542 historiae

2160 5558 2447 5632 insertum,
2494 5558 2638 5632 quod
2676 5557 3220 5632 partition_em_hanc
3267 5559 3327 5612 in
3357 5559 3514 5614 hosce
3551 5563 3813 5632 tractatus

2161 5631 2433 5700 effugerit.
2494 5629 2680 5700 Neque
2719 5644 2844 5685 vero
2892 5629 2961 5683 ab
3031 5629 3357 5684 divisionem
3414 5631 3812 5685 sententiarum

2160 5704 2328 5758 series
2367 5701 2553 5773 operis
2601 5703 2768 5756 totius
2821 5702 2935 5756 ullo
2973 5701 3141 5773 modo,
3175 5703 3569 5773 corrumpitur,
3621 5717 3814 5756 verum

2160 5783 2336 5830 servat
2367 5771 2480 5828 haec
2507 5775 2776 5844 synopsis,
2804 5773 3005 5844 vel,_ut
3025 5772 3210 5828 verius
3239 5771 3439 5844 dicam,
3474 5773 3601 5844 haec
3621 5786 3811 5825 rerum

2161 5842 2546 5916 cognatarum,
2576 5842 2990 5916 oinslmetesive
3028 5845 3297 5899 adunalio
3329 5843 3389 5916 in.
3416 5843 3652 5916 singulis
3672 5854 3808 5916 par-

2160 5911 2305 5970 tibus
2334 5911 2733 5972 concinnandis
2763 5914 3065 5983 unicuique
3103 5915 3371 5970 tractatui
3397 5911 3806 5966 convenientem

2155 5990 2448 6045 rationem.
