  <div class='ocr_page' id='page_1' title='image "/cluster/home/n/w/nwhite01/storage/ocr_20150623/112:no.1/coo.31924054870161/019.png"; bbox 0 0 4184 6430; ppageno 0'>
   <div class='ocr_carea' id='block_1_1' title="bbox 364 383 2016 448">
    <p class='ocr_par' dir='ltr' id='par_1_1' title="bbox 364 383 2016 448">
     <span class='ocr_line' id='line_1_1' title="bbox 364 383 2016 448; baseline -0.003 0"><span class='ocrx_word' id='word_1_1' title='bbox 364 386 442 448; x_wconf 83' lang='grc'>23</span> <span class='ocrx_word' id='word_1_2' title='bbox 1663 383 1883 446; x_wconf 82' lang='lat' dir='ltr'><strong>JOAN.</strong></span> <span class='ocrx_word' id='word_1_3' title='bbox 1931 385 2016 444; x_wconf 88' lang='grc' dir='ltr'>ΑΙ</span> 
     </span>
    </p>
   </div>
   <div class='ocr_carea' id='block_1_2' title="bbox 2145 383 3797 448">
    <p class='ocr_par' dir='ltr' id='par_1_2' title="bbox 2154 383 3797 445">
     <span class='ocr_line' id='line_1_2' title="bbox 2154 383 3797 445; baseline 0 -2"><span class='ocrx_word' id='word_1_4' title='bbox 2154 383 2498 445; x_wconf 79' lang='lat' dir='ltr'><strong>FABRICII</strong></span> <span class='ocrx_word' id='word_1_5' title='bbox 3720 383 3797 444; x_wconf 75' lang='grc'>24-</span> 
     </span>
    </p>
   </div>
   <div class='ocr_carea' id='block_1_3' title="bbox 363 510 3797 595">
    <p class='ocr_par' dir='ltr' id='par_1_3' title="bbox 363 510 3797 595">
     <span class='ocr_line' id='line_1_3' title="bbox 363 510 3797 595; baseline 0 -20"><span class='ocrx_word' id='word_1_6' title='bbox 363 522 620 595; x_wconf 71' lang='grc' dir='ltr'>ῥήτορος.</span> <span class='ocrx_word' id='word_1_7' title='bbox 677 519 765 593; x_wconf 86' lang='grc' dir='ltr'>ιγ’.</span> <span class='ocrx_word' id='word_1_8' title='bbox 826 518 1064 594; x_wconf 81' lang='grc' dir='ltr'>Μάλχου</span> <span class='ocrx_word' id='word_1_9' title='bbox 1118 521 1402 595; x_wconf 76' lang='grc' dir='ltr'>σοφιστοῦ.</span> <span class='ocrx_word' id='word_1_10' title='bbox 1457 514 1539 587; x_wconf 88' lang='grc' dir='ltr'>ιδ’,</span> <span class='ocrx_word' id='word_1_11' title='bbox 1596 515 1906 592; x_wconf 77' lang='grc' dir='ltr'>Μενάνδρου</span> <span class='ocrx_word' id='word_1_12' title='bbox 1964 519 2353 593; x_wconf 82' lang='grc' dir='ltr'>προτὲκτορος.</span> <span class='ocrx_word' id='word_1_13' title='bbox 2418 537 2482 587; x_wconf 89' lang='grc' dir='ltr'>ιε,</span> <span class='ocrx_word' id='word_1_14' title='bbox 2541 510 2924 592; x_wconf 72' lang='grc' dir='ltr'>Θεοφυλάκτου</span> <span class='ocrx_word' id='word_1_15' title='bbox 2983 514 3089 569; x_wconf 87' lang='grc' dir='ltr'><strong>ἀπὸ</strong></span> <span class='ocrx_word' id='word_1_16' title='bbox 3145 513 3401 590; x_wconf 83' lang='grc' dir='ltr'>ἐπάρχων</span> <span class='ocrx_word' id='word_1_17' title='bbox 3474 518 3564 571; x_wconf 82' lang='grc' dir='ltr'><strong>καὶ</strong></span> <span class='ocrx_word' id='word_1_18' title='bbox 3649 517 3797 576; x_wconf 83' lang='grc' dir='ltr'>ἀντι-</span> 
     </span>
    </p>
   </div>
   <div class='ocr_carea' id='block_1_4' title="bbox 362 610 1138 687">
    <p class='ocr_par' dir='ltr' id='par_1_4' title="bbox 362 610 1138 687">
     <span class='ocr_line' id='line_1_4' title="bbox 362 610 1138 687; baseline 0 -24"><span class='ocrx_word' id='word_1_19' title='bbox 362 610 613 687; x_wconf 71' lang='grc' dir='ltr'>γραφέως</span> <span class='ocrx_word' id='word_1_20' title='bbox 640 613 737 664; x_wconf 75' lang='grc' dir='ltr'>τοῦ</span> <span class='ocrx_word' id='word_1_21' title='bbox 768 610 1138 681; x_wconf 82' lang='grc' dir='ltr'>Σιμοκάττου.</span> 
     </span>
    </p>
   </div>
   <div class='ocr_carea' id='block_1_5' title="bbox 434 697 3794 772">
    <p class='ocr_par' dir='ltr' id='par_1_5' title="bbox 434 697 3794 772">
     <span class='ocr_line' id='line_1_5' title="bbox 434 697 3794 772; baseline 0 -15"><span class='ocrx_word' id='word_1_22' title='bbox 434 702 611 757; x_wconf 80' lang='lat' dir='ltr'><strong>Tituli</strong></span> <span class='ocrx_word' id='word_1_23' title='bbox 646 703 716 757; x_wconf 90' lang='lat' dir='ltr'><strong>de</strong></span> <span class='ocrx_word' id='word_1_24' title='bbox 752 702 1070 756; x_wconf 84' lang='lat' dir='ltr'><strong>virtutibus</strong></span> <span class='ocrx_word' id='word_1_25' title='bbox 1102 704 1159 755; x_wconf 89' lang='lat' dir='ltr'><strong>et</strong></span> <span class='ocrx_word' id='word_1_26' title='bbox 1188 700 1365 769; x_wconf 81' lang='lat' dir='ltr'><strong>vitiis,</strong></span> <span class='ocrx_word' id='word_1_27' title='bbox 1399 700 1500 771; x_wconf 88' lang='lat' dir='ltr'><strong>qui</strong></span> <span class='ocrx_word' id='word_1_28' title='bbox 1532 700 1591 755; x_wconf 90' lang='lat' dir='ltr'><strong>in</strong></span> <span class='ocrx_word' id='word_1_29' title='bbox 1622 704 1737 755; x_wconf 87' lang='lat' dir='ltr'><strong>toto</strong></span> <span class='ocrx_word' id='word_1_30' title='bbox 1784 715 1959 771; x_wconf 86' lang='lat' dir='ltr'><strong>opere</strong></span> <span class='ocrx_word' id='word_1_31' title='bbox 1991 699 2103 755; x_wconf 84' lang='lat' dir='ltr'><strong>fuit</strong></span> <span class='ocrx_word' id='word_1_32' title='bbox 2133 698 2683 772; x_wconf 85' lang='lat' dir='ltr'><strong>quinquagesimus,</strong></span> <span class='ocrx_word' id='word_1_33' title='bbox 2736 697 2987 767; x_wconf 82' lang='lat' dir='ltr'><strong>priorem</strong></span> <span class='ocrx_word' id='word_1_34' title='bbox 3021 702 3243 769; x_wconf 89' lang='lat' dir='ltr'><strong>partem</strong></span> <span class='ocrx_word' id='word_1_35' title='bbox 3275 716 3341 755; x_wconf 83' lang='lat' dir='ltr'><strong>ex</strong></span> <span class='ocrx_word' id='word_1_36' title='bbox 3376 700 3576 756; x_wconf 82' lang='lat' dir='ltr'><strong>insula</strong></span> <span class='ocrx_word' id='word_1_37' title='bbox 3606 704 3794 772; x_wconf 85' lang='lat' dir='ltr'><strong>Cypro</strong></span> 
     </span>
    </p>
   </div>
   <div class='ocr_carea' id='block_1_6' title="bbox 364 786 3793 862">
    <p class='ocr_par' dir='ltr' id='par_1_6' title="bbox 364 786 3793 862">
     <span class='ocr_line' id='line_1_6' title="bbox 364 786 3793 862; baseline 0 -16"><span class='ocrx_word' id='word_1_38' title='bbox 364 799 570 848; x_wconf 87' lang='lat' dir='ltr'><strong>nactus</strong></span> <span class='ocrx_word' id='word_1_39' title='bbox 601 792 724 847; x_wconf 88' lang='lat' dir='ltr'><strong>Nic.</strong></span> <span class='ocrx_word' id='word_1_40' title='bbox 775 789 1076 845; x_wconf 78' lang='lat' dir='ltr'><strong>Fabricius</strong></span> <span class='ocrx_word' id='word_1_41' title='bbox 1126 790 1449 846; x_wconf 89' lang='lat' dir='ltr'><strong>Peirescius</strong></span> <span class='ocrx_word' id='word_1_42' title='bbox 1480 789 1939 846; x_wconf 81' lang='lat' dir='ltr'><strong>communicavit</strong></span> <span class='ocrx_word' id='word_1_43' title='bbox 1985 806 2121 846; x_wconf 92' lang='lat' dir='ltr'><strong>cum</strong></span> <span class='ocrx_word' id='word_1_44' title='bbox 2154 791 2399 846; x_wconf 83' lang='lat' dir='ltr'><strong>Henrico</strong></span> <span class='ocrx_word' id='word_1_45' title='bbox 2432 787 2686 853; x_wconf 85' lang='lat' dir='ltr'><strong>Valesio,</strong></span> <span class='ocrx_word' id='word_1_46' title='bbox 2719 786 2819 858; x_wconf 88' lang='lat' dir='ltr'><strong>qui</strong></span> <span class='ocrx_word' id='word_1_47' title='bbox 2863 804 2932 842; x_wconf 86' lang='lat' dir='ltr'><strong>ex</strong></span> <span class='ocrx_word' id='word_1_48' title='bbox 2984 803 3051 842; x_wconf 90' lang='lat' dir='ltr'><strong>ea</strong></span> <span class='ocrx_word' id='word_1_49' title='bbox 3082 804 3208 858; x_wconf 68' lang='lat' dir='ltr'><strong>quae</strong></span> <span class='ocrx_word' id='word_1_50' title='bbox 3242 790 3420 862; x_wconf 89' lang='lat' dir='ltr'><strong>digna</strong></span> <span class='ocrx_word' id='word_1_51' title='bbox 3476 791 3607 847; x_wconf 92' lang='lat' dir='ltr'><strong>luce</strong></span> <span class='ocrx_word' id='word_1_52' title='bbox 3638 792 3793 847; x_wconf 89' lang='lat' dir='ltr'><strong>vide-</strong></span> 
     </span>
    </p>
   </div>
   <div class='ocr_carea' id='block_1_7' title="bbox 360 876 3791 952">
    <p class='ocr_par' dir='ltr' id='par_1_7' title="bbox 360 876 3791 952">
     <span class='ocr_line' id='line_1_7' title="bbox 360 876 3791 952; baseline -0.001 -15"><span class='ocrx_word' id='word_1_53' title='bbox 360 885 597 948; x_wconf 81' lang='lat' dir='ltr'><strong>bantur,</strong></span> <span class='ocrx_word' id='word_1_54' title='bbox 632 879 836 952; x_wconf 84' lang='lat' dir='ltr'><strong>selegit</strong></span> <span class='ocrx_word' id='word_1_55' title='bbox 867 884 924 935; x_wconf 90' lang='lat' dir='ltr'><strong>et</strong></span> <span class='ocrx_word' id='word_1_56' title='bbox 951 896 1086 937; x_wconf 92' lang='lat' dir='ltr'><strong>cum</strong></span> <span class='ocrx_word' id='word_1_57' title='bbox 1119 881 1383 936; x_wconf 76' lang='lat' dir='ltr'><strong>versione</strong></span> <span class='ocrx_word' id='word_1_58' title='bbox 1413 896 1519 935; x_wconf 88' lang='lat' dir='ltr'><strong>sua</strong></span> <span class='ocrx_word' id='word_1_59' title='bbox 1543 883 1818 951; x_wconf 89' lang='lat' dir='ltr'><strong>notisque</strong></span> <span class='ocrx_word' id='word_1_60' title='bbox 1848 880 2210 936; x_wconf 81' lang='lat' dir='ltr'><strong>doctissimis</strong></span> <span class='ocrx_word' id='word_1_61' title='bbox 2232 885 2288 935; x_wconf 90' lang='lat' dir='ltr'><strong>et</strong></span> <span class='ocrx_word' id='word_1_62' title='bbox 2318 879 2642 950; x_wconf 83' lang='lat' dir='ltr'><strong>fragmentis</strong></span> <span class='ocrx_word' id='word_1_63' title='bbox 2673 876 2918 951; x_wconf 77' lang='lat' dir='ltr'><strong>Polybii,</strong></span> <span class='ocrx_word' id='word_1_64' title='bbox 2950 876 3075 933; x_wconf 91' lang='lat' dir='ltr'><strong>Nic.</strong></span> <span class='ocrx_word' id='word_1_65' title='bbox 3107 878 3451 937; x_wconf 86' lang='lat' dir='ltr'><strong>Damasccni</strong></span> <span class='ocrx_word' id='word_1_66' title='bbox 3483 889 3537 936; x_wconf 91' lang='lat' dir='ltr'><strong>et</strong></span> <span class='ocrx_word' id='word_1_67' title='bbox 3573 882 3791 950; x_wconf 83' lang='lat' dir='ltr'><strong>Dionis,</strong></span> 
     </span>
    </p>
   </div>
   <div class='ocr_carea' id='block_1_8' title="bbox 362 966 3795 1044">
    <p class='ocr_par' dir='ltr' id='par_1_8' title="bbox 362 966 3795 1044">
     <span class='ocr_line' id='line_1_8' title="bbox 362 966 3795 1044; baseline -0.001 -17"><span class='ocrx_word' id='word_1_68' title='bbox 362 972 647 1044; x_wconf 85' lang='lat' dir='ltr'><strong>singulari</strong></span> <span class='ocrx_word' id='word_1_69' title='bbox 681 969 880 1026; x_wconf 86' lang='lat' dir='ltr'><strong>studio</strong></span> <span class='ocrx_word' id='word_1_70' title='bbox 911 987 944 1025; x_wconf 91' lang='lat' dir='ltr'><strong>a</strong></span> <span class='ocrx_word' id='word_1_71' title='bbox 974 985 1036 1026; x_wconf 87' lang='lat' dir='ltr'><strong>se</strong></span> <span class='ocrx_word' id='word_1_72' title='bbox 1063 969 1340 1039; x_wconf 82' lang='lat' dir='ltr'><strong>collectis,</strong></span> <span class='ocrx_word' id='word_1_73' title='bbox 1372 971 1634 1043; x_wconf 85' lang='lat' dir='ltr'><strong>vulgavit</strong></span> <span class='ocrx_word' id='word_1_74' title='bbox 1662 971 1845 1027; x_wconf 89' lang='lat' dir='ltr'><strong>Paris.</strong></span> <span class='ocrx_word' id='word_1_75' title='bbox 1872 971 2033 1036; x_wconf 88' lang='grc'>1634,</span> <span class='ocrx_word' id='word_1_76' title='bbox 2065 971 2120 1027; x_wconf 83' lang='grc'><strong>4.</strong></span> <span class='ocrx_word' id='word_1_77' title='bbox 2154 971 2217 1027; x_wconf 92' lang='lat' dir='ltr'><strong>In</strong></span> <span class='ocrx_word' id='word_1_78' title='bbox 2240 970 2334 1026; x_wconf 91' lang='lat' dir='ltr'><strong>his</strong></span> <span class='ocrx_word' id='word_1_79' title='bbox 2360 967 2664 1041; x_wconf 85' lang='lat' dir='ltr'><strong>excerptis,</strong></span> <span class='ocrx_word' id='word_1_80' title='bbox 2689 983 2816 1039; x_wconf 66' lang='lat' dir='ltr'><strong>quas</strong></span> <span class='ocrx_word' id='word_1_81' title='bbox 2840 966 3011 1040; x_wconf 85' lang='lat' dir='ltr'><strong>vulgo</strong></span> <span class='ocrx_word' id='word_1_82' title='bbox 3033 968 3405 1040; x_wconf 75' lang='lat' dir='ltr'><strong>appellantur</strong></span> <span class='ocrx_word' id='word_1_83' title='bbox 3431 971 3795 1028; x_wconf 88' lang='lat' dir='ltr'><strong>Peiresciaua</strong></span> 
     </span>
    </p>
   </div>
   <div class='ocr_carea' id='block_1_9' title="bbox 360 1057 3802 1137">
    <p class='ocr_par' dir='ltr' id='par_1_9' title="bbox 360 1057 3802 1137">
     <span class='ocr_line' id='line_1_9' title="bbox 360 1057 3802 1137; baseline -0.002 -19"><span class='ocrx_word' id='word_1_84' title='bbox 360 1061 634 1132; x_wconf 87' lang='lat' dir='ltr'><strong>leguntur</strong></span> <span class='ocrx_word' id='word_1_85' title='bbox 664 1061 880 1116; x_wconf 88' lang='lat' dir='ltr'><strong>selecta</strong></span> <span class='ocrx_word' id='word_1_86' title='bbox 909 1059 1033 1116; x_wconf 88' lang='lat' dir='ltr'><strong>loca</strong></span> <span class='ocrx_word' id='word_1_87' title='bbox 1063 1076 1130 1115; x_wconf 85' lang='lat' dir='ltr'><strong>ex</strong></span> <span class='ocrx_word' id='word_1_88' title='bbox 1162 1058 1401 1130; x_wconf 81' lang='lat' dir='ltr'><strong>Polybio</strong></span> <span class='ocrx_word' id='word_1_89' title='bbox 1431 1075 1565 1132; x_wconf 89' lang='lat' dir='ltr'><strong>pag.</strong></span> <span class='ocrx_word' id='word_1_90' title='bbox 1587 1060 1759 1114; x_wconf 89' lang='lat'><strong>6-197</strong></span> <span class='ocrx_word' id='word_1_91' title='bbox 1784 1073 1800 1126; x_wconf 91' lang='lat'><strong>;</strong></span> <span class='ocrx_word' id='word_1_92' title='bbox 1832 1074 1863 1115; x_wconf 91' lang='lat' dir='ltr'><strong>e</strong></span> <span class='ocrx_word' id='word_1_93' title='bbox 1891 1059 2142 1137; x_wconf 85' lang='lat' dir='ltr'><strong>Diodoro</strong></span> <span class='ocrx_word' id='word_1_94' title='bbox 2171 1059 2366 1117; x_wconf 84' lang='lat' dir='ltr'><strong>Siculo</strong></span> <span class='ocrx_word' id='word_1_95' title='bbox 2399 1076 2527 1131; x_wconf 90' lang='lat' dir='ltr'><strong>pag.</strong></span> <span class='ocrx_word' id='word_1_96' title='bbox 2558 1061 2660 1113; x_wconf 87' lang='lat'><strong>221</strong></span> <span class='ocrx_word' id='word_1_97' title='bbox 2677 1058 2809 1114; x_wconf 84' lang='grc'>-413</span> <span class='ocrx_word' id='word_1_98' title='bbox 2837 1100 2852 1127; x_wconf 84' lang='grc'><em>,</em></span> <span class='ocrx_word' id='word_1_99' title='bbox 2885 1074 2955 1113; x_wconf 83' lang='lat' dir='ltr'><strong>ex</strong></span> <span class='ocrx_word' id='word_1_100' title='bbox 2991 1058 3231 1115; x_wconf 89' lang='lat' dir='ltr'><strong>Nicolao</strong></span> <span class='ocrx_word' id='word_1_101' title='bbox 3259 1059 3641 1129; x_wconf 89' lang='lat' dir='ltr'><strong>Damasceno,</strong></span> <span class='ocrx_word' id='word_1_102' title='bbox 3674 1057 3802 1133; x_wconf 84' lang='grc' dir='ltr'>περὶ</span> 
     </span>
    </p>
   </div>
   <div class='ocr_carea' id='block_1_10' title="bbox 357 1146 2009 1225">
    <p class='ocr_par' dir='ltr' id='par_1_10' title="bbox 357 1146 2009 1225">
     <span class='ocr_line' id='line_1_10' title="bbox 357 1146 2009 1225; baseline -0.001 -19"><span class='ocrx_word' id='word_1_103' title='bbox 357 1154 455 1206; x_wconf 78' lang='grc' dir='ltr'><strong>τοῦ</strong></span> <span class='ocrx_word' id='word_1_104' title='bbox 478 1146 621 1205; x_wconf 80' lang='grc' dir='ltr'>ἰδίου</span> <span class='ocrx_word' id='word_1_105' title='bbox 657 1148 777 1225; x_wconf 83' lang='grc' dir='ltr'>βίου</span> <span class='ocrx_word' id='word_1_106' title='bbox 817 1150 908 1204; x_wconf 81' lang='grc' dir='ltr'><strong>καὶ</strong></span> <span class='ocrx_word' id='word_1_107' title='bbox 935 1155 1036 1219; x_wconf 83' lang='grc' dir='ltr'>τῆς</span> <span class='ocrx_word' id='word_1_108' title='bbox 1086 1147 1277 1204; x_wconf 71' lang='grc' dir='ltr'>ἑαυτοῦ</span> <span class='ocrx_word' id='word_1_109' title='bbox 1327 1146 1607 1225; x_wconf 82' lang='grc' dir='ltr'><strong>διαγωγῆς</strong></span> <span class='ocrx_word' id='word_1_110' title='bbox 1655 1167 1783 1222; x_wconf 85' lang='lat' dir='ltr'><strong>pag.</strong></span> <span class='ocrx_word' id='word_1_111' title='bbox 1818 1150 2009 1205; x_wconf 81' lang='grc' dir='ltr'>414-4ξ</span> 
     </span>
    </p>
   </div>
   <div class='ocr_carea' id='block_1_11' title="bbox 2148 1146 3800 1225">
    <p class='ocr_par' dir='ltr' id='par_1_11' title="bbox 2155 1147 3800 1223">
     <span class='ocr_line' id='line_1_11' title="bbox 2155 1147 3800 1223; baseline 0.002 -18"><span class='ocrx_word' id='word_1_112' title='bbox 2155 1166 2227 1205; x_wconf 86' lang='lat' dir='ltr'><strong>ex</strong></span> <span class='ocrx_word' id='word_1_113' title='bbox 2269 1148 2546 1218; x_wconf 86' lang='lat' dir='ltr'><strong>Dionysio</strong></span> <span class='ocrx_word' id='word_1_114' title='bbox 2575 1147 3021 1205; x_wconf 86' lang='lat' dir='ltr'><strong>Halicarnasseo</strong></span> <span class='ocrx_word' id='word_1_115' title='bbox 3073 1166 3206 1223; x_wconf 86' lang='lat' dir='ltr'><strong>pag.</strong></span> <span class='ocrx_word' id='word_1_116' title='bbox 3238 1152 3519 1221; x_wconf 70' lang='lat'><strong>529-5543;</strong></span> <span class='ocrx_word' id='word_1_117' title='bbox 3568 1168 3638 1207; x_wconf 82' lang='lat' dir='ltr'><strong>ex</strong></span> <span class='ocrx_word' id='word_1_118' title='bbox 3695 1156 3800 1221; x_wconf 86' lang='lat' dir='ltr'><strong>Ap-</strong></span> 
     </span>
    </p>
   </div>
   <div class='ocr_carea' id='block_1_12' title="bbox 362 1239 3793 1315">
    <p class='ocr_par' dir='ltr' id='par_1_12' title="bbox 362 1239 3793 1315">
     <span class='ocr_line' id='line_1_12' title="bbox 362 1239 3793 1315; baseline -0 -18"><span class='ocrx_word' id='word_1_119' title='bbox 362 1242 536 1314; x_wconf 90' lang='lat' dir='ltr'><strong>piano</strong></span> <span class='ocrx_word' id='word_1_120' title='bbox 568 1258 701 1315; x_wconf 90' lang='lat' dir='ltr'><strong>pag.</strong></span> <span class='ocrx_word' id='word_1_121' title='bbox 743 1242 1024 1310; x_wconf 61' lang='lat' dir='ltr'><strong>l165-567;</strong></span> <span class='ocrx_word' id='word_1_122' title='bbox 1076 1257 1145 1297; x_wconf 85' lang='lat' dir='ltr'><strong>ex</strong></span> <span class='ocrx_word' id='word_1_123' title='bbox 1187 1241 1367 1297; x_wconf 83' lang='lat' dir='ltr'><strong>Dione</strong></span> <span class='ocrx_word' id='word_1_124' title='bbox 1415 1241 1612 1297; x_wconf 89' lang='lat' dir='ltr'><strong>Cassio</strong></span> <span class='ocrx_word' id='word_1_125' title='bbox 1653 1257 1787 1314; x_wconf 88' lang='lat' dir='ltr'><strong>pag.</strong></span> <span class='ocrx_word' id='word_1_126' title='bbox 1845 1241 2129 1309; x_wconf 87' lang='lat'><strong>569-769;</strong></span> <span class='ocrx_word' id='word_1_127' title='bbox 2160 1256 2231 1296; x_wconf 86' lang='lat' dir='ltr'><strong>ex</strong></span> <span class='ocrx_word' id='word_1_128' title='bbox 2276 1240 2503 1296; x_wconf 86' lang='lat' dir='ltr'><strong>Joanne</strong></span> <span class='ocrx_word' id='word_1_129' title='bbox 2548 1239 2932 1305; x_wconf 83' lang='lat' dir='ltr'><strong>Antiocheno,</strong></span> <span class='ocrx_word' id='word_1_130' title='bbox 2985 1242 3294 1310; x_wconf 87' lang='lat' dir='ltr'><strong>monacho,</strong></span> <span class='ocrx_word' id='word_1_131' title='bbox 3345 1259 3478 1315; x_wconf 81' lang='lat' dir='ltr'><strong>pag.</strong></span> <span class='ocrx_word' id='word_1_132' title='bbox 3523 1243 3793 1297; x_wconf 84' lang='lat'><strong>778-853.</strong></span> 
     </span>
    </p>
   </div>
   <div class='ocr_carea' id='block_1_13' title="bbox 361 1330 3794 1406">
    <p class='ocr_par' dir='ltr' id='par_1_13' title="bbox 361 1330 3794 1406">
     <span class='ocr_line' id='line_1_13' title="bbox 361 1330 3794 1406; baseline 0 -18"><span class='ocrx_word' id='word_1_133' title='bbox 361 1338 643 1406; x_wconf 86' lang='lat' dir='ltr'><strong>Excerpta</strong></span> <span class='ocrx_word' id='word_1_134' title='bbox 689 1333 999 1405; x_wconf 81' lang='lat' dir='ltr'><strong>casteroqui</strong></span> <span class='ocrx_word' id='word_1_135' title='bbox 1045 1336 1171 1388; x_wconf 89' lang='lat' dir='ltr'><strong>erat</strong></span> <span class='ocrx_word' id='word_1_136' title='bbox 1215 1332 1334 1388; x_wconf 70' lang='lat' dir='ltr'><strong>haec</strong></span> <span class='ocrx_word' id='word_1_137' title='bbox 1380 1332 1869 1389; x_wconf 89' lang='lat' dir='ltr'><strong>collectaneorum</strong></span> <span class='ocrx_word' id='word_1_138' title='bbox 1901 1349 2029 1403; x_wconf 84' lang='lat' dir='ltr'><strong>pars</strong></span> <span class='ocrx_word' id='word_1_139' title='bbox 2050 1334 2128 1387; x_wconf 83' lang='lat' dir='ltr'><strong>ex</strong></span> <span class='ocrx_word' id='word_1_140' title='bbox 2175 1330 2560 1403; x_wconf 86' lang='lat' dir='ltr'><strong>scriptoribus</strong></span> <span class='ocrx_word' id='word_1_141' title='bbox 2599 1330 3067 1402; x_wconf 89' lang='lat' dir='ltr'><strong>quatuordecim,</strong></span> <span class='ocrx_word' id='word_1_142' title='bbox 3111 1332 3206 1401; x_wconf 90' lang='lat' dir='ltr'><strong>qui</strong></span> <span class='ocrx_word' id='word_1_143' title='bbox 3239 1349 3370 1405; x_wconf 86' lang='lat' dir='ltr'><strong>pag.</strong></span> <span class='ocrx_word' id='word_1_144' title='bbox 3418 1335 3454 1389; x_wconf 88' lang='grc'>5</span> <span class='ocrx_word' id='word_1_145' title='bbox 3498 1350 3624 1404; x_wconf 89' lang='lat' dir='ltr'><strong>seq.</strong></span> <span class='ocrx_word' id='word_1_146' title='bbox 3682 1332 3794 1388; x_wconf 91' lang='lat' dir='ltr'><strong>hoc</strong></span> 
     </span>
    </p>
   </div>
   <div class='ocr_carea' id='block_1_14' title="bbox 363 1418 2015 1498">
    <p class='ocr_par' dir='ltr' id='par_1_14' title="bbox 363 1418 2015 1498">
     <span class='ocr_line' id='line_1_14' title="bbox 363 1418 2015 1498; baseline -0.004 -18"><span class='ocrx_word' id='word_1_147' title='bbox 363 1424 568 1480; x_wconf 89' lang='lat' dir='ltr'><strong>ordine</strong></span> <span class='ocrx_word' id='word_1_148' title='bbox 624 1429 1002 1480; x_wconf 84' lang='lat' dir='ltr'><strong>recensentur</strong></span> <span class='ocrx_word' id='word_1_149' title='bbox 1037 1439 1050 1477; x_wconf 96' lang='lat'>:</span> <span class='ocrx_word' id='word_1_150' title='bbox 1082 1421 1203 1478; x_wconf 85' lang='grc' dir='ltr'>Εἰσὶ</span> <span class='ocrx_word' id='word_1_151' title='bbox 1254 1418 1312 1476; x_wconf 80' lang='lat' dir='ltr'><strong>8‘s</strong></span> <span class='ocrx_word' id='word_1_152' title='bbox 1368 1421 1429 1476; x_wconf 79' lang='grc' dir='ltr'>ἐκ</span> <span class='ocrx_word' id='word_1_153' title='bbox 1475 1425 1583 1476; x_wconf 85' lang='grc' dir='ltr'><strong>τῶν</strong></span> <span class='ocrx_word' id='word_1_154' title='bbox 1633 1420 2015 1498; x_wconf 80' lang='grc' dir='ltr'>ὑποτεταγμένι</span> 
     </span>
    </p>
   </div>
   <div class='ocr_carea' id='block_1_15' title="bbox 2140 1418 3792 1498">
    <p class='ocr_par' dir='ltr' id='par_1_15' title="bbox 2140 1418 3792 1497">
     <span class='ocr_line' id='line_1_15' title="bbox 2140 1418 3792 1497; baseline -0.001 -22"><span class='ocrx_word' id='word_1_155' title='bbox 2140 1423 2414 1497; x_wconf 75' lang='grc' dir='ltr'>(ρονικῶν,</span> <span class='ocrx_word' id='word_1_156' title='bbox 2452 1420 2520 1489; x_wconf 84' lang='grc' dir='ltr'><strong>α’,</strong></span> <span class='ocrx_word' id='word_1_157' title='bbox 2589 1420 2862 1490; x_wconf 82' lang='grc' dir='ltr'><strong>Ἰωσήπου</strong></span> <span class='ocrx_word' id='word_1_158' title='bbox 2893 1418 3347 1496; x_wconf 81' lang='grc' dir='ltr'>Ἀρχαιολογίας,</span> <span class='ocrx_word' id='word_1_159' title='bbox 3402 1422 3470 1497; x_wconf 83' lang='grc' dir='ltr'><strong>β’,</strong></span> <span class='ocrx_word' id='word_1_160' title='bbox 3517 1423 3792 1497; x_wconf 84' lang='grc' dir='ltr'>Γεωργίου</span> 
     </span>
    </p>
   </div>
   <div class='ocr_carea' id='block_1_16' title="bbox 366 1508 3796 1589">
    <p class='ocr_par' dir='ltr' id='par_1_16' title="bbox 366 1508 3796 1589">
     <span class='ocr_line' id='line_1_16' title="bbox 366 1508 3796 1589; baseline -0.001 -22"><span class='ocrx_word' id='word_1_161' title='bbox 366 1517 610 1589; x_wconf 79' lang='grc' dir='ltr'>μοναχοῦ</span> <span class='ocrx_word' id='word_1_162' title='bbox 685 1515 751 1589; x_wconf 85' lang='grc' dir='ltr'><strong>γ’,</strong></span> <span class='ocrx_word' id='word_1_163' title='bbox 807 1513 1060 1571; x_wconf 77' lang='grc' dir='ltr'>Ἰωάννου</span> <span class='ocrx_word' id='word_1_164' title='bbox 1145 1516 1241 1567; x_wconf 80' lang='grc' dir='ltr'>τοῦ</span> <span class='ocrx_word' id='word_1_165' title='bbox 1322 1511 1553 1583; x_wconf 76' lang='grc' dir='ltr'>ἐπίκλην</span> <span class='ocrx_word' id='word_1_166' title='bbox 1626 1510 1861 1568; x_wconf 81' lang='grc' dir='ltr'>Μαλὲλα</span> <span class='ocrx_word' id='word_1_167' title='bbox 1938 1518 2224 1588; x_wconf 86' lang='grc' dir='ltr'>χρονικῆς,</span> <span class='ocrx_word' id='word_1_168' title='bbox 2303 1508 2374 1579; x_wconf 82' lang='grc' dir='ltr'><strong>δ’,</strong></span> <span class='ocrx_word' id='word_1_169' title='bbox 2426 1510 2681 1565; x_wconf 83' lang='grc' dir='ltr'>Ἰωάννου</span> <span class='ocrx_word' id='word_1_170' title='bbox 2768 1511 3098 1585; x_wconf 72' lang='grc' dir='ltr'>Ἀντιοχέως</span> <span class='ocrx_word' id='word_1_171' title='bbox 3166 1519 3434 1586; x_wconf 85' lang='grc' dir='ltr'>χρονικῆς</span> <span class='ocrx_word' id='word_1_172' title='bbox 3511 1510 3796 1586; x_wconf 86' lang='grc' dir='ltr'>Ἱστορίας,</span> 
     </span>
    </p>
   </div>
   <div class='ocr_carea' id='block_1_17' title="bbox 361 1599 3786 1679">
    <p class='ocr_par' dir='ltr' id='par_1_17' title="bbox 361 1599 3786 1679">
     <span class='ocr_line' id='line_1_17' title="bbox 361 1599 3786 1679; baseline -0.001 -20"><span class='ocrx_word' id='word_1_173' title='bbox 361 1606 418 1670; x_wconf 79' lang='grc' dir='ltr'>ε’,</span> <span class='ocrx_word' id='word_1_174' title='bbox 452 1601 731 1679; x_wconf 79' lang='grc' dir='ltr'><strong>Διοδώρου</strong></span> <span class='ocrx_word' id='word_1_175' title='bbox 785 1600 1125 1658; x_wconf 84' lang='grc' dir='ltr'><strong>Σικελιώτου</strong></span> <span class='ocrx_word' id='word_1_176' title='bbox 1182 1602 1499 1671; x_wconf 84' lang='grc' dir='ltr'>Καθολικῆς</span> <span class='ocrx_word' id='word_1_177' title='bbox 1557 1601 1818 1676; x_wconf 77' lang='grc' dir='ltr'>ἱστορίας.</span> <span class='ocrx_word' id='word_1_178' title='bbox 1879 1608 1943 1672; x_wconf 84' lang='grc' dir='ltr'><strong>ς’,</strong></span> <span class='ocrx_word' id='word_1_179' title='bbox 2015 1600 2296 1657; x_wconf 80' lang='grc' dir='ltr'>Νικολάου</span> <span class='ocrx_word' id='word_1_180' title='bbox 2342 1601 2700 1673; x_wconf 75' lang='grc' dir='ltr'>Δαμασκηνοῦ</span> <span class='ocrx_word' id='word_1_181' title='bbox 2776 1599 3092 1670; x_wconf 78' lang='grc' dir='ltr'>Καθολικῆς</span> <span class='ocrx_word' id='word_1_182' title='bbox 3176 1601 3418 1675; x_wconf 72' lang='grc' dir='ltr'>ἱστορίας</span> <span class='ocrx_word' id='word_1_183' title='bbox 3496 1603 3563 1673; x_wconf 83' lang='grc' dir='ltr'><strong>ζ’,</strong></span> <span class='ocrx_word' id='word_1_184' title='bbox 3615 1603 3786 1677; x_wconf 83' lang='grc' dir='ltr'>Ἡρο-</span> 
     </span>
    </p>
   </div>
   <div class='ocr_carea' id='block_1_18' title="bbox 366 1688 3793 1771">
    <p class='ocr_par' dir='ltr' id='par_1_18' title="bbox 366 1688 3793 1771">
     <span class='ocr_line' id='line_1_18' title="bbox 366 1688 3793 1771; baseline -0.001 -22"><span class='ocrx_word' id='word_1_185' title='bbox 366 1693 528 1749; x_wconf 87' lang='grc' dir='ltr'>δότου</span> <span class='ocrx_word' id='word_1_186' title='bbox 587 1692 1049 1770; x_wconf 76' lang='grc' dir='ltr'>Ἀλικαρνησὲως,</span> <span class='ocrx_word' id='word_1_187' title='bbox 1130 1694 1201 1764; x_wconf 86' lang='grc' dir='ltr'><strong>η’.</strong></span> <span class='ocrx_word' id='word_1_188' title='bbox 1291 1689 1648 1751; x_wconf 87' lang='grc' dir='ltr'>Θουκυδίδου.</span> <span class='ocrx_word' id='word_1_189' title='bbox 1700 1693 1769 1761; x_wconf 83' lang='grc' dir='ltr'><strong>θ’,</strong></span> <span class='ocrx_word' id='word_1_190' title='bbox 1826 1696 2187 1771; x_wconf 75' lang='grc' dir='ltr'>Ξενοφῶντος</span> <span class='ocrx_word' id='word_1_191' title='bbox 2265 1690 2447 1765; x_wconf 75' lang='grc' dir='ltr'>Κύρου</span> <span class='ocrx_word' id='word_1_192' title='bbox 2528 1688 2778 1753; x_wconf 78' lang='grc' dir='ltr'>παιδείας</span> <span class='ocrx_word' id='word_1_193' title='bbox 2853 1690 2944 1745; x_wconf 82' lang='grc' dir='ltr'>καί</span> <span class='ocrx_word' id='word_1_194' title='bbox 3000 1688 3346 1754; x_wconf 78' lang='grc' dir='ltr'>Ἀναϐάσεως</span> <span class='ocrx_word' id='word_1_195' title='bbox 3429 1690 3611 1766; x_wconf 79' lang='grc' dir='ltr'>Κύρου</span> <span class='ocrx_word' id='word_1_196' title='bbox 3694 1695 3793 1746; x_wconf 79' lang='grc' dir='ltr'>τοῦ</span> 
     </span>
    </p>
   </div>
   <div class='ocr_carea' id='block_1_19' title="bbox 367 1780 3791 1859">
    <p class='ocr_par' dir='ltr' id='par_1_19' title="bbox 367 1780 3791 1859">
     <span class='ocr_line' id='line_1_19' title="bbox 367 1780 3791 1859; baseline -0.002 -18"><span class='ocrx_word' id='word_1_197' title='bbox 367 1782 759 1858; x_wconf 68' lang='grc' dir='ltr'>Παρυσάτιδος.</span> <span class='ocrx_word' id='word_1_198' title='bbox 815 1792 865 1854; x_wconf 84' lang='grc' dir='ltr'><strong>ι’,</strong></span> <span class='ocrx_word' id='word_1_199' title='bbox 943 1782 1229 1859; x_wconf 74' lang='grc' dir='ltr'>Ἀῥριανοῢ</span> <span class='ocrx_word' id='word_1_200' title='bbox 1302 1783 1689 1854; x_wconf 79' lang='grc' dir='ltr'>Ἀλεξ.....</span> <span class='ocrx_word' id='word_1_201' title='bbox 1728 1825 1791 1841; x_wconf 94' lang='grc'>..</span> <span class='ocrx_word' id='word_1_202' title='bbox 1868 1790 1952 1839; x_wconf 90' lang='grc' dir='ltr'>ια’.</span> <span class='ocrx_word' id='word_1_203' title='bbox 2039 1783 2326 1838; x_wconf 79' lang='grc' dir='ltr'>Διονυσίου</span> <span class='ocrx_word' id='word_1_204' title='bbox 2394 1780 2868 1855; x_wconf 82' lang='grc' dir='ltr'>Ἀλικαρνησσέως</span> <span class='ocrx_word' id='word_1_205' title='bbox 2951 1781 3271 1854; x_wconf 80' lang='grc' dir='ltr'>Ῥωμαϊκῆς</span> <span class='ocrx_word' id='word_1_206' title='bbox 3355 1781 3619 1855; x_wconf 68' lang='grc' dir='ltr'>ἱστορίας.</span> <span class='ocrx_word' id='word_1_207' title='bbox 3708 1782 3791 1857; x_wconf 77' lang='grc' dir='ltr'><strong>ιβ,</strong></span> 
     </span>
    </p>
   </div>
   <div class='ocr_carea' id='block_1_20' title="bbox 364 1869 3794 1948">
    <p class='ocr_par' dir='ltr' id='par_1_20' title="bbox 364 1869 3794 1948">
     <span class='ocr_line' id='line_1_20' title="bbox 364 1869 3794 1948; baseline -0.001 -19"><span class='ocrx_word' id='word_1_208' title='bbox 364 1871 645 1930; x_wconf 77' lang='grc' dir='ltr'>Πολυϐίου</span> <span class='ocrx_word' id='word_1_209' title='bbox 729 1879 825 1930; x_wconf 77' lang='grc' dir='ltr'>τοῦ</span> <span class='ocrx_word' id='word_1_210' title='bbox 910 1872 1369 1948; x_wconf 85' lang='grc' dir='ltr'>Μεγαλοπολίτου</span> <span class='ocrx_word' id='word_1_211' title='bbox 1446 1877 1764 1947; x_wconf 81' lang='grc' dir='ltr'>Ῥωμαϊκῆς</span> <span class='ocrx_word' id='word_1_212' title='bbox 1850 1874 2114 1948; x_wconf 74' lang='grc' dir='ltr'>ἱστορίας.</span> <span class='ocrx_word' id='word_1_213' title='bbox 2194 1874 2278 1948; x_wconf 84' lang='grc' dir='ltr'>ιγ’,</span> <span class='ocrx_word' id='word_1_214' title='bbox 2361 1873 2666 1929; x_wconf 75' lang='grc' dir='ltr'>Ἀππιανοῦ</span> <span class='ocrx_word' id='word_1_215' title='bbox 2748 1872 3071 1943; x_wconf 78' lang='grc' dir='ltr'>Ῥωμαϊκῆς</span> <span class='ocrx_word' id='word_1_216' title='bbox 3136 1878 3239 1940; x_wconf 81' lang='grc' dir='ltr'><strong>τῆς</strong></span> <span class='ocrx_word' id='word_1_217' title='bbox 3321 1869 3554 1941; x_wconf 79' lang='grc' dir='ltr'>ἐπίκλην</span> <span class='ocrx_word' id='word_1_218' title='bbox 3640 1872 3794 1947; x_wconf 85' lang='grc' dir='ltr'>βασι-</span> 
     </span>
    </p>
   </div>
   <div class='ocr_carea' id='block_1_21' title="bbox 367 1959 3787 2040">
    <p class='ocr_par' dir='ltr' id='par_1_21' title="bbox 367 1959 3787 2040">
     <span class='ocr_line' id='line_1_21' title="bbox 367 1959 3787 2040; baseline -0.001 -20"><span class='ocrx_word' id='word_1_219' title='bbox 367 1965 554 2035; x_wconf 78' lang='grc' dir='ltr'>λικῆς,</span> <span class='ocrx_word' id='word_1_220' title='bbox 608 1962 693 2034; x_wconf 89' lang='grc' dir='ltr'>ιδ’,</span> <span class='ocrx_word' id='word_1_221' title='bbox 770 1965 978 2028; x_wconf 88' lang='grc' dir='ltr'>Δίωνος</span> <span class='ocrx_word' id='word_1_222' title='bbox 1056 1968 1358 2021; x_wconf 78' lang='grc' dir='ltr'>Κοκκιανοῦ</span> <span class='ocrx_word' id='word_1_223' title='bbox 1417 1965 1730 2037; x_wconf 81' lang='grc' dir='ltr'>Ῥωμαϊκῆς</span> <span class='ocrx_word' id='word_1_224' title='bbox 1810 1965 2077 2031; x_wconf 79' lang='grc' dir='ltr'>ἱστορίας.</span> <span class='ocrx_word' id='word_1_225' title='bbox 2151 1964 2403 2021; x_wconf 81' lang='lat' dir='ltr'><strong>Additur</strong></span> <span class='ocrx_word' id='word_1_226' title='bbox 2461 1982 2474 2019; x_wconf 89' lang='lat'>:</span> <span class='ocrx_word' id='word_1_227' title='bbox 2532 1965 2621 2017; x_wconf 80' lang='grc' dir='ltr'><strong>καὶ</strong></span> <span class='ocrx_word' id='word_1_228' title='bbox 2673 1963 2725 2016; x_wconf 73' lang='grc' dir='ltr'>οἱ</span> <span class='ocrx_word' id='word_1_229' title='bbox 2782 1961 2974 2038; x_wconf 79' lang='grc' dir='ltr'>ἐφεξῆς</span> <span class='ocrx_word' id='word_1_230' title='bbox 3031 1961 3083 2017; x_wconf 79' lang='grc' dir='ltr'><strong>ἐν</strong></span> <span class='ocrx_word' id='word_1_231' title='bbox 3139 1967 3217 2034; x_wconf 79' lang='grc' dir='ltr'>τῷ</span> <span class='ocrx_word' id='word_1_232' title='bbox 3294 1959 3527 2036; x_wconf 78' lang='grc' dir='ltr'>δευτέρῳ</span> <span class='ocrx_word' id='word_1_233' title='bbox 3599 1961 3787 2040; x_wconf 78' lang='grc' dir='ltr'>τεύχει</span> 
     </span>
    </p>
   </div>
   <div class='ocr_carea' id='block_1_22' title="bbox 368 2053 3797 2132">
    <p class='ocr_par' dir='ltr' id='par_1_22' title="bbox 368 2053 3797 2132">
     <span class='ocr_line' id='line_1_22' title="bbox 368 2053 3797 2132; baseline -0 -23"><span class='ocrx_word' id='word_1_234' title='bbox 368 2054 778 2132; x_wconf 79' lang='grc' dir='ltr'>ἐπιγράξονται.</span> <span class='ocrx_word' id='word_1_235' title='bbox 836 2062 1133 2129; x_wconf 85' lang='lat' dir='ltr'><strong>Sequentes</strong></span> <span class='ocrx_word' id='word_1_236' title='bbox 1187 2065 1437 2113; x_wconf 87' lang='lat' dir='ltr'><strong>auctores</strong></span> <span class='ocrx_word' id='word_1_237' title='bbox 1490 2059 1555 2112; x_wconf 86' lang='lat' dir='ltr'><strong>in</strong></span> <span class='ocrx_word' id='word_1_238' title='bbox 1599 2057 1773 2113; x_wconf 90' lang='lat' dir='ltr'><strong>altero</strong></span> <span class='ocrx_word' id='word_1_239' title='bbox 1820 2057 2024 2129; x_wconf 87' lang='lat' dir='ltr'><strong>(hujus</strong></span> <span class='ocrx_word' id='word_1_240' title='bbox 2075 2071 2287 2127; x_wconf 87' lang='lat' dir='ltr'><strong>nempe</strong></span> <span class='ocrx_word' id='word_1_241' title='bbox 2345 2054 2525 2125; x_wconf 79' lang='lat' dir='ltr'><strong>tituli)</strong></span> <span class='ocrx_word' id='word_1_242' title='bbox 2572 2053 2855 2110; x_wconf 73' lang='lat' dir='ltr'><strong>volumine</strong></span> <span class='ocrx_word' id='word_1_243' title='bbox 2909 2054 3368 2109; x_wconf 77' lang='lat' dir='ltr'><strong>recensebantur.</strong></span> <span class='ocrx_word' id='word_1_244' title='bbox 3429 2053 3595 2110; x_wconf 91' lang='lat' dir='ltr'><strong>Unde</strong></span> <span class='ocrx_word' id='word_1_245' title='bbox 3643 2060 3797 2124; x_wconf 90' lang='lat' dir='ltr'><strong>patet</strong></span> 
     </span>
    </p>
   </div>
   <div class='ocr_carea' id='block_1_23' title="bbox 371 2143 3800 2220">
    <p class='ocr_par' dir='ltr' id='par_1_23' title="bbox 371 2143 3800 2220">
     <span class='ocr_line' id='line_1_23' title="bbox 371 2143 3800 2220; baseline -0.001 -17"><span class='ocrx_word' id='word_1_246' title='bbox 371 2164 489 2203; x_wconf 90' lang='lat' dir='ltr'><strong>non</strong></span> <span class='ocrx_word' id='word_1_247' title='bbox 531 2148 828 2220; x_wconf 89' lang='lat' dir='ltr'><strong>integrum</strong></span> <span class='ocrx_word' id='word_1_248' title='bbox 871 2147 1109 2204; x_wconf 90' lang='lat' dir='ltr'><strong>titulum</strong></span> <span class='ocrx_word' id='word_1_249' title='bbox 1156 2148 1229 2204; x_wconf 91' lang='lat' dir='ltr'><strong>de</strong></span> <span class='ocrx_word' id='word_1_250' title='bbox 1275 2147 1592 2204; x_wconf 86' lang='lat' dir='ltr'><strong>virtutibus</strong></span> <span class='ocrx_word' id='word_1_251' title='bbox 1641 2151 1698 2203; x_wconf 90' lang='lat' dir='ltr'><strong>et</strong></span> <span class='ocrx_word' id='word_1_252' title='bbox 1739 2147 1918 2218; x_wconf 84' lang='lat' dir='ltr'><strong>vitiis,</strong></span> <span class='ocrx_word' id='word_1_253' title='bbox 1963 2147 2066 2203; x_wconf 84' lang='lat' dir='ltr'><strong>sed</strong></span> <span class='ocrx_word' id='word_1_254' title='bbox 2113 2146 2369 2219; x_wconf 86' lang='lat' dir='ltr'><strong>priorem</strong></span> <span class='ocrx_word' id='word_1_255' title='bbox 2427 2149 2683 2211; x_wconf 86' lang='lat' dir='ltr'><strong>tantum,</strong></span> <span class='ocrx_word' id='word_1_256' title='bbox 2732 2152 2796 2201; x_wconf 92' lang='lat' dir='ltr'><strong>ut</strong></span> <span class='ocrx_word' id='word_1_257' title='bbox 2852 2143 2994 2212; x_wconf 86' lang='lat' dir='ltr'><strong>dixi,</strong></span> <span class='ocrx_word' id='word_1_258' title='bbox 3027 2145 3152 2215; x_wconf 89' lang='lat' dir='ltr'><strong>ejus</strong></span> <span class='ocrx_word' id='word_1_259' title='bbox 3194 2149 3420 2217; x_wconf 89' lang='lat' dir='ltr'><strong>partem</strong></span> <span class='ocrx_word' id='word_1_260' title='bbox 3476 2144 3536 2200; x_wconf 91' lang='lat' dir='ltr'><strong>in</strong></span> <span class='ocrx_word' id='word_1_261' title='bbox 3587 2160 3800 2200; x_wconf 89' lang='lat' dir='ltr'><strong>manus</strong></span> 
     </span>
    </p>
   </div>
   <div class='ocr_carea' id='block_1_24' title="bbox 370 2235 3793 2310">
    <p class='ocr_par' dir='ltr' id='par_1_24' title="bbox 370 2235 3793 2310">
     <span class='ocr_line' id='line_1_24' title="bbox 370 2235 3793 2310; baseline 0.001 -21"><span class='ocrx_word' id='word_1_262' title='bbox 370 2237 587 2294; x_wconf 88' lang='lat' dir='ltr'><strong>Valesii</strong></span> <span class='ocrx_word' id='word_1_263' title='bbox 616 2238 917 2306; x_wconf 86' lang='lat' dir='ltr'><strong>incidisse,</strong></span> <span class='ocrx_word' id='word_1_264' title='bbox 945 2239 1045 2310; x_wconf 78' lang='lat' dir='ltr'><strong>qui</strong></span> <span class='ocrx_word' id='word_1_265' title='bbox 1077 2255 1146 2294; x_wconf 87' lang='lat' dir='ltr'><strong>ea</strong></span> <span class='ocrx_word' id='word_1_266' title='bbox 1173 2237 1440 2294; x_wconf 86' lang='lat' dir='ltr'><strong>libertate</strong></span> <span class='ocrx_word' id='word_1_267' title='bbox 1471 2238 1557 2294; x_wconf 89' lang='lat' dir='ltr'><strong>uti</strong></span> <span class='ocrx_word' id='word_1_268' title='bbox 1586 2254 1704 2294; x_wconf 92' lang='lat' dir='ltr'><strong>non</strong></span> <span class='ocrx_word' id='word_1_269' title='bbox 1737 2237 2043 2306; x_wconf 86' lang='lat' dir='ltr'><strong>dubitavit,</strong></span> <span class='ocrx_word' id='word_1_270' title='bbox 2077 2243 2143 2294; x_wconf 90' lang='lat' dir='ltr'><strong>ut</strong></span> <span class='ocrx_word' id='word_1_271' title='bbox 2185 2237 2246 2293; x_wconf 91' lang='lat' dir='ltr'><strong>in</strong></span> <span class='ocrx_word' id='word_1_272' title='bbox 2289 2236 2382 2292; x_wconf 88' lang='lat' dir='ltr'><strong>his</strong></span> <span class='ocrx_word' id='word_1_273' title='bbox 2411 2235 2627 2309; x_wconf 84' lang='lat' dir='ltr'><strong>eclogis</strong></span> <span class='ocrx_word' id='word_1_274' title='bbox 2675 2240 2733 2293; x_wconf 88' lang='lat' dir='ltr'><strong>et</strong></span> <span class='ocrx_word' id='word_1_275' title='bbox 2781 2236 2985 2292; x_wconf 87' lang='lat' dir='ltr'><strong>ordine</strong></span> <span class='ocrx_word' id='word_1_276' title='bbox 3023 2235 3329 2306; x_wconf 90' lang='lat' dir='ltr'><strong>scriptores</strong></span> <span class='ocrx_word' id='word_1_277' title='bbox 3371 2236 3484 2292; x_wconf 88' lang='lat' dir='ltr'><strong>atio</strong></span> <span class='ocrx_word' id='word_1_278' title='bbox 3529 2240 3793 2308; x_wconf 86' lang='lat' dir='ltr'><strong>poneret,</strong></span> 
     </span>
    </p>
   </div>
   <div class='ocr_carea' id='block_1_25' title="bbox 374 2327 3803 2402">
    <p class='ocr_par' dir='ltr' id='par_1_25' title="bbox 374 2327 3803 2402">
     <span class='ocr_line' id='line_1_25' title="bbox 374 2327 3803 2402; baseline 0 -19"><span class='ocrx_word' id='word_1_279' title='bbox 374 2333 432 2383; x_wconf 89' lang='lat' dir='ltr'><strong>et</strong></span> <span class='ocrx_word' id='word_1_280' title='bbox 460 2343 547 2396; x_wconf 86' lang='lat' dir='ltr'><strong>ea,</strong></span> <span class='ocrx_word' id='word_1_281' title='bbox 580 2344 707 2401; x_wconf 65' lang='lat' dir='ltr'><strong>quas</strong></span> <span class='ocrx_word' id='word_1_282' title='bbox 738 2330 827 2385; x_wconf 89' lang='lat' dir='ltr'><strong>vel</strong></span> <span class='ocrx_word' id='word_1_283' title='bbox 850 2331 974 2401; x_wconf 89' lang='lat' dir='ltr'><strong>jam</strong></span> <span class='ocrx_word' id='word_1_284' title='bbox 1007 2329 1163 2385; x_wconf 90' lang='lat' dir='ltr'><strong>edita</strong></span> <span class='ocrx_word' id='word_1_285' title='bbox 1192 2332 1509 2398; x_wconf 86' lang='lat' dir='ltr'><strong>exstarent,</strong></span> <span class='ocrx_word' id='word_1_286' title='bbox 1550 2328 1641 2385; x_wconf 89' lang='lat' dir='ltr'><strong>vel</strong></span> <span class='ocrx_word' id='word_1_287' title='bbox 1671 2329 1914 2402; x_wconf 86' lang='lat' dir='ltr'><strong>indigna</strong></span> <span class='ocrx_word' id='word_1_288' title='bbox 1956 2333 2153 2386; x_wconf 86' lang='lat' dir='ltr'><strong>essent</strong></span> <span class='ocrx_word' id='word_1_289' title='bbox 2200 2327 2475 2398; x_wconf 89' lang='lat' dir='ltr'><strong>editione,</strong></span> <span class='ocrx_word' id='word_1_290' title='bbox 2508 2327 2801 2385; x_wconf 88' lang='lat' dir='ltr'><strong>omitteret</strong></span> <span class='ocrx_word' id='word_1_291' title='bbox 2842 2344 2910 2384; x_wconf 91' lang='lat' dir='ltr'><strong>ac</strong></span> <span class='ocrx_word' id='word_1_292' title='bbox 2949 2327 3322 2385; x_wconf 86' lang='lat' dir='ltr'><strong>rescinderet.</strong></span> <span class='ocrx_word' id='word_1_293' title='bbox 3363 2327 3545 2399; x_wconf 88' lang='lat' dir='ltr'><strong>[Conf.</strong></span> <span class='ocrx_word' id='word_1_294' title='bbox 3600 2327 3803 2400; x_wconf 87' lang='lat' dir='ltr'><strong>Zeper—</strong></span> 
     </span>
    </p>
   </div>
   <div class='ocr_carea' id='block_1_26' title="bbox 374 2417 1067 2492">
    <p class='ocr_par' dir='ltr' id='par_1_26' title="bbox 374 2417 1067 2492">
     <span class='ocr_line' id='line_1_26' title="bbox 374 2417 1067 2492; baseline 0.004 -20"><span class='ocrx_word' id='word_1_295' title='bbox 374 2417 531 2473; x_wconf 84' lang='lat' dir='ltr'><strong>nick.</strong></span> <span class='ocrx_word' id='word_1_296' title='bbox 567 2419 606 2476; x_wconf 90' lang='grc' dir='ltr'>Ι.</span> <span class='ocrx_word' id='word_1_297' title='bbox 639 2436 714 2488; x_wconf 85' lang='grc' dir='ltr'><strong>ο.,</strong></span> <span class='ocrx_word' id='word_1_298' title='bbox 747 2436 882 2492; x_wconf 85' lang='lat' dir='ltr'><strong>pag.</strong></span> <span class='ocrx_word' id='word_1_299' title='bbox 913 2419 1067 2491; x_wconf 90' lang='lat'><strong>231.]</strong></span> 
     </span>
    </p>
   </div>
   <div class='ocr_carea' id='block_1_27' title="bbox 445 2505 3801 2582">
    <p class='ocr_par' dir='ltr' id='par_1_27' title="bbox 445 2505 3801 2582">
     <span class='ocr_line' id='line_1_27' title="bbox 445 2505 3801 2582; baseline -0.001 -20"><span class='ocrx_word' id='word_1_300' title='bbox 445 2508 527 2563; x_wconf 89' lang='lat' dir='ltr'><strong>Ex</strong></span> <span class='ocrx_word' id='word_1_301' title='bbox 559 2507 873 2579; x_wconf 88' lang='lat' dir='ltr'><strong>deperditis</strong></span> <span class='ocrx_word' id='word_1_302' title='bbox 904 2510 1082 2581; x_wconf 87' lang='lat' dir='ltr'><strong>hujus</strong></span> <span class='ocrx_word' id='word_1_303' title='bbox 1108 2510 1303 2581; x_wconf 85' lang='lat' dir='ltr'><strong>Operis</strong></span> <span class='ocrx_word' id='word_1_304' title='bbox 1349 2507 1543 2567; x_wconf 83' lang='lat' dir='ltr'><strong>titulis</strong></span> <span class='ocrx_word' id='word_1_305' title='bbox 1574 2509 1803 2582; x_wconf 90' lang='lat' dir='ltr'><strong>primus</strong></span> <span class='ocrx_word' id='word_1_306' title='bbox 1835 2509 1965 2577; x_wconf 88' lang='lat' dir='ltr'><strong>fuit,</strong></span> <span class='ocrx_word' id='word_1_307' title='bbox 2000 2514 2065 2565; x_wconf 91' lang='lat' dir='ltr'><strong>ut</strong></span> <span class='ocrx_word' id='word_1_308' title='bbox 2117 2509 2178 2565; x_wconf 91' lang='lat' dir='ltr'><strong>in</strong></span> <span class='ocrx_word' id='word_1_309' title='bbox 2226 2508 2562 2582; x_wconf 74' lang='lat' dir='ltr'><strong>praefatione</strong></span> <span class='ocrx_word' id='word_1_310' title='bbox 2604 2508 2820 2566; x_wconf 88' lang='lat' dir='ltr'><strong>diserte</strong></span> <span class='ocrx_word' id='word_1_311' title='bbox 2867 2508 3141 2577; x_wconf 86' lang='lat' dir='ltr'><strong>traditur,</strong></span> <span class='ocrx_word' id='word_1_312' title='bbox 3172 2505 3303 2582; x_wconf 83' lang='grc' dir='ltr'>Περὶ</span> <span class='ocrx_word' id='word_1_313' title='bbox 3355 2506 3629 2577; x_wconf 75' lang='grc' dir='ltr'>βασιλέων</span> <span class='ocrx_word' id='word_1_314' title='bbox 3674 2506 3801 2560; x_wconf 79' lang='grc' dir='ltr'>ἀνα-</span> 
     </span>
    </p>
   </div>
   <div class='ocr_carea' id='block_1_28' title="bbox 376 2595 3804 2673">
    <p class='ocr_par' dir='ltr' id='par_1_28' title="bbox 376 2595 3804 2673">
     <span class='ocr_line' id='line_1_28' title="bbox 376 2595 3804 2673; baseline 0.001 -24"><span class='ocrx_word' id='word_1_315' title='bbox 376 2595 702 2673; x_wconf 82' lang='grc' dir='ltr'>γορεύσεως.</span> <span class='ocrx_word' id='word_1_316' title='bbox 731 2601 808 2655; x_wconf 84' lang='lat' dir='ltr'><strong>De</strong></span> <span class='ocrx_word' id='word_1_317' title='bbox 838 2602 1240 2671; x_wconf 79' lang='lat' dir='ltr'><strong>imperatorum</strong></span> <span class='ocrx_word' id='word_1_318' title='bbox 1278 2616 1576 2671; x_wconf 84' lang='lat' dir='ltr'><strong>regumque</strong></span> <span class='ocrx_word' id='word_1_319' title='bbox 1622 2600 2054 2656; x_wconf 85' lang='lat' dir='ltr'><strong>renuntiatione.</strong></span> <span class='ocrx_word' id='word_1_320' title='bbox 2087 2599 2461 2666; x_wconf 65' lang='lat' dir='ltr'><strong>Castor-orum,</strong></span> <span class='ocrx_word' id='word_1_321' title='bbox 2514 2599 2670 2655; x_wconf 89' lang='lat' dir='ltr'><strong>ultra</strong></span> <span class='ocrx_word' id='word_1_322' title='bbox 2715 2599 2922 2671; x_wconf 79' lang='lat' dir='ltr'><strong>viginti</strong></span> <span class='ocrx_word' id='word_1_323' title='bbox 2972 2598 3043 2655; x_wconf 87' lang='lat' dir='ltr'><strong>ab</strong></span> <span class='ocrx_word' id='word_1_324' title='bbox 3097 2598 3423 2657; x_wconf 81' lang='lat' dir='ltr'><strong>Hceschelio</strong></span> <span class='ocrx_word' id='word_1_325' title='bbox 3471 2603 3529 2656; x_wconf 87' lang='lat' dir='ltr'><strong>et</strong></span> <span class='ocrx_word' id='word_1_326' title='bbox 3573 2597 3804 2656; x_wconf 85' lang='lat' dir='ltr'><strong>Valesio</strong></span> 
     </span>
    </p>
   </div>
   <div class='ocr_carea' id='block_1_29' title="bbox 372 2676 2505 2762">
    <p class='ocr_par' dir='ltr' id='par_1_29' title="bbox 372 2676 2505 2762">
     <span class='ocr_line' id='line_1_29' title="bbox 372 2676 2505 2762; baseline 0.002 -20"><span class='ocrx_word' id='word_1_327' title='bbox 372 2689 829 2757; x_wconf 87' lang='lat' dir='ltr'><strong>observaturum,</strong></span> <span class='ocrx_word' id='word_1_328' title='bbox 864 2690 985 2745; x_wconf 72' lang='lat' dir='ltr'><strong>haec</strong></span> <span class='ocrx_word' id='word_1_329' title='bbox 1017 2699 1100 2745; x_wconf 90' lang='lat' dir='ltr'><strong>est</strong></span> <span class='ocrx_word' id='word_1_330' title='bbox 1132 2690 1358 2756; x_wconf 85' lang='lat' dir='ltr'><strong>notitia,</strong></span> <span class='ocrx_word' id='word_1_331' title='bbox 1392 2676 1722 2745; x_wconf 83' lang='lat' dir='ltr'><strong>litterarum</strong></span> <span class='ocrx_word' id='word_1_332' title='bbox 1757 2690 1959 2747; x_wconf 86' lang='lat' dir='ltr'><strong>ordine</strong></span> <span class='ocrx_word' id='word_1_333' title='bbox 1985 2708 2019 2745; x_wconf 94' lang='lat' dir='ltr'><strong>a</strong></span> <span class='ocrx_word' id='word_1_334' title='bbox 2049 2706 2143 2746; x_wconf 86' lang='lat' dir='ltr'><strong>me</strong></span> <span class='ocrx_word' id='word_1_335' title='bbox 2174 2689 2505 2762; x_wconf 89' lang='lat' dir='ltr'><strong>descripta:</strong></span> 
     </span>
    </p>
   </div>
   <div class='ocr_carea' id='block_1_30' title="bbox 445 2774 2197 2850">
    <p class='ocr_par' dir='ltr' id='par_1_30' title="bbox 445 2774 2197 2850">
     <span class='ocr_line' id='line_1_30' title="bbox 445 2774 2197 2850; baseline 0.002 -19"><span class='ocrx_word' id='word_1_336' title='bbox 445 2774 577 2850; x_wconf 82' lang='grc' dir='ltr'>Περὶ</span> <span class='ocrx_word' id='word_1_337' title='bbox 606 2775 957 2847; x_wconf 75' lang='grc' dir='ltr'>ἀνακλήσεως</span> <span class='ocrx_word' id='word_1_338' title='bbox 989 2776 1185 2847; x_wconf 75' lang='grc' dir='ltr'>ἥττης.</span> <span class='ocrx_word' id='word_1_339' title='bbox 1251 2780 1325 2835; x_wconf 89' lang='lat' dir='ltr'><strong>De</strong></span> <span class='ocrx_word' id='word_1_340' title='bbox 1364 2781 1709 2836; x_wconf 71' lang='lat' dir='ltr'><strong>restitutione</strong></span> <span class='ocrx_word' id='word_1_341' title='bbox 1735 2779 2016 2835; x_wconf 72' lang='lat' dir='ltr'><strong>exercitus</strong></span> <span class='ocrx_word' id='word_1_342' title='bbox 2044 2781 2197 2835; x_wconf 85' lang='lat' dir='ltr'><strong>victi.</strong></span> 
     </span>
    </p>
   </div>
   <div class='ocr_carea' id='block_1_31' title="bbox 447 2864 2099 2943">
    <p class='ocr_par' dir='ltr' id='par_1_31' title="bbox 447 2864 2088 2943">
     <span class='ocr_line' id='line_1_31' title="bbox 447 2864 2088 2943; baseline 0.002 -22"><span class='ocrx_word' id='word_1_343' title='bbox 447 2867 578 2940; x_wconf 77' lang='grc' dir='ltr'>Περὶ</span> <span class='ocrx_word' id='word_1_344' title='bbox 609 2864 1134 2943; x_wconf 82' lang='grc' dir='ltr'>ἀνδραγαθημάτων.</span> <span class='ocrx_word' id='word_1_345' title='bbox 1162 2871 1235 2926; x_wconf 90' lang='lat' dir='ltr'><strong>De</strong></span> <span class='ocrx_word' id='word_1_346' title='bbox 1254 2872 1474 2941; x_wconf 80' lang='lat' dir='ltr'><strong>fortiter</strong></span> <span class='ocrx_word' id='word_1_347' title='bbox 1491 2871 1677 2941; x_wconf 80' lang='lat' dir='ltr'><strong>factis,</strong></span> <span class='ocrx_word' id='word_1_348' title='bbox 1707 2887 1763 2942; x_wconf 88' lang='lat' dir='ltr'><strong>p.</strong></span> <span class='ocrx_word' id='word_1_349' title='bbox 1806 2871 1913 2926; x_wconf 77' lang='grc'><strong>442</strong></span> <span class='ocrx_word' id='word_1_350' title='bbox 1950 2870 2088 2926; x_wconf 88' lang='lat' dir='ltr'><strong>edit.</strong></span> 
     </span>
    </p>
   </div>
   <div class='ocr_carea' id='block_1_32' title="bbox 944 2864 2596 2943">
    <p class='ocr_par' dir='ltr' id='par_1_32' title="bbox 944 2868 2596 2942">
     <span class='ocr_line' id='line_1_32' title="bbox 944 2868 2596 2942; baseline 0.001 -19"><span class='ocrx_word' id='word_1_351' title='bbox 944 2869 1134 2925; x_wconf 70' lang='grc' dir='ltr'>ιάτων.</span> <span class='ocrx_word' id='word_1_352' title='bbox 1162 2871 1235 2926; x_wconf 90' lang='lat' dir='ltr'><strong>De</strong></span> <span class='ocrx_word' id='word_1_353' title='bbox 1254 2872 1474 2941; x_wconf 75' lang='lat' dir='ltr'><strong>fortiter</strong></span> <span class='ocrx_word' id='word_1_354' title='bbox 1491 2871 1677 2941; x_wconf 81' lang='lat' dir='ltr'><strong>factis,</strong></span> <span class='ocrx_word' id='word_1_355' title='bbox 1707 2887 1763 2942; x_wconf 95' lang='lat' dir='ltr'><strong>p.</strong></span> <span class='ocrx_word' id='word_1_356' title='bbox 1806 2871 1913 2926; x_wconf 79' lang='grc'><strong>442</strong></span> <span class='ocrx_word' id='word_1_357' title='bbox 1950 2870 2088 2926; x_wconf 89' lang='lat' dir='ltr'><strong>edit.</strong></span> <span class='ocrx_word' id='word_1_358' title='bbox 2121 2868 2351 2935; x_wconf 85' lang='lat' dir='ltr'><strong>Valcsii,</strong></span> <span class='ocrx_word' id='word_1_359' title='bbox 2385 2873 2442 2927; x_wconf 87' lang='lat' dir='ltr'><strong>et</strong></span> <span class='ocrx_word' id='word_1_360' title='bbox 2471 2871 2596 2926; x_wconf 86' lang='grc'>473.</span> 
     </span>
    </p>
   </div>
   <div class='ocr_carea' id='block_1_33' title="bbox 445 2958 1188 3032">
    <p class='ocr_par' dir='ltr' id='par_1_33' title="bbox 445 2958 1188 3032">
     <span class='ocr_line' id='line_1_33' title="bbox 445 2958 1188 3032; baseline 0.001 -17"><span class='ocrx_word' id='word_1_361' title='bbox 445 2959 573 3031; x_wconf 83' lang='grc' dir='ltr'>ΙΙιρὶ</span> <span class='ocrx_word' id='word_1_362' title='bbox 607 2958 825 3032; x_wconf 64' lang='grc' dir='ltr'>γάμων.</span> <span class='ocrx_word' id='word_1_363' title='bbox 851 2961 927 3015; x_wconf 88' lang='lat' dir='ltr'><strong>De</strong></span> <span class='ocrx_word' id='word_1_364' title='bbox 956 2960 1188 3032; x_wconf 76' lang='lat' dir='ltr'><strong>nuptiis.</strong></span> 
     </span>
    </p>
   </div>
   <div class='ocr_carea' id='block_1_34' title="bbox 446 3037 2254 3124">
    <p class='ocr_par' dir='ltr' id='par_1_34' title="bbox 446 3037 2254 3124">
     <span class='ocr_line' id='line_1_34' title="bbox 446 3037 2254 3124; baseline 0.001 -24"><span class='ocrx_word' id='word_1_365' title='bbox 446 3047 581 3121; x_wconf 82' lang='grc' dir='ltr'>Περὶ</span> <span class='ocrx_word' id='word_1_366' title='bbox 610 3051 874 3124; x_wconf 78' lang='grc' dir='ltr'>γνωμῶν.</span> <span class='ocrx_word' id='word_1_367' title='bbox 909 3050 981 3105; x_wconf 90' lang='lat' dir='ltr'><strong>De</strong></span> <span class='ocrx_word' id='word_1_368' title='bbox 1003 3049 1311 3116; x_wconf 74' lang='lat' dir='ltr'><strong>sententiis,</strong></span> <span class='ocrx_word' id='word_1_369' title='bbox 1346 3067 1473 3121; x_wconf 85' lang='lat' dir='ltr'><strong>pag.</strong></span> <span class='ocrx_word' id='word_1_370' title='bbox 1505 3050 1613 3104; x_wconf 85' lang='lat'><strong>258</strong></span> <span class='ocrx_word' id='word_1_371' title='bbox 1642 3037 1793 3105; x_wconf 38' lang='lat' dir='ltr'><strong>edit;</strong></span> <span class='ocrx_word' id='word_1_372' title='bbox 1816 3048 2025 3105; x_wconf 87' lang='lat' dir='ltr'><strong>Valesii</strong></span> <span class='ocrx_word' id='word_1_373' title='bbox 2048 3052 2105 3104; x_wconf 89' lang='lat' dir='ltr'><strong>et</strong></span> <span class='ocrx_word' id='word_1_374' title='bbox 2128 3048 2254 3104; x_wconf 88' lang='lat'><strong>225.</strong></span> 
     </span>
    </p>
   </div>
   <div class='ocr_carea' id='block_1_35' title="bbox 451 3133 2103 3213">
    <p class='ocr_par' dir='ltr' id='par_1_35' title="bbox 451 3133 2096 3213">
     <span class='ocr_line' id='line_1_35' title="bbox 451 3133 2096 3213; baseline 0.001 -22"><span class='ocrx_word' id='word_1_375' title='bbox 451 3134 583 3209; x_wconf 83' lang='grc' dir='ltr'>Περὶ</span> <span class='ocrx_word' id='word_1_376' title='bbox 614 3133 1003 3213; x_wconf 81' lang='grc' dir='ltr'>δημηγοριῶν.</span> <span class='ocrx_word' id='word_1_377' title='bbox 1037 3141 1111 3195; x_wconf 90' lang='lat' dir='ltr'><strong>De</strong></span> <span class='ocrx_word' id='word_1_378' title='bbox 1138 3139 1496 3195; x_wconf 86' lang='lat' dir='ltr'><strong>concionibus</strong></span> <span class='ocrx_word' id='word_1_379' title='bbox 1526 3138 1640 3194; x_wconf 86' lang='lat' dir='ltr'><strong>sive</strong></span> <span class='ocrx_word' id='word_1_380' title='bbox 1669 3137 2039 3194; x_wconf 84' lang='lat' dir='ltr'><strong>orationibus.</strong></span> <span class='ocrx_word' id='word_1_381' title='bbox 2074 3138 2096 3192; x_wconf 90' lang='grc' dir='ltr'><strong>Ι</strong></span> 
     </span>
    </p>
   </div>
   <div class='ocr_carea' id='block_1_36' title="bbox 731 3133 2383 3213">
    <p class='ocr_par' dir='ltr' id='par_1_36' title="bbox 731 3137 2383 3213">
     <span class='ocr_line' id='line_1_36' title="bbox 731 3137 2383 3213; baseline 0.004 -25"><span class='ocrx_word' id='word_1_382' title='bbox 731 3140 1003 3213; x_wconf 46' lang='grc' dir='ltr'>ηηγοριῶν.</span> <span class='ocrx_word' id='word_1_383' title='bbox 1037 3141 1111 3195; x_wconf 90' lang='lat' dir='ltr'><strong>De</strong></span> <span class='ocrx_word' id='word_1_384' title='bbox 1138 3139 1496 3195; x_wconf 86' lang='lat' dir='ltr'><strong>concionibus</strong></span> <span class='ocrx_word' id='word_1_385' title='bbox 1526 3138 1640 3194; x_wconf 86' lang='lat' dir='ltr'><strong>sive</strong></span> <span class='ocrx_word' id='word_1_386' title='bbox 1669 3137 2039 3194; x_wconf 84' lang='lat' dir='ltr'><strong>orationibus.</strong></span> <span class='ocrx_word' id='word_1_387' title='bbox 2074 3138 2161 3195; x_wconf 88' lang='lat' dir='ltr'><strong>Id.</strong></span> <span class='ocrx_word' id='word_1_388' title='bbox 2200 3155 2258 3210; x_wconf 92' lang='lat' dir='ltr'><strong>p.</strong></span> <span class='ocrx_word' id='word_1_389' title='bbox 2291 3139 2383 3195; x_wconf 90' lang='lat'><strong>87.</strong></span> 
     </span>
    </p>
   </div>
   <div class='ocr_carea' id='block_1_37' title="bbox 457 3223 1228 3299">
    <p class='ocr_par' dir='ltr' id='par_1_37' title="bbox 457 3223 1228 3299">
     <span class='ocr_line' id='line_1_37' title="bbox 457 3223 1228 3299; baseline 0.004 -20"><span class='ocrx_word' id='word_1_390' title='bbox 457 3223 589 3299; x_wconf 84' lang='grc' dir='ltr'><strong>Περί</strong></span> <span class='ocrx_word' id='word_1_391' title='bbox 618 3224 808 3280; x_wconf 80' lang='grc' dir='ltr'>ἐθνῶν.</span> <span class='ocrx_word' id='word_1_392' title='bbox 841 3227 915 3282; x_wconf 91' lang='lat' dir='ltr'><strong>De</strong></span> <span class='ocrx_word' id='word_1_393' title='bbox 943 3226 1228 3295; x_wconf 82' lang='lat' dir='ltr'><strong>gentibus.</strong></span> 
     </span>
    </p>
   </div>
   <div class='ocr_carea' id='block_1_38' title="bbox 456 3314 1176 3389">
    <p class='ocr_par' dir='ltr' id='par_1_38' title="bbox 456 3314 1176 3389">
     <span class='ocr_line' id='line_1_38' title="bbox 456 3314 1176 3389; baseline 0.001 -20"><span class='ocrx_word' id='word_1_394' title='bbox 456 3316 587 3389; x_wconf 88' lang='grc' dir='ltr'><strong>Περί</strong></span> <span class='ocrx_word' id='word_1_395' title='bbox 618 3314 773 3379; x_wconf 83' lang='grc' dir='ltr'>ἐθῶν.</span> <span class='ocrx_word' id='word_1_396' title='bbox 806 3317 881 3371; x_wconf 82' lang='lat' dir='ltr'><strong>De</strong></span> <span class='ocrx_word' id='word_1_397' title='bbox 910 3318 1176 3372; x_wconf 84' lang='lat' dir='ltr'><strong>moribus.</strong></span> 
     </span>
    </p>
   </div>
   <div class='ocr_carea' id='block_1_39' title="bbox 455 3402 2206 3477">
    <p class='ocr_par' dir='ltr' id='par_1_39' title="bbox 455 3402 2206 3477">
     <span class='ocr_line' id='line_1_39' title="bbox 455 3402 2206 3477; baseline 0.001 -19"><span class='ocrx_word' id='word_1_398' title='bbox 455 3403 587 3477; x_wconf 84' lang='grc' dir='ltr'>Περὶ</span> <span class='ocrx_word' id='word_1_399' title='bbox 618 3402 1106 3473; x_wconf 78' lang='grc' dir='ltr'>ἐκκλησιαστικῶν.</span> <span class='ocrx_word' id='word_1_400' title='bbox 1133 3406 1207 3460; x_wconf 88' lang='lat' dir='ltr'><strong>De</strong></span> <span class='ocrx_word' id='word_1_401' title='bbox 1228 3404 1619 3461; x_wconf 85' lang='lat' dir='ltr'><strong>ecclesiasticis</strong></span> <span class='ocrx_word' id='word_1_402' title='bbox 1649 3404 1810 3460; x_wconf 88' lang='lat' dir='ltr'><strong>rebus</strong></span> <span class='ocrx_word' id='word_1_403' title='bbox 1830 3405 2206 3477; x_wconf 86' lang='lat' dir='ltr'><strong>personisque.</strong></span> 
     </span>
    </p>
   </div>
   <div class='ocr_carea' id='block_1_40' title="bbox 456 3487 2186 3569">
    <p class='ocr_par' dir='ltr' id='par_1_40' title="bbox 456 3487 2186 3569">
     <span class='ocr_line' id='line_1_40' title="bbox 456 3487 2186 3569; baseline 0.001 -23"><span class='ocrx_word' id='word_1_404' title='bbox 456 3492 589 3565; x_wconf 84' lang='grc' dir='ltr'>Περὶ</span> <span class='ocrx_word' id='word_1_405' title='bbox 619 3492 947 3569; x_wconf 83' lang='grc' dir='ltr'>ἐκφράσεως.</span> <span class='ocrx_word' id='word_1_406' title='bbox 973 3496 1045 3550; x_wconf 87' lang='lat' dir='ltr'><strong>De</strong></span> <span class='ocrx_word' id='word_1_407' title='bbox 1075 3494 1559 3565; x_wconf 68' lang='lat' dir='ltr'><strong>descriptionibus.</strong></span> <span class='ocrx_word' id='word_1_408' title='bbox 1591 3494 1756 3551; x_wconf 81' lang='lat' dir='ltr'><strong>Suid.</strong></span> <span class='ocrx_word' id='word_1_409' title='bbox 1787 3493 1847 3549; x_wconf 82' lang='lat' dir='ltr'><strong>in</strong></span> <span class='ocrx_word' id='word_1_410' title='bbox 1877 3487 2186 3566; x_wconf 76' lang='grc' dir='ltr'>Σάμϐυκες.</span> 
     </span>
    </p>
   </div>
   <div class='ocr_carea' id='block_1_41' title="bbox 457 3582 2130 3659">
    <p class='ocr_par' dir='ltr' id='par_1_41' title="bbox 457 3582 2130 3659">
     <span class='ocr_line' id='line_1_41' title="bbox 457 3582 2130 3659; baseline 0.001 -21"><span class='ocrx_word' id='word_1_411' title='bbox 457 3584 587 3657; x_wconf 80' lang='grc' dir='ltr'>Περὶ</span> <span class='ocrx_word' id='word_1_412' title='bbox 616 3582 953 3655; x_wconf 74' lang='grc' dir='ltr'>Ἑλληνικῆς</span> <span class='ocrx_word' id='word_1_413' title='bbox 984 3582 1242 3659; x_wconf 74' lang='grc' dir='ltr'>ἱστορίας.</span> <span class='ocrx_word' id='word_1_414' title='bbox 1280 3590 1359 3641; x_wconf 88' lang='lat' dir='ltr'><strong>De</strong></span> <span class='ocrx_word' id='word_1_415' title='bbox 1388 3586 1620 3641; x_wconf 80' lang='lat' dir='ltr'><strong>historia</strong></span> <span class='ocrx_word' id='word_1_416' title='bbox 1653 3585 1840 3641; x_wconf 76' lang='lat' dir='ltr'><strong>Graeca</strong></span> <span class='ocrx_word' id='word_1_417' title='bbox 1867 3586 2130 3657; x_wconf 85' lang='lat' dir='ltr'><strong>(gentili.)</strong></span> 
     </span>
    </p>
   </div>
   <div class='ocr_carea' id='block_1_42' title="bbox 458 3669 1795 3749">
    <p class='ocr_par' dir='ltr' id='par_1_42' title="bbox 458 3669 1795 3749">
     <span class='ocr_line' id='line_1_42' title="bbox 458 3669 1795 3749; baseline 0.002 -19"><span class='ocrx_word' id='word_1_418' title='bbox 458 3674 589 3749; x_wconf 80' lang='grc' dir='ltr'>Περὶ</span> <span class='ocrx_word' id='word_1_419' title='bbox 620 3669 878 3729; x_wconf 81' lang='grc' dir='ltr'>ἐπιϐοῶν.</span> <span class='ocrx_word' id='word_1_420' title='bbox 911 3677 985 3731; x_wconf 87' lang='lat' dir='ltr'><strong>De</strong></span> <span class='ocrx_word' id='word_1_421' title='bbox 1014 3677 1401 3748; x_wconf 86' lang='lat' dir='ltr'><strong>imploratione</strong></span> <span class='ocrx_word' id='word_1_422' title='bbox 1422 3677 1795 3733; x_wconf 73' lang='lat' dir='ltr'><strong>auxiliorum.</strong></span> 
     </span>
    </p>
   </div>
   <div class='ocr_carea' id='block_1_43' title="bbox 458 3762 1330 3841">
    <p class='ocr_par' dir='ltr' id='par_1_43' title="bbox 458 3762 1330 3841">
     <span class='ocr_line' id='line_1_43' title="bbox 458 3762 1330 3841; baseline 0.002 -20"><span class='ocrx_word' id='word_1_423' title='bbox 458 3766 592 3841; x_wconf 82' lang='grc' dir='ltr'><strong>Ηερὶ</strong></span> <span class='ocrx_word' id='word_1_424' title='bbox 623 3762 944 3835; x_wconf 77' lang='grc' dir='ltr'>ἐπιϐουλῆς.</span> <span class='ocrx_word' id='word_1_425' title='bbox 981 3769 1054 3823; x_wconf 85' lang='lat' dir='ltr'><strong>De</strong></span> <span class='ocrx_word' id='word_1_426' title='bbox 1083 3767 1330 3823; x_wconf 82' lang='lat' dir='ltr'><strong>insidiis.</strong></span> 
     </span>
    </p>
   </div>
   <div class='ocr_carea' id='block_1_44' title="bbox 458 3854 1358 3933">
    <p class='ocr_par' dir='ltr' id='par_1_44' title="bbox 458 3854 1358 3933">
     <span class='ocr_line' id='line_1_44' title="bbox 458 3854 1358 3933; baseline -0.002 -19"><span class='ocrx_word' id='word_1_427' title='bbox 458 3858 590 3933; x_wconf 85' lang='grc' dir='ltr'>Ηερί</span> <span class='ocrx_word' id='word_1_428' title='bbox 622 3854 951 3913; x_wconf 85' lang='grc' dir='ltr'>ἐπιστολῶν.</span> <span class='ocrx_word' id='word_1_429' title='bbox 987 3864 1064 3915; x_wconf 89' lang='lat' dir='ltr'><strong>De</strong></span> <span class='ocrx_word' id='word_1_430' title='bbox 1092 3858 1358 3930; x_wconf 82' lang='lat' dir='ltr'><strong>epistolis.</strong></span> 
     </span>
    </p>
   </div>
   <div class='ocr_carea' id='block_1_45' title="bbox 458 3946 1415 4023">
    <p class='ocr_par' dir='ltr' id='par_1_45' title="bbox 458 3946 1415 4023">
     <span class='ocr_line' id='line_1_45' title="bbox 458 3946 1415 4023; baseline 0.001 -20"><span class='ocrx_word' id='word_1_431' title='bbox 458 3949 589 4021; x_wconf 85' lang='grc' dir='ltr'>Περὶ</span> <span class='ocrx_word' id='word_1_432' title='bbox 621 3946 965 4023; x_wconf 73' lang='grc' dir='ltr'>κυνηγεσίας.</span> <span class='ocrx_word' id='word_1_433' title='bbox 1004 3950 1073 4003; x_wconf 87' lang='lat' dir='ltr'><strong>De</strong></span> <span class='ocrx_word' id='word_1_434' title='bbox 1105 3949 1415 4004; x_wconf 81' lang='lat' dir='ltr'><strong>venatione.</strong></span> 
     </span>
    </p>
   </div>
   <div class='ocr_carea' id='block_1_46' title="bbox 461 4036 1180 4110">
    <p class='ocr_par' dir='ltr' id='par_1_46' title="bbox 461 4036 1180 4110">
     <span class='ocr_line' id='line_1_46' title="bbox 461 4036 1180 4110; baseline 0 -20"><span class='ocrx_word' id='word_1_435' title='bbox 461 4036 591 4110; x_wconf 85' lang='grc' dir='ltr'>Περὶ</span> <span class='ocrx_word' id='word_1_436' title='bbox 623 4037 799 4105; x_wconf 80' lang='grc' dir='ltr'>νίκης.</span> <span class='ocrx_word' id='word_1_437' title='bbox 834 4039 907 4093; x_wconf 92' lang='lat' dir='ltr'><strong>De</strong></span> <span class='ocrx_word' id='word_1_438' title='bbox 933 4038 1180 4092; x_wconf 82' lang='lat' dir='ltr'><strong>victoria.</strong></span> 
     </span>
    </p>
   </div>
   <div class='ocr_carea' id='block_1_47' title="bbox 462 4126 1771 4202">
    <p class='ocr_par' dir='ltr' id='par_1_47' title="bbox 462 4126 1771 4202">
     <span class='ocr_line' id='line_1_47' title="bbox 462 4126 1771 4202; baseline 0.002 -21"><span class='ocrx_word' id='word_1_439' title='bbox 462 4127 592 4202; x_wconf 87' lang='grc' dir='ltr'>Περὶ</span> <span class='ocrx_word' id='word_1_440' title='bbox 625 4127 916 4199; x_wconf 86' lang='grc' dir='ltr'>οἷκισμῶν.</span> <span class='ocrx_word' id='word_1_441' title='bbox 950 4128 1022 4183; x_wconf 89' lang='lat' dir='ltr'><strong>De</strong></span> <span class='ocrx_word' id='word_1_442' title='bbox 1050 4128 1401 4183; x_wconf 84' lang='lat' dir='ltr'><strong>coloniarum</strong></span> <span class='ocrx_word' id='word_1_443' title='bbox 1429 4126 1771 4184; x_wconf 80' lang='lat' dir='ltr'><strong>deductione.</strong></span> 
     </span>
    </p>
   </div>
   <div class='ocr_carea' id='block_1_48' title="bbox 464 4214 2116 4293">
    <p class='ocr_par' dir='ltr' id='par_1_48' title="bbox 464 4214 2116 4293">
     <span class='ocr_line' id='line_1_48' title="bbox 464 4214 2116 4293; baseline 0.001 -22"><span class='ocrx_word' id='word_1_444' title='bbox 464 4214 957 4293; x_wconf 81' lang='grc' dir='ltr'>Περὶπαραδόξων.</span> <span class='ocrx_word' id='word_1_445' title='bbox 992 4219 1065 4272; x_wconf 85' lang='lat' dir='ltr'><strong>De</strong></span> <span class='ocrx_word' id='word_1_446' title='bbox 1094 4217 1257 4273; x_wconf 85' lang='lat' dir='ltr'><strong>miris</strong></span> <span class='ocrx_word' id='word_1_447' title='bbox 1288 4226 1341 4273; x_wconf 85' lang='lat' dir='ltr'><strong>et</strong></span> <span class='ocrx_word' id='word_1_448' title='bbox 1369 4218 1693 4290; x_wconf 83' lang='lat' dir='ltr'><strong>inapinatis.</strong></span> <span class='ocrx_word' id='word_1_449' title='bbox 1727 4235 1858 4290; x_wconf 81' lang='lat' dir='ltr'><strong>pag.</strong></span> <span class='ocrx_word' id='word_1_450' title='bbox 1895 4218 1990 4272; x_wconf 89' lang='lat'><strong>121</strong></span> <span class='ocrx_word' id='word_1_451' title='bbox 2027 4218 2116 4273; x_wconf 89' lang='lat' dir='ltr'><strong>edi</strong></span> 
     </span>
    </p>
   </div>
   <div class='ocr_carea' id='block_1_49' title="bbox 783 4214 2435 4293">
    <p class='ocr_par' dir='ltr' id='par_1_49' title="bbox 783 4216 2435 4290">
     <span class='ocr_line' id='line_1_49' title="bbox 783 4216 2435 4290; baseline 0.002 -20"><span class='ocrx_word' id='word_1_452' title='bbox 783 4217 957 4287; x_wconf 74' lang='grc' dir='ltr'>ῑόξων.</span> <span class='ocrx_word' id='word_1_453' title='bbox 992 4219 1065 4272; x_wconf 85' lang='lat' dir='ltr'><strong>De</strong></span> <span class='ocrx_word' id='word_1_454' title='bbox 1094 4217 1257 4273; x_wconf 85' lang='lat' dir='ltr'><strong>miris</strong></span> <span class='ocrx_word' id='word_1_455' title='bbox 1288 4226 1341 4273; x_wconf 85' lang='lat' dir='ltr'><strong>et</strong></span> <span class='ocrx_word' id='word_1_456' title='bbox 1369 4218 1693 4290; x_wconf 83' lang='lat' dir='ltr'><strong>inapinatis.</strong></span> <span class='ocrx_word' id='word_1_457' title='bbox 1727 4235 1858 4290; x_wconf 81' lang='lat' dir='ltr'><strong>pag.</strong></span> <span class='ocrx_word' id='word_1_458' title='bbox 1895 4218 1990 4272; x_wconf 89' lang='lat'><strong>121</strong></span> <span class='ocrx_word' id='word_1_459' title='bbox 2027 4218 2168 4274; x_wconf 86' lang='lat' dir='ltr'><strong>edit.</strong></span> <span class='ocrx_word' id='word_1_460' title='bbox 2201 4216 2435 4275; x_wconf 88' lang='lat' dir='ltr'><strong>Valesii.</strong></span> 
     </span>
    </p>
   </div>
   <div class='ocr_carea' id='block_1_50' title="bbox 462 4303 2114 4381">
    <p class='ocr_par' dir='ltr' id='par_1_50' title="bbox 462 4303 2114 4381">
     <span class='ocr_line' id='line_1_50' title="bbox 462 4303 2114 4381; baseline 0.001 -19"><span class='ocrx_word' id='word_1_461' title='bbox 462 4307 593 4381; x_wconf 76' lang='grc' dir='ltr'>Περὶ</span> <span class='ocrx_word' id='word_1_462' title='bbox 623 4307 928 4364; x_wconf 79' lang='grc' dir='ltr'>πολιτικῶν</span> <span class='ocrx_word' id='word_1_463' title='bbox 959 4303 1306 4376; x_wconf 71' lang='grc' dir='ltr'>διοικήσεως.</span> <span class='ocrx_word' id='word_1_464' title='bbox 1340 4308 1414 4363; x_wconf 87' lang='lat' dir='ltr'><strong>De</strong></span> <span class='ocrx_word' id='word_1_465' title='bbox 1443 4324 1630 4364; x_wconf 89' lang='lat' dir='ltr'><strong>rerum</strong></span> <span class='ocrx_word' id='word_1_466' title='bbox 1658 4309 1912 4364; x_wconf 82' lang='lat' dir='ltr'><strong>civilium</strong></span> <span class='ocrx_word' id='word_1_467' title='bbox 1948 4308 2114 4363; x_wconf 63' lang='lat' dir='ltr'><strong>admit</strong></span> 
     </span>
    </p>
   </div>
   <div class='ocr_carea' id='block_1_51' title="bbox 801 4303 2453 4381">
    <p class='ocr_par' dir='ltr' id='par_1_51' title="bbox 801 4303 2453 4376">
     <span class='ocr_line' id='line_1_51' title="bbox 801 4303 2453 4376; baseline 0.001 -15"><span class='ocrx_word' id='word_1_468' title='bbox 801 4310 928 4361; x_wconf 83' lang='grc' dir='ltr'>ικῶν</span> <span class='ocrx_word' id='word_1_469' title='bbox 959 4303 1306 4376; x_wconf 69' lang='grc' dir='ltr'>διοικήσεως.</span> <span class='ocrx_word' id='word_1_470' title='bbox 1340 4308 1414 4363; x_wconf 88' lang='lat' dir='ltr'><strong>De</strong></span> <span class='ocrx_word' id='word_1_471' title='bbox 1443 4324 1630 4364; x_wconf 89' lang='lat' dir='ltr'><strong>rerum</strong></span> <span class='ocrx_word' id='word_1_472' title='bbox 1658 4309 1912 4364; x_wconf 84' lang='lat' dir='ltr'><strong>civilium</strong></span> <span class='ocrx_word' id='word_1_473' title='bbox 1948 4307 2453 4364; x_wconf 78' lang='lat' dir='ltr'><strong>administratione.</strong></span> 
     </span>
    </p>
   </div>
   <div class='ocr_carea' id='block_1_52' title="bbox 466 4386 2118 4471">
    <p class='ocr_par' dir='ltr' id='par_1_52' title="bbox 466 4396 1888 4471">
     <span class='ocr_line' id='line_1_52' title="bbox 466 4396 1888 4471; baseline 0.001 -19"><span class='ocrx_word' id='word_1_474' title='bbox 466 4396 594 4471; x_wconf 80' lang='grc' dir='ltr'>Περὶ</span> <span class='ocrx_word' id='word_1_475' title='bbox 622 4399 937 4469; x_wconf 81' lang='grc' dir='ltr'>στρατειῶν.</span> <span class='ocrx_word' id='word_1_476' title='bbox 968 4398 1043 4451; x_wconf 86' lang='lat' dir='ltr'><strong>De</strong></span> <span class='ocrx_word' id='word_1_477' title='bbox 1060 4397 1497 4468; x_wconf 76' lang='lat' dir='ltr'><strong>expeditionibus</strong></span> <span class='ocrx_word' id='word_1_478' title='bbox 1527 4399 1888 4454; x_wconf 87' lang='lat' dir='ltr'><strong>militaribus.</strong></span> 
     </span>
    </p>
   </div>
   <div class='ocr_carea' id='block_1_53' title="bbox 718 4386 2370 4471">
    <p class='ocr_par' dir='ltr' id='par_1_53' title="bbox 722 4386 2370 4468">
     <span class='ocr_line' id='line_1_53' title="bbox 722 4386 2370 4468; baseline 0.003 -17"><span class='ocrx_word' id='word_1_479' title='bbox 722 4399 937 4451; x_wconf 89' lang='grc' dir='ltr'>ατειῶν.</span> <span class='ocrx_word' id='word_1_480' title='bbox 968 4398 1043 4451; x_wconf 86' lang='lat' dir='ltr'><strong>De</strong></span> <span class='ocrx_word' id='word_1_481' title='bbox 1060 4397 1497 4468; x_wconf 76' lang='lat' dir='ltr'><strong>expeditionibus</strong></span> <span class='ocrx_word' id='word_1_482' title='bbox 1527 4399 1888 4454; x_wconf 87' lang='lat' dir='ltr'><strong>militaribus.</strong></span> <span class='ocrx_word' id='word_1_483' title='bbox 2368 4386 2370 4389; x_wconf 22' lang='lat' dir='ltr'><strong>l</strong></span> 
     </span>
    </p>
   </div>
   <div class='ocr_carea' id='block_1_54' title="bbox 466 4483 2118 4560">
    <p class='ocr_par' dir='ltr' id='par_1_54' title="bbox 466 4483 2113 4560">
     <span class='ocr_line' id='line_1_54' title="bbox 466 4483 2113 4560; baseline 0.001 -20"><span class='ocrx_word' id='word_1_484' title='bbox 466 4485 596 4559; x_wconf 78' lang='grc' dir='ltr'>Ηερὶ</span> <span class='ocrx_word' id='word_1_485' title='bbox 627 4483 1121 4560; x_wconf 81' lang='grc' dir='ltr'>στρατηγημάτων.</span> <span class='ocrx_word' id='word_1_486' title='bbox 1158 4487 1231 4540; x_wconf 90' lang='lat' dir='ltr'><strong>De</strong></span> <span class='ocrx_word' id='word_1_487' title='bbox 1257 4487 1758 4555; x_wconf 85' lang='lat' dir='ltr'><strong>strategematibus,</strong></span> <span class='ocrx_word' id='word_1_488' title='bbox 1793 4502 1927 4559; x_wconf 89' lang='lat' dir='ltr'><strong>pag.</strong></span> <span class='ocrx_word' id='word_1_489' title='bbox 1958 4487 2028 4541; x_wconf 83' lang='grc'>34</span> <span class='ocrx_word' id='word_1_490' title='bbox 2057 4491 2113 4542; x_wconf 86' lang='lat' dir='ltr'><strong>et</strong></span> 
     </span>
    </p>
   </div>
   <div class='ocr_carea' id='block_1_55' title="bbox 1192 4483 2844 4560">
    <p class='ocr_par' dir='ltr' id='par_1_55' title="bbox 1192 4486 2844 4559">
     <span class='ocr_line' id='line_1_55' title="bbox 1192 4486 2844 4559; baseline 0.001 -19"><span class='ocrx_word' id='word_1_491' title='bbox 1192 4491 1231 4540; x_wconf 69' lang='lat' dir='ltr'><strong>le</strong></span> <span class='ocrx_word' id='word_1_492' title='bbox 1257 4487 1758 4555; x_wconf 84' lang='lat' dir='ltr'><strong>strategematibus,</strong></span> <span class='ocrx_word' id='word_1_493' title='bbox 1793 4502 1927 4559; x_wconf 86' lang='lat' dir='ltr'><strong>pag.</strong></span> <span class='ocrx_word' id='word_1_494' title='bbox 1958 4487 2028 4541; x_wconf 82' lang='grc'>34</span> <span class='ocrx_word' id='word_1_495' title='bbox 2057 4491 2113 4542; x_wconf 87' lang='lat' dir='ltr'><strong>et</strong></span> <span class='ocrx_word' id='word_1_496' title='bbox 2143 4487 2213 4541; x_wconf 79' lang='grc'><strong>42</strong></span> <span class='ocrx_word' id='word_1_497' title='bbox 2238 4487 2376 4544; x_wconf 88' lang='lat' dir='ltr'><strong>edit.</strong></span> <span class='ocrx_word' id='word_1_498' title='bbox 2408 4486 2599 4544; x_wconf 82' lang='lat' dir='ltr'><strong>Vales.</strong></span> <span class='ocrx_word' id='word_1_499' title='bbox 2633 4492 2688 4543; x_wconf 89' lang='lat' dir='ltr'><strong>et</strong></span> <span class='ocrx_word' id='word_1_500' title='bbox 2718 4487 2844 4543; x_wconf 83' lang='grc'>437.</span> 
     </span>
    </p>
   </div>
   <div class='ocr_carea' id='block_1_56' title="bbox 467 4575 1390 4649">
    <p class='ocr_par' dir='ltr' id='par_1_56' title="bbox 467 4575 1390 4649">
     <span class='ocr_line' id='line_1_56' title="bbox 467 4575 1390 4649; baseline 0.003 -19"><span class='ocrx_word' id='word_1_501' title='bbox 467 4575 596 4649; x_wconf 80' lang='grc' dir='ltr'>Περὶ</span> <span class='ocrx_word' id='word_1_502' title='bbox 635 4579 900 4649; x_wconf 88' lang='grc' dir='ltr'>στρατῶν.</span> <span class='ocrx_word' id='word_1_503' title='bbox 935 4577 1008 4631; x_wconf 89' lang='lat' dir='ltr'><strong>De</strong></span> <span class='ocrx_word' id='word_1_504' title='bbox 1035 4577 1390 4633; x_wconf 71' lang='lat' dir='ltr'><strong>exercitibus.</strong></span> 
     </span>
    </p>
   </div>
   <div class='ocr_carea' id='block_1_57' title="bbox 469 4658 1315 4739">
    <p class='ocr_par' dir='ltr' id='par_1_57' title="bbox 469 4658 1315 4739">
     <span class='ocr_line' id='line_1_57' title="bbox 469 4658 1315 4739; baseline 0.006 -22"><span class='ocrx_word' id='word_1_505' title='bbox 469 4665 599 4739; x_wconf 79' lang='grc' dir='ltr'>Περὶ</span> <span class='ocrx_word' id='word_1_506' title='bbox 632 4658 943 4737; x_wconf 78' lang='grc' dir='ltr'>συμϐολῆς.</span> <span class='ocrx_word' id='word_1_507' title='bbox 980 4666 1053 4720; x_wconf 83' lang='lat' dir='ltr'><strong>De</strong></span> <span class='ocrx_word' id='word_1_508' title='bbox 1080 4667 1315 4735; x_wconf 71' lang='lat' dir='ltr'><strong>proeliis.</strong></span> 
     </span>
    </p>
   </div>
   <div class='ocr_carea' id='block_1_58' title="bbox 467 4756 3820 4834">
    <p class='ocr_par' dir='ltr' id='par_1_58' title="bbox 467 4756 3820 4834">
     <span class='ocr_line' id='line_1_58' title="bbox 467 4756 3820 4834; baseline 0.003 -23"><span class='ocrx_word' id='word_1_509' title='bbox 467 4759 553 4812; x_wconf 88' lang='lat'><strong>10.</strong></span> <span class='ocrx_word' id='word_1_510' title='bbox 589 4757 955 4812; x_wconf 86' lang='lat' dir='ltr'><strong>Constantini</strong></span> <span class='ocrx_word' id='word_1_511' title='bbox 988 4773 1219 4827; x_wconf 87' lang='lat' dir='ltr'><strong>quoque</strong></span> <span class='ocrx_word' id='word_1_512' title='bbox 1251 4756 1430 4830; x_wconf 89' lang='lat' dir='ltr'><strong>hujus</strong></span> <span class='ocrx_word' id='word_1_513' title='bbox 1456 4756 1627 4827; x_wconf 87' lang='lat' dir='ltr'><strong>jussu</strong></span> <span class='ocrx_word' id='word_1_514' title='bbox 1659 4756 2045 4828; x_wconf 88' lang='lat' dir='ltr'><strong>Theophanes</strong></span> <span class='ocrx_word' id='word_1_515' title='bbox 2076 4757 2316 4828; x_wconf 89' lang='lat' dir='ltr'><strong>quidam</strong></span> <span class='ocrx_word' id='word_1_516' title='bbox 2346 4759 2609 4829; x_wconf 84' lang='lat' dir='ltr'><strong>synopsin</strong></span> <span class='ocrx_word' id='word_1_517' title='bbox 2651 4757 2830 4813; x_wconf 90' lang='lat' dir='ltr'><strong>totius</strong></span> <span class='ocrx_word' id='word_1_518' title='bbox 2873 4761 3013 4813; x_wconf 88' lang='lat' dir='ltr'><strong>artis</strong></span> <span class='ocrx_word' id='word_1_519' title='bbox 3043 4759 3289 4828; x_wconf 72' lang='lat' dir='ltr'><strong>medicae,</strong></span> <span class='ocrx_word' id='word_1_520' title='bbox 3336 4776 3404 4816; x_wconf 87' lang='lat' dir='ltr'><strong>ex</strong></span> <span class='ocrx_word' id='word_1_521' title='bbox 3430 4760 3678 4819; x_wconf 90' lang='lat' dir='ltr'><strong>Oribasii</strong></span> <span class='ocrx_word' id='word_1_522' title='bbox 3711 4779 3820 4834; x_wconf 88' lang='lat' dir='ltr'><strong>po—</strong></span> 
     </span>
    </p>
   </div>
   <div class='ocr_carea' id='block_1_59' title="bbox 394 4846 3816 4927">
    <p class='ocr_par' dir='ltr' id='par_1_59' title="bbox 394 4846 3816 4927">
     <span class='ocr_line' id='line_1_59' title="bbox 394 4846 3816 4927; baseline 0.002 -23"><span class='ocrx_word' id='word_1_523' title='bbox 394 4847 690 4904; x_wconf 83' lang='lat' dir='ltr'><strong>tissimum</strong></span> <span class='ocrx_word' id='word_1_524' title='bbox 727 4846 958 4917; x_wconf 74' lang='lat' dir='ltr'><strong>scriptis</strong></span> <span class='ocrx_word' id='word_1_525' title='bbox 997 4846 1318 4917; x_wconf 86' lang='lat' dir='ltr'><strong>collectam,</strong></span> <span class='ocrx_word' id='word_1_526' title='bbox 1353 4855 1578 4919; x_wconf 89' lang='lat' dir='ltr'><strong>septem</strong></span> <span class='ocrx_word' id='word_1_527' title='bbox 1612 4846 1804 4915; x_wconf 90' lang='lat' dir='ltr'><strong>libris,</strong></span> <span class='ocrx_word' id='word_1_528' title='bbox 1826 4848 1946 4902; x_wconf 88' lang='lat' dir='ltr'><strong>sive</strong></span> <span class='ocrx_word' id='word_1_529' title='bbox 1976 4847 2266 4918; x_wconf 89' lang='lat' dir='ltr'><strong>capitibus</strong></span> <span class='ocrx_word' id='word_1_530' title='bbox 2295 4850 2422 4918; x_wconf 88' lang='lat'><strong>296,</strong></span> <span class='ocrx_word' id='word_1_531' title='bbox 2465 4847 2726 4918; x_wconf 84' lang='lat' dir='ltr'><strong>digessit,</strong></span> <span class='ocrx_word' id='word_1_532' title='bbox 2769 4853 2825 4903; x_wconf 92' lang='lat' dir='ltr'><strong>et</strong></span> <span class='ocrx_word' id='word_1_533' title='bbox 2854 4849 3043 4904; x_wconf 91' lang='lat' dir='ltr'><strong>eidem</strong></span> <span class='ocrx_word' id='word_1_534' title='bbox 3083 4850 3467 4909; x_wconf 86' lang='lat' dir='ltr'><strong>Constantino</strong></span> <span class='ocrx_word' id='word_1_535' title='bbox 3498 4854 3816 4927; x_wconf 87' lang='lat' dir='ltr'><strong>inscripsit.</strong></span> 
     </span>
    </p>
   </div>
   <div class='ocr_carea' id='block_1_60' title="bbox 396 4935 2048 5017">
    <p class='ocr_par' dir='ltr' id='par_1_60' title="bbox 396 4935 2030 5011">
     <span class='ocr_line' id='line_1_60' title="bbox 396 4935 2030 5011; baseline -0.004 -15"><span class='ocrx_word' id='word_1_536' title='bbox 396 4938 611 5010; x_wconf 82' lang='lat' dir='ltr'><strong>Incipit</strong></span> <span class='ocrx_word' id='word_1_537' title='bbox 663 4938 1059 5010; x_wconf 77' lang='lat' dir='ltr'><strong>prooemium:</strong></span> <span class='ocrx_word' id='word_1_538' title='bbox 1108 4937 1218 4998; x_wconf 84' lang='grc' dir='ltr'><strong>Τὰς</strong></span> <span class='ocrx_word' id='word_1_539' title='bbox 1274 4935 1715 5011; x_wconf 86' lang='grc' dir='ltr'>προσταχθείσας</span> <span class='ocrx_word' id='word_1_540' title='bbox 1765 4935 2030 5009; x_wconf 82' lang='grc' dir='ltr'>ἐπιτομᾶς</span> 
     </span>
    </p>
   </div>
   <div class='ocr_carea' id='block_1_61' title="bbox 2160 4935 3812 5017">
    <p class='ocr_par' dir='ltr' id='par_1_61' title="bbox 2160 4936 3812 5017">
     <span class='ocr_line' id='line_1_61' title="bbox 2160 4936 3812 5017; baseline 0.004 -26"><span class='ocrx_word' id='word_1_541' title='bbox 2160 4939 2209 4991; x_wconf 85' lang='grc' dir='ltr'><strong>›ἁ</strong></span> <span class='ocrx_word' id='word_1_542' title='bbox 2255 4944 2358 5006; x_wconf 81' lang='grc' dir='ltr'>τῆς</span> <span class='ocrx_word' id='word_1_543' title='bbox 2408 4944 2508 5006; x_wconf 78' lang='grc' dir='ltr'>σῆς</span> <span class='ocrx_word' id='word_1_544' title='bbox 2563 4936 2873 5005; x_wconf 80' lang='grc' dir='ltr'>θείοτητος,</span> <span class='ocrx_word' id='word_1_545' title='bbox 2945 4936 3006 4991; x_wconf 86' lang='grc' dir='ltr'><strong>ἐκ</strong></span> <span class='ocrx_word' id='word_1_546' title='bbox 3061 4938 3196 4993; x_wconf 80' lang='grc' dir='ltr'><strong>Θεοῦ</strong></span> <span class='ocrx_word' id='word_1_547' title='bbox 3255 4942 3633 5015; x_wconf 87' lang='grc' dir='ltr'>αὐτοκράτωρ,</span> <span class='ocrx_word' id='word_1_548' title='bbox 3691 4945 3812 5017; x_wconf 77' lang='grc' dir='ltr'>περὶ</span> 
     </span>
    </p>
   </div>
   <div class='ocr_carea' id='block_1_62' title="bbox 398 5023 2050 5106">
    <p class='ocr_par' dir='ltr' id='par_1_62' title="bbox 398 5024 2050 5101">
     <span class='ocr_line' id='line_1_62' title="bbox 398 5024 2050 5101; baseline -0.002 -18"><span class='ocrx_word' id='word_1_549' title='bbox 398 5034 499 5097; x_wconf 79' lang='grc' dir='ltr'>τῆς</span> <span class='ocrx_word' id='word_1_550' title='bbox 549 5031 660 5082; x_wconf 90' lang='grc' dir='ltr'><strong>τῶν</strong></span> <span class='ocrx_word' id='word_1_551' title='bbox 716 5025 974 5100; x_wconf 74' lang='grc' dir='ltr'>ἰατρικῶν</span> <span class='ocrx_word' id='word_1_552' title='bbox 1031 5026 1403 5099; x_wconf 80' lang='grc' dir='ltr'>θεωρημάτων</span> <span class='ocrx_word' id='word_1_553' title='bbox 1451 5032 1781 5101; x_wconf 88' lang='grc' dir='ltr'>συναγωγῆς</span> <span class='ocrx_word' id='word_1_554' title='bbox 1835 5024 2050 5081; x_wconf 69' lang='grc' dir='ltr'>ἔσπευσε</span> 
     </span>
    </p>
   </div>
   <div class='ocr_carea' id='block_1_63' title="bbox 2167 5023 3819 5106">
    <p class='ocr_par' dir='ltr' id='par_1_63' title="bbox 2167 5023 3819 5106">
     <span class='ocr_line' id='line_1_63' title="bbox 2167 5023 3819 5106; baseline 0.007 -26"><span class='ocrx_word' id='word_1_555' title='bbox 2167 5027 2266 5080; x_wconf 82' lang='grc' dir='ltr'>ατὰ</span> <span class='ocrx_word' id='word_1_556' title='bbox 2310 5047 2372 5081; x_wconf 91' lang='grc' dir='ltr'><strong>το</strong></span> <span class='ocrx_word' id='word_1_557' title='bbox 2427 5023 2672 5097; x_wconf 85' lang='grc' dir='ltr'>δυνατὸν,</span> <span class='ocrx_word' id='word_1_558' title='bbox 2732 5033 2842 5083; x_wconf 88' lang='lat' dir='ltr'><strong>etc.</strong></span> <span class='ocrx_word' id='word_1_559' title='bbox 2898 5029 3095 5085; x_wconf 86' lang='lat' dir='ltr'><strong>Exstat</strong></span> <span class='ocrx_word' id='word_1_560' title='bbox 3153 5031 3259 5087; x_wconf 89' lang='lat' dir='ltr'><strong>hoc</strong></span> <span class='ocrx_word' id='word_1_561' title='bbox 3315 5049 3461 5104; x_wconf 90' lang='lat' dir='ltr'><strong>opus</strong></span> <span class='ocrx_word' id='word_1_562' title='bbox 3508 5034 3819 5106; x_wconf 79' lang='lat' dir='ltr'><strong>aliquoties</strong></span> 
     </span>
    </p>
   </div>
   <div class='ocr_carea' id='block_1_64' title="bbox 395 5116 3813 5190">
    <p class='ocr_par' dir='ltr' id='par_1_64' title="bbox 395 5116 3813 5190">
     <span class='ocr_line' id='line_1_64' title="bbox 395 5116 3813 5190; baseline 0.002 -16"><span class='ocrx_word' id='word_1_563' title='bbox 395 5119 591 5175; x_wconf 73' lang='lat' dir='ltr'><strong>Graece</strong></span> <span class='ocrx_word' id='word_1_564' title='bbox 624 5135 730 5174; x_wconf 90' lang='lat' dir='ltr'><strong>ms.</strong></span> <span class='ocrx_word' id='word_1_565' title='bbox 764 5119 825 5172; x_wconf 89' lang='lat' dir='ltr'><strong>in</strong></span> <span class='ocrx_word' id='word_1_566' title='bbox 858 5116 997 5172; x_wconf 90' lang='lat' dir='ltr'><strong>bibl.</strong></span> <span class='ocrx_word' id='word_1_567' title='bbox 1034 5116 1295 5173; x_wconf 69' lang='lat' dir='ltr'><strong>Caesarea</strong></span> <span class='ocrx_word' id='word_1_568' title='bbox 1325 5118 1785 5173; x_wconf 90' lang='lat' dir='ltr'><strong>Vindobonensi.</strong></span> <span class='ocrx_word' id='word_1_569' title='bbox 1816 5117 1958 5172; x_wconf 91' lang='lat' dir='ltr'><strong>Vide</strong></span> <span class='ocrx_word' id='word_1_570' title='bbox 1988 5117 2361 5173; x_wconf 87' lang='lat' dir='ltr'><strong>Lambecium</strong></span> <span class='ocrx_word' id='word_1_571' title='bbox 2403 5117 2506 5173; x_wconf 90' lang='lat' dir='ltr'><strong>lib.</strong></span> <span class='ocrx_word' id='word_1_572' title='bbox 2538 5133 2615 5184; x_wconf 73' lang='lat' dir='ltr'><strong>vn,</strong></span> <span class='ocrx_word' id='word_1_573' title='bbox 2641 5133 2772 5190; x_wconf 91' lang='lat' dir='ltr'><strong>pag.</strong></span> <span class='ocrx_word' id='word_1_574' title='bbox 2809 5118 2931 5189; x_wconf 88' lang='grc'>114,</span> <span class='ocrx_word' id='word_1_575' title='bbox 2964 5120 3089 5190; x_wconf 88' lang='grc'>116,</span> <span class='ocrx_word' id='word_1_576' title='bbox 3124 5121 3247 5176; x_wconf 87' lang='grc'>157.</span> <span class='ocrx_word' id='word_1_577' title='bbox 3280 5121 3456 5179; x_wconf 71' lang='grc' dir='ltr'>ΡΑΒιι.</span> <span class='ocrx_word' id='word_1_578' title='bbox 3488 5153 3558 5163; x_wconf 89' lang='lat'><strong>-—</strong></span> <span class='ocrx_word' id='word_1_579' title='bbox 3590 5127 3651 5179; x_wconf 91' lang='lat' dir='ltr'><strong>lu</strong></span> <span class='ocrx_word' id='word_1_580' title='bbox 3685 5125 3813 5180; x_wconf 92' lang='lat' dir='ltr'><strong>cod.</strong></span> 
     </span>
    </p>
   </div>
   <div class='ocr_carea' id='block_1_65' title="bbox 394 5206 2046 5283">
    <p class='ocr_par' dir='ltr' id='par_1_65' title="bbox 394 5206 2037 5276">
     <span class='ocr_line' id='line_1_65' title="bbox 394 5206 2037 5276; baseline -0.001 -14"><span class='ocrx_word' id='word_1_581' title='bbox 394 5209 485 5275; x_wconf 89' lang='grc'>21,</span> <span class='ocrx_word' id='word_1_582' title='bbox 522 5225 579 5262; x_wconf 90' lang='lat' dir='ltr'><strong>n.</strong></span> <span class='ocrx_word' id='word_1_583' title='bbox 609 5208 665 5273; x_wconf 87' lang='lat'><strong>9,</strong></span> <span class='ocrx_word' id='word_1_584' title='bbox 700 5207 760 5262; x_wconf 91' lang='lat' dir='ltr'><strong>in</strong></span> <span class='ocrx_word' id='word_1_585' title='bbox 791 5208 918 5262; x_wconf 91' lang='lat' dir='ltr'><strong>cod.</strong></span> <span class='ocrx_word' id='word_1_586' title='bbox 977 5206 1067 5275; x_wconf 85' lang='grc'>24,</span> <span class='ocrx_word' id='word_1_587' title='bbox 1104 5222 1161 5262; x_wconf 89' lang='lat' dir='ltr'><strong>n.</strong></span> <span class='ocrx_word' id='word_1_588' title='bbox 1215 5207 1283 5276; x_wconf 79' lang='lat'><strong>1;</strong></span> <span class='ocrx_word' id='word_1_589' title='bbox 1334 5207 1396 5261; x_wconf 89' lang='lat' dir='ltr'><strong>in</strong></span> <span class='ocrx_word' id='word_1_590' title='bbox 1426 5206 1556 5263; x_wconf 88' lang='lat' dir='ltr'><strong>cod.</strong></span> <span class='ocrx_word' id='word_1_591' title='bbox 1585 5207 1677 5275; x_wconf 83' lang='grc'><strong>25,</strong></span> <span class='ocrx_word' id='word_1_592' title='bbox 1710 5224 1767 5261; x_wconf 93' lang='lat' dir='ltr'><strong>n.</strong></span> <span class='ocrx_word' id='word_1_593' title='bbox 1801 5208 1825 5261; x_wconf 89' lang='lat'><strong>1</strong></span> <span class='ocrx_word' id='word_1_594' title='bbox 1863 5211 1920 5262; x_wconf 87' lang='lat' dir='ltr'><strong>et</strong></span> <span class='ocrx_word' id='word_1_595' title='bbox 1947 5206 2037 5274; x_wconf 86' lang='grc'><strong>40,</strong></span> 
     </span>
    </p>
   </div>
   <div class='ocr_carea' id='block_1_66' title="bbox 2164 5206 3816 5283">
    <p class='ocr_par' dir='ltr' id='par_1_66' title="bbox 2184 5206 3816 5283">
     <span class='ocr_line' id='line_1_66' title="bbox 2184 5206 3816 5283; baseline 0.006 -24"><span class='ocrx_word' id='word_1_596' title='bbox 2184 5207 2239 5260; x_wconf 92' lang='grc'>8.</span> <span class='ocrx_word' id='word_1_597' title='bbox 2292 5206 2360 5261; x_wconf 91' lang='lat' dir='ltr'><strong>V.</strong></span> <span class='ocrx_word' id='word_1_598' title='bbox 2414 5206 2685 5263; x_wconf 87' lang='lat' dir='ltr'><strong>Lambec.</strong></span> <span class='ocrx_word' id='word_1_599' title='bbox 2736 5212 2960 5265; x_wconf 87' lang='lat' dir='ltr'><strong>Comm.</strong></span> <span class='ocrx_word' id='word_1_600' title='bbox 3005 5208 3101 5265; x_wconf 91' lang='lat' dir='ltr'><strong>VI.</strong></span> <span class='ocrx_word' id='word_1_601' title='bbox 3151 5216 3303 5283; x_wconf 89' lang='lat' dir='ltr'><strong>part.</strong></span> <span class='ocrx_word' id='word_1_602' title='bbox 3347 5227 3406 5277; x_wconf 82' lang='grc' dir='ltr'>ιι,</span> <span class='ocrx_word' id='word_1_603' title='bbox 3443 5228 3499 5282; x_wconf 92' lang='lat' dir='ltr'><strong>p.</strong></span> <span class='ocrx_word' id='word_1_604' title='bbox 3530 5214 3658 5278; x_wconf 85' lang='grc'>262,</span> <span class='ocrx_word' id='word_1_605' title='bbox 3687 5214 3816 5280; x_wconf 81' lang='grc'>264,</span> 
     </span>
    </p>
   </div>
   <div class='ocr_carea' id='block_1_67' title="bbox 396 5294 3815 5374">
    <p class='ocr_par' dir='ltr' id='par_1_67' title="bbox 396 5294 3815 5374">
     <span class='ocr_line' id='line_1_67' title="bbox 396 5294 3815 5374; baseline 0.003 -23"><span class='ocrx_word' id='word_1_606' title='bbox 396 5300 454 5351; x_wconf 87' lang='lat' dir='ltr'><strong>et</strong></span> <span class='ocrx_word' id='word_1_607' title='bbox 481 5296 610 5363; x_wconf 86' lang='lat'><strong>356,</strong></span> <span class='ocrx_word' id='word_1_608' title='bbox 641 5298 733 5353; x_wconf 92' lang='lat' dir='ltr'><strong>ed.</strong></span> <span class='ocrx_word' id='word_1_609' title='bbox 770 5294 978 5352; x_wconf 80' lang='lat' dir='ltr'><strong>Kollar.</strong></span> <span class='ocrx_word' id='word_1_610' title='bbox 1007 5314 1023 5365; x_wconf 89' lang='lat'><strong>;</strong></span> <span class='ocrx_word' id='word_1_611' title='bbox 1074 5296 1174 5351; x_wconf 91' lang='lat' dir='ltr'><strong>sed</strong></span> <span class='ocrx_word' id='word_1_612' title='bbox 1208 5295 1376 5367; x_wconf 90' lang='lat' dir='ltr'><strong>plura</strong></span> <span class='ocrx_word' id='word_1_613' title='bbox 1415 5313 1469 5352; x_wconf 84' lang='grc' dir='ltr'>ν.</span> <span class='ocrx_word' id='word_1_614' title='bbox 1504 5297 1653 5353; x_wconf 87' lang='lat' dir='ltr'><strong>infra</strong></span> <span class='ocrx_word' id='word_1_615' title='bbox 1682 5299 1752 5353; x_wconf 89' lang='lat' dir='ltr'><strong>ad</strong></span> <span class='ocrx_word' id='word_1_616' title='bbox 1797 5295 1908 5353; x_wconf 91' lang='lat' dir='ltr'><strong>vol.</strong></span> <span class='ocrx_word' id='word_1_617' title='bbox 1940 5296 2075 5361; x_wconf 81' lang='lat' dir='ltr'><strong>XII,</strong></span> <span class='ocrx_word' id='word_1_618' title='bbox 2122 5311 2253 5368; x_wconf 89' lang='lat' dir='ltr'><strong>pag.</strong></span> <span class='ocrx_word' id='word_1_619' title='bbox 2283 5297 2390 5351; x_wconf 87' lang='lat'><strong>685</strong></span> <span class='ocrx_word' id='word_1_620' title='bbox 2430 5313 2546 5368; x_wconf 87' lang='lat' dir='ltr'><strong>sq.,</strong></span> <span class='ocrx_word' id='word_1_621' title='bbox 2579 5302 2636 5353; x_wconf 89' lang='lat' dir='ltr'><strong>et</strong></span> <span class='ocrx_word' id='word_1_622' title='bbox 2674 5297 2727 5353; x_wconf 90' lang='lat' dir='ltr'><strong>J.</strong></span> <span class='ocrx_word' id='word_1_623' title='bbox 2762 5298 2826 5355; x_wconf 91' lang='grc' dir='ltr'>Ο.</span> <span class='ocrx_word' id='word_1_624' title='bbox 2860 5298 3061 5371; x_wconf 91' lang='lat' dir='ltr'><strong>Steph.</strong></span> <span class='ocrx_word' id='word_1_625' title='bbox 3094 5303 3366 5359; x_wconf 88' lang='lat' dir='ltr'><strong>Bernard.</strong></span> <span class='ocrx_word' id='word_1_626' title='bbox 3400 5302 3459 5357; x_wconf 92' lang='lat' dir='ltr'><strong>in</strong></span> <span class='ocrx_word' id='word_1_627' title='bbox 3493 5304 3709 5374; x_wconf 77' lang='lat' dir='ltr'><strong>praefat.</strong></span> <span class='ocrx_word' id='word_1_628' title='bbox 3743 5308 3815 5361; x_wconf 87' lang='lat' dir='ltr'><strong>ad</strong></span> 
     </span>
    </p>
   </div>
   <div class='ocr_carea' id='block_1_68' title="bbox 398 5385 3819 5463">
    <p class='ocr_par' dir='ltr' id='par_1_68' title="bbox 398 5385 3819 5463">
     <span class='ocr_line' id='line_1_68' title="bbox 398 5385 3819 5463; baseline 0.003 -22"><span class='ocrx_word' id='word_1_629' title='bbox 398 5403 569 5441; x_wconf 88' lang='lat' dir='ltr'><strong>suam</strong></span> <span class='ocrx_word' id='word_1_630' title='bbox 601 5386 741 5441; x_wconf 89' lang='lat' dir='ltr'><strong>edit.</strong></span> <span class='ocrx_word' id='word_1_631' title='bbox 765 5391 900 5456; x_wconf 87' lang='lat' dir='ltr'><strong>post</strong></span> <span class='ocrx_word' id='word_1_632' title='bbox 917 5386 1043 5456; x_wconf 86' lang='lat' dir='ltr'><strong>ejus</strong></span> <span class='ocrx_word' id='word_1_633' title='bbox 1067 5385 1307 5441; x_wconf 87' lang='lat' dir='ltr'><strong>demum</strong></span> <span class='ocrx_word' id='word_1_634' title='bbox 1338 5391 1585 5442; x_wconf 90' lang='lat' dir='ltr'><strong>mortem</strong></span> <span class='ocrx_word' id='word_1_635' title='bbox 1618 5388 1689 5442; x_wconf 89' lang='lat' dir='ltr'><strong>ad</strong></span> <span class='ocrx_word' id='word_1_636' title='bbox 1713 5386 2054 5443; x_wconf 90' lang='lat' dir='ltr'><strong>umbilicum</strong></span> <span class='ocrx_word' id='word_1_637' title='bbox 2082 5386 2441 5456; x_wconf 88' lang='lat' dir='ltr'><strong>perductam,</strong></span> <span class='ocrx_word' id='word_1_638' title='bbox 2472 5387 2938 5462; x_wconf 87' lang='lat' dir='ltr'><strong>inscriptamque</strong></span> <span class='ocrx_word' id='word_1_639' title='bbox 2963 5407 2976 5445; x_wconf 94' lang='lat'>:</span> <span class='ocrx_word' id='word_1_640' title='bbox 3005 5391 3340 5461; x_wconf 83' lang='lat' dir='ltr'><strong>Theophanis</strong></span> <span class='ocrx_word' id='word_1_641' title='bbox 3370 5392 3553 5447; x_wconf 86' lang='lat' dir='ltr'><strong>Nonni</strong></span> <span class='ocrx_word' id='word_1_642' title='bbox 3581 5396 3819 5463; x_wconf 87' lang='lat' dir='ltr'><strong>epitome</strong></span> 
     </span>
    </p>
   </div>
   <div class='ocr_carea' id='block_1_69' title="bbox 396 5473 3818 5551">
    <p class='ocr_par' dir='ltr' id='par_1_69' title="bbox 396 5473 3818 5551">
     <span class='ocr_line' id='line_1_69' title="bbox 396 5473 3818 5551; baseline 0.003 -20"><span class='ocrx_word' id='word_1_643' title='bbox 396 5475 462 5531; x_wconf 90' lang='lat' dir='ltr'><strong>de</strong></span> <span class='ocrx_word' id='word_1_644' title='bbox 498 5478 785 5531; x_wconf 85' lang='lat' dir='ltr'><strong>curatione</strong></span> <span class='ocrx_word' id='word_1_645' title='bbox 830 5477 1163 5543; x_wconf 84' lang='lat' dir='ltr'><strong>morborum,</strong></span> <span class='ocrx_word' id='word_1_646' title='bbox 1215 5473 1396 5531; x_wconf 74' lang='lat' dir='ltr'><strong>Graece</strong></span> <span class='ocrx_word' id='word_1_647' title='bbox 1443 5484 1496 5532; x_wconf 88' lang='lat' dir='ltr'><strong>et</strong></span> <span class='ocrx_word' id='word_1_648' title='bbox 1523 5477 1736 5532; x_wconf 88' lang='lat' dir='ltr'><strong>Latine.</strong></span> <span class='ocrx_word' id='word_1_649' title='bbox 1770 5475 1878 5547; x_wconf 83' lang='lat' dir='ltr'><strong>0pc</strong></span> <span class='ocrx_word' id='word_1_650' title='bbox 1900 5475 2148 5530; x_wconf 86' lang='lat' dir='ltr'><strong>codicum</strong></span> <span class='ocrx_word' id='word_1_651' title='bbox 2181 5492 2313 5530; x_wconf 89' lang='lat' dir='ltr'><strong>mss.</strong></span> <span class='ocrx_word' id='word_1_652' title='bbox 2364 5479 2637 5534; x_wconf 87' lang='lat' dir='ltr'><strong>recensuit</strong></span> <span class='ocrx_word' id='word_1_653' title='bbox 2681 5485 2953 5551; x_wconf 83' lang='lat' dir='ltr'><strong>notasque</strong></span> <span class='ocrx_word' id='word_1_654' title='bbox 2982 5481 3182 5550; x_wconf 85' lang='lat' dir='ltr'><strong>adjecit</strong></span> <span class='ocrx_word' id='word_1_655' title='bbox 3230 5483 3279 5538; x_wconf 86' lang='lat' dir='ltr'><strong>J.</strong></span> <span class='ocrx_word' id='word_1_656' title='bbox 3332 5480 3390 5538; x_wconf 90' lang='grc'><strong>0.</strong></span> <span class='ocrx_word' id='word_1_657' title='bbox 3440 5483 3520 5539; x_wconf 84' lang='lat' dir='ltr'><strong>St.</strong></span> <span class='ocrx_word' id='word_1_658' title='bbox 3553 5484 3818 5543; x_wconf 82' lang='lat' dir='ltr'><strong>Bernard.</strong></span> 
     </span>
    </p>
   </div>
   <div class='ocr_carea' id='block_1_70' title="bbox 397 5565 2941 5637">
    <p class='ocr_par' dir='ltr' id='par_1_70' title="bbox 397 5565 2941 5637">
     <span class='ocr_line' id='line_1_70' title="bbox 397 5565 2941 5637; baseline 0.002 -16"><span class='ocrx_word' id='word_1_659' title='bbox 397 5570 541 5622; x_wconf 88' lang='lat' dir='ltr'><strong>tom.</strong></span> <span class='ocrx_word' id='word_1_660' title='bbox 579 5568 621 5633; x_wconf 87' lang='grc' dir='ltr'><strong>Ι,</strong></span> <span class='ocrx_word' id='word_1_661' title='bbox 653 5582 789 5621; x_wconf 90' lang='lat' dir='ltr'><strong>cum</strong></span> <span class='ocrx_word' id='word_1_662' title='bbox 823 5565 941 5621; x_wconf 89' lang='lat' dir='ltr'><strong>tab.</strong></span> <span class='ocrx_word' id='word_1_663' title='bbox 976 5580 1153 5621; x_wconf 64' lang='lat' dir='ltr'><strong>aenea.</strong></span> <span class='ocrx_word' id='word_1_664' title='bbox 1191 5566 1388 5622; x_wconf 73' lang='lat' dir='ltr'><strong>Gothae</strong></span> <span class='ocrx_word' id='word_1_665' title='bbox 1418 5570 1475 5621; x_wconf 88' lang='lat' dir='ltr'><strong>et</strong></span> <span class='ocrx_word' id='word_1_666' title='bbox 1494 5566 1741 5623; x_wconf 85' lang='lat' dir='ltr'><strong>Amstcl.</strong></span> <span class='ocrx_word' id='word_1_667' title='bbox 1783 5566 1941 5621; x_wconf 89' lang='grc'>1794.</span> <span class='ocrx_word' id='word_1_668' title='bbox 1973 5595 2045 5606; x_wconf 94' lang='grc'><strong>-</strong></span> <span class='ocrx_word' id='word_1_669' title='bbox 2069 5567 2234 5621; x_wconf 91' lang='lat' dir='ltr'><strong>Tom.</strong></span> <span class='ocrx_word' id='word_1_670' title='bbox 2269 5566 2338 5633; x_wconf 92' lang='lat' dir='ltr'><strong>II,</strong></span> <span class='ocrx_word' id='word_1_671' title='bbox 2371 5569 2531 5637; x_wconf 71' lang='lat'><strong>1795,</strong></span> <span class='ocrx_word' id='word_1_672' title='bbox 2564 5585 2644 5624; x_wconf 93' lang='lat' dir='ltr'><strong>m.</strong></span> <span class='ocrx_word' id='word_1_673' title='bbox 2678 5570 2732 5626; x_wconf 94' lang='lat'><strong>8.</strong></span> <span class='ocrx_word' id='word_1_674' title='bbox 2765 5570 2941 5626; x_wconf 69' lang='lat' dir='ltr'><strong>Hann.</strong></span> 
     </span>
    </p>
   </div>
   <div class='ocr_carea' id='block_1_71' title="bbox 470 5654 3821 5734">
    <p class='ocr_par' dir='ltr' id='par_1_71' title="bbox 470 5654 3821 5734">
     <span class='ocr_line' id='line_1_71' title="bbox 470 5654 3821 5734; baseline 0.003 -25"><span class='ocrx_word' id='word_1_675' title='bbox 470 5655 644 5711; x_wconf 88' lang='lat' dir='ltr'><strong>Aliud</strong></span> <span class='ocrx_word' id='word_1_676' title='bbox 687 5672 835 5725; x_wconf 90' lang='lat' dir='ltr'><strong>opus</strong></span> <span class='ocrx_word' id='word_1_677' title='bbox 883 5654 1250 5711; x_wconf 87' lang='lat' dir='ltr'><strong>Constantini</strong></span> <span class='ocrx_word' id='word_1_678' title='bbox 1303 5655 1839 5729; x_wconf 81' lang='lat' dir='ltr'><strong>Porphyrogenneti</strong></span> <span class='ocrx_word' id='word_1_679' title='bbox 1880 5657 2055 5726; x_wconf 87' lang='lat' dir='ltr'><strong>jussu</strong></span> <span class='ocrx_word' id='word_1_680' title='bbox 2107 5656 2423 5727; x_wconf 86' lang='lat' dir='ltr'><strong>digestum,</strong></span> <span class='ocrx_word' id='word_1_681' title='bbox 2475 5660 2629 5731; x_wconf 82' lang='lat' dir='ltr'><strong>quod</strong></span> <span class='ocrx_word' id='word_1_682' title='bbox 2680 5676 2792 5715; x_wconf 92' lang='lat' dir='ltr'><strong>ms.</strong></span> <span class='ocrx_word' id='word_1_683' title='bbox 2841 5661 2900 5714; x_wconf 90' lang='lat' dir='ltr'><strong>in</strong></span> <span class='ocrx_word' id='word_1_684' title='bbox 2946 5659 3090 5716; x_wconf 90' lang='lat' dir='ltr'><strong>bibl.</strong></span> <span class='ocrx_word' id='word_1_685' title='bbox 3145 5660 3323 5733; x_wconf 85' lang='lat' dir='ltr'><strong>Regia</strong></span> <span class='ocrx_word' id='word_1_686' title='bbox 3371 5663 3551 5719; x_wconf 91' lang='lat' dir='ltr'><strong>Paris.</strong></span> <span class='ocrx_word' id='word_1_687' title='bbox 3612 5670 3821 5734; x_wconf 85' lang='lat' dir='ltr'><strong>exstat,</strong></span> 
     </span>
    </p>
   </div>
   <div class='ocr_carea' id='block_1_72' title="bbox 399 5746 3817 5823">
    <p class='ocr_par' dir='ltr' id='par_1_72' title="bbox 399 5746 3817 5823">
     <span class='ocr_line' id='line_1_72' title="bbox 399 5746 3817 5823; baseline 0.004 -22"><span class='ocrx_word' id='word_1_688' title='bbox 399 5750 544 5803; x_wconf 87' lang='lat' dir='ltr'><strong>teste</strong></span> <span class='ocrx_word' id='word_1_689' title='bbox 586 5748 823 5803; x_wconf 90' lang='lat' dir='ltr'><strong>Boivino</strong></span> <span class='ocrx_word' id='word_1_690' title='bbox 874 5747 943 5801; x_wconf 89' lang='lat' dir='ltr'><strong>ad</strong></span> <span class='ocrx_word' id='word_1_691' title='bbox 976 5746 1117 5802; x_wconf 85' lang='lat' dir='ltr'><strong>Julii</strong></span> <span class='ocrx_word' id='word_1_692' title='bbox 1157 5746 1414 5803; x_wconf 85' lang='lat' dir='ltr'><strong>Africani</strong></span> <span class='ocrx_word' id='word_1_693' title='bbox 1445 5747 1646 5811; x_wconf 87' lang='lat' dir='ltr'><strong>Cestos,</strong></span> <span class='ocrx_word' id='word_1_694' title='bbox 1677 5762 1806 5819; x_wconf 80' lang='lat' dir='ltr'><strong>pag.</strong></span> <span class='ocrx_word' id='word_1_695' title='bbox 1839 5746 1967 5802; x_wconf 88' lang='lat'><strong>360.</strong></span> <span class='ocrx_word' id='word_1_696' title='bbox 1998 5747 2064 5801; x_wconf 91' lang='lat' dir='ltr'><strong>In</strong></span> <span class='ocrx_word' id='word_1_697' title='bbox 2105 5747 2207 5802; x_wconf 91' lang='lat' dir='ltr'><strong>illo</strong></span> <span class='ocrx_word' id='word_1_698' title='bbox 2238 5753 2505 5819; x_wconf 87' lang='lat' dir='ltr'><strong>excerpta</strong></span> <span class='ocrx_word' id='word_1_699' title='bbox 2535 5766 2604 5804; x_wconf 85' lang='lat' dir='ltr'><strong>ex</strong></span> <span class='ocrx_word' id='word_1_700' title='bbox 2632 5750 2902 5805; x_wconf 83' lang='lat' dir='ltr'><strong>Africano</strong></span> <span class='ocrx_word' id='word_1_701' title='bbox 2946 5756 3000 5804; x_wconf 89' lang='lat' dir='ltr'><strong>et</strong></span> <span class='ocrx_word' id='word_1_702' title='bbox 3040 5748 3171 5805; x_wconf 89' lang='lat' dir='ltr'><strong>aliis</strong></span> <span class='ocrx_word' id='word_1_703' title='bbox 3211 5752 3615 5823; x_wconf 88' lang='lat' dir='ltr'><strong>scriptoribus.</strong></span> <span class='ocrx_word' id='word_1_704' title='bbox 3649 5757 3817 5815; x_wconf 67' lang='lat' dir='ltr'><strong>Fsan.</strong></span> 
     </span>
    </p>
   </div>
   <div class='ocr_carea' id='block_1_73' title="bbox 398 5835 3816 5911">
    <p class='ocr_par' dir='ltr' id='par_1_73' title="bbox 398 5835 3816 5911">
     <span class='ocr_line' id='line_1_73' title="bbox 398 5835 3816 5911; baseline 0.004 -18"><span class='ocrx_word' id='word_1_705' title='bbox 398 5866 467 5878; x_wconf 89' lang='lat'><strong>—</strong></span> <span class='ocrx_word' id='word_1_706' title='bbox 497 5840 561 5894; x_wconf 88' lang='lat' dir='ltr'><strong>In</strong></span> <span class='ocrx_word' id='word_1_707' title='bbox 613 5839 740 5893; x_wconf 89' lang='lat' dir='ltr'><strong>cod.</strong></span> <span class='ocrx_word' id='word_1_708' title='bbox 792 5836 979 5901; x_wconf 82' lang='lat' dir='ltr'><strong>Paris,</strong></span> <span class='ocrx_word' id='word_1_709' title='bbox 1032 5836 1191 5905; x_wconf 89' lang='lat'><strong>1630,</strong></span> <span class='ocrx_word' id='word_1_710' title='bbox 1236 5853 1293 5892; x_wconf 93' lang='lat' dir='ltr'><strong>n.</strong></span> <span class='ocrx_word' id='word_1_711' title='bbox 1344 5838 1399 5893; x_wconf 90' lang='lat'><strong>6.</strong></span> <span class='ocrx_word' id='word_1_712' title='bbox 1453 5846 1534 5892; x_wconf 90' lang='lat' dir='ltr'><strong>est</strong></span> <span class='ocrx_word' id='word_1_713' title='bbox 1566 5838 1910 5909; x_wconf 86' lang='lat' dir='ltr'><strong>Theophanes</strong></span> <span class='ocrx_word' id='word_1_714' title='bbox 1948 5837 2022 5894; x_wconf 87' lang='lat' dir='ltr'><strong>de</strong></span> <span class='ocrx_word' id='word_1_715' title='bbox 2068 5835 2236 5892; x_wconf 76' lang='lat' dir='ltr'><strong>diaeta</strong></span> <span class='ocrx_word' id='word_1_716' title='bbox 2287 5838 2360 5893; x_wconf 86' lang='lat' dir='ltr'><strong>ad</strong></span> <span class='ocrx_word' id='word_1_717' title='bbox 2403 5839 2704 5895; x_wconf 88' lang='lat' dir='ltr'><strong>Constant.</strong></span> <span class='ocrx_word' id='word_1_718' title='bbox 2737 5838 3135 5911; x_wconf 80' lang='lat' dir='ltr'><strong>Porphyrog.;</strong></span> <span class='ocrx_word' id='word_1_719' title='bbox 3186 5839 3290 5896; x_wconf 88' lang='lat' dir='ltr'><strong>sed</strong></span> <span class='ocrx_word' id='word_1_720' title='bbox 3336 5841 3568 5902; x_wconf 90' lang='lat' dir='ltr'><strong>initium</strong></span> <span class='ocrx_word' id='word_1_721' title='bbox 3624 5848 3816 5904; x_wconf 89' lang='lat' dir='ltr'><strong>solum</strong></span> 
     </span>
    </p>
   </div>
   <div class='ocr_carea' id='block_1_74' title="bbox 399 5932 682 6000">
    <p class='ocr_par' dir='ltr' id='par_1_74' title="bbox 399 5932 682 6000">
     <span class='ocr_line' id='line_1_74' title="bbox 399 5932 682 6000; baseline 0.007 -18"><span class='ocrx_word' id='word_1_722' title='bbox 399 5932 682 6000; x_wconf 87' lang='lat' dir='ltr'><strong>superest.</strong></span> 
     </span>
    </p>
   </div>
  </div>
