  <div class='ocr_page' id='page_1' title='image "/cluster/home/n/w/nwhite01/storage/ocr_20150623/112:no.1/coo.31924054870161/021.png"; bbox 0 0 4184 6414; ppageno 0'>
   <div class='ocr_carea' id='block_1_1' title="bbox 408 401 3826 472">
    <p class='ocr_par' dir='ltr' id='par_1_1' title="bbox 408 401 3826 472">
     <span class='ocr_line' id='line_1_1' title="bbox 408 401 3826 472; baseline -0.002 0"><span class='ocrx_word' id='word_1_1' title='bbox 408 409 485 472; x_wconf 82' lang='lat'>2&#39;1</span> <span class='ocrx_word' id='word_1_2' title='bbox 1707 411 1924 471; x_wconf 85' lang='lat' dir='ltr'><strong>JOAN.</strong></span> <span class='ocrx_word' id='word_1_3' title='bbox 1973 412 2140 470; x_wconf 86' lang='lat' dir='ltr'>ALB.</span> <span class='ocrx_word' id='word_1_4' title='bbox 2193 409 2528 472; x_wconf 80' lang='lat' dir='ltr'>FABRICII</span> <span class='ocrx_word' id='word_1_5' title='bbox 3748 401 3826 464; x_wconf 78' lang='lat'>28</span> 
     </span>
    </p>
   </div>
   <div class='ocr_carea' id='block_1_2' title="bbox 484 540 3823 619">
    <p class='ocr_par' dir='ltr' id='par_1_2' title="bbox 484 540 3823 619">
     <span class='ocr_line' id='line_1_2' title="bbox 484 540 3823 619; baseline -0.001 -19"><span class='ocrx_word' id='word_1_6' title='bbox 484 546 567 600; x_wconf 89' lang='grc'>13.</span> <span class='ocrx_word' id='word_1_7' title='bbox 620 547 984 602; x_wconf 89' lang='lat' dir='ltr'>Constantini</span> <span class='ocrx_word' id='word_1_8' title='bbox 1029 546 1556 619; x_wconf 82' lang='lat' dir='ltr'>Porphyrogenneti</span> <span class='ocrx_word' id='word_1_9' title='bbox 1596 546 1766 618; x_wconf 89' lang='lat' dir='ltr'>jussu</span> <span class='ocrx_word' id='word_1_10' title='bbox 1818 547 1992 602; x_wconf 89' lang='lat' dir='ltr'>etiam</span> <span class='ocrx_word' id='word_1_11' title='bbox 2044 551 2218 619; x_wconf 88' lang='lat' dir='ltr'>atque</span> <span class='ocrx_word' id='word_1_12' title='bbox 2261 545 2536 617; x_wconf 82' lang='lat' dir='ltr'>auspiciis</span> <span class='ocrx_word' id='word_1_13' title='bbox 2588 541 2863 614; x_wconf 75' lang='lat' dir='ltr'>martyris</span> <span class='ocrx_word' id='word_1_14' title='bbox 2908 545 2962 595; x_wconf 92' lang='lat' dir='ltr'>et</span> <span class='ocrx_word' id='word_1_15' title='bbox 3008 542 3164 595; x_wconf 80' lang='lat' dir='ltr'>Vitas</span> <span class='ocrx_word' id='word_1_16' title='bbox 3199 542 3511 596; x_wconf 78' lang='lat' dir='ltr'>sanctorum</span> <span class='ocrx_word' id='word_1_17' title='bbox 3564 540 3651 611; x_wconf 66' lang='grc' dir='ltr'>(ί),</span> <span class='ocrx_word' id='word_1_18' title='bbox 3703 556 3823 596; x_wconf 90' lang='lat' dir='ltr'>non</span> 
     </span>
    </p>
   </div>
   <div class='ocr_carea' id='block_1_3' title="bbox 411 631 3821 710">
    <p class='ocr_par' dir='ltr' id='par_1_3' title="bbox 411 631 3821 710">
     <span class='ocr_line' id='line_1_3' title="bbox 411 631 3821 710; baseline -0.001 -19"><span class='ocrx_word' id='word_1_19' title='bbox 411 636 795 692; x_wconf 80' lang='lat' dir='ltr'>Orientalium</span> <span class='ocrx_word' id='word_1_20' title='bbox 857 645 1102 706; x_wconf 90' lang='lat' dir='ltr'>tantum,</span> <span class='ocrx_word' id='word_1_21' title='bbox 1155 643 1219 694; x_wconf 93' lang='lat' dir='ltr'>ut</span> <span class='ocrx_word' id='word_1_22' title='bbox 1283 639 1473 694; x_wconf 90' lang='lat' dir='ltr'>visum</span> <span class='ocrx_word' id='word_1_23' title='bbox 1541 639 1747 694; x_wconf 87' lang='lat' dir='ltr'>Joanni</span> <span class='ocrx_word' id='word_1_24' title='bbox 1817 639 2069 707; x_wconf 89' lang='lat' dir='ltr'>Molano,</span> <span class='ocrx_word' id='word_1_25' title='bbox 2123 639 2226 694; x_wconf 90' lang='lat' dir='ltr'>sed</span> <span class='ocrx_word' id='word_1_26' title='bbox 2288 635 2653 710; x_wconf 82' lang='lat' dir='ltr'>quarumvis,</span> <span class='ocrx_word' id='word_1_27' title='bbox 2703 649 2850 705; x_wconf 89' lang='lat' dir='ltr'>quas</span> <span class='ocrx_word' id='word_1_28' title='bbox 2911 631 3171 688; x_wconf 78' lang='lat' dir='ltr'>nancisci</span> <span class='ocrx_word' id='word_1_29' title='bbox 3212 632 3422 703; x_wconf 85' lang='lat' dir='ltr'>potuit,</span> <span class='ocrx_word' id='word_1_30' title='bbox 3475 631 3821 703; x_wconf 83' lang='lat' dir='ltr'>conscripsit</span> 
     </span>
    </p>
   </div>
   <div class='ocr_carea' id='block_1_4' title="bbox 408 721 3824 800">
    <p class='ocr_par' dir='ltr' id='par_1_4' title="bbox 408 721 3824 800">
     <span class='ocr_line' id='line_1_4' title="bbox 408 721 3824 800; baseline -0.002 -19"><span class='ocrx_word' id='word_1_31' title='bbox 408 727 664 794; x_wconf 88' lang='lat' dir='ltr'>Simeon,</span> <span class='ocrx_word' id='word_1_32' title='bbox 697 727 980 799; x_wconf 82' lang='lat' dir='ltr'>magister</span> <span class='ocrx_word' id='word_1_33' title='bbox 1009 733 1065 784; x_wconf 91' lang='lat' dir='ltr'>et</span> <span class='ocrx_word' id='word_1_34' title='bbox 1094 728 1403 799; x_wconf 79' lang='lat' dir='ltr'>logotheta,</span> <span class='ocrx_word' id='word_1_35' title='bbox 1456 733 1841 800; x_wconf 84' lang='lat' dir='ltr'>cognomento</span> <span class='ocrx_word' id='word_1_36' title='bbox 1889 729 2274 800; x_wconf 85' lang='lat' dir='ltr'>Metaphrastes</span> <span class='ocrx_word' id='word_1_37' title='bbox 2317 729 2431 798; x_wconf 86' lang='lat' dir='ltr'>(g);</span> <span class='ocrx_word' id='word_1_38' title='bbox 2475 727 2558 781; x_wconf 84' lang='lat' dir='ltr'>ita</span> <span class='ocrx_word' id='word_1_39' title='bbox 2604 725 2755 781; x_wconf 90' lang='lat' dir='ltr'>enim</span> <span class='ocrx_word' id='word_1_40' title='bbox 2805 721 3137 794; x_wconf 88' lang='lat' dir='ltr'>appellatus</span> <span class='ocrx_word' id='word_1_41' title='bbox 3181 726 3269 777; x_wconf 89' lang='lat' dir='ltr'>est</span> <span class='ocrx_word' id='word_1_42' title='bbox 3314 723 3466 793; x_wconf 88' lang='lat' dir='ltr'>quod</span> <span class='ocrx_word' id='word_1_43' title='bbox 3516 723 3824 793; x_wconf 86' lang='lat' dir='ltr'>plerasque</span> 
     </span>
    </p>
   </div>
   <div class='ocr_carea' id='block_1_5' title="bbox 405 809 3823 890">
    <p class='ocr_par' dir='ltr' id='par_1_5' title="bbox 405 809 3823 890">
     <span class='ocr_line' id='line_1_5' title="bbox 405 809 3823 890; baseline -0.001 -21"><span class='ocrx_word' id='word_1_44' title='bbox 405 815 568 871; x_wconf 84' lang='lat' dir='ltr'>Vitas</span> <span class='ocrx_word' id='word_1_45' title='bbox 600 833 715 872; x_wconf 91' lang='lat' dir='ltr'>non</span> <span class='ocrx_word' id='word_1_46' title='bbox 739 825 943 888; x_wconf 91' lang='lat' dir='ltr'>suopte</span> <span class='ocrx_word' id='word_1_47' title='bbox 975 819 1101 889; x_wconf 90' lang='lat' dir='ltr'>ipse</span> <span class='ocrx_word' id='word_1_48' title='bbox 1131 818 1367 890; x_wconf 90' lang='lat' dir='ltr'>ingenio</span> <span class='ocrx_word' id='word_1_49' title='bbox 1400 819 1727 889; x_wconf 85' lang='lat' dir='ltr'>composuit</span> <span class='ocrx_word' id='word_1_50' title='bbox 1757 819 2152 889; x_wconf 84' lang='lat' dir='ltr'>condiditque,</span> <span class='ocrx_word' id='word_1_51' title='bbox 2178 819 2279 873; x_wconf 89' lang='lat' dir='ltr'>sed</span> <span class='ocrx_word' id='word_1_52' title='bbox 2330 818 2400 872; x_wconf 91' lang='lat' dir='ltr'>ab</span> <span class='ocrx_word' id='word_1_53' title='bbox 2429 814 2858 885; x_wconf 79' lang='lat' dir='ltr'>antiquioribus</span> <span class='ocrx_word' id='word_1_54' title='bbox 2909 811 3154 882; x_wconf 87' lang='lat' dir='ltr'>scriptas</span> <span class='ocrx_word' id='word_1_55' title='bbox 3197 809 3493 885; x_wconf 74' lang='grc' dir='ltr'>μετέφρασε</span> <span class='ocrx_word' id='word_1_56' title='bbox 3551 819 3604 866; x_wconf 87' lang='lat' dir='ltr'>et</span> <span class='ocrx_word' id='word_1_57' title='bbox 3649 810 3823 880; x_wconf 89' lang='lat' dir='ltr'>paulo</span> 
     </span>
    </p>
   </div>
   <div class='ocr_carea' id='block_1_6' title="bbox 405 901 3828 979">
    <p class='ocr_par' dir='ltr' id='par_1_6' title="bbox 405 901 3828 979">
     <span class='ocr_line' id='line_1_6' title="bbox 405 901 3828 979; baseline -0.001 -20"><span class='ocrx_word' id='word_1_58' title='bbox 405 906 517 960; x_wconf 86' lang='lat' dir='ltr'>alio</span> <span class='ocrx_word' id='word_1_59' title='bbox 550 905 752 960; x_wconf 88' lang='lat' dir='ltr'>habitu</span> <span class='ocrx_word' id='word_1_60' title='bbox 808 907 999 962; x_wconf 87' lang='lat' dir='ltr'>induit</span> <span class='ocrx_word' id='word_1_61' title='bbox 1044 908 1150 979; x_wconf 74' lang='grc' dir='ltr'>(ἡ),</span> <span class='ocrx_word' id='word_1_62' title='bbox 1201 909 1520 963; x_wconf 85' lang='lat' dir='ltr'>omittendo</span> <span class='ocrx_word' id='word_1_63' title='bbox 1569 909 1681 964; x_wconf 91' lang='lat' dir='ltr'>alia</span> <span class='ocrx_word' id='word_1_64' title='bbox 1731 909 1788 963; x_wconf 92' lang='lat' dir='ltr'>in</span> <span class='ocrx_word' id='word_1_65' title='bbox 1835 909 1972 976; x_wconf 87' lang='lat' dir='ltr'>illis,</span> <span class='ocrx_word' id='word_1_66' title='bbox 2026 909 2140 962; x_wconf 88' lang='lat' dir='ltr'>alia</span> <span class='ocrx_word' id='word_1_67' title='bbox 2185 909 2448 963; x_wconf 89' lang='lat' dir='ltr'>addendo</span> <span class='ocrx_word' id='word_1_68' title='bbox 2492 905 2580 961; x_wconf 89' lang='lat' dir='ltr'>vel</span> <span class='ocrx_word' id='word_1_69' title='bbox 2631 904 2914 959; x_wconf 86' lang='lat' dir='ltr'>mutando</span> <span class='ocrx_word' id='word_1_70' title='bbox 2966 905 3145 972; x_wconf 89' lang='lat' dir='ltr'>atque</span> <span class='ocrx_word' id='word_1_71' title='bbox 3185 901 3619 973; x_wconf 88' lang='lat' dir='ltr'>interpolando.</span> <span class='ocrx_word' id='word_1_72' title='bbox 3663 901 3828 955; x_wconf 84' lang='lat' dir='ltr'>Vitas</span> 
     </span>
    </p>
   </div>
   <div class='ocr_carea' id='block_1_7' title="bbox 409 991 3828 1071">
    <p class='ocr_par' dir='ltr' id='par_1_7' title="bbox 409 991 3828 1071">
     <span class='ocr_line' id='line_1_7' title="bbox 409 991 3828 1071; baseline -0.001 -22"><span class='ocrx_word' id='word_1_73' title='bbox 409 997 714 1067; x_wconf 88' lang='lat' dir='ltr'>plerasque</span> <span class='ocrx_word' id='word_1_74' title='bbox 753 1003 1059 1053; x_wconf 86' lang='lat' dir='ltr'>recensent</span> <span class='ocrx_word' id='word_1_75' title='bbox 1095 997 1344 1053; x_wconf 90' lang='lat' dir='ltr'>Allatius</span> <span class='ocrx_word' id='word_1_76' title='bbox 1367 997 1513 1053; x_wconf 88' lang='lat' dir='ltr'>libro</span> <span class='ocrx_word' id='word_1_77' title='bbox 1543 999 1609 1053; x_wconf 84' lang='lat' dir='ltr'>de</span> <span class='ocrx_word' id='word_1_78' title='bbox 1639 1001 1970 1071; x_wconf 79' lang='lat' dir='ltr'>Symeonum</span> <span class='ocrx_word' id='word_1_79' title='bbox 1999 1001 2242 1069; x_wconf 85' lang='lat' dir='ltr'>scriptis,</span> <span class='ocrx_word' id='word_1_80' title='bbox 2276 1013 2408 1070; x_wconf 90' lang='lat' dir='ltr'>pag.</span> <span class='ocrx_word' id='word_1_81' title='bbox 2444 997 2546 1051; x_wconf 77' lang='lat'>121</span> <span class='ocrx_word' id='word_1_82' title='bbox 2578 1011 2724 1065; x_wconf 86' lang='lat' dir='ltr'>seq.;</span> <span class='ocrx_word' id='word_1_83' title='bbox 2759 991 3052 1047; x_wconf 89' lang='lat' dir='ltr'>Hanckius</span> <span class='ocrx_word' id='word_1_84' title='bbox 3084 996 3249 1063; x_wconf 87' lang='lat' dir='ltr'>parte</span> <span class='ocrx_word' id='word_1_85' title='bbox 3280 1009 3298 1045; x_wconf 83' lang='grc' dir='ltr'><strong>ι</strong></span> <span class='ocrx_word' id='word_1_86' title='bbox 3354 997 3432 1048; x_wconf 88' lang='lat' dir='ltr'>De</span> <span class='ocrx_word' id='word_1_87' title='bbox 3456 991 3828 1057; x_wconf 79' lang='lat' dir='ltr'>scriptoribus</span> 
     </span>
    </p>
   </div>
   <div class='ocr_carea' id='block_1_8' title="bbox 409 1080 3820 1158">
    <p class='ocr_par' dir='ltr' id='par_1_8' title="bbox 409 1080 3820 1158">
     <span class='ocr_line' id='line_1_8' title="bbox 409 1080 3820 1158; baseline -0.001 -22"><span class='ocrx_word' id='word_1_88' title='bbox 409 1085 566 1154; x_wconf 59' lang='lat' dir='ltr'>83’s.,</span> <span class='ocrx_word' id='word_1_89' title='bbox 619 1101 745 1156; x_wconf 94' lang='lat' dir='ltr'>cap.</span> <span class='ocrx_word' id='word_1_90' title='bbox 797 1087 886 1140; x_wconf 83' lang='grc'>24.</span> <span class='ocrx_word' id='word_1_91' title='bbox 938 1105 992 1156; x_wconf 91' lang='lat' dir='ltr'>p.</span> <span class='ocrx_word' id='word_1_92' title='bbox 1047 1087 1152 1141; x_wconf 82' lang='grc'>436</span> <span class='ocrx_word' id='word_1_93' title='bbox 1202 1104 1342 1158; x_wconf 86' lang='lat' dir='ltr'>seq.,</span> <span class='ocrx_word' id='word_1_94' title='bbox 1393 1095 1449 1143; x_wconf 89' lang='lat' dir='ltr'>et</span> <span class='ocrx_word' id='word_1_95' title='bbox 1496 1089 1712 1144; x_wconf 86' lang='lat' dir='ltr'>Caveus</span> <span class='ocrx_word' id='word_1_96' title='bbox 1764 1089 1832 1143; x_wconf 91' lang='lat' dir='ltr'>ad</span> <span class='ocrx_word' id='word_1_97' title='bbox 1891 1106 1941 1143; x_wconf 91' lang='lat' dir='ltr'>a.</span> <span class='ocrx_word' id='word_1_98' title='bbox 1992 1089 2050 1143; x_wconf 90' lang='lat' dir='ltr'>C.</span> <span class='ocrx_word' id='word_1_99' title='bbox 2102 1088 2228 1153; x_wconf 86' lang='lat' dir='ltr'>90l,</span> <span class='ocrx_word' id='word_1_100' title='bbox 2290 1088 2390 1142; x_wconf 88' lang='lat' dir='ltr'>sed</span> <span class='ocrx_word' id='word_1_101' title='bbox 2461 1087 2539 1140; x_wconf 84' lang='lat' dir='ltr'>ita</span> <span class='ocrx_word' id='word_1_102' title='bbox 2603 1093 2662 1139; x_wconf 88' lang='lat' dir='ltr'>ut</span> <span class='ocrx_word' id='word_1_103' title='bbox 2727 1082 3074 1138; x_wconf 79' lang='lat' dir='ltr'>difficillime</span> <span class='ocrx_word' id='word_1_104' title='bbox 3123 1082 3355 1152; x_wconf 88' lang='lat' dir='ltr'>possint</span> <span class='ocrx_word' id='word_1_105' title='bbox 3409 1082 3614 1137; x_wconf 87' lang='lat' dir='ltr'>evolvi.</span> <span class='ocrx_word' id='word_1_106' title='bbox 3672 1080 3820 1135; x_wconf 90' lang='lat' dir='ltr'>Nam</span> 
     </span>
    </p>
   </div>
   <div class='ocr_carea' id='block_1_9' title="bbox 411 1171 3824 1249">
    <p class='ocr_par' dir='ltr' id='par_1_9' title="bbox 411 1171 3824 1249">
     <span class='ocr_line' id='line_1_9' title="bbox 411 1171 3824 1249; baseline -0.001 -22"><span class='ocrx_word' id='word_1_107' title='bbox 411 1173 664 1229; x_wconf 81' lang='lat' dir='ltr'>Allatius</span> <span class='ocrx_word' id='word_1_108' title='bbox 703 1176 872 1231; x_wconf 89' lang='lat' dir='ltr'>initia</span> <span class='ocrx_word' id='word_1_109' title='bbox 912 1177 1176 1232; x_wconf 89' lang='lat' dir='ltr'>Vitarum</span> <span class='ocrx_word' id='word_1_110' title='bbox 1230 1178 1431 1233; x_wconf 90' lang='lat' dir='ltr'>ordine</span> <span class='ocrx_word' id='word_1_111' title='bbox 1474 1177 1842 1249; x_wconf 89' lang='lat' dir='ltr'>alphabetico</span> <span class='ocrx_word' id='word_1_112' title='bbox 1883 1179 2162 1249; x_wconf 80' lang='lat' dir='ltr'>digessit;</span> <span class='ocrx_word' id='word_1_113' title='bbox 2213 1175 2513 1232; x_wconf 87' lang='lat' dir='ltr'>Hanckius</span> <span class='ocrx_word' id='word_1_114' title='bbox 2548 1175 2708 1229; x_wconf 84' lang='lat' dir='ltr'>Vitas</span> <span class='ocrx_word' id='word_1_115' title='bbox 2743 1171 3036 1228; x_wconf 86' lang='lat' dir='ltr'>recensuit</span> <span class='ocrx_word' id='word_1_116' title='bbox 3064 1171 3174 1227; x_wconf 91' lang='lat' dir='ltr'>sub</span> <span class='ocrx_word' id='word_1_117' title='bbox 3204 1171 3394 1226; x_wconf 89' lang='lat' dir='ltr'>titulis</span> <span class='ocrx_word' id='word_1_118' title='bbox 3449 1171 3824 1243; x_wconf 89' lang='lat' dir='ltr'>populorum,</span> 
     </span>
    </p>
   </div>
   <div class='ocr_carea' id='block_1_10' title="bbox 411 1261 3822 1337">
    <p class='ocr_par' dir='ltr' id='par_1_10' title="bbox 411 1261 3822 1337">
     <span class='ocr_line' id='line_1_10' title="bbox 411 1261 3822 1337; baseline -0.001 -21"><span class='ocrx_word' id='word_1_119' title='bbox 411 1263 506 1333; x_wconf 89' lang='lat' dir='ltr'>qui</span> <span class='ocrx_word' id='word_1_120' title='bbox 543 1268 776 1319; x_wconf 89' lang='lat' dir='ltr'>sanctos</span> <span class='ocrx_word' id='word_1_121' title='bbox 807 1281 1095 1337; x_wconf 86' lang='lat' dir='ltr'>quosque,</span> <span class='ocrx_word' id='word_1_122' title='bbox 1129 1283 1380 1337; x_wconf 90' lang='lat' dir='ltr'>quorum</span> <span class='ocrx_word' id='word_1_123' title='bbox 1413 1271 1552 1322; x_wconf 88' lang='lat' dir='ltr'>sunt</span> <span class='ocrx_word' id='word_1_124' title='bbox 1581 1266 1748 1332; x_wconf 83' lang='lat' dir='ltr'>Vitae,</span> <span class='ocrx_word' id='word_1_125' title='bbox 1772 1267 1884 1322; x_wconf 88' lang='lat' dir='ltr'>sibi</span> <span class='ocrx_word' id='word_1_126' title='bbox 1915 1267 2248 1322; x_wconf 84' lang='lat' dir='ltr'>vindicant:</span> <span class='ocrx_word' id='word_1_127' title='bbox 2283 1269 2506 1322; x_wconf 91' lang='lat' dir='ltr'>Caveus</span> <span class='ocrx_word' id='word_1_128' title='bbox 2538 1263 2802 1319; x_wconf 86' lang='lat' dir='ltr'>ordinem</span> <span class='ocrx_word' id='word_1_129' title='bbox 2837 1265 3076 1317; x_wconf 85' lang='lat' dir='ltr'>secutus</span> <span class='ocrx_word' id='word_1_130' title='bbox 3107 1267 3195 1316; x_wconf 89' lang='lat' dir='ltr'>est</span> <span class='ocrx_word' id='word_1_131' title='bbox 3223 1261 3441 1328; x_wconf 87' lang='lat' dir='ltr'>Allatii,</span> <span class='ocrx_word' id='word_1_132' title='bbox 3481 1275 3822 1332; x_wconf 83' lang='lat' dir='ltr'>quanquam</span> 
     </span>
    </p>
   </div>
   <div class='ocr_carea' id='block_1_11' title="bbox 412 1351 3829 1429">
    <p class='ocr_par' dir='ltr' id='par_1_11' title="bbox 412 1351 3829 1429">
     <span class='ocr_line' id='line_1_11' title="bbox 412 1351 3829 1429; baseline 0 -24"><span class='ocrx_word' id='word_1_133' title='bbox 412 1352 579 1408; x_wconf 85' lang='lat' dir='ltr'>initia</span> <span class='ocrx_word' id='word_1_134' title='bbox 612 1354 738 1424; x_wconf 90' lang='lat' dir='ltr'>ipsa</span> <span class='ocrx_word' id='word_1_135' title='bbox 767 1355 1033 1411; x_wconf 90' lang='lat' dir='ltr'>Vitarum</span> <span class='ocrx_word' id='word_1_136' title='bbox 1065 1357 1354 1413; x_wconf 85' lang='lat' dir='ltr'>ascribere</span> <span class='ocrx_word' id='word_1_137' title='bbox 1386 1357 1735 1428; x_wconf 89' lang='lat' dir='ltr'>supersedit.</span> <span class='ocrx_word' id='word_1_138' title='bbox 1774 1358 1995 1429; x_wconf 82' lang='lat' dir='ltr'>Digessi</span> <span class='ocrx_word' id='word_1_139' title='bbox 2027 1359 2206 1429; x_wconf 85' lang='lat' dir='ltr'>igitur</span> <span class='ocrx_word' id='word_1_140' title='bbox 2253 1357 2412 1413; x_wconf 89' lang='lat' dir='ltr'>Vitas</span> <span class='ocrx_word' id='word_1_141' title='bbox 2445 1372 2590 1428; x_wconf 89' lang='lat' dir='ltr'>quas</span> <span class='ocrx_word' id='word_1_142' title='bbox 2644 1353 2938 1410; x_wconf 89' lang='lat' dir='ltr'>Simeonis</span> <span class='ocrx_word' id='word_1_143' title='bbox 2995 1368 3064 1407; x_wconf 83' lang='lat' dir='ltr'>ex</span> <span class='ocrx_word' id='word_1_144' title='bbox 3097 1351 3230 1424; x_wconf 86' lang='lat' dir='ltr'>styli</span> <span class='ocrx_word' id='word_1_145' title='bbox 3278 1353 3497 1409; x_wconf 85' lang='lat' dir='ltr'>ratione</span> <span class='ocrx_word' id='word_1_146' title='bbox 3555 1352 3641 1407; x_wconf 88' lang='lat' dir='ltr'>vel</span> <span class='ocrx_word' id='word_1_147' title='bbox 3697 1351 3829 1406; x_wconf 91' lang='lat' dir='ltr'>aliis</span> 
     </span>
    </p>
   </div>
   <div class='ocr_carea' id='block_1_12' title="bbox 411 1441 3827 1518">
    <p class='ocr_par' dir='ltr' id='par_1_12' title="bbox 411 1441 3827 1518">
     <span class='ocr_line' id='line_1_12' title="bbox 411 1441 3827 1518; baseline -0.001 -21"><span class='ocrx_word' id='word_1_148' title='bbox 411 1445 770 1511; x_wconf 79' lang='lat' dir='ltr'>argumentis</span> <span class='ocrx_word' id='word_1_149' title='bbox 803 1447 1088 1516; x_wconf 85' lang='lat' dir='ltr'>genuinas</span> <span class='ocrx_word' id='word_1_150' title='bbox 1119 1446 1367 1503; x_wconf 84' lang='lat' dir='ltr'>Allatius</span> <span class='ocrx_word' id='word_1_151' title='bbox 1426 1452 1644 1516; x_wconf 90' lang='lat' dir='ltr'>censet,</span> <span class='ocrx_word' id='word_1_152' title='bbox 1688 1448 2011 1518; x_wconf 86' lang='lat' dir='ltr'>descriptas</span> <span class='ocrx_word' id='word_1_153' title='bbox 2041 1448 2365 1503; x_wconf 87' lang='lat' dir='ltr'>secundum</span> <span class='ocrx_word' id='word_1_154' title='bbox 2412 1445 2651 1501; x_wconf 84' lang='lat' dir='ltr'>nomina</span> <span class='ocrx_word' id='word_1_155' title='bbox 2703 1447 3060 1510; x_wconf 85' lang='lat' dir='ltr'>sanctorum,</span> <span class='ocrx_word' id='word_1_156' title='bbox 3089 1443 3293 1498; x_wconf 89' lang='lat' dir='ltr'>ordine</span> <span class='ocrx_word' id='word_1_157' title='bbox 3319 1441 3603 1497; x_wconf 82' lang='lat' dir='ltr'>recensita</span> <span class='ocrx_word' id='word_1_158' title='bbox 3623 1441 3827 1512; x_wconf 87' lang='lat' dir='ltr'>alpha-</span> 
     </span>
    </p>
   </div>
   <div class='ocr_carea' id='block_1_13' title="bbox 408 1533 3824 1610">
    <p class='ocr_par' dir='ltr' id='par_1_13' title="bbox 408 1533 3824 1610">
     <span class='ocr_line' id='line_1_13' title="bbox 408 1533 3824 1610; baseline 0 -24"><span class='ocrx_word' id='word_1_159' title='bbox 408 1533 618 1590; x_wconf 90' lang='lat' dir='ltr'>betico.</span> <span class='ocrx_word' id='word_1_160' title='bbox 650 1537 862 1592; x_wconf 83' lang='lat' dir='ltr'>Addidi</span> <span class='ocrx_word' id='word_1_161' title='bbox 893 1539 1068 1594; x_wconf 87' lang='lat' dir='ltr'>etiam</span> <span class='ocrx_word' id='word_1_162' title='bbox 1102 1539 1269 1607; x_wconf 90' lang='lat' dir='ltr'>alias,</span> <span class='ocrx_word' id='word_1_163' title='bbox 1293 1555 1440 1610; x_wconf 86' lang='lat' dir='ltr'>quas</span> <span class='ocrx_word' id='word_1_164' title='bbox 1466 1540 1640 1595; x_wconf 86' lang='lat' dir='ltr'>certis</span> <span class='ocrx_word' id='word_1_165' title='bbox 1673 1540 2002 1595; x_wconf 84' lang='lat' dir='ltr'>auctoribus</span> <span class='ocrx_word' id='word_1_166' title='bbox 2024 1539 2274 1595; x_wconf 86' lang='lat' dir='ltr'>Allatius</span> <span class='ocrx_word' id='word_1_167' title='bbox 2307 1538 2530 1602; x_wconf 88' lang='lat' dir='ltr'>tribuit,</span> <span class='ocrx_word' id='word_1_168' title='bbox 2582 1536 2840 1607; x_wconf 83' lang='lat' dir='ltr'>itemque</span> <span class='ocrx_word' id='word_1_169' title='bbox 2889 1533 3020 1590; x_wconf 86' lang='lat' dir='ltr'>illas</span> <span class='ocrx_word' id='word_1_170' title='bbox 3068 1549 3214 1604; x_wconf 91' lang='lat' dir='ltr'>quas</span> <span class='ocrx_word' id='word_1_171' title='bbox 3245 1551 3379 1590; x_wconf 89' lang='lat' dir='ltr'>cum</span> <span class='ocrx_word' id='word_1_172' title='bbox 3411 1538 3568 1590; x_wconf 90' lang='lat' dir='ltr'>certo</span> <span class='ocrx_word' id='word_1_173' title='bbox 3603 1533 3824 1588; x_wconf 89' lang='lat' dir='ltr'>auctori</span> 
     </span>
    </p>
   </div>
   <div class='ocr_carea' id='block_1_14' title="bbox 409 1623 3824 1700">
    <p class='ocr_par' dir='ltr' id='par_1_14' title="bbox 409 1623 3824 1700">
     <span class='ocr_line' id='line_1_14' title="bbox 409 1623 3824 1700; baseline 0 -24"><span class='ocrx_word' id='word_1_174' title='bbox 409 1639 527 1678; x_wconf 90' lang='lat' dir='ltr'>non</span> <span class='ocrx_word' id='word_1_175' title='bbox 559 1625 768 1681; x_wconf 89' lang='lat' dir='ltr'>audeat</span> <span class='ocrx_word' id='word_1_176' title='bbox 789 1629 1111 1696; x_wconf 78' lang='lat' dir='ltr'>assignare,</span> <span class='ocrx_word' id='word_1_177' title='bbox 1145 1629 1437 1685; x_wconf 90' lang='lat' dir='ltr'>Simeonis</span> <span class='ocrx_word' id='word_1_178' title='bbox 1482 1629 1890 1700; x_wconf 69' lang='lat' dir='ltr'>Metaphrastie</span> <span class='ocrx_word' id='word_1_179' title='bbox 1914 1634 2110 1686; x_wconf 88' lang='lat' dir='ltr'>tamen</span> <span class='ocrx_word' id='word_1_180' title='bbox 2164 1647 2278 1685; x_wconf 90' lang='lat' dir='ltr'>non</span> <span class='ocrx_word' id='word_1_181' title='bbox 2328 1644 2476 1695; x_wconf 88' lang='lat' dir='ltr'>esse,</span> <span class='ocrx_word' id='word_1_182' title='bbox 2532 1631 2719 1698; x_wconf 89' lang='lat' dir='ltr'>putat,</span> <span class='ocrx_word' id='word_1_183' title='bbox 2760 1640 2890 1680; x_wconf 90' lang='lat' dir='ltr'>esse</span> <span class='ocrx_word' id='word_1_184' title='bbox 2941 1624 3328 1695; x_wconf 85' lang='lat' dir='ltr'>exploratum,</span> <span class='ocrx_word' id='word_1_185' title='bbox 3361 1624 3614 1694; x_wconf 88' lang='lat' dir='ltr'>denique</span> <span class='ocrx_word' id='word_1_186' title='bbox 3654 1623 3824 1690; x_wconf 81' lang='lat' dir='ltr'>longe</span> 
     </span>
    </p>
   </div>
   <div class='ocr_carea' id='block_1_15' title="bbox 406 1710 3818 1790">
    <p class='ocr_par' dir='ltr' id='par_1_15' title="bbox 406 1710 3818 1790">
     <span class='ocr_line' id='line_1_15' title="bbox 406 1710 3818 1790; baseline -0 -25"><span class='ocrx_word' id='word_1_187' title='bbox 406 1710 623 1781; x_wconf 86' lang='lat' dir='ltr'>plures,</span> <span class='ocrx_word' id='word_1_188' title='bbox 670 1732 816 1785; x_wconf 85' lang='lat' dir='ltr'>quas</span> <span class='ocrx_word' id='word_1_189' title='bbox 862 1717 983 1787; x_wconf 89' lang='lat' dir='ltr'>ipse</span> <span class='ocrx_word' id='word_1_190' title='bbox 1028 1718 1088 1773; x_wconf 91' lang='lat' dir='ltr'>in</span> <span class='ocrx_word' id='word_1_191' title='bbox 1145 1717 1303 1774; x_wconf 90' lang='lat' dir='ltr'>Actis</span> <span class='ocrx_word' id='word_1_192' title='bbox 1348 1723 1679 1773; x_wconf 90' lang='lat' dir='ltr'>sanctorum</span> <span class='ocrx_word' id='word_1_193' title='bbox 1728 1719 1816 1774; x_wconf 91' lang='lat' dir='ltr'>vel</span> <span class='ocrx_word' id='word_1_194' title='bbox 1857 1718 2014 1774; x_wconf 88' lang='lat' dir='ltr'>alibi.</span> <span class='ocrx_word' id='word_1_195' title='bbox 2065 1719 2277 1775; x_wconf 86' lang='lat' dir='ltr'>Allatio</span> <span class='ocrx_word' id='word_1_196' title='bbox 2331 1717 2646 1790; x_wconf 85' lang='lat' dir='ltr'>praeteritas</span> <span class='ocrx_word' id='word_1_197' title='bbox 2677 1713 2993 1770; x_wconf 83' lang='lat' dir='ltr'>observavi.</span> <span class='ocrx_word' id='word_1_198' title='bbox 3048 1713 3216 1768; x_wconf 87' lang='lat' dir='ltr'>Illum</span> <span class='ocrx_word' id='word_1_199' title='bbox 3261 1713 3588 1781; x_wconf 86' lang='lat' dir='ltr'>catalogum</span> <span class='ocrx_word' id='word_1_200' title='bbox 3637 1711 3818 1766; x_wconf 62' lang='lat' dir='ltr'>habes</span> 
     </span>
    </p>
   </div>
   <div class='ocr_carea' id='block_1_16' title="bbox 410 1801 3825 1881">
    <p class='ocr_par' dir='ltr' id='par_1_16' title="bbox 410 1801 3825 1881">
     <span class='ocr_line' id='line_1_16' title="bbox 410 1801 3825 1881; baseline 0 -25"><span class='ocrx_word' id='word_1_201' title='bbox 410 1802 706 1860; x_wconf 90' lang='lat' dir='ltr'>volumine</span> <span class='ocrx_word' id='word_1_202' title='bbox 740 1806 806 1860; x_wconf 80' lang='grc' dir='ltr'><strong>ΙΧ</strong></span> <span class='ocrx_word' id='word_1_203' title='bbox 838 1806 1014 1877; x_wconf 87' lang='lat' dir='ltr'>hujus</span> <span class='ocrx_word' id='word_1_204' title='bbox 1045 1807 1417 1864; x_wconf 65' lang='lat' dir='ltr'>Bibliotheca:</span> <span class='ocrx_word' id='word_1_205' title='bbox 1453 1825 1510 1880; x_wconf 93' lang='lat' dir='ltr'>p.</span> <span class='ocrx_word' id='word_1_206' title='bbox 1544 1809 1613 1863; x_wconf 84' lang='grc'>48</span> <span class='ocrx_word' id='word_1_207' title='bbox 1644 1825 1825 1881; x_wconf 91' lang='lat' dir='ltr'>usque</span> <span class='ocrx_word' id='word_1_208' title='bbox 1884 1811 1955 1865; x_wconf 89' lang='lat' dir='ltr'>ad</span> <span class='ocrx_word' id='word_1_209' title='bbox 1990 1811 2112 1877; x_wconf 87' lang='grc'>152,</span> <span class='ocrx_word' id='word_1_210' title='bbox 2139 1814 2195 1865; x_wconf 89' lang='lat' dir='ltr'>et</span> <span class='ocrx_word' id='word_1_211' title='bbox 2252 1809 2431 1865; x_wconf 90' lang='lat' dir='ltr'>multo</span> <span class='ocrx_word' id='word_1_212' title='bbox 2490 1807 2812 1880; x_wconf 89' lang='lat' dir='ltr'>pleniorem</span> <span class='ocrx_word' id='word_1_213' title='bbox 2863 1807 3097 1878; x_wconf 88' lang='lat' dir='ltr'>quidem</span> <span class='ocrx_word' id='word_1_214' title='bbox 3129 1820 3308 1875; x_wconf 87' lang='lat' dir='ltr'>quam</span> <span class='ocrx_word' id='word_1_215' title='bbox 3342 1803 3602 1875; x_wconf 90' lang='lat' dir='ltr'>primum</span> <span class='ocrx_word' id='word_1_216' title='bbox 3647 1801 3825 1857; x_wconf 87' lang='lat' dir='ltr'>editio</span> 
     </span>
    </p>
   </div>
   <div class='ocr_carea' id='block_1_17' title="bbox 404 1891 3824 1970">
    <p class='ocr_par' dir='ltr' id='par_1_17' title="bbox 404 1891 3824 1970">
     <span class='ocr_line' id='line_1_17' title="bbox 404 1891 3824 1970; baseline 0 -26"><span class='ocrx_word' id='word_1_217' title='bbox 404 1891 716 1949; x_wconf 89' lang='lat' dir='ltr'>voluminis</span> <span class='ocrx_word' id='word_1_218' title='bbox 760 1897 1064 1965; x_wconf 64' lang='lat' dir='ltr'>prasentis</span> <span class='ocrx_word' id='word_1_219' title='bbox 1125 1897 1233 1952; x_wconf 92' lang='lat' dir='ltr'>hoc</span> <span class='ocrx_word' id='word_1_220' title='bbox 1283 1898 1556 1954; x_wconf 88' lang='lat' dir='ltr'>eumdem</span> <span class='ocrx_word' id='word_1_221' title='bbox 1591 1897 1717 1955; x_wconf 92' lang='lat' dir='ltr'>loco</span> <span class='ocrx_word' id='word_1_222' title='bbox 1764 1898 2075 1954; x_wconf 84' lang='lat' dir='ltr'>exhibebat</span> <span class='ocrx_word' id='word_1_223' title='bbox 2105 1899 2206 1970; x_wconf 87' lang='lat'>(1).</span> <span class='ocrx_word' id='word_1_224' title='bbox 2259 1900 2402 1968; x_wconf 86' lang='lat' dir='ltr'>Ejus</span> <span class='ocrx_word' id='word_1_225' title='bbox 2450 1899 2650 1969; x_wconf 85' lang='lat' dir='ltr'>itaque</span> <span class='ocrx_word' id='word_1_226' title='bbox 2709 1897 2768 1951; x_wconf 92' lang='lat' dir='ltr'>in</span> <span class='ocrx_word' id='word_1_227' title='bbox 2808 1898 2992 1952; x_wconf 90' lang='lat' dir='ltr'>vicem</span> <span class='ocrx_word' id='word_1_228' title='bbox 3033 1911 3165 1952; x_wconf 90' lang='lat' dir='ltr'>ecce</span> <span class='ocrx_word' id='word_1_229' title='bbox 3208 1895 3334 1966; x_wconf 90' lang='lat' dir='ltr'>jam</span> <span class='ocrx_word' id='word_1_230' title='bbox 3367 1893 3471 1949; x_wconf 91' lang='lat' dir='ltr'>tibi</span> <span class='ocrx_word' id='word_1_231' title='bbox 3529 1891 3824 1946; x_wconf 80' lang='lat' dir='ltr'>Michaelis</span> 
     </span>
    </p>
   </div>
   <div class='ocr_carea' id='block_1_18' title="bbox 407 1979 3822 2058">
    <p class='ocr_par' dir='ltr' id='par_1_18' title="bbox 407 1979 3822 2058">
     <span class='ocr_line' id='line_1_18' title="bbox 407 1979 3822 2058; baseline 0 -27"><span class='ocrx_word' id='word_1_232' title='bbox 407 1981 577 2036; x_wconf 90' lang='lat' dir='ltr'>Pselli</span> <span class='ocrx_word' id='word_1_233' title='bbox 615 1982 672 2038; x_wconf 91' lang='lat' dir='ltr'>in</span> <span class='ocrx_word' id='word_1_234' title='bbox 723 1985 1065 2056; x_wconf 82' lang='lat' dir='ltr'>Symeonem</span> <span class='ocrx_word' id='word_1_235' title='bbox 1108 1987 1571 2058; x_wconf 89' lang='lat' dir='ltr'>Metaphrastem.</span> <span class='ocrx_word' id='word_1_236' title='bbox 1607 1989 1956 2043; x_wconf 89' lang='lat' dir='ltr'>Encomium</span> <span class='ocrx_word' id='word_1_237' title='bbox 2015 2004 2152 2044; x_wconf 90' lang='lat' dir='ltr'>cum</span> <span class='ocrx_word' id='word_1_238' title='bbox 2182 1988 2446 2044; x_wconf 90' lang='lat' dir='ltr'>versione</span> <span class='ocrx_word' id='word_1_239' title='bbox 2487 1988 2696 2045; x_wconf 86' lang='lat' dir='ltr'>Leonis</span> <span class='ocrx_word' id='word_1_240' title='bbox 2727 1986 2947 2051; x_wconf 86' lang='lat' dir='ltr'>Allatii,</span> <span class='ocrx_word' id='word_1_241' title='bbox 2981 1985 3040 2040; x_wconf 93' lang='lat' dir='ltr'>in</span> <span class='ocrx_word' id='word_1_242' title='bbox 3074 1985 3245 2055; x_wconf 84' lang='lat' dir='ltr'>cujus</span> <span class='ocrx_word' id='word_1_243' title='bbox 3272 1983 3459 2054; x_wconf 89' lang='lat' dir='ltr'>capite</span> <span class='ocrx_word' id='word_1_244' title='bbox 3501 1983 3568 2036; x_wconf 90' lang='grc'>13</span> <span class='ocrx_word' id='word_1_245' title='bbox 3597 1979 3822 2051; x_wconf 88' lang='lat' dir='ltr'>Operis,</span> 
     </span>
    </p>
   </div>
   <div class='ocr_carea' id='block_1_19' title="bbox 408 2071 3825 2149">
    <p class='ocr_par' dir='ltr' id='par_1_19' title="bbox 408 2071 3825 2149">
     <span class='ocr_line' id='line_1_19' title="bbox 408 2071 3825 2149; baseline 0 -25"><span class='ocrx_word' id='word_1_246' title='bbox 408 2072 478 2125; x_wconf 92' lang='lat' dir='ltr'>de</span> <span class='ocrx_word' id='word_1_247' title='bbox 509 2072 656 2128; x_wconf 91' lang='lat' dir='ltr'>Vitis</span> <span class='ocrx_word' id='word_1_248' title='bbox 687 2080 1024 2132; x_wconf 89' lang='lat' dir='ltr'>sanctorum</span> <span class='ocrx_word' id='word_1_249' title='bbox 1057 2079 1129 2132; x_wconf 91' lang='lat' dir='ltr'>ab</span> <span class='ocrx_word' id='word_1_250' title='bbox 1159 2094 1225 2133; x_wconf 92' lang='lat' dir='ltr'>eo</span> <span class='ocrx_word' id='word_1_251' title='bbox 1258 2079 1586 2149; x_wconf 87' lang='lat' dir='ltr'>compositi,</span> <span class='ocrx_word' id='word_1_252' title='bbox 1620 2095 1751 2133; x_wconf 88' lang='lat' dir='ltr'>cum</span> <span class='ocrx_word' id='word_1_253' title='bbox 1786 2079 1958 2134; x_wconf 87' lang='lat' dir='ltr'>laude</span> <span class='ocrx_word' id='word_1_254' title='bbox 1989 2077 2277 2147; x_wconf 88' lang='lat' dir='ltr'>meminit,</span> <span class='ocrx_word' id='word_1_255' title='bbox 2313 2082 2376 2132; x_wconf 91' lang='lat' dir='ltr'>ut</span> <span class='ocrx_word' id='word_1_256' title='bbox 2409 2079 2544 2134; x_wconf 84' lang='lat' dir='ltr'>facit</span> <span class='ocrx_word' id='word_1_257' title='bbox 2574 2077 2751 2133; x_wconf 88' lang='lat' dir='ltr'>etiam</span> <span class='ocrx_word' id='word_1_258' title='bbox 2782 2077 3121 2133; x_wconf 89' lang='lat' dir='ltr'>Theodorus</span> <span class='ocrx_word' id='word_1_259' title='bbox 3157 2074 3446 2143; x_wconf 88' lang='lat' dir='ltr'>Balsamo,</span> <span class='ocrx_word' id='word_1_260' title='bbox 3497 2073 3570 2129; x_wconf 89' lang='lat' dir='ltr'>ad</span> <span class='ocrx_word' id='word_1_261' title='bbox 3601 2089 3730 2127; x_wconf 89' lang='lat' dir='ltr'>can.</span> <span class='ocrx_word' id='word_1_262' title='bbox 3753 2071 3825 2125; x_wconf 85' lang='lat'>63</span> 
     </span>
    </p>
   </div>
   <div class='ocr_carea' id='block_1_20' title="bbox 406 2160 3826 2246">
    <p class='ocr_par' dir='ltr' id='par_1_20' title="bbox 406 2160 3826 2246">
     <span class='ocr_line' id='line_1_20' title="bbox 406 2160 3826 2246; baseline -0.001 -30"><span class='ocrx_word' id='word_1_263' title='bbox 406 2162 694 2219; x_wconf 83' lang='lat' dir='ltr'>Trullan.:</span> <span class='ocrx_word' id='word_1_264' title='bbox 746 2165 919 2239; x_wconf 82' lang='grc' dir='ltr'>Χάρις</span> <span class='ocrx_word' id='word_1_265' title='bbox 990 2172 1068 2239; x_wconf 77' lang='grc' dir='ltr'>τῷ</span> <span class='ocrx_word' id='word_1_266' title='bbox 1146 2166 1416 2240; x_wconf 77' lang='grc' dir='ltr'>μακαρίτῃ</span> <span class='ocrx_word' id='word_1_267' title='bbox 1473 2175 1836 2246; x_wconf 59' lang='lat' dir='ltr'>Menippum-ii</span> <span class='ocrx_word' id='word_1_268' title='bbox 1893 2172 1971 2238; x_wconf 83' lang='grc' dir='ltr'>τῷ</span> <span class='ocrx_word' id='word_1_269' title='bbox 2040 2168 2105 2222; x_wconf 75' lang='grc' dir='ltr'>τὰ</span> <span class='ocrx_word' id='word_1_270' title='bbox 2177 2166 2483 2242; x_wconf 77' lang='grc' dir='ltr'>μαρτυρικὰ</span> <span class='ocrx_word' id='word_1_271' title='bbox 2551 2167 2684 2241; x_wconf 76' lang='grc' dir='ltr'>ὑπὲρ</span> <span class='ocrx_word' id='word_1_272' title='bbox 2741 2170 2840 2232; x_wconf 80' lang='grc' dir='ltr'>τῆς</span> <span class='ocrx_word' id='word_1_273' title='bbox 2899 2166 3163 2236; x_wconf 77' lang='grc' dir='ltr'>ἀληθείας</span> <span class='ocrx_word' id='word_1_274' title='bbox 3237 2164 3534 2236; x_wconf 80' lang='grc' dir='ltr'>σκάμματα</span> <span class='ocrx_word' id='word_1_275' title='bbox 3589 2160 3826 2224; x_wconf 83' lang='grc' dir='ltr'>πολλοῖς</span> 
     </span>
    </p>
   </div>
   <div class='ocr_carea' id='block_1_21' title="bbox 405 2252 3827 2334">
    <p class='ocr_par' dir='ltr' id='par_1_21' title="bbox 405 2252 3827 2334">
     <span class='ocr_line' id='line_1_21' title="bbox 405 2252 3827 2334; baseline 0.001 -30"><span class='ocrx_word' id='word_1_276' title='bbox 405 2252 596 2314; x_wconf 81' lang='grc' dir='ltr'>πόνοις</span> <span class='ocrx_word' id='word_1_277' title='bbox 657 2254 746 2308; x_wconf 81' lang='grc' dir='ltr'>καὶ</span> <span class='ocrx_word' id='word_1_278' title='bbox 808 2253 996 2330; x_wconf 76' lang='grc' dir='ltr'>ἱδρῶσι</span> <span class='ocrx_word' id='word_1_279' title='bbox 1056 2256 1527 2313; x_wconf 79' lang='grc' dir='ltr'>κατακαλλύναντι</span> <span class='ocrx_word' id='word_1_280' title='bbox 1581 2257 1634 2322; x_wconf 81' lang='grc' dir='ltr'>ἐς</span> <span class='ocrx_word' id='word_1_281' title='bbox 1663 2259 1829 2330; x_wconf 77' lang='grc' dir='ltr'>ὕμνον</span> <span class='ocrx_word' id='word_1_282' title='bbox 1873 2263 2010 2313; x_wconf 78' lang='grc' dir='ltr'>Θεοῦ</span> <span class='ocrx_word' id='word_1_283' title='bbox 2063 2258 2156 2314; x_wconf 79' lang='grc' dir='ltr'>καὶ</span> <span class='ocrx_word' id='word_1_284' title='bbox 2215 2256 2369 2328; x_wconf 79' lang='grc' dir='ltr'>δόξαν</span> <span class='ocrx_word' id='word_1_285' title='bbox 2430 2259 2787 2328; x_wconf 74' lang='grc' dir='ltr'>αἰωνίζουσαν</span> <span class='ocrx_word' id='word_1_286' title='bbox 2839 2263 2945 2313; x_wconf 78' lang='grc' dir='ltr'>τῶν</span> <span class='ocrx_word' id='word_1_287' title='bbox 3004 2257 3171 2334; x_wconf 81' lang='grc' dir='ltr'>ἁγίων</span> <span class='ocrx_word' id='word_1_288' title='bbox 3233 2255 3542 2330; x_wconf 75' lang='grc' dir='ltr'>μαρτύρων.</span> <span class='ocrx_word' id='word_1_289' title='bbox 3600 2253 3827 2309; x_wconf 80' lang='lat' dir='ltr'>Similia</span> 
     </span>
    </p>
   </div>
   <div class='ocr_carea' id='block_1_22' title="bbox 410 2343 3826 2423">
    <p class='ocr_par' dir='ltr' id='par_1_22' title="bbox 410 2343 3826 2423">
     <span class='ocr_line' id='line_1_22' title="bbox 410 2343 3826 2423; baseline 0 -24"><span class='ocrx_word' id='word_1_290' title='bbox 410 2343 722 2401; x_wconf 72' lang='lat' dir='ltr'>Matthaaus</span> <span class='ocrx_word' id='word_1_291' title='bbox 753 2347 1062 2415; x_wconf 86' lang='lat' dir='ltr'>Blastares,</span> <span class='ocrx_word' id='word_1_292' title='bbox 1095 2350 1154 2404; x_wconf 91' lang='lat' dir='ltr'>in</span> <span class='ocrx_word' id='word_1_293' title='bbox 1186 2350 1428 2420; x_wconf 87' lang='lat' dir='ltr'>Synopsi</span> <span class='ocrx_word' id='word_1_294' title='bbox 1459 2367 1748 2407; x_wconf 86' lang='lat' dir='ltr'>canonum</span> <span class='ocrx_word' id='word_1_295' title='bbox 1782 2368 1837 2423; x_wconf 91' lang='lat' dir='ltr'>p.</span> <span class='ocrx_word' id='word_1_296' title='bbox 1870 2353 1941 2407; x_wconf 87' lang='lat'>57</span> <span class='ocrx_word' id='word_1_297' title='bbox 1971 2368 2090 2422; x_wconf 90' lang='lat' dir='ltr'>seq.</span> <span class='ocrx_word' id='word_1_298' title='bbox 2118 2351 2292 2406; x_wconf 80' lang='lat' dir='ltr'>FABR.</span> <span class='ocrx_word' id='word_1_299' title='bbox 2327 2381 2396 2391; x_wconf 92' lang='lat'><strong><em>—</em></strong></span> <span class='ocrx_word' id='word_1_300' title='bbox 2440 2351 2542 2406; x_wconf 89' lang='lat' dir='ltr'>Hic</span> <span class='ocrx_word' id='word_1_301' title='bbox 2584 2367 2818 2422; x_wconf 91' lang='lat' dir='ltr'>quoque</span> <span class='ocrx_word' id='word_1_302' title='bbox 2850 2351 3138 2420; x_wconf 82' lang='lat' dir='ltr'>adjecerat</span> <span class='ocrx_word' id='word_1_303' title='bbox 3187 2348 3381 2415; x_wconf 90' lang='lat' dir='ltr'>Pselli,</span> <span class='ocrx_word' id='word_1_304' title='bbox 3424 2346 3826 2417; x_wconf 66' lang='lat' dir='ltr'>Metaphraetaa</span> 
     </span>
    </p>
   </div>
   <div class='ocr_carea' id='block_1_23' title="bbox 405 2434 3826 2514">
    <p class='ocr_par' dir='ltr' id='par_1_23' title="bbox 405 2434 3826 2514">
     <span class='ocr_line' id='line_1_23' title="bbox 405 2434 3826 2514; baseline 0.001 -24"><span class='ocrx_word' id='word_1_305' title='bbox 405 2437 681 2504; x_wconf 84' lang='lat' dir='ltr'>ofﬁcium,</span> <span class='ocrx_word' id='word_1_306' title='bbox 718 2439 814 2494; x_wconf 90' lang='lat' dir='ltr'>Gr.</span> <span class='ocrx_word' id='word_1_307' title='bbox 849 2445 905 2494; x_wconf 90' lang='lat' dir='ltr'>et</span> <span class='ocrx_word' id='word_1_308' title='bbox 948 2441 1066 2496; x_wconf 85' lang='lat' dir='ltr'>Lat.</span> <span class='ocrx_word' id='word_1_309' title='bbox 1102 2441 1252 2510; x_wconf 81' lang='grc' dir='ltr'>Μηνὶ</span> <span class='ocrx_word' id='word_1_310' title='bbox 1301 2434 1600 2514; x_wconf 78' lang='grc' dir='ltr'>Νοεμϐρίῳ</span> <span class='ocrx_word' id='word_1_311' title='bbox 1652 2449 1757 2512; x_wconf 87' lang='grc' dir='ltr'>κη’.</span> <span class='ocrx_word' id='word_1_312' title='bbox 1791 2473 1932 2484; x_wconf 83' lang='lat'>—--—</span> <span class='ocrx_word' id='word_1_313' title='bbox 1981 2444 2173 2498; x_wconf 86' lang='lat' dir='ltr'>Mensis</span> <span class='ocrx_word' id='word_1_314' title='bbox 2204 2444 2521 2498; x_wconf 83' lang='lat' dir='ltr'>Novembris</span> <span class='ocrx_word' id='word_1_315' title='bbox 2570 2443 2660 2498; x_wconf 87' lang='lat' dir='ltr'>die</span> <span class='ocrx_word' id='word_1_316' title='bbox 2688 2444 2779 2505; x_wconf 86' lang='lat'>28,</span> <span class='ocrx_word' id='word_1_317' title='bbox 2835 2441 3287 2498; x_wconf 78' lang='lat' dir='ltr'>commemoratio</span> <span class='ocrx_word' id='word_1_318' title='bbox 3347 2439 3402 2493; x_wconf 90' lang='lat' dir='ltr'>S.</span> <span class='ocrx_word' id='word_1_319' title='bbox 3434 2439 3616 2494; x_wconf 77' lang='lat' dir='ltr'>Patris</span> <span class='ocrx_word' id='word_1_320' title='bbox 3648 2439 3826 2494; x_wconf 84' lang='lat' dir='ltr'>nostri</span> 
     </span>
    </p>
   </div>
   <div class='ocr_carea' id='block_1_24' title="bbox 402 2526 3824 2604">
    <p class='ocr_par' dir='ltr' id='par_1_24' title="bbox 402 2526 3824 2604">
     <span class='ocr_line' id='line_1_24' title="bbox 402 2526 3824 2604; baseline 0.001 -25"><span class='ocrx_word' id='word_1_321' title='bbox 402 2526 690 2598; x_wconf 85' lang='lat' dir='ltr'>Symeonis</span> <span class='ocrx_word' id='word_1_322' title='bbox 751 2527 1028 2599; x_wconf 74' lang='lat' dir='ltr'>togethetce</span> <span class='ocrx_word' id='word_1_323' title='bbox 1063 2533 1498 2601; x_wconf 79' lang='lat' dir='ltr'>Metaphrastce:</span> <span class='ocrx_word' id='word_1_324' title='bbox 1560 2532 1822 2604; x_wconf 78' lang='lat' dir='ltr'>Ofﬁcium</span> <span class='ocrx_word' id='word_1_325' title='bbox 1854 2550 1889 2588; x_wconf 75' lang='grc' dir='ltr'>α</span> <span class='ocrx_word' id='word_1_326' title='bbox 1931 2534 2107 2588; x_wconf 83' lang='lat' dir='ltr'>Pselto</span> <span class='ocrx_word' id='word_1_327' title='bbox 2157 2534 2538 2604; x_wconf 85' lang='lat' dir='ltr'>compositum.</span> <span class='ocrx_word' id='word_1_328' title='bbox 2581 2534 2882 2603; x_wconf 81' lang='lat' dir='ltr'>Interprete</span> <span class='ocrx_word' id='word_1_329' title='bbox 2912 2532 3082 2586; x_wconf 81' lang='lat' dir='ltr'>Leone</span> <span class='ocrx_word' id='word_1_330' title='bbox 3112 2528 3346 2585; x_wconf 83' lang='lat' dir='ltr'>Allatio.</span> <span class='ocrx_word' id='word_1_331' title='bbox 3383 2529 3648 2599; x_wconf 77' lang='lat' dir='ltr'>Troparia</span> <span class='ocrx_word' id='word_1_332' title='bbox 3680 2527 3740 2599; x_wconf 91' lang='lat' dir='ltr'>(i.</span> <span class='ocrx_word' id='word_1_333' title='bbox 3772 2543 3824 2582; x_wconf 92' lang='lat' dir='ltr'>e.</span> 
     </span>
    </p>
   </div>
   <div class='ocr_carea' id='block_1_25' title="bbox 400 2615 2059 2694">
    <p class='ocr_par' dir='ltr' id='par_1_25' title="bbox 400 2615 2052 2693">
     <span class='ocr_line' id='line_1_25' title="bbox 400 2615 2052 2693; baseline 0.005 -23"><span class='ocrx_word' id='word_1_334' title='bbox 400 2615 469 2670; x_wconf 91' lang='lat' dir='ltr'>ad</span> <span class='ocrx_word' id='word_1_335' title='bbox 504 2619 794 2688; x_wconf 85' lang='lat' dir='ltr'>vesperas)</span> <span class='ocrx_word' id='word_1_336' title='bbox 817 2620 873 2673; x_wconf 89' lang='lat' dir='ltr'>in</span> <span class='ocrx_word' id='word_1_337' title='bbox 900 2619 1202 2690; x_wconf 76' lang='lat' dir='ltr'>psalmum.</span> <span class='ocrx_word' id='word_1_338' title='bbox 1241 2646 1268 2672; x_wconf 89' lang='grc'><strong><em>‹‹</em></strong></span> <span class='ocrx_word' id='word_1_339' title='bbox 1301 2626 1550 2693; x_wconf 87' lang='lat' dir='ltr'>Domine,</span> <span class='ocrx_word' id='word_1_340' title='bbox 1585 2625 1848 2679; x_wconf 82' lang='lat' dir='ltr'>clamavi.</span> <span class='ocrx_word' id='word_1_341' title='bbox 1889 2647 1908 2672; x_wconf 75' lang='grc' dir='ltr'><strong>ν</strong></span> <span class='ocrx_word' id='word_1_342' title='bbox 1946 2622 2052 2678; x_wconf 63' lang='lat' dir='ltr'>Ecl;</span> 
     </span>
    </p>
   </div>
   <div class='ocr_carea' id='block_1_26' title="bbox 2183 2615 3822 2694">
    <p class='ocr_par' dir='ltr' id='par_1_26' title="bbox 2192 2618 3822 2694">
     <span class='ocr_line' id='line_1_26' title="bbox 2192 2618 3822 2694; baseline -0.004 -17"><span class='ocrx_word' id='word_1_343' title='bbox 2192 2624 2418 2694; x_wconf 81' lang='lat' dir='ltr'>bliquus</span> <span class='ocrx_word' id='word_1_344' title='bbox 2447 2623 2735 2678; x_wconf 83' lang='lat' dir='ltr'>secundus.</span> <span class='ocrx_word' id='word_1_345' title='bbox 2783 2621 2922 2678; x_wconf 91' lang='lat' dir='ltr'>Mihi</span> <span class='ocrx_word' id='word_1_346' title='bbox 2963 2637 3096 2676; x_wconf 89' lang='lat' dir='ltr'>vero</span> <span class='ocrx_word' id='word_1_347' title='bbox 3140 2635 3243 2675; x_wconf 90' lang='lat' dir='ltr'>nec</span> <span class='ocrx_word' id='word_1_348' title='bbox 3291 2618 3670 2674; x_wconf 91' lang='lat' dir='ltr'>commodum</span> <span class='ocrx_word' id='word_1_349' title='bbox 3715 2632 3822 2672; x_wconf 89' lang='lat' dir='ltr'>nec</span> 
     </span>
    </p>
   </div>
   <div class='ocr_carea' id='block_1_27' title="bbox 401 2706 3817 2786">
    <p class='ocr_par' dir='ltr' id='par_1_27' title="bbox 401 2706 3817 2786">
     <span class='ocr_line' id='line_1_27' title="bbox 401 2706 3817 2786; baseline -0 -25"><span class='ocrx_word' id='word_1_350' title='bbox 401 2707 800 2763; x_wconf 86' lang='lat' dir='ltr'>necessarium</span> <span class='ocrx_word' id='word_1_351' title='bbox 833 2725 961 2766; x_wconf 89' lang='lat' dir='ltr'>esse</span> <span class='ocrx_word' id='word_1_352' title='bbox 993 2711 1240 2779; x_wconf 86' lang='lat' dir='ltr'>videtur,</span> <span class='ocrx_word' id='word_1_353' title='bbox 1277 2722 1334 2768; x_wconf 91' lang='lat' dir='ltr'>ut</span> <span class='ocrx_word' id='word_1_354' title='bbox 1383 2715 1482 2769; x_wconf 90' lang='lat' dir='ltr'>illa</span> <span class='ocrx_word' id='word_1_355' title='bbox 1523 2714 1806 2786; x_wconf 89' lang='lat' dir='ltr'>cpuscula</span> <span class='ocrx_word' id='word_1_356' title='bbox 1862 2714 2015 2785; x_wconf 76' lang='lat' dir='ltr'>typis</span> <span class='ocrx_word' id='word_1_357' title='bbox 2048 2719 2387 2785; x_wconf 86' lang='lat' dir='ltr'>repetantur</span> <span class='ocrx_word' id='word_1_358' title='bbox 2444 2714 2502 2768; x_wconf 91' lang='lat' dir='ltr'>in</span> <span class='ocrx_word' id='word_1_359' title='bbox 2549 2714 2657 2769; x_wconf 91' lang='lat' dir='ltr'>hac</span> <span class='ocrx_word' id='word_1_360' title='bbox 2716 2714 2778 2770; x_wconf 93' lang='lat' dir='ltr'>B.</span> <span class='ocrx_word' id='word_1_361' title='bbox 2812 2714 2908 2769; x_wconf 90' lang='lat' dir='ltr'>Gr.</span> <span class='ocrx_word' id='word_1_362' title='bbox 2953 2711 3226 2768; x_wconf 90' lang='lat' dir='ltr'>editione.</span> <span class='ocrx_word' id='word_1_363' title='bbox 3288 2713 3498 2766; x_wconf 87' lang='lat' dir='ltr'>Contra</span> <span class='ocrx_word' id='word_1_364' title='bbox 3536 2706 3817 2780; x_wconf 89' lang='lat' dir='ltr'>quoniam</span> 
     </span>
    </p>
   </div>
   <div class='ocr_carea' id='block_1_28' title="bbox 403 2795 3819 2876">
    <p class='ocr_par' dir='ltr' id='par_1_28' title="bbox 403 2795 3819 2876">
     <span class='ocr_line' id='line_1_28' title="bbox 403 2795 3819 2876; baseline 0 -26"><span class='ocrx_word' id='word_1_365' title='bbox 403 2795 707 2868; x_wconf 89' lang='lat' dir='ltr'>hucusque</span> <span class='ocrx_word' id='word_1_366' title='bbox 735 2798 804 2853; x_wconf 91' lang='lat' dir='ltr'>de</span> <span class='ocrx_word' id='word_1_367' title='bbox 849 2799 1233 2857; x_wconf 87' lang='lat' dir='ltr'>Constantino</span> <span class='ocrx_word' id='word_1_368' title='bbox 1291 2803 1836 2876; x_wconf 79' lang='lat' dir='ltr'>Porphyrogenneto</span> <span class='ocrx_word' id='word_1_369' title='bbox 1882 2802 2255 2874; x_wconf 89' lang='lat' dir='ltr'>scriptisque,</span> <span class='ocrx_word' id='word_1_370' title='bbox 2305 2803 2432 2872; x_wconf 87' lang='lat' dir='ltr'>ejus</span> <span class='ocrx_word' id='word_1_371' title='bbox 2467 2805 2638 2873; x_wconf 86' lang='lat' dir='ltr'>jussu</span> <span class='ocrx_word' id='word_1_372' title='bbox 2689 2802 3086 2873; x_wconf 87' lang='lat' dir='ltr'>auspiciisque</span> <span class='ocrx_word' id='word_1_373' title='bbox 3133 2800 3430 2866; x_wconf 83' lang='lat' dir='ltr'>confectis,</span> <span class='ocrx_word' id='word_1_374' title='bbox 3479 2802 3673 2854; x_wconf 88' lang='lat' dir='ltr'>actum</span> <span class='ocrx_word' id='word_1_375' title='bbox 3709 2800 3819 2863; x_wconf 88' lang='lat' dir='ltr'>est,</span> 
     </span>
    </p>
   </div>
   <div class='ocr_carea' id='block_1_29' title="bbox 405 2884 3825 2965">
    <p class='ocr_par' dir='ltr' id='par_1_29' title="bbox 405 2884 3825 2965">
     <span class='ocr_line' id='line_1_29' title="bbox 405 2884 3825 2965; baseline 0 -27"><span class='ocrx_word' id='word_1_376' title='bbox 405 2884 656 2956; x_wconf 85' lang='lat' dir='ltr'>adjicere</span> <span class='ocrx_word' id='word_1_377' title='bbox 685 2885 873 2956; x_wconf 85' lang='lat' dir='ltr'>placet</span> <span class='ocrx_word' id='word_1_378' title='bbox 904 2889 1171 2946; x_wconf 89' lang='lat' dir='ltr'>notitiam</span> <span class='ocrx_word' id='word_1_379' title='bbox 1208 2892 1616 2948; x_wconf 68' lang='lat' dir='ltr'>Cazremoniatis</span> <span class='ocrx_word' id='word_1_380' title='bbox 1666 2896 1967 2948; x_wconf 85' lang='lat' dir='ltr'>Constant.</span> <span class='ocrx_word' id='word_1_381' title='bbox 2001 2892 2305 2965; x_wconf 81' lang='lat' dir='ltr'>Porphyr.,</span> <span class='ocrx_word' id='word_1_382' title='bbox 2347 2891 2594 2948; x_wconf 88' lang='lat' dir='ltr'>Fabricii</span> <span class='ocrx_word' id='word_1_383' title='bbox 2653 2896 2821 2948; x_wconf 71' lang='lat' dir='ltr'>aetate</span> <span class='ocrx_word' id='word_1_384' title='bbox 2879 2891 3144 2946; x_wconf 91' lang='lat' dir='ltr'>nondum</span> <span class='ocrx_word' id='word_1_385' title='bbox 3195 2887 3359 2955; x_wconf 91' lang='lat' dir='ltr'>editi,</span> <span class='ocrx_word' id='word_1_386' title='bbox 3393 2888 3648 2943; x_wconf 90' lang='lat' dir='ltr'>brevem.</span> <span class='ocrx_word' id='word_1_387' title='bbox 3709 2885 3825 2940; x_wconf 91' lang='lat' dir='ltr'>Sed</span> 
     </span>
    </p>
   </div>
   <div class='ocr_carea' id='block_1_30' title="bbox 403 2975 3368 3054">
    <p class='ocr_par' dir='ltr' id='par_1_30' title="bbox 403 2975 3368 3054">
     <span class='ocr_line' id='line_1_30' title="bbox 403 2975 3368 3054; baseline 0.002 -27"><span class='ocrx_word' id='word_1_388' title='bbox 403 2975 678 3046; x_wconf 89' lang='lat' dir='ltr'>quoniam</span> <span class='ocrx_word' id='word_1_389' title='bbox 707 2991 853 3045; x_wconf 92' lang='lat' dir='ltr'>opus</span> <span class='ocrx_word' id='word_1_390' title='bbox 885 2983 1084 3048; x_wconf 90' lang='lat' dir='ltr'>postea</span> <span class='ocrx_word' id='word_1_391' title='bbox 1113 2980 1304 3036; x_wconf 90' lang='lat' dir='ltr'>lucem</span> <span class='ocrx_word' id='word_1_392' title='bbox 1339 2981 1481 3036; x_wconf 91' lang='lat' dir='ltr'>vidit</span> <span class='ocrx_word' id='word_1_393' title='bbox 1510 2985 1568 3036; x_wconf 89' lang='lat' dir='ltr'>et</span> <span class='ocrx_word' id='word_1_394' title='bbox 1599 2981 1737 3038; x_wconf 89' lang='lat' dir='ltr'>satis</span> <span class='ocrx_word' id='word_1_395' title='bbox 1772 2986 1971 3037; x_wconf 88' lang='lat' dir='ltr'>notum</span> <span class='ocrx_word' id='word_1_396' title='bbox 2004 2985 2110 3046; x_wconf 92' lang='lat' dir='ltr'>est,</span> <span class='ocrx_word' id='word_1_397' title='bbox 2145 2982 2462 3037; x_wconf 83' lang='lat' dir='ltr'>maximam</span> <span class='ocrx_word' id='word_1_398' title='bbox 2495 2986 2521 3051; x_wconf 84' lang='lat'>§</span> <span class='ocrx_word' id='word_1_399' title='bbox 2551 2981 2673 3038; x_wconf 88' lang='lat' dir='ltr'>XIV</span> <span class='ocrx_word' id='word_1_400' title='bbox 2704 2987 2928 3054; x_wconf 88' lang='lat' dir='ltr'>partem</span> <span class='ocrx_word' id='word_1_401' title='bbox 2961 2979 3169 3037; x_wconf 90' lang='lat' dir='ltr'>delevi.</span> <span class='ocrx_word' id='word_1_402' title='bbox 3190 2979 3368 3034; x_wconf 64' lang='lat' dir='ltr'>Hann.</span> 
     </span>
    </p>
   </div>
   <div class='ocr_carea' id='block_1_31' title="bbox 471 3064 3823 3143">
    <p class='ocr_par' dir='ltr' id='par_1_31' title="bbox 471 3064 3823 3143">
     <span class='ocr_line' id='line_1_31' title="bbox 471 3064 3823 3143; baseline 0.002 -25"><span class='ocrx_word' id='word_1_403' title='bbox 471 3064 781 3120; x_wconf 84' lang='lat' dir='ltr'>Zacharias</span> <span class='ocrx_word' id='word_1_404' title='bbox 812 3066 1035 3123; x_wconf 88' lang='lat' dir='ltr'>Conrad</span> <span class='ocrx_word' id='word_1_405' title='bbox 1069 3069 1141 3124; x_wconf 87' lang='lat' dir='ltr'>ab</span> <span class='ocrx_word' id='word_1_406' title='bbox 1195 3071 1507 3126; x_wconf 74' lang='lat' dir='ltr'>Uti&#39;enbach</span> <span class='ocrx_word' id='word_1_407' title='bbox 1544 3072 1883 3142; x_wconf 89' lang='lat' dir='ltr'>possederat</span> <span class='ocrx_word' id='word_1_408' title='bbox 1921 3071 2049 3127; x_wconf 93' lang='lat' dir='ltr'>cod.</span> <span class='ocrx_word' id='word_1_409' title='bbox 2083 3071 2140 3124; x_wconf 91' lang='lat' dir='ltr'>in</span> <span class='ocrx_word' id='word_1_410' title='bbox 2165 3072 2301 3127; x_wconf 91' lang='lat' dir='ltr'>orbe</span> <span class='ocrx_word' id='word_1_411' title='bbox 2351 3072 2548 3129; x_wconf 86' lang='lat' dir='ltr'>forsan</span> <span class='ocrx_word' id='word_1_412' title='bbox 2606 3072 2870 3140; x_wconf 89' lang='lat' dir='ltr'>unicum,</span> <span class='ocrx_word' id='word_1_413' title='bbox 2928 3070 3130 3143; x_wconf 88' lang='lat' dir='ltr'>paucis</span> <span class='ocrx_word' id='word_1_414' title='bbox 3161 3073 3331 3124; x_wconf 84' lang='lat' dir='ltr'>antea</span> <span class='ocrx_word' id='word_1_415' title='bbox 3389 3067 3477 3123; x_wconf 92' lang='lat' dir='ltr'>vel</span> <span class='ocrx_word' id='word_1_416' title='bbox 3527 3067 3823 3139; x_wconf 85' lang='lat' dir='ltr'>cognitum</span> 
     </span>
    </p>
   </div>
   <div class='ocr_carea' id='block_1_32' title="bbox 401 3152 3830 3231">
    <p class='ocr_par' dir='ltr' id='par_1_32' title="bbox 401 3152 3830 3231">
     <span class='ocr_line' id='line_1_32' title="bbox 401 3152 3830 3231; baseline 0.001 -23"><span class='ocrx_word' id='word_1_417' title='bbox 401 3152 488 3208; x_wconf 91' lang='lat' dir='ltr'>vel</span> <span class='ocrx_word' id='word_1_418' title='bbox 525 3158 937 3224; x_wconf 89' lang='lat' dir='ltr'>memoratum,</span> <span class='ocrx_word' id='word_1_419' title='bbox 971 3157 1072 3228; x_wconf 91' lang='lat' dir='ltr'>qui</span> <span class='ocrx_word' id='word_1_420' title='bbox 1104 3174 1156 3212; x_wconf 89' lang='lat' dir='ltr'>a.</span> <span class='ocrx_word' id='word_1_421' title='bbox 1188 3159 1325 3212; x_wconf 88' lang='lat'>1732</span> <span class='ocrx_word' id='word_1_422' title='bbox 1349 3160 1612 3230; x_wconf 86' lang='lat' dir='ltr'>pervenit</span> <span class='ocrx_word' id='word_1_423' title='bbox 1640 3159 1700 3213; x_wconf 90' lang='lat' dir='ltr'>in</span> <span class='ocrx_word' id='word_1_424' title='bbox 1733 3159 2146 3214; x_wconf 88' lang='lat' dir='ltr'>bibliothecam</span> <span class='ocrx_word' id='word_1_425' title='bbox 2205 3168 2440 3216; x_wconf 86' lang='lat' dir='ltr'>senatus</span> <span class='ocrx_word' id='word_1_426' title='bbox 2499 3160 2841 3231; x_wconf 89' lang='lat' dir='ltr'>Lipsiensis.</span> <span class='ocrx_word' id='word_1_427' title='bbox 2896 3159 2950 3215; x_wconf 90' lang='lat' dir='ltr'>Is</span> <span class='ocrx_word' id='word_1_428' title='bbox 2979 3175 3112 3214; x_wconf 88' lang='lat' dir='ltr'>vero</span> <span class='ocrx_word' id='word_1_429' title='bbox 3161 3156 3420 3212; x_wconf 90' lang='lat' dir='ltr'>continet</span> <span class='ocrx_word' id='word_1_430' title='bbox 3475 3156 3830 3211; x_wconf 78' lang='lat' dir='ltr'>Constantini</span> 
     </span>
    </p>
   </div>
   <div class='ocr_carea' id='block_1_33' title="bbox 397 3243 3825 3321">
    <p class='ocr_par' dir='ltr' id='par_1_33' title="bbox 397 3243 3825 3321">
     <span class='ocr_line' id='line_1_33' title="bbox 397 3243 3825 3321; baseline 0.001 -24"><span class='ocrx_word' id='word_1_431' title='bbox 397 3243 910 3315; x_wconf 81' lang='lat' dir='ltr'>Porphyrogenneti</span> <span class='ocrx_word' id='word_1_432' title='bbox 939 3246 1105 3301; x_wconf 80' lang='lat' dir='ltr'>libros</span> <span class='ocrx_word' id='word_1_433' title='bbox 1134 3247 1240 3303; x_wconf 88' lang='lat' dir='ltr'>duo</span> <span class='ocrx_word' id='word_1_434' title='bbox 1271 3248 1337 3302; x_wconf 80' lang='lat' dir='ltr'>de</span> <span class='ocrx_word' id='word_1_435' title='bbox 1367 3248 1696 3304; x_wconf 81' lang='lat' dir='ltr'>cerimoniis</span> <span class='ocrx_word' id='word_1_436' title='bbox 1743 3249 1886 3304; x_wconf 70' lang='lat' dir='ltr'>aula:</span> <span class='ocrx_word' id='word_1_437' title='bbox 1914 3249 2261 3321; x_wconf 62' lang='lat' dir='ltr'>Byzantina;</span> <span class='ocrx_word' id='word_1_438' title='bbox 2299 3266 2404 3306; x_wconf 92' lang='lat' dir='ltr'>nec</span> <span class='ocrx_word' id='word_1_439' title='bbox 2459 3266 2593 3306; x_wconf 88' lang='lat' dir='ltr'>vero</span> <span class='ocrx_word' id='word_1_440' title='bbox 2625 3267 2780 3306; x_wconf 88' lang='lat' dir='ltr'>unus</span> <span class='ocrx_word' id='word_1_441' title='bbox 2829 3248 3194 3305; x_wconf 80' lang='lat' dir='ltr'>Constantia.</span> <span class='ocrx_word' id='word_1_442' title='bbox 3227 3246 3584 3319; x_wconf 82' lang='lat' dir='ltr'>Porphyrog.</span> <span class='ocrx_word' id='word_1_443' title='bbox 3619 3250 3825 3301; x_wconf 89' lang='lat' dir='ltr'>auctor</span> 
     </span>
    </p>
   </div>
   <div class='ocr_carea' id='block_1_34' title="bbox 401 3333 3825 3411">
    <p class='ocr_par' dir='ltr' id='par_1_34' title="bbox 401 3333 3825 3411">
     <span class='ocr_line' id='line_1_34' title="bbox 401 3333 3825 3411; baseline 0.001 -26"><span class='ocrx_word' id='word_1_444' title='bbox 401 3333 621 3402; x_wconf 89' lang='lat' dir='ltr'>operis,</span> <span class='ocrx_word' id='word_1_445' title='bbox 648 3333 803 3403; x_wconf 91' lang='lat' dir='ltr'>quod</span> <span class='ocrx_word' id='word_1_446' title='bbox 833 3334 1074 3405; x_wconf 89' lang='lat' dir='ltr'>quidem</span> <span class='ocrx_word' id='word_1_447' title='bbox 1100 3336 1170 3390; x_wconf 89' lang='lat' dir='ltr'>ad</span> <span class='ocrx_word' id='word_1_448' title='bbox 1205 3340 1466 3392; x_wconf 86' lang='lat' dir='ltr'>nostram</span> <span class='ocrx_word' id='word_1_449' title='bbox 1503 3338 1762 3408; x_wconf 87' lang='lat' dir='ltr'>pervenit</span> <span class='ocrx_word' id='word_1_450' title='bbox 1811 3342 2058 3406; x_wconf 84' lang='lat' dir='ltr'>aetatem,</span> <span class='ocrx_word' id='word_1_451' title='bbox 2105 3338 2232 3406; x_wconf 89' lang='lat' dir='ltr'>fuit,</span> <span class='ocrx_word' id='word_1_452' title='bbox 2285 3338 2409 3407; x_wconf 91' lang='lat' dir='ltr'>sed,</span> <span class='ocrx_word' id='word_1_453' title='bbox 2461 3341 2610 3410; x_wconf 89' lang='lat' dir='ltr'>quod</span> <span class='ocrx_word' id='word_1_454' title='bbox 2657 3339 2897 3411; x_wconf 87' lang='lat' dir='ltr'>quidem</span> <span class='ocrx_word' id='word_1_455' title='bbox 2933 3337 3228 3409; x_wconf 87' lang='lat' dir='ltr'>probabile</span> <span class='ocrx_word' id='word_1_456' title='bbox 3252 3335 3558 3392; x_wconf 89' lang='lat' dir='ltr'>videbatur</span> <span class='ocrx_word' id='word_1_457' title='bbox 3589 3334 3825 3391; x_wconf 85' lang='lat' dir='ltr'>Reiskio</span> 
     </span>
    </p>
   </div>
   <div class='ocr_carea' id='block_1_35' title="bbox 400 3420 3823 3498">
    <p class='ocr_par' dir='ltr' id='par_1_35' title="bbox 400 3420 3823 3498">
     <span class='ocr_line' id='line_1_35' title="bbox 400 3420 3823 3498; baseline 0.002 -25"><span class='ocrx_word' id='word_1_458' title='bbox 400 3420 461 3474; x_wconf 92' lang='lat' dir='ltr'>in</span> <span class='ocrx_word' id='word_1_459' title='bbox 491 3422 652 3492; x_wconf 76' lang='lat' dir='ltr'>praef.</span> <span class='ocrx_word' id='word_1_460' title='bbox 678 3423 748 3477; x_wconf 91' lang='lat' dir='ltr'>ad</span> <span class='ocrx_word' id='word_1_461' title='bbox 781 3423 893 3479; x_wconf 92' lang='lat' dir='ltr'>vol.</span> <span class='ocrx_word' id='word_1_462' title='bbox 928 3426 973 3494; x_wconf 86' lang='grc' dir='ltr'>Ι,</span> <span class='ocrx_word' id='word_1_463' title='bbox 1008 3428 1196 3497; x_wconf 85' lang='lat' dir='ltr'>pag.7</span> <span class='ocrx_word' id='word_1_464' title='bbox 1229 3443 1380 3496; x_wconf 88' lang='lat' dir='ltr'>sqq.,</span> <span class='ocrx_word' id='word_1_465' title='bbox 1441 3431 1614 3498; x_wconf 89' lang='lat' dir='ltr'>atque</span> <span class='ocrx_word' id='word_1_466' title='bbox 1645 3427 1703 3481; x_wconf 92' lang='lat' dir='ltr'>in</span> <span class='ocrx_word' id='word_1_467' title='bbox 1755 3427 1912 3497; x_wconf 64' lang='lat' dir='ltr'>praef.</span> <span class='ocrx_word' id='word_1_468' title='bbox 1948 3428 2063 3483; x_wconf 81' lang='lat' dir='ltr'>fine</span> <span class='ocrx_word' id='word_1_469' title='bbox 2119 3429 2188 3483; x_wconf 89' lang='lat' dir='ltr'>ad</span> <span class='ocrx_word' id='word_1_470' title='bbox 2221 3428 2335 3484; x_wconf 91' lang='lat' dir='ltr'>vol.</span> <span class='ocrx_word' id='word_1_471' title='bbox 2375 3430 2451 3496; x_wconf 86' lang='lat' dir='ltr'>II,</span> <span class='ocrx_word' id='word_1_472' title='bbox 2483 3434 2540 3485; x_wconf 89' lang='lat' dir='ltr'>et</span> <span class='ocrx_word' id='word_1_473' title='bbox 2595 3429 2646 3485; x_wconf 88' lang='lat' dir='ltr'>J.</span> <span class='ocrx_word' id='word_1_474' title='bbox 2678 3431 2749 3484; x_wconf 84' lang='lat' dir='ltr'>M.</span> <span class='ocrx_word' id='word_1_475' title='bbox 2811 3431 3062 3484; x_wconf 87' lang='lat' dir='ltr'>Gesnero</span> <span class='ocrx_word' id='word_1_476' title='bbox 3101 3428 3159 3483; x_wconf 90' lang='lat' dir='ltr'>in</span> <span class='ocrx_word' id='word_1_477' title='bbox 3216 3426 3641 3493; x_wconf 81' lang='lat' dir='ltr'>Relationibus,</span> <span class='ocrx_word' id='word_1_478' title='bbox 3684 3431 3823 3495; x_wconf 89' lang='lat' dir='ltr'>etc.,</span> 
     </span>
    </p>
   </div>
   <div class='ocr_carea' id='block_1_36' title="bbox 403 3511 3827 3590">
    <p class='ocr_par' dir='ltr' id='par_1_36' title="bbox 403 3511 3827 3590">
     <span class='ocr_line' id='line_1_36' title="bbox 403 3511 3827 3590; baseline 0.002 -27"><span class='ocrx_word' id='word_1_479' title='bbox 403 3516 612 3581; x_wconf 86' lang='lat' dir='ltr'>postea</span> <span class='ocrx_word' id='word_1_480' title='bbox 641 3511 971 3580; x_wconf 87' lang='lat' dir='ltr'>laudandis,</span> <span class='ocrx_word' id='word_1_481' title='bbox 1007 3513 1119 3570; x_wconf 90' lang='lat' dir='ltr'>vol.</span> <span class='ocrx_word' id='word_1_482' title='bbox 1146 3517 1191 3580; x_wconf 90' lang='grc' dir='ltr'>Ι,</span> <span class='ocrx_word' id='word_1_483' title='bbox 1225 3531 1282 3585; x_wconf 93' lang='lat' dir='ltr'>p.</span> <span class='ocrx_word' id='word_1_484' title='bbox 1316 3516 1440 3583; x_wconf 87' lang='lat'>392,</span> <span class='ocrx_word' id='word_1_485' title='bbox 1468 3516 1693 3585; x_wconf 86' lang='lat' dir='ltr'>adjecta</span> <span class='ocrx_word' id='word_1_486' title='bbox 1723 3521 1864 3571; x_wconf 90' lang='lat' dir='ltr'>sunt</span> <span class='ocrx_word' id='word_1_487' title='bbox 1895 3517 2156 3586; x_wconf 66' lang='lat' dir='ltr'>quedam</span> <span class='ocrx_word' id='word_1_488' title='bbox 2189 3517 2260 3572; x_wconf 87' lang='lat' dir='ltr'>ab</span> <span class='ocrx_word' id='word_1_489' title='bbox 2292 3517 2452 3573; x_wconf 87' lang='lat' dir='ltr'>illius</span> <span class='ocrx_word' id='word_1_490' title='bbox 2482 3522 2692 3590; x_wconf 89' lang='lat' dir='ltr'>nepote</span> <span class='ocrx_word' id='word_1_491' title='bbox 2741 3515 3085 3589; x_wconf 88' lang='lat' dir='ltr'>cognomine</span> <span class='ocrx_word' id='word_1_492' title='bbox 3134 3515 3397 3586; x_wconf 83' lang='lat' dir='ltr'>aliisque.</span> <span class='ocrx_word' id='word_1_493' title='bbox 3431 3515 3598 3569; x_wconf 89' lang='lat' dir='ltr'>Sistit</span> <span class='ocrx_word' id='word_1_494' title='bbox 3627 3518 3827 3569; x_wconf 83' lang='lat' dir='ltr'>autem</span> 
     </span>
    </p>
   </div>
   <div class='ocr_carea' id='block_1_37' title="bbox 399 3601 3821 3676">
    <p class='ocr_par' dir='ltr' id='par_1_37' title="bbox 399 3601 3821 3676">
     <span class='ocr_line' id='line_1_37' title="bbox 399 3601 3821 3676; baseline 0.002 -25"><span class='ocrx_word' id='word_1_495' title='bbox 399 3615 547 3669; x_wconf 90' lang='lat' dir='ltr'>opus</span> <span class='ocrx_word' id='word_1_496' title='bbox 605 3601 958 3655; x_wconf 82' lang='lat' dir='ltr'>cerimonias</span> <span class='ocrx_word' id='word_1_497' title='bbox 1019 3602 1081 3657; x_wconf 92' lang='lat' dir='ltr'>in</span> <span class='ocrx_word' id='word_1_498' title='bbox 1144 3602 1279 3658; x_wconf 89' lang='lat' dir='ltr'>aula</span> <span class='ocrx_word' id='word_1_499' title='bbox 1335 3608 1392 3658; x_wconf 92' lang='lat' dir='ltr'>et</span> <span class='ocrx_word' id='word_1_500' title='bbox 1441 3603 1696 3659; x_wconf 88' lang='lat' dir='ltr'>Ecclesia</span> <span class='ocrx_word' id='word_1_501' title='bbox 1734 3605 2383 3676; x_wconf 88' lang='lat' dir='ltr'>Constantinopolitana</span> <span class='ocrx_word' id='word_1_502' title='bbox 2460 3607 2875 3673; x_wconf 88' lang='lat' dir='ltr'>observandas,</span> <span class='ocrx_word' id='word_1_503' title='bbox 2925 3621 3152 3661; x_wconf 89' lang='lat' dir='ltr'>necnon</span> <span class='ocrx_word' id='word_1_504' title='bbox 3227 3605 3286 3660; x_wconf 90' lang='lat' dir='ltr'>in</span> <span class='ocrx_word' id='word_1_505' title='bbox 3353 3603 3821 3675; x_wconf 86' lang='lat' dir='ltr'>expeditionibus</span> 
     </span>
    </p>
   </div>
   <div class='ocr_carea' id='block_1_38' title="bbox 400 3687 3821 3769">
    <p class='ocr_par' dir='ltr' id='par_1_38' title="bbox 400 3687 3821 3769">
     <span class='ocr_line' id='line_1_38' title="bbox 400 3687 3821 3769; baseline 0.002 -28"><span class='ocrx_word' id='word_1_506' title='bbox 400 3687 624 3744; x_wconf 86' lang='lat' dir='ltr'>bellicis</span> <span class='ocrx_word' id='word_1_507' title='bbox 660 3695 714 3745; x_wconf 89' lang='lat' dir='ltr'>et</span> <span class='ocrx_word' id='word_1_508' title='bbox 739 3690 893 3746; x_wconf 79' lang='lat' dir='ltr'>ludis</span> <span class='ocrx_word' id='word_1_509' title='bbox 927 3691 1174 3762; x_wconf 87' lang='lat' dir='ltr'>publicis</span> <span class='ocrx_word' id='word_1_510' title='bbox 1233 3709 1299 3749; x_wconf 88' lang='lat' dir='ltr'>ac</span> <span class='ocrx_word' id='word_1_511' title='bbox 1356 3693 1737 3751; x_wconf 83' lang='lat' dir='ltr'>solemnibus.</span> <span class='ocrx_word' id='word_1_512' title='bbox 1778 3694 1947 3750; x_wconf 88' lang='lat' dir='ltr'>Illum</span> <span class='ocrx_word' id='word_1_513' title='bbox 2007 3697 2267 3752; x_wconf 88' lang='lat' dir='ltr'>codicem</span> <span class='ocrx_word' id='word_1_514' title='bbox 2326 3697 2560 3753; x_wconf 89' lang='lat' dir='ltr'>uberius</span> <span class='ocrx_word' id='word_1_515' title='bbox 2616 3697 2923 3769; x_wconf 88' lang='lat' dir='ltr'>descripsit</span> <span class='ocrx_word' id='word_1_516' title='bbox 2949 3697 3003 3753; x_wconf 91' lang='lat' dir='ltr'>J.</span> <span class='ocrx_word' id='word_1_517' title='bbox 3042 3697 3105 3751; x_wconf 87' lang='grc' dir='ltr'>Η.</span> <span class='ocrx_word' id='word_1_518' title='bbox 3137 3695 3324 3752; x_wconf 90' lang='lat' dir='ltr'>Maius</span> <span class='ocrx_word' id='word_1_519' title='bbox 3355 3695 3417 3751; x_wconf 92' lang='lat' dir='ltr'>in</span> <span class='ocrx_word' id='word_1_520' title='bbox 3441 3694 3613 3751; x_wconf 88' lang='lat' dir='ltr'>catal.</span> <span class='ocrx_word' id='word_1_521' title='bbox 3675 3711 3821 3752; x_wconf 89' lang='lat' dir='ltr'>mss.</span> 
     </span>
    </p>
   </div>
   <div class='ocr_carea' id='block_1_39' title="bbox 401 3778 3828 3858">
    <p class='ocr_par' dir='ltr' id='par_1_39' title="bbox 401 3778 3828 3858">
     <span class='ocr_line' id='line_1_39' title="bbox 401 3778 3828 3858; baseline 0.002 -26"><span class='ocrx_word' id='word_1_522' title='bbox 401 3778 668 3834; x_wconf 89' lang='lat' dir='ltr'>codicum</span> <span class='ocrx_word' id='word_1_523' title='bbox 705 3779 765 3834; x_wconf 91' lang='lat' dir='ltr'>in</span> <span class='ocrx_word' id='word_1_524' title='bbox 798 3781 938 3835; x_wconf 85' lang='lat' dir='ltr'>bibl.</span> <span class='ocrx_word' id='word_1_525' title='bbox 977 3782 1311 3838; x_wconf 77' lang='lat' dir='ltr'>UtTenbach.</span> <span class='ocrx_word' id='word_1_526' title='bbox 1345 3788 1494 3854; x_wconf 89' lang='lat' dir='ltr'>part.</span> <span class='ocrx_word' id='word_1_527' title='bbox 1529 3801 1591 3852; x_wconf 80' lang='grc' dir='ltr'>ιι,</span> <span class='ocrx_word' id='word_1_528' title='bbox 1625 3801 1684 3840; x_wconf 91' lang='lat' dir='ltr'>n.</span> <span class='ocrx_word' id='word_1_529' title='bbox 1720 3786 1806 3850; x_wconf 86' lang='lat'>17,</span> <span class='ocrx_word' id='word_1_530' title='bbox 1827 3802 1953 3856; x_wconf 84' lang='lat' dir='ltr'>pag.</span> <span class='ocrx_word' id='word_1_531' title='bbox 1985 3786 2251 3854; x_wconf 83' lang='lat'>537-567,</span> <span class='ocrx_word' id='word_1_532' title='bbox 2285 3803 2354 3842; x_wconf 86' lang='lat' dir='ltr'>ex</span> <span class='ocrx_word' id='word_1_533' title='bbox 2384 3803 2568 3858; x_wconf 90' lang='lat' dir='ltr'>eoque</span> <span class='ocrx_word' id='word_1_534' title='bbox 2599 3787 2883 3858; x_wconf 78' lang='lat' dir='ltr'>excerpsit</span> <span class='ocrx_word' id='word_1_535' title='bbox 2909 3787 3186 3856; x_wconf 90' lang='lat' dir='ltr'>primum.</span> <span class='ocrx_word' id='word_1_536' title='bbox 3211 3784 3664 3854; x_wconf 74' lang='grc' dir='ltr'>’Υπόθεσιν,θῐο.,</span> <span class='ocrx_word' id='word_1_537' title='bbox 3688 3784 3828 3840; x_wconf 87' lang='lat' dir='ltr'>desi-</span> 
     </span>
    </p>
   </div>
   <div class='ocr_carea' id='block_1_40' title="bbox 400 3870 3821 3949">
    <p class='ocr_par' dir='ltr' id='par_1_40' title="bbox 400 3870 3821 3949">
     <span class='ocr_line' id='line_1_40' title="bbox 400 3870 3821 3949; baseline 0.002 -27"><span class='ocrx_word' id='word_1_538' title='bbox 400 3870 731 3938; x_wconf 86' lang='lat' dir='ltr'>gnationem</span> <span class='ocrx_word' id='word_1_539' title='bbox 769 3871 1181 3941; x_wconf 73' lang='lat' dir='ltr'>expeditionum</span> <span class='ocrx_word' id='word_1_540' title='bbox 1215 3873 1565 3943; x_wconf 83' lang='lat' dir='ltr'>imperatoris</span> <span class='ocrx_word' id='word_1_541' title='bbox 1596 3875 1923 3930; x_wconf 81' lang='lat' dir='ltr'>bellicarum</span> <span class='ocrx_word' id='word_1_542' title='bbox 1955 3879 2006 3929; x_wconf 88' lang='lat' dir='ltr'>et</span> <span class='ocrx_word' id='word_1_543' title='bbox 2035 3877 2355 3931; x_wconf 83' lang='lat' dir='ltr'>memoriale</span> <span class='ocrx_word' id='word_1_544' title='bbox 2382 3892 2480 3949; x_wconf 88' lang='lat' dir='ltr'>pro</span> <span class='ocrx_word' id='word_1_545' title='bbox 2509 3879 2726 3945; x_wconf 78' lang='lat' dir='ltr'>castris,</span> <span class='ocrx_word' id='word_1_546' title='bbox 2761 3881 2884 3931; x_wconf 91' lang='lat' dir='ltr'>tum</span> <span class='ocrx_word' id='word_1_547' title='bbox 2916 3875 3159 3932; x_wconf 85' lang='lat' dir='ltr'>indicem</span> <span class='ocrx_word' id='word_1_548' title='bbox 3206 3876 3449 3946; x_wconf 83' lang='lat' dir='ltr'>capitum</span> <span class='ocrx_word' id='word_1_549' title='bbox 3489 3873 3585 3928; x_wconf 83' lang='lat' dir='ltr'>tib.</span> <span class='ocrx_word' id='word_1_550' title='bbox 3610 3890 3629 3928; x_wconf 85' lang='grc' dir='ltr'>ι</span> <span class='ocrx_word' id='word_1_551' title='bbox 3675 3878 3728 3929; x_wconf 82' lang='lat' dir='ltr'>et</span> <span class='ocrx_word' id='word_1_552' title='bbox 3757 3889 3821 3940; x_wconf 84' lang='grc' dir='ltr'>ιι,</span> 
     </span>
    </p>
   </div>
   <div class='ocr_carea' id='block_1_41' title="bbox 404 3957 3824 4038">
    <p class='ocr_par' dir='ltr' id='par_1_41' title="bbox 404 3957 3824 4038">
     <span class='ocr_line' id='line_1_41' title="bbox 404 3957 3824 4038; baseline 0.002 -27"><span class='ocrx_word' id='word_1_553' title='bbox 404 3957 597 4012; x_wconf 81' lang='lat' dir='ltr'>Graece</span> <span class='ocrx_word' id='word_1_554' title='bbox 628 3976 758 4014; x_wconf 94' lang='lat' dir='ltr'>cum</span> <span class='ocrx_word' id='word_1_555' title='bbox 784 3977 887 4015; x_wconf 90' lang='lat' dir='ltr'>sua</span> <span class='ocrx_word' id='word_1_556' title='bbox 909 3961 1168 4018; x_wconf 87' lang='lat' dir='ltr'>versione</span> <span class='ocrx_word' id='word_1_557' title='bbox 1195 3965 1419 4020; x_wconf 85' lang='lat' dir='ltr'>Latina.</span> <span class='ocrx_word' id='word_1_558' title='bbox 1453 3965 1518 4018; x_wconf 89' lang='lat' dir='ltr'>Et</span> <span class='ocrx_word' id='word_1_559' title='bbox 1549 3964 2011 4035; x_wconf 84' lang='lat' dir='ltr'>designationem</span> <span class='ocrx_word' id='word_1_560' title='bbox 2044 3970 2098 4020; x_wconf 88' lang='lat' dir='ltr'>et</span> <span class='ocrx_word' id='word_1_561' title='bbox 2139 3965 2392 4021; x_wconf 88' lang='lat' dir='ltr'>indicem</span> <span class='ocrx_word' id='word_1_562' title='bbox 2423 3983 2491 4021; x_wconf 88' lang='lat' dir='ltr'>ex</span> <span class='ocrx_word' id='word_1_563' title='bbox 2543 3967 2641 4022; x_wconf 93' lang='lat' dir='ltr'>illo</span> <span class='ocrx_word' id='word_1_564' title='bbox 2701 3964 2982 4038; x_wconf 89' lang='lat' dir='ltr'>catalogo,</span> <span class='ocrx_word' id='word_1_565' title='bbox 3042 3965 3307 4035; x_wconf 88' lang='lat' dir='ltr'>salivam,</span> <span class='ocrx_word' id='word_1_566' title='bbox 3369 3964 3562 4028; x_wconf 88' lang='lat' dir='ltr'>credo,</span> <span class='ocrx_word' id='word_1_567' title='bbox 3605 3967 3670 4018; x_wconf 89' lang='lat' dir='ltr'>ut</span> <span class='ocrx_word' id='word_1_568' title='bbox 3701 3979 3824 4018; x_wconf 86' lang='lat' dir='ltr'>mo-</span> 
     </span>
    </p>
   </div>
   <div class='ocr_carea' id='block_1_42' title="bbox 402 4049 3830 4130">
    <p class='ocr_par' dir='ltr' id='par_1_42' title="bbox 402 4049 3830 4130">
     <span class='ocr_line' id='line_1_42' title="bbox 402 4049 3830 4130; baseline 0.002 -30"><span class='ocrx_word' id='word_1_569' title='bbox 402 4054 559 4102; x_wconf 89' lang='lat' dir='ltr'>veret</span> <span class='ocrx_word' id='word_1_570' title='bbox 586 4049 725 4104; x_wconf 89' lang='lat' dir='ltr'>viris</span> <span class='ocrx_word' id='word_1_571' title='bbox 757 4050 962 4116; x_wconf 88' lang='lat' dir='ltr'>doctis,</span> <span class='ocrx_word' id='word_1_572' title='bbox 998 4051 1150 4123; x_wconf 86' lang='lat' dir='ltr'>typis</span> <span class='ocrx_word' id='word_1_573' title='bbox 1182 4053 1357 4124; x_wconf 89' lang='lat' dir='ltr'>repeti</span> <span class='ocrx_word' id='word_1_574' title='bbox 1394 4053 1607 4109; x_wconf 84' lang='lat' dir='ltr'>fecerat</span> <span class='ocrx_word' id='word_1_575' title='bbox 1661 4055 1965 4110; x_wconf 86' lang='lat' dir='ltr'>Fabricius</span> <span class='ocrx_word' id='word_1_576' title='bbox 1996 4056 2055 4111; x_wconf 90' lang='lat' dir='ltr'>in</span> <span class='ocrx_word' id='word_1_577' title='bbox 2090 4056 2230 4111; x_wconf 89' lang='lat' dir='ltr'>edit.</span> <span class='ocrx_word' id='word_1_578' title='bbox 2289 4057 2324 4111; x_wconf 97' lang='lat'>2</span> <span class='ocrx_word' id='word_1_579' title='bbox 2357 4057 2416 4114; x_wconf 89' lang='lat' dir='ltr'>B.</span> <span class='ocrx_word' id='word_1_580' title='bbox 2471 4057 2567 4112; x_wconf 87' lang='lat' dir='ltr'>Gr.</span> <span class='ocrx_word' id='word_1_581' title='bbox 2605 4059 2699 4123; x_wconf 81' lang='lat' dir='ltr'>At,</span> <span class='ocrx_word' id='word_1_582' title='bbox 2732 4072 2904 4130; x_wconf 89' lang='lat' dir='ltr'>opere</span> <span class='ocrx_word' id='word_1_583' title='bbox 2963 4073 3118 4112; x_wconf 91' lang='lat' dir='ltr'>nunc</span> <span class='ocrx_word' id='word_1_584' title='bbox 3177 4055 3353 4124; x_wconf 88' lang='lat' dir='ltr'>edito,</span> <span class='ocrx_word' id='word_1_585' title='bbox 3386 4070 3454 4111; x_wconf 86' lang='lat' dir='ltr'>ea</span> <span class='ocrx_word' id='word_1_586' title='bbox 3505 4053 3703 4110; x_wconf 88' lang='lat' dir='ltr'>omnia</span> <span class='ocrx_word' id='word_1_587' title='bbox 3761 4068 3830 4108; x_wconf 86' lang='lat' dir='ltr'>ex</span> 
     </span>
    </p>
   </div>
   <div class='ocr_carea' id='block_1_43' title="bbox 404 4137 3825 4218">
    <p class='ocr_par' dir='ltr' id='par_1_43' title="bbox 404 4137 3825 4218">
     <span class='ocr_line' id='line_1_43' title="bbox 404 4137 3825 4218; baseline 0.002 -25"><span class='ocrx_word' id='word_1_588' title='bbox 404 4137 514 4194; x_wconf 89' lang='lat' dir='ltr'>hac</span> <span class='ocrx_word' id='word_1_589' title='bbox 544 4155 690 4194; x_wconf 85' lang='lat' dir='ltr'>nova</span> <span class='ocrx_word' id='word_1_590' title='bbox 721 4140 972 4196; x_wconf 91' lang='lat' dir='ltr'>editione</span> <span class='ocrx_word' id='word_1_591' title='bbox 1009 4145 1278 4199; x_wconf 85' lang='lat' dir='ltr'>exsulare</span> <span class='ocrx_word' id='word_1_592' title='bbox 1326 4144 1641 4214; x_wconf 90' lang='lat' dir='ltr'>jussimus.</span> <span class='ocrx_word' id='word_1_593' title='bbox 1679 4148 1877 4215; x_wconf 89' lang='lat' dir='ltr'>Neque</span> <span class='ocrx_word' id='word_1_594' title='bbox 1907 4150 2100 4200; x_wconf 83' lang='lat' dir='ltr'>tamen</span> <span class='ocrx_word' id='word_1_595' title='bbox 2157 4147 2627 4215; x_wconf 89' lang='lat' dir='ltr'>incommodum,</span> <span class='ocrx_word' id='word_1_596' title='bbox 2683 4163 2873 4218; x_wconf 88' lang='lat' dir='ltr'>neque</span> <span class='ocrx_word' id='word_1_597' title='bbox 2931 4146 3063 4202; x_wconf 89' lang='lat' dir='ltr'>aliis</span> <span class='ocrx_word' id='word_1_598' title='bbox 3120 4146 3416 4218; x_wconf 87' lang='lat' dir='ltr'>ingratum</span> <span class='ocrx_word' id='word_1_599' title='bbox 3465 4144 3657 4201; x_wconf 91' lang='lat' dir='ltr'>visum</span> <span class='ocrx_word' id='word_1_600' title='bbox 3718 4152 3825 4209; x_wconf 87' lang='lat' dir='ltr'>est,</span> 
     </span>
    </p>
   </div>
   <div class='ocr_carea' id='block_1_44' title="bbox 405 4228 3830 4308">
    <p class='ocr_par' dir='ltr' id='par_1_44' title="bbox 405 4228 3830 4308">
     <span class='ocr_line' id='line_1_44' title="bbox 405 4228 3830 4308; baseline 0.002 -26"><span class='ocrx_word' id='word_1_601' title='bbox 405 4228 717 4298; x_wconf 90' lang='lat' dir='ltr'>epistolam</span> <span class='ocrx_word' id='word_1_602' title='bbox 779 4230 1116 4290; x_wconf 79' lang='lat' dir='ltr'>Uﬂ‘enbach.</span> <span class='ocrx_word' id='word_1_603' title='bbox 1173 4234 1244 4288; x_wconf 90' lang='lat' dir='ltr'>ad</span> <span class='ocrx_word' id='word_1_604' title='bbox 1300 4233 1631 4289; x_wconf 88' lang='lat' dir='ltr'>Fabricium</span> <span class='ocrx_word' id='word_1_605' title='bbox 1693 4235 1956 4302; x_wconf 90' lang='lat' dir='ltr'>missam,</span> <span class='ocrx_word' id='word_1_606' title='bbox 1992 4253 2092 4291; x_wconf 88' lang='lat' dir='ltr'>seu</span> <span class='ocrx_word' id='word_1_607' title='bbox 2154 4246 2480 4292; x_wconf 89' lang='lat' dir='ltr'>accuratam</span> <span class='ocrx_word' id='word_1_608' title='bbox 2540 4238 2759 4293; x_wconf 89' lang='lat' dir='ltr'>codicis</span> <span class='ocrx_word' id='word_1_609' title='bbox 2818 4237 3126 4308; x_wconf 90' lang='lat' dir='ltr'>operisque</span> <span class='ocrx_word' id='word_1_610' title='bbox 3183 4234 3660 4307; x_wconf 86' lang='lat' dir='ltr'>descriptionem,</span> <span class='ocrx_word' id='word_1_611' title='bbox 3710 4240 3830 4289; x_wconf 82' lang='lat' dir='ltr'>sta</span> 
     </span>
    </p>
   </div>
   <div class='ocr_carea' id='block_1_45' title="bbox 410 4319 3827 4402">
    <p class='ocr_par' dir='ltr' id='par_1_45' title="bbox 410 4319 3827 4402">
     <span class='ocr_line' id='line_1_45' title="bbox 410 4319 3827 4402; baseline 0.003 -30"><span class='ocrx_word' id='word_1_612' title='bbox 410 4319 673 4376; x_wconf 88' lang='lat' dir='ltr'>Fabricio</span> <span class='ocrx_word' id='word_1_613' title='bbox 704 4323 784 4394; x_wconf 85' lang='lat' dir='ltr'>(p.</span> <span class='ocrx_word' id='word_1_614' title='bbox 835 4323 960 4389; x_wconf 88' lang='lat'>621,</span> <span class='ocrx_word' id='word_1_615' title='bbox 995 4325 1109 4382; x_wconf 91' lang='lat' dir='ltr'>vol.</span> <span class='ocrx_word' id='word_1_616' title='bbox 1167 4324 1242 4379; x_wconf 90' lang='lat' dir='ltr'>VI</span> <span class='ocrx_word' id='word_1_617' title='bbox 1274 4329 1386 4380; x_wconf 92' lang='lat' dir='ltr'>vet.</span> <span class='ocrx_word' id='word_1_618' title='bbox 1438 4325 1602 4397; x_wconf 89' lang='lat' dir='ltr'>edit.)</span> <span class='ocrx_word' id='word_1_619' title='bbox 1658 4325 2041 4398; x_wconf 85' lang='lat' dir='ltr'>publicatam,</span> <span class='ocrx_word' id='word_1_620' title='bbox 2093 4333 2267 4399; x_wconf 88' lang='lat' dir='ltr'>atque</span> <span class='ocrx_word' id='word_1_621' title='bbox 2295 4345 2329 4384; x_wconf 90' lang='lat' dir='ltr'>a</span> <span class='ocrx_word' id='word_1_622' title='bbox 2376 4329 2608 4385; x_wconf 83' lang='lat' dir='ltr'>Reiskio</span> <span class='ocrx_word' id='word_1_623' title='bbox 2637 4328 2748 4385; x_wconf 93' lang='lat' dir='ltr'>vol.</span> <span class='ocrx_word' id='word_1_624' title='bbox 2784 4332 2802 4385; x_wconf 93' lang='lat'><strong>1</strong></span> <span class='ocrx_word' id='word_1_625' title='bbox 2836 4329 3029 4402; x_wconf 90' lang='lat' dir='ltr'>operis</span> <span class='ocrx_word' id='word_1_626' title='bbox 3062 4345 3190 4401; x_wconf 84' lang='lat' dir='ltr'>pag.</span> <span class='ocrx_word' id='word_1_627' title='bbox 3225 4345 3364 4383; x_wconf 84' lang='lat' dir='ltr'>xxm</span> <span class='ocrx_word' id='word_1_628' title='bbox 3395 4327 3684 4395; x_wconf 87' lang='lat' dir='ltr'>iteratam,</span> <span class='ocrx_word' id='word_1_629' title='bbox 3717 4327 3827 4382; x_wconf 88' lang='lat' dir='ltr'>hoc</span> 
     </span>
    </p>
   </div>
   <div class='ocr_carea' id='block_1_46' title="bbox 413 4407 2503 4484">
    <p class='ocr_par' dir='ltr' id='par_1_46' title="bbox 413 4407 2503 4484">
     <span class='ocr_line' id='line_1_46' title="bbox 413 4407 2503 4484; baseline 0.004 -22"><span class='ocrx_word' id='word_1_630' title='bbox 413 4407 538 4464; x_wconf 89' lang='lat' dir='ltr'>loco</span> <span class='ocrx_word' id='word_1_631' title='bbox 570 4409 834 4467; x_wconf 88' lang='lat' dir='ltr'>retinere.</span> <span class='ocrx_word' id='word_1_632' title='bbox 871 4413 951 4467; x_wconf 92' lang='lat' dir='ltr'>En</span> <span class='ocrx_word' id='word_1_633' title='bbox 984 4412 1166 4484; x_wconf 87' lang='lat' dir='ltr'>igitur</span> <span class='ocrx_word' id='word_1_634' title='bbox 1195 4412 1465 4469; x_wconf 87' lang='lat' dir='ltr'>notitiam</span> <span class='ocrx_word' id='word_1_635' title='bbox 1495 4411 1859 4470; x_wconf 76' lang='lat' dir='ltr'>Uti&#39;enbachii</span> <span class='ocrx_word' id='word_1_636' title='bbox 1883 4432 2016 4470; x_wconf 91' lang='lat' dir='ltr'>cum</span> <span class='ocrx_word' id='word_1_637' title='bbox 2047 4415 2294 4472; x_wconf 89' lang='lat' dir='ltr'>Fabricii</span> <span class='ocrx_word' id='word_1_638' title='bbox 2327 4417 2503 4473; x_wconf 90' lang='lat' dir='ltr'>notis.</span> 
     </span>
    </p>
   </div>
   <div class='ocr_carea' id='block_1_47' title="bbox 2013 4526 2224 4582">
    <p class='ocr_par' dir='ltr' id='par_1_47' title="bbox 2013 4526 2224 4582">
     <span class='ocr_line' id='line_1_47' title="bbox 2013 4526 2224 4582; baseline 0.014 -2"><span class='ocrx_word' id='word_1_639' title='bbox 2013 4526 2224 4582; x_wconf 66' lang='lat' dir='ltr'><strong>NOTIE</strong></span> 
     </span>
    </p>
   </div>
   <div class='ocr_carea' id='block_1_48' title="bbox 409 4618 2063 4704">
    <p class='ocr_par' dir='ltr' id='par_1_48' title="bbox 409 4618 2063 4704">
     <span class='ocr_line' id='line_1_48' title="bbox 409 4618 2063 4704; baseline 0.005 -33"><span class='ocrx_word' id='word_1_640' title='bbox 409 4618 721 4700; x_wconf 80' lang='lat' dir='ltr'>Cassianus</span> <span class='ocrx_word' id='word_1_641' title='bbox 748 4637 862 4704; x_wconf 74' lang='lat' dir='ltr'>non</span> <span class='ocrx_word' id='word_1_642' title='bbox 895 4626 1122 4704; x_wconf 85' lang='lat' dir='ltr'>mutum</span> <span class='ocrx_word' id='word_1_643' title='bbox 1157 4637 1336 4704; x_wconf 83' lang='lat' dir='ltr'>pecus</span> <span class='ocrx_word' id='word_1_644' title='bbox 1369 4626 1480 4689; x_wconf 89' lang='lat' dir='ltr'>est,</span> <span class='ocrx_word' id='word_1_645' title='bbox 1501 4624 1651 4704; x_wconf 84' lang='lat' dir='ltr'>quod</span> <span class='ocrx_word' id='word_1_646' title='bbox 1685 4623 1910 4704; x_wconf 78' lang='lat' dir='ltr'>alieno</span> <span class='ocrx_word' id='word_1_647' title='bbox 1940 4640 2063 4680; x_wconf 86' lang='lat' dir='ltr'>sac-</span> 
     </span>
    </p>
   </div>
   <div class='ocr_carea' id='block_1_49' title="bbox 410 4691 2061 4766">
    <p class='ocr_par' dir='ltr' id='par_1_49' title="bbox 410 4691 2061 4766">
     <span class='ocr_line' id='line_1_49' title="bbox 410 4691 2061 4766; baseline 0.004 -22"><span class='ocrx_word' id='word_1_648' title='bbox 410 4705 509 4744; x_wconf 90' lang='lat' dir='ltr'>cos</span> <span class='ocrx_word' id='word_1_649' title='bbox 541 4691 598 4743; x_wconf 93' lang='lat' dir='ltr'>in</span> <span class='ocrx_word' id='word_1_650' title='bbox 622 4707 812 4766; x_wconf 75' lang='lat' dir='ltr'>unum</span> <span class='ocrx_word' id='word_1_651' title='bbox 837 4692 1030 4766; x_wconf 86' lang='lat' dir='ltr'>locum</span> <span class='ocrx_word' id='word_1_652' title='bbox 1064 4691 1237 4749; x_wconf 84' lang='lat' dir='ltr'>tacite</span> <span class='ocrx_word' id='word_1_653' title='bbox 1282 4691 1598 4766; x_wconf 81' lang='lat' dir='ltr'>congerat;</span> <span class='ocrx_word' id='word_1_654' title='bbox 1649 4695 1748 4750; x_wconf 91' lang='lat' dir='ltr'>sed</span> <span class='ocrx_word' id='word_1_655' title='bbox 1783 4695 1867 4750; x_wconf 85' lang='lat' dir='ltr'>vir</span> <span class='ocrx_word' id='word_1_656' title='bbox 1898 4696 2061 4765; x_wconf 83' lang='lat' dir='ltr'>inge-</span> 
     </span>
    </p>
   </div>
   <div class='ocr_carea' id='block_1_50' title="bbox 411 4763 2062 4839">
    <p class='ocr_par' dir='ltr' id='par_1_50' title="bbox 411 4763 2062 4839">
     <span class='ocr_line' id='line_1_50' title="bbox 411 4763 2062 4839; baseline 0.005 -24"><span class='ocrx_word' id='word_1_657' title='bbox 411 4777 582 4839; x_wconf 84' lang='lat' dir='ltr'>n_uus_,</span> <span class='ocrx_word' id='word_1_658' title='bbox 617 4763 1274 4839; x_wconf 75' lang='lat' dir='ltr'>institutusliberaliter,</span> <span class='ocrx_word' id='word_1_659' title='bbox 1301 4763 2062 4839; x_wconf 59' lang='lat' dir='ltr'>praidiorumvillarumque</span> 
     </span>
    </p>
   </div>
   <div class='ocr_carea' id='block_1_51' title="bbox 409 4832 2059 4909">
    <p class='ocr_par' dir='ltr' id='par_1_51' title="bbox 409 4832 2059 4909">
     <span class='ocr_line' id='line_1_51' title="bbox 409 4832 2059 4909; baseline 0.006 -24"><span class='ocrx_word' id='word_1_660' title='bbox 409 4832 675 4909; x_wconf 83' lang='lat' dir='ltr'>plurium</span> <span class='ocrx_word' id='word_1_661' title='bbox 710 4834 981 4909; x_wconf 81' lang='lat' dir='ltr'>dominus</span> <span class='ocrx_word' id='word_1_662' title='bbox 1013 4841 1068 4892; x_wconf 90' lang='lat' dir='ltr'>et</span> <span class='ocrx_word' id='word_1_663' title='bbox 1099 4838 1222 4908; x_wconf 90' lang='lat' dir='ltr'>ipse</span> <span class='ocrx_word' id='word_1_664' title='bbox 1271 4832 1811 4909; x_wconf 72' lang='lat' dir='ltr'>experientissimus</span> <span class='ocrx_word' id='word_1_665' title='bbox 1842 4832 2059 4907; x_wconf 66' lang='lat' dir='ltr'>arator,</span> 
     </span>
    </p>
   </div>
   <div class='ocr_carea' id='block_1_52' title="bbox 410 4904 2060 4979">
    <p class='ocr_par' dir='ltr' id='par_1_52' title="bbox 410 4904 2060 4979">
     <span class='ocr_line' id='line_1_52' title="bbox 410 4904 2060 4979; baseline 0.006 -22"><span class='ocrx_word' id='word_1_666' title='bbox 410 4904 508 4976; x_wconf 89' lang='lat' dir='ltr'>qui</span> <span class='ocrx_word' id='word_1_667' title='bbox 527 4905 705 4979; x_wconf 85' lang='lat' dir='ltr'>sumit</span> <span class='ocrx_word' id='word_1_668' title='bbox 722 4907 1024 4962; x_wconf 87' lang='lat' dir='ltr'>audaciam</span> <span class='ocrx_word' id='word_1_669' title='bbox 1049 4904 1360 4978; x_wconf 53' lang='lat' dir='ltr'>qu&#39;msitam</span> <span class='ocrx_word' id='word_1_670' title='bbox 1379 4911 1624 4979; x_wconf 89' lang='lat' dir='ltr'>meritis,</span> <span class='ocrx_word' id='word_1_671' title='bbox 1641 4914 1695 4964; x_wconf 89' lang='lat' dir='ltr'>et</span> <span class='ocrx_word' id='word_1_672' title='bbox 1720 4904 2060 4967; x_wconf 83' lang='lat' dir='ltr'>sententiam</span> 
     </span>
    </p>
   </div>
   <div class='ocr_carea' id='block_1_53' title="bbox 409 4977 2062 5052">
    <p class='ocr_par' dir='ltr' id='par_1_53' title="bbox 409 4977 2062 5052">
     <span class='ocr_line' id='line_1_53' title="bbox 409 4977 2062 5052; baseline 0.005 -22"><span class='ocrx_word' id='word_1_673' title='bbox 409 4993 575 5031; x_wconf 89' lang='lat' dir='ltr'>suam</span> <span class='ocrx_word' id='word_1_674' title='bbox 607 4977 732 5047; x_wconf 89' lang='lat' dir='ltr'>ipse</span> <span class='ocrx_word' id='word_1_675' title='bbox 764 4983 893 5046; x_wconf 90' lang='lat' dir='ltr'>post</span> <span class='ocrx_word' id='word_1_676' title='bbox 924 4977 1081 5052; x_wconf 80' lang='lat' dir='ltr'>alios</span> <span class='ocrx_word' id='word_1_677' title='bbox 1103 4979 1264 5048; x_wconf 90' lang='lat' dir='ltr'>dicit,</span> <span class='ocrx_word' id='word_1_678' title='bbox 1292 4982 1395 5037; x_wconf 88' lang='lat' dir='ltr'>hoc</span> <span class='ocrx_word' id='word_1_679' title='bbox 1417 4987 1525 5050; x_wconf 89' lang='lat' dir='ltr'>est,</span> <span class='ocrx_word' id='word_1_680' title='bbox 1560 4977 1885 5052; x_wconf 85' lang='lat' dir='ltr'>opportune</span> <span class='ocrx_word' id='word_1_681' title='bbox 1906 4992 2062 5039; x_wconf 82' lang='lat' dir='ltr'>notas</span> 
     </span>
    </p>
   </div>
   <div class='ocr_carea' id='block_1_54' title="bbox 409 5051 2058 5124">
    <p class='ocr_par' dir='ltr' id='par_1_54' title="bbox 409 5051 2058 5124">
     <span class='ocr_line' id='line_1_54' title="bbox 409 5051 2058 5124; baseline 0.005 -23"><span class='ocrx_word' id='word_1_682' title='bbox 409 5063 539 5124; x_wconf 78' lang='lat' dir='ltr'>suas</span> <span class='ocrx_word' id='word_1_683' title='bbox 573 5065 686 5102; x_wconf 91' lang='lat' dir='ltr'>non</span> <span class='ocrx_word' id='word_1_684' title='bbox 721 5052 964 5124; x_wconf 84' lang='lat' dir='ltr'>aspergit</span> <span class='ocrx_word' id='word_1_685' title='bbox 995 5051 1068 5124; x_wconf 83' lang='lat' dir='ltr'>ad</span> <span class='ocrx_word' id='word_1_686' title='bbox 1101 5053 1442 5124; x_wconf 76' lang='lat' dir='ltr'>marginem,</span> <span class='ocrx_word' id='word_1_687' title='bbox 1476 5051 1821 5124; x_wconf 27' lang='lat' dir='ltr'>quod’nunc</span> <span class='ocrx_word' id='word_1_688' title='bbox 1853 5054 1935 5121; x_wconf 83' lang='lat' dir='ltr'>ﬁt,</span> <span class='ocrx_word' id='word_1_689' title='bbox 1961 5057 2058 5110; x_wconf 92' lang='lat' dir='ltr'>sed</span> 
     </span>
    </p>
   </div>
   <div class='ocr_carea' id='block_1_55' title="bbox 406 5118 2054 5194">
    <p class='ocr_par' dir='ltr' id='par_1_55' title="bbox 406 5118 2054 5194">
     <span class='ocr_line' id='line_1_55' title="bbox 406 5118 2054 5194; baseline 0.006 -23"><span class='ocrx_word' id='word_1_690' title='bbox 406 5118 869 5194; x_wconf 27' lang='lat' dir='ltr'>interspergit,‘et</span> <span class='ocrx_word' id='word_1_691' title='bbox 900 5138 961 5176; x_wconf 90' lang='lat' dir='ltr'>se</span> <span class='ocrx_word' id='word_1_692' title='bbox 993 5121 1197 5194; x_wconf 84' lang='lat' dir='ltr'>miscet</span> <span class='ocrx_word' id='word_1_693' title='bbox 1230 5118 1453 5194; x_wconf 84' lang='lat' dir='ltr'>reliquo</span> <span class='ocrx_word' id='word_1_694' title='bbox 1477 5118 1831 5180; x_wconf 70' lang='lat' dir='ltr'>rusticorum</span> <span class='ocrx_word' id='word_1_695' title='bbox 1861 5118 2054 5181; x_wconf 83' lang='lat' dir='ltr'>choro.</span> 
     </span>
    </p>
   </div>
   <div class='ocr_carea' id='block_1_56' title="bbox 408 5191 2058 5266">
    <p class='ocr_par' dir='ltr' id='par_1_56' title="bbox 408 5191 2058 5266">
     <span class='ocr_line' id='line_1_56' title="bbox 408 5191 2058 5266; baseline 0.007 -22"><span class='ocrx_word' id='word_1_696' title='bbox 408 5191 524 5266; x_wconf 72' lang='lat' dir='ltr'>Hoc</span> <span class='ocrx_word' id='word_1_697' title='bbox 557 5193 746 5260; x_wconf 86' lang='lat' dir='ltr'>itaque</span> <span class='ocrx_word' id='word_1_698' title='bbox 778 5196 1079 5248; x_wconf 88' lang='lat' dir='ltr'>tenemus:</span> <span class='ocrx_word' id='word_1_699' title='bbox 1130 5193 1279 5249; x_wconf 91' lang='lat' dir='ltr'>Sunt</span> <span class='ocrx_word' id='word_1_700' title='bbox 1325 5191 1670 5266; x_wconf 79' lang='lat' dir='ltr'>Geoponica.</span> <span class='ocrx_word' id='word_1_701' title='bbox 1716 5199 2058 5255; x_wconf 80' lang='lat' dir='ltr'>Chrestoma-</span> 
     </span>
    </p>
   </div>
   <div class='ocr_carea' id='block_1_57' title="bbox 405 5263 2058 5336">
    <p class='ocr_par' dir='ltr' id='par_1_57' title="bbox 405 5263 2058 5336">
     <span class='ocr_line' id='line_1_57' title="bbox 405 5263 2058 5336; baseline 0.004 -20"><span class='ocrx_word' id='word_1_702' title='bbox 405 5263 524 5336; x_wconf 71' lang='lat' dir='ltr'>thia</span> <span class='ocrx_word' id='word_1_703' title='bbox 574 5266 775 5336; x_wconf 77' lang='lat' dir='ltr'>rustica</span> <span class='ocrx_word' id='word_1_704' title='bbox 826 5281 950 5318; x_wconf 84' lang='lat' dir='ltr'>cum</span> <span class='ocrx_word' id='word_1_705' title='bbox 998 5267 1143 5320; x_wconf 82' lang='lat' dir='ltr'>notis</span> <span class='ocrx_word' id='word_1_706' title='bbox 1191 5263 1461 5322; x_wconf 72' lang='lat' dir='ltr'>Cassiani</span> <span class='ocrx_word' id='word_1_707' title='bbox 1499 5269 1673 5334; x_wconf 86' lang='lat' dir='ltr'>Bassi,</span> <span class='ocrx_word' id='word_1_708' title='bbox 1723 5268 2058 5336; x_wconf 84' lang='lat' dir='ltr'>scholastici,</span> 
     </span>
    </p>
   </div>
   <div class='ocr_carea' id='block_1_58' title="bbox 405 5334 2063 5411">
    <p class='ocr_par' dir='ltr' id='par_1_58' title="bbox 405 5334 2063 5411">
     <span class='ocr_line' id='line_1_58' title="bbox 405 5334 2063 5411; baseline 0.004 -23"><span class='ocrx_word' id='word_1_709' title='bbox 405 5334 1125 5411; x_wconf 67' lang='lat' dir='ltr'>editaConstantinopoli,</span> <span class='ocrx_word' id='word_1_710' title='bbox 1178 5338 1440 5411; x_wconf 61' lang='lat' dir='ltr'>impensis</span> <span class='ocrx_word' id='word_1_711' title='bbox 1486 5345 1538 5394; x_wconf 88' lang='lat' dir='ltr'>et</span> <span class='ocrx_word' id='word_1_712' title='bbox 1602 5339 1858 5411; x_wconf 75' lang='lat' dir='ltr'>auSpiciis</span> <span class='ocrx_word' id='word_1_713' title='bbox 1920 5334 2063 5395; x_wconf 56' lang='lat' dir='ltr'>Con-1</span> 
     </span>
    </p>
   </div>
   <div class='ocr_carea' id='block_1_59' title="bbox 403 5405 2063 5478">
    <p class='ocr_par' dir='ltr' id='par_1_59' title="bbox 403 5405 2063 5478">
     <span class='ocr_line' id='line_1_59' title="bbox 403 5405 2063 5478; baseline 0.005 -19"><span class='ocrx_word' id='word_1_714' title='bbox 403 5405 646 5460; x_wconf 83' lang='lat' dir='ltr'>stantini</span> <span class='ocrx_word' id='word_1_715' title='bbox 708 5405 1400 5478; x_wconf 17' lang='lat' dir='ltr'>Porphyrorgennetisﬁoc</span> <span class='ocrx_word' id='word_1_716' title='bbox 1472 5405 1797 5478; x_wconf 79' lang='lat' dir='ltr'>observato,</span> <span class='ocrx_word' id='word_1_717' title='bbox 1843 5411 2063 5478; x_wconf 88' lang='lat' dir='ltr'>reliqua</span> 
     </span>
    </p>
   </div>
   <div class='ocr_carea' id='block_1_60' title="bbox 406 5477 2060 5554">
    <p class='ocr_par' dir='ltr' id='par_1_60' title="bbox 406 5477 2060 5554">
     <span class='ocr_line' id='line_1_60' title="bbox 406 5477 2060 5554; baseline 0.005 -24"><span class='ocrx_word' id='word_1_718' title='bbox 406 5477 605 5554; x_wconf 84' lang='lat' dir='ltr'>omnia</span> <span class='ocrx_word' id='word_1_719' title='bbox 632 5483 768 5554; x_wconf 88' lang='lat' dir='ltr'>sunt</span> <span class='ocrx_word' id='word_1_720' title='bbox 817 5477 1085 5554; x_wconf 82' lang='lat' dir='ltr'>expedita</span> <span class='ocrx_word' id='word_1_721' title='bbox 1133 5485 1188 5535; x_wconf 93' lang='lat' dir='ltr'>et</span> <span class='ocrx_word' id='word_1_722' title='bbox 1231 5483 1520 5554; x_wconf 84' lang='lat' dir='ltr'>explicita.</span> <span class='ocrx_word' id='word_1_723' title='bbox 1555 5505 1585 5535; x_wconf 84' lang='lat'>»</span> <span class='ocrx_word' id='word_1_724' title='bbox 1628 5483 1917 5538; x_wconf 89' lang='lat' dir='ltr'>Hactenus</span> <span class='ocrx_word' id='word_1_725' title='bbox 1964 5477 2060 5539; x_wconf 91' lang='lat' dir='ltr'>Ni-</span> 
     </span>
    </p>
   </div>
   <div class='ocr_carea' id='block_1_61' title="bbox 404 5549 2058 5626">
    <p class='ocr_par' dir='ltr' id='par_1_61' title="bbox 404 5549 2058 5626">
     <span class='ocr_line' id='line_1_61' title="bbox 404 5549 2058 5626; baseline 0.004 -24"><span class='ocrx_word' id='word_1_726' title='bbox 404 5549 546 5626; x_wconf 71' lang='lat' dir='ltr'>cias,</span> <span class='ocrx_word' id='word_1_727' title='bbox 580 5551 787 5626; x_wconf 86' lang='lat' dir='ltr'>qui__ea</span> <span class='ocrx_word' id='word_1_728' title='bbox 819 5549 942 5620; x_wconf 65' lang='lat' dir='ltr'>quae</span> <span class='ocrx_word' id='word_1_729' title='bbox 983 5552 1126 5607; x_wconf 90' lang='lat' dir='ltr'>bene</span> <span class='ocrx_word' id='word_1_730' title='bbox 1156 5557 1215 5626; x_wconf 87' lang='lat' dir='ltr'>et</span> <span class='ocrx_word' id='word_1_731' title='bbox 1274 5549 1448 5620; x_wconf 78' lang='lat' dir='ltr'>recte,</span> <span class='ocrx_word' id='word_1_732' title='bbox 1491 5557 1718 5625; x_wconf 91' lang='lat' dir='ltr'>opinor,</span> <span class='ocrx_word' id='word_1_733' title='bbox 1763 5555 2058 5626; x_wconf 82' lang='lat' dir='ltr'>explicuit,</span> 
     </span>
    </p>
   </div>
   <div class='ocr_carea' id='block_1_62' title="bbox 403 5619 2056 5747">
    <p class='ocr_par' dir='ltr' id='par_1_62' title="bbox 403 5619 2056 5747">
     <span class='ocr_line' id='line_1_62' title="bbox 403 5619 2056 5747; baseline 0.005 -73"><span class='ocrx_word' id='word_1_734' title='bbox 403 5619 596 5747; x_wconf 57' lang='lat' dir='ltr'>%dhuc</span> <span class='ocrx_word' id='word_1_735' title='bbox 657 5619 875 5692; x_wconf 77' lang='lat' dir='ltr'>aliqudt</span> <span class='ocrx_word' id='word_1_736' title='bbox 943 5625 1224 5696; x_wconf 83' lang='lat' dir='ltr'>exemplis</span> <span class='ocrx_word' id='word_1_737' title='bbox 1295 5619 1562 5698; x_wconf 75' lang='lat' dir='ltr'>probavit</span> <span class='ocrx_word' id='word_1_738' title='bbox 1614 5619 2056 5698; x_wconf 52' lang='lat' dir='ltr'>illustrat/itque;</span> 
     </span>
     <span class='ocr_line' id='line_1_63' title="bbox 458 5709 585 5746; baseline 0 0"><span class='ocrx_word' id='word_1_739' title='bbox 458 5709 585 5746; x_wconf 69' lang='grc' dir='ltr'>ΑΜ..</span> 
     </span>
    </p>
   </div>
   <div class='ocr_carea' id='block_1_63' title="bbox 458 5709 585 5746">
    <p class='ocr_par' dir='ltr' id='par_1_63' title="bbox 458 5709 585 5746">
     <span class='ocr_line' id='line_1_64' title="bbox 458 5709 585 5746; baseline 0 0"><span class='ocrx_word' id='word_1_740' title='bbox 458 5709 585 5746; x_wconf 79' lang='lat' dir='ltr'>ARL.</span> 
     </span>
    </p>
   </div>
   <div class='ocr_carea' id='block_1_64' title="bbox 2173 4624 3826 4696">
    <p class='ocr_par' dir='ltr' id='par_1_64' title="bbox 2173 4624 3826 4696">
     <span class='ocr_line' id='line_1_65' title="bbox 2173 4624 3826 4696; baseline -0.001 -17"><span class='ocrx_word' id='word_1_741' title='bbox 2173 4624 2608 4696; x_wconf 83' lang='lat' dir='ltr'>Metaphrastae,</span> <span class='ocrx_word' id='word_1_742' title='bbox 2672 4641 2806 4696; x_wconf 90' lang='lat' dir='ltr'>pag.</span> <span class='ocrx_word' id='word_1_743' title='bbox 2846 4625 2991 4689; x_wconf 90' lang='lat'>233;</span> <span class='ocrx_word' id='word_1_744' title='bbox 3054 4624 3396 4696; x_wconf 31' lang='lat' dir='ltr'>Caveushad</span> <span class='ocrx_word' id='word_1_745' title='bbox 3449 4641 3500 4678; x_wconf 87' lang='lat' dir='ltr'>a.</span> <span class='ocrx_word' id='word_1_746' title='bbox 3562 4625 3622 4679; x_wconf 90' lang='lat' dir='ltr'>C.</span> <span class='ocrx_word' id='word_1_747' title='bbox 3682 4624 3826 4691; x_wconf 87' lang='lat'>901;</span> 
     </span>
    </p>
   </div>
   <div class='ocr_carea' id='block_1_65' title="bbox 2177 4694 3825 4768">
    <p class='ocr_par' dir='ltr' id='par_1_65' title="bbox 2177 4694 3825 4768">
     <span class='ocr_line' id='line_1_66' title="bbox 2177 4694 3825 4768; baseline 0 -17"><span class='ocrx_word' id='word_1_748' title='bbox 2177 4694 2462 4753; x_wconf 80' lang='lat' dir='ltr'>Antonius</span> <span class='ocrx_word' id='word_1_749' title='bbox 2516 4694 2832 4768; x_wconf 41' lang='lat' dir='ltr'>Pagi—tein.</span> <span class='ocrx_word' id='word_1_750' title='bbox 2887 4696 2964 4750; x_wconf 84' lang='lat' dir='ltr'>III</span> <span class='ocrx_word' id='word_1_751' title='bbox 3016 4695 3233 4749; x_wconf 72' lang='lat' dir='ltr'>Criticaa</span> <span class='ocrx_word' id='word_1_752' title='bbox 3283 4694 3618 4751; x_wconf 74' lang='lat' dir='ltr'>Baronianaz</span> <span class='ocrx_word' id='word_1_753' title='bbox 3670 4699 3739 4751; x_wconf 86' lang='lat' dir='ltr'>ad</span> <span class='ocrx_word' id='word_1_754' title='bbox 3773 4714 3825 4751; x_wconf 87' lang='lat' dir='ltr'>a.</span> 
     </span>
    </p>
   </div>
   <div class='ocr_carea' id='block_1_66' title="bbox 2170 4768 2849 4839">
    <p class='ocr_par' dir='ltr' id='par_1_66' title="bbox 2170 4768 2849 4839">
     <span class='ocr_line' id='line_1_67' title="bbox 2170 4768 2849 4839; baseline -0.001 -17"><span class='ocrx_word' id='word_1_755' title='bbox 2170 4771 2297 4835; x_wconf 87' lang='lat'>902,</span> <span class='ocrx_word' id='word_1_756' title='bbox 2331 4776 2386 4824; x_wconf 90' lang='lat' dir='ltr'>et</span> <span class='ocrx_word' id='word_1_757' title='bbox 2411 4768 2695 4839; x_wconf 81' lang='lat' dir='ltr'>praecipue</span> <span class='ocrx_word' id='word_1_758' title='bbox 2722 4769 2849 4839; x_wconf 64' lang='lat'>913,</span> 
     </span>
    </p>
   </div>
   <div class='ocr_carea' id='block_1_67' title="bbox 2243 4836 3824 4909">
    <p class='ocr_par' dir='ltr' id='par_1_67' title="bbox 2243 4836 3824 4909">
     <span class='ocr_line' id='line_1_68' title="bbox 2243 4836 3824 4909; baseline 0 -15"><span class='ocrx_word' id='word_1_759' title='bbox 2243 4842 2318 4908; x_wconf 73' lang='grc' dir='ltr'>(ρ)</span> <span class='ocrx_word' id='word_1_760' title='bbox 2372 4836 2477 4893; x_wconf 64' lang='grc' dir='ltr'>Αὶὶἰ</span> <span class='ocrx_word' id='word_1_761' title='bbox 2529 4836 2611 4893; x_wconf 82' lang='lat' dir='ltr'>sis</span> <span class='ocrx_word' id='word_1_762' title='bbox 2641 4856 2771 4909; x_wconf 86' lang='lat' dir='ltr'>quae</span> <span class='ocrx_word' id='word_1_763' title='bbox 2830 4836 3052 4892; x_wconf 89' lang='lat' dir='ltr'>Psellus</span> <span class='ocrx_word' id='word_1_764' title='bbox 3104 4852 3235 4908; x_wconf 90' lang='lat' dir='ltr'>pag.</span> <span class='ocrx_word' id='word_1_765' title='bbox 3263 4837 3371 4891; x_wconf 87' lang='lat'>227</span> <span class='ocrx_word' id='word_1_766' title='bbox 3400 4854 3548 4908; x_wconf 89' lang='lat' dir='ltr'>seq.,</span> <span class='ocrx_word' id='word_1_767' title='bbox 3581 4838 3824 4895; x_wconf 86' lang='lat' dir='ltr'>Allatius</span> 
     </span>
    </p>
   </div>
   <div class='ocr_carea' id='block_1_68' title="bbox 2172 4909 3823 4982">
    <p class='ocr_par' dir='ltr' id='par_1_68' title="bbox 2172 4909 3823 4982">
     <span class='ocr_line' id='line_1_69' title="bbox 2172 4909 3823 4982; baseline 0.001 -17"><span class='ocrx_word' id='word_1_768' title='bbox 2172 4911 2273 4967; x_wconf 89' lang='lat' dir='ltr'>lib.</span> <span class='ocrx_word' id='word_1_769' title='bbox 2307 4912 2381 4966; x_wconf 84' lang='lat' dir='ltr'>De</span> <span class='ocrx_word' id='word_1_770' title='bbox 2409 4911 2729 4966; x_wconf 86' lang='lat' dir='ltr'>Simeonum</span> <span class='ocrx_word' id='word_1_771' title='bbox 2779 4909 3024 4978; x_wconf 84' lang='lat' dir='ltr'>scriptis,</span> <span class='ocrx_word' id='word_1_772' title='bbox 3071 4925 3202 4982; x_wconf 79' lang='lat' dir='ltr'>pag.</span> <span class='ocrx_word' id='word_1_773' title='bbox 3252 4910 3323 4963; x_wconf 90' lang='lat'>73</span> <span class='ocrx_word' id='word_1_774' title='bbox 3371 4927 3520 4982; x_wconf 89' lang='lat' dir='ltr'>seq.,</span> <span class='ocrx_word' id='word_1_775' title='bbox 3574 4927 3678 4965; x_wconf 88' lang='lat' dir='ltr'>nec</span> <span class='ocrx_word' id='word_1_776' title='bbox 3707 4928 3823 4966; x_wconf 88' lang='lat' dir='ltr'>non</span> 
     </span>
    </p>
   </div>
   <div class='ocr_carea' id='block_1_69' title="bbox 2172 4981 3825 5052">
    <p class='ocr_par' dir='ltr' id='par_1_69' title="bbox 2172 4981 3825 5052">
     <span class='ocr_line' id='line_1_70' title="bbox 2172 4981 3825 5052; baseline 0.001 -15"><span class='ocrx_word' id='word_1_777' title='bbox 2172 4983 2322 5037; x_wconf 90' lang='lat' dir='ltr'>libro</span> <span class='ocrx_word' id='word_1_778' title='bbox 2354 4984 2425 5036; x_wconf 85' lang='lat' dir='ltr'>Dc</span> <span class='ocrx_word' id='word_1_779' title='bbox 2457 4983 2614 5048; x_wconf 84' lang='lat' dir='ltr'>Nitis,</span> <span class='ocrx_word' id='word_1_780' title='bbox 2648 4997 2781 5052; x_wconf 87' lang='lat' dir='ltr'>pag.</span> <span class='ocrx_word' id='word_1_781' title='bbox 2830 4982 2901 5034; x_wconf 88' lang='lat'>29</span> <span class='ocrx_word' id='word_1_782' title='bbox 2949 4997 3063 5050; x_wconf 85' lang='lat' dir='ltr'>seq.</span> <span class='ocrx_word' id='word_1_783' title='bbox 3098 4981 3234 5036; x_wconf 89' lang='lat' dir='ltr'>edit.</span> <span class='ocrx_word' id='word_1_784' title='bbox 3292 4999 3324 5036; x_wconf 85' lang='lat' dir='ltr'>a</span> <span class='ocrx_word' id='word_1_785' title='bbox 3356 4981 3471 5036; x_wconf 83' lang='lat' dir='ltr'>me</span> <span class='ocrx_word' id='word_1_786' title='bbox 3504 4987 3738 5052; x_wconf 68' lang='lat' dir='ltr'>curatae,</span> <span class='ocrx_word' id='word_1_787' title='bbox 3768 4988 3825 5038; x_wconf 88' lang='lat' dir='ltr'>et</span> 
     </span>
    </p>
   </div>
   <div class='ocr_carea' id='block_1_70' title="bbox 2173 5051 3825 5124">
    <p class='ocr_par' dir='ltr' id='par_1_70' title="bbox 2173 5051 3825 5124">
     <span class='ocr_line' id='line_1_71' title="bbox 2173 5051 3825 5124; baseline 0.001 -16"><span class='ocrx_word' id='word_1_788' title='bbox 2173 5056 2249 5108; x_wconf 84' lang='lat' dir='ltr'>De</span> <span class='ocrx_word' id='word_1_789' title='bbox 2285 5051 2528 5124; x_wconf 80' lang='lat' dir='ltr'>Psettis§</span> <span class='ocrx_word' id='word_1_790' title='bbox 2561 5051 2801 5124; x_wconf 13' lang='lat' dir='ltr'>167’seq.;</span> <span class='ocrx_word' id='word_1_791' title='bbox 2837 5053 3121 5107; x_wconf 88' lang='lat' dir='ltr'>Martinus</span> <span class='ocrx_word' id='word_1_792' title='bbox 3152 5051 3450 5108; x_wconf 84' lang='lat' dir='ltr'>Hanckius</span> <span class='ocrx_word' id='word_1_793' title='bbox 3501 5059 3662 5124; x_wconf 85' lang='lat' dir='ltr'>parte</span> <span class='ocrx_word' id='word_1_794' title='bbox 3693 5051 3825 5110; x_wconf 30' lang='lat' dir='ltr'>x&#39;De</span> 
     </span>
    </p>
   </div>
   <div class='ocr_carea' id='block_1_71' title="bbox 2171 5123 3826 5268">
    <p class='ocr_par' dir='ltr' id='par_1_71' title="bbox 2171 5123 3826 5268">
     <span class='ocr_line' id='line_1_72' title="bbox 2171 5123 3826 5196; baseline 0.001 -16"><span class='ocrx_word' id='word_1_795' title='bbox 2171 5123 2532 5195; x_wconf 80' lang='lat' dir='ltr'>scriptoribus</span> <span class='ocrx_word' id='word_1_796' title='bbox 2588 5123 2714 5179; x_wconf 86' lang='lat' dir='ltr'>hist.</span> <span class='ocrx_word' id='word_1_797' title='bbox 2787 5126 2942 5196; x_wconf 68' lang='lat'>83/23.,</span> <span class='ocrx_word' id='word_1_798' title='bbox 3007 5139 3132 5194; x_wconf 91' lang='lat' dir='ltr'>cap.</span> <span class='ocrx_word' id='word_1_799' title='bbox 3198 5125 3308 5194; x_wconf 71' lang='lat'>24;</span> <span class='ocrx_word' id='word_1_800' title='bbox 3371 5126 3456 5180; x_wconf 82' lang='lat' dir='ltr'>Jo.</span> <span class='ocrx_word' id='word_1_801' title='bbox 3505 5123 3826 5182; x_wconf 88' lang='lat' dir='ltr'>Bollandus</span> 
     </span>
     <span class='ocr_line' id='line_1_73' title="bbox 2175 5196 3822 5268; baseline 0.001 -18"><span class='ocrx_word' id='word_1_802' title='bbox 2175 5197 2334 5268; x_wconf 82' lang='lat' dir='ltr'>praef.</span> <span class='ocrx_word' id='word_1_803' title='bbox 2360 5197 2430 5250; x_wconf 88' lang='lat' dir='ltr'>ad</span> <span class='ocrx_word' id='word_1_804' title='bbox 2460 5199 2602 5268; x_wconf 84' lang='lat' dir='ltr'>Acta</span> <span class='ocrx_word' id='word_1_805' title='bbox 2633 5201 2882 5253; x_wconf 83' lang='lat' dir='ltr'>sanctor.</span> <span class='ocrx_word' id='word_1_806' title='bbox 2926 5202 3068 5252; x_wconf 87' lang='lat' dir='ltr'>tom.</span> <span class='ocrx_word' id='word_1_807' title='bbox 3104 5196 3442 5268; x_wconf 25' lang='lat' dir='ltr'>INJanuar.,</span> <span class='ocrx_word' id='word_1_808' title='bbox 3477 5213 3532 5268; x_wconf 92' lang='lat' dir='ltr'>p.</span> <span class='ocrx_word' id='word_1_809' title='bbox 3585 5198 3652 5252; x_wconf 82' lang='lat'>16</span> <span class='ocrx_word' id='word_1_810' title='bbox 3699 5213 3822 5268; x_wconf 87' lang='lat' dir='ltr'>seq.</span> 
     </span>
    </p>
   </div>
   <div class='ocr_carea' id='block_1_72' title="bbox 2172 5214 3823 5325">
    <p class='ocr_par' dir='ltr' id='par_1_72' title="bbox 2172 5214 3823 5325">
     <span class='ocr_line' id='line_1_74' title="bbox 2214 5214 3822 5268; baseline 0.001 -18"><span class='ocrx_word' id='word_1_811' title='bbox 2214 5214 2430 5250; x_wconf 81' lang='lat' dir='ltr'>rae1.au</span> <span class='ocrx_word' id='word_1_812' title='bbox 2460 5214 2602 5252; x_wconf 70' lang='lat' dir='ltr'>aeta</span> <span class='ocrx_word' id='word_1_813' title='bbox 2633 5214 2882 5253; x_wconf 75' lang='lat' dir='ltr'>sanctor.</span> <span class='ocrx_word' id='word_1_814' title='bbox 2926 5214 3068 5252; x_wconf 75' lang='lat' dir='ltr'>tom.</span> <span class='ocrx_word' id='word_1_815' title='bbox 3104 5214 3125 5252; x_wconf 84' lang='lat'><strong>1</strong></span> <span class='ocrx_word' id='word_1_816' title='bbox 3174 5214 3442 5262; x_wconf 76' lang='lat' dir='ltr'>Januar.,</span> <span class='ocrx_word' id='word_1_817' title='bbox 3477 5214 3532 5268; x_wconf 91' lang='lat' dir='ltr'>p.</span> <span class='ocrx_word' id='word_1_818' title='bbox 3585 5214 3652 5252; x_wconf 74' lang='lat'><strong>10</strong></span> <span class='ocrx_word' id='word_1_819' title='bbox 3699 5214 3822 5268; x_wconf 89' lang='lat' dir='ltr'>seq.</span> 
     </span>
     <span class='ocr_line' id='line_1_75' title="bbox 2172 5214 3823 5325; baseline 0 -2"><span class='ocrx_word' id='word_1_820' title='bbox 2172 5214 2350 5323; x_wconf 52' lang='lat' dir='ltr'>Enna.</span> <span class='ocrx_word' id='word_1_821' title='bbox 2380 5299 2448 5308; x_wconf 87' lang='lat'>——-</span> <span class='ocrx_word' id='word_1_822' title='bbox 2471 5267 2552 5322; x_wconf 89' lang='lat' dir='ltr'>De</span> <span class='ocrx_word' id='word_1_823' title='bbox 2583 5267 2691 5323; x_wconf 91' lang='lat' dir='ltr'>hoc</span> <span class='ocrx_word' id='word_1_824' title='bbox 2720 5269 2987 5324; x_wconf 86' lang='lat' dir='ltr'>Simeone</span> <span class='ocrx_word' id='word_1_825' title='bbox 3027 5272 3085 5322; x_wconf 89' lang='lat' dir='ltr'>et</span> <span class='ocrx_word' id='word_1_826' title='bbox 3132 5267 3282 5324; x_wconf 87' lang='lat' dir='ltr'>Vitis</span> <span class='ocrx_word' id='word_1_827' title='bbox 3330 5275 3666 5325; x_wconf 87' lang='lat' dir='ltr'>sanctorum</span> <span class='ocrx_word' id='word_1_828' title='bbox 3714 5269 3823 5323; x_wconf 89' lang='lat' dir='ltr'>alio</span> 
     </span>
    </p>
   </div>
   <div class='ocr_carea' id='block_1_73' title="bbox 2172 5339 3822 5412">
    <p class='ocr_par' dir='ltr' id='par_1_73' title="bbox 2172 5339 3822 5412">
     <span class='ocr_line' id='line_1_76' title="bbox 2172 5339 3822 5412; baseline 0.001 -18"><span class='ocrx_word' id='word_1_829' title='bbox 2172 5345 2435 5410; x_wconf 89' lang='lat' dir='ltr'>tempore</span> <span class='ocrx_word' id='word_1_830' title='bbox 2464 5340 2522 5395; x_wconf 91' lang='lat' dir='ltr'>in</span> <span class='ocrx_word' id='word_1_831' title='bbox 2556 5339 2664 5395; x_wconf 90' lang='lat' dir='ltr'>hac</span> <span class='ocrx_word' id='word_1_832' title='bbox 2695 5339 2756 5397; x_wconf 86' lang='grc' dir='ltr'>Β.</span> <span class='ocrx_word' id='word_1_833' title='bbox 2791 5340 2858 5396; x_wconf 92' lang='lat' dir='ltr'>G.</span> <span class='ocrx_word' id='word_1_834' title='bbox 2891 5339 3184 5412; x_wconf 85' lang='lat' dir='ltr'>copiosius</span> <span class='ocrx_word' id='word_1_835' title='bbox 3217 5341 3664 5412; x_wconf 10' lang='lat' dir='ltr'>agam.fQuare,</span> <span class='ocrx_word' id='word_1_836' title='bbox 3696 5357 3822 5410; x_wconf 62' lang='lat' dir='ltr'>quae</span> 
     </span>
    </p>
   </div>
   <div class='ocr_carea' id='block_1_74' title="bbox 2174 5411 3821 5493">
    <p class='ocr_par' dir='ltr' id='par_1_74' title="bbox 2174 5411 3821 5493">
     <span class='ocr_line' id='line_1_77' title="bbox 2174 5411 3821 5493; baseline -0.001 -26"><span class='ocrx_word' id='word_1_837' title='bbox 2174 5411 2435 5493; x_wconf 41' lang='lat' dir='ltr'>Faba-in</span> <span class='ocrx_word' id='word_1_838' title='bbox 2467 5411 2876 5493; x_wconf 84' lang='lat' dir='ltr'>vet._edit._hic</span> <span class='ocrx_word' id='word_1_839' title='bbox 2926 5411 2996 5467; x_wconf 77' lang='lat' dir='ltr'>de</span> <span class='ocrx_word' id='word_1_840' title='bbox 3045 5411 3335 5477; x_wconf 88' lang='lat' dir='ltr'>Simeone,</span> <span class='ocrx_word' id='word_1_841' title='bbox 3387 5411 3630 5493; x_wconf 65' lang='lat' dir='ltr'>ejusque</span> <span class='ocrx_word' id='word_1_842' title='bbox 3679 5413 3821 5493; x_wconf 47' lang='lat' dir='ltr'>seri:</span> 
     </span>
    </p>
   </div>
   <div class='ocr_carea' id='block_1_75' title="bbox 2172 5483 3819 5556">
    <p class='ocr_par' dir='ltr' id='par_1_75' title="bbox 2172 5483 3819 5556">
     <span class='ocr_line' id='line_1_78' title="bbox 2172 5483 3819 5556; baseline 0 -19"><span class='ocrx_word' id='word_1_843' title='bbox 2172 5484 2308 5554; x_wconf 85' lang='lat' dir='ltr'>ptis,</span> <span class='ocrx_word' id='word_1_844' title='bbox 2363 5483 2496 5539; x_wconf 89' lang='lat' dir='ltr'>item</span> <span class='ocrx_word' id='word_1_845' title='bbox 2559 5485 2628 5539; x_wconf 92' lang='lat' dir='ltr'>de</span> <span class='ocrx_word' id='word_1_846' title='bbox 2689 5485 2922 5555; x_wconf 85' lang='lat' dir='ltr'>Dioptra</span> <span class='ocrx_word' id='word_1_847' title='bbox 2987 5491 3360 5549; x_wconf 87' lang='lat' dir='ltr'>annexuerat,</span> <span class='ocrx_word' id='word_1_848' title='bbox 3423 5483 3486 5540; x_wconf 90' lang='lat' dir='ltr'>in</span> <span class='ocrx_word' id='word_1_849' title='bbox 3548 5484 3819 5556; x_wconf 79' lang='lat' dir='ltr'>praesenti</span> 
     </span>
    </p>
   </div>
   <div class='ocr_carea' id='block_1_76' title="bbox 2172 5555 2586 5613">
    <p class='ocr_par' dir='ltr' id='par_1_76' title="bbox 2172 5555 2586 5613">
     <span class='ocr_line' id='line_1_79' title="bbox 2172 5555 2586 5613; baseline 0.002 -3"><span class='ocrx_word' id='word_1_850' title='bbox 2172 5555 2364 5610; x_wconf 91' lang='lat' dir='ltr'>omisi.</span> <span class='ocrx_word' id='word_1_851' title='bbox 2408 5556 2586 5613; x_wconf 79' lang='lat' dir='ltr'>HARL.</span> 
     </span>
    </p>
   </div>
   <div class='ocr_carea' id='block_1_77' title="bbox 2241 5626 3822 5696">
    <p class='ocr_par' dir='ltr' id='par_1_77' title="bbox 2241 5626 3822 5696">
     <span class='ocr_line' id='line_1_80' title="bbox 2241 5626 3822 5696; baseline 0 -14"><span class='ocrx_word' id='word_1_852' title='bbox 2241 5629 2322 5696; x_wconf 72' lang='grc' dir='ltr'>(ἡ)</span> <span class='ocrx_word' id='word_1_853' title='bbox 2367 5627 2510 5682; x_wconf 86' lang='lat' dir='ltr'>Vide</span> <span class='ocrx_word' id='word_1_854' title='bbox 2558 5626 2824 5683; x_wconf 88' lang='lat' dir='ltr'>Cotelerii</span> <span class='ocrx_word' id='word_1_855' title='bbox 2874 5629 3239 5682; x_wconf 85' lang='lat' dir='ltr'>Monumenta</span> <span class='ocrx_word' id='word_1_856' title='bbox 3295 5628 3562 5682; x_wconf 67' lang='lat' dir='ltr'>Ecclesiae</span> <span class='ocrx_word' id='word_1_857' title='bbox 3615 5627 3822 5694; x_wconf 68' lang='lat' dir='ltr'>Grasse,</span> 
     </span>
    </p>
   </div>
   <div class='ocr_carea' id='block_1_78' title="bbox 2172 5697 3823 5770">
    <p class='ocr_par' dir='ltr' id='par_1_78' title="bbox 2172 5697 3823 5770">
     <span class='ocr_line' id='line_1_81' title="bbox 2172 5697 3823 5770; baseline 0.001 -18"><span class='ocrx_word' id='word_1_858' title='bbox 2172 5702 2313 5756; x_wconf 87' lang='lat' dir='ltr'>tom.</span> <span class='ocrx_word' id='word_1_859' title='bbox 2351 5699 2453 5764; x_wconf 85' lang='lat' dir='ltr'>III,</span> <span class='ocrx_word' id='word_1_860' title='bbox 2505 5715 2633 5770; x_wconf 88' lang='lat' dir='ltr'>pag.</span> <span class='ocrx_word' id='word_1_861' title='bbox 2677 5700 2806 5768; x_wconf 77' lang='grc'>574,</span> <span class='ocrx_word' id='word_1_862' title='bbox 2855 5703 2914 5752; x_wconf 88' lang='lat' dir='ltr'>et</span> <span class='ocrx_word' id='word_1_863' title='bbox 2960 5697 3291 5753; x_wconf 86' lang='lat' dir='ltr'>Bernardini</span> <span class='ocrx_word' id='word_1_864' title='bbox 3327 5699 3397 5751; x_wconf 89' lang='lat' dir='ltr'>de</span> <span class='ocrx_word' id='word_1_865' title='bbox 3452 5699 3823 5756; x_wconf 82' lang='lat' dir='ltr'>Montfaucou</span> 
     </span>
    </p>
   </div>
   <div class='ocr_carea' id='block_1_79' title="bbox 473 5763 3533 5841">
    <p class='ocr_par' dir='ltr' id='par_1_79' title="bbox 473 5763 3533 5841">
     <span class='ocr_line' id='line_1_82' title="bbox 473 5763 3533 5841; baseline 0.002 -25"><span class='ocrx_word' id='word_1_866' title='bbox 473 5763 930 5841; x_wconf 27' lang='lat' dir='ltr'>(f)_C_onferaturA</span> <span class='ocrx_word' id='word_1_867' title='bbox 962 5767 1380 5838; x_wconf 83' lang='lat' dir='ltr'>Metaphrastes</span> <span class='ocrx_word' id='word_1_868' title='bbox 1431 5769 1486 5824; x_wconf 91' lang='lat' dir='ltr'>in</span> <span class='ocrx_word' id='word_1_869' title='bbox 1541 5770 1663 5822; x_wconf 80' lang='lat' dir='ltr'>Vita</span> <span class='ocrx_word' id='word_1_870' title='bbox 1716 5769 2060 5826; x_wconf 72' lang='lat' dir='ltr'>Theoctistae</span> <span class='ocrx_word' id='word_1_871' title='bbox 2169 5763 2666 5841; x_wconf 71' lang='lat' dir='ltr'>Palzeographiam</span> <span class='ocrx_word' id='word_1_872' title='bbox 2699 5763 2977 5837; x_wconf 64' lang='lat' dir='ltr'>Graecam,</span> <span class='ocrx_word' id='word_1_873' title='bbox 3014 5788 3064 5839; x_wconf 89' lang='lat' dir='ltr'>p.</span> <span class='ocrx_word' id='word_1_874' title='bbox 3095 5770 3218 5836; x_wconf 80' lang='lat'>269,</span> <span class='ocrx_word' id='word_1_875' title='bbox 3253 5770 3379 5836; x_wconf 82' lang='lat'>273,</span> <span class='ocrx_word' id='word_1_876' title='bbox 3410 5770 3533 5824; x_wconf 76' lang='lat'>275.</span> 
     </span>
    </p>
   </div>
   <div class='ocr_carea' id='block_1_80' title="bbox 408 5837 2059 5910">
    <p class='ocr_par' dir='ltr' id='par_1_80' title="bbox 408 5837 2059 5910">
     <span class='ocr_line' id='line_1_83' title="bbox 408 5837 2059 5910; baseline 0.004 -18"><span class='ocrx_word' id='word_1_877' title='bbox 408 5837 561 5907; x_wconf 84' lang='lat' dir='ltr'>apud</span> <span class='ocrx_word' id='word_1_878' title='bbox 595 5837 826 5893; x_wconf 85' lang='lat' dir='ltr'>Surium</span> <span class='ocrx_word' id='word_1_879' title='bbox 863 5838 936 5894; x_wconf 85' lang='lat' dir='ltr'>ad</span> <span class='ocrx_word' id='word_1_880' title='bbox 971 5841 1037 5894; x_wconf 93' lang='lat'>10</span> <span class='ocrx_word' id='word_1_881' title='bbox 1083 5837 1247 5910; x_wconf 88' lang='lat' dir='ltr'>Nov.;</span> <span class='ocrx_word' id='word_1_882' title='bbox 1283 5841 1455 5897; x_wconf 82' lang='lat' dir='ltr'>Mich.</span> <span class='ocrx_word' id='word_1_883' title='bbox 1503 5841 1748 5909; x_wconf 82' lang='lat' dir='ltr'>Psellus,</span> <span class='ocrx_word' id='word_1_884' title='bbox 1786 5843 2059 5898; x_wconf 84' lang='lat' dir='ltr'>Encomio</span> 
     </span>
    </p>
   </div>
   <div class='ocr_carea' id='block_1_81' title="bbox 463 5968 2399 6034">
    <p class='ocr_par' dir='ltr' id='par_1_81' title="bbox 463 5968 2399 6034">
     <span class='ocr_line' id='line_1_84' title="bbox 463 5968 2399 6034; baseline 0.005 -19"><span class='ocrx_word' id='word_1_885' title='bbox 463 5968 538 6028; x_wconf 87' lang='lat' dir='ltr'>(t)</span> <span class='ocrx_word' id='word_1_886' title='bbox 577 5968 706 6017; x_wconf 91' lang='lat' dir='ltr'>Vide</span> <span class='ocrx_word' id='word_1_887' title='bbox 741 5971 793 6018; x_wconf 93' lang='lat' dir='ltr'>in</span> <span class='ocrx_word' id='word_1_888' title='bbox 826 5970 1091 6033; x_wconf 83' lang='lat' dir='ltr'>Symeone</span> <span class='ocrx_word' id='word_1_889' title='bbox 1121 5971 1496 6034; x_wconf 82' lang='lat' dir='ltr'>Metaphraste,</span> <span class='ocrx_word' id='word_1_890' title='bbox 1528 5971 1683 6028; x_wconf 76' lang='lat' dir='ltr'>intra,</span> <span class='ocrx_word' id='word_1_891' title='bbox 1716 5973 1782 6021; x_wconf 85' lang='lat' dir='ltr'>ad</span> <span class='ocrx_word' id='word_1_892' title='bbox 1819 5986 1904 6021; x_wconf 85' lang='lat' dir='ltr'>an.</span> <span class='ocrx_word' id='word_1_893' title='bbox 1935 5977 2044 6024; x_wconf 85' lang='lat'>965.</span> <span class='ocrx_word' id='word_1_894' title='bbox 2077 5975 2213 6023; x_wconf 77' lang='lat' dir='ltr'>Eun.</span> <span class='ocrx_word' id='word_1_895' title='bbox 2252 5977 2399 6024; x_wconf 68' lang='lat' dir='ltr'>Pun.</span> 
     </span>
    </p>
   </div>
  </div>
