  <div class='ocr_page' id='page_1' title='image "/cluster/home/n/w/nwhite01/storage/ocr_20150623/112:no.1/coo.31924054870161/022.png"; bbox 0 0 4184 6422; ppageno 0'>
   <div class='ocr_carea' id='block_1_1' title="bbox 365 439 3834 510">
    <p class='ocr_par' dir='ltr' id='par_1_1' title="bbox 365 439 3834 510">
     <span class='ocr_line' id='line_1_1' title="bbox 365 439 3834 510; baseline -0 -8"><span class='ocrx_word' id='word_1_1' title='bbox 365 441 448 502; x_wconf 67' lang='grc' dir='ltr'><strong><em>9.εό</em></strong></span> <span class='ocrx_word' id='word_1_2' title='bbox 1123 447 1454 509; x_wconf 83' lang='lat' dir='ltr'><strong><em>NOTITIA</em></strong></span> <span class='ocrx_word' id='word_1_3' title='bbox 1501 445 2002 510; x_wconf 82' lang='lat' dir='ltr'><strong><em>SCRIPTORUM</em></strong></span> <span class='ocrx_word' id='word_1_4' title='bbox 2051 447 2582 509; x_wconf 78' lang='lat' dir='ltr'><strong><em>CONSTANTINI</em></strong></span> <span class='ocrx_word' id='word_1_5' title='bbox 2625 443 3136 506; x_wconf 77' lang='lat' dir='ltr'><strong><em>PROPHYROG.</em></strong></span> <span class='ocrx_word' id='word_1_6' title='bbox 3757 439 3834 502; x_wconf 89' lang='lat'>30</span> 
     </span>
    </p>
   </div>
   <div class='ocr_carea' id='block_1_2' title="bbox 461 575 3832 653">
    <p class='ocr_par' dir='ltr' id='par_1_2' title="bbox 461 575 3832 653">
     <span class='ocr_line' id='line_1_2' title="bbox 461 575 3832 653; baseline 0 -21"><span class='ocrx_word' id='word_1_7' title='bbox 461 575 628 632; x_wconf 76' lang='lat' dir='ltr'><strong><em>Codex</em></strong></span> <span class='ocrx_word' id='word_1_8' title='bbox 651 577 845 647; x_wconf 83' lang='lat' dir='ltr'><strong><em>forma</em></strong></span> <span class='ocrx_word' id='word_1_9' title='bbox 877 589 966 634; x_wconf 85' lang='lat' dir='ltr'><strong><em>est</em></strong></span> <span class='ocrx_word' id='word_1_10' title='bbox 999 579 1232 652; x_wconf 77' lang='lat' dir='ltr'><strong><em>majori,</em></strong></span> <span class='ocrx_word' id='word_1_11' title='bbox 1266 597 1424 653; x_wconf 82' lang='lat' dir='ltr'><strong><em>quam</em></strong></span> <span class='ocrx_word' id='word_1_12' title='bbox 1449 582 1512 636; x_wconf 86' lang='lat' dir='ltr'><strong><em>in</em></strong></span> <span class='ocrx_word' id='word_1_13' title='bbox 1538 581 1674 652; x_wconf 89' lang='lat' dir='ltr'><strong><em>folio</em></strong></span> <span class='ocrx_word' id='word_1_14' title='bbox 1703 597 1894 636; x_wconf 90' lang='lat' dir='ltr'><strong><em>vocare</em></strong></span> <span class='ocrx_word' id='word_1_15' title='bbox 1921 582 2116 649; x_wconf 80' lang='lat' dir='ltr'><strong><em>solent,</em></strong></span> <span class='ocrx_word' id='word_1_16' title='bbox 2152 583 2210 636; x_wconf 90' lang='lat' dir='ltr'><strong><em>in</em></strong></span> <span class='ocrx_word' id='word_1_17' title='bbox 2241 583 2590 636; x_wconf 79' lang='lat' dir='ltr'><strong><em>membranas</em></strong></span> <span class='ocrx_word' id='word_1_18' title='bbox 2618 594 2997 652; x_wconf 86' lang='lat' dir='ltr'><strong><em>pergamenas,</em></strong></span> <span class='ocrx_word' id='word_1_19' title='bbox 3029 592 3226 648; x_wconf 87' lang='lat' dir='ltr'><strong><em>easque</em></strong></span> <span class='ocrx_word' id='word_1_20' title='bbox 3254 577 3544 646; x_wconf 84' lang='lat' dir='ltr'><strong><em>ﬁrmiores,</em></strong></span> <span class='ocrx_word' id='word_1_21' title='bbox 3580 579 3832 634; x_wconf 67' lang='lat' dir='ltr'><strong><em>laeviores</em></strong></span> 
     </span>
    </p>
   </div>
   <div class='ocr_carea' id='block_1_3' title="bbox 399 666 3828 744">
    <p class='ocr_par' dir='ltr' id='par_1_3' title="bbox 399 666 3828 744">
     <span class='ocr_line' id='line_1_3' title="bbox 399 666 3828 744; baseline -0.001 -22"><span class='ocrx_word' id='word_1_22' title='bbox 399 675 556 738; x_wconf 86' lang='lat' dir='ltr'><strong><em>atque</em></strong></span> <span class='ocrx_word' id='word_1_23' title='bbox 595 666 926 738; x_wconf 77' lang='lat' dir='ltr'><strong><em>nitidiores,</em></strong></span> <span class='ocrx_word' id='word_1_24' title='bbox 958 687 1134 742; x_wconf 86' lang='lat' dir='ltr'><strong><em>quam</em></strong></span> <span class='ocrx_word' id='word_1_25' title='bbox 1183 669 1378 742; x_wconf 80' lang='lat' dir='ltr'><strong><em>quibus</em></strong></span> <span class='ocrx_word' id='word_1_26' title='bbox 1423 670 1731 740; x_wconf 73' lang='lat' dir='ltr'><strong><em>postremis,</em></strong></span> <span class='ocrx_word' id='word_1_27' title='bbox 1764 679 1892 726; x_wconf 91' lang='lat' dir='ltr'><strong><em>ante</em></strong></span> <span class='ocrx_word' id='word_1_28' title='bbox 1941 671 2325 744; x_wconf 78' lang='lat' dir='ltr'><strong><em>typographiaz</em></strong></span> <span class='ocrx_word' id='word_1_29' title='bbox 2374 673 2766 738; x_wconf 73' lang='lat' dir='ltr'><strong><em>inventionem,</em></strong></span> <span class='ocrx_word' id='word_1_30' title='bbox 2809 667 3142 738; x_wconf 77' lang='lat' dir='ltr'><strong><em>temporibus</em></strong></span> <span class='ocrx_word' id='word_1_31' title='bbox 3181 667 3499 731; x_wconf 74' lang='lat' dir='ltr'><strong><em>utebantur,</em></strong></span> <span class='ocrx_word' id='word_1_32' title='bbox 3533 669 3828 722; x_wconf 72' lang='lat' dir='ltr'><strong><em>exoratus.</em></strong></span> 
     </span>
    </p>
   </div>
   <div class='ocr_carea' id='block_1_4' title="bbox 408 757 3828 831">
    <p class='ocr_par' dir='ltr' id='par_1_4' title="bbox 408 757 3828 831">
     <span class='ocr_line' id='line_1_4' title="bbox 408 757 3828 831; baseline -0.001 -19"><span class='ocrx_word' id='word_1_33' title='bbox 408 759 728 829; x_wconf 76' lang='lat' dir='ltr'><strong><em>Quanquam</em></strong></span> <span class='ocrx_word' id='word_1_34' title='bbox 765 759 838 812; x_wconf 84' lang='lat' dir='ltr'><strong><em>de</em></strong></span> <span class='ocrx_word' id='word_1_35' title='bbox 882 760 1006 830; x_wconf 87' lang='lat' dir='ltr'><strong><em>ejus</em></strong></span> <span class='ocrx_word' id='word_1_36' title='bbox 1055 767 1216 816; x_wconf 66' lang='lat' dir='ltr'><strong><em>aetate</em></strong></span> <span class='ocrx_word' id='word_1_37' title='bbox 1251 769 1398 816; x_wconf 88' lang='lat' dir='ltr'><strong><em>certo</em></strong></span> <span class='ocrx_word' id='word_1_38' title='bbox 1435 759 1668 828; x_wconf 84' lang='lat' dir='ltr'><strong><em>deﬁnire</em></strong></span> <span class='ocrx_word' id='word_1_39' title='bbox 1706 777 1818 816; x_wconf 91' lang='lat' dir='ltr'><strong><em>non</em></strong></span> <span class='ocrx_word' id='word_1_40' title='bbox 1855 761 2059 826; x_wconf 81' lang='lat' dir='ltr'><strong><em>ausim,</em></strong></span> <span class='ocrx_word' id='word_1_41' title='bbox 2105 759 2272 816; x_wconf 83' lang='lat' dir='ltr'><strong><em>illum</em></strong></span> <span class='ocrx_word' id='word_1_42' title='bbox 2311 765 2496 816; x_wconf 88' lang='lat' dir='ltr'><strong><em>tamen</em></strong></span> <span class='ocrx_word' id='word_1_43' title='bbox 2541 762 2696 831; x_wconf 91' lang='lat' dir='ltr'><strong><em>longe</em></strong></span> <span class='ocrx_word' id='word_1_44' title='bbox 2729 763 2859 813; x_wconf 89' lang='lat' dir='ltr'><strong><em>ante</em></strong></span> <span class='ocrx_word' id='word_1_45' title='bbox 2901 759 3052 812; x_wconf 81' lang='lat' dir='ltr'><strong><em>urbis</em></strong></span> <span class='ocrx_word' id='word_1_46' title='bbox 3097 759 3564 826; x_wconf 71' lang='lat' dir='ltr'><strong><em>expugnationem</em></strong></span> <span class='ocrx_word' id='word_1_47' title='bbox 3613 757 3672 810; x_wconf 88' lang='lat' dir='ltr'><strong><em>in</em></strong></span> <span class='ocrx_word' id='word_1_48' title='bbox 3707 757 3828 824; x_wconf 85' lang='lat' dir='ltr'><strong><em>ipsa</em></strong></span> 
     </span>
    </p>
   </div>
   <div class='ocr_carea' id='block_1_5' title="bbox 403 847 3824 924">
    <p class='ocr_par' dir='ltr' id='par_1_5' title="bbox 403 847 3824 924">
     <span class='ocr_line' id='line_1_5' title="bbox 403 847 3824 924; baseline -0.001 -20"><span class='ocrx_word' id='word_1_49' title='bbox 403 850 608 906; x_wconf 70' lang='lat' dir='ltr'><strong><em>Graecia</em></strong></span> <span class='ocrx_word' id='word_1_50' title='bbox 653 853 927 922; x_wconf 85' lang='lat' dir='ltr'><strong><em>scriptum</em></strong></span> <span class='ocrx_word' id='word_1_51' title='bbox 970 868 1108 922; x_wconf 85' lang='lat' dir='ltr'><strong><em>esse,</em></strong></span> <span class='ocrx_word' id='word_1_52' title='bbox 1151 851 1424 907; x_wconf 66' lang='lat' dir='ltr'><strong><em>existimo.</em></strong></span> <span class='ocrx_word' id='word_1_53' title='bbox 1472 853 1708 908; x_wconf 89' lang='lat' dir='ltr'><strong><em>Summa</em></strong></span> <span class='ocrx_word' id='word_1_54' title='bbox 1745 853 1890 908; x_wconf 87' lang='lat' dir='ltr'><strong><em>enim</em></strong></span> <span class='ocrx_word' id='word_1_55' title='bbox 1936 869 2070 908; x_wconf 85' lang='lat' dir='ltr'><strong><em>cura</em></strong></span> <span class='ocrx_word' id='word_1_56' title='bbox 2120 857 2288 924; x_wconf 84' lang='lat' dir='ltr'><strong><em>atque</em></strong></span> <span class='ocrx_word' id='word_1_57' title='bbox 2333 853 2664 910; x_wconf 72' lang='lat' dir='ltr'><strong><em>dexteritate</em></strong></span> <span class='ocrx_word' id='word_1_58' title='bbox 2707 850 3002 923; x_wconf 74' lang='lat' dir='ltr'><strong><em>confectus,</em></strong></span> <span class='ocrx_word' id='word_1_59' title='bbox 3029 857 3090 904; x_wconf 88' lang='lat' dir='ltr'><strong><em>ut</em></strong></span> <span class='ocrx_word' id='word_1_60' title='bbox 3130 847 3467 922; x_wconf 84' lang='lat' dir='ltr'><strong><em>sphalmata,</em></strong></span> <span class='ocrx_word' id='word_1_61' title='bbox 3518 847 3712 920; x_wconf 77' lang='lat' dir='ltr'><strong><em>quibus</em></strong></span> <span class='ocrx_word' id='word_1_62' title='bbox 3744 864 3824 904; x_wconf 89' lang='lat' dir='ltr'><strong><em>re-</em></strong></span> 
     </span>
    </p>
   </div>
   <div class='ocr_carea' id='block_1_6' title="bbox 407 940 3834 1016">
    <p class='ocr_par' dir='ltr' id='par_1_6' title="bbox 407 940 3834 1016">
     <span class='ocr_line' id='line_1_6' title="bbox 407 940 3834 1016; baseline -0.002 -18"><span class='ocrx_word' id='word_1_63' title='bbox 407 941 674 998; x_wconf 86' lang='lat' dir='ltr'><strong><em>centiores</em></strong></span> <span class='ocrx_word' id='word_1_64' title='bbox 693 957 762 997; x_wconf 78' lang='lat' dir='ltr'><strong><em>ea:</em></strong></span> <span class='ocrx_word' id='word_1_65' title='bbox 789 941 1116 997; x_wconf 83' lang='lat' dir='ltr'><strong><em>scribarum</em></strong></span> <span class='ocrx_word' id='word_1_66' title='bbox 1142 942 1460 1014; x_wconf 75' lang='lat' dir='ltr'><strong><em>ignorantia</em></strong></span> <span class='ocrx_word' id='word_1_67' title='bbox 1490 947 1653 1016; x_wconf 89' lang='lat' dir='ltr'><strong><em>atque</em></strong></span> <span class='ocrx_word' id='word_1_68' title='bbox 1681 945 1970 1000; x_wconf 87' lang='lat' dir='ltr'><strong><em>oscitantia</em></strong></span> <span class='ocrx_word' id='word_1_69' title='bbox 1999 950 2226 1014; x_wconf 86' lang='lat' dir='ltr'><strong><em>scatent,</em></strong></span> <span class='ocrx_word' id='word_1_70' title='bbox 2261 947 2345 1002; x_wconf 85' lang='lat' dir='ltr'><strong><em>vet</em></strong></span> <span class='ocrx_word' id='word_1_71' title='bbox 2377 945 2536 1002; x_wconf 87' lang='lat' dir='ltr'><strong><em>nulla</em></strong></span> <span class='ocrx_word' id='word_1_72' title='bbox 2573 944 2660 1000; x_wconf 86' lang='lat' dir='ltr'><strong><em>vel</em></strong></span> <span class='ocrx_word' id='word_1_73' title='bbox 2699 943 2904 1013; x_wconf 71' lang='lat' dir='ltr'><strong><em>exigua</em></strong></span> <span class='ocrx_word' id='word_1_74' title='bbox 2933 940 3220 997; x_wconf 81' lang='lat' dir='ltr'><strong><em>rarissime</em></strong></span> <span class='ocrx_word' id='word_1_75' title='bbox 3257 947 3568 994; x_wconf 85' lang='lat' dir='ltr'><strong><em>occurrant.</em></strong></span> <span class='ocrx_word' id='word_1_76' title='bbox 3605 941 3666 994; x_wconf 90' lang='lat' dir='ltr'><strong><em>Et</em></strong></span> <span class='ocrx_word' id='word_1_77' title='bbox 3711 941 3834 994; x_wconf 84' lang='lat' dir='ltr'><strong><em>licet</em></strong></span> 
     </span>
    </p>
   </div>
   <div class='ocr_carea' id='block_1_7' title="bbox 411 1029 3828 1106">
    <p class='ocr_par' dir='ltr' id='par_1_7' title="bbox 411 1029 3828 1106">
     <span class='ocr_line' id='line_1_7' title="bbox 411 1029 3828 1106; baseline -0.001 -18"><span class='ocrx_word' id='word_1_78' title='bbox 411 1031 692 1104; x_wconf 77' lang='lat' dir='ltr'><strong><em>elegantia</em></strong></span> <span class='ocrx_word' id='word_1_79' title='bbox 731 1033 1024 1103; x_wconf 58' lang='lat' dir='ltr'><strong><em>scriptura</em></strong></span> <span class='ocrx_word' id='word_1_80' title='bbox 1045 1041 1204 1088; x_wconf 90' lang='lat' dir='ltr'><strong><em>tanta</em></strong></span> <span class='ocrx_word' id='word_1_81' title='bbox 1231 1041 1510 1106; x_wconf 79' lang='lat' dir='ltr'><strong><em>appareat,</em></strong></span> <span class='ocrx_word' id='word_1_82' title='bbox 1536 1050 1600 1088; x_wconf 87' lang='lat' dir='ltr'><strong><em>ac</em></strong></span> <span class='ocrx_word' id='word_1_83' title='bbox 1619 1032 1669 1090; x_wconf 85' lang='lat' dir='ltr'><strong><em>si</em></strong></span> <span class='ocrx_word' id='word_1_84' title='bbox 1693 1035 1966 1106; x_wconf 82' lang='lat' dir='ltr'><strong><em>integrum</em></strong></span> <span class='ocrx_word' id='word_1_85' title='bbox 1992 1035 2244 1091; x_wconf 88' lang='lat' dir='ltr'><strong><em>volumen</em></strong></span> <span class='ocrx_word' id='word_1_86' title='bbox 2276 1053 2385 1092; x_wconf 91' lang='lat' dir='ltr'><strong><em>non</em></strong></span> <span class='ocrx_word' id='word_1_87' title='bbox 2415 1036 2592 1092; x_wconf 87' lang='lat' dir='ltr'><strong><em>solum</em></strong></span> <span class='ocrx_word' id='word_1_88' title='bbox 2622 1035 2809 1090; x_wconf 89' lang='lat' dir='ltr'><strong><em>eadem</em></strong></span> <span class='ocrx_word' id='word_1_89' title='bbox 2829 1049 3020 1098; x_wconf 85' lang='lat' dir='ltr'><strong><em>manu,</em></strong></span> <span class='ocrx_word' id='word_1_90' title='bbox 3045 1031 3132 1086; x_wconf 84' lang='lat' dir='ltr'><strong><em>sed</em></strong></span> <span class='ocrx_word' id='word_1_91' title='bbox 3163 1031 3351 1088; x_wconf 89' lang='lat' dir='ltr'><strong><em>eodem</em></strong></span> <span class='ocrx_word' id='word_1_92' title='bbox 3371 1031 3582 1086; x_wconf 85' lang='lat' dir='ltr'><strong><em>calamo</em></strong></span> <span class='ocrx_word' id='word_1_93' title='bbox 3615 1029 3828 1085; x_wconf 86' lang='lat' dir='ltr'><strong><em>eadem-</em></strong></span> 
     </span>
    </p>
   </div>
   <div class='ocr_carea' id='block_1_8' title="bbox 401 1119 3830 1199">
    <p class='ocr_par' dir='ltr' id='par_1_8' title="bbox 401 1119 3830 1199">
     <span class='ocr_line' id='line_1_8' title="bbox 401 1119 3830 1199; baseline -0.001 -21"><span class='ocrx_word' id='word_1_94' title='bbox 401 1139 512 1199; x_wconf 79' lang='lat' dir='ltr'><strong><em>que</em></strong></span> <span class='ocrx_word' id='word_1_95' title='bbox 535 1123 626 1178; x_wconf 87' lang='lat' dir='ltr'><strong><em>die</em></strong></span> <span class='ocrx_word' id='word_1_96' title='bbox 644 1122 985 1192; x_wconf 84' lang='lat' dir='ltr'><strong><em>descriptum</em></strong></span> <span class='ocrx_word' id='word_1_97' title='bbox 1017 1121 1294 1194; x_wconf 84' lang='lat' dir='ltr'><strong><em>videatur,</em></strong></span> <span class='ocrx_word' id='word_1_98' title='bbox 1325 1125 1641 1180; x_wconf 88' lang='lat' dir='ltr'><strong><em>litterarum</em></strong></span> <span class='ocrx_word' id='word_1_99' title='bbox 1671 1133 1853 1180; x_wconf 89' lang='lat' dir='ltr'><strong><em>tamen</em></strong></span> <span class='ocrx_word' id='word_1_100' title='bbox 1884 1125 2172 1182; x_wconf 83' lang='lat' dir='ltr'><strong><em>character</em></strong></span> <span class='ocrx_word' id='word_1_101' title='bbox 2199 1127 2486 1198; x_wconf 82' lang='lat' dir='ltr'><strong><em>antiquior</em></strong></span> <span class='ocrx_word' id='word_1_102' title='bbox 2515 1135 2596 1182; x_wconf 82' lang='lat' dir='ltr'><strong><em>est</em></strong></span> <span class='ocrx_word' id='word_1_103' title='bbox 2625 1134 2676 1182; x_wconf 91' lang='lat' dir='ltr'><strong><em>et</em></strong></span> <span class='ocrx_word' id='word_1_104' title='bbox 2717 1141 2754 1180; x_wconf 84' lang='grc' dir='ltr'><em>α</em></span> <span class='ocrx_word' id='word_1_105' title='bbox 2785 1129 2968 1180; x_wconf 83' lang='lat' dir='ltr'><strong><em>nostro</em></strong></span> <span class='ocrx_word' id='word_1_106' title='bbox 2999 1122 3236 1176; x_wconf 76' lang='lat' dir='ltr'><strong><em>multum</em></strong></span> <span class='ocrx_word' id='word_1_107' title='bbox 3278 1121 3482 1192; x_wconf 80' lang='lat' dir='ltr'><strong><em>differt,</em></strong></span> <span class='ocrx_word' id='word_1_108' title='bbox 3515 1122 3677 1192; x_wconf 86' lang='lat' dir='ltr'><strong><em>alque</em></strong></span> <span class='ocrx_word' id='word_1_109' title='bbox 3711 1119 3830 1176; x_wconf 87' lang='lat' dir='ltr'><strong><em>ideo</em></strong></span> 
     </span>
    </p>
   </div>
   <div class='ocr_carea' id='block_1_9' title="bbox 403 1210 3832 1290">
    <p class='ocr_par' dir='ltr' id='par_1_9' title="bbox 403 1210 3832 1290">
     <span class='ocr_line' id='line_1_9' title="bbox 403 1210 3832 1290; baseline -0.001 -22"><span class='ocrx_word' id='word_1_110' title='bbox 403 1215 700 1270; x_wconf 82' lang='lat' dir='ltr'><strong><em>lectionem</em></strong></span> <span class='ocrx_word' id='word_1_111' title='bbox 731 1213 906 1268; x_wconf 87' lang='lat' dir='ltr'><strong><em>initio</em></strong></span> <span class='ocrx_word' id='word_1_112' title='bbox 937 1211 1322 1284; x_wconf 81' lang='lat' dir='ltr'><strong><em>difﬁciliorem</em></strong></span> <span class='ocrx_word' id='word_1_113' title='bbox 1352 1213 1550 1280; x_wconf 83' lang='lat' dir='ltr'><strong><em>reddit,</em></strong></span> <span class='ocrx_word' id='word_1_114' title='bbox 1583 1230 1704 1286; x_wconf 53' lang='lat' dir='ltr'><strong><em>qua</em></strong></span> <span class='ocrx_word' id='word_1_115' title='bbox 1734 1213 2034 1286; x_wconf 80' lang='lat' dir='ltr'><strong><em>difficultas</em></strong></span> <span class='ocrx_word' id='word_1_116' title='bbox 2066 1220 2310 1290; x_wconf 84' lang='lat' dir='ltr'><strong><em>augetur</em></strong></span> <span class='ocrx_word' id='word_1_117' title='bbox 2330 1231 2430 1288; x_wconf 87' lang='lat' dir='ltr'><strong><em>per</em></strong></span> <span class='ocrx_word' id='word_1_118' title='bbox 2450 1214 2624 1288; x_wconf 88' lang='lat' dir='ltr'><strong><em>siglas</em></strong></span> <span class='ocrx_word' id='word_1_119' title='bbox 2639 1216 2726 1270; x_wconf 87' lang='lat' dir='ltr'><strong><em>vel</em></strong></span> <span class='ocrx_word' id='word_1_120' title='bbox 2749 1215 3066 1269; x_wconf 82' lang='lat' dir='ltr'><strong><em>litterarum</em></strong></span> <span class='ocrx_word' id='word_1_121' title='bbox 3089 1211 3430 1284; x_wconf 84' lang='lat' dir='ltr'><strong><em>compendia,</em></strong></span> <span class='ocrx_word' id='word_1_122' title='bbox 3454 1210 3660 1282; x_wconf 85' lang='lat' dir='ltr'><strong><em>etquod</em></strong></span> <span class='ocrx_word' id='word_1_123' title='bbox 3680 1225 3832 1266; x_wconf 83' lang='lat' dir='ltr'><strong><em>voces</em></strong></span> 
     </span>
    </p>
   </div>
   <div class='ocr_carea' id='block_1_10' title="bbox 405 1301 3836 1380">
    <p class='ocr_par' dir='ltr' id='par_1_10' title="bbox 405 1301 3836 1380">
     <span class='ocr_line' id='line_1_10' title="bbox 405 1301 3836 1380; baseline -0.001 -20"><span class='ocrx_word' id='word_1_124' title='bbox 405 1303 598 1360; x_wconf 86' lang='lat' dir='ltr'><strong><em>minus</em></strong></span> <span class='ocrx_word' id='word_1_125' title='bbox 627 1303 910 1360; x_wconf 70' lang='lat' dir='ltr'><strong><em>distincta:</em></strong></span> <span class='ocrx_word' id='word_1_126' title='bbox 943 1303 1098 1359; x_wconf 88' lang='lat' dir='ltr'><strong><em>nullo</em></strong></span> <span class='ocrx_word' id='word_1_127' title='bbox 1126 1305 1452 1376; x_wconf 84' lang='lat' dir='ltr'><strong><em>plerumque</em></strong></span> <span class='ocrx_word' id='word_1_128' title='bbox 1482 1303 1786 1360; x_wconf 84' lang='lat' dir='ltr'><strong><em>interstitio</em></strong></span> <span class='ocrx_word' id='word_1_129' title='bbox 1807 1304 1916 1360; x_wconf 82' lang='lat' dir='ltr'><strong><em>sibi</em></strong></span> <span class='ocrx_word' id='word_1_130' title='bbox 1946 1307 2275 1362; x_wconf 71' lang='lat' dir='ltr'><strong><em>cohaereant.</em></strong></span> <span class='ocrx_word' id='word_1_131' title='bbox 2301 1307 2450 1374; x_wconf 87' lang='lat' dir='ltr'><strong><em>Quod</em></strong></span> <span class='ocrx_word' id='word_1_132' title='bbox 2483 1306 2740 1380; x_wconf 79' lang='lat' dir='ltr'><strong><em>equidem</em></strong></span> <span class='ocrx_word' id='word_1_133' title='bbox 2763 1309 2950 1360; x_wconf 88' lang='lat' dir='ltr'><strong><em>notam</em></strong></span> <span class='ocrx_word' id='word_1_134' title='bbox 2979 1321 3092 1358; x_wconf 87' lang='lat' dir='ltr'><strong><em>non</em></strong></span> <span class='ocrx_word' id='word_1_135' title='bbox 3123 1303 3576 1358; x_wconf 84' lang='lat' dir='ltr'><strong><em>contemnendam</em></strong></span> <span class='ocrx_word' id='word_1_136' title='bbox 3597 1301 3836 1372; x_wconf 80' lang='lat' dir='ltr'><strong><em>antiqui-</em></strong></span> 
     </span>
    </p>
   </div>
   <div class='ocr_carea' id='block_1_11' title="bbox 401 1393 3834 1468">
    <p class='ocr_par' dir='ltr' id='par_1_11' title="bbox 401 1393 3834 1468">
     <span class='ocr_line' id='line_1_11' title="bbox 401 1393 3834 1468; baseline -0.001 -18"><span class='ocrx_word' id='word_1_137' title='bbox 401 1395 542 1450; x_wconf 88' lang='lat' dir='ltr'><strong><em>tatis</em></strong></span> <span class='ocrx_word' id='word_1_138' title='bbox 573 1397 640 1450; x_wconf 89' lang='lat' dir='ltr'><strong><em>ct.</em></strong></span> <span class='ocrx_word' id='word_1_139' title='bbox 671 1394 988 1450; x_wconf 88' lang='lat' dir='ltr'><strong><em>Salmasius</em></strong></span> <span class='ocrx_word' id='word_1_140' title='bbox 1018 1394 1081 1466; x_wconf 78' lang='grc' dir='ltr'><strong><em>(ἰ)</em></strong></span> <span class='ocrx_word' id='word_1_141' title='bbox 1112 1397 1324 1450; x_wconf 87' lang='lat' dir='ltr'><strong><em>asserit.</em></strong></span> <span class='ocrx_word' id='word_1_142' title='bbox 1357 1397 1620 1452; x_wconf 76' lang='lat' dir='ltr'><strong><em>Accentus</em></strong></span> <span class='ocrx_word' id='word_1_143' title='bbox 1665 1395 1870 1468; x_wconf 80' lang='lat' dir='ltr'><strong><em>adjecti</em></strong></span> <span class='ocrx_word' id='word_1_144' title='bbox 1909 1398 2066 1452; x_wconf 86' lang='lat' dir='ltr'><strong><em>illam</em></strong></span> <span class='ocrx_word' id='word_1_145' title='bbox 2105 1413 2204 1454; x_wconf 86' lang='lat' dir='ltr'><strong><em>nec</em></strong></span> <span class='ocrx_word' id='word_1_146' title='bbox 2234 1399 2443 1454; x_wconf 86' lang='lat' dir='ltr'><strong><em>tollunt</em></strong></span> <span class='ocrx_word' id='word_1_147' title='bbox 2491 1415 2589 1454; x_wconf 83' lang='lat' dir='ltr'><strong><em>nec</em></strong></span> <span class='ocrx_word' id='word_1_148' title='bbox 2617 1397 2899 1466; x_wconf 87' lang='lat' dir='ltr'><strong><em>minuunt,</em></strong></span> <span class='ocrx_word' id='word_1_149' title='bbox 2932 1412 3058 1452; x_wconf 88' lang='lat' dir='ltr'><strong><em>cum</em></strong></span> <span class='ocrx_word' id='word_1_150' title='bbox 3087 1395 3154 1450; x_wconf 89' lang='lat' dir='ltr'><strong><em>ab</em></strong></span> <span class='ocrx_word' id='word_1_151' title='bbox 3185 1394 3562 1460; x_wconf 82' lang='lat' dir='ltr'><strong><em>AristOphane</em></strong></span> <span class='ocrx_word' id='word_1_152' title='bbox 3591 1393 3834 1462; x_wconf 76' lang='lat' dir='ltr'><strong><em>iamdum</em></strong></span> 
     </span>
    </p>
   </div>
   <div class='ocr_carea' id='block_1_12' title="bbox 399 1484 3836 1562">
    <p class='ocr_par' dir='ltr' id='par_1_12' title="bbox 399 1484 3836 1562">
     <span class='ocr_line' id='line_1_12' title="bbox 399 1484 3836 1562; baseline -0 -22"><span class='ocrx_word' id='word_1_153' title='bbox 399 1488 624 1540; x_wconf 83' lang='lat' dir='ltr'><strong><em>inventi</em></strong></span> <span class='ocrx_word' id='word_1_154' title='bbox 653 1487 712 1554; x_wconf 64' lang='grc' dir='ltr'><strong><em>(ᾔ)</em></strong></span> <span class='ocrx_word' id='word_1_155' title='bbox 762 1489 816 1540; x_wconf 89' lang='lat' dir='ltr'><strong><em>et</em></strong></span> <span class='ocrx_word' id='word_1_156' title='bbox 857 1488 914 1540; x_wconf 89' lang='lat' dir='ltr'><strong><em>in</em></strong></span> <span class='ocrx_word' id='word_1_157' title='bbox 961 1487 1340 1542; x_wconf 83' lang='lat' dir='ltr'><strong><em>vetustissimis</em></strong></span> <span class='ocrx_word' id='word_1_158' title='bbox 1366 1493 1532 1560; x_wconf 87' lang='lat' dir='ltr'><strong><em>atque</em></strong></span> <span class='ocrx_word' id='word_1_159' title='bbox 1559 1489 2046 1558; x_wconf 73' lang='lat' dir='ltr'><strong><em>praestantissimis</em></strong></span> <span class='ocrx_word' id='word_1_160' title='bbox 2096 1488 2376 1546; x_wconf 84' lang='lat' dir='ltr'><strong><em>codicibus</em></strong></span> <span class='ocrx_word' id='word_1_161' title='bbox 2417 1505 2560 1562; x_wconf 62' lang='lat' dir='ltr'><strong><em>sape</em></strong></span> <span class='ocrx_word' id='word_1_162' title='bbox 2591 1490 2970 1558; x_wconf 87' lang='lat' dir='ltr'><strong><em>reperiantur.</em></strong></span> <span class='ocrx_word' id='word_1_163' title='bbox 2999 1489 3252 1542; x_wconf 72' lang='lat' dir='ltr'><strong><em>Externa</em></strong></span> <span class='ocrx_word' id='word_1_164' title='bbox 3291 1484 3426 1540; x_wconf 79' lang='lat' dir='ltr'><strong><em>libri</em></strong></span> <span class='ocrx_word' id='word_1_165' title='bbox 3455 1485 3640 1554; x_wconf 86' lang='lat' dir='ltr'><strong><em>facies,</em></strong></span> <span class='ocrx_word' id='word_1_166' title='bbox 3675 1485 3836 1542; x_wconf 80' lang='lat' dir='ltr'><strong><em>invo-</em></strong></span> 
     </span>
    </p>
   </div>
   <div class='ocr_carea' id='block_1_13' title="bbox 401 1575 3834 1652">
    <p class='ocr_par' dir='ltr' id='par_1_13' title="bbox 401 1575 3834 1652">
     <span class='ocr_line' id='line_1_13' title="bbox 401 1575 3834 1652; baseline -0 -20"><span class='ocrx_word' id='word_1_167' title='bbox 401 1577 626 1632; x_wconf 82' lang='lat' dir='ltr'><strong><em>lucrum</em></strong></span> <span class='ocrx_word' id='word_1_168' title='bbox 663 1577 940 1632; x_wconf 82' lang='lat' dir='ltr'><strong><em>nimirum</em></strong></span> <span class='ocrx_word' id='word_1_169' title='bbox 969 1593 1040 1632; x_wconf 79' lang='lat' dir='ltr'><strong><em>ca:</em></strong></span> <span class='ocrx_word' id='word_1_170' title='bbox 1067 1579 1214 1632; x_wconf 91' lang='lat' dir='ltr'><strong><em>corio</em></strong></span> <span class='ocrx_word' id='word_1_171' title='bbox 1241 1577 1438 1633; x_wconf 89' lang='lat' dir='ltr'><strong><em>bubulo</em></strong></span> <span class='ocrx_word' id='word_1_172' title='bbox 1473 1580 1698 1634; x_wconf 88' lang='lat' dir='ltr'><strong><em>Turcico</em></strong></span> <span class='ocrx_word' id='word_1_173' title='bbox 1726 1581 1980 1636; x_wconf 88' lang='lat' dir='ltr'><strong><em>constans</em></strong></span> <span class='ocrx_word' id='word_1_174' title='bbox 2011 1595 2261 1652; x_wconf 87' lang='lat' dir='ltr'><strong><em>auroque</em></strong></span> <span class='ocrx_word' id='word_1_175' title='bbox 2291 1579 2606 1648; x_wconf 87' lang='lat' dir='ltr'><strong><em>obductum,</em></strong></span> <span class='ocrx_word' id='word_1_176' title='bbox 2637 1589 2804 1650; x_wconf 89' lang='lat' dir='ltr'><strong><em>atque</em></strong></span> <span class='ocrx_word' id='word_1_177' title='bbox 2835 1595 3026 1650; x_wconf 85' lang='lat' dir='ltr'><strong><em>regum</em></strong></span> <span class='ocrx_word' id='word_1_178' title='bbox 3071 1577 3376 1646; x_wconf 74' lang='lat' dir='ltr'><strong><em>Hungarise</em></strong></span> <span class='ocrx_word' id='word_1_179' title='bbox 3405 1575 3674 1646; x_wconf 81' lang='lat' dir='ltr'><strong><em>insignia,</em></strong></span> <span class='ocrx_word' id='word_1_180' title='bbox 3705 1591 3834 1646; x_wconf 67' lang='lat' dir='ltr'><strong><em>quae</em></strong></span> 
     </span>
    </p>
   </div>
   <div class='ocr_carea' id='block_1_14' title="bbox 403 1667 3834 1742">
    <p class='ocr_par' dir='ltr' id='par_1_14' title="bbox 403 1667 3834 1742">
     <span class='ocr_line' id='line_1_14' title="bbox 403 1667 3834 1742; baseline 0.001 -23"><span class='ocrx_word' id='word_1_181' title='bbox 403 1667 468 1720; x_wconf 88' lang='lat' dir='ltr'><strong><em>in</em></strong></span> <span class='ocrx_word' id='word_1_182' title='bbox 499 1669 744 1736; x_wconf 86' lang='lat' dir='ltr'><strong><em>utraque</em></strong></span> <span class='ocrx_word' id='word_1_183' title='bbox 769 1671 924 1738; x_wconf 90' lang='lat' dir='ltr'><strong><em>parte</em></strong></span> <span class='ocrx_word' id='word_1_184' title='bbox 969 1671 1258 1738; x_wconf 87' lang='lat' dir='ltr'><strong><em>apparent,</em></strong></span> <span class='ocrx_word' id='word_1_185' title='bbox 1289 1671 1427 1724; x_wconf 87' lang='lat' dir='ltr'><strong><em>satis</em></strong></span> <span class='ocrx_word' id='word_1_186' title='bbox 1473 1668 1872 1738; x_wconf 86' lang='lat' dir='ltr'><strong><em>demonstrant,</em></strong></span> <span class='ocrx_word' id='word_1_187' title='bbox 1911 1687 2022 1728; x_wconf 83' lang='lat' dir='ltr'><strong><em>non</em></strong></span> <span class='ocrx_word' id='word_1_188' title='bbox 2049 1672 2308 1726; x_wconf 86' lang='lat' dir='ltr'><strong><em>ultimum</em></strong></span> <span class='ocrx_word' id='word_1_189' title='bbox 2351 1673 2498 1728; x_wconf 87' lang='lat' dir='ltr'><strong><em>inter</em></strong></span> <span class='ocrx_word' id='word_1_190' title='bbox 2521 1671 2893 1728; x_wconf 71' lang='lat' dir='ltr'><strong><em>celeberrimae</em></strong></span> <span class='ocrx_word' id='word_1_191' title='bbox 2935 1672 3098 1742; x_wconf 89' lang='lat' dir='ltr'><strong><em>atque</em></strong></span> <span class='ocrx_word' id='word_1_192' title='bbox 3137 1669 3576 1726; x_wconf 74' lang='lat' dir='ltr'><strong><em>instructissima:</em></strong></span> <span class='ocrx_word' id='word_1_193' title='bbox 3609 1667 3834 1722; x_wconf 78' lang='lat' dir='ltr'><strong><em>Baden-</em></strong></span> 
     </span>
    </p>
   </div>
   <div class='ocr_carea' id='block_1_15' title="bbox 401 1757 3835 1836">
    <p class='ocr_par' dir='ltr' id='par_1_15' title="bbox 401 1757 3835 1836">
     <span class='ocr_line' id='line_1_15' title="bbox 401 1757 3835 1836; baseline 0.001 -26"><span class='ocrx_word' id='word_1_194' title='bbox 401 1759 506 1824; x_wconf 84' lang='lat' dir='ltr'><strong><em>sis,</em></strong></span> <span class='ocrx_word' id='word_1_195' title='bbox 540 1757 648 1812; x_wconf 86' lang='lat' dir='ltr'><strong><em>heu</em></strong></span> <span class='ocrx_word' id='word_1_196' title='bbox 679 1760 1004 1828; x_wconf 85' lang='lat' dir='ltr'><strong><em>quondam!</em></strong></span> <span class='ocrx_word' id='word_1_197' title='bbox 1038 1757 1372 1816; x_wconf 77' lang='lat' dir='ltr'><strong><em>bibliothecae</em></strong></span> <span class='ocrx_word' id='word_1_198' title='bbox 1416 1759 1684 1832; x_wconf 75' lang='grc' dir='ltr'><strong><em>κειμήλια</em></strong></span> <span class='ocrx_word' id='word_1_199' title='bbox 1718 1761 1894 1816; x_wconf 89' lang='lat' dir='ltr'><strong><em>locum</em></strong></span> <span class='ocrx_word' id='word_1_200' title='bbox 1945 1761 2270 1818; x_wconf 87' lang='lat' dir='ltr'><strong><em>obtinuisse.</em></strong></span> <span class='ocrx_word' id='word_1_201' title='bbox 2309 1767 2386 1820; x_wconf 89' lang='lat' dir='ltr'><strong><em>De</em></strong></span> <span class='ocrx_word' id='word_1_202' title='bbox 2431 1779 2536 1836; x_wconf 89' lang='lat' dir='ltr'><strong><em>quo</em></strong></span> <span class='ocrx_word' id='word_1_203' title='bbox 2567 1763 2720 1832; x_wconf 84' lang='lat' dir='ltr'><strong><em>infra</em></strong></span> <span class='ocrx_word' id='word_1_204' title='bbox 2747 1760 3024 1832; x_wconf 88' lang='lat' dir='ltr'><strong><em>pluribus.</em></strong></span> <span class='ocrx_word' id='word_1_205' title='bbox 3055 1759 3158 1816; x_wconf 84' lang='lat' dir='ltr'><strong><em>Sed</em></strong></span> <span class='ocrx_word' id='word_1_206' title='bbox 3183 1767 3243 1814; x_wconf 89' lang='lat' dir='ltr'><strong><em>ut</em></strong></span> <span class='ocrx_word' id='word_1_207' title='bbox 3280 1757 3351 1814; x_wconf 83' lang='lat' dir='ltr'><strong><em>ad</em></strong></span> <span class='ocrx_word' id='word_1_208' title='bbox 3383 1759 3648 1814; x_wconf 88' lang='lat' dir='ltr'><strong><em>interiora</em></strong></span> <span class='ocrx_word' id='word_1_209' title='bbox 3681 1774 3835 1814; x_wconf 88' lang='lat' dir='ltr'><strong><em>acce-</em></strong></span> 
     </span>
    </p>
   </div>
   <div class='ocr_carea' id='block_1_16' title="bbox 400 1845 3838 1924">
    <p class='ocr_par' dir='ltr' id='par_1_16' title="bbox 400 1845 3838 1924">
     <span class='ocr_line' id='line_1_16' title="bbox 400 1845 3838 1924; baseline 0 -24"><span class='ocrx_word' id='word_1_210' title='bbox 400 1845 556 1914; x_wconf 79' lang='lat' dir='ltr'><strong><em>dam,</em></strong></span> <span class='ocrx_word' id='word_1_211' title='bbox 591 1847 815 1915; x_wconf 87' lang='lat' dir='ltr'><strong><em>primus</em></strong></span> <span class='ocrx_word' id='word_1_212' title='bbox 873 1855 1146 1902; x_wconf 86' lang='lat' dir='ltr'><strong><em>tractatus</em></strong></span> <span class='ocrx_word' id='word_1_213' title='bbox 1193 1864 1408 1904; x_wconf 88' lang='lat' dir='ltr'><strong><em>omnem</em></strong></span> <span class='ocrx_word' id='word_1_214' title='bbox 1463 1855 1796 1920; x_wconf 80' lang='lat' dir='ltr'><strong><em>apparatum</em></strong></span> <span class='ocrx_word' id='word_1_215' title='bbox 1845 1851 2100 1908; x_wconf 89' lang='lat' dir='ltr'><strong><em>bellicum</em></strong></span> <span class='ocrx_word' id='word_1_216' title='bbox 2151 1850 2447 1924; x_wconf 87' lang='lat' dir='ltr'><strong><em>omniaque</em></strong></span> <span class='ocrx_word' id='word_1_217' title='bbox 2490 1850 2561 1906; x_wconf 89' lang='lat' dir='ltr'><strong><em>ad</em></strong></span> <span class='ocrx_word' id='word_1_218' title='bbox 2599 1851 2762 1906; x_wconf 89' lang='lat' dir='ltr'><strong><em>illum</em></strong></span> <span class='ocrx_word' id='word_1_219' title='bbox 2814 1850 3121 1906; x_wconf 86' lang='lat' dir='ltr'><strong><em>necessaria</em></strong></span> <span class='ocrx_word' id='word_1_220' title='bbox 3159 1849 3503 1903; x_wconf 67' lang='lat' dir='ltr'><strong><em>exactissime</em></strong></span> <span class='ocrx_word' id='word_1_221' title='bbox 3550 1847 3838 1911; x_wconf 79' lang='lat' dir='ltr'><strong><em>describit,-</em></strong></span> 
     </span>
    </p>
   </div>
   <div class='ocr_carea' id='block_1_17' title="bbox 407 1935 3838 2014">
    <p class='ocr_par' dir='ltr' id='par_1_17' title="bbox 407 1935 3838 2014">
     <span class='ocr_line' id='line_1_17' title="bbox 407 1935 3838 2014; baseline 0 -24"><span class='ocrx_word' id='word_1_222' title='bbox 407 1935 642 2008; x_wconf 87' lang='lat' dir='ltr'><strong><em>reliqui,</em></strong></span> <span class='ocrx_word' id='word_1_223' title='bbox 675 1935 822 1992; x_wconf 88' lang='lat' dir='ltr'><strong><em>ritus</em></strong></span> <span class='ocrx_word' id='word_1_224' title='bbox 849 1937 1272 2006; x_wconf 85' lang='lat' dir='ltr'><strong><em>ecclesiasticos,</em></strong></span> <span class='ocrx_word' id='word_1_225' title='bbox 1304 1939 1658 2008; x_wconf 87' lang='lat' dir='ltr'><strong><em>cerimonias,</em></strong></span> <span class='ocrx_word' id='word_1_226' title='bbox 1691 1939 1752 1994; x_wconf 90' lang='lat' dir='ltr'><strong><em>in</em></strong></span> <span class='ocrx_word' id='word_1_227' title='bbox 1781 1955 2110 2014; x_wconf 83' lang='lat' dir='ltr'><strong><em>unoquoque</em></strong></span> <span class='ocrx_word' id='word_1_228' title='bbox 2137 1943 2274 2011; x_wconf 85' lang='lat' dir='ltr'><strong><em>festo</em></strong></span> <span class='ocrx_word' id='word_1_229' title='bbox 2306 1940 2394 1996; x_wconf 89' lang='lat' dir='ltr'><strong><em>die</em></strong></span> <span class='ocrx_word' id='word_1_230' title='bbox 2431 1940 2714 2000; x_wconf 87' lang='lat' dir='ltr'><strong><em>observari</em></strong></span> <span class='ocrx_word' id='word_1_231' title='bbox 2761 1940 2974 2006; x_wconf 89' lang='lat' dir='ltr'><strong><em>solitas,</em></strong></span> <span class='ocrx_word' id='word_1_232' title='bbox 3003 1939 3286 2010; x_wconf 74' lang='lat' dir='ltr'><strong><em>prolixius</em></strong></span> <span class='ocrx_word' id='word_1_233' title='bbox 3320 1940 3667 1992; x_wconf 80' lang='lat' dir='ltr'><strong><em>enumerant.</em></strong></span> <span class='ocrx_word' id='word_1_234' title='bbox 3701 1939 3838 1994; x_wconf 88' lang='lat' dir='ltr'><strong><em>llinc</em></strong></span> 
     </span>
    </p>
   </div>
   <div class='ocr_carea' id='block_1_18' title="bbox 405 2027 3842 2102">
    <p class='ocr_par' dir='ltr' id='par_1_18' title="bbox 405 2027 3842 2102">
     <span class='ocr_line' id='line_1_18' title="bbox 405 2027 3842 2102; baseline 0.001 -22"><span class='ocrx_word' id='word_1_235' title='bbox 405 2041 524 2082; x_wconf 83' lang='lat' dir='ltr'><strong><em>non</em></strong></span> <span class='ocrx_word' id='word_1_236' title='bbox 573 2027 754 2082; x_wconf 88' lang='lat' dir='ltr'><strong><em>solum</em></strong></span> <span class='ocrx_word' id='word_1_237' title='bbox 803 2043 926 2098; x_wconf 74' lang='lat' dir='ltr'><strong><em>quas</em></strong></span> <span class='ocrx_word' id='word_1_238' title='bbox 967 2027 1038 2082; x_wconf 87' lang='lat' dir='ltr'><strong><em>ad</em></strong></span> <span class='ocrx_word' id='word_1_239' title='bbox 1083 2035 1288 2084; x_wconf 90' lang='lat' dir='ltr'><strong><em>statum</em></strong></span> <span class='ocrx_word' id='word_1_240' title='bbox 1329 2030 1578 2085; x_wconf 78' lang='lat' dir='ltr'><strong><em>anticum</em></strong></span> <span class='ocrx_word' id='word_1_241' title='bbox 1624 2034 1678 2086; x_wconf 90' lang='lat' dir='ltr'><strong><em>et</em></strong></span> <span class='ocrx_word' id='word_1_242' title='bbox 1725 2031 2157 2088; x_wconf 88' lang='lat' dir='ltr'><strong><em>ecclesiasticum</em></strong></span> <span class='ocrx_word' id='word_1_243' title='bbox 2199 2033 2502 2102; x_wconf 87' lang='lat' dir='ltr'><strong><em>pertinent,</em></strong></span> <span class='ocrx_word' id='word_1_244' title='bbox 2546 2031 2636 2086; x_wconf 90' lang='lat' dir='ltr'><strong><em>sed</em></strong></span> <span class='ocrx_word' id='word_1_245' title='bbox 2675 2030 2857 2086; x_wconf 86' lang='lat' dir='ltr'><strong><em>multa</em></strong></span> <span class='ocrx_word' id='word_1_246' title='bbox 2900 2031 3068 2086; x_wconf 91' lang='lat' dir='ltr'><strong><em>etiam</em></strong></span> <span class='ocrx_word' id='word_1_247' title='bbox 3123 2046 3240 2100; x_wconf 63' lang='lat' dir='ltr'><strong><em>quae</em></strong></span> <span class='ocrx_word' id='word_1_248' title='bbox 3288 2029 3358 2084; x_wconf 81' lang='lat' dir='ltr'><strong><em>ad</em></strong></span> <span class='ocrx_word' id='word_1_249' title='bbox 3412 2029 3842 2099; x_wconf 85' lang='lat' dir='ltr'><strong><em>topographium</em></strong></span> 
     </span>
    </p>
   </div>
   <div class='ocr_carea' id='block_1_19' title="bbox 403 2117 3836 2194">
    <p class='ocr_par' dir='ltr' id='par_1_19' title="bbox 403 2117 3836 2194">
     <span class='ocr_line' id='line_1_19' title="bbox 403 2117 3836 2194; baseline 0.001 -22"><span class='ocrx_word' id='word_1_250' title='bbox 403 2118 588 2187; x_wconf 81' lang='lat' dir='ltr'><strong><em>urbis,</em></strong></span> <span class='ocrx_word' id='word_1_251' title='bbox 623 2117 934 2189; x_wconf 84' lang='lat' dir='ltr'><strong><em>officiorum</em></strong></span> <span class='ocrx_word' id='word_1_252' title='bbox 965 2123 1128 2190; x_wconf 89' lang='lat' dir='ltr'><strong><em>atque</em></strong></span> <span class='ocrx_word' id='word_1_253' title='bbox 1161 2120 1496 2192; x_wconf 88' lang='lat' dir='ltr'><strong><em>dignitatum</em></strong></span> <span class='ocrx_word' id='word_1_254' title='bbox 1531 2122 1788 2178; x_wconf 87' lang='lat' dir='ltr'><strong><em>notitiam</em></strong></span> <span class='ocrx_word' id='word_1_255' title='bbox 1825 2127 2138 2194; x_wconf 88' lang='lat' dir='ltr'><strong><em>utramque,</em></strong></span> <span class='ocrx_word' id='word_1_256' title='bbox 2169 2123 2600 2180; x_wconf 82' lang='lat' dir='ltr'><strong><em>ecclesiasticam</em></strong></span> <span class='ocrx_word' id='word_1_257' title='bbox 2639 2122 2913 2194; x_wconf 86' lang='lat' dir='ltr'><strong><em>imprimis</em></strong></span> <span class='ocrx_word' id='word_1_258' title='bbox 2943 2122 3140 2178; x_wconf 89' lang='lat' dir='ltr'><strong><em>horum</em></strong></span> <span class='ocrx_word' id='word_1_259' title='bbox 3179 2129 3488 2192; x_wconf 83' lang='lat' dir='ltr'><strong><em>temporum</em></strong></span> <span class='ocrx_word' id='word_1_260' title='bbox 3521 2119 3836 2186; x_wconf 87' lang='lat' dir='ltr'><strong><em>historiam,</em></strong></span> 
     </span>
    </p>
   </div>
   <div class='ocr_carea' id='block_1_20' title="bbox 401 2211 3836 2284">
    <p class='ocr_par' dir='ltr' id='par_1_20' title="bbox 401 2211 3836 2284">
     <span class='ocr_line' id='line_1_20' title="bbox 401 2211 3836 2284; baseline 0.001 -22"><span class='ocrx_word' id='word_1_261' title='bbox 401 2211 650 2276; x_wconf 83' lang='lat' dir='ltr'><strong><em>faciunt,</em></strong></span> <span class='ocrx_word' id='word_1_262' title='bbox 693 2211 1072 2280; x_wconf 87' lang='lat' dir='ltr'><strong><em>reperiuntur,</em></strong></span> <span class='ocrx_word' id='word_1_263' title='bbox 1105 2227 1227 2282; x_wconf 77' lang='lat' dir='ltr'><strong><em>qua:</em></strong></span> <span class='ocrx_word' id='word_1_264' title='bbox 1257 2212 1398 2268; x_wconf 89' lang='lat' dir='ltr'><strong><em>alibi</em></strong></span> <span class='ocrx_word' id='word_1_265' title='bbox 1431 2214 1640 2282; x_wconf 88' lang='lat' dir='ltr'><strong><em>frustra</em></strong></span> <span class='ocrx_word' id='word_1_266' title='bbox 1677 2213 2014 2282; x_wconf 74' lang='lat' dir='ltr'><strong><em>quwsiveris.</em></strong></span> <span class='ocrx_word' id='word_1_267' title='bbox 2051 2212 2202 2280; x_wconf 79' lang='lat' dir='ltr'><strong><em>Quod</em></strong></span> <span class='ocrx_word' id='word_1_268' title='bbox 2242 2212 2519 2270; x_wconf 84' lang='lat' dir='ltr'><strong><em>luculento</em></strong></span> <span class='ocrx_word' id='word_1_269' title='bbox 2563 2217 2644 2268; x_wconf 86' lang='lat' dir='ltr'><strong><em>est</em></strong></span> <span class='ocrx_word' id='word_1_270' title='bbox 2674 2213 2900 2281; x_wconf 85' lang='lat' dir='ltr'><strong><em>indicio,</em></strong></span> <span class='ocrx_word' id='word_1_271' title='bbox 2933 2212 3030 2270; x_wconf 90' lang='lat' dir='ltr'><strong><em>hoc</em></strong></span> <span class='ocrx_word' id='word_1_272' title='bbox 3073 2229 3208 2284; x_wconf 88' lang='lat' dir='ltr'><strong><em>opus</em></strong></span> <span class='ocrx_word' id='word_1_273' title='bbox 3236 2229 3522 2280; x_wconf 85' lang='lat' dir='ltr'><strong><em>nunquam</em></strong></span> <span class='ocrx_word' id='word_1_274' title='bbox 3549 2211 3836 2282; x_wconf 84' lang='lat' dir='ltr'><strong><em>prodiisse.</em></strong></span> 
     </span>
    </p>
   </div>
   <div class='ocr_carea' id='block_1_21' title="bbox 407 2298 3838 2376">
    <p class='ocr_par' dir='ltr' id='par_1_21' title="bbox 407 2298 3838 2376">
     <span class='ocr_line' id='line_1_21' title="bbox 407 2298 3838 2376; baseline 0.001 -22"><span class='ocrx_word' id='word_1_275' title='bbox 407 2298 582 2354; x_wconf 71' lang='lat' dir='ltr'><strong><em>Multa</em></strong></span> <span class='ocrx_word' id='word_1_276' title='bbox 613 2301 762 2354; x_wconf 86' lang='lat' dir='ltr'><strong><em>enim</em></strong></span> <span class='ocrx_word' id='word_1_277' title='bbox 795 2305 912 2354; x_wconf 87' lang='lat' dir='ltr'><strong><em>tam</em></strong></span> <span class='ocrx_word' id='word_1_278' title='bbox 939 2301 1140 2372; x_wconf 85' lang='lat' dir='ltr'><strong><em>palatii</em></strong></span> <span class='ocrx_word' id='word_1_279' title='bbox 1167 2317 1334 2373; x_wconf 89' lang='lat' dir='ltr'><strong><em>quam</em></strong></span> <span class='ocrx_word' id='word_1_280' title='bbox 1361 2301 1618 2360; x_wconf 55' lang='lat' dir='ltr'><strong><em>Ecclesia</em></strong></span> <span class='ocrx_word' id='word_1_281' title='bbox 1647 2303 1860 2375; x_wconf 87' lang='lat' dir='ltr'><strong><em>ofﬁcia,</em></strong></span> <span class='ocrx_word' id='word_1_282' title='bbox 1891 2319 1926 2358; x_wconf 92' lang='lat' dir='ltr'><strong><em>a</em></strong></span> <span class='ocrx_word' id='word_1_283' title='bbox 1974 2302 2178 2360; x_wconf 88' lang='lat' dir='ltr'><strong><em>Codino</em></strong></span> <span class='ocrx_word' id='word_1_284' title='bbox 2217 2311 2378 2376; x_wconf 86' lang='lat' dir='ltr'><strong><em>atque</em></strong></span> <span class='ocrx_word' id='word_1_285' title='bbox 2417 2303 2650 2358; x_wconf 81' lang='lat' dir='ltr'><strong><em>Meursio</em></strong></span> <span class='ocrx_word' id='word_1_286' title='bbox 2677 2303 2900 2374; x_wconf 89' lang='lat' dir='ltr'><strong><em>omissa,</em></strong></span> <span class='ocrx_word' id='word_1_287' title='bbox 2928 2321 2998 2362; x_wconf 79' lang='lat' dir='ltr'><strong><em>ea:</em></strong></span> <span class='ocrx_word' id='word_1_288' title='bbox 3045 2303 3144 2360; x_wconf 87' lang='lat' dir='ltr'><strong><em>illo</em></strong></span> <span class='ocrx_word' id='word_1_289' title='bbox 3177 2303 3429 2374; x_wconf 84' lang='lat' dir='ltr'><strong><em>produci,</em></strong></span> <span class='ocrx_word' id='word_1_290' title='bbox 3461 2303 3640 2358; x_wconf 85' lang='lat' dir='ltr'><strong><em>multa</em></strong></span> <span class='ocrx_word' id='word_1_291' title='bbox 3667 2303 3838 2358; x_wconf 89' lang='lat' dir='ltr'><strong><em>etiam</em></strong></span> 
     </span>
    </p>
   </div>
   <div class='ocr_carea' id='block_1_22' title="bbox 405 2389 3839 2466">
    <p class='ocr_par' dir='ltr' id='par_1_22' title="bbox 405 2389 3839 2466">
     <span class='ocr_line' id='line_1_22' title="bbox 405 2389 3839 2466; baseline 0.002 -24"><span class='ocrx_word' id='word_1_292' title='bbox 405 2389 697 2444; x_wconf 87' lang='lat' dir='ltr'><strong><em>illustrari</em></strong></span> <span class='ocrx_word' id='word_1_293' title='bbox 715 2399 961 2462; x_wconf 87' lang='lat' dir='ltr'><strong><em>possunt.</em></strong></span> <span class='ocrx_word' id='word_1_294' title='bbox 995 2397 1306 2450; x_wconf 75' lang='lat' dir='ltr'><strong><em>Innumero:</em></strong></span> <span class='ocrx_word' id='word_1_295' title='bbox 1343 2407 1557 2466; x_wconf 79' lang='lat' dir='ltr'><strong><em>quoque</em></strong></span> <span class='ocrx_word' id='word_1_296' title='bbox 1597 2407 1750 2450; x_wconf 87' lang='lat' dir='ltr'><strong><em>voces</em></strong></span> <span class='ocrx_word' id='word_1_297' title='bbox 1793 2399 2088 2450; x_wconf 87' lang='lat' dir='ltr'><strong><em>occurrunt</em></strong></span> <span class='ocrx_word' id='word_1_298' title='bbox 2128 2410 2262 2466; x_wconf 89' lang='lat' dir='ltr'><strong><em>quas</em></strong></span> <span class='ocrx_word' id='word_1_299' title='bbox 2303 2409 2476 2464; x_wconf 88' lang='lat' dir='ltr'><strong><em>neque</em></strong></span> <span class='ocrx_word' id='word_1_300' title='bbox 2509 2394 2806 2462; x_wconf 88' lang='lat' dir='ltr'><strong><em>Glossaria,</em></strong></span> <span class='ocrx_word' id='word_1_301' title='bbox 2836 2411 2874 2450; x_wconf 81' lang='grc' dir='ltr'><em>α</em></span> <span class='ocrx_word' id='word_1_302' title='bbox 2915 2394 3167 2460; x_wconf 60' lang='lat' dir='ltr'><strong><em>Labbmo,</em></strong></span> <span class='ocrx_word' id='word_1_303' title='bbox 3199 2393 3464 2462; x_wconf 83' lang='lat' dir='ltr'><strong><em>Meursio,</em></strong></span> <span class='ocrx_word' id='word_1_304' title='bbox 3499 2393 3578 2448; x_wconf 91' lang='lat' dir='ltr'><strong><em>Du</em></strong></span> <span class='ocrx_word' id='word_1_305' title='bbox 3629 2391 3839 2460; x_wconf 81' lang='lat' dir='ltr'><strong><em>Gangio</em></strong></span> 
     </span>
    </p>
   </div>
   <div class='ocr_carea' id='block_1_23' title="bbox 409 2482 3840 2557">
    <p class='ocr_par' dir='ltr' id='par_1_23' title="bbox 409 2482 3840 2557">
     <span class='ocr_line' id='line_1_23' title="bbox 409 2482 3840 2557; baseline 0.001 -21"><span class='ocrx_word' id='word_1_306' title='bbox 409 2484 738 2552; x_wconf 83' lang='lat' dir='ltr'><strong><em>composita,</em></strong></span> <span class='ocrx_word' id='word_1_307' title='bbox 767 2497 940 2554; x_wconf 88' lang='lat' dir='ltr'><strong><em>neque</em></strong></span> <span class='ocrx_word' id='word_1_308' title='bbox 966 2483 1294 2554; x_wconf 78' lang='lat' dir='ltr'><strong><em>Hesychius,</em></strong></span> <span class='ocrx_word' id='word_1_309' title='bbox 1325 2499 1496 2554; x_wconf 81' lang='lat' dir='ltr'><strong><em>neque</em></strong></span> <span class='ocrx_word' id='word_1_310' title='bbox 1527 2483 1726 2540; x_wconf 89' lang='lat' dir='ltr'><strong><em>Suidas</em></strong></span> <span class='ocrx_word' id='word_1_311' title='bbox 1747 2485 1949 2540; x_wconf 90' lang='lat' dir='ltr'><strong><em>habent</em></strong></span> <span class='ocrx_word' id='word_1_312' title='bbox 1978 2484 2077 2557; x_wconf 86' lang='lat' dir='ltr'><strong><em>(k).</em></strong></span> <span class='ocrx_word' id='word_1_313' title='bbox 2113 2485 2295 2553; x_wconf 87' lang='lat' dir='ltr'><strong><em>Quare</em></strong></span> <span class='ocrx_word' id='word_1_314' title='bbox 2319 2485 2388 2540; x_wconf 89' lang='lat' dir='ltr'><strong><em>ad</em></strong></span> <span class='ocrx_word' id='word_1_315' title='bbox 2419 2487 2620 2556; x_wconf 73' lang='lat' dir='ltr'><strong><em>linguae</em></strong></span> <span class='ocrx_word' id='word_1_316' title='bbox 2647 2487 2820 2544; x_wconf 87' lang='lat' dir='ltr'><strong><em>etiam</em></strong></span> <span class='ocrx_word' id='word_1_317' title='bbox 2854 2487 3116 2556; x_wconf 88' lang='lat' dir='ltr'><strong><em>peritiam</em></strong></span> <span class='ocrx_word' id='word_1_318' title='bbox 3145 2485 3296 2542; x_wconf 88' lang='lat' dir='ltr'><strong><em>haud</em></strong></span> <span class='ocrx_word' id='word_1_319' title='bbox 3333 2501 3537 2556; x_wconf 86' lang='lat' dir='ltr'><strong><em>parum</em></strong></span> <span class='ocrx_word' id='word_1_320' title='bbox 3565 2482 3840 2540; x_wconf 85' lang='lat' dir='ltr'><strong><em>conducit.</em></strong></span> 
     </span>
    </p>
   </div>
   <div class='ocr_carea' id='block_1_24' title="bbox 415 2570 3844 2648">
    <p class='ocr_par' dir='ltr' id='par_1_24' title="bbox 415 2570 3844 2648">
     <span class='ocr_line' id='line_1_24' title="bbox 415 2570 3844 2648; baseline 0 -20"><span class='ocrx_word' id='word_1_321' title='bbox 415 2573 614 2644; x_wconf 87' lang='lat' dir='ltr'><strong><em>Stytus</em></strong></span> <span class='ocrx_word' id='word_1_322' title='bbox 643 2581 898 2628; x_wconf 60' lang='lat' dir='ltr'><strong><em>ceterum</em></strong></span> <span class='ocrx_word' id='word_1_323' title='bbox 927 2575 1060 2632; x_wconf 87' lang='lat' dir='ltr'><strong><em>satis</em></strong></span> <span class='ocrx_word' id='word_1_324' title='bbox 1094 2583 1336 2646; x_wconf 86' lang='lat' dir='ltr'><strong><em>comptus</em></strong></span> <span class='ocrx_word' id='word_1_325' title='bbox 1364 2579 1529 2646; x_wconf 88' lang='lat' dir='ltr'><strong><em>atque</em></strong></span> <span class='ocrx_word' id='word_1_326' title='bbox 1561 2592 1664 2648; x_wconf 89' lang='lat' dir='ltr'><strong><em>pro</em></strong></span> <span class='ocrx_word' id='word_1_327' title='bbox 1713 2577 1874 2632; x_wconf 80' lang='lat' dir='ltr'><strong><em>istius</em></strong></span> <span class='ocrx_word' id='word_1_328' title='bbox 1918 2577 2108 2632; x_wconf 69' lang='lat' dir='ltr'><strong><em>saeculi</em></strong></span> <span class='ocrx_word' id='word_1_329' title='bbox 2157 2575 2408 2632; x_wconf 89' lang='lat' dir='ltr'><strong><em>barbarie</em></strong></span> <span class='ocrx_word' id='word_1_330' title='bbox 2437 2585 2522 2633; x_wconf 87' lang='lat' dir='ltr'><strong><em>sat</em></strong></span> <span class='ocrx_word' id='word_1_331' title='bbox 2567 2570 2822 2646; x_wconf 82' lang='lat' dir='ltr'><strong><em>elegans.</em></strong></span> <span class='ocrx_word' id='word_1_332' title='bbox 2855 2577 3146 2648; x_wconf 81' lang='lat' dir='ltr'><strong><em>Nunquam</em></strong></span> <span class='ocrx_word' id='word_1_333' title='bbox 3175 2593 3306 2632; x_wconf 86' lang='lat' dir='ltr'><strong><em>vero</em></strong></span> <span class='ocrx_word' id='word_1_334' title='bbox 3335 2575 3567 2642; x_wconf 82' lang='lat' dir='ltr'><strong><em>editum,</em></strong></span> <span class='ocrx_word' id='word_1_335' title='bbox 3601 2574 3716 2630; x_wconf 89' lang='lat' dir='ltr'><strong><em>imo</em></strong></span> <span class='ocrx_word' id='word_1_336' title='bbox 3748 2574 3844 2628; x_wconf 71' lang='lat' dir='ltr'><strong><em>vim</em></strong></span> 
     </span>
    </p>
   </div>
   <div class='ocr_carea' id='block_1_25' title="bbox 415 2662 3841 2738">
    <p class='ocr_par' dir='ltr' id='par_1_25' title="bbox 415 2662 3841 2738">
     <span class='ocr_line' id='line_1_25' title="bbox 415 2662 3841 2738; baseline 0 -19"><span class='ocrx_word' id='word_1_337' title='bbox 415 2665 706 2732; x_wconf 84' lang='lat' dir='ltr'><strong><em>cognitum</em></strong></span> <span class='ocrx_word' id='word_1_338' title='bbox 733 2662 988 2720; x_wconf 88' lang='lat' dir='ltr'><strong><em>hactenus</em></strong></span> <span class='ocrx_word' id='word_1_339' title='bbox 1018 2663 1288 2736; x_wconf 86' lang='lat' dir='ltr'><strong><em>optimum</em></strong></span> <span class='ocrx_word' id='word_1_340' title='bbox 1313 2667 1492 2736; x_wconf 84' lang='lat' dir='ltr'><strong><em>fuisse</em></strong></span> <span class='ocrx_word' id='word_1_341' title='bbox 1519 2665 1778 2736; x_wconf 81' lang='lat' dir='ltr'><strong><em>codicem,</em></strong></span> <span class='ocrx_word' id='word_1_342' title='bbox 1803 2681 2046 2738; x_wconf 83' lang='lat' dir='ltr'><strong><em>prorsus</em></strong></span> <span class='ocrx_word' id='word_1_343' title='bbox 2073 2665 2268 2724; x_wconf 86' lang='lat' dir='ltr'><strong><em>miror.</em></strong></span> <span class='ocrx_word' id='word_1_344' title='bbox 2291 2666 2474 2737; x_wconf 88' lang='lat' dir='ltr'><strong><em>Neque</em></strong></span> <span class='ocrx_word' id='word_1_345' title='bbox 2495 2668 2648 2722; x_wconf 88' lang='lat' dir='ltr'><strong><em>enim</em></strong></span> <span class='ocrx_word' id='word_1_346' title='bbox 2669 2668 2816 2724; x_wconf 72' lang='lat' dir='ltr'><strong><em>inter</em></strong></span> <span class='ocrx_word' id='word_1_347' title='bbox 2845 2681 3008 2738; x_wconf 87' lang='lat' dir='ltr'><strong><em>cpera</em></strong></span> <span class='ocrx_word' id='word_1_348' title='bbox 3027 2666 3376 2724; x_wconf 85' lang='lat' dir='ltr'><strong><em>Constantini</em></strong></span> <span class='ocrx_word' id='word_1_349' title='bbox 3394 2683 3428 2720; x_wconf 90' lang='lat' dir='ltr'><strong><em>a</em></strong></span> <span class='ocrx_word' id='word_1_350' title='bbox 3455 2663 3738 2728; x_wconf 84' lang='lat' dir='ltr'><strong><em>Vulcania,</em></strong></span> <span class='ocrx_word' id='word_1_351' title='bbox 3757 2663 3841 2720; x_wconf 79' lang='lat' dir='ltr'><strong><em>vel</em></strong></span> 
     </span>
    </p>
   </div>
   <div class='ocr_carea' id='block_1_26' title="bbox 417 2754 3840 2830">
    <p class='ocr_par' dir='ltr' id='par_1_26' title="bbox 417 2754 3840 2830">
     <span class='ocr_line' id='line_1_26' title="bbox 417 2754 3840 2830; baseline -0.001 -20"><span class='ocrx_word' id='word_1_352' title='bbox 417 2755 486 2810; x_wconf 89' lang='lat' dir='ltr'><strong><em>ab</em></strong></span> <span class='ocrx_word' id='word_1_353' title='bbox 513 2755 652 2811; x_wconf 85' lang='lat' dir='ltr'><strong><em>aliis</em></strong></span> <span class='ocrx_word' id='word_1_354' title='bbox 679 2755 894 2826; x_wconf 86' lang='lat' dir='ltr'><strong><em>publici</em></strong></span> <span class='ocrx_word' id='word_1_355' title='bbox 907 2755 1071 2826; x_wconf 85' lang='lat' dir='ltr'><strong><em>juris</em></strong></span> <span class='ocrx_word' id='word_1_356' title='bbox 1099 2757 1281 2826; x_wconf 84' lang='lat' dir='ltr'><strong><em>facta,</em></strong></span> <span class='ocrx_word' id='word_1_357' title='bbox 1304 2765 1558 2829; x_wconf 84' lang='lat' dir='ltr'><strong><em>apparet,</em></strong></span> <span class='ocrx_word' id='word_1_358' title='bbox 1591 2773 1768 2830; x_wconf 88' lang='lat' dir='ltr'><strong><em>neque</em></strong></span> <span class='ocrx_word' id='word_1_359' title='bbox 1809 2758 1875 2814; x_wconf 89' lang='lat' dir='ltr'><strong><em>ab</em></strong></span> <span class='ocrx_word' id='word_1_360' title='bbox 1919 2759 2182 2824; x_wconf 84' lang='lat' dir='ltr'><strong><em>llanckio,</em></strong></span> <span class='ocrx_word' id='word_1_361' title='bbox 2213 2772 2311 2812; x_wconf 87' lang='lat' dir='ltr'><strong><em>nec</em></strong></span> <span class='ocrx_word' id='word_1_362' title='bbox 2349 2757 2485 2820; x_wconf 87' lang='lat' dir='ltr'><strong><em>alio,</em></strong></span> <span class='ocrx_word' id='word_1_363' title='bbox 2517 2757 2662 2826; x_wconf 89' lang='lat' dir='ltr'><strong><em>q‘uod</em></strong></span> <span class='ocrx_word' id='word_1_364' title='bbox 2699 2757 2894 2822; x_wconf 86' lang='lat' dir='ltr'><strong><em>sciam,</em></strong></span> <span class='ocrx_word' id='word_1_365' title='bbox 2921 2757 3040 2814; x_wconf 89' lang='lat' dir='ltr'><strong><em>ulla</em></strong></span> <span class='ocrx_word' id='word_1_366' title='bbox 3065 2757 3185 2826; x_wconf 83' lang='lat' dir='ltr'><strong><em>ejus</em></strong></span> <span class='ocrx_word' id='word_1_367' title='bbox 3215 2757 3276 2825; x_wconf 79' lang='lat' dir='ltr'><strong><em>fit</em></strong></span> <span class='ocrx_word' id='word_1_368' title='bbox 3307 2754 3506 2810; x_wconf 89' lang='lat' dir='ltr'><strong><em>mentio</em></strong></span> <span class='ocrx_word' id='word_1_369' title='bbox 3529 2755 3610 2824; x_wconf 88' lang='lat' dir='ltr'><strong><em>(l).</em></strong></span> <span class='ocrx_word' id='word_1_370' title='bbox 3650 2755 3840 2809; x_wconf 77' lang='lat' dir='ltr'><strong><em>Verum</em></strong></span> 
     </span>
    </p>
   </div>
   <div class='ocr_carea' id='block_1_27' title="bbox 425 2842 3840 2920">
    <p class='ocr_par' dir='ltr' id='par_1_27' title="bbox 425 2842 3840 2920">
     <span class='ocr_line' id='line_1_27' title="bbox 425 2842 3840 2920; baseline -0 -22"><span class='ocrx_word' id='word_1_371' title='bbox 425 2845 506 2898; x_wconf 85' lang='lat' dir='ltr'><strong><em>Du</em></strong></span> <span class='ocrx_word' id='word_1_372' title='bbox 527 2847 746 2902; x_wconf 79' lang='lat' dir='ltr'><strong><em>Fresnei</em></strong></span> <span class='ocrx_word' id='word_1_373' title='bbox 792 2846 1006 2904; x_wconf 83' lang='lat' dir='ltr'><strong><em>domini</em></strong></span> <span class='ocrx_word' id='word_1_374' title='bbox 1049 2847 1132 2902; x_wconf 90' lang='lat' dir='ltr'><strong><em>Du</em></strong></span> <span class='ocrx_word' id='word_1_375' title='bbox 1163 2847 1346 2916; x_wconf 83' lang='lat' dir='ltr'><strong><em>Gange</em></strong></span> <span class='ocrx_word' id='word_1_376' title='bbox 1391 2847 1728 2904; x_wconf 86' lang='lat' dir='ltr'><strong><em>industriam</em></strong></span> <span class='ocrx_word' id='word_1_377' title='bbox 1777 2849 2048 2920; x_wconf 83' lang='lat' dir='ltr'><strong><em>effugisse,</em></strong></span> <span class='ocrx_word' id='word_1_378' title='bbox 2077 2847 2243 2918; x_wconf 87' lang='lat' dir='ltr'><strong><em>plane</em></strong></span> <span class='ocrx_word' id='word_1_379' title='bbox 2291 2845 2554 2910; x_wconf 82' lang='lat' dir='ltr'><strong><em>demiror,</em></strong></span> <span class='ocrx_word' id='word_1_380' title='bbox 2582 2846 2782 2918; x_wconf 86' lang='lat' dir='ltr'><strong><em>quippe</em></strong></span> <span class='ocrx_word' id='word_1_381' title='bbox 2829 2847 2928 2917; x_wconf 83' lang='lat' dir='ltr'><strong><em>qui</em></strong></span> <span class='ocrx_word' id='word_1_382' title='bbox 2965 2845 3036 2900; x_wconf 87' lang='lat' dir='ltr'><strong><em>ad</em></strong></span> <span class='ocrx_word' id='word_1_383' title='bbox 3091 2845 3489 2902; x_wconf 80' lang='lat' dir='ltr'><strong><em>illustrandum</em></strong></span> <span class='ocrx_word' id='word_1_384' title='bbox 3535 2842 3840 2898; x_wconf 83' lang='lat' dir='ltr'><strong><em>Orientalis</em></strong></span> 
     </span>
    </p>
   </div>
   <div class='ocr_carea' id='block_1_28' title="bbox 427 2935 3838 3008">
    <p class='ocr_par' dir='ltr' id='par_1_28' title="bbox 427 2935 3838 3008">
     <span class='ocr_line' id='line_1_28' title="bbox 427 2935 3838 3008; baseline 0 -20"><span class='ocrx_word' id='word_1_385' title='bbox 427 2935 658 3005; x_wconf 82' lang='lat' dir='ltr'><strong><em>Imperii</em></strong></span> <span class='ocrx_word' id='word_1_386' title='bbox 711 2936 1016 3006; x_wconf 82' lang='lat' dir='ltr'><strong><em>historiam,</em></strong></span> <span class='ocrx_word' id='word_1_387' title='bbox 1061 2943 1116 2994; x_wconf 86' lang='lat' dir='ltr'><strong><em>et</em></strong></span> <span class='ocrx_word' id='word_1_388' title='bbox 1165 2937 1502 2996; x_wconf 87' lang='lat' dir='ltr'><strong><em>Glossarium</em></strong></span> <span class='ocrx_word' id='word_1_389' title='bbox 1555 2955 1720 2996; x_wconf 84' lang='lat' dir='ltr'><strong><em>suum</em></strong></span> <span class='ocrx_word' id='word_1_390' title='bbox 1775 2937 2158 2996; x_wconf 87' lang='lat' dir='ltr'><strong><em>adornandum</em></strong></span> <span class='ocrx_word' id='word_1_391' title='bbox 2217 2937 2648 3008; x_wconf 87' lang='lat' dir='ltr'><strong><em>incomparabili</em></strong></span> <span class='ocrx_word' id='word_1_392' title='bbox 2701 2953 2930 3008; x_wconf 82' lang='lat' dir='ltr'><strong><em>prorsus</em></strong></span> <span class='ocrx_word' id='word_1_393' title='bbox 2979 2937 3160 2994; x_wconf 89' lang='lat' dir='ltr'><strong><em>studio</em></strong></span> <span class='ocrx_word' id='word_1_394' title='bbox 3213 2938 3406 2992; x_wconf 84' lang='lat' dir='ltr'><strong><em>omnia</em></strong></span> <span class='ocrx_word' id='word_1_395' title='bbox 3460 2936 3696 2990; x_wconf 87' lang='lat' dir='ltr'><strong><em>rimatus</em></strong></span> <span class='ocrx_word' id='word_1_396' title='bbox 3757 2937 3838 2988; x_wconf 90' lang='lat' dir='ltr'><strong><em>est</em></strong></span> 
     </span>
    </p>
   </div>
   <div class='ocr_carea' id='block_1_29' title="bbox 424 3023 3843 3098">
    <p class='ocr_par' dir='ltr' id='par_1_29' title="bbox 424 3023 3843 3098">
     <span class='ocr_line' id='line_1_29' title="bbox 424 3023 3843 3098; baseline 0 -20"><span class='ocrx_word' id='word_1_397' title='bbox 424 3023 588 3080; x_wconf 83' lang='lat' dir='ltr'><strong><em>Solus</em></strong></span> <span class='ocrx_word' id='word_1_398' title='bbox 619 3023 873 3081; x_wconf 85' lang='lat' dir='ltr'><strong><em>Gesnerus</em></strong></span> <span class='ocrx_word' id='word_1_399' title='bbox 901 3027 1022 3098; x_wconf 87' lang='lat' dir='ltr'><strong><em>(m),</em></strong></span> <span class='ocrx_word' id='word_1_400' title='bbox 1057 3029 1118 3082; x_wconf 87' lang='lat' dir='ltr'><strong><em>in</em></strong></span> <span class='ocrx_word' id='word_1_401' title='bbox 1149 3027 1380 3084; x_wconf 85' lang='lat' dir='ltr'><strong><em>historia</em></strong></span> <span class='ocrx_word' id='word_1_402' title='bbox 1411 3028 1688 3085; x_wconf 85' lang='lat' dir='ltr'><strong><em>titteraria</em></strong></span> <span class='ocrx_word' id='word_1_403' title='bbox 1722 3027 2153 3096; x_wconf 87' lang='lat' dir='ltr'><strong><em>versatissimus,</em></strong></span> <span class='ocrx_word' id='word_1_404' title='bbox 2185 3029 2304 3097; x_wconf 87' lang='lat' dir='ltr'><strong><em>ejus</em></strong></span> <span class='ocrx_word' id='word_1_405' title='bbox 2338 3027 2486 3083; x_wconf 87' lang='lat' dir='ltr'><strong><em>hisce</em></strong></span> <span class='ocrx_word' id='word_1_406' title='bbox 2518 3030 2792 3096; x_wconf 83' lang='lat' dir='ltr'><strong><em>meminit,</em></strong></span> <span class='ocrx_word' id='word_1_407' title='bbox 2823 3035 2954 3084; x_wconf 88' lang='lat' dir='ltr'><strong><em>dum</em></strong></span> <span class='ocrx_word' id='word_1_408' title='bbox 2981 3028 3128 3084; x_wconf 87' lang='lat' dir='ltr'><strong><em>inter</em></strong></span> <span class='ocrx_word' id='word_1_409' title='bbox 3157 3027 3280 3084; x_wconf 87' lang='lat' dir='ltr'><strong><em>alia</em></strong></span> <span class='ocrx_word' id='word_1_410' title='bbox 3312 3027 3650 3082; x_wconf 84' lang='lat' dir='ltr'><strong><em>Constantini</em></strong></span> <span class='ocrx_word' id='word_1_411' title='bbox 3679 3039 3843 3095; x_wconf 83' lang='lat' dir='ltr'><strong><em>opera</em></strong></span> 
     </span>
    </p>
   </div>
   <div class='ocr_carea' id='block_1_30' title="bbox 415 3113 3838 3190">
    <p class='ocr_par' dir='ltr' id='par_1_30' title="bbox 415 3113 3838 3190">
     <span class='ocr_line' id='line_1_30' title="bbox 415 3113 3838 3190; baseline 0 -24"><span class='ocrx_word' id='word_1_412' title='bbox 415 3121 658 3170; x_wconf 85' lang='lat' dir='ltr'><strong><em>recenset</em></strong></span> <span class='ocrx_word' id='word_1_413' title='bbox 689 3130 702 3169; x_wconf 91' lang='lat'>:</span> <span class='ocrx_word' id='word_1_414' title='bbox 737 3115 1022 3172; x_wconf 85' lang='lat' dir='ltr'><strong><em>Volumen</em></strong></span> <span class='ocrx_word' id='word_1_415' title='bbox 1053 3117 1320 3174; x_wconf 65' lang='lat' dir='ltr'><strong><em>Graecum</em></strong></span> <span class='ocrx_word' id='word_1_416' title='bbox 1367 3133 1648 3190; x_wconf 86' lang='lat' dir='ltr'><strong><em>magnum</em></strong></span> <span class='ocrx_word' id='word_1_417' title='bbox 1681 3135 1750 3176; x_wconf 83' lang='lat' dir='ltr'><strong><em>ex</em></strong></span> <span class='ocrx_word' id='word_1_418' title='bbox 1781 3117 2136 3174; x_wconf 83' lang='lat' dir='ltr'><strong><em>bibliotheca</em></strong></span> <span class='ocrx_word' id='word_1_419' title='bbox 2169 3117 2504 3188; x_wconf 83' lang='lat' dir='ltr'><strong><em>Hungarica</em></strong></span> <span class='ocrx_word' id='word_1_420' title='bbox 2537 3117 2608 3174; x_wconf 88' lang='lat' dir='ltr'><strong><em>de</em></strong></span> <span class='ocrx_word' id='word_1_421' title='bbox 2638 3117 2974 3174; x_wconf 80' lang='lat' dir='ltr'><strong><em>cerimoniis</em></strong></span> <span class='ocrx_word' id='word_1_422' title='bbox 3023 3115 3228 3172; x_wconf 81' lang='lat' dir='ltr'><strong><em>aulicis</em></strong></span> <span class='ocrx_word' id='word_1_423' title='bbox 3259 3116 3437 3172; x_wconf 86' lang='lat' dir='ltr'><strong><em>sacris</em></strong></span> <span class='ocrx_word' id='word_1_424' title='bbox 3477 3119 3534 3170; x_wconf 86' lang='lat' dir='ltr'><strong><em>et</em></strong></span> <span class='ocrx_word' id='word_1_425' title='bbox 3564 3113 3838 3186; x_wconf 78' lang='lat' dir='ltr'><strong><em>profanis.</em></strong></span> 
     </span>
    </p>
   </div>
   <div class='ocr_carea' id='block_1_31' title="bbox 409 3203 3843 3279">
    <p class='ocr_par' dir='ltr' id='par_1_31' title="bbox 409 3203 3843 3279">
     <span class='ocr_line' id='line_1_31' title="bbox 409 3203 3843 3279; baseline 0 -21"><span class='ocrx_word' id='word_1_426' title='bbox 409 3205 768 3272; x_wconf 85' lang='lat' dir='ltr'><strong><em>Videndum,</em></strong></span> <span class='ocrx_word' id='word_1_427' title='bbox 790 3209 968 3278; x_wconf 86' lang='lat' dir='ltr'><strong><em>pergit</em></strong></span> <span class='ocrx_word' id='word_1_428' title='bbox 989 3209 1274 3274; x_wconf 65' lang='lat' dir='ltr'><strong><em>Gesner-us,</em></strong></span> <span class='ocrx_word' id='word_1_429' title='bbox 1299 3213 1431 3266; x_wconf 89' lang='lat' dir='ltr'><strong><em>ante</em></strong></span> <span class='ocrx_word' id='word_1_430' title='bbox 1453 3209 1600 3266; x_wconf 82' lang='lat' dir='ltr'><strong><em>forte</em></strong></span> <span class='ocrx_word' id='word_1_431' title='bbox 1621 3209 1699 3266; x_wconf 87' lang='lat' dir='ltr'><strong><em>sit</em></strong></span> <span class='ocrx_word' id='word_1_432' title='bbox 1719 3207 2036 3266; x_wconf 86' lang='lat' dir='ltr'><strong><em>idemliber</em></strong></span> <span class='ocrx_word' id='word_1_433' title='bbox 2056 3207 2158 3279; x_wconf 88' lang='lat' dir='ltr'><strong><em>qui</em></strong></span> <span class='ocrx_word' id='word_1_434' title='bbox 2176 3207 2613 3279; x_wconf 86' lang='lat' dir='ltr'><strong><em>Harmenopulo</em></strong></span> <span class='ocrx_word' id='word_1_435' title='bbox 2637 3208 2920 3264; x_wconf 83' lang='lat' dir='ltr'><strong><em>tribuitur</em></strong></span> <span class='ocrx_word' id='word_1_436' title='bbox 2939 3208 2998 3264; x_wconf 87' lang='lat' dir='ltr'><strong><em>in</em></strong></span> <span class='ocrx_word' id='word_1_437' title='bbox 3021 3207 3282 3279; x_wconf 80' lang='lat' dir='ltr'><strong><em>catalogo</em></strong></span> <span class='ocrx_word' id='word_1_438' title='bbox 3309 3205 3670 3262; x_wconf 82' lang='lat' dir='ltr'><strong><em>bibliothecae</em></strong></span> <span class='ocrx_word' id='word_1_439' title='bbox 3689 3203 3843 3274; x_wconf 84' lang='lat' dir='ltr'><strong><em>regis</em></strong></span> 
     </span>
    </p>
   </div>
   <div class='ocr_carea' id='block_1_32' title="bbox 411 3293 3844 3369">
    <p class='ocr_par' dir='ltr' id='par_1_32' title="bbox 411 3293 3844 3369">
     <span class='ocr_line' id='line_1_32' title="bbox 411 3293 3844 3369; baseline -0 -21"><span class='ocrx_word' id='word_1_440' title='bbox 411 3293 740 3350; x_wconf 81' lang='lat' dir='ltr'><strong><em>Gallorum.</em></strong></span> <span class='ocrx_word' id='word_1_441' title='bbox 799 3319 828 3346; x_wconf 73' lang='grc' dir='ltr'><em>α</em></span> <span class='ocrx_word' id='word_1_442' title='bbox 889 3297 1044 3352; x_wconf 86' lang='lat' dir='ltr'><strong><em>Ordo</em></strong></span> <span class='ocrx_word' id='word_1_443' title='bbox 1095 3297 1242 3369; x_wconf 81' lang='lat' dir='ltr'><strong><em>regii</em></strong></span> <span class='ocrx_word' id='word_1_444' title='bbox 1293 3297 1515 3368; x_wconf 79' lang='lat' dir='ltr'><strong><em>palatii.</em></strong></span> <span class='ocrx_word' id='word_1_445' title='bbox 1552 3322 1574 3350; x_wconf 78' lang='grc' dir='ltr'><strong><em>ι</em></strong></span> <span class='ocrx_word' id='word_1_446' title='bbox 1621 3297 1849 3354; x_wconf 85' lang='lat' dir='ltr'><strong><em>Nullum</em></strong></span> <span class='ocrx_word' id='word_1_447' title='bbox 1895 3313 2020 3356; x_wconf 91' lang='lat' dir='ltr'><strong><em>vero</em></strong></span> <span class='ocrx_word' id='word_1_448' title='bbox 2065 3297 2209 3356; x_wconf 82' lang='lat' dir='ltr'><strong><em>mihi</em></strong></span> <span class='ocrx_word' id='word_1_449' title='bbox 2255 3295 2488 3352; x_wconf 87' lang='lat' dir='ltr'><strong><em>dubium</em></strong></span> <span class='ocrx_word' id='word_1_450' title='bbox 2533 3306 2634 3364; x_wconf 88' lang='lat' dir='ltr'><strong><em>est,</em></strong></span> <span class='ocrx_word' id='word_1_451' title='bbox 2664 3302 2762 3354; x_wconf 88' lang='lat' dir='ltr'><strong><em>aut</em></strong></span> <span class='ocrx_word' id='word_1_452' title='bbox 2809 3298 2963 3369; x_wconf 87' lang='lat' dir='ltr'><strong><em>falso</em></strong></span> <span class='ocrx_word' id='word_1_453' title='bbox 3023 3299 3386 3354; x_wconf 86' lang='lat' dir='ltr'><strong><em>Constantino</em></strong></span> <span class='ocrx_word' id='word_1_454' title='bbox 3435 3295 3844 3365; x_wconf 79' lang='lat' dir='ltr'><strong><em>HarmenOpulo</em></strong></span> 
     </span>
    </p>
   </div>
   <div class='ocr_carea' id='block_1_33' title="bbox 407 3381 3844 3458">
    <p class='ocr_par' dir='ltr' id='par_1_33' title="bbox 407 3381 3844 3458">
     <span class='ocr_line' id='line_1_33' title="bbox 407 3381 3844 3458; baseline -0.001 -20"><span class='ocrx_word' id='word_1_455' title='bbox 407 3381 468 3438; x_wconf 87' lang='lat' dir='ltr'><strong><em>in</em></strong></span> <span class='ocrx_word' id='word_1_456' title='bbox 479 3383 655 3440; x_wconf 85' lang='lat' dir='ltr'><strong><em>scribi</em></strong></span> <span class='ocrx_word' id='word_1_457' title='bbox 681 3387 778 3440; x_wconf 87' lang='lat' dir='ltr'><strong><em>aut</em></strong></span> <span class='ocrx_word' id='word_1_458' title='bbox 805 3383 979 3453; x_wconf 86' lang='lat' dir='ltr'><strong><em>plane</em></strong></span> <span class='ocrx_word' id='word_1_459' title='bbox 1006 3386 1292 3442; x_wconf 88' lang='lat' dir='ltr'><strong><em>diversum</em></strong></span> <span class='ocrx_word' id='word_1_460' title='bbox 1320 3403 1430 3443; x_wconf 88' lang='lat' dir='ltr'><strong><em>esse</em></strong></span> <span class='ocrx_word' id='word_1_461' title='bbox 1458 3387 1670 3444; x_wconf 87' lang='lat' dir='ltr'><strong><em>debere.</em></strong></span> <span class='ocrx_word' id='word_1_462' title='bbox 1705 3387 1840 3442; x_wconf 87' lang='lat' dir='ltr'><strong><em>Cum</em></strong></span> <span class='ocrx_word' id='word_1_463' title='bbox 1863 3387 2298 3458; x_wconf 70' lang='lat' dir='ltr'><strong><em>expressissimis</em></strong></span> <span class='ocrx_word' id='word_1_464' title='bbox 2319 3387 2498 3444; x_wconf 88' lang='lat' dir='ltr'><strong><em>verbis</em></strong></span> <span class='ocrx_word' id='word_1_465' title='bbox 2529 3388 2828 3458; x_wconf 88' lang='lat' dir='ltr'><strong><em>imperator</em></strong></span> <span class='ocrx_word' id='word_1_466' title='bbox 2855 3387 2920 3442; x_wconf 88' lang='lat' dir='ltr'><strong><em>in</em></strong></span> <span class='ocrx_word' id='word_1_467' title='bbox 2949 3389 3196 3444; x_wconf 90' lang='lat' dir='ltr'><strong><em>omnium</em></strong></span> <span class='ocrx_word' id='word_1_468' title='bbox 3231 3389 3565 3441; x_wconf 87' lang='lat' dir='ltr'><strong><em>tractatuum</em></strong></span> <span class='ocrx_word' id='word_1_469' title='bbox 3586 3382 3764 3439; x_wconf 89' lang='lat' dir='ltr'><strong><em>titulis</em></strong></span> <span class='ocrx_word' id='word_1_470' title='bbox 3793 3385 3844 3437; x_wconf 88' lang='lat' dir='ltr'><strong><em>et</em></strong></span> 
     </span>
    </p>
   </div>
   <div class='ocr_carea' id='block_1_34' title="bbox 409 3473 3844 3550">
    <p class='ocr_par' dir='ltr' id='par_1_34' title="bbox 409 3473 3844 3550">
     <span class='ocr_line' id='line_1_34' title="bbox 409 3473 3844 3550; baseline 0 -24"><span class='ocrx_word' id='word_1_471' title='bbox 409 3473 738 3544; x_wconf 74' lang='lat' dir='ltr'><strong><em>praetoquiis</em></strong></span> <span class='ocrx_word' id='word_1_472' title='bbox 783 3475 908 3530; x_wconf 88' lang='lat' dir='ltr'><strong><em>illos</em></strong></span> <span class='ocrx_word' id='word_1_473' title='bbox 947 3476 1056 3532; x_wconf 89' lang='lat' dir='ltr'><strong><em>sibi</em></strong></span> <span class='ocrx_word' id='word_1_474' title='bbox 1101 3475 1212 3546; x_wconf 85' lang='lat' dir='ltr'><strong><em>ipsi</em></strong></span> <span class='ocrx_word' id='word_1_475' title='bbox 1265 3475 1528 3546; x_wconf 86' lang='lat' dir='ltr'><strong><em>vindicet,</em></strong></span> <span class='ocrx_word' id='word_1_476' title='bbox 1559 3481 1612 3532; x_wconf 87' lang='lat' dir='ltr'><strong><em>et</em></strong></span> <span class='ocrx_word' id='word_1_477' title='bbox 1653 3492 1814 3550; x_wconf 89' lang='lat' dir='ltr'><strong><em>quem</em></strong></span> <span class='ocrx_word' id='word_1_478' title='bbox 1863 3475 2215 3533; x_wconf 85' lang='lat' dir='ltr'><strong><em>Constantino</em></strong></span> <span class='ocrx_word' id='word_1_479' title='bbox 2263 3476 2666 3546; x_wconf 84' lang='lat' dir='ltr'><strong><em>Harmenopulo</em></strong></span> <span class='ocrx_word' id='word_1_480' title='bbox 2695 3476 2894 3532; x_wconf 84' lang='lat' dir='ltr'><strong><em>tribuit</em></strong></span> <span class='ocrx_word' id='word_1_481' title='bbox 2943 3475 3130 3542; x_wconf 72' lang='lat' dir='ltr'><strong><em>codex,</em></strong></span> <span class='ocrx_word' id='word_1_482' title='bbox 3171 3475 3236 3530; x_wconf 90' lang='lat' dir='ltr'><strong><em>de</em></strong></span> <span class='ocrx_word' id='word_1_483' title='bbox 3273 3475 3496 3540; x_wconf 88' lang='lat' dir='ltr'><strong><em>aulicis,</em></strong></span> <span class='ocrx_word' id='word_1_484' title='bbox 3527 3489 3680 3528; x_wconf 90' lang='lat' dir='ltr'><strong><em>meus</em></strong></span> <span class='ocrx_word' id='word_1_485' title='bbox 3721 3487 3844 3526; x_wconf 88' lang='lat' dir='ltr'><strong><em>vero</em></strong></span> 
     </span>
    </p>
   </div>
   <div class='ocr_carea' id='block_1_35' title="bbox 411 3559 3842 3637">
    <p class='ocr_par' dir='ltr' id='par_1_35' title="bbox 411 3559 3842 3637">
     <span class='ocr_line' id='line_1_35' title="bbox 411 3559 3842 3637; baseline -0.001 -21"><span class='ocrx_word' id='word_1_486' title='bbox 411 3561 476 3616; x_wconf 86' lang='lat' dir='ltr'><strong><em>de</em></strong></span> <span class='ocrx_word' id='word_1_487' title='bbox 521 3561 906 3620; x_wconf 84' lang='lat' dir='ltr'><strong><em>ecclesiasticis</em></strong></span> <span class='ocrx_word' id='word_1_488' title='bbox 954 3563 1305 3636; x_wconf 83' lang='lat' dir='ltr'><strong><em>potissimum</em></strong></span> <span class='ocrx_word' id='word_1_489' title='bbox 1332 3570 1480 3637; x_wconf 87' lang='lat' dir='ltr'><strong><em>agat.</em></strong></span> <span class='ocrx_word' id='word_1_490' title='bbox 1520 3571 1610 3622; x_wconf 88' lang='lat' dir='ltr'><strong><em>Du</em></strong></span> <span class='ocrx_word' id='word_1_491' title='bbox 1669 3565 1932 3635; x_wconf 83' lang='lat' dir='ltr'><strong><em>Cangius,</em></strong></span> <span class='ocrx_word' id='word_1_492' title='bbox 1963 3567 2062 3636; x_wconf 89' lang='lat' dir='ltr'><strong><em>qui</em></strong></span> <span class='ocrx_word' id='word_1_493' title='bbox 2107 3565 2300 3622; x_wconf 88' lang='lat' dir='ltr'><strong><em>omnia</em></strong></span> <span class='ocrx_word' id='word_1_494' title='bbox 2345 3563 2512 3634; x_wconf 73' lang='lat' dir='ltr'><strong><em>regite</em></strong></span> <span class='ocrx_word' id='word_1_495' title='bbox 2545 3565 2676 3622; x_wconf 88' lang='lat' dir='ltr'><strong><em>bibl.</em></strong></span> <span class='ocrx_word' id='word_1_496' title='bbox 2703 3581 2806 3622; x_wconf 88' lang='lat' dir='ltr'><strong><em>ms.</em></strong></span> <span class='ocrx_word' id='word_1_497' title='bbox 2837 3565 3024 3622; x_wconf 88' lang='lat' dir='ltr'><strong><em>sedulo</em></strong></span> <span class='ocrx_word' id='word_1_498' title='bbox 3077 3567 3336 3630; x_wconf 80' lang='lat' dir='ltr'><strong><em>excussit,</em></strong></span> <span class='ocrx_word' id='word_1_499' title='bbox 3371 3559 3842 3632; x_wconf 81' lang='lat' dir='ltr'><strong><em>tlarmenOpulum</em></strong></span> 
     </span>
    </p>
   </div>
   <div class='ocr_carea' id='block_1_36' title="bbox 413 3648 3844 3728">
    <p class='ocr_par' dir='ltr' id='par_1_36' title="bbox 413 3648 3844 3728">
     <span class='ocr_line' id='line_1_36' title="bbox 413 3648 3844 3728; baseline -0.001 -23"><span class='ocrx_word' id='word_1_500' title='bbox 413 3666 526 3706; x_wconf 84' lang='lat' dir='ltr'><strong><em>non</em></strong></span> <span class='ocrx_word' id='word_1_501' title='bbox 565 3653 726 3718; x_wconf 80' lang='lat' dir='ltr'><strong><em>vidit,</em></strong></span> <span class='ocrx_word' id='word_1_502' title='bbox 757 3654 905 3708; x_wconf 85' lang='lat' dir='ltr'><strong><em>alias</em></strong></span> <span class='ocrx_word' id='word_1_503' title='bbox 953 3655 1293 3726; x_wconf 75' lang='lat' dir='ltr'><strong><em>neglexisset</em></strong></span> <span class='ocrx_word' id='word_1_504' title='bbox 1338 3655 1608 3725; x_wconf 86' lang='lat' dir='ltr'><strong><em>minime;</em></strong></span> <span class='ocrx_word' id='word_1_505' title='bbox 1661 3671 1832 3728; x_wconf 85' lang='lat' dir='ltr'><strong><em>quare</em></strong></span> <span class='ocrx_word' id='word_1_506' title='bbox 1875 3654 2048 3712; x_wconf 86' lang='lat' dir='ltr'><strong><em>illum</em></strong></span> <span class='ocrx_word' id='word_1_507' title='bbox 2097 3654 2284 3710; x_wconf 87' lang='lat' dir='ltr'><strong><em>adesse</em></strong></span> <span class='ocrx_word' id='word_1_508' title='bbox 2324 3653 2422 3710; x_wconf 72' lang='lat' dir='ltr'><strong><em>vim</em></strong></span> <span class='ocrx_word' id='word_1_509' title='bbox 2463 3653 2622 3710; x_wconf 90' lang='lat' dir='ltr'><strong><em>credo</em></strong></span> <span class='ocrx_word' id='word_1_510' title='bbox 2654 3654 2756 3725; x_wconf 79' lang='grc' dir='ltr'><strong><em>(η).</em></strong></span> <span class='ocrx_word' id='word_1_511' title='bbox 2799 3655 2864 3710; x_wconf 86' lang='lat' dir='ltr'><strong><em>Si</em></strong></span> <span class='ocrx_word' id='word_1_512' title='bbox 2901 3655 3100 3712; x_wconf 84' lang='lat' dir='ltr'><strong><em>Labbei</em></strong></span> <span class='ocrx_word' id='word_1_513' title='bbox 3129 3653 3474 3710; x_wconf 83' lang='lat' dir='ltr'><strong><em>Bibliotheca</em></strong></span> <span class='ocrx_word' id='word_1_514' title='bbox 3504 3668 3636 3707; x_wconf 87' lang='lat' dir='ltr'><strong><em>mss.</em></strong></span> <span class='ocrx_word' id='word_1_515' title='bbox 3669 3651 3744 3722; x_wconf 91' lang='grc' dir='ltr'><strong><em>(ο)</em></strong></span> <span class='ocrx_word' id='word_1_516' title='bbox 3773 3648 3844 3704; x_wconf 88' lang='lat' dir='ltr'><strong><em>ad</em></strong></span> 
     </span>
    </p>
   </div>
   <div class='ocr_carea' id='block_1_37' title="bbox 411 3737 3844 3816">
    <p class='ocr_par' dir='ltr' id='par_1_37' title="bbox 411 3737 3844 3816">
     <span class='ocr_line' id='line_1_37' title="bbox 411 3737 3844 3816; baseline -0 -20"><span class='ocrx_word' id='word_1_517' title='bbox 411 3757 616 3798; x_wconf 81' lang='lat' dir='ltr'><strong><em>manus</em></strong></span> <span class='ocrx_word' id='word_1_518' title='bbox 645 3748 806 3812; x_wconf 88' lang='lat' dir='ltr'><strong><em>esset,</em></strong></span> <span class='ocrx_word' id='word_1_519' title='bbox 839 3745 1032 3800; x_wconf 86' lang='lat' dir='ltr'><strong><em>lubens</em></strong></span> <span class='ocrx_word' id='word_1_520' title='bbox 1061 3744 1508 3812; x_wconf 86' lang='lat' dir='ltr'><strong><em>consuluissem;</em></strong></span> <span class='ocrx_word' id='word_1_521' title='bbox 1551 3748 1597 3804; x_wconf 86' lang='lat' dir='ltr'><strong><em>is</em></strong></span> <span class='ocrx_word' id='word_1_522' title='bbox 1625 3747 1779 3802; x_wconf 85' lang='lat' dir='ltr'><strong><em>enim</em></strong></span> <span class='ocrx_word' id='word_1_523' title='bbox 1825 3746 1998 3816; x_wconf 70' lang='lat' dir='ltr'><strong><em>regiae</em></strong></span> <span class='ocrx_word' id='word_1_524' title='bbox 2025 3744 2362 3802; x_wconf 73' lang='lat' dir='ltr'><strong><em>bibliotheca:</em></strong></span> <span class='ocrx_word' id='word_1_525' title='bbox 2409 3760 2540 3800; x_wconf 91' lang='lat' dir='ltr'><strong><em>mss.</em></strong></span> <span class='ocrx_word' id='word_1_526' title='bbox 2574 3747 2722 3800; x_wconf 86' lang='lat' dir='ltr'><strong><em>inter</em></strong></span> <span class='ocrx_word' id='word_1_527' title='bbox 2757 3749 2958 3802; x_wconf 71' lang='lat' dir='ltr'><strong><em>caetera</em></strong></span> <span class='ocrx_word' id='word_1_528' title='bbox 3003 3753 3309 3808; x_wconf 86' lang='lat' dir='ltr'><strong><em>enumerat,</em></strong></span> <span class='ocrx_word' id='word_1_529' title='bbox 3342 3742 3524 3814; x_wconf 85' lang='lat' dir='ltr'><strong><em>quatis</em></strong></span> <span class='ocrx_word' id='word_1_530' title='bbox 3562 3743 3750 3796; x_wconf 86' lang='lat' dir='ltr'><strong><em>autem</em></strong></span> <span class='ocrx_word' id='word_1_531' title='bbox 3773 3737 3844 3794; x_wconf 85' lang='lat' dir='ltr'><strong><em>sit</em></strong></span> 
     </span>
    </p>
   </div>
   <div class='ocr_carea' id='block_1_38' title="bbox 405 3831 3844 3907">
    <p class='ocr_par' dir='ltr' id='par_1_38' title="bbox 405 3831 3844 3907">
     <span class='ocr_line' id='line_1_38' title="bbox 405 3831 3844 3907; baseline -0.001 -21"><span class='ocrx_word' id='word_1_532' title='bbox 405 3834 712 3902; x_wconf 83' lang='lat' dir='ltr'><strong><em>catalogus,</em></strong></span> <span class='ocrx_word' id='word_1_533' title='bbox 735 3833 801 3890; x_wconf 88' lang='lat' dir='ltr'><strong><em>de</em></strong></span> <span class='ocrx_word' id='word_1_534' title='bbox 841 3851 950 3904; x_wconf 85' lang='lat' dir='ltr'><strong><em>quo</em></strong></span> <span class='ocrx_word' id='word_1_535' title='bbox 999 3835 1290 3905; x_wconf 86' lang='lat' dir='ltr'><strong><em>Gesnerus,</em></strong></span> <span class='ocrx_word' id='word_1_536' title='bbox 1342 3837 1558 3906; x_wconf 85' lang='lat' dir='ltr'><strong><em>ignoro.</em></strong></span> <span class='ocrx_word' id='word_1_537' title='bbox 1593 3836 1686 3894; x_wconf 78' lang='lat' dir='ltr'><strong><em>Ms.</em></strong></span> <span class='ocrx_word' id='word_1_538' title='bbox 1716 3837 1891 3906; x_wconf 84' lang='lat' dir='ltr'><strong><em>fuisse</em></strong></span> <span class='ocrx_word' id='word_1_539' title='bbox 1937 3838 2163 3907; x_wconf 85' lang='lat' dir='ltr'><strong><em>oportet.</em></strong></span> <span class='ocrx_word' id='word_1_540' title='bbox 2212 3834 2572 3905; x_wconf 84' lang='lat' dir='ltr'><strong><em>Singularem</em></strong></span> <span class='ocrx_word' id='word_1_541' title='bbox 2629 3833 2782 3890; x_wconf 89' lang='lat' dir='ltr'><strong><em>enim</em></strong></span> <span class='ocrx_word' id='word_1_542' title='bbox 2834 3835 3116 3904; x_wconf 87' lang='lat' dir='ltr'><strong><em>regiorum</em></strong></span> <span class='ocrx_word' id='word_1_543' title='bbox 3160 3851 3292 3890; x_wconf 86' lang='lat' dir='ltr'><strong><em>mss.</em></strong></span> <span class='ocrx_word' id='word_1_544' title='bbox 3322 3831 3554 3888; x_wconf 86' lang='lat' dir='ltr'><strong><em>indicem</em></strong></span> <span class='ocrx_word' id='word_1_545' title='bbox 3597 3845 3844 3902; x_wconf 86' lang='lat' dir='ltr'><strong><em>unquam</em></strong></span> 
     </span>
    </p>
   </div>
   <div class='ocr_carea' id='block_1_39' title="bbox 2013 3941 2244 4000">
    <p class='ocr_par' dir='ltr' id='par_1_39' title="bbox 2013 3941 2244 4000">
     <span class='ocr_line' id='line_1_39' title="bbox 2013 3941 2244 4000; baseline -0.017 0"><span class='ocrx_word' id='word_1_546' title='bbox 2013 3941 2244 4000; x_wconf 67' lang='grc' dir='ltr'><strong><em>ΝΟΤΛΕ.</em></strong></span> 
     </span>
    </p>
   </div>
   <div class='ocr_carea' id='block_1_40' title="bbox 485 4039 2075 4115">
    <p class='ocr_par' dir='ltr' id='par_1_40' title="bbox 485 4039 2075 4115">
     <span class='ocr_line' id='line_1_40' title="bbox 485 4039 2075 4115; baseline 0.003 -21"><span class='ocrx_word' id='word_1_547' title='bbox 485 4041 554 4112; x_wconf 88' lang='lat' dir='ltr'><strong><em>(i)</em></strong></span> <span class='ocrx_word' id='word_1_548' title='bbox 575 4039 824 4115; x_wconf 78' lang='lat' dir='ltr'><strong><em>Epistol.</em></strong></span> <span class='ocrx_word' id='word_1_549' title='bbox 859 4041 1034 4115; x_wconf 72' lang='lat' dir='ltr'><strong><em>adol.</em></strong></span> <span class='ocrx_word' id='word_1_550' title='bbox 1065 4043 1408 4100; x_wconf 81' lang='lat' dir='ltr'><strong><em>Sarravium</em></strong></span> <span class='ocrx_word' id='word_1_551' title='bbox 1439 4060 1566 4115; x_wconf 84' lang='lat' dir='ltr'><strong><em>quas</em></strong></span> <span class='ocrx_word' id='word_1_552' title='bbox 1599 4043 1702 4100; x_wconf 84' lang='grc'><strong><em>183</em></strong></span> <span class='ocrx_word' id='word_1_553' title='bbox 1733 4047 1818 4100; x_wconf 89' lang='lat' dir='ltr'><strong><em>est</em></strong></span> <span class='ocrx_word' id='word_1_554' title='bbox 1847 4043 1907 4098; x_wconf 89' lang='lat' dir='ltr'><strong><em>in</em></strong></span> <span class='ocrx_word' id='word_1_555' title='bbox 1939 4041 2075 4098; x_wconf 85' lang='lat' dir='ltr'><strong><em>edit.</em></strong></span> 
     </span>
    </p>
   </div>
   <div class='ocr_carea' id='block_1_41' title="bbox 415 4113 1153 4185">
    <p class='ocr_par' dir='ltr' id='par_1_41' title="bbox 415 4113 1153 4185">
     <span class='ocr_line' id='line_1_41' title="bbox 415 4113 1153 4185; baseline 0.005 -19"><span class='ocrx_word' id='word_1_556' title='bbox 415 4113 770 4185; x_wconf 73' lang='lat' dir='ltr'><strong><em>Burmanni,</em></strong></span> <span class='ocrx_word' id='word_1_557' title='bbox 799 4113 998 4185; x_wconf 68' lang='lat' dir='ltr'><strong><em>p.186</em></strong></span> <span class='ocrx_word' id='word_1_558' title='bbox 1029 4131 1153 4185; x_wconf 85' lang='lat' dir='ltr'><strong><em>seq.</em></strong></span> 
     </span>
    </p>
   </div>
   <div class='ocr_carea' id='block_1_42' title="bbox 487 4182 1265 4252">
    <p class='ocr_par' dir='ltr' id='par_1_42' title="bbox 487 4182 1265 4252">
     <span class='ocr_line' id='line_1_42' title="bbox 487 4182 1265 4252; baseline 0 -12"><span class='ocrx_word' id='word_1_559' title='bbox 487 4185 558 4252; x_wconf 84' lang='lat' dir='ltr'><strong><em>(j)</em></strong></span> <span class='ocrx_word' id='word_1_560' title='bbox 591 4182 752 4239; x_wconf 86' lang='lat' dir='ltr'><strong><em>Idem</em></strong></span> <span class='ocrx_word' id='word_1_561' title='bbox 785 4182 1180 4244; x_wconf 52' lang='lat' dir='ltr'><strong><em>Salmasius—1.</em></strong></span> <span class='ocrx_word' id='word_1_562' title='bbox 1213 4204 1265 4242; x_wconf 83' lang='grc' dir='ltr'><strong><em>ο.</em></strong></span> 
     </span>
    </p>
   </div>
   <div class='ocr_carea' id='block_1_43' title="bbox 493 4255 2074 4330">
    <p class='ocr_par' dir='ltr' id='par_1_43' title="bbox 493 4255 2074 4330">
     <span class='ocr_line' id='line_1_43' title="bbox 493 4255 2074 4330; baseline 0.001 -22"><span class='ocrx_word' id='word_1_563' title='bbox 493 4255 918 4330; x_wconf 59' lang='grc' dir='ltr'><strong><em>(Ηβεεηθῐξιιε</em></strong></span> <span class='ocrx_word' id='word_1_564' title='bbox 964 4273 1198 4330; x_wconf 88' lang='lat' dir='ltr'><strong><em>quoque</em></strong></span> <span class='ocrx_word' id='word_1_565' title='bbox 1247 4259 1306 4312; x_wconf 88' lang='lat' dir='ltr'><strong><em>in</em></strong></span> <span class='ocrx_word' id='word_1_566' title='bbox 1376 4273 1621 4330; x_wconf 79' lang='lat' dir='ltr'><strong><em>censura</em></strong></span> <span class='ocrx_word' id='word_1_567' title='bbox 1663 4257 1720 4330; x_wconf 55' lang='grc' dir='ltr'><strong><em>Ι,</em></strong></span> <span class='ocrx_word' id='word_1_568' title='bbox 1748 4275 1830 4330; x_wconf 74' lang='lat' dir='ltr'><strong><em>c.,</em></strong></span> <span class='ocrx_word' id='word_1_569' title='bbox 1857 4275 1910 4328; x_wconf 89' lang='lat' dir='ltr'><strong><em>p.</em></strong></span> <span class='ocrx_word' id='word_1_570' title='bbox 1951 4256 2074 4330; x_wconf 81' lang='lat'><strong><em>392.</em></strong></span> 
     </span>
    </p>
   </div>
   <div class='ocr_carea' id='block_1_44' title="bbox 2255 4039 3831 4112">
    <p class='ocr_par' dir='ltr' id='par_1_44' title="bbox 2255 4039 3831 4112">
     <span class='ocr_line' id='line_1_44' title="bbox 2255 4039 3831 4112; baseline -0.002 -17"><span class='ocrx_word' id='word_1_571' title='bbox 2255 4041 2334 4112; x_wconf 87' lang='grc' dir='ltr'><strong><em>(η)</em></strong></span> <span class='ocrx_word' id='word_1_572' title='bbox 2381 4042 2712 4097; x_wconf 88' lang='lat' dir='ltr'><strong><em>Secundum</em></strong></span> <span class='ocrx_word' id='word_1_573' title='bbox 2755 4039 3002 4112; x_wconf 82' lang='lat' dir='ltr'><strong><em>catalog.</em></strong></span> <span class='ocrx_word' id='word_1_574' title='bbox 3038 4041 3206 4097; x_wconf 90' lang='lat' dir='ltr'><strong><em>codd.</em></strong></span> <span class='ocrx_word' id='word_1_575' title='bbox 3239 4041 3379 4096; x_wconf 85' lang='lat' dir='ltr'><strong><em>bibl.</em></strong></span> <span class='ocrx_word' id='word_1_576' title='bbox 3411 4040 3593 4112; x_wconf 83' lang='lat' dir='ltr'><strong><em>Paris.</em></strong></span> <span class='ocrx_word' id='word_1_577' title='bbox 3637 4039 3831 4112; x_wconf 67' lang='lat' dir='ltr'><strong><em>Regina</em></strong></span> 
     </span>
    </p>
   </div>
   <div class='ocr_carea' id='block_1_45' title="bbox 2185 4111 3836 4182">
    <p class='ocr_par' dir='ltr' id='par_1_45' title="bbox 2185 4111 3836 4182">
     <span class='ocr_line' id='line_1_45' title="bbox 2185 4111 3836 4182; baseline -0.002 -14"><span class='ocrx_word' id='word_1_578' title='bbox 2185 4111 2456 4168; x_wconf 87' lang='lat' dir='ltr'><strong><em>estinter</em></strong></span> <span class='ocrx_word' id='word_1_579' title='bbox 2503 4114 2618 4168; x_wconf 86' lang='lat' dir='ltr'><strong><em>alia</em></strong></span> <span class='ocrx_word' id='word_1_580' title='bbox 2661 4112 3030 4168; x_wconf 84' lang='lat' dir='ltr'><strong><em>Constantini</em></strong></span> <span class='ocrx_word' id='word_1_581' title='bbox 3079 4111 3494 4182; x_wconf 85' lang='lat' dir='ltr'><strong><em>Ilarmenopuli</em></strong></span> <span class='ocrx_word' id='word_1_582' title='bbox 3541 4127 3739 4182; x_wconf 86' lang='lat' dir='ltr'><strong><em>opera,</em></strong></span> <span class='ocrx_word' id='word_1_583' title='bbox 3775 4111 3836 4165; x_wconf 87' lang='lat' dir='ltr'><strong><em>in</em></strong></span> 
     </span>
    </p>
   </div>
   <div class='ocr_carea' id='block_1_46' title="bbox 2185 4182 3836 4255">
    <p class='ocr_par' dir='ltr' id='par_1_46' title="bbox 2185 4182 3836 4255">
     <span class='ocr_line' id='line_1_46' title="bbox 2185 4182 3836 4255; baseline -0.001 -15"><span class='ocrx_word' id='word_1_584' title='bbox 2185 4185 2314 4240; x_wconf 92' lang='lat' dir='ltr'><strong><em>cod.</em></strong></span> <span class='ocrx_word' id='word_1_585' title='bbox 2367 4185 2526 4250; x_wconf 89' lang='grc'><strong><em>1360,</em></strong></span> <span class='ocrx_word' id='word_1_586' title='bbox 2569 4201 2626 4240; x_wconf 86' lang='lat' dir='ltr'><strong><em>n.</em></strong></span> <span class='ocrx_word' id='word_1_587' title='bbox 2677 4185 2734 4248; x_wconf 86' lang='lat'><strong><em>5,</em></strong></span> <span class='ocrx_word' id='word_1_588' title='bbox 2765 4184 2925 4240; x_wconf 87' lang='lat' dir='ltr'><strong><em>illius</em></strong></span> <span class='ocrx_word' id='word_1_589' title='bbox 2965 4185 3212 4255; x_wconf 83' lang='lat' dir='ltr'><strong><em>catalogi</em></strong></span> <span class='ocrx_word' id='word_1_590' title='bbox 3259 4185 3408 4240; x_wconf 65' lang='lat' dir='ltr'><strong><em>aulae</em></strong></span> <span class='ocrx_word' id='word_1_591' title='bbox 3445 4182 3836 4254; x_wconf 78' lang='lat' dir='ltr'><strong><em>imperatorias</em></strong></span> 
     </span>
    </p>
   </div>
   <div class='ocr_carea' id='block_1_47' title="bbox 2183 4255 3836 4328">
    <p class='ocr_par' dir='ltr' id='par_1_47' title="bbox 2183 4255 3836 4328">
     <span class='ocr_line' id='line_1_47' title="bbox 2183 4255 3836 4328; baseline 0 -18"><span class='ocrx_word' id='word_1_592' title='bbox 2183 4263 2239 4328; x_wconf 78' lang='lat' dir='ltr'><strong><em>et</em></strong></span> <span class='ocrx_word' id='word_1_593' title='bbox 2281 4255 2504 4328; x_wconf 83' lang='lat' dir='ltr'><strong><em>Magnae</em></strong></span> <span class='ocrx_word' id='word_1_594' title='bbox 2553 4255 2808 4328; x_wconf 78' lang='lat' dir='ltr'><strong><em>ecclesiae</em></strong></span> <span class='ocrx_word' id='word_1_595' title='bbox 2851 4257 3526 4328; x_wconf 9' lang='lat' dir='ltr'><strong><em>Constantirnopolitante,</em></strong></span> <span class='ocrx_word' id='word_1_596' title='bbox 3575 4255 3836 4328; x_wconf 79' lang='lat' dir='ltr'><strong><em>ineditus</em></strong></span> 
     </span>
    </p>
   </div>
   <div class='ocr_carea' id='block_1_48' title="bbox 417 4325 2080 4401">
    <p class='ocr_par' dir='ltr' id='par_1_48' title="bbox 417 4325 2080 4401">
     <span class='ocr_line' id='line_1_48' title="bbox 417 4325 2080 4401; baseline 0.001 -20"><span class='ocrx_word' id='word_1_597' title='bbox 417 4349 444 4401; x_wconf 60' lang='grc' dir='ltr'><strong><em>ξ(</em></strong></span> <span class='ocrx_word' id='word_1_598' title='bbox 505 4325 764 4393; x_wconf 78' lang='lat' dir='ltr'><strong><em>Fallitur,</em></strong></span> <span class='ocrx_word' id='word_1_599' title='bbox 797 4327 902 4396; x_wconf 83' lang='lat' dir='ltr'><strong><em>ait,</em></strong></span> <span class='ocrx_word' id='word_1_600' title='bbox 935 4325 999 4401; x_wconf 58' lang='lat' dir='ltr'><strong><em>si</em></strong></span> <span class='ocrx_word' id='word_1_601' title='bbox 1035 4325 1166 4400; x_wconf 58' lang='lat' dir='ltr'><strong><em>qu&#39;is</em></strong></span> <span class='ocrx_word' id='word_1_602' title='bbox 1212 4333 1379 4401; x_wconf 82' lang='lat' dir='ltr'><strong><em>putat</em></strong></span> <span class='ocrx_word' id='word_1_603' title='bbox 1429 4329 1647 4401; x_wconf 88' lang='lat' dir='ltr'><strong><em>nos_in</em></strong></span> <span class='ocrx_word' id='word_1_604' title='bbox 1699 4325 1914 4385; x_wconf 78' lang='lat' dir='ltr'><strong><em>Godino</em></strong></span> <span class='ocrx_word' id='word_1_605' title='bbox 1967 4329 2080 4383; x_wconf 86' lang='lat' dir='ltr'><strong><em>ha-</em></strong></span> 
     </span>
    </p>
   </div>
   <div class='ocr_carea' id='block_1_49' title="bbox 415 4399 2079 4472">
    <p class='ocr_par' dir='ltr' id='par_1_49' title="bbox 415 4399 2079 4472">
     <span class='ocr_line' id='line_1_49' title="bbox 415 4399 2079 4472; baseline 0.002 -20"><span class='ocrx_word' id='word_1_606' title='bbox 415 4399 552 4472; x_wconf 74' lang='lat' dir='ltr'><strong><em>bere</em></strong></span> <span class='ocrx_word' id='word_1_607' title='bbox 603 4413 840 4472; x_wconf 82' lang='lat' dir='ltr'><strong><em>omnem</em></strong></span> <span class='ocrx_word' id='word_1_608' title='bbox 896 4399 1748 4472; x_wconf 32' lang='lat' dir='ltr'><strong><em>aulas’Constantinopolitantn</em></strong></span> <span class='ocrx_word' id='word_1_609' title='bbox 1793 4401 2079 4456; x_wconf 85' lang='lat' dir='ltr'><strong><em>rationem</em></strong></span> 
     </span>
    </p>
   </div>
   <div class='ocr_carea' id='block_1_50' title="bbox 413 4469 2080 4544">
    <p class='ocr_par' dir='ltr' id='par_1_50' title="bbox 413 4469 2080 4544">
     <span class='ocr_line' id='line_1_50' title="bbox 413 4469 2080 4544; baseline 0.001 -21"><span class='ocrx_word' id='word_1_610' title='bbox 413 4469 502 4544; x_wconf 79' lang='lat' dir='ltr'><strong><em>ita</em></strong></span> <span class='ocrx_word' id='word_1_611' title='bbox 549 4471 921 4544; x_wconf 80' lang='lat' dir='ltr'><strong><em>explicatam,</em></strong></span> <span class='ocrx_word' id='word_1_612' title='bbox 955 4471 1106 4528; x_wconf 84' lang='lat' dir='ltr'><strong><em>nihil</em></strong></span> <span class='ocrx_word' id='word_1_613' title='bbox 1147 4481 1208 4526; x_wconf 89' lang='lat' dir='ltr'><strong><em>ut</em></strong></span> <span class='ocrx_word' id='word_1_614' title='bbox 1237 4469 1558 4530; x_wconf 77' lang='lat' dir='ltr'><strong><em>desiderari</em></strong></span> <span class='ocrx_word' id='word_1_615' title='bbox 1602 4477 1780 4544; x_wconf 87' lang='lat' dir='ltr'><strong><em>queat</em></strong></span> <span class='ocrx_word' id='word_1_616' title='bbox 1811 4489 1824 4526; x_wconf 90' lang='lat'><strong>:</strong></span> <span class='ocrx_word' id='word_1_617' title='bbox 1858 4489 1994 4528; x_wconf 88' lang='lat' dir='ltr'><strong><em>cum</em></strong></span> <span class='ocrx_word' id='word_1_618' title='bbox 2025 4472 2080 4526; x_wconf 88' lang='lat' dir='ltr'><strong><em>is</em></strong></span> 
     </span>
    </p>
   </div>
   <div class='ocr_carea' id='block_1_51' title="bbox 413 4541 2076 4615">
    <p class='ocr_par' dir='ltr' id='par_1_51' title="bbox 413 4541 2076 4615">
     <span class='ocr_line' id='line_1_51' title="bbox 413 4541 2076 4615; baseline 0.001 -19"><span class='ocrx_word' id='word_1_619' title='bbox 413 4541 642 4610; x_wconf 77' lang='lat' dir='ltr'><strong><em>aliquot</em></strong></span> <span class='ocrx_word' id='word_1_620' title='bbox 665 4541 898 4615; x_wconf 48' lang='lat' dir='ltr'><strong><em>seculis</em></strong></span> <span class='ocrx_word' id='word_1_621' title='bbox 937 4549 1136 4600; x_wconf 83' lang='lat' dir='ltr'><strong><em>nostro</em></strong></span> <span class='ocrx_word' id='word_1_622' title='bbox 1157 4545 1382 4615; x_wconf 87' lang='lat' dir='ltr'><strong><em>junior,</em></strong></span> <span class='ocrx_word' id='word_1_623' title='bbox 1415 4541 1739 4600; x_wconf 72' lang='lat' dir='ltr'><strong><em>immutatis</em></strong></span> <span class='ocrx_word' id='word_1_624' title='bbox 1784 4545 1950 4600; x_wconf 85' lang='lat' dir='ltr'><strong><em>valde</em></strong></span> <span class='ocrx_word' id='word_1_625' title='bbox 1983 4560 2076 4598; x_wconf 88' lang='lat' dir='ltr'><strong><em>re-</em></strong></span> 
     </span>
    </p>
   </div>
   <div class='ocr_carea' id='block_1_52' title="bbox 417 4614 2076 4686">
    <p class='ocr_par' dir='ltr' id='par_1_52' title="bbox 417 4614 2076 4686">
     <span class='ocr_line' id='line_1_52' title="bbox 417 4614 2076 4686; baseline 0.002 -19"><span class='ocrx_word' id='word_1_626' title='bbox 417 4615 528 4668; x_wconf 86' lang='lat' dir='ltr'><strong><em>bus</em></strong></span> <span class='ocrx_word' id='word_1_627' title='bbox 571 4614 873 4686; x_wconf 79' lang='lat' dir='ltr'><strong><em>omnibus,</em></strong></span> <span class='ocrx_word' id='word_1_628' title='bbox 905 4614 1190 4686; x_wconf 82' lang='lat' dir='ltr'><strong><em>prodierit</em></strong></span> <span class='ocrx_word' id='word_1_629' title='bbox 1225 4632 1237 4672; x_wconf 91' lang='lat'><strong>:</strong></span> <span class='ocrx_word' id='word_1_630' title='bbox 1299 4615 1846 4672; x_wconf 84' lang='lat' dir='ltr'><strong><em>Constantinianum</em></strong></span> <span class='ocrx_word' id='word_1_631' title='bbox 1882 4623 2076 4672; x_wconf 87' lang='lat' dir='ltr'><strong><em>autem</em></strong></span> 
     </span>
    </p>
   </div>
   <div class='ocr_carea' id='block_1_53' title="bbox 414 4685 2078 4758">
    <p class='ocr_par' dir='ltr' id='par_1_53' title="bbox 414 4685 2078 4758">
     <span class='ocr_line' id='line_1_53' title="bbox 414 4685 2078 4758; baseline 0 -18"><span class='ocrx_word' id='word_1_632' title='bbox 414 4699 568 4754; x_wconf 85' lang='lat' dir='ltr'><strong><em>opus</em></strong></span> <span class='ocrx_word' id='word_1_633' title='bbox 601 4699 670 4740; x_wconf 86' lang='lat' dir='ltr'><strong><em>ea</em></strong></span> <span class='ocrx_word' id='word_1_634' title='bbox 691 4685 1064 4758; x_wconf 38' lang='lat' dir='ltr'><strong><em>doceat,’quaa</em></strong></span> <span class='ocrx_word' id='word_1_635' title='bbox 1097 4687 1336 4742; x_wconf 88' lang='lat' dir='ltr'><strong><em>aliunde</em></strong></span> <span class='ocrx_word' id='word_1_636' title='bbox 1367 4689 1486 4758; x_wconf 87' lang='lat' dir='ltr'><strong><em>peti</em></strong></span> <span class='ocrx_word' id='word_1_637' title='bbox 1517 4693 1618 4742; x_wconf 84' lang='lat' dir='ltr'><strong><em>aut</em></strong></span> <span class='ocrx_word' id='word_1_638' title='bbox 1651 4686 1930 4742; x_wconf 87' lang='lat' dir='ltr'><strong><em>illustrari</em></strong></span> <span class='ocrx_word' id='word_1_639' title='bbox 1961 4703 2078 4758; x_wconf 87' lang='lat' dir='ltr'><strong><em>non</em></strong></span> 
     </span>
    </p>
   </div>
   <div class='ocr_carea' id='block_1_54' title="bbox 417 4757 2078 4827">
    <p class='ocr_par' dir='ltr' id='par_1_54' title="bbox 417 4757 2078 4827">
     <span class='ocr_line' id='line_1_54' title="bbox 417 4757 2078 4827; baseline 0.001 -18"><span class='ocrx_word' id='word_1_640' title='bbox 417 4765 690 4827; x_wconf 81' lang='lat' dir='ltr'><strong><em>possunt,</em></strong></span> <span class='ocrx_word' id='word_1_641' title='bbox 735 4757 874 4811; x_wconf 85' lang='lat' dir='ltr'><strong><em>adeo</em></strong></span> <span class='ocrx_word' id='word_1_642' title='bbox 919 4765 1004 4826; x_wconf 92' lang='lat' dir='ltr'><strong><em>ut,</em></strong></span> <span class='ocrx_word' id='word_1_643' title='bbox 1047 4758 1096 4814; x_wconf 91' lang='lat' dir='ltr'><strong><em>si</em></strong></span> <span class='ocrx_word' id='word_1_644' title='bbox 1147 4759 1320 4813; x_wconf 88' lang='lat' dir='ltr'><strong><em>hodie</em></strong></span> <span class='ocrx_word' id='word_1_645' title='bbox 1369 4757 1648 4814; x_wconf 70' lang='lat' dir='ltr'><strong><em>scriberet</em></strong></span> <span class='ocrx_word' id='word_1_646' title='bbox 1689 4757 2078 4813; x_wconf 82' lang='lat' dir='ltr'><strong><em>Constantino-</em></strong></span> 
     </span>
    </p>
   </div>
   <div class='ocr_carea' id='block_1_55' title="bbox 413 4827 2078 4902">
    <p class='ocr_par' dir='ltr' id='par_1_55' title="bbox 413 4827 2078 4902">
     <span class='ocr_line' id='line_1_55' title="bbox 413 4827 2078 4902; baseline 0.001 -21"><span class='ocrx_word' id='word_1_647' title='bbox 413 4827 592 4902; x_wconf 77' lang='lat' dir='ltr'><strong><em>polim</em></strong></span> <span class='ocrx_word' id='word_1_648' title='bbox 647 4827 1024 4902; x_wconf 78' lang='lat' dir='ltr'><strong><em>Christianam</em></strong></span> <span class='ocrx_word' id='word_1_649' title='bbox 1057 4829 1338 4902; x_wconf 75' lang='lat' dir='ltr'><strong><em>Congius,</em></strong></span> <span class='ocrx_word' id='word_1_650' title='bbox 1380 4831 1428 4886; x_wconf 89' lang='lat' dir='ltr'><strong><em>si</em></strong></span> <span class='ocrx_word' id='word_1_651' title='bbox 1479 4831 1669 4902; x_wconf 77' lang='lat' dir='ltr'><strong><em>hodie</em></strong></span> <span class='ocrx_word' id='word_1_652' title='bbox 1711 4829 2078 4902; x_wconf 80' lang='lat' dir='ltr'><strong><em>Glossarium</em></strong></span> 
     </span>
    </p>
   </div>
   <div class='ocr_carea' id='block_1_56' title="bbox 417 4899 2080 4974">
    <p class='ocr_par' dir='ltr' id='par_1_56' title="bbox 417 4899 2080 4974">
     <span class='ocr_line' id='line_1_56' title="bbox 417 4899 2080 4974; baseline 0.002 -22"><span class='ocrx_word' id='word_1_653' title='bbox 417 4899 924 4974; x_wconf 21' lang='lat' dir='ltr'><strong><em>iﬁlludconderet;</em></strong></span> <span class='ocrx_word' id='word_1_654' title='bbox 965 4902 1012 4956; x_wconf 87' lang='lat' dir='ltr'><strong><em>si</em></strong></span> <span class='ocrx_word' id='word_1_655' title='bbox 1056 4899 1376 4974; x_wconf 72' lang='lat' dir='ltr'><strong><em>lmpérium</em></strong></span> <span class='ocrx_word' id='word_1_656' title='bbox 1417 4899 1708 4974; x_wconf 82' lang='lat' dir='ltr'><strong><em>Orientale</em></strong></span> <span class='ocrx_word' id='word_1_657' title='bbox 1757 4900 2080 4958; x_wconf 80' lang='lat' dir='ltr'><strong><em>illustraret</em></strong></span> 
     </span>
    </p>
   </div>
   <div class='ocr_carea' id='block_1_57' title="bbox 419 4969 2079 5042">
    <p class='ocr_par' dir='ltr' id='par_1_57' title="bbox 419 4969 2079 5042">
     <span class='ocr_line' id='line_1_57' title="bbox 419 4969 2079 5042; baseline 0.002 -19"><span class='ocrx_word' id='word_1_658' title='bbox 419 4969 782 5042; x_wconf 87' lang='lat' dir='ltr'><strong><em>Bandurius,</em></strong></span> <span class='ocrx_word' id='word_1_659' title='bbox 809 4971 994 5027; x_wconf 89' lang='lat' dir='ltr'><strong><em>multa</em></strong></span> <span class='ocrx_word' id='word_1_660' title='bbox 1024 4969 1194 5028; x_wconf 74' lang='lat' dir='ltr'><strong><em>aliter</em></strong></span> <span class='ocrx_word' id='word_1_661' title='bbox 1225 4973 1536 5042; x_wconf 80' lang='lat' dir='ltr'><strong><em>traderent,</em></strong></span> <span class='ocrx_word' id='word_1_662' title='bbox 1569 4973 1752 5028; x_wconf 87' lang='lat' dir='ltr'><strong><em>multa</em></strong></span> <span class='ocrx_word' id='word_1_663' title='bbox 1783 4979 1938 5028; x_wconf 88' lang='lat' dir='ltr'><strong><em>certe</em></strong></span> <span class='ocrx_word' id='word_1_664' title='bbox 1971 4983 2079 5027; x_wconf 89' lang='lat' dir='ltr'><strong><em>tra-</em></strong></span> 
     </span>
    </p>
   </div>
   <div class='ocr_carea' id='block_1_58' title="bbox 425 5041 1206 5111">
    <p class='ocr_par' dir='ltr' id='par_1_58' title="bbox 425 5041 1206 5111">
     <span class='ocr_line' id='line_1_58' title="bbox 425 5041 1206 5111; baseline 0.001 -15"><span class='ocrx_word' id='word_1_665' title='bbox 425 5041 570 5096; x_wconf 86' lang='lat' dir='ltr'><strong><em>ditis</em></strong></span> <span class='ocrx_word' id='word_1_666' title='bbox 601 5041 938 5111; x_wconf 85' lang='lat' dir='ltr'><strong><em>adjicerent.</em></strong></span> <span class='ocrx_word' id='word_1_667' title='bbox 969 5065 998 5094; x_wconf 83' lang='lat'>»</span> <span class='ocrx_word' id='word_1_668' title='bbox 1030 5044 1206 5100; x_wconf 75' lang='lat' dir='ltr'><strong><em>HmL.</em></strong></span> 
     </span>
    </p>
   </div>
   <div class='ocr_carea' id='block_1_59' title="bbox 493 5113 2076 5190">
    <p class='ocr_par' dir='ltr' id='par_1_59' title="bbox 493 5113 2076 5190">
     <span class='ocr_line' id='line_1_59' title="bbox 493 5113 2076 5190; baseline -0.008 -8"><span class='ocrx_word' id='word_1_669' title='bbox 493 5113 718 5190; x_wconf 59' lang='grc' dir='ltr'><strong><em>(0]ωο</em></strong></span> <span class='ocrx_word' id='word_1_670' title='bbox 753 5116 1329 5190; x_wconf 75' lang='lat' dir='ltr'><strong><em>mentionemhujua</em></strong></span> <span class='ocrx_word' id='word_1_671' title='bbox 1370 5114 1742 5190; x_wconf 54' lang='lat' dir='ltr'><strong><em>operistecit</em></strong></span> <span class='ocrx_word' id='word_1_672' title='bbox 1783 5114 2076 5190; x_wconf 67' lang='lat' dir='ltr'><strong><em>Bancirol-</em></strong></span> 
     </span>
    </p>
   </div>
   <div class='ocr_carea' id='block_1_60' title="bbox 419 5183 2078 5259">
    <p class='ocr_par' dir='ltr' id='par_1_60' title="bbox 419 5183 2078 5259">
     <span class='ocr_line' id='line_1_60' title="bbox 419 5183 2078 5259; baseline 0.002 -22"><span class='ocrx_word' id='word_1_673' title='bbox 419 5183 542 5259; x_wconf 80' lang='lat' dir='ltr'><strong><em>lus,</em></strong></span> <span class='ocrx_word' id='word_1_674' title='bbox 577 5183 642 5237; x_wconf 86' lang='lat' dir='ltr'><strong><em>in</em></strong></span> <span class='ocrx_word' id='word_1_675' title='bbox 687 5186 846 5259; x_wconf 66' lang='lat' dir='ltr'><strong><em>prmi.</em></strong></span> <span class='ocrx_word' id='word_1_676' title='bbox 877 5187 948 5241; x_wconf 90' lang='lat' dir='ltr'><strong><em>ad</em></strong></span> <span class='ocrx_word' id='word_1_677' title='bbox 993 5183 1270 5242; x_wconf 81' lang='lat' dir='ltr'><strong><em>Notitiam</em></strong></span> <span class='ocrx_word' id='word_1_678' title='bbox 1306 5183 1532 5259; x_wconf 75' lang='lat' dir='ltr'><strong><em>imperii</em></strong></span> <span class='ocrx_word' id='word_1_679' title='bbox 1563 5187 1662 5243; x_wconf 88' lang='lat' dir='ltr'><strong><em>fol.</em></strong></span> <span class='ocrx_word' id='word_1_680' title='bbox 1710 5189 1764 5255; x_wconf 87' lang='lat'><strong><em>2,</em></strong></span> <span class='ocrx_word' id='word_1_681' title='bbox 1811 5187 1905 5243; x_wconf 87' lang='lat' dir='ltr'><strong><em>his</em></strong></span> <span class='ocrx_word' id='word_1_682' title='bbox 1950 5203 2078 5241; x_wconf 87' lang='lat' dir='ltr'><strong><em>ver-</em></strong></span> 
     </span>
    </p>
   </div>
   <div class='ocr_carea' id='block_1_61' title="bbox 419 5255 2080 5330">
    <p class='ocr_par' dir='ltr' id='par_1_61' title="bbox 419 5255 2080 5330">
     <span class='ocr_line' id='line_1_61' title="bbox 419 5255 2080 5330; baseline 0.001 -19"><span class='ocrx_word' id='word_1_683' title='bbox 419 5257 518 5330; x_wconf 78' lang='lat' dir='ltr'><strong><em>bis</em></strong></span> <span class='ocrx_word' id='word_1_684' title='bbox 553 5272 566 5310; x_wconf 94' lang='lat'>:</span> <span class='ocrx_word' id='word_1_685' title='bbox 607 5275 640 5304; x_wconf 88' lang='lat'><strong><em>«</em></strong></span> <span class='ocrx_word' id='word_1_686' title='bbox 690 5255 886 5330; x_wconf 74' lang='lat' dir='ltr'><strong><em>Simile</em></strong></span> <span class='ocrx_word' id='word_1_687' title='bbox 934 5275 1082 5330; x_wconf 87' lang='lat' dir='ltr'><strong><em>opus</em></strong></span> <span class='ocrx_word' id='word_1_688' title='bbox 1137 5255 1558 5315; x_wconf 74' lang='lat' dir='ltr'><strong><em>Constantinus</em></strong></span> <span class='ocrx_word' id='word_1_689' title='bbox 1626 5260 1963 5330; x_wconf 84' lang='lat' dir='ltr'><strong><em>imperator,</em></strong></span> <span class='ocrx_word' id='word_1_690' title='bbox 2014 5273 2080 5313; x_wconf 84' lang='lat' dir='ltr'><strong><em>ex</em></strong></span> 
     </span>
    </p>
   </div>
   <div class='ocr_carea' id='block_1_62' title="bbox 421 5327 2080 5401">
    <p class='ocr_par' dir='ltr' id='par_1_62' title="bbox 421 5327 2080 5401">
     <span class='ocr_line' id='line_1_62' title="bbox 421 5327 2080 5401; baseline 0.001 -19"><span class='ocrx_word' id='word_1_691' title='bbox 421 5327 623 5401; x_wconf 82' lang='lat' dir='ltr'><strong><em>Leone</em></strong></span> <span class='ocrx_word' id='word_1_692' title='bbox 653 5327 1014 5401; x_wconf 58' lang='lat' dir='ltr'><strong><em>Philosophe</em></strong></span> <span class='ocrx_word' id='word_1_693' title='bbox 1057 5330 1310 5401; x_wconf 84' lang='lat' dir='ltr'><strong><em>genitus,</em></strong></span> <span class='ocrx_word' id='word_1_694' title='bbox 1346 5331 1610 5388; x_wconf 86' lang='lat' dir='ltr'><strong><em>Romano</em></strong></span> <span class='ocrx_word' id='word_1_695' title='bbox 1655 5327 1797 5394; x_wconf 84' lang='lat' dir='ltr'><strong><em>lilio,</em></strong></span> <span class='ocrx_word' id='word_1_696' title='bbox 1845 5345 2080 5385; x_wconf 88' lang='lat' dir='ltr'><strong><em>succes-</em></strong></span> 
     </span>
    </p>
   </div>
   <div class='ocr_carea' id='block_1_63' title="bbox 415 5398 2076 5473">
    <p class='ocr_par' dir='ltr' id='par_1_63' title="bbox 415 5398 2076 5473">
     <span class='ocr_line' id='line_1_63' title="bbox 415 5398 2076 5473; baseline 0.002 -19"><span class='ocrx_word' id='word_1_697' title='bbox 415 5399 542 5473; x_wconf 81' lang='lat' dir='ltr'><strong><em>sori</em></strong></span> <span class='ocrx_word' id='word_1_698' title='bbox 585 5398 844 5469; x_wconf 86' lang='lat' dir='ltr'><strong><em>reliquit,</em></strong></span> <span class='ocrx_word' id='word_1_699' title='bbox 875 5398 936 5456; x_wconf 80' lang='lat' dir='ltr'><strong><em>in</em></strong></span> <span class='ocrx_word' id='word_1_700' title='bbox 975 5398 1092 5473; x_wconf 79' lang='lat' dir='ltr'><strong><em>quo</em></strong></span> <span class='ocrx_word' id='word_1_701' title='bbox 1133 5419 1430 5457; x_wconf 80' lang='lat' dir='ltr'><strong><em>summam</em></strong></span> <span class='ocrx_word' id='word_1_702' title='bbox 1474 5403 1651 5458; x_wconf 83' lang='lat' dir='ltr'><strong><em>totius</em></strong></span> <span class='ocrx_word' id='word_1_703' title='bbox 1695 5401 1947 5472; x_wconf 89' lang='lat' dir='ltr'><strong><em>imperii,</em></strong></span> <span class='ocrx_word' id='word_1_704' title='bbox 1983 5417 2076 5457; x_wconf 83' lang='lat' dir='ltr'><strong><em>so-</em></strong></span> 
     </span>
    </p>
   </div>
   <div class='ocr_carea' id='block_1_64' title="bbox 413 5471 2080 5542">
    <p class='ocr_par' dir='ltr' id='par_1_64' title="bbox 413 5471 2080 5542">
     <span class='ocr_line' id='line_1_64' title="bbox 413 5471 2080 5542; baseline 0.001 -16"><span class='ocrx_word' id='word_1_705' title='bbox 413 5471 654 5526; x_wconf 86' lang='lat' dir='ltr'><strong><em>ciorum</em></strong></span> <span class='ocrx_word' id='word_1_706' title='bbox 692 5473 972 5542; x_wconf 82' lang='lat' dir='ltr'><strong><em>omnium</em></strong></span> <span class='ocrx_word' id='word_1_707' title='bbox 994 5471 1258 5542; x_wconf 31' lang='lat' dir='ltr'><strong><em>‘ftndera,</em></strong></span> <span class='ocrx_word' id='word_1_708' title='bbox 1291 5474 1554 5529; x_wconf 89' lang='lat' dir='ltr'><strong><em>hostium</em></strong></span> <span class='ocrx_word' id='word_1_709' title='bbox 1605 5471 1795 5540; x_wconf 31' lang='lat' dir='ltr'><strong><em>vires,’</em></strong></span> <span class='ocrx_word' id='word_1_710' title='bbox 1825 5473 2080 5528; x_wconf 88' lang='lat' dir='ltr'><strong><em>rationes</em></strong></span> 
     </span>
    </p>
   </div>
   <div class='ocr_carea' id='block_1_65' title="bbox 409 5541 2078 5618">
    <p class='ocr_par' dir='ltr' id='par_1_65' title="bbox 409 5541 2078 5618">
     <span class='ocr_line' id='line_1_65' title="bbox 409 5541 2078 5618; baseline 0 -19"><span class='ocrx_word' id='word_1_711' title='bbox 409 5551 468 5600; x_wconf 87' lang='lat' dir='ltr'><strong><em>et</em></strong></span> <span class='ocrx_word' id='word_1_712' title='bbox 521 5541 778 5618; x_wconf 70' lang='lat' dir='ltr'><strong><em>consilia</em></strong></span> <span class='ocrx_word' id='word_1_713' title='bbox 809 5545 1114 5615; x_wconf 82' lang='lat' dir='ltr'><strong><em>explicuit.</em></strong></span> <span class='ocrx_word' id='word_1_714' title='bbox 1166 5541 1432 5618; x_wconf 33' lang='lat' dir='ltr'><strong><em>Id&#39;apud</em></strong></span> <span class='ocrx_word' id='word_1_715' title='bbox 1485 5561 1546 5601; x_wconf 88' lang='lat' dir='ltr'><strong><em>se</em></strong></span> <span class='ocrx_word' id='word_1_716' title='bbox 1602 5547 1669 5618; x_wconf 72' lang='lat' dir='ltr'><strong><em>in</em></strong></span> <span class='ocrx_word' id='word_1_717' title='bbox 1721 5543 2078 5618; x_wconf 78' lang='lat' dir='ltr'><strong><em>bibliotheca</em></strong></span> 
     </span>
    </p>
   </div>
   <div class='ocr_carea' id='block_1_66' title="bbox 415 5613 2078 5688">
    <p class='ocr_par' dir='ltr' id='par_1_66' title="bbox 415 5613 2078 5688">
     <span class='ocr_line' id='line_1_66' title="bbox 415 5613 2078 5688; baseline 0.001 -21"><span class='ocrx_word' id='word_1_718' title='bbox 415 5621 710 5688; x_wconf 75' lang='lat' dir='ltr'><strong><em>tanquam</em></strong></span> <span class='ocrx_word' id='word_1_719' title='bbox 728 5613 1084 5688; x_wconf 72' lang='lat' dir='ltr'><strong><em>thesaurum</em></strong></span> <span class='ocrx_word' id='word_1_720' title='bbox 1118 5613 1408 5672; x_wconf 80' lang='lat' dir='ltr'><strong><em>servatum</em></strong></span> <span class='ocrx_word' id='word_1_721' title='bbox 1434 5618 1614 5672; x_wconf 77' lang='lat' dir='ltr'><strong><em>fuisse</em></strong></span> <span class='ocrx_word' id='word_1_722' title='bbox 1633 5617 1912 5688; x_wconf 82' lang='lat' dir='ltr'><strong><em>Egnatius</em></strong></span> <span class='ocrx_word' id='word_1_723' title='bbox 1940 5616 2078 5670; x_wconf 87' lang='lat' dir='ltr'><strong><em>scri-</em></strong></span> 
     </span>
    </p>
   </div>
   <div class='ocr_carea' id='block_1_67' title="bbox 417 5685 2076 5759">
    <p class='ocr_par' dir='ltr' id='par_1_67' title="bbox 417 5685 2076 5759">
     <span class='ocr_line' id='line_1_67' title="bbox 417 5685 2076 5759; baseline 0.001 -19"><span class='ocrx_word' id='word_1_724' title='bbox 417 5685 742 5759; x_wconf 7' lang='lat' dir='ltr'><strong><em>bitdquod</em></strong></span> <span class='ocrx_word' id='word_1_725' title='bbox 803 5691 914 5743; x_wconf 85' lang='lat' dir='ltr'><strong><em>etsi</em></strong></span> <span class='ocrx_word' id='word_1_726' title='bbox 968 5685 1282 5758; x_wconf 74' lang='lat' dir='ltr'><strong><em>diligenter</em></strong></span> <span class='ocrx_word' id='word_1_727' title='bbox 1329 5685 1740 5759; x_wconf 77' lang='lat' dir='ltr'><strong><em>perquisilum,</em></strong></span> <span class='ocrx_word' id='word_1_728' title='bbox 1773 5703 2076 5758; x_wconf 88' lang='lat' dir='ltr'><strong><em>nunquam</em></strong></span> 
     </span>
    </p>
   </div>
   <div class='ocr_carea' id='block_1_68' title="bbox 419 5757 1216 5829">
    <p class='ocr_par' dir='ltr' id='par_1_68' title="bbox 419 5757 1216 5829">
     <span class='ocr_line' id='line_1_68' title="bbox 419 5757 1216 5829; baseline -0.001 -17"><span class='ocrx_word' id='word_1_729' title='bbox 419 5757 618 5829; x_wconf 88' lang='lat' dir='ltr'><strong><em>potuit</em></strong></span> <span class='ocrx_word' id='word_1_730' title='bbox 649 5759 923 5816; x_wconf 86' lang='lat' dir='ltr'><strong><em>inveniri.</em></strong></span> <span class='ocrx_word' id='word_1_731' title='bbox 957 5781 986 5808; x_wconf 82' lang='lat' dir='ltr'><strong><em>n</em></strong></span> <span class='ocrx_word' id='word_1_732' title='bbox 1023 5757 1216 5813; x_wconf 64' lang='lat' dir='ltr'><strong><em>linum.</em></strong></span> 
     </span>
    </p>
   </div>
   <div class='ocr_carea' id='block_1_69' title="bbox 495 5829 2076 5901">
    <p class='ocr_par' dir='ltr' id='par_1_69' title="bbox 495 5829 2076 5901">
     <span class='ocr_line' id='line_1_69' title="bbox 495 5829 2076 5901; baseline 0.001 -19"><span class='ocrx_word' id='word_1_733' title='bbox 495 5829 596 5898; x_wconf 66' lang='grc' dir='ltr'><strong><em>(νη)</em></strong></span> <span class='ocrx_word' id='word_1_734' title='bbox 627 5830 756 5886; x_wconf 82' lang='lat' dir='ltr'><strong><em>Sive</em></strong></span> <span class='ocrx_word' id='word_1_735' title='bbox 783 5829 1044 5887; x_wconf 87' lang='lat' dir='ltr'><strong><em>Jacobus</em></strong></span> <span class='ocrx_word' id='word_1_736' title='bbox 1077 5831 1297 5885; x_wconf 77' lang='lat' dir='ltr'><strong><em>Frisios</em></strong></span> <span class='ocrx_word' id='word_1_737' title='bbox 1329 5831 1524 5901; x_wconf 86' lang='lat' dir='ltr'><strong><em>potius</em></strong></span> <span class='ocrx_word' id='word_1_738' title='bbox 1555 5831 1615 5885; x_wconf 89' lang='lat' dir='ltr'><strong><em>in</em></strong></span> <span class='ocrx_word' id='word_1_739' title='bbox 1647 5831 1912 5900; x_wconf 87' lang='lat' dir='ltr'><strong><em>Epitome</em></strong></span> <span class='ocrx_word' id='word_1_740' title='bbox 1936 5829 2076 5885; x_wconf 88' lang='lat' dir='ltr'><strong><em>bibl.</em></strong></span> 
     </span>
    </p>
   </div>
   <div class='ocr_carea' id='block_1_70' title="bbox 419 5901 2076 6029">
    <p class='ocr_par' dir='ltr' id='par_1_70' title="bbox 419 5901 2076 6029">
     <span class='ocr_line' id='line_1_70' title="bbox 419 5901 2076 6029; baseline 0 -73"><span class='ocrx_word' id='word_1_741' title='bbox 419 5901 788 6029; x_wconf 53' lang='grc' dir='ltr'><strong><em>ξὶῗεῐέςῖιὲαηω</em></strong></span> <span class='ocrx_word' id='word_1_742' title='bbox 834 5907 896 5960; x_wconf 83' lang='lat' dir='ltr'><strong><em>et.</em></strong></span> <span class='ocrx_word' id='word_1_743' title='bbox 943 5901 1384 5958; x_wconf 83' lang='lat' dir='ltr'><strong><em>continuatione</em></strong></span> <span class='ocrx_word' id='word_1_744' title='bbox 1431 5919 1522 5973; x_wconf 88' lang='lat' dir='ltr'><strong><em>ap.</em></strong></span> <span class='ocrx_word' id='word_1_745' title='bbox 1573 5903 1878 5959; x_wconf 80' lang='lat' dir='ltr'><strong><em>Proschov.</em></strong></span> <span class='ocrx_word' id='word_1_746' title='bbox 1919 5903 2076 5970; x_wconf 77' lang='lat'>1583,</span> 
     </span>
     <span class='ocr_line' id='line_1_71' title="bbox 443 5989 678 6029; baseline 0.004 -1"><span class='ocrx_word' id='word_1_747' title='bbox 443 5989 480 6028; x_wconf 88' lang='grc' dir='ltr'>ο</span> <span class='ocrx_word' id='word_1_748' title='bbox 509 6015 522 6029; x_wconf 94' lang='grc'><em>.</em></span> <span class='ocrx_word' id='word_1_749' title='bbox 663 6017 678 6029; x_wconf 91' lang='grc'><strong>.</strong></span> 
     </span>
    </p>
   </div>
   <div class='ocr_carea' id='block_1_71' title="bbox 443 5989 678 6032">
    <p class='ocr_par' dir='ltr' id='par_1_71' title="bbox 443 5989 678 6032">
     <span class='ocr_line' id='line_1_72' title="bbox 443 5989 678 6032; baseline 0.017 -4"><span class='ocrx_word' id='word_1_750' title='bbox 443 5989 522 6031; x_wconf 83' lang='grc' dir='ltr'><strong><em>οι.</em></strong></span> <span class='ocrx_word' id='word_1_751' title='bbox 557 5989 678 6032; x_wconf 56' lang='grc'><strong><em>115.</em></strong></span> 
     </span>
    </p>
   </div>
   <div class='ocr_carea' id='block_1_72' title="bbox 2186 4325 3834 4396">
    <p class='ocr_par' dir='ltr' id='par_1_72' title="bbox 2186 4325 3834 4396">
     <span class='ocr_line' id='line_1_73' title="bbox 2186 4325 3834 4396; baseline 0 -16"><span class='ocrx_word' id='word_1_752' title='bbox 2186 4325 2405 4381; x_wconf 62' lang='grc' dir='ltr'><strong><em>όὶοἱῐυιῖ</em></strong></span> <span class='ocrx_word' id='word_1_753' title='bbox 2430 4343 2442 4382; x_wconf 94' lang='lat'>:</span> <span class='ocrx_word' id='word_1_754' title='bbox 2469 4329 2526 4382; x_wconf 86' lang='lat' dir='ltr'><strong><em>in</em></strong></span> <span class='ocrx_word' id='word_1_755' title='bbox 2559 4327 2686 4382; x_wconf 88' lang='lat' dir='ltr'><strong><em>cod.</em></strong></span> <span class='ocrx_word' id='word_1_756' title='bbox 2721 4327 2854 4382; x_wconf 85' lang='grc'><strong><em>1361</em></strong></span> <span class='ocrx_word' id='word_1_757' title='bbox 2887 4343 2946 4382; x_wconf 87' lang='lat' dir='ltr'><strong><em>n.</em></strong></span> <span class='ocrx_word' id='word_1_758' title='bbox 2977 4329 3032 4392; x_wconf 85' lang='lat'><strong><em>7,</em></strong></span> <span class='ocrx_word' id='word_1_759' title='bbox 3055 4325 3254 4396; x_wconf 65' lang='grc' dir='ltr'><strong><em>Θίβσίίὶ</em></strong></span> <span class='ocrx_word' id='word_1_760' title='bbox 3278 4327 3424 4383; x_wconf 56' lang='lat' dir='ltr'><strong><em>aula</em></strong></span> <span class='ocrx_word' id='word_1_761' title='bbox 3449 4325 3834 4396; x_wconf 84' lang='lat' dir='ltr'><strong><em>Constantino-</em></strong></span> 
     </span>
    </p>
   </div>
   <div class='ocr_carea' id='block_1_73' title="bbox 2179 4395 3835 4470">
    <p class='ocr_par' dir='ltr' id='par_1_73' title="bbox 2179 4395 3835 4470">
     <span class='ocr_line' id='line_1_74' title="bbox 2179 4395 3835 4470; baseline -0.001 -18"><span class='ocrx_word' id='word_1_762' title='bbox 2179 4397 2464 4470; x_wconf 64' lang='lat' dir='ltr'><strong><em>politanae,</em></strong></span> <span class='ocrx_word' id='word_1_763' title='bbox 2499 4399 2556 4452; x_wconf 86' lang='lat' dir='ltr'><strong><em>in</em></strong></span> <span class='ocrx_word' id='word_1_764' title='bbox 2583 4399 2708 4454; x_wconf 91' lang='lat' dir='ltr'><strong><em>cod.</em></strong></span> <span class='ocrx_word' id='word_1_765' title='bbox 2733 4399 2894 4466; x_wconf 83' lang='grc'><strong><em>1362,</em></strong></span> <span class='ocrx_word' id='word_1_766' title='bbox 2919 4415 2974 4454; x_wconf 88' lang='lat' dir='ltr'><strong><em>n.</em></strong></span> <span class='ocrx_word' id='word_1_767' title='bbox 3000 4395 3127 4452; x_wconf 71' lang='lat'><strong><em>4-8.</em></strong></span> <span class='ocrx_word' id='word_1_768' title='bbox 3146 4399 3350 4453; x_wconf 81' lang='lat' dir='ltr'><strong><em>Ofﬁcia</em></strong></span> <span class='ocrx_word' id='word_1_769' title='bbox 3373 4397 3634 4470; x_wconf 77' lang='lat' dir='ltr'><strong><em>ejusdem</em></strong></span> <span class='ocrx_word' id='word_1_770' title='bbox 3654 4395 3835 4470; x_wconf 74' lang='lat' dir='ltr'><strong><em>uultu;</em></strong></span> 
     </span>
    </p>
   </div>
   <div class='ocr_carea' id='block_1_74' title="bbox 2183 4467 3832 4542">
    <p class='ocr_par' dir='ltr' id='par_1_74' title="bbox 2183 4467 3832 4542">
     <span class='ocr_line' id='line_1_75' title="bbox 2183 4467 3832 4542; baseline -0.004 -17"><span class='ocrx_word' id='word_1_771' title='bbox 2183 4467 2324 4526; x_wconf 81' lang='lat' dir='ltr'><strong><em>ordo</em></strong></span> <span class='ocrx_word' id='word_1_772' title='bbox 2358 4471 2584 4525; x_wconf 73' lang='lat' dir='ltr'><strong><em>sedtum</em></strong></span> <span class='ocrx_word' id='word_1_773' title='bbox 2619 4471 3225 4542; x_wconf 80' lang='lat' dir='ltr'><strong><em>metropolitanorum,</em></strong></span> <span class='ocrx_word' id='word_1_774' title='bbox 3259 4488 3292 4524; x_wconf 82' lang='lat' dir='ltr'><strong><em>a</em></strong></span> <span class='ocrx_word' id='word_1_775' title='bbox 3325 4471 3510 4542; x_wconf 81' lang='lat' dir='ltr'><strong><em>Leone</em></strong></span> <span class='ocrx_word' id='word_1_776' title='bbox 3541 4467 3832 4542; x_wconf 65' lang='lat' dir='ltr'><strong><em>sapiente,</em></strong></span> 
     </span>
    </p>
   </div>
   <div class='ocr_carea' id='block_1_75' title="bbox 2185 4537 3834 4612">
    <p class='ocr_par' dir='ltr' id='par_1_75' title="bbox 2185 4537 3834 4612">
     <span class='ocr_line' id='line_1_76' title="bbox 2185 4537 3834 4612; baseline -0.001 -16"><span class='ocrx_word' id='word_1_777' title='bbox 2185 4542 2327 4612; x_wconf 88' lang='lat' dir='ltr'><strong><em>imp.</em></strong></span> <span class='ocrx_word' id='word_1_778' title='bbox 2383 4537 3031 4610; x_wconf 46' lang='lat' dir='ltr'><strong><em>constitutusfofﬁcia</em></strong></span> <span class='ocrx_word' id='word_1_779' title='bbox 3089 4541 3311 4612; x_wconf 76' lang='lat' dir='ltr'><strong><em>Magnae</em></strong></span> <span class='ocrx_word' id='word_1_780' title='bbox 3369 4539 3623 4612; x_wconf 75' lang='lat' dir='ltr'><strong><em>ecclesia:</em></strong></span> <span class='ocrx_word' id='word_1_781' title='bbox 3683 4537 3834 4612; x_wconf 66' lang='lat' dir='ltr'><strong><em>Gon-</em></strong></span> 
     </span>
    </p>
   </div>
   <div class='ocr_carea' id='block_1_76' title="bbox 2185 4609 3834 4686">
    <p class='ocr_par' dir='ltr' id='par_1_76' title="bbox 2185 4609 3834 4686">
     <span class='ocr_line' id='line_1_77' title="bbox 2185 4609 3834 4686; baseline -0.001 -18"><span class='ocrx_word' id='word_1_782' title='bbox 2185 4609 2752 4686; x_wconf 72' lang='lat' dir='ltr'><strong><em>stahtinopolitanzn;</em></strong></span> <span class='ocrx_word' id='word_1_783' title='bbox 2812 4615 2955 4686; x_wconf 14' lang='lat' dir='ltr'><strong><em>ordo,</em></strong></span> <span class='ocrx_word' id='word_1_784' title='bbox 3013 4609 3636 4686; x_wconf 37' lang='lat' dir='ltr'><strong><em>sediumLpatrlarcbte</em></strong></span> <span class='ocrx_word' id='word_1_785' title='bbox 3684 4609 3834 4686; x_wconf 69' lang='lat' dir='ltr'><strong><em>Con-</em></strong></span> 
     </span>
    </p>
   </div>
   <div class='ocr_carea' id='block_1_77' title="bbox 2187 4681 3834 4756">
    <p class='ocr_par' dir='ltr' id='par_1_77' title="bbox 2187 4681 3834 4756">
     <span class='ocr_line' id='line_1_78' title="bbox 2187 4681 3834 4756; baseline 0 -18"><span class='ocrx_word' id='word_1_786' title='bbox 2187 4681 2466 4756; x_wconf 47' lang='lat' dir='ltr'><strong><em>stantino—</em></strong></span> <span class='ocrx_word' id='word_1_787' title='bbox 2489 4685 2866 4740; x_wconf 84' lang='lat' dir='ltr'><strong><em>obnoxiarum</em></strong></span> <span class='ocrx_word' id='word_1_788' title='bbox 2911 4685 2982 4739; x_wconf 87' lang='lat' dir='ltr'><strong><em>ab</em></strong></span> <span class='ocrx_word' id='word_1_789' title='bbox 3033 4681 3389 4756; x_wconf 70' lang='lat' dir='ltr'><strong><em>Andronico,</em></strong></span> <span class='ocrx_word' id='word_1_790' title='bbox 3422 4684 3692 4756; x_wconf 83' lang='lat' dir='ltr'><strong><em>imperat.</em></strong></span> <span class='ocrx_word' id='word_1_791' title='bbox 3723 4681 3834 4756; x_wconf 70' lang='lat' dir='ltr'><strong><em>Pa-</em></strong></span> 
     </span>
    </p>
   </div>
   <div class='ocr_carea' id='block_1_78' title="bbox 2184 4754 3832 4828">
    <p class='ocr_par' dir='ltr' id='par_1_78' title="bbox 2184 4754 3832 4828">
     <span class='ocr_line' id='line_1_79' title="bbox 2184 4754 3832 4828; baseline -0.002 -18"><span class='ocrx_word' id='word_1_792' title='bbox 2184 4755 2426 4825; x_wconf 71' lang='lat' dir='ltr'><strong><em>laeologo</em></strong></span> <span class='ocrx_word' id='word_1_793' title='bbox 2459 4756 2506 4810; x_wconf 91' lang='lat' dir='ltr'><strong><em>Il</em></strong></span> <span class='ocrx_word' id='word_1_794' title='bbox 2538 4757 2932 4828; x_wconf 75' lang='lat' dir='ltr'><strong><em>constitutus;</em></strong></span> <span class='ocrx_word' id='word_1_795' title='bbox 2967 4760 3023 4808; x_wconf 88' lang='lat' dir='ltr'><strong><em>et</em></strong></span> <span class='ocrx_word' id='word_1_796' title='bbox 3053 4757 3100 4822; x_wconf 85' lang='lat'><strong><em>8,</em></strong></span> <span class='ocrx_word' id='word_1_797' title='bbox 3134 4755 3271 4812; x_wconf 91' lang='lat' dir='ltr'><strong><em>ordo</em></strong></span> <span class='ocrx_word' id='word_1_798' title='bbox 3305 4754 3556 4826; x_wconf 65' lang='lat' dir='ltr'><strong><em>liturgiin</em></strong></span> <span class='ocrx_word' id='word_1_799' title='bbox 3587 4754 3832 4828; x_wconf 88' lang='lat' dir='ltr'><strong><em>patriar-</em></strong></span> 
     </span>
    </p>
   </div>
   <div class='ocr_carea' id='block_1_79' title="bbox 2186 4827 3838 4900">
    <p class='ocr_par' dir='ltr' id='par_1_79' title="bbox 2186 4827 3838 4900">
     <span class='ocr_line' id='line_1_80' title="bbox 2186 4827 3838 4900; baseline -0.002 -16"><span class='ocrx_word' id='word_1_800' title='bbox 2186 4827 2390 4900; x_wconf 76' lang='lat' dir='ltr'><strong><em>cbalis,</em></strong></span> <span class='ocrx_word' id='word_1_801' title='bbox 2423 4843 2536 4898; x_wconf 90' lang='lat' dir='ltr'><strong><em>quo</em></strong></span> <span class='ocrx_word' id='word_1_802' title='bbox 2569 4833 2737 4900; x_wconf 79' lang='lat' dir='ltr'><strong><em>pacto</em></strong></span> <span class='ocrx_word' id='word_1_803' title='bbox 2785 4827 2897 4880; x_wconf 68' lang='lat' dir='ltr'><strong><em>illae</em></strong></span> <span class='ocrx_word' id='word_1_804' title='bbox 2939 4831 3318 4900; x_wconf 78' lang='lat' dir='ltr'><strong><em>peraguntur,</em></strong></span> <span class='ocrx_word' id='word_1_805' title='bbox 3351 4827 3838 4900; x_wconf 63' lang='lat' dir='ltr'><strong><em>auctorepeme-</em></strong></span> 
     </span>
    </p>
   </div>
   <div class='ocr_carea' id='block_1_80' title="bbox 2185 4897 3830 4969">
    <p class='ocr_par' dir='ltr' id='par_1_80' title="bbox 2185 4897 3830 4969">
     <span class='ocr_line' id='line_1_81' title="bbox 2185 4897 3830 4969; baseline -0.001 -15"><span class='ocrx_word' id='word_1_806' title='bbox 2185 4899 2300 4954; x_wconf 88' lang='lat' dir='ltr'><strong><em>trio</em></strong></span> <span class='ocrx_word' id='word_1_807' title='bbox 2331 4897 2610 4956; x_wconf 81' lang='lat' dir='ltr'><strong><em>Gemisto.</em></strong></span> <span class='ocrx_word' id='word_1_808' title='bbox 2653 4899 2752 4954; x_wconf 83' lang='lat' dir='ltr'><strong><em>Hic</em></strong></span> <span class='ocrx_word' id='word_1_809' title='bbox 2791 4897 2955 4969; x_wconf 83' lang='lat' dir='ltr'><strong><em>quod</em></strong></span> <span class='ocrx_word' id='word_1_810' title='bbox 2977 4897 3109 4954; x_wconf 79' lang='lat' dir='ltr'><strong><em>esse</em></strong></span> <span class='ocrx_word' id='word_1_811' title='bbox 3145 4899 3372 4956; x_wconf 87' lang='lat' dir='ltr'><strong><em>videtur</em></strong></span> <span class='ocrx_word' id='word_1_812' title='bbox 3401 4914 3572 4969; x_wconf 87' lang='lat' dir='ltr'><strong><em>quem</em></strong></span> <span class='ocrx_word' id='word_1_813' title='bbox 3607 4897 3830 4953; x_wconf 82' lang='lat' dir='ltr'><strong><em>Fabric.</em></strong></span> 
     </span>
    </p>
   </div>
   <div class='ocr_carea' id='block_1_81' title="bbox 2187 4971 3837 5040">
    <p class='ocr_par' dir='ltr' id='par_1_81' title="bbox 2187 4971 3837 5040">
     <span class='ocr_line' id='line_1_82' title="bbox 2187 4971 3837 5040; baseline 0 -16"><span class='ocrx_word' id='word_1_814' title='bbox 2187 4971 2247 5025; x_wconf 89' lang='lat' dir='ltr'><strong><em>in</em></strong></span> <span class='ocrx_word' id='word_1_815' title='bbox 2279 4986 2402 5040; x_wconf 88' lang='lat' dir='ltr'><strong><em>seq.</em></strong></span> <span class='ocrx_word' id='word_1_816' title='bbox 2435 4981 2570 5025; x_wconf 87' lang='lat' dir='ltr'><strong><em>nota</em></strong></span> <span class='ocrx_word' id='word_1_817' title='bbox 2593 4987 2660 5026; x_wconf 86' lang='lat' dir='ltr'><strong><em>ex</em></strong></span> <span class='ocrx_word' id='word_1_818' title='bbox 2707 4971 2929 5025; x_wconf 84' lang='lat' dir='ltr'><strong><em>Labbeo</em></strong></span> <span class='ocrx_word' id='word_1_819' title='bbox 2962 4971 3176 5026; x_wconf 87' lang='lat' dir='ltr'><strong><em>citavit.</em></strong></span> <span class='ocrx_word' id='word_1_820' title='bbox 3213 4971 3428 5026; x_wconf 82' lang='lat' dir='ltr'><strong><em>Eadem</em></strong></span> <span class='ocrx_word' id='word_1_821' title='bbox 3460 4985 3660 5040; x_wconf 88' lang='lat' dir='ltr'><strong><em>opusc.</em></strong></span> <span class='ocrx_word' id='word_1_822' title='bbox 3695 4977 3837 5024; x_wconf 86' lang='lat' dir='ltr'><strong><em>sunt</em></strong></span> 
     </span>
    </p>
   </div>
   <div class='ocr_carea' id='block_1_82' title="bbox 2183 5041 3830 5168">
    <p class='ocr_par' dir='ltr' id='par_1_82' title="bbox 2183 5041 3830 5168">
     <span class='ocr_line' id='line_1_83' title="bbox 2183 5041 3830 5168; baseline -0.002 -71"><span class='ocrx_word' id='word_1_823' title='bbox 2183 5041 2405 5168; x_wconf 42' lang='lat'><strong><em>$80013.</em></strong></span> <span class='ocrx_word' id='word_1_824' title='bbox 2441 5043 2600 5097; x_wconf 82' lang='lat'>1363.</span> <span class='ocrx_word' id='word_1_825' title='bbox 2628 5043 2769 5098; x_wconf 82' lang='lat' dir='ltr'><strong><em>Add.</em></strong></span> <span class='ocrx_word' id='word_1_826' title='bbox 2803 5043 2966 5097; x_wconf 91' lang='lat' dir='ltr'><strong><em>codd.</em></strong></span> <span class='ocrx_word' id='word_1_827' title='bbox 3001 5043 3142 5098; x_wconf 67' lang='lat'><strong><em>1386</em></strong></span> <span class='ocrx_word' id='word_1_828' title='bbox 3165 5047 3220 5099; x_wconf 89' lang='lat' dir='ltr'><strong><em>et</em></strong></span> <span class='ocrx_word' id='word_1_829' title='bbox 3250 5043 3405 5098; x_wconf 88' lang='lat' dir='ltr'><strong><em>infra</em></strong></span> <span class='ocrx_word' id='word_1_830' title='bbox 3433 5041 3546 5098; x_wconf 89' lang='lat' dir='ltr'><strong><em>vol.</em></strong></span> <span class='ocrx_word' id='word_1_831' title='bbox 3579 5043 3652 5110; x_wconf 84' lang='lat' dir='ltr'><strong><em>X,</em></strong></span> <span class='ocrx_word' id='word_1_832' title='bbox 3697 5055 3830 5112; x_wconf 84' lang='lat' dir='ltr'><strong><em>pag.</em></strong></span> 
     </span>
     <span class='ocr_line' id='line_1_84' title="bbox 2297 5131 2522 5168; baseline 0.009 -2"><span class='ocrx_word' id='word_1_833' title='bbox 2297 5155 2310 5166; x_wconf 94' lang='lat'><strong><em>.</em></strong></span> <span class='ocrx_word' id='word_1_834' title='bbox 2393 5131 2522 5168; x_wconf 70' lang='lat' dir='ltr'><strong><em>san.</em></strong></span> 
     </span>
    </p>
   </div>
   <div class='ocr_carea' id='block_1_83' title="bbox 2183 5115 2522 5170">
    <p class='ocr_par' dir='ltr' id='par_1_83' title="bbox 2183 5115 2522 5170">
     <span class='ocr_line' id='line_1_85' title="bbox 2183 5115 2522 5170; baseline 0 -2"><span class='ocrx_word' id='word_1_835' title='bbox 2183 5115 2310 5168; x_wconf 85' lang='lat'><strong><em>278.</em></strong></span> <span class='ocrx_word' id='word_1_836' title='bbox 2340 5115 2522 5170; x_wconf 81' lang='lat' dir='ltr'><strong><em>HARL.</em></strong></span> 
     </span>
    </p>
   </div>
   <div class='ocr_carea' id='block_1_84' title="bbox 2256 5183 3830 5256">
    <p class='ocr_par' dir='ltr' id='par_1_84' title="bbox 2256 5183 3830 5256">
     <span class='ocr_line' id='line_1_86' title="bbox 2256 5183 3830 5256; baseline 0 -16"><span class='ocrx_word' id='word_1_837' title='bbox 2256 5184 2330 5256; x_wconf 90' lang='grc' dir='ltr'><strong><em>(ο)</em></strong></span> <span class='ocrx_word' id='word_1_838' title='bbox 2384 5185 2448 5238; x_wconf 90' lang='lat' dir='ltr'><strong><em>In</em></strong></span> <span class='ocrx_word' id='word_1_839' title='bbox 2498 5185 2615 5256; x_wconf 77' lang='lat' dir='ltr'><strong><em>hac</em></strong></span> <span class='ocrx_word' id='word_1_840' title='bbox 2665 5201 2796 5256; x_wconf 87' lang='lat' dir='ltr'><strong><em>pag.</em></strong></span> <span class='ocrx_word' id='word_1_841' title='bbox 2842 5186 2949 5240; x_wconf 86' lang='lat'><strong><em>270</em></strong></span> <span class='ocrx_word' id='word_1_842' title='bbox 2987 5190 3346 5242; x_wconf 81' lang='lat' dir='ltr'><strong><em>memoratur</em></strong></span> <span class='ocrx_word' id='word_1_843' title='bbox 3388 5202 3458 5242; x_wconf 83' lang='lat' dir='ltr'><strong><em>ex</em></strong></span> <span class='ocrx_word' id='word_1_844' title='bbox 3503 5201 3649 5242; x_wconf 88' lang='lat' dir='ltr'><strong><em>ms.</em></strong></span> <span class='ocrx_word' id='word_1_845' title='bbox 3685 5183 3830 5240; x_wconf 86' lang='lat' dir='ltr'><strong><em>bibl.</em></strong></span> 
     </span>
    </p>
   </div>
   <div class='ocr_carea' id='block_1_85' title="bbox 2187 5255 3832 5329">
    <p class='ocr_par' dir='ltr' id='par_1_85' title="bbox 2187 5255 3832 5329">
     <span class='ocr_line' id='line_1_87' title="bbox 2187 5255 3832 5329; baseline 0 -19"><span class='ocrx_word' id='word_1_846' title='bbox 2187 5255 2397 5329; x_wconf 65' lang='lat' dir='ltr'><strong><em>Hegias,</em></strong></span> <span class='ocrx_word' id='word_1_847' title='bbox 2425 5261 2551 5325; x_wconf 87' lang='lat' dir='ltr'><strong><em>post</em></strong></span> <span class='ocrx_word' id='word_1_848' title='bbox 2581 5255 2998 5329; x_wconf 30' lang='lat' dir='ltr'><strong><em>lIarm’enopuli</em></strong></span> <span class='ocrx_word' id='word_1_849' title='bbox 3027 5257 3516 5329; x_wconf 88' lang='lat' dir='ltr'><strong><em>Prompluarium,</em></strong></span> <span class='ocrx_word' id='word_1_850' title='bbox 3549 5256 3716 5312; x_wconf 85' lang='lat' dir='ltr'><strong><em>libris</em></strong></span> <span class='ocrx_word' id='word_1_851' title='bbox 3730 5272 3832 5329; x_wconf 81' lang='lat' dir='ltr'><strong><em>vm</em></strong></span> 
     </span>
    </p>
   </div>
   <div class='ocr_carea' id='block_1_86' title="bbox 2186 5327 3832 5400">
    <p class='ocr_par' dir='ltr' id='par_1_86' title="bbox 2186 5327 3832 5400">
     <span class='ocr_line' id='line_1_88' title="bbox 2186 5327 3832 5400; baseline 0.001 -19"><span class='ocrx_word' id='word_1_852' title='bbox 2186 5327 2552 5400; x_wconf 87' lang='lat' dir='ltr'><strong><em>distinctum,</em></strong></span> <span class='ocrx_word' id='word_1_853' title='bbox 2604 5331 2661 5382; x_wconf 90' lang='lat' dir='ltr'><strong><em>et</em></strong></span> <span class='ocrx_word' id='word_1_854' title='bbox 2727 5327 3003 5400; x_wconf 76' lang='lat' dir='ltr'><strong><em>pleraque</em></strong></span> <span class='ocrx_word' id='word_1_855' title='bbox 3051 5327 3304 5396; x_wconf 46' lang='lat' dir='ltr'><strong><em>aliafad</em></strong></span> <span class='ocrx_word' id='word_1_856' title='bbox 3361 5333 3678 5399; x_wconf 87' lang='lat' dir='ltr'><strong><em>utrumque</em></strong></span> <span class='ocrx_word' id='word_1_857' title='bbox 3725 5328 3832 5398; x_wconf 89' lang='lat' dir='ltr'><strong><em>jus</em></strong></span> 
     </span>
    </p>
   </div>
   <div class='ocr_carea' id='block_1_87' title="bbox 2187 5399 3832 5471">
    <p class='ocr_par' dir='ltr' id='par_1_87' title="bbox 2187 5399 3832 5471">
     <span class='ocr_line' id='line_1_89' title="bbox 2187 5399 3832 5471; baseline 0 -17"><span class='ocrx_word' id='word_1_858' title='bbox 2187 5399 2516 5454; x_wconf 69' lang='lat' dir='ltr'><strong><em>Graecorum</em></strong></span> <span class='ocrx_word' id='word_1_859' title='bbox 2562 5399 3238 5471; x_wconf 27' lang='lat' dir='ltr'><strong><em>spectantia’opuscula,</em></strong></span> <span class='ocrx_word' id='word_1_860' title='bbox 3283 5401 3476 5470; x_wconf 80' lang='lat' dir='ltr'><strong><em>Ofﬁcia</em></strong></span> <span class='ocrx_word' id='word_1_861' title='bbox 3529 5401 3738 5470; x_wconf 79' lang='lat' dir='ltr'><strong><em>palatii</em></strong></span> <span class='ocrx_word' id='word_1_862' title='bbox 3778 5409 3832 5454; x_wconf 91' lang='lat' dir='ltr'><strong><em>et</em></strong></span> 
     </span>
    </p>
   </div>
   <div class='ocr_carea' id='block_1_88' title="bbox 2184 5471 3828 5542">
    <p class='ocr_par' dir='ltr' id='par_1_88' title="bbox 2184 5471 3828 5542">
     <span class='ocr_line' id='line_1_90' title="bbox 2184 5471 3828 5542; baseline 0 -16"><span class='ocrx_word' id='word_1_863' title='bbox 2184 5471 2422 5526; x_wconf 62' lang='lat' dir='ltr'><strong><em>ecclesiae</em></strong></span> <span class='ocrx_word' id='word_1_864' title='bbox 2451 5472 2712 5542; x_wconf 20' lang='lat' dir='ltr'><strong><em>acisedes</em></strong></span> <span class='ocrx_word' id='word_1_865' title='bbox 2753 5471 3100 5542; x_wconf 62' lang='lat' dir='ltr'><strong><em>patriarcha:</em></strong></span> <span class='ocrx_word' id='word_1_866' title='bbox 3145 5471 3651 5542; x_wconf 84' lang='lat' dir='ltr'><strong><em>ConstantinOpol.</em></strong></span> <span class='ocrx_word' id='word_1_867' title='bbox 3686 5471 3828 5526; x_wconf 88' lang='lat' dir='ltr'><strong><em>sub-</em></strong></span> 
     </span>
    </p>
   </div>
   <div class='ocr_carea' id='block_1_89' title="bbox 2175 5541 3832 5615">
    <p class='ocr_par' dir='ltr' id='par_1_89' title="bbox 2175 5541 3832 5615">
     <span class='ocr_line' id='line_1_91' title="bbox 2175 5541 3832 5615; baseline 0.001 -19"><span class='ocrx_word' id='word_1_868' title='bbox 2175 5543 2347 5612; x_wconf 72' lang='lat' dir='ltr'><strong><em>jectae</em></strong></span> <span class='ocrx_word' id='word_1_869' title='bbox 2383 5541 2710 5615; x_wconf 39' lang='lat' dir='ltr'><strong><em>subuLeone</em></strong></span> <span class='ocrx_word' id='word_1_870' title='bbox 2741 5541 3096 5615; x_wconf 86' lang='lat' dir='ltr'><strong><em>Philosopho</em></strong></span> <span class='ocrx_word' id='word_1_871' title='bbox 3144 5549 3200 5600; x_wconf 91' lang='lat' dir='ltr'><strong><em>et</em></strong></span> <span class='ocrx_word' id='word_1_872' title='bbox 3247 5541 3576 5598; x_wconf 75' lang='lat' dir='ltr'><strong><em>Andronico</em></strong></span> <span class='ocrx_word' id='word_1_873' title='bbox 3615 5543 3832 5598; x_wconf 69' lang='lat' dir='ltr'><strong><em>Palico-</em></strong></span> 
     </span>
    </p>
   </div>
   <div class='ocr_carea' id='block_1_90' title="bbox 2189 5611 3828 5688">
    <p class='ocr_par' dir='ltr' id='par_1_90' title="bbox 2189 5611 3828 5688">
     <span class='ocr_line' id='line_1_92' title="bbox 2189 5611 3828 5688; baseline 0.001 -20"><span class='ocrx_word' id='word_1_874' title='bbox 2189 5611 2340 5688; x_wconf 89' lang='lat' dir='ltr'><strong><em>logo,</em></strong></span> <span class='ocrx_word' id='word_1_875' title='bbox 2373 5618 2429 5668; x_wconf 84' lang='lat' dir='ltr'><strong><em>et</em></strong></span> <span class='ocrx_word' id='word_1_876' title='bbox 2454 5611 2600 5682; x_wconf 75' lang='grc' dir='ltr'>τάξις</span> <span class='ocrx_word' id='word_1_877' title='bbox 2631 5615 2736 5666; x_wconf 79' lang='grc' dir='ltr'><strong><em>τῶν</em></strong></span> <span class='ocrx_word' id='word_1_878' title='bbox 2779 5611 3132 5688; x_wconf 15' lang='grc' dir='ltr'><strong><em>χεγιροτὸνιῶν</em></strong></span> <span class='ocrx_word' id='word_1_879' title='bbox 3179 5631 3282 5686; x_wconf 88' lang='lat' dir='ltr'><strong><em>per</em></strong></span> <span class='ocrx_word' id='word_1_880' title='bbox 3321 5615 3687 5688; x_wconf 71' lang='lat' dir='ltr'><strong><em>Demetrium</em></strong></span> <span class='ocrx_word' id='word_1_881' title='bbox 3725 5617 3828 5670; x_wconf 75' lang='lat' dir='ltr'><strong><em>Gc-</em></strong></span> 
     </span>
    </p>
   </div>
   <div class='ocr_carea' id='block_1_91' title="bbox 2187 5685 3828 5756">
    <p class='ocr_par' dir='ltr' id='par_1_91' title="bbox 2187 5685 3828 5756">
     <span class='ocr_line' id='line_1_93' title="bbox 2187 5685 3828 5756; baseline -0.001 -16"><span class='ocrx_word' id='word_1_882' title='bbox 2187 5685 2446 5756; x_wconf 87' lang='lat' dir='ltr'><strong><em>mistum,</em></strong></span> <span class='ocrx_word' id='word_1_883' title='bbox 2499 5685 2978 5756; x_wconf 80' lang='lat' dir='ltr'><strong><em>protonotarium,</em></strong></span> <span class='ocrx_word' id='word_1_884' title='bbox 3039 5685 3256 5753; x_wconf 65' lang='lat' dir='ltr'><strong><em>Magnae</em></strong></span> <span class='ocrx_word' id='word_1_885' title='bbox 3324 5685 3576 5740; x_wconf 66' lang='lat' dir='ltr'><strong><em>ecclesiae</em></strong></span> <span class='ocrx_word' id='word_1_886' title='bbox 3634 5685 3828 5756; x_wconf 56' lang='lat' dir='ltr'><strong><em>diaco:</em></strong></span> 
     </span>
    </p>
   </div>
   <div class='ocr_carea' id='block_1_92' title="bbox 2191 5753 3825 5826">
    <p class='ocr_par' dir='ltr' id='par_1_92' title="bbox 2191 5753 3825 5826">
     <span class='ocr_line' id='line_1_94' title="bbox 2191 5753 3825 5826; baseline -0.003 -16"><span class='ocrx_word' id='word_1_887' title='bbox 2191 5771 2354 5820; x_wconf 87' lang='lat' dir='ltr'><strong><em>num,</em></strong></span> <span class='ocrx_word' id='word_1_888' title='bbox 2380 5753 2792 5826; x_wconf 77' lang='lat' dir='ltr'><strong><em>inscriptiones</em></strong></span> <span class='ocrx_word' id='word_1_889' title='bbox 2843 5759 3186 5826; x_wconf 64' lang='lat' dir='ltr'><strong><em>patriarchae</em></strong></span> <span class='ocrx_word' id='word_1_890' title='bbox 3225 5753 3825 5826; x_wconf 38' lang='lat' dir='ltr'><strong><em>Constantinopoltnd</em></strong></span> 
     </span>
    </p>
   </div>
   <div class='ocr_carea' id='block_1_93' title="bbox 2191 5821 3820 5899">
    <p class='ocr_par' dir='ltr' id='par_1_93' title="bbox 2191 5821 3820 5899">
     <span class='ocr_line' id='line_1_95' title="bbox 2191 5821 3820 5899; baseline -0.006 -16"><span class='ocrx_word' id='word_1_891' title='bbox 2191 5845 2400 5898; x_wconf 80' lang='lat' dir='ltr'><strong><em>papam</em></strong></span> <span class='ocrx_word' id='word_1_892' title='bbox 2433 5833 2487 5882; x_wconf 86' lang='lat' dir='ltr'><strong><em>et</em></strong></span> <span class='ocrx_word' id='word_1_893' title='bbox 2516 5821 2751 5884; x_wconf 68' lang='lat' dir='ltr'><strong><em>caeteros</em></strong></span> <span class='ocrx_word' id='word_1_894' title='bbox 2783 5821 3161 5899; x_wconf 72' lang='lat' dir='ltr'><strong><em>patriarchas,</em></strong></span> <span class='ocrx_word' id='word_1_895' title='bbox 3196 5821 3685 5897; x_wconf 79' lang='lat' dir='ltr'><strong><em>archiepiscopos.</em></strong></span> <span class='ocrx_word' id='word_1_896' title='bbox 3711 5821 3820 5876; x_wconf 89' lang='lat' dir='ltr'><strong><em>Sed</em></strong></span> 
     </span>
    </p>
   </div>
   <div class='ocr_carea' id='block_1_94' title="bbox 2189 5899 3075 5972">
    <p class='ocr_par' dir='ltr' id='par_1_94' title="bbox 2189 5899 3075 5972">
     <span class='ocr_line' id='line_1_96' title="bbox 2189 5899 3075 5972; baseline -0.003 -18"><span class='ocrx_word' id='word_1_897' title='bbox 2189 5899 2336 5956; x_wconf 85' lang='lat' dir='ltr'><strong><em>nihil</em></strong></span> <span class='ocrx_word' id='word_1_898' title='bbox 2369 5899 2487 5955; x_wconf 61' lang='lat' dir='ltr'><strong><em>haec</em></strong></span> <span class='ocrx_word' id='word_1_899' title='bbox 2520 5901 2590 5956; x_wconf 88' lang='lat' dir='ltr'><strong><em>ad</em></strong></span> <span class='ocrx_word' id='word_1_900' title='bbox 2623 5915 2880 5972; x_wconf 79' lang='lat' dir='ltr'><strong><em>praesens</em></strong></span> <span class='ocrx_word' id='word_1_901' title='bbox 2911 5915 3075 5970; x_wconf 87' lang='lat' dir='ltr'><strong><em>opus.</em></strong></span> 
     </span>
    </p>
   </div>
  </div>
