4184 6426
361 389 435 448 31
857 386 1088 446 JOAN.
1137 385 1311 445 ALB.
1363 385 1707 447 GABRICII
1752 385 2080 448 NOTITIA
2127 386 2425 446 SCRIPT.
2475 383 2759 446 CONST.
2805 379 3304 442 PROPHYROG.
3712 377 3790 436 32

364 519 509 589 typis
539 518 829 588 vulgatum
852 532 981 584 esse,
1015 533 1101 572 me
1123 518 1270 571 latet.
1307 516 1475 571 Illum
1514 535 1642 572 vero
1683 521 1860 589 ipsum
1900 535 2012 574 esse
2051 519 2314 585 codicem,
2348 520 2442 589 qui
2482 518 2745 572 Budensis
2794 515 3052 571 librarios
3093 514 3446 583 supellectilis
3495 510 3794 565 uberrimae

366 612 529 678 atque
574 606 1064 677 praestantissimae
1111 605 1390 677 quondam
1434 607 1564 676 fuit,
1594 609 1865 680 Ungariw
1910 625 2102 677 regum
2151 624 2331 674 arma,
2362 618 2426 661 ut
2459 624 2630 679 supra
2680 605 2824 672 dixi,
2865 603 3170 675 gentilitia,
3207 604 3405 674 quibus
3451 618 3519 655 ea:
3568 608 3794 668 utroque

366 697 537 751 latere
583 695 890 766 splendent,
924 697 1298 765 comprobant.
1337 698 1396 750 In
1437 696 1638 751 ultima
1688 698 1840 752 urbis
1889 697 2055 752 Budm
2104 696 2511 769 expugnatione
2553 697 2750 766 aliqua
2797 694 3133 750 bibliothecae
3184 693 3390 746 rudera
3441 696 3793 759 recuperata,

367 800 489 856 quae
535 786 717 841 Julius
755 801 788 838 a
837 784 1030 853 P/lug/i~
1075 785 1156 855 (p)
1187 786 1491 856 descripsit,
1526 787 1618 841 sed
1661 803 1814 841 meus
1856 790 2023 841 codex
2065 803 2175 841 non
2237 789 2598 848 memoratur,
2648 800 2818 857 quare
2863 785 3022 852 longe
3083 787 3209 836 ante
3257 784 3505 835 evasisse
3559 785 3791 848 oportet.

371 876 574 943 Quibus
620 884 800 930 autem
838 877 972 944 fatis
1020 877 1076 928 in
1109 890 1255 930 meas
1290 875 1510 930 tandem
1559 893 1755 932 manus
1803 876 2096 942 devenerit,
2146 879 2400 948 equidem
2462 878 2673 945 ignoro.
2708 876 2920 944 Exiguo
2967 887 3082 929 ¢Z’re
3111 889 3145 926 a
3188 887 3274 926 me
3314 870 3621 940 redemptus
3659 866 3793 937 fuit,

365 962 426 1018 in
478 979 676 1034 magno
733 974 919 1018 autem
973 965 1154 1034 pretio
1210 966 1349 1018 mihi
1405 965 1657 1030 habetur,
1691 966 1897 1035 dignus
1939 967 2103 1020 etiam
2154 967 2252 1037 qui
2291 967 2466 1019 lucem
2495 963 2782 1035 publicam
2829 961 3030 1018 videat.
3066 962 3220 1029 Quod
3263 977 3336 1014 an
3385 975 3512 1013 mea
3546 972 3796 1028 unquam

366 1069 529 1123 opera
575 1057 686 1122 ﬁet,
717 1055 919 1117 nescio,
943 1056 1198 1124 exiguam
1251 1056 1400 1108 enim
1452 1057 1510 1108 in
1566 1054 1764 1110 Grmcis
1805 1057 2067 1110 notitiam
2118 1070 2292 1109 meam
2344 1054 2580 1124 ingenue
2625 1068 2882 1121 agnosco,
2925 1067 3100 1122 neque
3149 1051 3244 1122 qui
3300 1049 3457 1104 hodie
3511 1052 3799 1118 grassatur

368 1143 645 1198 scribendi
668 1143 921 1213 pruritus
949 1159 1037 1198 me
1069 1150 1232 1210 tenet,
1255 1152 1314 1198 ut
1341 1143 1622 1214 scriptoris
1651 1147 1734 1199 vel
1777 1144 2005 1200 editoris
2055 1160 2255 1201 nomen
2285 1144 2441 1198 nullo
2496 1144 2731 1214 reipubt.
2767 1141 3058 1198 litteraria:
3102 1139 3376 1195 commodo
3424 1145 3619 1192 temere
3657 1134 3800 1189 mihi

372 1249 637 1301 arrogare
665 1233 856 1288 velim.
892 1236 1118 1288 Interim
1150 1242 1339 1302 gratus
1366 1236 1506 1290 mihi
1538 1235 1691 1289 labor
1717 1238 1815 1299 est,
1848 1251 2008 1305 quem
2039 1251 2163 1289 cum
2194 1235 2295 1288 Dn.
2322 1234 2660 1290 Schneidero
2691 1233 2832 1288 dicto
2864 1231 3132 1296 Schmidt,
3157 1232 3272 1285 viro
3314 1233 3656 1292 Graecarum,
3689 1224 3800 1279 imo

376 1321 626 1376 omnium
670 1323 988 1376 litterarum
1034 1323 1391 1392 peritissimo,
1432 1323 1608 1377 codici
1635 1323 1910 1394 impendo.
1944 1324 2131 1393 Huius
2170 1324 2462 1378 industria
2495 1324 2647 1391 (nam
2687 1338 2805 1376 mea
2849 1337 3015 1391 quam
3047 1320 3264 1388 confero
3315 1317 3565 1388 symbola
3598 1315 3800 1385 exigua

374 1411 458 1465 vel
488 1411 689 1482 nulla),
721 1413 924 1482 prioris
966 1415 1129 1482 atque
1176 1412 1434 1468 dimidia:
1464 1414 1631 1466 etiam
1674 1414 1854 1484 partis
1881 1414 2102 1467 secundi
2147 1417 2413 1466 tractatus
2456 1414 2629 1467 versio
2661 1413 2787 1481 jam
2815 1410 3109 1464 delineata.
3139 1408 3304 1462 Rudis
3333 1423 3394 1462 ea
3435 1406 3677 1477 quidem,
3709 1403 3804 1458 sed

372 1501 628 1555 secundis
656 1503 824 1564 curis,
859 1510 908 1556 et
933 1501 983 1555 si
1011 1503 1199 1571 plura,
1234 1518 1396 1572 quam
1425 1519 1595 1573 supra
1624 1520 1656 1556 a
1684 1519 1772 1557 me
1799 1505 2110 1570 nominata,
2137 1504 2411 1573 glossaria
2431 1505 2590 1556 nacti
2617 1504 2825 1557 erimus
2857 1501 3190 1570 expotietur.

446 1595 737 1644 Hactenus
784 1588 1121 1645 Uﬂ'enbach.
1175 1623 1245 1630 ——
1287 1590 1435 1645 Illud
1485 1608 1631 1661 opus
1682 1608 1915 1663 quoque
1961 1591 2228 1647 editurus
2279 1596 2404 1646 erat
2455 1591 2642 1646 Maius
2693 1606 2828 1645 cum
2875 1590 3139 1644 versione
3189 1603 3296 1642 sua
3336 1587 3540 1640 Latina
3568 1583 3805 1653 suisque

377 1678 1004 1733 animadversionibus.
1036 1680 1146 1733 Sed
1189 1695 1293 1734 nec
1335 1680 1384 1733 is
1418 1681 1488 1734 ad
1531 1681 1748 1734 exitum
1799 1681 2071 1751 perduxit
2112 1681 2391 1736 laborem.
2428 1683 2520 1744 At,
2566 1679 2751 1734 Musis
2803 1677 3158 1744 faventibus,
3203 1677 3382 1730 codex
3432 1673 3529 1728 ille
3579 1671 3808 1725 delatus

377 1775 462 1822 est
495 1767 554 1822 in
581 1767 720 1822 bibl.
763 1776 997 1822 senatus
1045 1767 1378 1838 Lipsiensis,
1415 1769 1514 1839 qui
1571 1769 1782 1824 edendi
1835 1771 2028 1840 operis
2060 1786 2260 1825 curam
2293 1769 2532 1824 tandem
2567 1785 2666 1840 per
2710 1767 3066 1823 Mascovium
3108 1764 3487 1820 demandavit
3528 1762 3618 1817 Jo.
3653 1760 3808 1815 Hen—

380 1856 540 1911 richo
601 1856 870 1910 Leichio:
932 1857 1033 1927 qui
1085 1858 1210 1926 jam
1269 1857 1467 1912 libello
1527 1858 1599 1913 De
1650 1857 1928 1929 diptychis
1974 1863 2102 1913 vett.
2150 1859 2304 1930 Lips.
2354 1859 2514 1923 1743,
2547 1874 2681 1928 pag.
2716 1857 2783 1911 10
2832 1873 2980 1927 sqq.,
3010 1855 3258 1925 primam
3315 1852 3588 1908 editionis
3642 1864 3806 1920 spem

382 1946 595 2000 fecerat
641 1950 697 1999 et
742 1949 934 2000 totum
984 1951 1156 2018 caput
1205 1947 1722 2018 quadragesimum
1750 1943 2015 2003 secundi
2066 1948 2201 2002 libri
2251 1953 2498 2017 utroque
2527 1947 2796 2018 vulgarat
2831 1961 3137 2011 sermone;
3184 1943 3419 1999 biennio
3451 1947 3643 1997 autem
3680 1946 3808 2009 post

379 2034 565 2104 ipsam
620 2034 958 2090 ordiehatur
999 2035 1337 2091 editionem.
1375 2036 1470 2091 Ille
1520 2053 1655 2093 vero
1702 2053 1856 2105 cum,
1892 2039 2153 2093 nondum
2205 2039 2476 2093 absoluta
2523 2037 2770 2092 dimidia
2817 2037 3008 2108 operis
3054 2039 3236 2106 parte,
3277 2033 3423 2089 vivis
3469 2031 3806 2101 eriperetur,

378 2123 587 2178 Reiske
635 2124 928 2190 suffectus,
975 2123 1203 2195 reliqua
1241 2141 1272 2179 a
1317 2141 1448 2196 pag.
1488 2126 1594 2179 217
1643 2126 1783 2181 tomi
1816 2126 1836 2181 Ι
1882 2127 2083 2182 Latine
2134 2127 2436 2195 convertit,
2468 2131 2526 2182 et
2555 2125 2996 2183 commentarios
3028 2123 3339 2180 historicos
3372 2126 3547 2192 atque
3572 2119 3806 2173 eriticos

380 2216 502 2266 tam
528 2212 732 2268 doctos
755 2228 926 2283 quam
961 2213 1228 2283 copiosos
1268 2219 1425 2269 tomo
1468 2215 1516 2269 II
1557 2215 1784 2284 adjecit.
1822 2216 1970 2272 Nam
2021 2216 2262 2284 Leichii,
2295 2217 2466 2286 cujus
2508 2232 2684 2286 opera
2741 2215 3109 2286 potissimum
3160 2212 3505 2269 versabatur
3553 2208 3613 2262 in
3668 2224 3810 2262 con-

379 2301 674 2356 stituenda
719 2301 968 2357 lectione
1016 2311 1069 2356 et
1122 2303 1320 2358 Latina
1369 2304 1872 2375 interpretatione,
1924 2306 2463 2362 animadversiones
2516 2307 2746 2362 intexta:
2797 2309 2936 2360 sunt
2984 2305 3298 2360 admodum
3346 2317 3562 2372 paucas.
3619 2297 3813 2352 Editio

390 2398 584 2446 autem
616 2390 735 2458 illa,
771 2392 942 2446 etiam
977 2391 1286 2463 hucusque
1331 2396 1523 2465 unica,
1557 2400 1646 2451 est
1690 2397 1970 2467 inscripta
2002 2413 2017 2452 :
2069 2398 2418 2453 Constantini
2459 2397 2995 2469 Porphyrogenneti,
3029 2397 3160 2466 imp.
3195 2389 3818 2461 Constantinopolitani,

387 2480 522 2535 libri
559 2480 663 2535 duo
709 2483 774 2535 de
824 2481 1158 2538 Cerimoniis
1205 2485 1355 2540 aulae
1405 2487 1746 2556 Byzantium.
1798 2488 2075 2542 Prodeunt
2113 2505 2264 2542 nunc
2305 2487 2552 2558 primum
2599 2488 2786 2544 Graece
2829 2504 2956 2542 cum
3005 2487 3206 2541 Latina
3264 2483 3719 2554 interpretatione
3767 2483 3825 2534 et

382 2572 815 2626 commentariis.
852 2570 1136 2628 Curarunt
1173 2575 1254 2628 Jo.
1305 2575 1469 2630 Henr.
1523 2576 1772 2632 Leichius
1820 2585 1871 2632 et
1915 2578 2003 2633 Jo.
2050 2579 2167 2632 Jac.
2204 2577 2474 2633 Reiskius.
2510 2580 2704 2633 Tomus
2735 2577 2953 2647 primus
2991 2576 3275 2632 continens
3318 2574 3520 2629 librum
3549 2573 3820 2642 primum.
3857 2641 3860 2643 Α

383 2659 592 2730 Lipsiae
625 2676 694 2714 ex
723 2660 875 2716 offic.
901 2659 1002 2716 lib.
1035 2679 1052 2716 ι
1103 2663 1191 2718 Fr.
1241 2663 1602 2721 Gleditschii.
1637 2668 1868 2722 Prostat
1916 2666 2098 2735 Paris,
2125 2666 2283 2738 apud
2327 2667 2623 2733 Briasson,
2658 2667 2709 2722 le
2756 2668 2989 2735 Breton,
3031 2665 3261 2720 Durand
3309 2668 3366 2719 et
3406 2661 3582 2716 David
3618 2658 3812 2713 l’ainé.

378 2750 446 2802 A.
483 2748 644 2817 1751,
678 2750 816 2820 maj.
853 2748 950 2806 fol.
986 2781 1052 2792 —
1086 2751 1276 2806 Tomus
1317 2754 1584 2809 secundus
1630 2758 1924 2811 continens
1973 2756 2181 2811 librum
2225 2756 2552 2812 secundum.
2587 2755 2737 2811 Ibid.
2774 2756 2929 2811 17511.
2971 2756 3222 2825 Longam
3252 2751 3394 2808 torni
3431 2751 3451 2804 Ι
3485 2762 3820 2812 censuram,

377 2837 577 2893 multis
628 2853 696 2892 ex
745 2854 918 2909 opere
971 2841 1226 2897 redactis
1274 2845 1560 2915 excerptis
1591 2849 1650 2900 et
1698 2846 2069 2917 interspersis
2101 2845 2238 2902 hinc
2285 2846 2420 2902 inde
2470 2845 3089 2910 animadversionibus,
3122 2843 3255 2899 fecit
3297 2843 3350 2897 J.
3387 2843 3458 2894 M.
3503 2840 3822 2906 Gesnerus,

389 2927 445 2981 in
498 2925 898 2983 Relationibus
944 2929 1015 2984 de
1063 2929 1230 2986 libris
1281 2932 1467 3000 novis,
1500 2950 1553 2988 a.
1608 2934 1767 3002 1752,
1799 2934 2061 3006 Gotting.
2093 2935 2206 2991 vol.
2258 2938 2304 3001 Ι,
2353 2936 2493 2992 fasc.
2528 2953 2606 3008 iv,
2638 2953 2694 3008 p.
2727 2936 2994 3002 390-416,
3037 2939 3094 2990 et
3138 2932 3283 2989 tomi
3317 2931 3366 2987 Il
3413 2943 3723 2986 censuram
3757 2926 3823 2982 in

389 3013 502 3069 vol.
537 3015 609 3082 ll,
641 3013 786 3071 fasc.
819 3031 898 3083 Ix,
932 3032 985 3071 a.
1020 3017 1183 3087 1754,
1218 3034 1348 3089 pag.
1379 3021 1508 3087 249,
1540 3020 1666 3075 288.

457 3102 668 3157 Reiske
698 3103 754 3157 in
798 3105 1017 3174 praefat.
1049 3107 1121 3160 ad
1152 3106 1264 3161 vol.
1302 3109 1322 3161 Ι
1352 3110 1587 3177 copiose
1617 3108 1875 3176 disserit,
1910 3111 1961 3166 1.
1996 3111 2066 3166 de
2098 3111 2233 3167 fatis
2263 3111 2445 3183 hujus
2475 3114 2710 3184 operis;
2750 3115 2804 3166 2.
2838 3113 2908 3168 de
2958 3116 3296 3183 arguments
3325 3108 3481 3164 libri.
3516 3109 3672 3162 Inter
3701 3104 3825 3160 alia.

391 3191 512 3263 agit
542 3191 613 3246 de
638 3192 804 3248 Petro
840 3195 1138 3264 magistro,
1172 3211 1241 3250 ex
1288 3197 1460 3266 cujus
1505 3214 1692 3268 opere,
1730 3201 1951 3256 dudum
2012 3218 2043 3272 p

2180 3202 2468 3272 leperdito
2522 3203 2744 3267 habito,
2777 3201 2906 3273 Περὶ
2951 3199 3248 3268 πολιτικῆς
3297 3197 3698 3263 καταστάσεως,
3751 3196 3832 3249 De

389 3283 789 3337 constitutione
817 3283 1003 3338 civilis
1047 3285 1489 3352 gubernationis.
1523 3288 1609 3358 (V.
1644 3305 1824 3361 supra
1868 3291 1929 3345 in
1977 3291 2089 3347 vol.
2123 3293 2247 3358 VII,
2280 3308 2411 3363 pag.
2443 3292 2550 3348 538
2599 3295 2713 3364 sq.)
2745 3297 2921 3347 Putat
2962 3293 3169 3347 Reiske
3211 3308 3278 3346 ea
3327 3290 3549 3355 omnia,
3584 3303 3711 3357 quae
3761 3285 3830 3339 in

388 3367 498 3424 hoc
530 3371 896 3425 Constantini
947 3373 1320 3429 Gsrimoniali
1373 3392 1405 3430 a
1436 3393 1569 3448 pag.
1603 3378 1726 3444 225,
1763 3377 1873 3434 vol.
1912 3380 1950 3448 l,
1984 3396 2106 3450 cap.
2146 3381 2236 3446 84,
2272 3397 2460 3452 usque
2504 3382 2571 3436 ad
2608 3398 2736 3453 pag.
2770 3383 2897 3443 251,
2931 3397 3057 3451 cap.
3086 3382 3156 3434 96
3203 3379 3492 3449 leguntur,
3521 3377 3658 3430 item
3691 3389 3830 3442 cap-

390 3458 521 3513 libri
565 3457 858 3528 ultimum,
908 3465 964 3515 et
1012 3463 1157 3518 forte
1209 3478 1436 3535 quoque
1483 3465 1599 3520 alia
1628 3467 1796 3537 plura
1843 3484 1972 3524 esse
2003 3469 2291 3541 decerpta.
2349 3470 2508 3525 Idem
2553 3471 2722 3542 plura
2770 3469 2903 3536 alia,
2937 3474 3135 3526 notatu
3185 3467 3552 3539 dignissima,
3586 3479 3713 3534 quae
3759 3462 3834 3516 in

393 3547 497 3601 hoc
528 3562 702 3618 opere
733 3555 1098 3621 enarrantur,
1133 3554 1388 3624 exponit.
1421 3555 1474 3609 3.
1508 3555 1589 3611 De
1619 3556 2005 3628 inscriptione
2035 3558 2218 3629 hujus
2250 3559 2409 3614 libri.
2439 3561 2492 3613 4.
2513 3559 2592 3616 De
2621 3565 2853 3615 auctore
2885 3559 3041 3614 libri.
3075 3559 3371 3614 Constant.
3400 3555 3677 3624 Porphyr.
3703 3567 3831 3606 non

395 3651 582 3690 unum
615 3653 740 3692 esse
770 3637 968 3708 hujus,
1001 3640 1156 3710 quod
1191 3657 1343 3696 nunc
1375 3643 1617 3699 terimus
1650 3660 1850 3711 manu,
1882 3646 2099 3716 operis,
2131 3664 2179 3702 s.
2207 3648 2573 3717 συστήματος,
2605 3652 2924 3714 auctorem,
2956 3645 3186 3712 Reiske,
3222 3650 3284 3700 ut
3317 3660 3496 3712 supra
3522 3643 3638 3709 jam
3673 3636 3828 3691 indi-

391 3728 670 3796 cavimus,
708 3727 850 3784 bene
881 3731 1166 3802 doctaque
1215 3732 1656 3790 demonstravit.
1688 3735 1743 3790 5.
1787 3734 1866 3791 De
1912 3736 2185 3792 exhibitis
2237 3737 2298 3792 in
2328 3737 2438 3793 hoc
2470 3737 2764 3793 volumine
2794 3742 2852 3792 et
2883 3737 2940 3791 in
2993 3741 3267 3792 secuturo
3300 3734 3404 3804 (ll)
3454 3729 3822 3786 exhibendis.

396 3815 754 3873 Promiserat
796 3817 1006 3873 Reiske
1038 3835 1170 3891 pag.
1205 3837 1240 3874 x
1270 3820 1384 3878 vol.
1418 3822 1458 3888 Ι,
1513 3822 2053 3880 animadversiones
2108 3824 2412 3880 historicas
2443 3827 2502 3880 in
2555 3834 2734 3881 totum
2769 3842 2914 3898 opus
2945 3841 3080 3882 cum
3116 3823 3439 3879 Leichianis
3470 3825 3527 3874 et
3571 3816 3827 3872 indicem

395 3904 756 3975 Graecitatis;
799 3907 895 3960 sed
932 3907 990 3961 in
1022 3907 1135 3962 vol.
1171 3911 1220 3964 II
1253 3910 1322 3964 ad
1381 3910 1557 3966 ﬁnem
1589 3910 1721 3967 libri
1769 3912 1946 3983 primi
1996 3915 2550 3970 commentariorum
2601 3915 3098 3985 (doctissimorum
3130 3911 3370 3968 omnino
3404 3914 3458 3964 et
3489 3903 3828 3977 copiosissi-

399 3996 654 4064 morum)
686 3994 860 4050 telam
903 3995 1157 4068 abrupit.
1191 4000 1254 4053 In
1287 4001 1620 4068 praefatione
1652 4001 1893 4071 quidem
1935 4003 2005 4056 ad
2038 4003 2150 4058 vol.
2184 4004 2234 4057 ΙΙ
2264 4019 2427 4075 spem
2481 4005 2693 4059 fecerat
2749 4003 3062 4060 voluminis
3111 4002 3207 4069 IlI,
3233 4000 3385 4072 quod
3419 3995 3728 4066 implerent
3761 4009 3832 4047 ea

400 4098 525 4153 quae
555 4083 628 4137 ad
659 4085 984 4140 secundum
1019 4086 1235 4143 librum
1267 4093 1324 4144 et
1354 4088 1527 4160 primi
1563 4091 1966 4161 appendicem,
1992 4108 2040 4147 s.
2068 4098 2356 4164 praecepta
2380 4093 2678 4163 militaria,
2704 4110 2827 4164 quia
2850 4095 2908 4148 in
2940 4093 3068 4150 cod.
3093 4093 3296 4147 eodem
3323 4088 3557 4143 initium
3584 4083 3830 4149 faciunt,

404 4171 648 4227 dicendo
697 4181 1089 4245 superessent,
1123 4193 1256 4232 cum
1305 4178 1619 4248 indicibus,
1653 4181 1800 4235 forte
1849 4197 2076 4252 quoque
2124 4183 2411 4253 excerptis
2462 4183 2733 4239 Chronici
2766 4182 2947 4239 Graeci
2991 4181 3200 4237 inediti
3239 4177 3468 4248 Georgii
3514 4172 3835 4229 Hamartoli

405 4261 481 4332 (v.
534 4275 734 4334 supra,
769 4264 878 4319 vol.
912 4266 1035 4334 VII,
1068 4282 1200 4338 pag.
1235 4267 1339 4322 463
1388 4268 1522 4340 sq.),
1555 4269 1710 4340 quod
1759 4270 1818 4324 in
1868 4270 2007 4326 bibl.
2044 4271 2267 4342 Lipsica
2316 4273 2566 4328 Senatus
2609 4273 2760 4328 inter
2790 4272 2958 4327 codd.
2993 4271 3091 4326 Gr.
3127 4273 3341 4325 msstos
3383 4263 3690 4336 reperitur.
3723 4261 3835 4314 Sed

401 4366 504 4406 cur
535 4353 770 4409 tertium
803 4353 951 4409 illud
984 4357 1202 4422 volum,
1235 4357 1544 4427 (quantum
1596 4358 1871 4430 equidem
1923 4359 2064 4432 scio)
2100 4360 2290 4416 lucem
2323 4379 2438 4417 non
2491 4366 2802 4433 aspexerit,
2839 4360 3063 4428 nescio;
3099 4363 3155 4415 et
3198 4364 3392 4413 tamen
3423 4355 3598 4410 index
3629 4350 3835 4423 impri-

404 4439 517 4494 mis
550 4441 707 4498 ulilis
739 4447 795 4498 et
824 4458 960 4498 vero
993 4445 1362 4501 necessarius
1395 4448 1558 4502 foret.
1591 4447 1854 4519 De'hique
1886 4449 1954 4503 de
1985 4450 2205 4504 tabulis
2242 4451 2436 4518 aeneis,
2471 4452 2669 4521 prima:
2698 4451 2849 4523 parti
2892 4451 3069 4521 hujus
3100 4447 3290 4520 operis
3323 4445 3579 4513 insertis,
3609 4441 3838 4496 addidit

403 4527 880 4587 admonitionem.
918 4535 1245 4590 Prmfationi
1277 4535 1524 4606 subjecit
1553 4541 1610 4592 et
1652 4539 1852 4592 recudi
1905 4539 2039 4593 fecit
2086 4539 2319 4594 doctam
2362 4540 2577 4596 Leichii
2624 4541 3028 4611 dissert.,jam
3062 4557 3113 4595 a.
3169 4538 3306 4593 1746
3335 4535 3577 4599 editam,
3611 4534 3684 4587 De
3723 4533 3840 4585 vita

405 4621 456 4672 et
485 4619 646 4673 rebus
673 4624 841 4690 gestis
890 4623 1238 4680 Constantini
1283 4626 1825 4698 Porphyrogenneli,
1858 4629 2210 4700 imperatoris
2260 4631 2577 4702 Byzantini.
2629 4632 2739 4686 Sed
2789 4631 3072 4686 hactenus
3121 4631 3189 4685 de
3246 4628 3346 4683 illo
3409 4641 3581 4696 opere
3638 4626 3834 4678 Const.

411 4707 960 4780 Porphyrogenneti.
981 4715 1162 4771 ΒΑΜ.

481 4796 545 4850 In
576 4797 718 4852 bibl.
751 4799 969 4856 Veneta
998 4805 1169 4858 Marc.
1221 4806 1356 4862 cod.‘
1400 4807 1527 4876 634,
1591 4807 1775 4863 ehart.
1810 4824 1941 4865 sese.
1978 4809 2112 4865 circ.
2164 4827 2280 4875 xvr,
2319 4810 2578 4866 continet
2616 4810 2837 4878 (nescio
2868 4811 3058 4879 cujus)
3095 4807 3283 4878 ofﬁcia
3327 4806 3477 4862 aulae
3520 4803 3838 4860 CPolitanzz

409 4892 461 4941 et
491 4886 651 4942 Festa
679 4892 841 4959 atque
861 4891 1131 4947 solemnia
1158 4895 1396 4962 eiusdem
1427 4897 1592 4965 aulae,
1625 4901 1774 4954 teste
1803 4897 2109 4954 Villoison.
2144 4899 2202 4954 in
2237 4900 2438 4956 Anecd.
2476 4898 2590 4969 Gr.,
2623 4903 2760 4953 tom.
2793 4899 2861 4967 ll,
2895 4915 3024 4970 pag.
3057 4899 3182 4953 248.
3215 4897 3393 4952 Hann.

2004 5016 2233 5072 ΝΟΤᾸΞ.

414 5100 695 5246 mgis}:
727 5105 988 5250 gpésggl;
1020 5110 1090 5164 ad
1150 5110 1648 5180 Seckendorﬂum,
1701 5130 1829 5185 quas
1875 5119 2062 5170 exstat
2106 5121 2250 5171 tom.
2300 5118 2347 5171 II
2380 5114 2744 5172 collectionis
2795 5116 3449 5176 Madero-Schmidianm
3505 5119 3584 5172 De
3641 5115 3840 5172 biblio-
