4184 6430
366 391 3869 426 m

523 654 1903 816 CONSTANTINI
2089 667 2175 816 P

2089 659 3442 820 PORPHIROGEN
3467 665 3725 816 l'l‘l

1748 1034 2576 1130 IMPERATORIS

1146 1331 1296 1416 DE
1355 1329 2066 1420 CEREMONIIS
2121 1333 2462 1420 AULZE
2523 1335 3178 1422 BYZANTIN/E

1976 1593 2169 1651 LIBRI
2208 1594 2348 1651 DUO

649 1816 872 1854 GRxECE
915 1816 990 1856 ΕΤ
1047 1816 1259 1856 LATINE
1294 1817 1326 1854 Ε
1364 1817 1711 1858 RECENSIONE
1756 1819 1918 1858 JOAN.
1957 1820 2074 1859 JAC.
2118 1819 2356 1874 REISKII,
2389 1823 2511 1862 CUM
2551 1824 2809 1865 EJUSDEM
2866 1823 3296 1866 COMMENTARIIS
3338 1826 3625 1866 INTEGRIS.

2127 2082 2200 2094 -α

1663 2304 1726 2358 Β.
1767 2303 1834 2359 G.
1878 2304 2251 2362 NIEBUHRII
2294 2306 2672 2366 PR/EF‘ATIO

1875 2528 1998 2598 (Ed.
2036 2528 2222 2585 Bonn.
2271 2530 2456 2600 1829.)

498 2783 582 2838 De
610 2781 998 2839 Constantino
1033 2779 1594 2852 Porphyrogenneto
1625 2779 2002 2851 imperatore,
2037 2781 2106 2836 de
2137 2780 2301 2837 libris
2332 2780 2546 2853 quibus
2582 2783 2722 2837 ordo
2756 2781 2900 2846 aulae
2935 2783 3248 2853 Bysantinm
3283 2783 3630 2852 declaratur,
3665 2785 3768 2854 qui
3800 2787 3873 2840 ad

441 2870 609 2924 illum
637 2879 926 2925 auctorem
962 2870 1326 2934 referuntur,
1359 2884 1683 2939 eorumque
1714 2869 1910 2924 codice
1941 2869 2256 2940 Lipsiensi,
2289 2869 2459 2941 plene
2489 2869 2932 2941 luculenterque
2954 2887 2985 2923 a
3017 2870 3250 2925 Leichio
3305 2870 3660 2962 lteiskioque
3706 2887 3882 2943 expo-

452 2962 630 3015 situm
659 2969 771 3016 est:
800 2978 904 3017 nos
936 2959 1199 3015 breviter
1231 2957 1676 3029 explicabimus,
1710 2959 1832 3014 haec
1855 2959 2030 3015 editio
2062 2960 2417 3031 quibusnam
2451 2959 2686 3017 dotibus
2715 2960 2802 3017 illi
2841 2965 3078 3032 praestet
3127 2977 3256 3031 qua:
3306 2965 3364 3015 et
3415 2957 3688 3033 princeps
3739 2961 3875 3027 fuit,

452 3055 507 3105 et
537 3050 800 3104 hactenus
830 3050 1030 3105 unica.
1063 3052 1232 3102 Hanc
1264 3064 1296 3102 a
1330 3047 1556 3103 Leichio
1589 3053 1860 3119 emptam,
1895 3047 2328 3120 immaturaque
2363 3051 2491 3120 ejus
2524 3054 2710 3105 morte
2741 3050 3044 3120 abruptam
3077 3067 3110 3104 a
3145 3049 3380 3104 Reiskio
3413 3051 3483 3104 ad
3516 3049 3695 3105 ﬁnem
3728 3050 3878 3105 tomi

448 3139 688 3194 secundi
718 3139 1082 3208 perductam,
1116 3135 1356 3191 tertium
1392 3135 1683 3192 voluntate
1713 3135 2044 3208 bibliopolae
2080 3138 2181 3208 qui
2223 3139 2304 3193 rei
2354 3137 2664 3194 familiaris
2707 3140 2995 3209 jacturam
3051 3139 3251 3210 augeri
3315 3137 3550 3193 nolebat
3596 3139 3881 3195 omissum

448 3243 600 3294 esse,
631 3228 939 3283 notissima
970 3242 1064 3281 res
1096 3231 1204 3281 est.
1242 3224 1533 3291 Leicbius,
1567 3242 1742 3297 pravo
1773 3225 2019 3281 consilio
2053 3243 2217 3296 usus,
2249 3228 2332 3283 ita
2362 3229 2620 3284 conﬁsus
2650 3233 2736 3284 est
2763 3228 3096 3301 apographo
3119 3244 3218 3298 per
3247 3227 3570 3282 Draudium
3595 3228 3880 3297 confecto,

451 3324 514 3374 ut
543 3319 638 3372 vix
669 3317 979 3387 inapiceret
1009 3316 1268 3372 codicem
1299 3315 1467 3386 cujus
1499 3317 1799 3387 praesentis
1831 3318 1996 3387 copia
2034 3323 2178 3381 erat,
2211 3320 2525 3374 editionem
2559 3323 2714 3374 certe
2765 3320 2934 3375 unice
2981 3319 3052 3373 ad
3103 3318 3252 3372 illud
3305 3317 3457 3390 typis
3503 3317 3875 3372 exscriberet.

454 3408 568 3463 Sed
605 3406 890 3473 Reiskius,
924 3413 1194 3476 suscepta
1223 3406 1418 3477 operis
1449 3421 1610 3476 cura,
1644 3405 1793 3459 nihil
1823 3405 2127 3476 antiquius
2155 3423 2285 3463 esse
2335 3407 2503 3465 duxit
2550 3407 2861 3464 collatione
2911 3405 3150 3476 codicis,
3182 3408 3335 3463 unde
3385 3423 3560 3476 quam
3606 3405 3877 3476 plurimis

459 3497 606 3554 locis
636 3497 984 3552 icedissimos
1014 3511 1239 3552 errores
1269 3495 1554 3564 correxit;
1587 3495 1773 3551 incisa
1800 3497 2045 3568 integra,
2077 3501 2314 3569 propter
2343 3495 2735 3569 ὁμοιοτέλευτα
2766 3498 3110 3571 praesertim,
3145 3497 3382 3566 omissa,
3414 3497 3709 3565 restituit;
3743 3514 3869 3568 quae

442 3590 649 3646 omnia
681 3589 738 3642 in
769 3586 1194 3644 commentario
1226 3591 1496 3642 accurate
1528 3586 1830 3654 indicavit,
1863 3588 1921 3641 in
1955 3587 2145 3658 priore
2176 3594 2340 3660 parte
2369 3606 2498 3660 quae
2522 3591 2650 3661 jam
2674 3605 2704 3645 e
2734 3590 2892 3660 prelo
2916 3589 3136 3645 exierat
3155 3589 3464 3644 emendare
3498 3604 3615 3642 non
3648 3587 3877 3641 licebat.

445 3678 560 3749 Ego
593 3696 627 3733 a
655 3677 932 3734 Classeno
965 3693 1092 3732 meo
1125 3675 1432 3748 impetravi
1465 3682 1528 3732 ut
1556 3675 1766 3732 vitiosa
1798 3678 2156 3745 emendaret,
2194 3695 2403 3734 manca
2435 3680 2755 3751 suppleret,
2787 3697 2914 3751 quae
2940 3696 3009 3734 ex
3039 3695 3212 3750 prave
3243 3677 3456 3734 Graecis
3513 3676 3666 3732 male
3718 3694 3886 3732 versa

439 3777 656 3834 essent,
689 3767 1040 3839 corrigeret;
1076 3767 1275 3822 omnia
1299 3781 1366 3820 ex
1402 3769 1592 3822 mente
1628 3765 1844 3820 Reiskii
1873 3782 1886 3819 :
1919 3768 2086 3837 cujus
2119 3767 2202 3822 rei
2234 3774 2292 3823 et
2322 3768 2485 3824 labor
2517 3769 2624 3823 fuit
2656 3786 2774 3824 non
2796 3769 3062 3840 exiguus,
3097 3773 3155 3822 et
3183 3768 3407 3822 fructus
3449 3781 3590 3822 sane
3623 3766 3876 3836 amplus.

442 3861 508 3914 In
541 3859 926 3930 sequentibus
957 3874 1087 3930 quas
1120 3857 1398 3912 Reiskius
1427 3855 1554 3927 ipse
1586 3857 1902 3926 accuravit,
1921 3857 2073 3912 nihil
2095 3866 2322 3914 mutare
2344 3859 2584 3930 placuit,
2609 3877 2948 3931 quanquam
2973 3860 3091 3926 ille,
3115 3876 3246 3915 cum
3268 3864 3538 3930 portenta
3561 3856 3875 3922 scribendi,

447 3949 648 4022 qualia
693 3950 752 4004 in
785 3949 982 4005 codice
1016 3952 1271 4017 exstant,
1303 3948 1760 4020 manifestosque
1810 3964 2056 4010 errores,
2108 3948 2487 4022 relinqueret,
2550 3951 2660 4006 sibi
2692 3951 3090 4023 ipsi,meeque
3117 3949 3525 4005 consuetudini
3553 3948 3880 4003 contrarius

441 4042 639 4097 fuerit.
672 4040 780 4095 Sed
814 4041 1081 4096 nolebam
1115 4039 1453 4095 festinatius
1495 4055 1684 4110 agere,
1737 4039 1890 4111 quod
1942 4039 2131 4096 facere
2181 4041 2544 4110 debuissem,
2589 4042 2706 4098 otio
2755 4041 3114 4110 destitutus;
3167 4041 3362 4112 itaque
3410 4039 3874 4105 incommodum,

443 4133 607 4205 quod
639 4131 823 4187 levius
855 4132 988 4188 mihi
1019 4131 1338 4196 videretur,
1369 4130 1540 4202 elegi.
1578 4130 1724 4186 Cum
1751 4146 1884 4186 vero
1914 4132 2291 4188 concedimus
2315 4150 2429 4188 non
2462 4149 2592 4190 esse
2622 4133 2785 4188 omni
2819 4149 3060 4189 numero
3094 4133 3424 4188 absolutam
3475 4131 3872 4188 recensionem

442 4221 694 4289 Reiskii,
723 4221 1130 4277 commentarii
1159 4220 1436 4276 laudibus
1468 4219 1614 4276 nihil
1646 4237 1791 4276 sane
1822 4221 2173 4292 detrahitur,
2205 4239 2322 4294 quo
2355 4223 2450 4279 ille
2472 4239 2562 4279 res
2585 4223 3035 4280 obscurissimas
3057 4228 3336 4300 extraque
3367 4238 3742 4279 communem
3775 4237 3873 4277 co-

440 4312 770 4385 gnitionem
801 4311 1018 4382 positas
1051 4311 1132 4366 ita
1161 4310 1469 4381 eXplicavit
1502 4314 1564 4364 ut
1591 4309 1954 4382 Lessingius,
1985 4310 2163 4366 etiam
2196 4314 2253 4366 in
2287 4311 2382 4368 his
2411 4311 2616 4369 litteris
2645 4312 3122 4386 sapientissimus
3147 4301 3350 4382 judex,
3385 4335 3413 4363 ‹‹
3463 4311 3874 4366 admirandum

442 4417 572 4459 esse
605 4418 774 4472 opus,
806 4407 862 4456 et
891 4399 1378 4456 luculentissimis
1407 4399 1588 4469 hujus
1619 4400 1850 4470 generis
1882 4399 2389 4471 mquiparandum,
2426 4423 2456 4452 »
2511 4402 2927 4472 pronuntiarit.
2960 4401 3147 4471 Hujus
3197 4399 3604 4457 commentarii
3654 4404 3876 4468 partem

438 4491 843 4562 posteriorem,
894 4504 1018 4560 qua
1077 4487 1476 4560 Appendicem
1525 4486 1662 4542 libri
1715 4488 1911 4558 primi,
1953 4489 2402 4562 secundumque
2451 4491 2744 4563 integrum
2795 4491 3190 4563 persequitur,
3243 4493 3375 4560 post
3421 4504 3642 4544 annum
3702 4487 3793 4554 75,
3847 4503 3877 4542 e

438 4581 674 4638 schedis
704 4579 946 4644 Reiskii,
979 4579 1040 4635 in
1070 4578 1371 4635 volumine
1399 4578 1575 4649 hujus
1617 4578 1802 4649 partis
1851 4579 2113 4635 secundo
2155 4585 2413 4653 ereptam
2464 4580 2741 4638 oblivioni
2773 4583 2830 4638 in
2877 4582 3067 4638 lucem
3119 4581 3450 4651 proferam;
3501 4578 3679 4650 idque
3729 4578 3876 4633 mihi

441 4673 823 4746 potissimum
856 4670 1200 4742 contigisse,
1234 4673 1472 4741 prOpter
1502 4673 1802 4739 paternam
1852 4669 2173 4726 amicitiam
2224 4670 2612 4744 pietatemque
2660 4689 2776 4744 qua
2825 4672 2962 4728 inde
3009 4690 3041 4727 a
3092 4669 3344 4742 pueritia
3389 4669 3732 4726 memoriam
3773 4669 3882 4724 viri

434 4763 601 4818 unici
636 4769 833 4819 sancte
863 4763 1054 4820 colere
1086 4767 1359 4817 assuetus
1399 4777 1556 4829 sum,
1590 4760 1961 4816 vehementer
2009 4760 2191 4817 laator.
2243 4762 2448 4819 Fateor
2492 4780 2632 4820 sane
2684 4765 2882 4819 multis
2928 4763 3070 4818 locis
3108 4761 3343 4818 nonnisi
3400 4762 3677 4819 inchoata
3723 4777 3872 4816 esse.

436 4844 596 4910 limae
629 4861 874 4925 servata,
906 4870 1081 4926 quam
1113 4853 1363 4924 scriptor
1394 4853 1782 4922 adhibuisset,
1815 4851 1931 4908 nisi
1963 4851 2286 4926 bibliopola
2315 4871 2448 4911 eum
2480 4855 2881 4912 destituisset:
2916 4871 3119 4910 verum
3147 4854 3204 4908 id
3249 4854 3426 4912 nitori
3470 4855 3669 4926 potius
3701 4869 3880 4924 quam

439 4945 632 5014 pretio
664 4945 857 5014 operis
889 4944 1075 4999 obest.

513 5032 790 5088 Codicem
818 5031 1034 5104 ipsum,
1070 5036 1136 5087 ut
1163 5029 1374 5104 inspici
1406 5038 1598 5100 posset
1623 5029 1724 5085 ubi
1754 5045 1902 5101 opus
1928 5029 2096 5097 foret,
2131 5031 2326 5104 Lipsia
2363 5034 2780 5088 transmissum
2815 5047 2960 5102 esse,
3014 5032 3334 5103 Blumneri,
3368 5048 3423 5085 ν.
3479 5029 3578 5098 οΙ.,
3613 5029 3882 5085 humani-

434 5120 548 5176 tati
582 5120 1029 5193 litterarumque
1060 5121 1267 5188 amori,
1299 5128 1374 5191 et,
1409 5118 1522 5175 nisi
1555 5134 1649 5175 me
1679 5119 2015 5189 conjectura
2047 5120 2282 5193 decipit,
2317 5121 2588 5177 amicitiae
2617 5122 3059 5194 patrocinioque
3090 5120 3407 5179 Hermanni
3437 5119 3644 5177 debeo.

506 5212 641 5267 Scio
663 5225 788 5282 ego,
820 5210 1005 5267 libros
1036 5210 1520 5266 Contantinianos
1543 5209 1614 5264 de
1645 5208 2000 5275 cerimoniis,
2035 5227 2177 5281 qaos
2207 5210 2517 5283 inscriptio
2546 5211 2670 5281 ipsa
2712 5213 2868 5268 circa
2916 5228 3102 5284 nugas
3152 5210 3364 5268 versari
3416 5208 3632 5280 prodit,
3667 5225 3701 5263 a
3749 5207 3884 5280 plu-

430 5300 609 5356 rimis
636 5302 926 5356 contemni
959 5299 1132 5372 plane
1160 5318 1226 5356 ac
1253 5299 1544 5356 derideri:
1581 5314 1770 5370 neque
1801 5299 2023 5369 negabo
2055 5301 2338 5370 majorem
2370 5301 2579 5372 prioris
2634 5299 2768 5356 libri
2818 5305 3043 5374 partem
3087 5301 3168 5356 ita
3207 5317 3334 5356 esse
3383 5305 3781 5370 comparatam
3818 5301 3881 5353 ut

428 5393 694 5461 ingenuo
727 5391 950 5447 homini
983 5408 1260 5449 nauseam
1293 5395 1537 5448 moveat.
1572 5390 1683 5446 Sed
1717 5389 1804 5446 vel
1837 5389 1897 5444 in
1930 5389 2020 5445 his
2064 5391 2402 5463 quisquiliis
2435 5393 2636 5448 insunt
2664 5393 3051 5450 nihilominus
3101 5410 3192 5448 res
3243 5392 3315 5448 ad
3365 5389 3621 5446 historia:
3674 5388 3881 5460 cogni-

427 5481 660 5536 tionem
697 5481 938 5538 minime
968 5482 1249 5540 inutiles:
1281 5487 1406 5537 tum
1437 5497 1570 5536 vero
1597 5479 1698 5536 illa
1728 5481 2047 5549 prmsertim
2079 5479 2138 5536 in
2162 5484 2546 5553 sequentibus
2579 5501 2705 5555 quae
2759 5501 2828 5540 ex
2858 5485 3026 5541 Petro
3079 5482 3353 5550 Patricio,
3399 5479 3610 5553 partim
3660 5477 3881 5534 omisso

431 5572 568 5642 ejus
601 5573 862 5642 nomine»,
894 5572 1105 5629 hausta
1133 5581 1294 5642 sunt,
1326 5589 1442 5628 non
1476 5570 1668 5627 solum
1703 5570 2013 5626 utilitatem
2045 5572 2260 5628 habent
2308 5573 2605 5643 eximiam,
2640 5577 2742 5630 sed
2794 5575 3142 5647 elegantiam
3193 5588 3463 5645 quoque;
3517 5585 3708 5641 neque
3752 5569 3868 5624 fere

433 5661 536 5716 alii
569 5661 752 5731 hujus
783 5663 1046 5733 corporis
1078 5663 1227 5718 libro
1252 5661 1590 5733 praestantia
1620 5660 1858 5715 cedunt.
1892 5660 2192 5716 Delitescit
2219 5663 2279 5718 in
2313 5663 2406 5732 iis,
2440 5669 2502 5720 ut
2533 5681 2652 5720 rem
2686 5665 2950 5737 exemplo
3001 5667 3482 5728 commonstrem,
3518 5657 3727 5714 Leonis
3764 5659 3879 5712 Au-

432 5751 598 5824 gusti
628 5752 913 5819 edictum,
947 5755 1099 5825 quod
1137 5769 1236 5823 per
1265 5768 1451 5808 annos
1492 5749 1663 5822 paulo
1716 5749 1908 5804 minus
1957 5750 2027 5802 80
2075 5749 2210 5806 inde
2260 5753 2598 5824 protrahere
2654 5754 3034 5825 neglexerunt
3079 5753 3177 5824 qui
3228 5749 3508 5822 augendae
3559 5739 3885 5800 collectioni

436 5841 828 5913 reliquiarum
857 5842 1016 5914 juris
1047 5838 1590 5897 Ante-Justinianei
1621 5852 1860 5909 operam
1894 5836 2200 5896 dederunt.

512 5933 635 5988 Scr.
675 5933 888 5992 Bonnaa
923 5950 977 5991 a.
1014 5933 1074 5988 d.
1108 5949 1141 5987 v
1171 5932 1254 5988 Id.
1289 5932 1458 5991 Mart.
1491 5927 1936 5986 MDCGCXXIX.
