4184 6420
387 347 464 406 35
1703 342 1930 402 JOAN.
1981 344 2142 404 JAC.
2193 345 2478 406 REISKII
3730 350 3805 410 36

3677 521 3805 531 .——_

496 666 1003 809 JOAN.
1077 669 1438 806 JAC.
1524 668 2195 806 REISKII
2313 675 3660 816 PREFATIONES.

1496 1121 1640 1204 AD
1717 1121 2158 1208 TOMUM
2234 1119 2686 1209 PRIMUM

453 1461 579 1531 [Ed.
614 1462 677 1515 L.
711 1461 778 1531 1.]
811 1461 955 1516 Cum
976 1475 1062 1527 ea,
1095 1459 1165 1514 de
1188 1458 1406 1530 quibus
1429 1458 1730 1514 admoneri
1768 1459 2025 1514 futurum
2058 1463 2113 1520 A
2143 1459 2378 1514 biennio
2410 1462 2556 1530 post.
2593 1459 2679 1514 Ab
2721 1475 2786 1515 eo
2818 1459 2952 1515 inde
3000 1463 3258 1530 tempore
3291 1461 3415 1531 [E-cl.
3452 1461 3511 1516 L.
3561 1463 3628 1533 ll]
3665 1478 3793 1533 pro-

381 1546 559 1616 hujus
590 1547 723 1602 libri
754 1547 1033 1602 lectorem
1069 1547 1155 1601 fas
1206 1551 1310 1614 est,
1372 1550 1457 1600 tot
1508 1547 1627 1600 sint
1673 1562 1917 1602 numero
1975 1552 2032 1602 et

380 1641 652 1692 enarratu
687 1641 803 1692 tam
838 1636 1049 1707 ampla,
1086 1643 1144 1691 ut
1176 1653 1312 1705 una,
1348 1636 1577 1691 modica
1617 1641 1769 1692 certe
1811 1638 2027 1704 futura,

379 1725 787 1781 dissertatione
819 1726 1230 1796 comprehendi
1275 1729 1585 1796 nequeant.
1623 1723 1857 1794 aliaeque
1890 1742 2029 1796 prae-

379 1822 528 1870 terea
558 1818 745 1869 vetent
779 1815 1029 1869 rationes
1063 1813 1260 1868 omnia
1293 1828 1416 1880 quae
1451 1815 1507 1867 in
1563 1819 1834 1884 promptu
1892 1817 2029 1868 sunt

376 1904 552 1958 simul
581 1904 912 1960 effundere:
947 1905 1134 1958 visum
1167 1909 1257 1958 est
1290 1920 1527 1975 Operam
1575 1904 1796 1974 partiri,
1832 1909 1886 1958 et
1917 1903 2025 1960 hoc

377 1993 609 2064 quidem
644 1994 767 2049 loco
792 2001 1018 2049 tantum
1045 1995 1115 2048 de
1148 1994 1283 2048 fatis
1309 1993 1507 2065 hujus,
1542 1994 1694 2065 quod
1721 2010 1876 2048 nunc
1901 2010 2028 2064 pro-

374 2084 476 2149 dit,
494 2083 684 2154 operis
697 2083 1183 2150 Constantiniani,
1204 2083 1344 2138 item
1365 2085 1434 2137 de
1458 2083 1621 2137 illius
1652 2087 2021 2153 argumento,

374 2171 544 2225 titulo
575 2176 632 2226 et
662 2176 893 2227 auctore
943 2171 1267 2238 disserere;
1319 2172 1481 2226 alteri
1515 2181 1704 2226 autem
1742 2170 2022 2225 volumini

376 2275 505 2315 mox
538 2265 804 2315 secuturo
854 2260 1078 2330 reliqua
1109 2277 1423 2326 reservare,
1458 2261 1528 2315 de
1577 2259 1797 2330 quibus
1845 2276 2024 2331 expo—

375 2348 648 2404 sitionem
685 2349 943 2419 preefatio
982 2348 1182 2404 lectori
1214 2349 1402 2404 debet.

445 2441 472 2506 §
507 2440 554 2492 1.
591 2441 662 2494 De
689 2440 828 2510 fatis
860 2439 1023 2511 hujus
1053 2443 1251 2510 operis.
1279 2472 1346 2481 -——
1380 2440 1534 2510 Opus
1569 2444 1681 2494 tam
1719 2440 1933 2495 scitum
1967 2443 2022 2494 et

373 2527 532 2592 utile,
568 2534 738 2596 atque
769 2527 876 2582 hoc
905 2533 1012 2596 est,
1045 2529 1304 2599 potuisse
1336 2545 1432 2598 per
1488 2533 1570 2585 tot
1619 2527 1828 2585 saecula
1879 2528 2020 2583 scri-

374 2621 605 2686 ptorum
665 2618 991 2672 Graecorum
1050 2618 1531 2688 Latinorumque,
1597 2623 1884 2689 quotquot
1947 2619 2019 2671 ab

370 2706 498 2774 ejus
525 2705 815 2761 natalibus
850 2707 985 2761 inde
1033 2706 1388 2774 claruerunt,
1432 2707 1699 2762 omnium
1752 2707 2017 2762 notitiam

2139 1547 2312 1602 cessit
2362 1547 2670 1618 impressio
2721 1547 2896 1601 variis
2957 1547 3276 1617 intercepta
3330 1547 3790 1618 impedimentis,

2141 1638 2326 1691 donec
2358 1637 2595 1691 tandem
2629 1635 2950 1708 superioris
2973 1638 3110 1693 annl
3140 1637 3381 1693 ineunte
3431 1641 3629 1693 aestate
3679 1640 3784 1692 do-

2136 1724 2469 1779 ctissimum
2528 1725 2819 1792 editorem,
2872 1725 2987 1780 vita
3035 1725 3294 1798 longiore
3345 1727 3785 1798 dignissimum,

2138 1819 2194 1870 et
2226 1815 2463 1886 egregia
2495 1813 2954 1887 promittentem,
2987 1815 3141 1871 acuti
3174 1815 3360 1871 morbi
3393 1814 3477 1871 vis
3512 1814 3568 1871 in
3600 1818 3786 1872 aetatis

2137 1906 2278 1960 flore
2306 1905 2553 1960 tolleret.
2581 1905 2972 1960 Pervenerant
2992 1910 3119 1960 tum
3146 1907 3426 1977 temporis
3448 1906 3788 1978 typographi

2136 2010 2313 2063 usque
2346 1995 2414 2048 ad
2452 1995 2726 2065 paginam
2781 1993 2963 2064 hujus
3011 1994 3284 2051 editionis
3332 1997 3456 2049 216.
3511 1994 3791 2050 Devoluta

2137 2083 2411 2153 deinceps
2444 2099 2512 2138 ex
2544 2100 2888 2148 magnorum
2918 2082 3175 2139 virorum
3199 2085 3269 2138 de
3321 2085 3467 2139 meis
3512 2084 3787 2155 profecti-

2135 2171 2247 2225 bus
2283 2172 2530 2242 benigno
2554 2171 2779 2242 judicio
2813 2171 3086 2227 editionis
3120 2172 3484 2227 absolvenda:
3525 2189 3666 2227 cura
3713 2174 3783 2227 ad

2134 2275 2226 2314 me
2250 2260 2375 2314 fuit.
2401 2261 2536 2324 Quae
2555 2258 2734 2330 igitur
2750 2276 2835 2324 ea,
2865 2276 3037 2330 quam
3063 2261 3204 2329 dixi,
3226 2260 3434 2331 pagina
3459 2260 3781 2330 posteriora

2133 2356 2286 2412 sunt,
2322 2363 2534 2404 excusa
2562 2348 2799 2404 fuerunt
2843 2350 2954 2404 sub
3008 2348 3147 2404 meis
3178 2348 3382 2418 oculis,
3416 2358 3469 2404 et
3498 2350 3782 2404 excuden-

2134 2444 2224 2492 tur
2256 2453 2450 2508 porro,
2485 2438 2708 2493 favente
2736 2443 2870 2504 Deo,
2915 2455 3042 2510 quae
3066 2442 3407 2508 supersunt.

2202 2529 2307 2594 §2.
2343 2530 2416 2583 De
2447 2533 2770 2599 argumento
2801 2528 2964 2582 libri.
3000 2558 3066 2563 ——-
3099 2529 3156 2583 Si
3203 2528 3334 2599 quis
3388 2529 3497 2583 hoc
3548 2527 3780 2597 saeculo,

2131 2621 2185 2670 et
2219 2634 2360 2686 pene
2393 2617 2636 2672 dixerim
2671 2633 2950 2687 unquam,
2987 2617 3042 2670 in
3079 2616 3266 2671 lucem
3318 2618 3509 2672 editus
3544 2618 3651 2671 fuit
3681 2633 3780 2672 co-

2129 2706 2473 2776 gnoscendae
2490 2708 2752 2774 Augustae
2770 2706 3040 2760 Romanae
3064 2706 3506 2778 Byzantinazque
3521 2706 3777 2761 historia:

370 2795 644 2866 effugere,
670 2796 926 2866 profecto
952 2795 1166 2851 mirum
1192 2799 1299 2864 est,
1322 2796 1641 2867 prmsertim
1667 2797 1723 2850 in
1745 2797 1860 2851 acri
1893 2795 2014 2863 illa,
2046 2835 2098 2892 B
2130 2795 2288 2850 utilis
2319 2794 2488 2865 liber,
2513 2800 2602 2850 est
2634 2811 2773 2850 sane
2805 2794 2920 2850 hic.
2954 2795 3152 2864 Neque
3202 2795 3494 2849 immerito
3545 2795 3602 2848 in
3653 2795 3776 2864 ejus

368 2900 482 2955 qua
505 2886 776 2954 superius
803 2885 1082 2940 saeculum
1125 2885 1403 2951 fervebat,
1437 2885 1811 2956 indagatione
1844 2885 2014 2940 char-

2127 2883 2474 2939 desidcrium
2495 2887 2840 2939 exarserunt
2861 2885 3094 2949 eruditi,
3129 2900 3196 2938 ex
3228 2901 3340 2954 quo
3366 2887 3774 2955 argumentum

2123 2978 2181 3028 et
2212 2974 2459 3044 pretium
2495 2973 2851 3029 intellexere.
2886 2976 2953 3027 Et
2985 2990 3144 3038 sane,
3179 2973 3224 3028 si
3277 2972 3409 3044 quis
3461 2989 3656 3028 Secum
3690 2989 3775 3026 re-

2125 3067 2290 3134 putet
2320 3063 2478 3119 hunc
2509 3062 2725 3118 librum
2757 3064 2826 3116 de
2872 3062 3206 3118 cerimoniis
3251 3063 3396 3117 aulze
3447 3063 3771 3135 Byzantina:

2121 3169 2428 3223 exponere,
2458 3153 2791 3222 recolatque
2823 3152 3041 3217 animo,
3075 3155 3215 3221 quot
3246 3155 3300 3205 et
3332 3167 3505 3222 quam
3551 3152 3776 3206 diversa

2120 3243 2178 3297 in
2210 3241 2355 3297 aulis
2396 3258 2760 3297 summorum
2796 3241 3130 3312 principum
3164 3257 3272 3296 usu
3323 3243 3574 3312 veniant,
3609 3246 3665 3297 et
3712 3241 3769 3296 ii

2120 3348 2353 3402 quoque
2387 3331 2621 3386 tandem
2648 3329 2957 3401 intelligat,
2985 3330 3176 3385 aulam
3202 3331 3601 3403 Byzantinam,
3627 3349 3771 3403 qua-

362 2978 551 3028 tarum
588 2974 658 3028 ad
684 2975 1059 3045 Byzantinam
1083 2972 1386 3030 historiam
1414 2975 1847 3044 pertinentium.
1887 2976 2013 3029 Pri-

363 3078 493 3116 mus
521 3067 717 3116 autem
750 3063 1057 3117 Zacharias
1087 3063 1386 3118 Conradus
1439 3063 1873 3134 Ulfenbachius,
1909 3064 2009 3120 rei-

361 3154 605 3224 publicm
637 3154 1104 3208 Francofurtanaz
1128 3155 1199 3208 ad
1228 3153 1474 3209 anum
1498 3156 1789 3226 quondam
1816 3155 2009 3211 scabi-

360 3260 471 3298 nus
502 3247 557 3297 et
598 3242 941 3308 consularis,
976 3242 1190 3298 librum
1241 3243 1397 3300 hunc
1447 3244 1504 3298 in
1549 3245 1766 3300 famam
1823 3245 2007 3312 misit,

359 3333 487 3402 ejus
548 3333 811 3388 notitiam
865 3332 1109 3400 edendo,
1159 3348 1280 3402 quae
1331 3350 1398 3389 ex
1465 3333 1709 3390 celeber.
1757 3335 2007 3390 Fabricii

361 3421 692 3476 Bibliothec.
718 3421 894 3477 Graec.
930 3425 1086 3477 torno
1116 3421 1213 3491 VI,
1237 3421 1479 3479 inferius
1512 3441 1544 3479 a
1579 3423 1791 3480 nostris
1815 3426 2004 3494 Operis

355 3515 670 3580 repetetur.
703 3511 785 3565 Ex
816 3510 1172 3567 Uffenbachii
1220 3514 1588 3583 possessione
1636 3513 1896 3586 pervenit
1946 3515 2001 3568 in

353 3599 763 3656 bibliothecam
795 3600 972 3672 ampl.
1009 3605 1247 3658 senatus
1272 3603 1433 3657 urbis
1457 3608 1690 3670 nostrae,
1716 3619 1844 3674 quae
1866 3603 2006 3673 opti-

353 3690 466 3744 mis
524 3690 688 3746 libris
735 3692 1015 3746 instructa
1067 3692 1309 3746 eruditis
1382 3694 1740 3748 nostratibus
1791 3710 2002 3764 magno

352 3780 478 3834 usui
514 3783 623 3835 est.
659 3782 740 3835 Ita
787 3782 1026 3849 factum,
1079 3783 1142 3834 ut
1192 3780 1593 3851 amplissimus
1647 3782 2000 3850 Mascovius,

351 3870 477 3937 ejus
501 3870 824 3940 praefectus,
858 3869 946 3925 Jo.
981 3869 1158 3925 Henr.
1191 3870 1506 3940 Leichium,
1541 3887 1728 3942 nuper
1759 3873 1816 3924 in
1861 3872 2000 3926 Aca-

353 3959 544 4013 demia
574 3967 774 4014 nostra
805 3958 1225 4029 elegantiorem
1254 3960 1582 4016 litterarum
1612 3961 2000 4031 professorem

2120 3421 2189 3475 lis
2240 3425 2394 3476 certe
2442 3419 3075 3491 Porphyrogenitorum
3132 3428 3387 3491 tempore
3437 3425 3584 3488 erat,
3637 3437 3766 3476 um-

2119 3511 2284 3565 bram
2316 3511 2531 3565 veteris
2561 3511 2837 3582 Augustse
2872 3508 3144 3564 Romanae
3195 3509 3416 3577 fuisse;
3454 3510 3619 3565 facile
3671 3509 3766 3566 ille

2117 3601 2434 3656 affirmanti
2471 3601 2689 3667 credat,
2725 3616 2912 3672 neque
2934 3616 3168 3655 sacrum
3193 3617 3335 3668 esse,
3370 3617 3556 3673 neque
3578 3603 3766 3672 profa-

2118 3710 2282 3764 num,
2319 3691 2570 3747 historiae
2602 3692 2814 3746 veteris
2845 3701 3278 3763 argumentum,
3305 3693 3456 3762 quod
3499 3693 3592 3748 hic
3623 3692 3769 3746 liber

2114 3799 2230 3838 non
2263 3782 2532 3852 attingat,
2569 3797 2682 3837 non
2717 3779 2991 3836 illustret.
3019 3781 3076 3834 Si
3109 3798 3280 3852 quem
3325 3783 3540 3838 rituum
3583 3781 3768 3837 ecclevo

2114 3871 2490 3927 siasticorum
2523 3871 2778 3925 studium
2820 3871 2998 3940 capit,
3029 3875 3341 3942 cognoscat
3389 3870 3546 3937 hinc,
3581 3871 3771 3942 qualis

2114 3959 2289 4015 fuerit
2321 3959 2584 4015 Ecclesiae
2614 3959 2824 4014 Graecae
2857 3959 3034 4015 facies
3056 3961 3279 4016 decimo
3303 3965 3432 4031 post
3464 3959 3531 4017 N.
3566 3959 3624 4014 C.
3661 3976 3770 4015 sae-

349 4047 762 4115 clarissimum,
817 4048 912 4118 qui
963 4065 1091 4103 eam
1139 4066 1172 4104 a
1213 4050 1406 4119 prima
1450 4049 1838 4106 adolescentia
1887 4050 1999 4106 fre-
2113 4051 2264 4121 culo,
2297 4067 2421 4122 quae
2455 4051 2829 4122 legendorum
2861 4049 3319 4121 patriarcharum
3363 4051 3531 4118 ratio,
3576 4049 3766 4122 qualis

349 4141 626 4208 quentare
658 4141 1058 4207 consueverat,
1093 4139 1164 4193 ad
1198 4140 1486 4195 edendum
1538 4155 1682 4210 opus
1715 4139 1999 4195 hactenus
2042 4193 2079 4210 η
2117 4155 2321 4195 eorum
2366 4155 2497 4195 cum
2540 4139 2666 4194 suis
2723 4139 3170 4208 imperatoribus
3221 4141 3603 4208 consuetudo,
3636 4156 3764 4210 quae

345 4227 634 4282 ineditum
684 4226 977 4282 excitaret.
1018 4227 1150 4284 Jam
1201 4233 1368 4284 antea
1419 4228 1475 4283 id
1543 4228 1698 4284 idem
1763 4229 2002 4285 molitus
2039 4193 2082 4252 Ο
2121 4230 2448 4286 (ὶτωοετιιῐη
2489 4226 2872 4284 ecclesiarum
2924 4237 3115 4299 partes
3159 4233 3214 4285 et
3271 4234 3582 4296 structura,
3637 4243 3765 4300 qua)

351 4319 536 4373 fuerat
565 4317 654 4372 Jo.
709 4317 941 4372 Henric.
994 4317 1199 4384 Maius,
1249 4318 1310 4372 in
1360 4317 1680 4373 Academia
1723 4319 2002 4375 Giessana
2111 4320 2380 4375 instituta
2409 4318 2745 4375 celebrandi
2779 4317 2961 4374 divini
3006 4319 3223 4388 cultus,
3259 4319 3357 4390 qui
3410 4321 3539 4390 ejus
3591 4319 3766 4373 mini-

350 4409 645 4478 quondam
677 4407 885 4462 Graecae
916 4411 970 4462 et
999 4406 1370 4463 orientalium
1404 4407 1742 4479 linguarum
1779 4410 1997 4478 profes-
2111 4409 2241 4474 stri,
2273 4409 2408 4480 quis
2440 4409 2582 4463 ordo
2616 4409 2898 4463 festorum
2949 4407 3194 4475 dierum,
3230 4425 3357 4478 quae
3400 4425 3578 4464 sacra:
3629 4424 3770 4478 pro-

348 4514 466 4552 sor.
497 4499 763 4553 Testatur
792 4498 851 4552 in
886 4498 1165 4566 Catalogo,
1215 4514 1390 4569 quem
1431 4499 1701 4565 confecit,
1748 4499 1999 4555 codicum
2111 4498 2427 4564 cessiones,
2455 4513 2600 4569 quas
2630 4497 2847 4568 quibus
2883 4496 3109 4564 diebus,
3144 4498 3216 4552 ad
3273 4497 3426 4554 aedes
3467 4501 3773 4553 monaste~

348 4587 852 4656 manuscriptorum
887 4587 1229 4644 bibliothecz
1263 4587 1728 4659 Uﬁenbachianaz,
1762 4605 1824 4644 se
1867 4587 2000 4644 libri
2112 4591 2267 4644 riave
2299 4586 2639 4644 celebriora.
2667 4586 2880 4642 Rerum
2906 4596 3098 4641 autem
3133 4585 3393 4642 civilium
3416 4588 3770 4658 contempla-

348 4674 524 4744 hujus
587 4675 846 4730 Latinam
897 4675 1427 4750 interpretationem
1485 4678 1828 4746 confecisse,
1875 4695 2000 4733 cer-

347 4767 588 4834 tamque
617 4762 893 4818 editionis
923 4781 1084 4834 spem
1111 4767 1269 4821 facit.
1304 4767 1375 4821 At
1397 4782 1464 4822 ea
1495 4767 1730 4839 quidem
1749 4783 1880 4822 cum
1912 4767 1999 4838 ip-

349 4852 470 4908 sius
513 4852 669 4908 obitu
713 4852 1042 4923 decollavit,
1100 4872 1310 4928 neque,
1361 4873 1474 4928 quo
1529 4857 1824 4912 devenerit
1873 4859 2002 4927 ejus

347 4944 773 5013 interpretatio,
803 4950 1044 5000 constat.
1088 4947 1396 5004 Scebimen
1452 4949 1604 5020 ejus,
1652 4949 1809 5003 unde
1856 4949 2003 5004 msti-

349 5033 495 5090 mari
529 5039 731 5104 queat,
763 5034 1008 5089 habetur
1043 5035 1100 5090 in
1135 5038 1306 5093 modo
1357 5037 1597 5094 laudato
1629 5038 1916 5110 catalogo,
1948 5047 2001 5093 et

351 5125 501 5194 apud
540 5123 893 5178 Fabricium.
929 5123 1137 5180 Omine
1184 5124 1368 5196 igitur
1409 5129 1707 5198 aliquanto
1739 5129 2000 5198 auspica-

349 5213 495 5267 tiore
570 5213 880 5268 editionem
949 5215 1142 5283 operis
1215 5215 1695 5273 desideratissimi
1748 5217 2001 5288 suscepit

351 5302 487 5358 clur.
523 5303 809 5371 Leichius,
841 5305 930 5359 vir
951 5305 1147 5360 Graece
1174 5304 1494 5376 Latineque
1526 5309 1926 5377 doctissimus,
1944 5313 2000 5363 et

2111 4681 2189 4735 tio
2222 4678 2271 4734 si
2303 4693 2474 4749 quem
2499 4677 2686 4747 magis
2713 4674 2983 4742 delectat,
3004 4683 3201 4732 vastus
3227 4675 3311 4730 illi
3342 4692 3402 4731 se
3427 4692 3659 4748 campus
3677 4674 3768 4730 hic

2111 4769 2322 4841 pandit
2372 4770 2637 4838 spectatu
2685 4765 2900 4836 dignus
2949 4765 3163 4835 pariter
3223 4769 3401 4837 atque
3447 4765 3764 4835 iucundus.

2109 4862 2395 4914 Creantur
2425 4855 2700 4928 Augusti,
2736 4855 3031 4910 celebrant
3062 4854 3321 4926 nuptias,
3347 4861 3764 4927 susceptosquo

2110 4964 2312 5004 recens
2345 4946 2559 5002 liberos
2591 4952 2793 5000 curant
2826 4960 2992 5000 sacro
3024 4943 3253 5000 lavacro
3284 4944 3344 5000 in
3375 4944 3622 5000 ecclesia
3662 4958 3768 4998 ex—

2110 5038 2294 5112 piari;
2319 5036 2622 5093 conferunt
2645 5034 2982 5107 dignitates,
3001 5035 3068 5091 ad
3091 5036 3429 5091 suburbana
3447 5033 3664 5106 palatia
3684 5049 3772 5088 ru-

2110 5128 2414 5194 sticatum,
2436 5125 2884 5192 vindemiatum,
2910 5124 3047 5180 item
3069 5125 3135 5180 ad
3164 5125 3369 5181 horrea
3394 5123 3648 5195 publica,
3672 5138 3772 5178 an-

2110 5235 2322 5275 nonam
2357 5215 2654 5272 conditam
2679 5220 3031 5286 spectatum,
3057 5217 3419 5287 procedunt;
3447 5214 3766 5286 excipiunt,

2108 5308 2274 5365 aliter
2288 5305 2662 5379 quotidianae
2675 5320 2915 5375 proceru
2929 5322 2980 5359 ω
2999 5306 3119 5361 salu
3131 5303 3478 5369 tationes,ali
3491 5309 3574 5358 ter
3585 5306 3770 5358 statas

351 5393 410 5448 in
444 5394 605 5448 omni
635 5398 825 5450 vetere
874 5410 1140 5466 novaque
1191 5394 1431 5450 historia
1473 5398 1922 5465 versatissimus,
1948 5407 1999 5452 et
2109 5396 2529 5462 solemniores;
2567 5399 2839 5463 perorant
2865 5395 2923 5448 in
2948 5393 3227 5459 silentiis,
3252 5397 3520 5463 spectant
3542 5393 3765 5447 circen-

351 5483 593 5554 primam
629 5483 862 5554 quidem
907 5485 1030 5553 ejus
1078 5500 1242 5554 spem
1279 5483 1525 5540 faciebat
1569 5503 1721 5542 anno
1769 5487 1908 5542 1743
1938 5488 1998 5541 in
2110 5504 2234 5544 sem
2269 5484 2583 5550 insaniam,
2608 5483 2858 5538 audiunt
2883 5484 3203 5538 factionum
3237 5482 3684 5538 acclamationes
3715 5484 3769 5535 et

347 5571 541 5628 libello
568 5577 648 5629 De
669 5573 953 5644 Diptychis
972 5577 1237 5643 veterum,
1263 5590 1394 5645 pag.
1416 5575 1485 5630 10
1512 5592 1665 5647 sqq.,
1691 5577 1790 5633 ubi
1814 5582 2002 5633 totum
2033 5567 2083 5623 Β
2118 5575 2532 5650 ﬂagitationes,
2555 5573 2795 5641 praemia
2809 5570 3184 5642 dantaurigis
3206 5572 3546 5639 victoribus,
3575 5568 3772 5625 missi-

349 5667 521 5732 caput
548 5663 1064 5736 quadragesimum
1117 5664 1358 5721 secundi
1407 5664 1538 5720 libri
1587 5671 1830 5739 utroque
1882 5683 2001 5723 ser-
2112 5667 2191 5724 lia
2214 5669 2520 5738 spargunt,
2546 5661 2890 5731 pyrrhichas
2914 5665 2969 5714 et
2991 5660 3165 5715 ludos
3187 5660 3463 5716 Gothicos
3483 5662 3773 5730 spectant,

348 5767 522 5808 mone
543 5752 844 5826 vulgavit;
880 5754 1068 5825 ipsam
1113 5770 1246 5810 vero
1295 5754 1605 5811 editionem
1669 5757 2004 5814 ordiebatur
2113 5761 2263 5822 vota,
2288 5746 3393 5818 brumalia,natalesortusimperiique
3414 5755 3470 5802 et
3490 5745 3772 5804 connubii
