4184 6422
398 378 470 440 3Ἰ

1845 365 2212 426 PBZEFATI
2219 363 2322 424 ON
2329 366 2420 426 ES
3766 375 3845 434 38

420 513 506 569 sui
535 509 841 579 celebrant,
864 505 1117 563 divinas
1147 505 1356 577 epulas
1385 502 1830 566 exhibent,eunt
1861 500 1921 554 in
1959 497 2076 552 bel-
2111 501 2162 559 A
2196 497 2277 552 fit.
2334 499 2436 553 Est
2490 515 2578 565 ea,
2637 516 2816 571 quam
2873 500 3014 567 dixi,
3081 517 3212 571 pars
3275 501 3546 574 insignis,
3601 521 3851 578 eamque

419 603 739 672 lum,agunt
765 598 830 654 in
860 598 1367 667 castris,redeunt
1389 596 1447 649 in
1479 593 1684 649 urbem
1711 589 2084 660 triumphan-

415 687 1070 759 tes,victasqueealcant
1102 702 1309 758 regum
1331 684 1587 740 cervices
1615 679 1944 749 ;stipendia
1979 676 2086 730 mi-

409 777 615 833 litibus
642 779 908 847 erogant,
941 773 1254 829 instruunt
1285 776 1340 826 et
1370 769 1686 841 expediunt
1719 766 1957 832 classes,
1981 764 2088 818 ad-

413 868 664 923 mittunt
711 865 929 935 legatos
979 867 1320 920 exterorum
1371 859 1727 933 principum,
1781 871 1920 911 suos
1972 853 2084 923 ipsi

415 957 717 1027 ablegant,
745 969 1030 1025 pompam
1077 959 1131 1008 et
1179 951 1380 1006 luxum
1411 963 1648 1004 omnem
1695 960 1866 1002 suum
1900 941 2083 1014 eXpli.

416 1047 841 1116 cant,egestate
870 1042 1094 1114 passim
1126 1037 1550 1096 transmicante
1580 1035 1814 1091 tandem
1848 1032 2086 1099 abeunt,

413 1135 487 1190 ad
515 1133 796 1206 plures,et
825 1131 886 1186 in
920 1134 1307 1188 monumenta
1336 1145 1445 1184 sua
1473 1127 1824 1181 inferuntur.
1849 1124 2087 1178 Peram-

417 1224 588 1281 bules
635 1223 748 1280 hoc
788 1221 917 1294 ipso
960 1220 1111 1276 libro
1153 1221 1300 1275 duce
1347 1217 1449 1272 illa
1487 1231 1686 1272 eorum
1736 1210 2087 1282 sepulcralia

419 1315 831 1382 monumenta,
881 1314 940 1366 et
982 1311 1197 1366 lustres
1240 1308 1643 1378 cuiuscunque
1689 1317 1899 1358 urnam
1951 1317 2084 1356 cum

431 1397 731 1468 inscriptis
761 1395 1125 1463 nominibus,
1155 1394 1218 1450 in
1263 1393 1479 1464 quibus
1522 1390 1720 1462 aliqua
1751 1391 1913 1455 sunt,
1961 1403 2086 1457 quas

425 1489 647 1544 frustra
665 1488 729 1543 in
750 1488 839 1543 Du
863 1487 1066 1557 Cangii
1088 1485 1344 1540 Familiis
1367 1483 1698 1556 Byzantini;
1727 1477 2088 1552 quaerasPe-

427 1586 630 1635 netres
659 1595 897 1651 quoque
923 1578 1032 1635 hoc
1057 1579 1262 1634 eodem
1292 1577 1436 1632 duce
1459 1575 1517 1630 in
1548 1574 1675 1645 ipsa
1699 1571 2086 1644 pretiosorum

432 1674 494 1725 et
514 1668 846 1741 insignium
869 1666 1180 1724 Orientalis
1198 1665 1433 1738 Imperii
1455 1662 2089 1728 conditoria,arcasque

432 1759 744 1814 vestiarias
773 1763 832 1812 et
860 1756 1039 1813 aliam
1073 1754 1535 1828 suppellectilem
1570 1751 1848 1807 excutias.
1883 1747 2087 1803 Melius

2197 588 2419 642 edendo
2455 589 2650 643 videor
2684 588 2825 644 mihi
2858 590 3206 660 particulam
3255 593 3448 662 operis
3480 594 3854 652 desideratis-

2199 679 2352 746 simi,
2405 681 2501 734 sed
2554 681 2774 734 dudum
2829 697 2930 751 pro
2981 681 3278 751 deperdita
3327 683 3531 748 habiti,
3574 687 3852 743 edidisse.

2200 767 2654 824 Constantinum
2689 774 2955 826 nostrum
3001 770 3349 842 colligendis
3381 777 3436 828 et
3468 774 3524 828 in
3562 781 3748 831 certos
3782 777 3853 832 ti-

2200 857 2351 912 tulos
2382 858 2716 930 digerendis
2745 859 2906 914 scitis
2961 864 3136 932 atque
3169 863 3648 920 memorabilibus
3693 871 3851 922 vete-

2198 963 2325 1002 rum
2376 946 2520 1003 locis
2569 947 2912 1020 diligentem
2972 965 3207 1021 operam
3258 950 3638 1022 impendisse,
3684 973 3852 1011 nemo

2200 1035 2405 1091 nescit.
2441 1037 2620 1092 Erant
2650 1037 2789 1093 olim
2828 1038 2912 1093 illi
2944 1039 3102 1095 tituli
3147 1057 3394 1097 numero
3427 1042 3856 1116 quinquaginta

2199 1132 2335 1180 tres.
2367 1127 2454 1180 Ad
2489 1143 2594 1182 nos
2630 1132 2822 1183 autem
2857 1144 2972 1184 non
3005 1145 3338 1201 pervenere,
3372 1131 3484 1186 nisi
3534 1133 3742 1190 titulus
3769 1135 3856 1189 vi-

2199 1213 2455 1268 cesimus
2503 1214 2790 1286 septimus
2838 1216 2909 1270 de
2957 1216 3348 1288 legationibus
3400 1219 3644 1292 integer,
3684 1238 3858 1293 opera

2198 1301 2382 1357 Fulvii
2414 1302 2610 1359 Ursini
2641 1307 2697 1359 et
2745 1305 2980 1361 Davidis
3014 1305 3364 1377 Hmschelii;
3400 1311 3455 1363 et
3495 1309 3649 1364 tituli
3681 1310 3854 1381 quin-

2199 1392 2550 1464 quagesimi,
2587 1394 2754 1464 cujus
2785 1394 3086 1466 inscriptio
3121 1404 3206 1452 est
3233 1397 3305 1452 de
3327 1397 3540 1455 indolis
3572 1400 3854 1470 probitate

2198 1485 2376 1553 atque
2417 1483 2716 1554 pravitate,
2751 1500 2852 1539 seu
2889 1485 2958 1541 de
2996 1485 3308 1543 virtutibus
3357 1492 3415 1545 et
3444 1489 3621 1558 vitiis,
3674 1490 3854 1560 parti-

2198 1571 2354 1640 cula,
2387 1571 2667 1628 beneficio
2699 1573 2974 1630 Peirescii
3010 1581 3062 1630 et
3092 1575 3324 1633 Henrici
3355 1577 3590 1632 Valesii.
3624 1578 3854 1650 Reliqui

2200 1663 2283 1715 tot
2315 1677 2559 1717 numero
2590 1662 2748 1718 tituli
2777 1665 3040 1734 grandis,
3073 1666 3170 1720 sed
3214 1669 3271 1722 et
3309 1667 3633 1737 utilissimi,
3667 1669 3859 1740 operis

2200 1750 2772 1822 credunturjactura
2802 1753 3167 1825 irrcparabili
3203 1755 3618 1825 periisse.Quid
3653 1758 3702 1812 si
3723 1774 3857 1814 vero

425 1847 738 1920 hic,quam
765 1862 1015 1918 usquam
1033 1845 1510 1916 alibi,procerum
1536 1848 1652 1897 tam
1674 1839 2086 1913 palatinorum,
2121 1874 2174 1932 B
2205 1841 2557 1896 contendam
2594 1857 2684 1896 me
2716 1856 2851 1897 cum
2883 1842 3011 1913 hoc,
3047 1844 3200 1913 quod
3235 1860 3395 1899 nunc
3424 1845 3858 1914 edo,volumine

428 1954 616 2009 quam
661 1935 1033 2003 militarium,
1064 1934 1201 1990 item
1251 1932 1704 2004 magistratuum
1738 1929 2091 1984 urbanorum

439 2026 818 2096 aliorumque
863 2023 1159 2080 minorum
1191 2021 1422 2078 ordines
1451 2021 1668 2085 videas,
1699 2019 2000 2088 longisque
2033 2017 2093 2071 in

433 2114 764 2186 porticibus
815 2113 940 2184 [Ed.
974 2113 1032 2169 L.
1076 2113 1180 2184 ΙΙΙ]
1213 2111 1565 2169 excubantes
1614 2125 1960 2164 numerosos
1993 2124 2097 2162 va-

436 2204 680 2276 riosque
710 2218 920 2274 greges
963 2203 1114 2258 sacri
1153 2203 1412 2272 corporis
1455 2198 1731 2257 custodiae
1763 2199 2091 2268 deputatas.

430 2292 604 2348 Mitto
633 2297 864 2359 caetera,
899 2307 1032 2348 cum
1081 2307 1114 2348 e
1143 2291 1413 2363 superius
1464 2289 1638 2345 dictis
1671 2288 1906 2344 abunde
1953 2302 2095 2341 con-

428 2386 572 2448 stet,
620 2399 753 2437 eam
803 2398 933 2437 esse
978 2396 1174 2437 rerum
1217 2381 1323 2437 hoc
1364 2381 1422 2435 in
1473 2395 1645 2451 opere
1696 2377 2089 2450 eXpositarum

431 2472 798 2540 varietatem,
835 2470 1083 2543 leporem
1113 2475 1287 2542 atque
1319 2470 1756 2542 dignitatem,ut
1785 2466 2092 2523 hominum

434 2563 744 2618 doctorum
778 2559 976 2616 studia
1008 2560 1067 2616 in
1101 2577 1163 2616 se
1192 2576 1544 2616 conversura
1572 2575 1640 2615 ea
1669 2562 1728 2612 et
1772 2557 2094 2612 exercitura

437 2652 579 2706 sint.
612 2650 725 2706 Uni
769 2649 1040 2721 placebit,
1086 2651 1145 2705 ni
1193 2649 1381 2719 fallor,
1430 2647 1762 2706 vestiariam
1814 2663 1959 2710 rem,
1995 2644 2091 2699 alii

440 2740 858 2805 nummariam,
893 2739 990 2796 alii
1022 2740 1237 2796 domus
1267 2743 1532 2810 augustas
1565 2736 1756 2793 ofﬁcia
1788 2735 1924 2790 hinc
1952 2734 2088 2788 illu-

439 2830 931 2893 strare.Quamvis
963 2830 1117 2885 enim
1148 2846 1371 2899 ea,quaa
1405 2826 1610 2884 Leonis
1641 2831 1698 2882 et
1729 2821 2090 2880 Constantini

457 2921 643 2972 nostri
671 2926 922 2990 tempore
952 2919 1014 2976 in
1045 2936 1154 2976 usu
1185 2923 1368 2982 erant,
1402 2935 1436 2973 a
1474 2914 1869 2988 superioribus
1900 2913 2090 2967 Theo-

455 3006 606 3062 dosii
651 3013 706 3062 et
748 3009 1051 3066 Justiniani
1101 3008 1464 3080 temporibus
1510 3010 1735 3061 tantum
1786 3003 2089 3069 abludant,

445 3102 729 3167 quantum
787 3102 986 3154 secuta
1041 3099 1467 3154 Comnenorum
1525 3104 1582 3152 et
1635 3094 2091 3164 Palaeologorum

437 3191 812 3257 extremaque
863 3185 1147 3243 Bizantini
1177 3185 1339 3257 regni
1384 3189 1526 3241 astas
1557 3185 1629 3239 ab
1670 3187 1836 3238 astate
1867 3190 2090 3238 nostro-

435 3291 569 3331 rum
620 3275 1309 3349 Porphyrogennetorum
1359 3275 1601 3342 abludit,
1652 3275 1804 3346 quod
1862 3277 2090 3329 constat

435 3365 731 3421 Codinum
769 3381 903 3420 cum
935 3366 1045 3422 hoc
1089 3381 1265 3438 opere
1313 3363 1632 3422 conferenti
1667 3380 1680 3431 ;
1715 3366 1962 3434 possunt
1999 3367 2087 3418 ta-

441 3471 578 3510 men
610 3455 712 3510 illa
739 3459 971 3512 vetusta
989 3454 1247 3513 ﬂorentis
1279 3454 1526 3510 Romani
1567 3453 1798 3525 imperii
1830 3459 2092 3525 tempora

439 3550 498 3599 et
528 3544 855 3616 Byzantina
893 3545 1215 3617 primordia
1256 3561 1325 3600 ex
1350 3544 1460 3600 hoc
1481 3558 1654 3616 opere
1673 3542 1854 3598 multo
1881 3542 2090 3613 magis,

435 3651 616 3704 quam
654 3635 761 3690 hoc
790 3651 935 3706 opus
965 3653 1034 3692 ex
1071 3636 1310 3706 Codino,
1343 3635 1644 3692 illustrari.
1677 3639 1867 3689 Erunt
1897 3651 2088 3706 porro,

434 3725 536 3794 qui
570 3741 640 3779 ex
669 3725 948 3782 indiculis
978 3740 1382 3798 rogarum,seu
1414 3740 1743 3780 annuorum
1776 3723 2090 3794 stipendio-

435 3829 569 3870 rum
605 3814 815 3871 ofﬁciis
846 3814 1124 3886 palatinis
1169 3814 1504 3885 caeterisque
1544 3813 1874 3868 debitorum
1904 3829 1916 3880 ;
1951 3813 2088 3868 item

437 3919 506 3958 ex
556 3903 838 3960 indiculis
884 3903 1286 3977 impensorum
1325 3903 1386 3960 in
1429 3903 1825 3974 expeditiones
1869 3901 2090 3972 aliquot

437 3991 771 4048 maritimas
823 3997 1025 4050 contra
1054 3994 1374 4050 Saracenos
1415 3992 1716 4048 Cretenses
1766 3995 2088 4062 susceptas,

435 4080 825 4137 aestimabunt
852 4098 988 4140 cum
1017 4082 1302 4139 militares
1327 4080 1560 4154 imperii
1589 4079 2091 4152 Byzantini,quale

437 4174 582 4225 tunc
614 4175 759 4238 erat,
790 4175 1093 4230 terrestres
1124 4172 1567 4243 maritimasque
1597 4169 1813 4241 copias,
1841 4173 1966 4225 tum
1998 4186 2092 4240 pe-

436 4260 742 4318 cuniarias
771 4278 1026 4334 quoque,
1058 4262 1444 4334 institutaque
1475 4259 1911 4332 comparatione
1937 4259 2088 4314 Grae-

435 4365 648 4405 corum
698 4353 1167 4409 centenariorum
1212 4357 1270 4409 et
1308 4351 1596 4408 librarum
1645 4350 1774 4405 auri
1825 4365 1959 4404 cum
1992 4365 2092 4404 no-

437 4444 626 4495 strate
655 4440 1378 4512 pecunia,invenient,qua
1407 4439 1854 4514 Byzantinorum
1887 4454 2090 4510 regum

436 4536 494 4584 et
541 4529 895 4586 nostratium
937 4531 1241 4602 opulentia
1287 4531 1537 4587 differat.
1591 4530 1778 4584 Erunt
1827 4527 1948 4598 alii,
1991 4527 2093 4598 qui

2206 1930 2461 2001 primum
2489 1929 2712 1986 laudati
2763 1932 2956 2003 operis
2988 1932 3250 2001 titulum,
3283 1933 3334 1988 si
3369 1949 3484 1989 non
3534 1935 3854 2008 integrum,

2207 2022 2265 2074 at
2294 2018 2496 2074 saltem
2522 2035 2789 2090 magnam
2824 2022 2951 2091 ejus
2985 2025 3205 2091 partem
3229 2021 3285 2076 in
3315 2039 3520 2078 manus
3551 2025 3854 2081 doctorum

2206 2107 2510 2164 hominum
2559 2110 2789 2164 tradere
2828 2108 2854 2162 ?
2903 2109 3030 2179 Egit
3078 2108 3174 2165 ille
3218 2110 3357 2166 olim
3409 2111 3531 2184 περῖ
3586 2113 3855 2186 βασιλέων

2204 2194 2632 2271 ἀναγορεὺσεως,
2665 2200 2731 2254 de
2780 2200 3179 2268 imperatorum
3219 2217 3520 2274 regumque
3563 2205 3856 2260 renuntia-

2203 2287 2376 2356 tione,
2413 2290 2477 2342 ut
2506 2303 2536 2342 e
2566 2287 2815 2342 Fabricii
2846 2287 2993 2343 Bibl.
3048 2288 3223 2347 Gram.
3259 2294 3400 2346 tom.
3431 2291 3525 2358 VI,
3577 2310 3705 2366 pag.
3740 2295 3844 2348 492

2205 2381 2453 2434 constat.
2486 2376 2662 2448 Atqui
2694 2377 3011 2433 voluminis
3044 2378 3219 2449 hujus
3249 2381 3439 2452 capita
3469 2382 3585 2438 XCI
3609 2392 3658 2438 et
3690 2387 3746 2438 et
3769 2400 3854 2439 se-

2206 2468 2462 2541 quentia,
2507 2486 2538 2524 a
2580 2469 2832 2541 pag.238
2865 2485 3050 2539 usque
3081 2471 3152 2525 ad
3183 2488 3311 2543 pag.
3338 2472 3434 2527 251
3472 2489 3588 2528 non
3620 2478 3851 2531 tantum

2202 2558 2261 2613 in
2295 2560 2636 2614 universum
2670 2559 3022 2615 cerimonias
3053 2561 3328 2617 distincte
3362 2565 3855 2636 tradunt,quibus

2203 2649 2390 2720 prima
2420 2649 2612 2718 [Ed.L.
2649 2647 2746 2719 IV]
2790 2647 3076 2718 CPpoleos
3126 2655 3293 2706 estate
3344 2653 3726 2723 imperatores
3774 2655 3856 2710 ibi

2203 2736 2467 2792 solebant
2497 2737 2957 2808 nuncupari,sed
2986 2746 3037 2792 et
3071 2738 3131 2793 in
3163 2740 3357 2808 specie
3398 2743 3602 2796 Leonis
3635 2745 3853 2815 magni,

2200 2825 2406 2881 Leonis
2457 2826 2724 2895 minoris,
2757 2826 3050 2882 Anastasii
3100 2827 3312 2897 Dicori,
3344 2829 3557 2886 Justini
3603 2833 3849 2890 senioris

2201 2920 2256 2970 et
2284 2915 2596 2970 Justiniani
2642 2915 2837 2987 Magni
2878 2917 3332 2974 renuntiationes
3373 2927 3487 2974 tam
3523 2920 3848 2978 luculenter

2199 3009 2620 3076 exsequuntur,
2656 3010 2717 3059 ut
2765 3003 2911 3060 nihil
2944 3005 3263 3062 desiderari
3312 3015 3503 3079 queat,
3535 3009 3846 3084 lucemque

2198 3094 2539 3167 praeclaram
2587 3093 2675 3150 illi
2725 3093 3102 3150 historiarum
3145 3097 3295 3167 parti
3340 3101 3680 3156 accendant.
3727 3103 3842 3173 Ego

2200 3183 2436 3255 quidem
2483 3199 2600 3239 non
2653 3183 2847 3252 credo,
2908 3201 3157 3255 usquam
3203 3187 3579 3257 antiquorum
3631 3207 3841 3247 monu-

2200 3277 2532 3330 mentorum
2551 3273 2746 3328 locum
2769 3273 3119 3344 exslare,qui
3141 3275 3290 3331 ritus
3315 3279 3842 3350 nuncupandorum

2199 3366 2613 3435 Augustorum,
2650 3367 2872 3419 veteres
2905 3379 3112 3434 nempe
3144 3363 3276 3420 illos
3326 3383 3596 3439 mareque
3629 3369 3846 3426 Roma-

2201 3469 2500 3524 nos,azque
2531 3451 2836 3524 splendide
2865 3457 3318 3524 exponat,atque
3350 3457 3633 3525 particula
3662 3461 3848 3516 nostri

2202 3541 2415 3612 operis,
2449 3541 2519 3595 de
2553 3556 2663 3611 qua
2698 3538 2842 3594 mihi
2873 3556 3064 3596 sermo
3096 3557 3252 3597 nunc
3283 3547 3388 3598 est.
3425 3545 3844 3617 Antiquitatem

2201 3629 2329 3700 ejus
2357 3630 2584 3700 spirant
2615 3628 2832 3698 omnia,
2863 3629 3155 3685 orationes
3185 3632 3256 3686 ad
3289 3631 3636 3689 fortissimos
3683 3653 3847 3692 exer-

2203 3718 2372 3782 citus,
2406 3715 2785 3786 Augustatica
2812 3717 3122 3788 promissa,
3158 3717 3413 3774 mili-tum
3447 3725 3621 3792 atque
3664 3740 3846 3794 popu-

2203 3806 2390 3860 lorum
2438 3803 2911 3861 acclamationes.
2963 3808 3095 3870 Quo:
3141 3807 3240 3880 qui
3280 3825 3410 3864 cum
3463 3811 3849 3881 scriptoribus

2201 3893 2476 3950 Historiae
2521 3898 2797 3965 Augustae
2828 3893 2999 3964 vulgo
3030 3897 3112 3951 sic
3162 3897 3334 3953 dictis
3372 3910 3688 3972 comparet,
3729 3919 3846 3958 non

2200 3983 2411 4056 poterit
2435 3982 2485 4038 is
2507 3983 2730 4054 absque
2751 3983 3046 4055 voluptate
3074 3985 3388 4056 imaginem
3419 3988 3620 4044 veteris
3651 3990 3849 4048 Romae

2201 4075 2263 4130 in
2292 4090 2442 4129 nova
2491 4071 2888 4143 contemplari.
2922 4073 3217 4146 Quidquid
3270 4079 3502 4133 tandem
3554 4081 3729 4136 fuerit
3776 4082 3848 4138 de

2201 4163 2534 4234 conjectura
2563 4178 2715 4232 mea,
2753 4161 2874 4217 sive
2921 4165 3204 4233 particula
3251 4183 3319 4222 ea
3361 4169 3430 4223 de
3462 4185 3578 4238 qua
3619 4169 3847 4241 loquor,

2201 4253 2339 4308 olim
2373 4253 2444 4308 ad
2469 4252 2709 4308 titulum
2729 4253 2986 4324 primum
3007 4255 3262 4325 ingentis
3285 4257 3442 4312 illius
3463 4267 3516 4313 et
3546 4260 3846 4316 celebratae

2201 4341 2591 4407 bibliothecae,
2622 4345 2685 4397 ut
2734 4342 2816 4397 ita
2844 4341 3054 4410 dicam,
3089 4343 3605 4414 Constantinianaa,
3641 4355 3756 4417 aut,
3799 4349 3851 4404 si

2203 4431 2398 4502 malis,
2431 4431 3004 4498 Pentecontateuchi,
3045 4436 3413 4504 pertinuerit,
3459 4436 3581 4492 sive
3612 4437 3846 4496 minus:

2203 4537 2307 4594 ego
2339 4521 2578 4593 quidem
2620 4537 2737 4576 non
2768 4523 2992 4591 dubito,
3027 4539 3152 4579 eam
3185 4523 3517 4596 decerptam
3568 4525 3749 4583 fuisse
3780 4543 3849 4583 ex

439 4617 766 4690 singularia
796 4600 1059 4691 qua,de
1091 4620 1554 4692 disputationum
1586 4619 1778 4690 capita
1815 4618 1951 4674 hinc
1983 4617 2090 4672 de-
2120 4600 2168 4660 D
2201 4611 2314 4667 alio
2346 4611 2595 4684 quodam
2627 4614 2856 4666 vetusto
2889 4611 3104 4683 insigni
3136 4612 3305 4678 libro,
3348 4615 3517 4684 cujus
3554 4616 3848 4687 jacturam

437 4712 722 4780 cerpent;
769 4723 820 4764 e.
854 4725 930 4780 c_.,
969 4709 1164 4781 qualis
1203 4710 1376 4766 luerit
1418 4708 1692 4764 ludorum
1741 4706 2092 4762 circensium

433 4798 596 4869 apud
649 4798 993 4870 Byzantinos
1034 4799 1398 4869 constitutio,
1448 4814 1540 4855 res
1592 4797 1910 4854 admodum
1959 4795 2092 4850 obs-

436 4904 580 4944 cura
605 4908 619 4956 ;
644 4897 852 4961 et,quae
887 4908 997 4947 non
1031 4891 1232 4947 minus
1262 4898 1370 4959 est,
1401 4889 1590 4962 qualis
1625 4886 1797 4943 fuerit
1829 4903 1984 4958 pars,
2007 4885 2092 4940 vel

438 4977 780 5045 comitatus,
829 4981 1224 5051 Augustarum
1259 4979 1559 5053 Byzantii;
1604 4977 1843 5033 unctine
1885 4976 2094 5032 fuerint

438 5066 526 5122 illi
559 5068 943 5139 imperatores
975 5070 1050 5127 ad
1088 5070 1422 5127 Latinorum
1473 5068 1844 5140 exemplum;
1881 5083 2092 5138 quous-

438 5173 558 5228 que
589 5173 781 5214 sermo
835 5160 1078 5217 Latinus
1110 5161 1169 5216 in
1219 5161 1350 5216 aula
1396 5162 1625 5216 CPtana
1673 5157 2007 5224 obtinuerit,
2043 5163 2096 5211 et

432 5245 550 5301 ille
582 5248 877 5306 orationes
909 5267 942 5307 a
967 5265 1172 5307 recens
1197 5251 1551 5320 nuncupatis
1583 5246 2034 5319 imperatoribus
2065 5260 2096 5300 e

431 5336 712 5392 tribunali
743 5340 968 5396 oircove
1000 5341 1072 5396 ad
1112 5339 1324 5397 milites
1353 5341 1545 5405 dictae,
1572 5354 1700 5409 quas
1735 5341 1946 5392 nostra:
1985 5335 2098 5391 edi-

429 5425 616 5481 tionis
643 5443 676 5480 a
706 5443 838 5501 pag.
879 5429 989 5484 239
1036 5428 1175 5485 inde
1221 5428 1520 5501 leguntur,
1554 5426 1844 5483 fuerintne
1883 5425 2097 5481 Graecis

432 5514 645 5572 iisdem
677 5519 866 5576 verbis
898 5519 1183 5586 recitatae,
1235 5535 1306 5573 an
1341 5517 1538 5589 potius
1572 5515 1778 5572 Latine
1823 5513 2098 5584 primitus

429 5604 682 5676 dictata,
715 5608 926 5667 deinde
955 5625 1099 5663 vero
1129 5625 1160 5662 a
1205 5607 1372 5663 Petro
1417 5605 1696 5676 Magistro
1726 5603 1790 5660 in
1835 5603 2098 5658 Graecum

429 5709 758 5756 sermonem
789 5713 1136 5764 conversae;
1169 5696 1322 5766 quod
1358 5695 1496 5750 mihi
1532 5693 1767 5767 quidem
1801 5691 2101 5764 probabile

2201 4699 2457 4755 studiosi
2485 4698 2864 4770 antiquarum
2898 4716 3092 4754 rerum
3146 4701 3449 4772 aegerrime
3480 4705 3710 4774 ferunt;
3745 4704 3851 4760 sci-

2201 4787 2337 4844 licet
2366 4805 2434 4842 ex
2467 4787 2616 4842 Petri
2650 4788 2933 4858 Magistri,
2966 4789 3072 4843 viri
3103 4787 3516 4861 illustrissimi,
3547 4810 3846 4850 sacrorum

2204 4876 2527 4932 ofﬁciorum
2555 4874 2706 4945 apud
2739 4873 3136 4932 Justinianum
3170 4877 3443 4951 Magnum
3479 4880 3768 4951 magistri,
3792 4883 3853 4937 et

2205 4968 2272 5021 ad
2309 4964 2628 5020 Gothorum
2660 4964 2721 5018 in
2753 4963 2920 5019 Italia
2950 4981 3134 5037 reges,
3160 4973 3217 5024 et
3247 4970 3316 5024 ad
3349 4970 3620 5025 Cosroem
3650 4971 3852 5026 Persa-

2204 5071 2334 5111 rum
2369 5069 2601 5126 quoque
2647 5052 2922 5124 deinceps
2971 5053 3160 5127 legati,
3204 5058 3391 5125 libris,
3443 5074 3589 5130 quos
3640 5059 3854 5116 Suidas

2205 5143 2402 5201 laudat
2461 5139 2594 5214 Περὶ
2650 5139 2946 5213 πολιτικῆς
3005 5147 3404 5215 καταστάσεως,
3477 5150 3548 5204 De
3593 5150 3856 5204 constitu-

2206 5237 2355 5291 tione
2410 5231 2597 5287 civilis
2652 5232 3082 5303 gubernationis.
3143 5236 3364 5309 Saepius
3420 5237 3527 5292 viri
3586 5238 3856 5295 meminit

2207 5321 2543 5391 Procopius,
2595 5322 2864 5378 meminit
2926 5340 3155 5396 quoque
3212 5327 3600 5382 Cassiodorus.
3655 5327 3856 5400 Neque

2206 5414 2471 5486 ignotum
2505 5411 2633 5481 ejus
2672 5429 2882 5469 nomen
2923 5420 3011 5470 est
3042 5416 3100 5470 in
3133 5415 3378 5473 historia
3421 5417 3755 5488 Byzantina,
3789 5435 3857 5474 ex

2210 5503 2372 5559 titulo
2406 5502 2822 5574 Excerptorum
2869 5504 3480 5563 Constantinianorum
3515 5508 3584 5563 de
3613 5508 3855 5580 legatio—

2209 5595 2406 5660 nibus,
2439 5592 2607 5663 cujus
2657 5595 2930 5666 superius
2960 5597 3316 5654 mentionem
3352 5597 3711 5667 injiciebam.
3745 5598 3856 5654 Ex-

2210 5689 2364 5742 stant
2393 5682 2452 5737 in
2486 5697 2553 5738 eo
2593 5682 2757 5738 titulo
2788 5686 3058 5755 quaedam
3089 5688 3218 5759 ejus
3249 5689 3590 5759 fragmenta,
3623 5685 3852 5742 nullum
