4184 6422
412 374 490 434 39
1745 363 1966 424 JOAN.
2012 363 2170 424 JAC.
2222 363 2510 427 REISKII
3759 375 3834 434 io

415 516 608 564 tamen
657 501 877 561 Juliani
923 503 1090 556 aetate
1140 498 1456 570 posterius.
1506 499 1578 552 At
1607 497 1666 552 in
1717 501 1914 553 nostro
1967 513 2062 552 co-
2094 499 2146 557 A
2176 498 2351 554 fidem
2385 517 2501 557 non
2554 503 2793 558 accedit.
2844 505 3030 572 Patet,
3075 504 3422 572 scriptorem
3470 506 3663 574 rebus,
3697 523 3834 563 cum

412 597 538 652 dice
613 610 740 665 cap.
818 591 910 659 87,
978 589 1081 645 lib.
1145 605 1184 658 I,
1254 603 1391 659 pag.
1462 588 1591 652 2‘29,
1667 602 1780 642 non
1838 591 2068 642 tantum

407 685 682 750 Theudm,
716 678 947 738 Gothici
979 679 1038 732 in
1072 677 1354 748 Hispania
1385 676 1631 747 regis,ad
1663 675 2066 730 Justinianum

409 774 622 846 legatio
671 770 829 826 velut
876 767 934 822 in
977 766 1228 821 transitu
1283 769 1663 827 memoratur.
1697 765 1797 819 sed
1849 763 2066 819 ibidem

410 879 637 936 quoque
668 877 737 916 ex
765 858 1021 930 professo
1056 853 1456 912 memorabilis
1496 853 1789 908 Anthemii
1821 854 1889 908 ad
1925 853 2066 908 Leo-

411 969 547 1009 nem
596 950 874 1021 Magnum
928 945 1136 1018 legatio
1187 944 1519 1016 exponitur,
1576 959 1692 1013 qua
1750 943 2068 1010 imperator

411 1041 740 1099 Occidentis
791 1039 1080 1094 laureatas
1125 1053 1260 1091 suas
1301 1033 1589 1104 imagines
1617 1040 1790 1103 atque
1843 1031 2063 1087 litteras

411 1129 692 1188 Orientali
717 1128 1004 1184 mittebat.
1040 1129 1103 1181 in
1137 1125 1477 1179 universum
1509 1139 1577 1177 ea
1608 1121 1824 1188 omnia,
1859 1137 1988 1191 quae
2031 1137 2065 1175 a

411 1236 545 1292 pag.
621 1219 748 1284 225,
810 1233 936 1287 cap.
993 1215 1081 1282 84,
1155 1229 1340 1283 usque
1413 1213 1484 1267 ad
1541 1227 1674 1282 pag.
1743 1210 1871 1276 251,
1931 1225 2060 1281 cap.

409 1309 501 1378 96,
541 1308 836 1378 leguntur,
872 1306 1008 1358 item
1051 1310 1220 1373 caput
1254 1301 1384 1356 libri
1421 1319 1435 1356 1
1485 1299 1784 1367 ultimum,
1818 1303 1874 1354 et
1919 1299 2062 1355 forte

411 1413 645 1468 quoque
689 1394 806 1450 alia
853 1392 1038 1465 plura,
1090 1396 1232 1462 puto
1281 1389 1436 1446 Petri
1485 1388 1749 1458 Magistri
1793 1402 1944 1455 esse,
1994 1403 2063 1442 ex

407 1502 494 1556 eo,
555 1501 730 1556 quem
803 1483 942 1551 dixi,
993 1480 1294 1552 deperdito
1368 1479 1520 1534 libro
1585 1475 1716 1550 Περὶ
1793 1475 2061 1530 καταστά·

409 1594 544 1636 σεως
573 1575 862 1644 decerpta.
897 1571 1188 1628 Promittit
1216 1587 1324 1625 vox
1356 1565 2059 1633 xara’cuctq,constituti0,

407 1681 524 1722 non
586 1667 809 1719 tantum
870 1669 1158 1732 praecepta
1217 1659 1503 1728 sapienter
1573 1656 2057 1712 administrandae

410 1751 760 1823 reipublicae,
787 1751 887 1806 sed
922 1749 1100 1805 etiam
1133 1749 1377 1813 rituum,
1410 1746 1625 1817 quibus
1658 1745 1849 1800 civilia
1882 1761 2056 1816 nego-

407 1842 490 1897 tia
519 1844 904 1913 peraguntur,
929 1837 1349 1908 expositionem
1377 1851 1390 1890 :
1417 1836 1678 1906 adeoque
1705 1834 1958 1906 pertinet
1984 1833 2058 1888 ad
2087 1860 2140 1919 Β

405 1937 630 1988 veteres
662 1930 841 1985 libros
869 1929 1134 1994 tacticos,
1160 1943 1258 1982 seu
1294 1925 1718 1990 cerimoniales,
1743 1926 1814 1979 de
1847 1924 2060 1994 quibus

409 2023 468 2077 in
519 2017 951 2078 commentariis
986 2033 1251 2090 agemus.
1306 2014 1596 2072 Promittit
1640 2015 1792 2069 idem
1826 2029 2058 2086 quoque

407 2110 685 2182 dignitas,
717 2124 891 2180 quam
948 2112 1152 2162 Petrus
1202 2107 1398 2178 gessit,
1441 2104 1707 2175 magistri
1759 2119 2055 2159 sacrorum

406 2199 758 2260 officiorum,
793 2198 863 2252 ad
899 2197 1069 2266 cujus
1099 2195 1360 2252 ofﬁcium
1405 2199 1579 2265 atque
1612 2193 2055 2265 dispositionem

407 2288 585 2344 etiam
636 2285 1080 2342 cerimoniarius
1125 2282 1472 2355 pertinebat.
1519 2282 1706 2338 Enilet
1753 2283 1949 2352 itaque
1997 2283 2055 2337 in

409 2377 516 2433 hoc
546 2375 734 2448 primo
766 2374 940 2444 hujus
971 2371 1163 2444 operis
1190 2371 1485 2427 volumine
1514 2371 1734 2443 grande
1767 2371 1872 2426 hoc
1902 2370 2056 2425 Petri

407 2465 672 2538 Magistri
722 2463 1142 2534 fragmentum,
1193 2461 1346 2516 velut
1393 2459 1710 2532 gemmula.
1752 2462 1824 2515 At
1862 2459 1919 2514 in
1965 2475 2058 2514 se-

408 2557 623 2623 cundo,
677 2556 832 2626 quod
891 2553 1118 2609 favente
1167 2553 1280 2608 Deo
1333 2553 1680 2622 quantocius
1729 2552 2053 2622 expediam,

408 2646 564 2701 inter
595 2645 708 2700 alia
742 2642 1016 2714 praeclara
1046 2642 1289 2697 enitebit
1333 2640 1589 2712 prolixus
1621 2646 1678 2696 et
1709 2639 1956 2710 insignis
1986 2639 2055 2693 li-

405 2735 508 2790 ber
539 2733 790 2804 alicujus
839 2729 1148 2796 Philothei,
1184 2730 1636 2800 protospatharii
1670 2734 1725 2785 et
1758 2729 2053 2784 artoclinae

405 2824 564 2893 regii,
603 2839 718 2894 quo
764 2838 880 2876 non
913 2825 1136 2876 tantum
1173 2819 1501 2874 divinarum
1549 2820 1852 2889 epularum
1898 2817 2057 2872 ordi-

397 2930 532 2969 nem
567 2911 737 2983 plene
769 2911 1183 2980 distincteque,
1221 2914 1281 2964 ut
1309 2908 1391 2963 nil
1429 2925 1626 2978 supra,
1662 2909 2054 2979 persequitur,

397 3003 499 3059 sed
535 3001 735 3066 etiam,
763 2999 913 3068 quod
945 3005 1290 3069 argumento
1312 2996 1396 3050 illi
1430 2996 2052 3066 cohaaret,dignitatum

395 3095 514 3147 tam
549 3087 957 3161 palatinarum,
992 3102 1169 3157 quam
1202 3085 1570 3149 militarium,
1604 3090 1661 3139 et
1702 3085 1824 3154 [Ed.
1869 3085 1930 3139 L.
1967 3085 2054 3155 V.]

395 3180 757 3236 urbanarum
792 3192 1046 3248 quoque,
1077 3193 1108 3230 a
1141 3174 1393 3230 summis
1426 3175 1496 3230 ad
1523 3175 1694 3244 imas,
1727 3176 1967 3230 nomina
1996 3179 2052 3228 et

395 3268 744 3342 prmsidendi
771 3267 928 3336 jura,
973 3266 1111 3320 item
1146 3282 1273 3336 qua
1307 3265 1425 3320 sint
1475 3264 1788 3333 axiomata,
1823 3280 1920 3320 seu
1953 3265 2044 3318 di-

396 3358 662 3430 gnitates,
691 3372 819 3428 quae
850 3355 1061 3423 officia,
1109 3354 1326 3426 quibus
1364 3369 1497 3409 cum
1548 3353 1799 3422 brabeis,
1834 3355 1918 3408 vel
1954 3354 2041 3409 in-

393 3448 680 3518 signibus,
710 3445 1109 3512 conferantur,
1147 3460 1372 3499 necnon
1405 3460 1517 3514 quo
1564 3459 1808 3515 quaeque
1841 3444 2043 3500 ordine

391 3545 445 3592 et
494 3537 709 3607 quibus
756 3535 963 3589 diebus
1009 3534 1078 3588 ad
1123 3549 1348 3588 sacram
1401 3550 1661 3588 mensam
1711 3534 2038 3602 advocetur,

393 3628 652 3684 assideat
683 3633 738 3682 et
769 3625 928 3681 illinc
960 3641 1162 3681 rursus
1192 3627 1513 3693 emittatur,
1546 3629 1822 3680 recenset.
1856 3625 2043 3680 Habet

388 3722 669 3789 praeterea
720 3723 1033 3787 utrumque
1080 3717 1354 3770 volumen
1395 3713 1507 3770 alia
1562 3722 1966 3780 monumenta,
2009 3730 2039 3770 e

389 3806 606 3876 quibus
642 3806 722 3859 Du
755 3803 957 3875 Cangii
987 3803 1247 3859 Familz’ae
1276 3803 1600 3874 Byzantina;
1632 3803 1855 3874 augeri,
1892 3803 2037 3858 Con-

385 3894 775 3965 stantinopolis
808 3893 1126 3948 Christiana
1157 3893 1390 3964 corrigi,
1413 3891 1862 3964 Byzantinorum
1888 3907 2036 3962 quo-

387 3985 655 4039 rumdam
688 3982 1093 4038 historicorum
1128 3982 1321 4037 hiatus
1357 3981 1594 4052 expleri,
1640 3987 1695 4035 et
1723 3980 2035 4037 chronolo-

389 4072 520 4144 gica
571 4074 836 4142 quaedam
889 4076 1189 4126 momenta
1239 4078 1388 4127 recte
1437 4070 1709 4126 constitui
1765 4076 2029 4139 possunt.

385 4163 509 4225 Quo
557 4161 852 4233 pertinent
896 4160 1256 4215 narrationes
1287 4160 1356 4216 de
1385 4159 1690 4230 Theophili
1733 4166 1790 4214 et
1837 4159 2031 4214 Basilii

383 4249 722 4306 Macedonis
770 4248 1102 4319 triumphis,
1161 4249 1218 4302 in
1271 4249 1592 4320 appendice
1635 4247 1766 4303 libri
1815 4248 2027 4319 primi;

381 4340 520 4395 item
571 4339 641 4395 de
691 4337 1057 4409 expeditione
1103 4337 1344 4392 Himerii
1403 4337 1682 4392 adversus
1731 4342 2032 4393 Cretenses

379 4431 699 4485 Saracenos
750 4428 856 4483 sub
910 4427 1096 4482 Leone
1145 4426 1418 4498 Sapiente
1465 4426 1617 4481 dicto
1668 4445 1682 4495 ;
1734 4442 1903 4496 porro
1962 4427 2032 4481 de

2179 595 2540 659 gererentur,
2574 591 2930 648 interfuisse.
2980 593 3087 657 Qui
3140 593 3482 649 orientalem
3532 595 3839 652 historiam

2178 688 2397 745 amant,
2433 682 2722 752 reperient
2749 683 2806 737 in
2832 683 3088 738 secundo
3111 683 3410 740 volumine
3444 690 3837 741 memoratum

2177 767 2430 839 aliquem
2466 770 2834 839 Dilemicum,
2868 771 3120 827 emirum
3164 773 3411 837 Amidze,
3445 773 3745 829 hominem
3778 782 3832 830 et

2177 862 2465 912 oratorem
2497 859 2620 913 Abu
2641 860 2965 915 Chamdani
2991 861 3063 916 ad
3088 860 3533 918 Constantinum
3559 871 3825 919 nostrum

2177 947 2445 1001 missum.
2483 949 2587 1012 Qui
2633 949 2758 1004 Abu
2810 949 3114 1004 Chamdan
3164 949 3273 1018 (sic
3306 951 3461 1007 enim
3513 969 3616 1023 pro
3669 969 3828 1009 more

2175 1033 2408 1091 illorum
2459 1045 2806 1108 temporum,
2841 1037 3111 1108 quamvis
3163 1055 3277 1094 non
3329 1041 3472 1095 satis
3517 1043 3690 1109 recte,
3734 1057 3836 1112 pro

2174 1123 2279 1180 Ibn
2310 1125 2607 1181 Chamdan
2658 1126 3009 1198 appellatur)
3043 1127 3294 1183 fueritne
3323 1129 3830 1196 Naseroddaulah,

2173 1229 2246 1267 an
2295 1212 2424 1282 ejus
2475 1213 2654 1269 frater
2700 1214 3144 1285 Saifoddaulah,
3194 1216 3366 1272 ambo
3418 1221 3686 1288 potentes
3729 1235 3834 1290 per

2171 1301 2398 1374 Syriam
2435 1307 2607 1372 atque
2629 1305 3110 1375 Mesopotamiam
3147 1305 3528 1377 principes,et
3556 1307 3618 1362 in
3652 1306 3834 1362 histo-

2172 1390 2258 1446 ria
2287 1391 2556 1448 orientali
2606 1394 2886 1464 celebres,
2922 1395 2982 1448 in
3015 1395 3455 1451 commentariis
3510 1395 3828 1466 inquiram.

2172 1479 2254 1536 Ne
2300 1479 2513 1537 leviora
2560 1481 2661 1538 illa
2709 1499 3183 1548 commemorem,
3233 1483 3293 1539 in
3343 1485 3603 1540 secundo
3656 1484 3826 1551 libro,

2171 1569 2314 1625 alias
2344 1571 2494 1626 inter
2525 1571 2936 1643 inscriptiones
2959 1573 3288 1628 litterarum
3323 1589 3357 1628 a
3386 1573 3725 1645 Byzantinis
3755 1574 3827 1629 ad

2170 1658 2313 1714 alios
2344 1676 2508 1731 reges
2539 1664 2947 1732 terrarumque
2979 1662 3245 1717 dominos
3277 1663 3828 1728 missarum,haberi

2171 1763 2404 1817 quoque
2460 1749 2873 1819 inscriptiones
2931 1748 3284 1817 litterarum,
3342 1749 3430 1806 vel
3515 1767 3824 1806 aurearum

2171 1834 2486 1904 bullarum,
2520 1842 2587 1892 ut
2614 1838 3009 1908 appellabant,
3034 1839 3104 1893 ad
3139 1838 3649 1910 Protosymbulum
3681 1841 3827 1911 Aga-

2169 1942 2464 1993 renorum,
2517 1927 2617 1998 qui
2671 1932 2761 1983 est
2808 1928 3175 1998 Bagdadicus
3222 1927 3506 1993 Chalifah,
3557 1929 3693 1982 item
3747 1928 3820 1982 ad

2169 2015 2345 2070 Indiae
2421 2016 2730 2072 dominum
2789 2019 2937 2088 (quae
3007 2017 3311 2088 inscriptio
3379 2018 3524 2072 mihi
3581 2017 3817 2087 quidem

2167 2119 2450 2174 perquam
2503 2106 2650 2159 mira
2683 2106 2892 2160 accidit
2927 2123 2939 2160 :
2975 2123 3090 2160 non
3142 2107 3298 2161 enim
3349 2107 3514 2161 video
3563 2107 3702 2177 quid
3737 2106 3820 2160 rei

2166 2191 2499 2263 Byzantinis
2522 2195 2991 2264 imperatoribus,
3018 2203 3214 2251 nostro
3238 2200 3392 2250 certe
3409 2195 3818 2262 Constantino,

2167 2297 2299 2335 cum
2335 2281 2510 2336 India:
2544 2300 2698 2353 rege,
2725 2283 2781 2339 id
2805 2289 2896 2339 est
2925 2284 3150 2338 Arabiae
3175 2284 3403 2351 Felicis,
3439 2288 3502 2339 ut
3533 2301 3635 2354 ego
3666 2285 3824 2355 equi-

2166 2372 2297 2427 dem
2331 2374 2623 2442 existimo,
2647 2390 2958 2430 commune
2991 2375 3227 2446 fuerit):
3261 2380 3586 2446 comparent
3615 2375 3821 2432 ibidem

2166 2459 2275 2515 loci
2311 2461 2640 2517 litterarum
2691 2463 3104 2534 inscriptiones
3136 2464 3205 2518 ad
3260 2462 3491 2535 regulos
3545 2463 3820 2519 obscuros

2165 2549 2386 2615 Ibcriaa,
2419 2550 2701 2621 Albaniae,
2733 2557 2790 2608 et
2818 2553 3123 2623 Abasgiae;
3160 2553 3314 2608 unde
3355 2553 3424 2608 ad
3471 2553 3820 2624 geographi-

2164 2657 2293 2698 cam
2329 2641 2594 2696 notitiam
2645 2646 2870 2698 tractus
2903 2659 3103 2698 versus
3152 2643 3448 2712 Scythiam
3495 2643 3812 2698 Asiaticum

2165 2730 2451 2801 vergentis
2482 2731 2738 2786 accessio
2771 2731 2888 2786 fiat.
2909 2732 3308 2788 Memorantur
3339 2747 3571 2802 quoque
3602 2731 3817 2802 princi-

2166 2834 2266 2888 pes
2298 2817 2520 2887 aliquot
2554 2818 2866 2890 Bulgarici,
2918 2836 3066 2890 quos
3095 2818 3152 2873 in
3185 2835 3361 2874 omne
3406 2817 3646 2874 historia
3676 2819 3818 2874 hac-

2166 2912 2333 2960 tenus
2365 2907 2581 2960 frustra
2631 2907 2932 2978 requisivi.
2968 2909 3165 2970 Quzero
3213 2907 3431 2978 pariter
3460 2907 3817 2978 adhucdum,

2164 2995 2407 3064 quinam
2445 2995 2746 3062 fuerint,et
2777 3013 2808 3050 a
2839 3012 2952 3066 quo
2976 2997 3045 3051 ad
3071 3000 3332 3052 nostrum
3365 2996 3813 3052 Constantinum

2164 3085 2335 3156 legati
2377 3085 2461 3138 illi
2496 3085 2756 3155 Hispani,
2789 3102 3041 3155 quorum
3074 3086 3252 3140 altero
3297 3085 3444 3141 libro
3478 3086 3694 3142 mentio
3727 3088 3810 3142 fit.

2163 3175 2241 3229 Ea
2273 3190 2506 3245 quoque
2556 3173 2837 3245 particula
2886 3174 3030 3230 scita
3060 3181 3169 3244 est,
3205 3191 3331 3245 quae
3381 3191 3494 3246 quo
3535 3176 3810 3231 comitatu

2155 3263 2401 3319 celebris
2451 3263 2551 3318 illa
2611 3264 2930 3319 Russorum
2983 3263 3346 3319 archontissa
3407 3281 3506 3320 seu
3555 3265 3808 3335 ducissa,

2152 3352 2316 3424 Elga,
2368 3353 2453 3408 vel
2503 3351 2667 3424 Olga,
2722 3357 2784 3407 ut
2835 3353 2932 3408 alii
2977 3353 3303 3424 appellant,
3353 3353 3520 3409 CPlin
3567 3354 3808 3422 venerit,

2151 3447 2409 3510 enarrat,
2445 3449 2499 3496 et
2529 3442 2746 3515 quibus
2778 3443 2904 3513 [Ed.
2940 3442 3004 3498 L.
3037 3443 3134 3509 Vl]
3169 3443 3492 3499 honoribus
3525 3443 3812 3515 donisque

2152 3547 2278 3586 eam
2312 3536 2369 3586 et
2399 3532 2744 3586 comitatum
2767 3531 3005 3604 Augusti
3038 3533 3220 3587 nostri
3253 3533 3571 3597 affecerint,
3605 3548 3718 3603 quo
3751 3533 3809 3586 in

2150 3622 2408 3678 conclavi
2439 3623 2860 3679 Constantinus
2893 3627 2948 3679 et
2996 3623 3294 3680 Romanus
3327 3623 3504 3694 ﬁlius,
3537 3642 3653 3695 quo
3681 3640 3806 3680 rur-

2149 3728 2252 3767 sus
2284 3712 2499 3768 Helena
2530 3717 2794 3785 Augusta
2834 3718 2890 3768 et
2920 3714 3048 3784 ejus
3081 3730 3266 3770 nurus
3293 3730 3417 3769 eam
3447 3715 3802 3785 exceperint,

2147 3809 2198 3856 el
2229 3803 2302 3856 ad
2343 3801 2723 3872 colloquium,
2758 3805 2860 3858 aut
2891 3806 2949 3859 et
2992 3803 3063 3858 ad
3097 3805 3320 3874 epulas,
3353 3808 3410 3858 et
3433 3803 3651 3874 quibus
3682 3803 3799 3858 die-

2146 3891 2279 3958 bus,
2331 3893 2695 3957 admiserint,
2746 3895 2980 3963 quando
3042 3909 3238 3949 coram
3285 3893 3568 3964 Augustis
3617 3897 3793 3963 stare,

2146 3981 2380 4053 quando
2413 3982 2716 4037 considere
2737 3983 3047 4053 jusserint.
3082 3982 3228 4048 Quid
3281 3982 3529 4054 denique
3557 3982 3789 4038 aﬂ‘eram

2143 4071 2307 4126 urbis
2343 4070 3006 4143 Constantinopolitanae
3038 4071 3214 4126 situm
3247 4076 3305 4126 et
3337 4071 3566 4136 faciem,
3597 4071 3706 4136 vel,
3731 4076 3794 4126 ut

2141 4159 2461 4230 appellant,
2505 4159 2980 4231 topographiam,
3013 4159 3204 4231 qualis
3247 4174 3316 4215 ea
3346 4164 3513 4215 aetate
3545 4163 3695 4229 erat,
3725 4158 3786 4214 in

2139 4247 2342 4303 multis
2389 4249 2606 4304 rectius
2655 4265 2724 4303 ex
2767 4249 2871 4304 hoc
2920 4249 3071 4305 libro
3118 4249 3357 4321 percipi,
3407 4265 3581 4319 quam
3631 4265 3662 4302 e
3704 4253 3790 4303 Du

2137 4336 2338 4408 Cangii
2373 4337 2504 4393 CPli
2536 4337 2876 4406 Christiana,
2911 4339 3182 4408 praeclaro
3209 4337 3351 4393 alias
3383 4342 3440 4393 et
3470 4337 3788 4393 utilissimo

2134 4424 2306 4494 libro,
2340 4427 2447 4483 viri
2481 4427 2810 4484 doctissimi
2841 4432 2898 4483 et
2927 4428 2986 4483 in
3019 4427 3262 4483 historia
3307 4427 3484 4482 medii
3516 4427 3642 4495 sevi,
3674 4425 3786 4497 By-

381 4517 670 4587 legatione
701 4515 946 4571 Romani
978 4517 1260 4586 Lecapeni
1290 4515 1360 4570 ad
1392 4515 1697 4586 Hugonem
1731 4515 1910 4570 Italiae
1943 4531 2031 4570 re—
2133 4517 2368 4572 zantina
2425 4518 2732 4588 praecipue,
2785 4516 3299 4585 exercitatissimi;
3351 4519 3410 4572 at
3459 4515 3542 4570 illi
3590 4519 3787 4570 tamen

383 4623 540 4679 gem,
591 4609 1058 4680 muneribusque
1106 4605 1189 4662 illi
1229 4622 1360 4662 cum
1402 4605 1870 4677 protospathario
1922 4601 2106 4662 Pa-D
2137 4603 2285 4660 libro
2329 4606 2631 4675 nonnulla,
2686 4623 2817 4677 quas
2879 4607 3082 4663 abesse
3141 4606 3336 4674 malis,
3397 4605 3788 4671 adhaeserunt,

383 4694 606 4751 schalio
645 4695 704 4748 in
746 4711 877 4750 eum
917 4697 1094 4751 finem
1136 4695 1355 4761 missis,
1405 4699 1469 4750 ut
1513 4695 1757 4751 rebelles
1802 4695 2025 4766 Longo-

383 4785 597 4840 bardos
632 4783 1000 4853 Landulfum,
1032 4785 1488 4855 Athenulphum,
1524 4785 1751 4854 fratres,
1784 4788 1839 4840 et
1869 4784 2024 4840 aliud

374 4874 620 4929 fratrum
657 4889 781 4942 par,
815 4869 1160 4929 Gaimarium
1190 4879 1248 4929 et
1287 4873 1623 4940 Gaiferium,
1656 4873 1787 4928 illos
1817 4874 2025 4944 Capuae

381 4967 438 5018 et
466 4962 797 5027 Beneventi,
832 4962 937 5018 hos
967 4961 1186 5017 Salerni
1239 4964 1493 5036 regulos,
1528 4963 1584 5018 in
1625 4963 1894 5018 ordinem
1926 4979 2024 5018 co-

382 5055 559 5122 geret.
593 5051 747 5106 Nitet
791 5066 1026 5122 quoque
1073 5050 1130 5103 in
1179 5053 1364 5122 primo
1409 5054 1516 5107 hoc
1563 5050 1859 5107 volumine
1898 5067 2023 5122 cap.

375 5139 466 5205 96,
515 5155 647 5211 pag.
699 5140 827 5207 253,
877 5139 1039 5194 edita
1086 5137 1334 5194 sollicita
1387 5140 1487 5196 illa
1533 5145 1590 5196 et
1634 5140 1793 5196 velut
1840 5140 2025 5195 diaria

373 5229 631 5284 narratio
663 5227 988 5299 seditionis,
1022 5243 1123 5298 per
1153 5242 1328 5298 quam
1354 5232 1471 5285 a.C.
1503 5231 1608 5285 963
1639 5234 1770 5300 post
1799 5229 2022 5285 obitum

373 5317 623 5374 Romani
648 5317 901 5387 junioris
941 5317 999 5371 in
1033 5316 1176 5371 urbe
1209 5315 1370 5386 regia
1417 5318 1699 5389 obortam,
1733 5317 2022 5389 Nicepho~

375 5420 473 5460 rus
505 5403 722 5460 Phocas
767 5404 1012 5476 imperio
1046 5404 1268 5475 potitus
1299 5411 1405 5458 est.
1439 5405 1620 5467 Quam
1670 5422 1816 5474 rem,
1852 5414 1912 5460 ut
1963 5411 2025 5460 ut

370 5493 670 5550 Cedrenus
702 5511 932 5564 quoque
962 5493 1120 5548 haud
1163 5493 1549 5563 perfunctorie
1580 5495 1916 5564 narraverit,
1951 5495 2023 5549 ad

373 5581 626 5636 hominis
655 5585 873 5652 tamen,
921 5599 953 5637 a
1006 5597 1122 5652 quo
1153 5585 1329 5651 caput
1376 5581 1518 5637 illud
1571 5583 2021 5654 nonagesimum

375 5673 604 5728 sextum
638 5671 958 5742 profectum
991 5675 1099 5741 est,
1123 5668 1512 5741 diligentiam,
1548 5672 1816 5744 peritiam
1850 5676 2023 5742 atque

2139 4711 2387 4767 quorum
2422 4697 2493 4750 de
2525 4702 2731 4752 caetero
2761 4696 2989 4750 veniam
3023 4711 3226 4766 aequus
3278 4694 3531 4764 quisque
3562 4695 3684 4748 viro
3716 4693 3787 4747 de

2139 4784 2230 4840 his
2261 4784 2469 4840 litteris
2523 4783 2900 4840 meritissimo
2948 4783 3117 4839 facile
3163 4784 3353 4839 faciat.
3387 4783 3467 4838 Eo
3517 4781 3784 4854 pertinet,

2138 4879 2199 4929 ut
2228 4873 2283 4928 id
2334 4874 2522 4930 obiter
2553 4873 2860 4945 attingam,
2894 4874 3048 4944 quod
3100 4873 3384 4944 palatium
3436 4872 3783 4942 Magnaurae,

2135 4960 2196 5017 in
2231 4978 2344 5032 quo
2373 4961 2547 5034 legati
2580 4961 2764 5032 excipi
2798 4965 2856 5017 et
2885 4959 3075 5016 audiri
3117 4961 3404 5031 solebant,
3438 4961 3496 5015 in
3529 4965 3785 5016 extrema

2134 5051 2297 5107 urbis
2329 5057 2494 5121 parte
2539 5049 2896 5108 occidentale
2946 5052 3219 5122 posuerit,
3263 5067 3397 5108 cum
3449 5049 3647 5122 magni
3681 5066 3785 5120 pa-

2133 5140 2258 5196 latii
2286 5141 2360 5196 ad
2390 5141 2633 5197 Stenum
2666 5139 2784 5211 siti,
2818 5141 2877 5196 in
2923 5158 3039 5212 quo
3070 5143 3362 5198 ordinaria
3402 5141 3784 5212 imperatores

2132 5229 2494 5300 habitabant,
2542 5246 2674 5302 pars
2728 5236 2896 5288 esset.
2933 5231 2997 5287 In
3021 5249 3085 5289 eo
3120 5248 3352 5304 quoque
3383 5230 3527 5284 ratio
3560 5229 3788 5284 Bandu-

2134 5319 2288 5373 rium
2321 5318 2649 5390 fugit,quod
2674 5319 2961 5378 celebrem
2987 5323 3141 5377 illam
3169 5324 3422 5376 Auream
3456 5318 3542 5374 sic
3573 5319 3785 5374 dictam

2133 5410 2362 5478 portam
2395 5407 2455 5461 in
2489 5408 2697 5464 mediis
2728 5411 3015 5466 moenibus
3049 5409 3175 5464 urbi
3209 5426 3276 5464 ex
3322 5412 3486 5480 parte
3517 5403 3784 5462 terrestri

2131 5495 2221 5550 vel
2253 5495 2597 5553 occidentali
2622 5501 2910 5570 praetentis
2937 5498 3285 5554 collocat.Ea
3312 5513 3444 5553 vero
3477 5497 3548 5552 ad
3581 5495 3779 5551 sinum

2133 5585 2506 5658 Propontidis
2561 5590 2644 5644 sic
2691 5593 2815 5644 erat
2872 5589 3082 5660 posita,
3137 5593 3200 5641 ut
3249 5587 3493 5642 navibus
3539 5585 3609 5639 ad
3651 5599 3780 5639 eam

2131 5675 2343 5748 appelli
2377 5683 2588 5747 posset.
2624 5677 2749 5734 Alia
2781 5682 3077 5748 praetereo,
3107 5694 3232 5749 quas
3259 5676 3501 5749 gratiam
3532 5679 3591 5730 et
3619 5673 3782 5729 favo-
