4184 6468
266 389 316 449 Η

1754 392 2122 453 ΡΡιίΕΕΑΤΙ
2127 392 2227 455 ΟΝ
2235 396 2349 457 ES.

3675 408 3754 467 42

279 542 379 581 rem
402 525 543 583 huic
576 525 766 597 operi
822 526 1180 584 conciliare
1228 528 1455 598 queant,
1498 540 1682 597 quum
1742 523 1883 580 satis
1931 529 1989 581 et
2017 528 2074 593 Α
2104 532 2449 590 θωενσίεαιὶο.
2484 533 2618 590 Vid.
2652 536 2906 594 Bandur.
2948 537 3116 593 initio
3149 542 3422 596 notarum
3455 540 3526 595 ad
3572 540 3754 597 istum

290 616 497 672 abunde
528 616 694 673 mihi
731 618 821 674 de
856 618 989 674 hoc
1027 619 1380 690 argumento
1412 614 1631 671 dixisse
1698 615 1919 684 videar,
1940 619 1997 670 et

294 724 396 779 qua:
429 712 731 779 praeterea
765 707 933 764 huic
965 706 1139 780 operi
1200 707 1402 761 insunt
1451 705 1600 761 scitu
1646 703 1846 777 digna,
1907 720 1998 759 ne-

302 802 530 870 queant,
563 798 672 853 ubi
695 799 1035 869 integrum
1072 795 1372 868 prodierit,
1402 794 1771 851 eruditorum
1802 792 1998 849 oculos

310 888 498 946 fallere
509 931 521 941 .

380 980 416 1053 ig
444 979 501 1034 3.
540 982 619 1033 De
654 976 1052 1048 inscriptione
1091 974 1257 1044 hujus
1297 972 1448 1029 libri.
1484 1003 1554 1014 —-
1594 972 1880 1040 Titulum,
1925 972 1997 1028 de

330 1067 637 1126 cerimoniis
667 1066 823 1122 aulae
856 1063 1221 1137 Byzantines,
1247 1062 1487 1134 praefixit
1518 1062 1655 1117 huic
1678 1061 1839 1133 operi
1856 1060 1996 1117 clar.

334 1158 617 1227 Leichius,
675 1156 750 1211 ad
811 1152 1164 1226 exemplum
1214 1152 1350 1208 Maii
1397 1155 1455 1207 et
1510 1151 1782 1207 Fabricii.
1832 1150 1995 1206 Alius

339 1248 691 1320 conspicitur
720 1244 1037 1301 involucro
1070 1242 1332 1299 coriaceo
1389 1241 1867 1297 membranarum
1901 1256 2003 1296 no-

340 1346 587 1396 strarum
615 1336 985 1407 impressus;
1005 1347 1215 1403 nempe
1239 1331 1308 1386 de
1327 1330 1602 1399 regalibus
1626 1328 1972 1385 institutioni
1982 1358 2003 1369 -

348 1430 466 1483 bus.
498 1430 706 1481 Auctor
734 1424 867 1495 ejus
902 1422 1003 1477 ille
1062 1424 1171 1488 est,
1224 1418 1501 1491 quisquis
1542 1418 1594 1473 is
1654 1418 1845 1486 fuerit,
1905 1417 2005 1488 qui

348 1516 720 1575 membranas
750 1529 817 1569 ea
848 1515 1013 1568 veste
1054 1508 1282 1566 amiciri
1326 1508 1528 1579 jussit,
1576 1507 1635 1562 in
1669 1524 1786 1579 qua
1814 1506 2007 1562 adhuc

344 1608 583 1663 cubant.
617 1601 948 1673 Conjicitur
972 1599 1027 1655 is
1058 1598 1243 1655 fuisse
1274 1596 1550 1653 Matthiae
1606 1595 1909 1655 Corvinus.
1944 1594 2009 1650 i1-

340 1693 743 1752 lustrissimus
771 1707 872 1746 rex
893 1687 1223 1759 Hungarise,
1248 1685 1346 1758 qui
1379 1685 1755 1743 membranas
1777 1688 2010 1743 nostras

343 1786 488 1843 olim
524 1785 586 1838 in
618 1780 847 1838 celebre
886 1778 987 1834 illa
1014 1794 1120 1833 sua
1173 1777 1439 1832 Budense
1468 1773 1825 1831 bibliotheca
1880 1774 2008 1830 ideo

2100 620 2340 689 librum,
2374 626 2518 679 tom.
2543 624 2591 679 ΙΙ
2622 625 2809 698 Antiq.
2841 628 2976 698 Imp.
3019 628 3237 686 Orient.

2171 714 2281 780 δία.
2315 714 2390 768 De
2447 717 2640 770 auctor
2670 714 2822 771 libri.
2879 745 2949 757 -—
3008 716 3143 772 Fuit
3203 716 3313 773 hoc
3355 734 3503 790 opus
3560 719 3755 775 hacte-

2103 816 2237 866 nus,
2280 816 2349 857 ex
2378 801 2491 857 {ide
2541 804 3020 860 membranarum
3076 810 3437 873 nostrarum,
3490 806 3575 862 illi
3604 808 3758 863 Con-

2106 891 2369 947 stantino
2401 891 2975 965 Porphyrogenneto,
3018 895 3223 951 Leonis
3275 895 3566 967 Sapientis
3617 896 3755 965 tilio,

2103 979 2303 1036 Basilii
2335 981 2667 1038 Macedonis
2699 983 2919 1054 nepoti,
2944 984 3256 1054 tributum,
3282 986 3453 1056 cujus
3483 985 3635 1041 inter
3665 987 3761 1041 do-

2104 1077 2226 1126 otos
2250 1078 2599 1142 purpuratos
2648 1088 2862 1145 magna
2892 1073 3023 1129 laus
3054 1079 3110 1129 et
3144 1073 3369 1130 celebre
3407 1090 3621 1130 nomen
3647 1084 3756 1143 est,

2105 1163 2163 1215 et
2183 1159 2275 1215 cui
2297 1158 2410 1215 alia
2432 1177 2665 1231 quoque
2698 1162 2917 1233 ingenii
2946 1163 3312 1219 industriteve
3346 1168 3755 1229 monumenta,

2109 1255 2192 1316 ut,
2235 1254 2442 1321 praeter
2498 1250 2672 1305 modo
2728 1251 3025 1307 laudatum
3076 1251 3377 1324 geminum
3409 1269 3578 1324 opus,
3616 1251 3762 1308 liber

2110 1339 2182 1394 de
2209 1338 2594 1407 thematibus,
2628 1339 2774 1395 alius
2803 1342 2875 1397 de
2904 1341 3024 1397 vita
3053 1341 3273 1411 Basilii,
3324 1341 3464 1397 item
3520 1342 3592 1396 de
3622 1342 3763 1396 ima-

2110 1431 2247 1503 gine
2269 1431 2559 1488 Edessena
2590 1431 2849 1497 libellus,
2871 1433 3257 1503 imputantur.
3294 1434 3411 1505 Ego
3440 1449 3597 1503 vero,
3629 1448 3761 1488 cum

2111 1519 2171 1574 in
2204 1518 2313 1575 hoc
2344 1524 2567 1585 nostro,
2600 1524 2664 1575 ut
2706 1520 3068 1589 inscribitur,
3108 1522 3484 1594 Syntagmate
3539 1520 3763 1577 inveni-

2113 1622 2234 1663 rem
2266 1608 2424 1663 haud
2459 1625 2667 1680 pauca,
2692 1609 2842 1680 ejus,
2884 1626 3057 1681 quem
3098 1610 3239 1680 dixi,
3271 1610 3640 1666 Constantini
3672 1625 3766 1665 ex-

2114 1712 2281 1753 cessu
2340 1698 2685 1769 posteriora,
2763 1713 2880 1755 non
2940 1698 3194 1771 margini
3251 1706 3474 1766 assuta,
3527 1700 3629 1755 sed
3695 1697 3767 1754 ab

2115 1787 2317 1843 eadem
2360 1803 2561 1853 manu,
2620 1804 2746 1858 quae
2814 1792 3022 1845 caetera
3069 1788 3267 1844 omnia
3318 1788 3594 1855 exaravit,
3650 1804 3768 1844 uno

342 1877 538 1931 ῐθΐῑιπ
573 1868 1064 1963 δδδυίεὲθῙ-(Ιυοά
1102 1866 1443 1963 ξη-υἲνειέῖιξθ
1490 1865 1776 1963 ίῐξνριυονί
1808 1863 2014 1963 Έθξωιθι
2043 1898 2090 1963 Β
2120 1875 2398 1932 continuo
2446 1876 2545 1932 ﬁlo
2605 1876 2867 1934 intexta:
2930 1877 3075 1948 ccepi
3124 1878 3196 1933 de
3242 1882 3477 1934 auctore
3540 1877 3771 1949 fideque

344 1963 613 2035 insignia
644 1960 811 2031 regni
860 1955 1176 2029 Hungarici
1207 1960 1263 2011 et
1310 1953 1608 2010 Bohemici
1637 1952 2014 2025 conspiciun-

344 2060 469 2110 tur.
504 2050 715 2108 Adhuc
746 2048 897 2104 alius
938 2046 1191 2117 denique
1221 2045 1425 2101 titulus
1454 2044 1657 2100 ordine
1686 2052 2011 2115 temporum

346 2144 605 2217 primus,
635 2142 728 2196 est
750 2137 847 2194 hic
868 2137 1124 2206 Graecus,
1157 2135 1230 2191 ab
1279 2134 1408 2206 ipso
1450 2133 1859 2202 Constantino,
1891 2135 2014 2197 aut,

346 2235 401 2290 si
434 2231 571 2303 quis
596 2228 785 2294 malit,
816 2244 849 2282 a
880 2225 1118 2282 librario
1177 2223 1492 2295 profectus,
1532 2221 1821 2295 Σύνταγμᾶ
1849 2241 1901 2275 τι
1923 2219 2011 2273 καὶ

352 2320 648 2397 βασιλείου
683 2313 926 2380 σπουδῆς
959 2310 1129 2376 ὅντως
1182 2313 1325 2385 ἄξιον
1385 2312 1626 2385 ποίημα,
1657 2313 2014 2384 compitatum

352 2418 462 2469 aut
518 2413 834 2481 congestum
898 2422 1055 2478 Opus,
1102 2420 1227 2461 vere
1316 2403 1547 2475 dignum
1623 2401 1791 2474 regiis
1846 2402 2017 2458 euris.

353 2509 700 2572 Utrumque
733 2497 973 2570 quidem
1004 2510 1139 2550 vere
1168 2498 1345 2565 atque
1382 2500 1551 2549 recte.
1586 2491 2018 2560 Comportatum

357 2593 524 2649 enim
558 2595 651 2645 est
676 2605 707 2644 e
730 2587 904 2643 variis
927 2584 1284 2652 auctoribus,
1313 2586 1371 2638 et
1400 2582 1695 2653 digestum
1729 2597 1794 2636 eo
1825 2580 2021 2649 modo,

361 2697 481 2753 quo
504 2679 734 2750 lapides
780 2677 841 2731 in
871 2690 1096 2732 acervo.
1145 2673 1276 2728 Fuit
1306 2687 1541 2744 quoque
1585 2670 2022 2742 Byzantinorum

368 2787 573 2844 regum
608 2785 722 2825 non
752 2766 996 2822 minima
1023 2780 1181 2829 cura,
1232 2777 1504 2834 pompam
1561 2767 1615 2815 et
1671 2758 2024 2815 cerimonias

377 2862 528 2916 aulae
586 2875 709 2914 suae
739 2857 808 2911 ad
862 2855 1107 2910 formam
1158 2852 1267 2907 hoc
1297 2850 1448 2905 libro
1496 2849 1766 2905 traditam
1798 2848 2028 2904 confor-

384 2966 551 3005 mare
576 2972 593 3013 -,
622 2947 775 3016 quod
800 2962 865 3001 ex
898 2941 1240 3014 Luitprandi
1274 2939 1521 2995 historia
1548 2942 1734 3010 patet.
1767 2941 1823 2993 Is
1846 2937 2026 3001 enim,

387 3035 603 3111 praesul
640 3035 886 3103 Latinus,
918 3049 1039 3088 non
1092 3031 1439 3101 exiguorum
1489 3028 1832 3099 spirituum,
1893 3041 2028 3080 cum

385 3126 624 3194 videret,
648 3123 885 3179 clericos
919 3121 1075 3194 apud
1128 3121 1357 3175 Graecos
1387 3116 1556 3173 laicis
1587 3132 1703 3171 non
1756 3114 2029 3186 praeferri.

380 3216 617 3287 sibique
637 3214 823 3269 locum
876 3212 939 3267 in
978 3209 1167 3281 epulis
1219 3205 1619 3278 imperialibus
1652 3220 1769 3260 non
1800 3207 2031 3259 tantum

379 3306 536 3361 infra
567 3301 887 3370 Graeculos,
927 3304 992 3354 ut
1019 3297 1296 3371 appellat,
1345 3294 1642 3368 patricios,
1705 3294 1807 3350 sed
1855 3294 2032 3350 etiam

381 3396 534 3452 infra
557 3394 725 3465 ipsos
755 3391 1028 3461 Bulgaros
1052 3386 1338 3459 assignari
1365 3406 1379 3455 ;
1414 3384 1493 3455 (id
1526 3389 1723 3439 autem
1754 3400 1823 3439 ex
1852 3383 2033 3454 hujus

383 3485 525 3542 libri
572 3482 787 3547 edicto,
819 3494 1007 3550 neque
1042 3476 1229 3546 aliter,
1260 3475 1382 3529 ﬁeri
1440 3473 1687 3529 debebat
1712 3472 1753 3544 ;)
1810 3476 2037 3528 tantam

384 3571 709 3629 exardebat
730 3568 959 3624 iniram
993 3569 1171 3637 atque
1201 3562 1689 3635 indignationem,
1724 3566 1924 3617 utnon
1957 3577 2045 3616 so-

386 3663 512 3719 lum
549 3662 621 3715 de
674 3674 843 3715 sacra
885 3672 1092 3712 mensa
1120 3669 1364 3724 surgens
1398 3651 1609 3718 abiret,
1640 3651 1740 3707 sed
1774 3650 1951 3706 etiam
1982 3649 2043 3705 in

387 3750 611 3817 libello,
648 3764 764 3820 quo
809 3746 880 3803 ad
914 3747 1141 3812 herum,
1202 3743 1475 3799 Ottonem
1535 3740 1578 3806 Ι,
1637 3740 2045 3811 imperatorem

390 3839 767 3903 Saxonicum,
830 3852 953 3891 suae
990 3831 1302 3906 legationis
1356 3846 1629 3887 sucessus
1688 3826 2049 3902 perscripsit,

396 3928 795 4001 Nicephorum
828 3924 954 3998 (Ed.
991 3923 1049 3979 L.
1083 3922 1199 3994 VII]
1262 3920 1519 3977 Pbocam
1569 3922 1874 3990 totamque
1904 3916 2055 3973 Grae-

402 4018 551 4073 ciam
579 4012 1172 4072 coloribusinvidiam
1201 4010 1494 4067 cientibus
1508 4008 1861 4080 denigraret.
1880 4007 2057 4062 Recte

402 4106 585 4178 igitur
617 4110 861 4161 eatenus
897 4100 1130 4173 quidem
1162 4097 1433 4171 congruit
1460 4098 1690 4155 Graecus
1720 4096 1819 4152 ille
1849 4094 2057 4151 titulus

403 4194 543 4250 huic
603 4191 789 4263 operi.
820 4193 892 4246 At
943 4206 1009 4246 eo
1060 4188 1265 4245 merito
1297 4186 1623 4258 displiceat,
1683 4186 1835 4255 quod
1894 4200 2062 4257 argu-

406 4288 683 4340 mentum
723 4280 859 4336 libri
885 4279 997 4350 sui,
1030 4277 1204 4351 quale
1236 4277 1330 4347 sit,
1366 4292 1482 4332 non
1521 4276 1675 4331 edat.
1708 4274 1833 4329 Non
1866 4278 2061 4329 tamen

408 4372 642 4429 abludit
671 4371 745 4425 ab
775 4369 1015 4441 ingenio
1043 4368 1289 4423 istorum
1316 4370 1672 4436 temporum,
1707 4369 1764 4419 et
1818 4364 2067 4418 maxime

411 4462 600 4518 nostri
625 4457 1015 4526 Constantini,
1048 4455 1150 4528 qui
1176 4471 1399 4511 morem
1429 4454 1661 4510 videtur
1710 4470 1958 4523 amasse,
1991 4451 2066 4506 li-

412 4552 539 4606 bris
566 4548 696 4604 suis
728 4545 1083 4619 ignorabilia
1111 4553 1170 4600 et
1219 4544 1543 4615 incongrua
1588 4541 1830 4597 nomina
1885 4544 2072 4612 impo-

2121 1965 2545 2034 inscriptionis,
2578 1969 2635 2021 et
2656 1966 2915 2038 vulgaris
2949 1968 3117 2021 fama;
3148 1967 3465 2039 ambigere.
3494 1967 3644 2022 Sunt
3673 1983 3774 2021 au-

2122 2060 2239 2112 tem
2271 2055 2385 2111 illa;
2417 2056 2899 2113 characteristicas
2929 2061 3255 2128 temporum
3306 2062 3457 2114 notae
3507 2058 3591 2113 his
3622 2073 3772 2128 prte-

2125 2145 2330 2217 cipuee.
2358 2148 2421 2201 In
2444 2145 2546 2201 illo
2577 2146 2786 2217 capite,
2820 2147 2974 2218 quod
3008 2155 3388 2203 monumenta
3425 2146 3772 2218 sepulcralia

2126 2234 2546 2306 imperatorum
2565 2234 2925 2291 CPtanorum
2958 2240 3260 2307 percenset
3288 2237 3403 2307 (est
3432 2235 3491 2290 id
3522 2235 3654 2290 libri
3687 2250 3774 2289 se-

2128 2324 2302 2380 cundi
2335 2324 2855 2397 quadragesimum
2899 2327 3265 2396 secundum),
3311 2324 3566 2381 occurrit
3613 2322 3774 2379 illius

2132 2413 2321 2483 ipsius
2370 2413 2760 2481 Constantini,
2812 2430 2987 2484 quem
3036 2412 3211 2469 liceat
3257 2413 3533 2470 doctrina:
3590 2411 3777 2485 gratia

2129 2501 2467 2573 Sapientem
2499 2502 2571 2557 ad
2603 2503 2786 2573 patris
2818 2502 3024 2559 Leonis
3060 2502 3395 2573 exemplum
3456 2501 3775 2574 appellare,

2132 2607 2281 2647 urna
2312 2606 2447 2645 cum
2479 2591 2587 2647 hoc
2642 2591 2830 2663 elogio
2878 2608 2892 2647 :
2933 2589 3169 2665 Λάρναξ,
3202 2590 3254 2644 ἐν
3278 2590 3325 2661 ᾦ
3355 2589 3640 2645 ἀπόκειται
3672 2589 3780 2644 Λέ-

2133 2699 2255 2734 ων..
2315 2679 2407 2731 σὺν
2456 2682 2535 2748 τῷ
2592 2679 2695 2747 υἱῷ
2763 2677 3165 2749 Κωνσταντίνῳ,
3244 2677 3462 2752 ὕστερον
3522 2676 3783 2746 τελευτής-

2135 2786 2307 2836 σαντι,
2363 2787 2444 2838 τῳ
2501 2769 3023 2841 Πορφυρογεννήτῳ,
3118 2769 3290 2835 Urna,
3332 2769 3391 2821 in
3451 2784 3559 2837 qua
3643 2768 3784 2835 jacet

2136 2862 2308 2914 Leo...
2368 2873 2497 2912 cum
2544 2857 2661 2927 ﬁlio
2716 2857 3074 2913 Constantino
3130 2858 3630 2928 Porphrogenneto,
3688 2856 3785 2926 qui

2138 2946 2389 3018 deinceps
2417 2955 2672 3003 mortuus
2700 2945 2782 3017 (id
2815 2950 2904 3001 est
2933 2946 3107 3018 longo
3161 2951 3423 3018 tempore
3452 2952 3580 3016 post
3631 2946 3785 3017 posi—

2138 3039 2264 3092 tum
2288 3036 2437 3107 patri
2469 3044 2918 3091 monumentum
2948 3036 3067 3091 vita
3097 3036 3408 3091 defunctus
3457 3039 3514 3090 et
3571 3034 3631 3090 in
3680 3051 3787 3106 pa-

2141 3129 2375 3180 ternum
2402 3124 2696 3178 tumulum
2745 3122 2963 3192 illatus)
3002 3125 3132 3192 fuit.
3182 3122 3419 3194 Aliquot
3467 3122 3791 3193 interjectis

2144 3213 2413 3269 versibus
2462 3216 2826 3268 memoratur
2891 3211 3114 3279 Basilii,
3163 3212 3331 3282 vulgo
3379 3210 3790 3283 Bulgaroctoni

2144 3302 2307 3371 dicti,
2340 3306 2816 3370 monumentum,
2866 3300 2966 3373 qui
2998 3301 3157 3357 ﬁlius
3218 3302 3465 3357 Romani
3508 3299 3788 3372 junioris,

2146 3406 2328 3463 nepos
2358 3406 2536 3461 supra
2557 3390 2695 3445 dicti
2731 3389 3098 3446 Constantini
3130 3390 3442 3461 Sapientis,
3475 3405 3629 3445 anno
3660 3391 3794 3460 post

2149 3482 2240 3537 avi
2270 3480 2493 3537 obitum
2520 3480 2876 3553 sexagesimo
2913 3480 3119 3553 quinto
3156 3479 3302 3536 vivis
3336 3480 3608 3536 excessit.
3648 3480 3795 3534 Tan-

2153 3572 2285 3627 dem
2318 3585 2549 3641 quoque
2596 3570 2786 3641 capite
2810 3574 2975 3627 sexto
3024 3573 3082 3625 et
3138 3568 3514 3637 nonagesimo
3538 3567 3709 3640 primi
3735 3567 3801 3621 li-

2155 3658 2266 3729 bri,
2289 3673 2392 3713 seu
2426 3657 2630 3729 quinto
2656 3663 2709 3712 et
2766 3656 3104 3725 centesimo,
3135 3654 3459 3713 secundum
3511 3655 3805 3711 membra-

2156 3762 2369 3803 narum
2421 3750 2779 3817 computum,
2842 3750 3139 3812 narratur,
3190 3744 3329 3816 quid
3390 3749 3459 3800 Δ.
3509 3744 3574 3800 C.
3622 3744 3730 3798 965
3774 3761 3809 3797 a

2162 3850 2363 3893 mense
2378 3835 2585 3891 Martio
2618 3850 2801 3906 usque
2823 3836 2895 3890 ad
2926 3833 3447 3908 Augustuminillo
3477 3834 3812 3904 interregno

2163 3923 2495 3997 contigerit,
2528 3925 2680 3995 quod
2708 3924 2956 3979 Romani
2978 3924 3238 3996 junioris
3267 3938 3596 3990 excessum,
3629 3928 3683 3977 et
3712 3920 3815 3976 Ni-

2166 4014 2402 4087 cephori
2436 4014 2637 4069 Phorm
2670 4014 3039 4085 tyrannidem
3080 4012 3410 4083 intercedit,
3460 4016 3519 4068 et
3575 4029 3693 4085 qua
3724 4010 3821 4066 hic

2168 4121 2298 4162 eam
2327 4103 2551 4159 ratione
2608 4102 2899 4159 invaserit.
2966 4103 3098 4159 Hac
3154 4119 3308 4158 anno
3365 4106 3500 4174 post
3526 4100 3819 4172 Sapientis

2169 4191 2536 4250 Constantini
2559 4207 2867 4248 excessum
2897 4192 3028 4259 [Ed.
3065 4192 3126 4247 L.
3161 4191 3313 4263 VIII]
3361 4194 3571 4263 quarto
3629 4190 3820 4246 conti-

2173 4284 2401 4352 gerunt.
2446 4280 2643 4336 Palam
2703 4280 2886 4354 igitur
2941 4284 3050 4348 est,
3093 4279 3215 4335 haec
3246 4280 3317 4335 ab
3343 4279 3445 4335 illo
3478 4279 3654 4334 scribi
3677 4283 3735 4332 et
3764 4279 3825 4331 in

2174 4373 2491 4444 Syntagma
2521 4386 2693 4426 suum
2742 4370 2940 4426 inferri
3001 4386 3116 4425 non
3166 4369 3449 4440 potuisse.
3510 4366 3657 4430 Quid
3689 4381 3825 4437 ergo

2177 4459 2558 4517 statuendum
2581 4458 2608 4514 ’ἲ
2626 4458 2814 4515 Unum
2834 4468 3103 4531 superest
3121 4462 3222 4513 aut
3251 4455 3499 4513 alterum
3525 4458 3780 4510 statuere
3811 4470 3824 4508 :

2179 4551 2300 4607 sive
2331 4548 2631 4619 juniorem
2678 4547 3130 4603 Constantinum
3180 4544 3824 4616 Porphyrogennetum,

415 4638 618 4695 nendi.
650 4635 956 4692 Prasstanti
983 4633 1089 4701 illi,
1126 4649 1303 4705 quam
1363 4648 1540 4704 supra
1597 4631 1853 4701 laudavi,
1895 4629 2431 4695 colle-DRomani
2491 4637 2701 4704 ﬁlium,
2760 4636 3054 4708 Sapientis
3113 4633 3480 4690 Constantini
3540 4638 3831 4702 nepotem,

416 4728 622 4792 ctioni,
698 4733 797 4780 aut
852 4723 1239 4788 bibliothecae,
1321 4720 1411 4776 vel
1491 4719 2073 4787 Pentecontateucho,

425 4817 731 4888 quodnam
764 4829 959 4885 quaeso
991 4817 1218 4884 poterat
1247 4809 1492 4865 inscribi
1528 4825 1741 4865 nomen
1799 4809 2078 4880 ineptius,

428 4922 609 4978 quam
645 4904 803 4975 quod
827 4903 897 4957 ab
919 4910 1155 4958 auctore
1212 4899 1565 4970 inscriptum
1615 4898 1744 4963 fuit,
1776 4895 2083 4975 κεφαλαιώ-

420 4992 535 5057 δεις
596 4994 899 5056 ὑποθέσεις.
952 4993 1112 5059 Quod
1164 4991 1285 5047 sive
1335 4989 1521 5046 breuia
1566 4995 1913 5061 argumenta,
1964 4989 2085 5045 sive

418 5088 762 5156 argumenta
816 5086 875 5139 in
906 5091 1085 5139 certos
1125 5081 1316 5138 titulos
1371 5080 1607 5151 digesta,
1656 5079 2082 5151 interpreteris,

420 5194 540 5233 non
587 5173 784 5246 magis
840 5188 911 5229 ex
953 5187 1020 5228 eo
1080 5170 1397 5242 intelligas,
1449 5169 1562 5225 nisi
1609 5167 1845 5224 aliunde
1902 5169 2083 5238 noris,

424 5265 604 5341 quale
635 5262 811 5320 fuerit
840 5260 1205 5318 collectionis
1220 5261 1633 5331 argumentum
1656 5261 1711 5314 et
1733 5257 1888 5328 ﬁnis,
1912 5273 2088 5330 quam

423 5356 578 5413 alius
611 5352 777 5418 libri,
807 5350 904 5408 cui
948 5353 1150 5407 auctor
1187 5347 1429 5405 titulum
1474 5348 1956 5406 Adversariorum
1992 5351 2091 5403 aut

423 5446 937 5503 Collectaneorum
970 5436 1792 5512 przsﬁgerevolueritﬁimilis
1818 5441 1908 5493 est
1939 5437 2093 5495 alter

423 5537 516 5594 ille
548 5533 795 5604 titulus,
825 5545 1000 5603 quem
1021 5528 1442 5585 Constantinus
1473 5525 1637 5598 operi
1698 5543 1825 5593 suo,
1873 5528 2025 5598 quod
2062 5544 2096 5583 a

426 5630 589 5687 nobis
648 5628 733 5684 De
793 5618 1252 5680 administrando
1294 5617 1532 5691 imperio
1591 5616 1756 5673 citari
1799 5618 1968 5686 solet,
2022 5620 2095 5675 ad

416 5721 752 5782 Romanum
788 5712 988 5772 tilium
1022 5710 1266 5781 scripto,
1325 5706 1656 5782 praeposuit,
1714 5705 2095 5783 φιλοπόνήμα,

743 5850 1041 5912 Panos.
1093 5841 1206 5902 Gs.
1253 5839 1433 5901 CXII.

2190 4728 2381 4798 operis
2406 4728 2587 4782 nostri
2618 4731 2914 4782 auctorem
2950 4741 3099 4793 esse,
3161 4725 3256 4779 cui
3285 4724 3624 4793 ademptum
3656 4721 3835 4776 libra-

2191 4816 2312 4871 rius
2344 4831 2447 4887 per
2502 4830 2758 4871 errorem
2819 4830 2923 4869 avo
2981 4813 3287 4869 tribuerit:
3321 4816 3422 4867 aut
3450 4827 3577 4867 esse
3603 4811 3837 4880 quidem

2191 4907 2319 4977 ejus
2349 4905 2742 4973 Constantini,
2776 4904 2945 4975 cujus
2971 4905 3028 4959 in
3059 4902 3234 4958 titulo
3269 4902 3627 4974 perhibetur,
3654 4904 3715 4954 at
3745 4914 3845 4955 ex—

2190 5003 2415 5067 pertum
2463 4995 2940 5066 interpolatorem
2973 5010 2986 5062 ;
3022 4993 3143 5049 sive
3174 5007 3358 5064 nepos
3396 4991 3529 5061 ejus
3559 4990 3842 5045 Constan-

2192 5087 2357 5144 tinus
2404 5085 2501 5143 ille
2558 5084 2756 5153 fuerit,
2817 5084 2939 5140 sive
3004 5083 3155 5139 alius
3206 5085 3594 5155 quiscunque.
3645 5080 3849 5151 Specie

2197 5180 2408 5234 neutra
2428 5176 2585 5231 caret
2614 5172 2907 5230 sententia
2935 5190 2948 5241 ;
2984 5173 3129 5228 mihi
3180 5177 3376 5227 tamen
3408 5169 3625 5226 rectius
3652 5167 3853 5223 videor

2198 5267 2408 5334 facere,
2442 5265 2490 5320 si
2510 5263 2821 5337 posteriori
2854 5263 3149 5320 calculum
3182 5278 3382 5318 meum
3416 5260 3652 5328 addam,
3677 5274 3853 5331 quam

2202 5356 2251 5411 si
2278 5353 2481 5428 priori.

2275 5442 2374 5499 Isti
2398 5441 2639 5514 quidem
2672 5440 2996 5509 sententias,
3040 5457 3172 5513 qua
3196 5439 3493 5513 juniorem
3523 5434 3855 5493 Constanti-

2206 5548 2359 5591 num.
2394 5531 2594 5589 Basilii
2625 5532 3037 5604 Bulgaroctoni
3081 5531 3333 5599 fratrem,
3378 5527 3540 5602 operi
3588 5525 3727 5582 huic
3767 5524 3862 5581 in-

2207 5622 2433 5688 scribit,
2456 5626 2515 5678 et
2554 5621 2881 5679 secundum
2912 5636 3091 5694 quam
3124 5620 3363 5677 deberet
3420 5618 3520 5675 illo
3554 5617 3859 5671 exaratum

2209 5713 2391 5770 fuisse
2424 5711 2701 5781 triennio,
2759 5726 2875 5783 quo
2906 5708 3065 5768 solus
3095 5709 3194 5766 ille
3252 5706 3675 5764 Constantinus
3726 5703 3861 5773 post

3460 5836 3497 5893 2
