4184 6400
429 371 509 429 43
1752 359 1979 420 JOAN.
2027 355 2190 416 JAC.
2239 355 2528 417 REISKII
3777 354 3856 412 ﬂ

431 499 628 556 fratris
686 498 804 556 fata
860 495 1140 566 regnavit,
1173 494 1227 550 id
1258 496 1350 548 est
1375 492 1448 548 ab
1497 494 1566 550 Α.
1605 494 1664 546 C.
1710 491 1849 550 1025
1901 505 2084 561 usque
2114 491 2166 556 Α
2195 504 2418 544 racenos
2473 489 2736 559 aﬁecissa.
2786 486 2849 542 In
2901 486 3196 542 neminem
3264 485 3322 540 id
3382 485 3592 540 cadere
3651 489 3847 557 potest

436 590 508 646 ad
544 588 702 658 1028,
737 587 892 642 favet
923 587 1032 643 hoc
1063 583 1339 648 maxime,
1371 582 1526 652 quod
1572 579 1775 651 junior
1803 579 2090 636 Constan-
2199 578 2313 634 nisi
2359 580 2417 633 in
2476 577 2642 633 illum
2699 577 2912 647 ipsum,
2955 577 3125 647 cujus
3179 576 3238 630 in
3271 575 3672 646 superioribus
3721 592 3848 631 me-

432 678 595 732 tinus
626 691 762 732 cum
821 689 928 730 avo
985 689 1102 728 non
1133 672 1205 726 de
1236 671 1420 726 solius
1479 668 1659 738 hujus
1717 669 1932 737 cperis,
1989 666 2091 722 sed
2202 667 2500 732 minimus,
2533 665 2919 737 Nicephorum
2948 666 3221 731 Phocum,
3257 665 3356 735 qui
3389 665 3527 719 olim
3571 665 3708 733 dux,
3743 681 3848 720 seu

433 765 682 822 aliorum
704 778 933 834 quoque
964 759 1337 832 possessione
1360 759 1696 814 contendat.
1728 756 1854 814 Non
1879 758 2094 812 desunt
2199 757 2554 812 domesticus
2612 755 2970 822 scholarum,
3019 754 3387 809 Constantini
3445 755 3758 824 Sapientis,
3793 758 3851 810 et

436 853 778 910 eorumdem
836 851 1120 906 librorum
1168 846 1455 919 exempla,
1514 863 1660 918 quos
1720 847 1818 904 alii
1865 844 2092 914 librarii
2202 847 2330 914 ﬁlii,
2365 846 2634 916 Romani,
2667 845 3531 916 deindeposthujusexcessum
3565 844 3854 900 orientale

437 959 564 1010 avo,
597 941 697 998 alii
730 941 924 1012 nepoti
959 939 1250 1002 tribuunt,
1277 937 1510 994 etiamsi
1539 953 1720 1008 nepos
1751 937 1824 992 ab
1858 935 2095 1007 ignavia
2202 935 2398 1006 rapuit
2443 935 2778 1006 imperium.
2836 934 3014 1005 Atqui
3056 933 3420 1005 Nicephorus
3451 934 3550 989 ille
3581 933 3847 989 nondum

437 1037 496 1088 et
525 1030 813 1088 dissoluta
833 1030 952 1087 vita
981 1029 1039 1084 in
1059 1029 1302 1084 historia
1333 1027 1652 1100 Byzantina
1683 1028 1836 1083 male
1868 1025 2091 1081 audiat.

440 1119 777 1178 ltalibellus
809 1117 1145 1190 deimagine
1162 1117 1478 1184 Edessena,
1499 1131 1676 1186 quem
1709 1113 2094 1172 Combelisius

438 1209 499 1266 in
530 1209 813 1278 Manipulo
842 1209 1238 1278 antiquitatum
1296 1207 1646 1262 CPlanarum
1676 1220 1810 1275 pag.
1864 1204 1932 1257 75
1960 1218 2092 1273 sqq.

442 1300 552 1358 sub
587 1299 825 1356 nomine
866 1298 1150 1365 Senioris,
1185 1299 1287 1352 aut
1341 1295 1667 1366 Sapientis,
1725 1293 2098 1351 Constantini

442 1390 647 1457 edidit,
675 1404 790 1444 non
824 1391 1056 1444 tantum
1101 1384 1454 1457 Lipomanni
1513 1385 1853 1455 conjectura
1876 1382 2097 1454 juniori

445 1480 670 1549 tribuit,
704 1479 804 1535 sed
839 1477 1015 1534 etiam
1049 1476 1226 1533 codex
1265 1474 1479 1546 aliquis
1515 1473 1873 1530 bibliotheca
1907 1473 2096 1544 Regiis

444 1567 851 1636 Taurinensis,
930 1569 989 1620 ut
1031 1581 1062 1621 e
1111 1581 1301 1636 nuper
1338 1564 1496 1619 edito
1544 1563 1799 1634 Catalogo
1849 1562 2097 1618 codicum

443 1657 948 1726 manuscriptorum
991 1654 1261 1724 ejusdem
1313 1651 1678 1710 bibliotheca
1736 1669 1870 1724 pag.
1929 1653 2097 1708 305a

443 1747 642 1804 didici.
658 1745 944 1801 Similiter
965 1743 1358 1812 Tacticorum,
1374 1759 1408 1798 a
1430 1743 1676 1799 Meursio
1695 1742 1754 1798 in
1775 1742 2099 1799 Collectione

443 1836 833 1910 opusculorum
878 1833 1492 1900 Constantinianorum,
1551 1831 1664 1887 sub
1707 1831 1800 1887 avi
1859 1831 2098 1890 nomine

445 1927 835 1999 proditorum,
869 1923 1161 1978 vindicias
1214 1923 1544 1992 disceptant
1597 1938 1740 1976 avus
1786 1927 1843 1976 et
1899 1937 2096 1992 nepos.

446 2015 638 2072 Codex
691 2011 1186 2079 Vindobonensis,
1219 2015 1276 2068 et
1303 2027 1373 2067 ex
1415 2027 1480 2068 eo
1510 2010 1845 2080 descriptus
1889 2012 2100 2066 Palati-

447 2121 583 2170 nus,
616 2118 792 2174 quem
823 2101 976 2174 typis
1004 2116 1286 2156 excusum
1341 2100 1595 2155 reddidit
1652 2099 1965 2167 Meursius,
1997 2101 2099 2156 tri-

449 2193 647 2252 buunt
691 2208 797 2248 avo
825 2209 840 2261 ;
872 2190 1229 2248 Veronensis
1258 2195 1455 2245 autem
1486 2193 1543 2244 et
1581 2190 1957 2260 Augustanus
1996 2205 2099 2246 ne-

447 2283 591 2354 poti.
618 2280 819 2337 Neutri
852 2283 1028 2335 recte.
1052 2278 1255 2350 Neque
1285 2277 1440 2334 enim
1470 2277 1668 2348 hujus,
1703 2294 1892 2348 neque
1939 2278 2100 2336 illius

447 2375 557 2437 est,
589 2370 691 2426 sed
721 2370 850 2440 ejus
880 2374 966 2424 est
995 2366 1366 2423 Constantini
1406 2366 1968 2438 Porphyrogenneti,
2000 2368 2101 2438 qui

450 2461 563 2515 fuit
584 2459 740 2515 {ilius
770 2456 969 2514 Basilii
999 2454 1542 2522 Macedonis,frater
1569 2456 1778 2512 Leonis
1809 2456 2100 2528 Sapientis

450 2558 585 2605 natu
621 2551 832 2619 major,
856 2548 1118 2618 adeoque
1150 2550 1397 2617 patruus
1431 2546 1558 2616 ejus
1581 2546 1974 2615 Constantini,
2005 2547 2100 2605 cui

449 2639 680 2696 Tactica
709 2636 810 2692 illa
830 2640 964 2708 post
977 2635 1299 2691 Meursium
1327 2634 1504 2706 vulgo
1529 2635 1918 2706 imputantur.
1938 2635 2102 2695 Clare

448 2726 506 2780 id
543 2727 746 2796 liquet,
780 2723 860 2779 sit
889 2723 1020 2794 quis
1051 2722 1270 2791 locum,
1316 2723 1417 2794 qui
1444 2738 1578 2794 pag.
1609 2723 1680 2776 27
1711 2722 1850 2794 edit,
1883 2723 2097 2782 Meurs.

449 2815 552 2871 lin.
587 2815 657 2868 20
679 2822 920 2885 prostat,
951 2828 1088 2870 cum
1119 2811 1332 2884 pagina
1363 2813 1547 2870 nostri
1579 2811 1758 2883 hujus
1776 2815 1971 2884 operis
1993 2815 2102 2868 287

451 2910 766 2974 comparet.
851 2901 1148 2973 Leguntur
1222 2917 1311 2969 eo,
1380 2917 1493 2972 quo
1544 2901 1688 2969 dixi,
1767 2901 1892 2958 loco
1981 2903 2102 2962 haec

447 2994 671 3054 verba;
739 2989 918 3046 Τοῦτο
947 2988 1051 3063 γὰρ
1099 2988 1188 3042 καὶ
1248 2987 1518 3062 ἡμέτερος
1567 2989 1747 3061 πατὴρ
1814 2990 1903 3044 καὶ
1956 2990 2103 3064 βασι.

451 3078 578 3140 λεὺς
631 3077 907 3147 ἐποίησιν,
993 3076 1083 3131 ὅτε
1136 3076 1274 3130 κατὰ
1357 3077 1735 3149 Γερμανικῖας.
1798 3076 2104 3148 ἐταξειδεύ-

453 3188 644 3242 σαμεν.
678 3167 818 3223 Nam
852 3175 903 3222 et
932 3165 990 3224 id
1031 3181 1244 3238 quoque
1288 3167 1426 3236 fecit
1453 3175 1608 3233 pater
1635 3171 1818 3225 noster
1848 3169 2098 3243 idemque

451 3263 774 3332 imperator,
813 3273 940 3314 cum
986 3257 1251 3314 adversus
1289 3258 1699 3316 Germaniciam
1728 3276 2093 3319 maceremus.

444 3352 645 3424 Neque
677 3350 814 3419 Leo,
847 3364 1038 3420 neque
1064 3349 1658 3420 Constantinus,ejus
1689 3350 1870 3422 filius,
1903 3370 2094 3426 neque

447 3441 770 3504 Romanus,
804 3454 992 3510 neque
1039 3436 1464 3496 Constantinus
1494 3441 1622 3509 ejus
1652 3440 1835 3510 tilius,
1856 3444 2091 3515 expedi-

444 3531 664 3588 tionem
695 3529 974 3587 adversus
1013 3525 1441 3586 Germaniciam
1474 3528 1752 3598 inierunt,
1794 3533 1892 3588 sed
1924 3532 2093 3590 Basi-

445 3620 562 3677 lius
593 3620 828 3678 Macedo
884 3619 1021 3678 fecit
1047 3620 1117 3677 Α.
1149 3619 1209 3676 C.
1240 3620 1369 3675 879.
1428 3624 1598 3678 Hunc
1660 3625 1872 3693 patrem
1926 3642 2093 3682 suum

443 3709 717 3782 appellat,
752 3709 853 3782 qui
890 3725 959 3765 ea
983 3709 1242 3781 scripsit.
1269 3710 1404 3768 Fuit
1437 3710 1485 3770 is
1514 3727 1651 3784 ergo
1673 3714 2092 3772 Constantinus

443 3799 1051 3871 Porphyrogennetus,
1102 3798 1204 3870 qui
1262 3805 1398 3857 ante
1454 3806 1681 3872 patrem
1713 3803 1879 3858 obiit.
1931 3806 2090 3861 Idem

441 3889 694 3961 appellat
723 3889 999 3945 eumdem
1040 3889 1436 3959 imperatorem
1460 3906 1656 3960 suum;
1691 3909 1807 3963 quo
1858 3893 2093 3965 signiﬁ~

441 3984 533 4034 cat
562 3978 864 4044 Basilium,
897 3994 1012 4049 quo
1043 3983 1307 4050 tempore
1333 3979 1446 4037 ista
1482 3981 1657 4039 verba
1678 3983 2088 4054 exarabantur,

441 4066 635 4123 adhuc
664 4067 722 4123 in
753 4066 900 4124 vivis
917 4071 975 4122 et
1000 4065 1061 4122 in
1089 4083 1324 4128 summa
1354 4086 1549 4128 rerum
1583 4075 1865 4141 potestate
1884 4073 2087 4130 fuisse.

437 4154 738 4228 Signiﬁcat
767 4173 1003 4230 quoque
1043 4176 1106 4215 se
1152 4159 1347 4229 ipsum
1393 4158 1477 4213 illi
1526 4159 1884 4230 expeditioni
1916 4162 2092 4218 inter-

435 4245 640 4303 fuisse.
670 4243 1156 4304 Perhibentidem
1187 4247 1682 4317 deConstantino,
1713 4249 1913 4306 Basilii
1943 4251 2086 4322 ﬁlio,

435 4351 552 4392 non
611 4339 842 4392 tantum
905 4337 1203 4394 Cedrenus
1259 4341 1316 4391 et
1370 4338 1620 4408 Symeon
1654 4339 1949 4411 Magister,
1988 4343 2088 4400 sed

435 4423 612 4481 etiam
669 4425 972 4496 Appendix
1034 4426 1215 4484 nostri
1248 4425 1428 4498 hujus
1479 4427 1695 4498 operis,
1735 4429 1860 4485 loco
1911 4446 2088 4502 quem

437 4513 614 4583 paulo
663 4523 798 4573 ante
825 4516 1182 4573 iudicabam.
1215 4515 1360 4572 Cum
1410 4516 1610 4587 itaque
1665 4517 2089 4576 Constantinus

2201 1024 2261 1079 in
2294 1024 2438 1079 vivis
2471 1033 2591 1079 tum
2623 1028 2766 1092 erat,
2798 1039 2930 1079 cum
2956 1023 3400 1090 Constantinus,
3425 1022 3624 1080 Basilii
3649 1022 3846 1078 Mace-

2204 1113 2374 1170 donis
2397 1113 2578 1180 filius,
2611 1129 2640 1169 e
2660 1113 2806 1169 vivis
2846 1113 3166 1169 excederet.

2271 1205 2533 1260 Arduum
2561 1219 2836 1276 agnosco,
2861 1204 2960 1259 sed
2991 1219 3392 1275 asquumesse,
3420 1203 3575 1275 quod
3607 1201 3851 1273 opponi-

2205 1299 2317 1349 tur.
2358 1294 2623 1358 Quaeram
2673 1300 2871 1350 tamen
2905 1310 2975 1350 ex
3005 1293 3104 1348 illo
3136 1294 3257 1364 ipso
3317 1297 3664 1365 argumento
3715 1308 3850 1364 spe-

2205 1385 2353 1441 ciem
2384 1389 2442 1440 et
2471 1385 2648 1440 robur
2676 1383 2762 1439 illi
2811 1385 3114 1440 sententia;
3169 1383 3500 1454 posteriori,
3553 1382 3626 1438 ad
3675 1398 3854 1454 quam

2206 1490 2386 1545 supra
2411 1474 2528 1529 dixi
2589 1489 2682 1529 me
2740 1473 2930 1545 magis
2986 1475 3182 1530 animo
3223 1473 3603 1543 propendere,
3639 1477 3698 1526 et
3723 1488 3856 1543 quae

2207 1563 2433 1629 statuit,
2464 1564 2916 1619 Constantinum
2958 1563 3193 1634 quidem
3225 1562 3583 1633 Sapientem,
3648 1562 3853 1616 Leonis

2205 1651 2415 1722 ﬁlium,
2467 1652 2715 1708 Romani
2767 1659 3016 1725 patrem,
3050 1653 3251 1724 hujus,
3309 1653 3465 1726 quod
3525 1667 3683 1706 nunc
3721 1651 3850 1721 edo,

2206 1743 2619 1799 cmrimonialis
2663 1742 2796 1798 libri
2828 1747 3127 1799 auctorem
3179 1741 3596 1811 esse;venisse
3653 1745 3853 1796 autem

2132 1860 2179 1925 Β
2207 1848 2481 1925 processu
2523 1832 2807 1925 temporis
2855 1831 3284 1925 aliq_uem,_qui
3313 1831 3473 1925 operi
3513 1829 3599 1925 illi
3641 1830 3710 1884 de
3749 1845 3857 1884 suo

2209 1922 2479 1993 quaedam
2509 1921 2804 1978 addiderit
2836 1941 2850 1990 ;
2884 1922 2982 1992 qui
3025 1921 3271 1977 fueritne
3302 1920 3723 1976 Constantinus
3753 1933 3858 1973 ne-

2209 2027 2336 2082 pos,
2360 2029 2433 2067 an
2464 2011 2634 2080 alius,
2667 2012 2725 2067 in
2759 2011 2949 2068 medio
2977 2011 3225 2082 positum
3259 2010 3545 2082 relinquo.
3580 2009 3702 2065 Non
3734 2008 3850 2062 im-

2209 2103 2524 2175 probabilia
2555 2109 2774 2171 tamen,
2834 2103 2978 2159 mihi
3037 2104 3288 2175 quidem,
3337 2102 3580 2167 videtur,
3623 2099 3670 2155 si
3721 2099 3857 2171 quis

2209 2194 2518 2264 existimet,
2552 2193 3327 2264 ididemlicentimnepotcm
3351 2191 3463 2247 sibi
3491 2191 3552 2245 in
3586 2189 3674 2244 avi
3701 2205 3852 2260 opus

2206 2299 2530 2354 arrogasse,
2562 2283 2718 2353 quod
2751 2298 2892 2338 avus
2922 2282 2979 2336 in
3016 2282 3209 2354 patrui
3253 2297 3399 2352 Opus
3458 2279 3569 2336 sibi
3618 2294 3852 2349 arroga-

2206 2376 2388 2428 verat.
2425 2373 2633 2428 Eorum
2662 2372 2762 2428 ille
2795 2388 2920 2428 mos
2949 2377 3073 2428 erat
3101 2377 3455 2443 temporum,
3490 2385 3608 2425 non
3648 2368 3851 2423 lauda-

2207 2459 2344 2516 bilis
2375 2462 2632 2532 quidem,
2682 2463 2880 2518 minus
2932 2467 3127 2517 tamen
3184 2459 3624 2524 malevolentiae,
3675 2473 3854 2529 quam

2207 2552 2602 2624 simplicitatis
2631 2557 2686 2610 et
2717 2552 2965 2610 inscitiae
3014 2552 3206 2608 index.
3240 2551 3512 2606 Nondum
3559 2547 3851 2606 callebant

2209 2657 2335 2698 eam
2368 2648 2574 2712 artem,
2634 2646 3160 2700 commentatorum
3217 2640 3746 2698 animadversiones
3778 2637 3852 2694 ab

2209 2733 2514 2785 auctorum
2545 2730 2736 2786 verbis
2768 2731 3132 2797 secernendi,
3167 2746 3344 2802 quam
3368 2729 3619 2786 solertiae
3651 2743 3849 2782 recen-

2207 2818 2424 2875 tiorum
2476 2821 2782 2878 debemus.
2828 2820 3215 2878 Asoribebant
3275 2820 3558 2875 librorum
3589 2822 3852 2874 veterum

2201 2909 2470 2979 juniores
2530 2927 2889 2981 possessores
2934 2911 2992 2965 in
3026 2910 3417 2983 marginibus,
3449 2925 3577 2980 quis
3606 2906 3859 2975 vellent;

2210 3013 2279 3053 ea
2310 2999 2533 3054 librarii
2565 3003 2735 3056 astate
2767 2999 3117 3071 posteriores
3158 2999 3217 3053 in
3251 2999 3410 3069 ipsos
3459 2997 3686 3052 codices
3719 2997 3863 3052 abs-

2213 3104 2326 3160 que
2367 3087 2488 3144 ulla
2519 3088 2896 3145 distinctione
2925 3087 3332 3156 inferciebant,
3364 3090 3420 3143 et
3449 3085 3864 3157 exspectabant

2157 3232 2177 3260 η
2211 3177 2451 3234 lectores
2507 3182 2606 3233 aut
2655 3186 2764 3233 tam
2823 3193 3057 3234 securos
3113 3180 3170 3232 et
3207 3176 3443 3248 ignaros
3496 3191 3689 3231 rerum
3731 3190 3864 3230 om-

2128 3231 2178 3297 G
2211 3267 2387 3333 nium,
2411 3271 2475 3322 ut
2497 3267 2768 3339 scopulos
2799 3266 3241 3339 chronologicos
3280 3265 3503 3337 absque
3539 3263 3863 3320 offensione

2204 3357 2608 3428 praeterirent;
2642 3362 2742 3414 aut
2790 3357 2837 3412 si
2876 3373 3020 3428 quos
3053 3356 3528 3414 nanciscerentur
3573 3352 3853 3411 acutioris

2204 3461 2437 3514 sensus,
2487 3446 2920 3518 persuadebant
2968 3447 3099 3513 sibi,
3133 3463 3231 3502 eos
3262 3446 3446 3507 facile,
3480 3446 3567 3500 vel
3601 3461 3716 3499 non
3745 3442 3854 3498 ad-

2204 3535 2482 3603 monitos,
2505 3541 2849 3593 assumenta
2869 3537 3060 3592 aliena
3089 3552 3218 3592 esse
3249 3535 3577 3608 agnituros.
3602 3533 3849 3589 Veniam

2203 3630 2430 3698 poterat
2457 3642 2525 3682 ea
2557 3627 2908 3697 simplicitas
2938 3627 3220 3694 invenire,
3253 3626 3303 3682 si
3336 3626 3489 3681 intra
3519 3641 3646 3681 eam
3704 3622 3851 3679 sub-

2202 3715 2510 3783 stitissent,
2541 3716 2638 3786 qui
2671 3719 2798 3772 tum
2814 3720 3000 3786 erant,
3032 3717 3316 3772 librorum
3350 3713 3849 3771 consarcinatores

2201 3809 2258 3862 et
2305 3805 2551 3862 librarii.
2583 3809 2656 3862 At
2706 3805 2793 3861 illi
2851 3808 3038 3863 multo
3087 3807 3303 3878 pejora.
3360 3803 3854 3861 Trauscribebant

2201 3893 2394 3951 aliena
2423 3897 2640 3968 scripta
2677 3896 3045 3962 verbotenus,
3077 3896 3372 3952 addebant
3411 3893 3472 3950 in
3501 3895 3617 3948 fine
3641 3909 3850 3963 parum

2201 3983 2420 4056 aliquid
2460 3986 2532 4041 de
2588 4002 2718 4053 suo,
2751 3987 3004 4057 denique
3055 3985 3434 4058 praeﬁgebant
3490 3999 3705 4040 nomen
3750 3986 3853 4038 aut

2201 4091 2400 4141 suum,
2435 4084 2533 4130 aut
2569 4080 2720 4147 quod
2763 4075 3002 4145 vellent,
3035 4080 3093 4131 et
3119 4075 3372 4147 agebant
3419 4073 3480 4129 in
3510 4073 3733 4128 litteras
3763 4071 3852 4127 la-

2201 4165 2447 4221 trocinia
2474 4165 2740 4238 impune,
2771 4171 3055 4240 tantaque
3107 4165 3422 4222 securitate
3451 4169 3508 4220 et
3537 4164 3855 4236 impuden-

2199 4255 2302 4317 tia,
2335 4261 2455 4317 aut,
2485 4257 2536 4311 si
2585 4256 2791 4318 mavis.
2825 4261 3084 4328 stupore,
3114 4260 3178 4311 ut
3209 4255 3347 4311 furti
3393 4256 3717 4326 veterisque
3748 4254 3854 4308 do-

2199 4343 2347 4399 mini
2396 4344 2609 4401 indicia
2649 4363 2766 4401 non
2797 4343 3087 4402 tollerent.
3123 4345 3286 4409 Quod
3318 4343 3653 4400 luculenter
3683 4347 3859 4398 testa-

2199 4443 2311 4504 tur,
2370 4450 2444 4490 ne
2504 4434 2616 4490 alia
2674 4435 2987 4506 proferam,
3065 4433 3364 4490 indiculus
3425 4434 3854 4505 imperatorum

2199 4521 2562 4578 CPtanorum
2620 4540 2653 4578 a
2703 4525 3007 4580 Lambecio
3051 4523 3122 4579 ad
3169 4522 3456 4579 Codinum
3525 4521 3636 4577 sub
3679 4521 3855 4591 hujus

435 4600 535 4657 ille
563 4602 742 4659 altero
773 4614 902 4676 post
934 4607 1106 4664 istam
1135 4607 1566 4680 expeditionem
1595 4625 1747 4665 anno
1806 4610 1921 4665 fato
1977 4627 2085 4668 suo
2117 4597 2164 4663 Β
2198 4612 2439 4668 nomine
2477 4613 2692 4669 editus.

437 4692 814 4774 concesserit,
867 4712 1104 4754 necesse
1155 4700 1292 4770 est,
1325 4697 1560 4753 Tactica
1590 4697 1718 4769 [Ed.
1754 4699 1813 4753 L.
1850 4699 1940 4774 IX]
1986 4700 2086 4757 illa

437 4771 621 4834 fuisse
650 4777 804 4836 intra
857 4797 1041 4839 annos
1082 4784 1222 4841 Chr.
1260 4784 1366 4839 878
1420 4789 1477 4841 et
1513 4786 1620 4839 879
1677 4771 1939 4857 scripta,
1966 4805 2084 4859 quo

437 4871 699 4938 tempore
726 4870 980 4928 auctoris
1024 4873 1219 4943 frater,
1250 4878 1362 4931 Leo
1391 4875 1657 4946 Sapiens,
1717 4876 2083 4934 Constantini

437 4957 729 5029 Sapientis
760 4963 941 5030 pater,
986 4963 1247 5020 nondum
1276 4981 1514 5020 uxorem
1565 4964 1840 5036 duxisset,
1876 4965 2084 5039 viginti

437 5062 537 5102 sex
569 5047 751 5103 ferme
779 5048 954 5106 annis
983 5056 1298 5122 antequam
1321 5053 1418 5109 ille
1445 5053 1868 5113 Constantinus
1899 5055 1958 5112 in
1991 5056 2082 5112 lu-

435 5151 557 5191 rem
587 5136 872 5208 ederetur,
905 5136 1078 5210 vulgo
1109 5140 1472 5199 tribuuntur.

505 5226 578 5281 At
607 5224 748 5296 quid
781 5227 868 5284 ais
916 5227 989 5284 de
1018 5226 1145 5284 loco
1166 5229 1192 5283 ‘2
1223 5231 1524 5302 (repugnet
1569 5233 1806 5306 aliquis)
1863 5235 1962 5307 qui
2019 5236 2080 5292 in

434 5313 550 5369 ﬁne
579 5312 810 5370 illorum
841 5315 1227 5386 ipsorummet
1258 5319 1647 5390 Tacticorum,
1711 5338 1825 5380 non
1885 5339 1952 5381 eo
1980 5325 2081 5395 qui

432 5403 573 5461 olim
603 5402 728 5471 fuit,
763 5405 865 5463 sed
887 5405 988 5477 qui
1019 5405 1192 5464 hodie
1244 5407 1303 5464 in
1363 5409 1552 5466 multa
1580 5413 1834 5469 editione
1889 5414 2080 5472 Meur-

432 5494 598 5552 siana
618 5506 730 5563 est,
763 5513 898 5571 pag.
928 5497 1022 5563 52,
1043 5497 1104 5554 in
1136 5515 1252 5572 quo
1285 5506 1643 5557 memoratur
1671 5503 1887 5575 aliquis
1919 5506 2079 5564 Nice-

428 5585 654 5656 phorus,
687 5602 880 5658 quem,
913 5587 1014 5660 qui
1044 5603 1114 5646 ea
1143 5590 1876 5662 scripsit,appellatducem
1897 5612 2078 5668 suam,

430 5679 490 5731 et
516 5691 553 5732 α
581 5691 636 5733 se
665 5675 892 5736 missum
913 5677 976 5735 in
1006 5678 1232 5750 Syriam
1257 5681 1579 5753 ingentibus
1607 5682 1689 5740 ait
1701 5684 1959 5742 cladibus
1979 5688 2079 5744 Sa-

2267 4703 2374 4770 §5.
2408 4702 2480 4756 De
2510 4701 2773 4758 exhibitis
2801 4705 2862 4757 in
2918 4703 3016 4758 hoc
3055 4690 3444 4772 volumine,‘et
3495 4702 3551 4757 in
3597 4709 3855 4758 secuturo

2195 4791 2544 4848 exhibendis.
2605 4823 2672 4833 ——
2724 4792 3053 4848 Praefationi
3126 4790 3348 4863 subjeci
3396 4791 3470 4847 cl.
3523 4792 3855 4847 decessoris

2196 4881 2312 4936 mei
2343 4883 2817 4938 dissertationem
2849 4883 2921 4938 de
2982 4881 3355 4938 Constantini
3411 4881 3855 4954 Porphyrogen-

2196 4975 2350 5042 neto,
2385 4988 2562 5044 quam
2586 4971 2637 5026 is
2660 4987 2812 5027 anno
2855 4972 2996 5026 1747
3021 4971 3222 5027 edidit.
3250 4971 3436 5028 Vitam
3470 4975 3707 5025 enarrat
3738 4971 3854 5024 im-

2196 5061 2478 5130 peratoris
2504 5061 2575 5116 ab
2618 5075 2816 5115 amore
2867 5065 2926 5116 et
2977 5061 3192 5116 studiis
3226 5061 3554 5116 litterarum
3587 5057 3851 5115 celebra-

2195 5149 2401 5206 tissimi
2470 5165 2615 5222 pura
2671 5157 2726 5204 et
2799 5151 3046 5223 eleganti
3124 5151 3398 5219 dictione,
3457 5157 3735 5222 grataque
3791 5154 3854 5203 et

2195 5241 2481 5297 concinna
2536 5239 2663 5312 [Ed.
2715 5240 2778 5295 L.
2830 5242 2906 5314 X]
2968 5241 3268 5312 brevitate,
3320 5242 3602 5312 bonaeque
3663 5238 3852 5311 frugis

2194 5332 2703 5389 observationibus
2723 5333 2890 5390 nitet.
2925 5333 3110 5397 Quam
3144 5332 3215 5388 cl.
3251 5331 3518 5404 opusculi
3551 5339 3750 5387 auctor
3789 5329 3852 5384 in

2195 5423 2310 5478 ﬁne
2355 5422 2637 5493 promittit
2670 5422 3166 5491 dissertationem,
3201 5421 3363 5476 velut
3402 5420 3646 5476 alteram
3705 5436 3852 5491 prae-

2195 5513 2378 5568 sentis
2409 5517 2654 5584 partem,
2685 5514 2755 5568 de
2785 5511 3151 5567 Constantini
3185 5511 3420 5584 scriptis
3447 5515 3502 5566 et
3530 5510 3589 5566 in
3622 5510 3852 5566 litteras

2197 5603 2441 5669 meritis,
2474 5618 2602 5658 eam
2649 5603 2707 5658 in
2758 5603 2888 5673 ejus
2921 5601 3158 5657 schedia
3206 5601 3461 5674 reperire
3509 5616 3626 5656 non
3687 5599 3852 5670 potui

2193 5692 2552 5759 elaboratam
2589 5707 2603 5747 :
2637 5694 2996 5763 quapropter
3024 5690 3317 5748 sarciendi
3343 5691 3606 5748 defectus
3663 5690 3853 5762 gratia
