4184 6432
393 452 475 512 45
1825 454 2048 514 ΡΗᾸΞΕ

2163 452 2415 513 IONES.
3746 470 3824 528 46

408 583 768 639 decreveram
830 581 1216 655 particulam,
1262 599 1386 655 quas
1436 582 1594 641 idem
1644 590 2060 657 argumentum
2096 584 2142 652 Α
2178 599 2314 641 cum
2348 602 2381 643 a
2415 583 2514 640 tali
2548 585 2796 642 consilio
2831 585 3058 646 alienus
3076 590 3210 661 sim,
3231 594 3287 648 et
3306 608 3409 664 per
3440 609 3704 651 mearum
3734 613 3826 656 re—

406 671 765 744 exseqnitnr,
798 689 831 728 e
881 670 957 729 el.
991 670 1249 728 Fabricii
1296 673 1636 731 Bibliotheca
1675 672 1867 731 erca
1897 691 2065 746 repe-

398 767 545 818 tere.
579 761 689 817 Sed
722 777 861 817 cum
895 760 1047 817 liber
1068 761 1132 817 in
1165 762 1428 817 omnium
1461 779 1641 819 manu
1673 764 1770 832 sit,
1803 763 1942 818 satis
1981 765 2067 818 est

400 850 546 907 illuc
577 850 821 923 cupidos
853 849 1147 923 ablegare.
1178 851 1401 922 Repetii
1422 856 1616 908 tamen
1640 853 1775 909 inde
1796 853 2062 908 notitiam

399 941 586 1012 hujus
617 940 846 997 Codicis
887 941 960 996 ab
1000 939 1382 997 Ulfenbachio
1430 942 1746 998 conditam.
1790 942 2065 1012 Sequitur

398 1030 505 1085 illa
535 1029 995 1101 premissaipse
1044 1029 1272 1103 primus
1315 1030 1783 1087 Constantiniani
1832 1030 2063 1087 Codicis

398 1118 830 1175 Caerimonialis
874 1117 1045 1186 liber,
1085 1135 1220 1175 cum
1279 1120 1759 1192 interpretatione
1806 1121 2060 1192 primum

399 1209 645 1282 quidem
687 1207 1027 1278 Leichiana,
1060 1225 1188 1281 quae
1232 1225 1414 1282 usque
1444 1210 1517 1266 ad
1549 1226 1683 1283 pag.
1714 1210 1814 1265 221
1860 1226 2062 1282 proce-

402 1301 513 1368 dit,
542 1300 753 1355 deinde
781 1315 918 1355 vero
946 1315 1075 1355 mea
1108 1315 1289 1372 usque
1312 1300 1383 1355 ad
1410 1299 1606 1356 finem.
1632 1300 1844 1356 Addidi
1874 1300 2062 1371 primo

403 1389 553 1444 libro
598 1388 757 1444 velut
810 1389 1194 1461 appendicem
1255 1388 1362 1445 illa
1418 1394 1710 1462 praecepta
1757 1390 2060 1459 militaria,

407 1495 535 1550 qua
576 1479 634 1534 in
667 1478 868 1535 codice
891 1483 1089 1536 nostro
1110 1480 1513 1551 manuscripto
1536 1479 1769 1535 initium
1790 1479 2065 1536 facientia

402 1586 508 1640 per
554 1569 776 1640 primas
826 1569 1034 1641 viginti
1084 1571 1459 1626 membranas
1510 1571 1917 1627 decurrebant.
1952 1572 2062 1628 Po-

400 1663 630 1714 tueram
652 1675 781 1716 eam
827 1658 1171 1730 particulam
1200 1661 1455 1718 secundo
1486 1660 1637 1717 libro
1667 1661 2057 1734 subjungere;

396 1749 503 1804 sed
536 1749 863 1805 cavendum
915 1748 1057 1804 mihi
1108 1754 1253 1819 erat,
1314 1766 1389 1807 ne
1441 1749 1733 1823 posterius
1782 1750 2059 1807 volumen

400 1836 559 1893 mole
603 1836 758 1893 ultra
809 1837 971 1909 prius
1016 1838 1334 1895 excederet.
1380 1839 1464 1896 Cl.
1516 1839 1788 1897 Leichius
1818 1841 1877 1896 id
1931 1841 2060 1897 ideo

398 1944 649 1999 prorsus
689 1928 987 1991 omiserat,
1035 1928 1171 2001 quia
1220 1928 1291 1984 ab
1340 1928 1452 1985 hoc
1502 1946 1675 2002 opere
1718 1930 2055 1986 decreverat

397 2033 619 2085 arcere,
668 2021 727 2072 et
780 2017 841 2072 in
889 2016 1230 2075 collectione
1284 2019 1650 2075 Tacticorum
1706 2022 2052 2089 Graecorum,

396 2123 581 2179 quam
641 2107 1060 2176 meditabatur,
1106 2107 1399 2164 exhibere.
1450 2109 1639 2165 Habeo
1689 2109 1744 2165 in
1778 2111 2052 2167 manibus

391 2196 695 2268 exemplar
751 2195 1175 2269 opusculorum
1236 2197 1620 2267 Constantini,
1691 2218 1725 2255 a
1800 2200 2052 2256 Meursio

390 2288 575 2360 Lugd.
622 2288 822 2342 Batav.
854 2304 951 2342 an.
984 2287 1116 2341 1611
1152 2286 1465 2359 editorum,
1497 2287 1556 2344 in
1588 2289 1799 2360 quibus
1820 2288 2054 2345 Tactica

387 2378 495 2433 vir.
530 2375 600 2431 cl.
650 2377 876 2450 passim
925 2376 1333 2433 emendaverat
1364 2393 1462 2433 sua
1496 2394 1676 2433 manu
1710 2382 1887 2450 atque
1916 2395 2053 2451 sup-

388 2467 668 2539 pleverat,
702 2484 733 2523 e
764 2465 991 2532 codice,
1025 2469 1090 2521 ut
1133 2466 1404 2539 conjicio,
1437 2469 1799 2541 Augustano.
1849 2468 2050 2524 Inveni

388 2558 449 2613 in
490 2558 620 2629 ejus
668 2554 1045 2613 Adversariis
1089 2554 1204 2611 alia
1252 2556 1661 2629 supplementa
1696 2558 2051 2615 eorumdem

385 2648 774 2711 Tacticorum,
835 2649 901 2701 ut
959 2648 1020 2700 et
1069 2644 1299 2714 Leonis,
1352 2662 1382 2701 e
1428 2646 1625 2703 codice
1680 2648 2047 2718 Augustano,

388 2754 514 2811 quae
545 2754 577 2794 a
607 2736 998 2794 celeberrimo
1048 2733 1341 2793 Bruckero
1388 2744 1708 2810 acceperat.
1747 2738 1863 2810 Ego
1896 2753 2050 2807 vero,

2174 690 2303 730 rum
2353 673 2752 732 conditionem
2800 693 3086 749 nequeam
3132 696 3247 735 non
3297 697 3444 751 esse,
3487 684 3664 741 debui
3694 704 3825 743 om-

2173 763 2314 819 nino
2347 764 2537 820 locum
2567 765 2627 820 in
2660 764 2769 821 hac
2815 767 3073 824 editione
3120 772 3402 840 cpusculo
3451 774 3611 839 dare,
3641 775 3821 833 inter-

2173 858 2399 925 pretatu
2434 854 2667 926 quidem
2700 856 2950 926 difﬁcili,
2973 856 3122 913 lectu
3163 864 3360 915 tamen
3389 862 3665 931 jucundo,
3699 865 3817 935 ple-

2172 958 2366 1014 noque
2380 959 2569 1000 rerum
2592 943 2743 1001 scitu
2765 946 3267 1018 dignissimarum.
3293 948 3500 1007 Parum
3514 952 3816 1010 referebat.

2173 1032 2275 1088 ubi
2328 1033 2429 1088 ubi
2485 1033 2905 1104 collocaretur;
2958 1037 3133 1093 modo
3181 1037 3373 1096 locum
3422 1041 3663 1099 haberet
3703 1062 3818 1102 non

2172 1122 2421 1179 nullum.

2242 1214 2578 1269 Secundum
2600 1214 2873 1272 volumen
2904 1216 3068 1272 dabit
3088 1219 3410 1275 secundum
3437 1220 3615 1278 Graeci
3639 1222 3819 1295 huius

2170 1302 2580 1359 casrimonialis
2613 1303 2851 1374 librum,
2875 1321 3010 1363 cum
3044 1307 3324 1377 adjuncta
3354 1308 3558 1367 Latina
3584 1328 3715 1368 mea
3736 1314 3819 1370 in-

2168 1391 2602 1463 terpretatione.
2661 1394 2928 1450 Proxime
2993 1412 3284 1467 apponam
3343 1403 3509 1455 notas
3566 1401 3818 1470 criticas,

2169 1496 2301 1552 quae
2326 1481 2583 1537 codicem
2615 1485 2877 1539 Graecum
2910 1484 3061 1556 typis
3092 1500 3435 1556 expressum
3457 1504 3527 1544 ex
3557 1488 3817 1559 ipsarum

2170 1570 2649 1626 membranarum
2687 1571 2877 1627 denuo
2907 1590 2940 1627 a
2974 1590 3062 1628 me
3085 1573 3393 1647 diligenter
3416 1577 3814 1650 inspectarum

2168 1656 2285 1715 ﬁds
2315 1663 2373 1715 et
2403 1659 2750 1732 conjecturis
2772 1661 2919 1719 meis
2949 1664 3364 1721 emendabunt.
3392 1666 3698 1739 Excipient
3717 1685 3816 1726 eas

2169 1747 2710 1805 animadversiones
2733 1748 3022 1806 historicas
3044 1750 3103 1806 in
3128 1756 3313 1808 totum
3342 1771 3487 1824 opus
3520 1772 3654 1811 cum
3691 1758 3814 1813 Lei-

2169 1837 2397 1895 chianis
2429 1855 2569 1895 mea
2594 1859 2608 1908 ;
2638 1841 2816 1895 ﬁnem
2852 1842 3017 1896 faciet
3040 1841 3215 1897 index
3236 1842 3578 1905 Graecitatis.
3612 1849 3816 1905 Latina

2167 1928 2399 1998 quidem
2432 1928 2829 1999 interpretatio
2854 1930 2912 1984 in
2948 1932 3168 1986 mundo
3199 1940 3305 2000 est,
3332 1936 3394 1987 ut
3433 1933 3601 1990 facile
3632 1939 3817 2007 possit

2163 2033 2281 2073 una
2312 2034 2445 2073 cum
2473 2017 2685 2074 Grmcis
2717 2019 2871 2073 intra
2902 2019 3071 2076 breve
3102 2025 3339 2093 tempus
3380 2022 3537 2093 prelo
3568 2024 3812 2081 absolvi.

2163 2108 2410 2182 Reliqua
2430 2109 2698 2182 quamvis
2720 2110 2991 2179 expeditu
3012 2110 3197 2166 ardua
3217 2116 3273 2167 et
3291 2129 3617 2169 aerumnosa
3634 2132 3817 2186 pensa

2162 2199 2298 2267 sint,
2335 2217 2505 2272 spero
2534 2205 2732 2256 tamen
2764 2200 2901 2266 fore,
2938 2199 2987 2256 si
3019 2202 3330 2272 prepitium
3366 2220 3579 2259 numen
3612 2206 3814 2276 emptis

2162 2289 2314 2345 meis
2344 2289 2584 2359 aspiret,
2618 2294 2681 2344 ut
2728 2294 2974 2345 exeunte
3007 2290 3240 2346 biennio
3290 2291 3533 2348 alterum
3578 2310 3813 2365 quoque

2160 2377 2452 2445 volumen,
2486 2378 2787 2451 aliquanto
2837 2379 3104 2450 spissius,
3136 2397 3315 2451 quam
3364 2382 3474 2437 hoc
3514 2387 3622 2450 est,
3657 2384 3811 2441 futu-

2161 2485 2315 2537 rum,
2348 2469 2409 2525 in
2436 2470 2739 2525 doctorum
2772 2469 3075 2526 hominum
3108 2487 3321 2527 manus
3351 2473 3561 2529 veniat.

2231 2558 2396 2627 Vale,
2440 2559 2668 2615 Erudite
2728 2560 2954 2629 Lector,
3015 2563 3073 2615 et
3132 2561 3441 2619 conatibus
3490 2564 3812 2619 decessoris

2161 2647 2275 2704 mei
2307 2652 2483 2721 atque
2514 2649 2660 2704 meis
2682 2647 2827 2705 fave.
2859 2648 3042 2705 Scrib.
3078 2649 3286 2722 Lipsiae
3318 2667 3513 2708 mense
3552 2653 3813 2723 Septem-

2161 2736 2251 2792 bri
2285 2738 2443 2793 1751.

1144 3078 1360 3233 AD
1444 3073 2048 3209 TOMUM
2145 3074 3073 3209 SECUNDUM.

451 3474 582 3545 (Ed.
622 3473 676 3529 L.
710 3470 938 3543 XI—Xll]
992 3470 1070 3527 Ea
1109 3474 1196 3527 est
1242 3472 1723 3543 argumentorum
1793 3468 2051 3525 secundo
2085 3473 2132 3542 α
2241 3470 2306 3527 In
2338 3467 2447 3525 hac
2480 3467 2659 3543 igitur
2689 3469 2915 3526 edenda
2946 3475 3130 3541 parte,
3155 3485 3270 3524 non
3302 3467 3497 3524 minus
3515 3471 3689 3540 atque
3714 3464 3811 3523 illa

383 3563 517 3626 hoc,
542 3562 701 3636 quod
727 3578 886 3617 nunc
903 3559 1158 3627 edimus,
1180 3557 1481 3615 volumine
1501 3556 1862 3614 Constantini
1890 3555 2051 3612 Ceri-

384 3651 663 3710 monialis
694 3652 1101 3723 expositorum
1150 3650 1428 3721 dignitas,
1462 3653 1527 3705 ut
1556 3647 1815 3721 palmam
1865 3648 2045 3720 priori

383 3744 622 3799 dubiam
674 3744 865 3798 facere
914 3757 1087 3813 posse
1134 3740 1422 3795 videatur.
1473 3738 1733 3802 Quorum
1779 3738 2048 3809 quamvis

382 3848 627 3889 summa
656 3830 853 3905 capita
884 3828 1153 3901 superior
1173 3828 1302 3900 jam
1333 3826 1593 3899 praefatio
1625 3824 1899 3897 attigerit,
1932 3842 2046 3881 non

386 3920 599 3977 inutile
634 3925 836 3975 tamen
867 3918 1006 3976 duxi
1054 3916 1154 3976 illa
1186 3917 1294 3972 hoc
1334 3932 1563 3988 quoque
1600 3914 1724 3972 loco
1766 3919 2045 3986 repetere.

383 4011 621 4066 Eminet
648 4009 827 4077 igitur
860 4008 1037 4079 hujus
1074 4006 1318 4063 secundi
1349 4004 1482 4061 libri
1514 4022 1582 4062 ea
1611 4022 1745 4078 pars
1782 4022 1907 4077 quae
1939 4022 2042 4060 no-

384 4099 545 4156 mine
574 4093 1068 4172 Κλητωρολόγιον,
1103 4112 1201 4152 seu
1243 4095 1506 4152 doctrina
1552 4095 1775 4150 rituum
1808 4093 2042 4150 illorum

383 4194 501 4256 est,
523 4188 745 4261 quibus
776 4187 1067 4243 solemnes
1093 4183 1278 4259 epulae
1304 4184 1491 4256 Impp.
1516 4184 1872 4240 CPtanorum
1898 4183 2043 4238 cele-

380 4279 546 4334 brari
579 4276 868 4344 solebant,
896 4276 1026 4347 ipsa
1058 4291 1115 4331 re
1147 4278 1323 4346 atque
1346 4273 1703 4346 professione
1727 4272 1934 4328 notitia
1953 4276 2043 4328 est

380 4365 740 4437 dignitatum
790 4364 1020 4436 Imperii
1083 4362 1420 4430 Orientalis,
1480 4362 1651 4433 quale
1717 4361 1927 4416 saaculo
1984 4378 2040 4416 x1

379 4462 640 4514 exeunte
668 4461 809 4512 erat.
844 4454 1088 4510 Minoris
1121 4453 1420 4522 momenti,
1454 4467 1643 4523 neque
1675 4454 1871 4506 tamen
1908 4467 2043 4507 con-

381 4545 707 4616 lemnendi,
743 4550 881 4602 sunt
904 4544 988 4600 illi
1021 4542 1153 4611 loci,
1188 4543 1290 4614 qui
1321 4542 1646 4609 legatorum
1679 4540 2037 4612 excipiendo-

381 4654 515 4694 rum
549 4634 1307 4705 rationem,titulorumque
1330 4630 2039 4705 priescribuntt‘ormulas,

378 4726 602 4799 quibus
636 4730 737 4782 aut
774 4724 953 4781 exteri
1001 4721 1179 4796 legati
1227 4721 1569 4778 CPlitanum
1620 4720 2037 4790 imperatorem

374 4835 445 4874 ex
477 4833 644 4874 more
667 4815 1135 4889 alloquebantur,
1159 4816 1261 4870 aut
1290 4812 1415 4884 ipse
1454 4810 1714 4868 vicissim
1748 4810 1810 4868 in
1831 4809 2037 4866 litteris

374 4907 449 4963 ad
486 4911 716 4962 exteros
748 4903 1045 4977 principes
1062 4902 1186 4958 suis
1217 4903 1510 4959 utebatur.
1538 4902 1671 4968 Quae
1702 4900 1772 4954 ad
1808 4916 2039 4971 proces—

373 4996 572 5052 siones
603 4995 1054 5067 imperatorum,
1080 4991 1140 5047 in
1162 4990 1372 5046 balnea
1396 4994 1453 5045 et
1475 4987 1686 5045 horrea
1705 4987 2035 5059 lustranda,

373 5103 511 5159 quae
542 5084 617 5143 ad
642 5084 975 5157 triumphos
1000 5082 1071 5137 de
1104 5080 1370 5137 hostibus
1400 5079 1641 5135 devictis
1672 5079 1949 5151 agendos,
1965 5080 2037 5135 ad

374 5174 691 5244 brumalia,
725 5176 1033 5247 spectant;
1082 5170 1223 5227 item
1257 5185 1381 5242 quae
1421 5169 1493 5225 de
1522 5167 1725 5224 liberis
1754 5168 2039 5241 Augustis

373 5283 579 5324 recens
613 5264 786 5334 natis,
819 5267 877 5321 et
906 5259 1066 5319 unda
1114 5257 1359 5317 salutari
1396 5256 1743 5325 lustrandis,
1773 5261 1877 5315 aut
1907 5261 2037 5315 ton-

372 5357 606 5424 dendis,
652 5355 726 5411 de
766 5350 1240 5425 patriarcharum
1288 5347 1590 5416 electione,
1632 5346 1704 5402 de
1754 5351 2036 5419 apparatu

372 5446 560 5503 navali
577 5446 638 5502 in
670 5443 974 5518 geminam
999 5437 1451 5512 expeditionem,
1474 5436 1807 5493 Cretensem
1832 5454 2035 5508 unam,

373 5537 608 5595 alteram
638 5531 1180 5609 Longobardicam,
1216 5528 1550 5593 traduntur,
1584 5525 1717 5595 alia,
1752 5543 1879 5601 quae
1912 5546 2039 5603 per-

374 5642 599 5684 censere
658 5622 911 5697 singula
957 5617 1204 5689 longum
1250 5616 1440 5671 foret:
1474 5630 1542 5670 ea
1588 5614 1787 5669 omnia
1837 5616 2037 5672 multi-

365 5715 560 5789 plicem
622 5722 684 5777 et
744 5726 933 5772 usum
992 5710 1054 5763 et
1102 5704 1546 5763 delectationem
1595 5702 1827 5774 habere,
1886 5704 2036 5764 ultro

360 5815 531 5882 patet.

2161 3559 2482 3629 superiore,
2504 3564 2667 3615 tanta
2696 3562 2957 3615 versatus
2989 3557 3075 3613 fui
3099 3557 3400 3630 religione,
3425 3561 3492 3612 ut
3524 3556 3809 3611 membra-

2160 3666 2371 3705 narum
2418 3649 2807 3720 Lipsiensium
2857 3648 3164 3721 plerasque
3221 3648 3467 3703 mendas
3513 3649 3570 3701 et
3610 3646 3805 3718 ipsum

2158 3739 2327 3796 illum
2355 3739 2719 3812 antiquitatis
2744 3740 2901 3794 velut
2924 3741 3078 3791 πῖνον
3113 3736 3354 3793 reddere
3373 3751 3489 3791 non
3508 3736 3808 3791 dubitave-

2158 3829 2294 3896 rim,
2342 3827 2484 3884 satis
2528 3826 2753 3884 habens
2803 3826 3152 3884 emendandi
3199 3825 3483 3882 rationem
3536 3824 3596 3879 in
3643 3840 3802 3879 com-

2158 3917 2460 3974 mentariis
2491 3916 2800 3972 indicasse.
2829 3919 2892 3971 In
2925 3916 3266 3972 adornanda
3287 3914 3492 3969 Latina
3522 3911 3803 3983 interpre-

2155 4009 2375 4063 tatione
2406 4006 2531 4062 cavi
2578 4004 2803 4070 sedulo,
2856 4010 3144 4076 quantum
3196 4008 3253 4059 et
3300 4019 3402 4076 per
3431 4018 3624 4058 rerum
3658 4017 3803 4074 quas

2157 4102 2359 4154 auctor
2396 4101 2622 4164 tractat,
2683 4099 2738 4151 et
2797 4112 2899 4168 per
2973 4095 3249 4151 dictionis
3317 4109 3435 4167 qua
3504 4092 3602 4148 ille
3660 4090 3801 4147 satis

2154 4188 2410 4255 horrida,
2444 4204 2512 4242 ex
2560 4202 2721 4241 more
2769 4184 2857 4241 sui
2892 4184 3109 4251 saeculi,
3146 4184 3349 4251 utitur,
3382 4182 3798 4239 obscuritatem

2152 4276 2341 4347 licuit,
2394 4279 2454 4332 ut
2514 4291 2700 4348 neque
2758 4292 2791 4329 a
2846 4274 3155 4329 verborum
3215 4275 3506 4329 sententia
3552 4274 3797 4338 abirem,

2154 4382 2337 4438 neque
2397 4366 2741 4437 perspicuus
2793 4380 2982 4420 sermo
3041 4362 3489 4418 desideraretur.
3525 4364 3587 4417 In
3628 4361 3797 4414 Com-

2153 4455 2460 4511 mentariis
2492 4470 2627 4510 cum
2676 4453 2849 4509 verba
2889 4452 3152 4525 ritusque
3204 4456 3425 4507 veteres
3478 4449 3773 4504 illustrare

2151 4550 2439 4621 quantum
2474 4544 2628 4601 valui
2674 4548 2731 4599 et
2782 4544 2923 4599 satis
2974 4542 3070 4607 sit,
3116 4539 3335 4606 studui,
3377 4547 3497 4595 tum
3544 4539 3613 4594 de
3643 4538 3795 4594 veris

2150 4650 2378 4710 quoque
2410 4633 2880 4690 membranarum
2912 4631 3282 4698 lectionibus,
3306 4629 3406 4685 ubi
3438 4646 3586 4702 opus
3617 4633 3793 4696 esset,

2149 4724 2483 4798 significare
2518 4739 2631 4778 non
2664 4721 2909 4795 neglexi.
2944 4721 3004 4776 1n
3035 4720 3238 4776 breves
3275 4719 3686 4776 annotationes
3719 4718 3791 4774 cl.

2147 4812 2472 4870 decessoris
2504 4810 2647 4868 mihi
2698 4817 2907 4885 praeter
2931 4809 3277 4883 digestionis
3308 4808 3613 4865 arbitrium
3645 4807 3792 4863 nihil

2150 4902 2437 4975 arrogavi.
2471 4903 2624 4968 Quas
2672 4900 2770 4957 ille
2816 4899 3005 4955 titulis
3036 4900 3309 4955 undecim
3364 4898 3702 4971 complexus
3732 4898 3792 4952 in

2149 4991 2479 5049 adversaria
2509 5007 2597 5060 eo,
2632 5007 2747 5062 quo
2780 4988 2959 5045 libros
3006 5005 3267 5061 quosque
3296 4988 3547 5059 legisset,
3591 4987 3794 5042 ordine

2148 5084 2474 5153 coniecerat
2490 5079 2946 5151 observationes,
2978 5095 3099 5147 eas,
3120 5083 3183 5135 ut
3200 5077 3361 5135 locus
3379 5079 3624 5152 quisque
3648 5078 3796 5133 ferre

2146 5180 2318 5243 atque
2347 5169 2646 5244 postulare
2679 5169 3009 5237 videbatur,
3043 5170 3129 5226 sic
3160 5169 3211 5225 ei
3251 5167 3703 5234 accommodavi,
3738 5170 3796 5223 et

2146 5261 2278 5319 tela:
2307 5277 2448 5319 mete
2479 5259 2723 5317 intexui.
2758 5261 3014 5329 Quorum
3054 5258 3360 5315 titulorum
3393 5258 3557 5327 duos,
3584 5272 3792 5324 unum,

2149 5352 2443 5423 quintum,
2472 5366 2529 5423 p.
2560 5349 2632 5406 28
2672 5354 3003 5406 nostrorum
3044 5347 3615 5415 commentariorum,
3649 5344 3795 5401 alte-

2149 5456 2306 5509 rum,
2340 5442 2630 5507 octavum,
2661 5456 2718 5512 p.
2768 5438 2839 5493 94
2886 5437 3228 5511 speciminis
3274 5453 3443 5492 causa
3473 5434 3732 5503 exhibui,
3765 5451 3796 5491 e

2147 5546 2284 5602 quo,
2319 5528 2455 5601 quid
2480 5533 2537 5585 et
2567 5526 2667 5583 ille
2698 5528 2755 5583 in
2788 5528 3023 5584 schedis
3070 5526 3389 5597 reliquerit,
3436 5529 3491 5581 et
3520 5541 3585 5581 eo
3618 5540 3796 5596 appa-

2147 5622 2274 5673 ratu
2308 5617 2605 5689 quomodo
2630 5633 2734 5671 nos
2767 5618 2859 5671 usi
2891 5615 3197 5683 fuerimus,
3228 5619 3469 5671 constet.

2216 5711 2304 5766 Ad
2346 5709 2521 5766 finem
2580 5708 2714 5763 libri
2767 5707 2941 5779 primi
2998 5706 3557 5763 commentariorum
3616 5702 3793 5759 telam

2149 5798 2379 5871 abrupi.
2413 5801 2545 5864 Qum
2588 5797 2657 5853 ad
2711 5796 3035 5853 secundum
3088 5799 3141 5850 et
3191 5794 3361 5864 primi
3408 5790 3791 5864 appendicem
