4184 6442
430 415 512 473 49
1082 414 1197 474 DE
1242 414 1434 477 VITA
1482 412 1577 473 ET
1622 412 1874 475 REBUS
1922 412 2189 474 GESTlS
2231 411 2749 477 CONSTANTINI
2797 418 3291 481 POBPHYROG.
3829 427 3907 487 50

448 549 663 604 litteras
696 548 960 605 meritis
1007 548 1356 605 uberiorem
1400 545 1702 602 materiam
1747 544 1879 603 aliis
1916 546 2280 617 temporibus
2309 550 2570 621 seposui,
2601 567 2735 606 cum
2766 552 2894 621 ejus
2924 552 2997 606 de
3026 554 3374 611 caerimoniis
3404 555 3549 612 aulae
3580 558 3907 630 Byzantines

443 656 611 711 opus,
641 640 705 695 in
753 640 924 696 duos
976 639 1179 695 libros
1223 638 1536 710 digestum,
1568 652 1599 692 e
1623 635 1823 693 codice
1861 636 2222 694 bibliothecae
2264 639 2529 711 publicae,
2564 642 2620 698 id
2666 642 2821 713 quod
2862 643 3115 699 maxime
3146 660 3300 701 nunc
3330 647 3561 715 molior,
3593 649 3905 723 evulgabo.

448 730 604 787 ditas
636 732 795 802 eius,
818 730 875 786 si
912 747 1055 804 qua
1090 730 1228 799 alia,
1255 729 1483 801 magnis
1512 728 1792 798 exemplis
1823 727 1983 785 dives
2014 728 2144 785 fuit.
2168 729 2314 786 Nam
2342 732 2532 801 Russi,
2556 732 2872 805 Turcique,
2897 734 3082 790 sacris
3112 734 3458 795 Christianis
3486 743 3613 796 tum
3646 742 3906 813 primum

453 826 554 876 aut
581 821 829 889 initiati,
867 829 983 877 aut
1024 820 1210 876 altius
1250 818 1461 875 imbuti
1494 822 1629 873 sunt
1656 836 1669 887 ;
1694 818 1947 889 Bulgari,
1979 818 2174 875 valida
2211 823 2267 876 et
2306 821 2667 878 ferocissima
2707 839 2870 895 gens,
2900 828 3034 895 post
3068 824 3224 881 bella
3254 826 3509 897 plurima
3546 834 3603 885 et
3642 836 3904 900 cruenta,

454 911 741 983 sanguine
782 915 843 967 et
886 909 1222 967 fcederibus
1268 924 1399 963 cum
1453 909 1628 963 domo
1676 909 1933 977 Augusta
1979 908 2282 964 coaluere:
2318 925 2411 965 res
2459 915 2656 965 contra
2700 911 2880 967 Italiae
2926 913 3114 984 magis
3159 914 3545 984 declinarunt,
3589 923 3648 973 et
3689 934 3904 975 novum

469 1009 669 1077 postea
695 1002 1144 1059 incrementum
1177 1000 1599 1055 Germanorum
1630 996 1825 1069 gloriae
1856 998 2111 1053 fuerunt.
2136 998 2267 1070 Ipse
2287 999 2704 1056 Constantinus
2737 1002 3012 1058 secundis
3046 1004 3426 1076 adversisque
3448 1007 3617 1077 juxta
3648 1009 3904 1065 famosus

470 1093 607 1157 fuit,
636 1095 693 1147 et
733 1092 1089 1162 ademptam
1125 1088 1237 1144 sibi
1269 1090 1615 1159 potestatem
1648 1101 1929 1157 generoso
1965 1085 2162 1141 animo
2194 1104 2401 1158 passus
2428 1095 2536 1157 est,
2569 1105 2702 1145 mox
2727 1094 3021 1161 receptam
3054 1093 3124 1147 ad
3159 1097 3402 1164 nepotes
3425 1095 3771 1152 transmisit.
3802 1096 3903 1152 His

470 1186 668 1255 itaque
704 1183 1025 1247 inductus,
1059 1195 1186 1251 qum
1223 1177 1298 1234 ad
1336 1176 1720 1233 illustrandae
1749 1176 1876 1246 ejus
1907 1192 1999 1233 res
2030 1176 2283 1233 maxime
2312 1179 2604 1249 pertinere
2640 1180 2763 1236 visa
2792 1188 2950 1246 sunt,
2982 1198 3051 1237 ex
3079 1183 3339 1254 antiquis
3370 1185 3756 1257 scriptoribus
3785 1184 3904 1241 col-

468 1275 605 1345 legi,
637 1288 897 1344 quorum
942 1268 1288 1337 nonnullos,
1322 1272 1426 1323 aut
1465 1266 1710 1321 libidine
1752 1266 2111 1333 assentandi,
2142 1272 2244 1323 aut
2281 1268 2414 1324 odio
2445 1270 2724 1325 adversus
2757 1270 3104 1342 principem,
3138 1271 3326 1329 multa
3354 1280 3718 1331 commentos
3749 1290 3900 1340 esse,

478 1363 884 1421 animadverti.
917 1361 1049 1417 Non
1093 1359 1426 1426 defuerunt,
1458 1372 1598 1412 sane
1624 1355 1991 1411 Constantini
2021 1356 2195 1413 rebus
2226 1356 2490 1414 dicendis
2522 1360 2727 1416 decora
2756 1360 3032 1431 ingenia;
3064 1377 3197 1417 nam
3228 1370 3284 1417 et
3317 1364 3429 1420 Leo
3468 1364 3898 1421 Grammaticus

474 1462 530 1513 et
558 1457 787 1512 Simeon
832 1452 1215 1525 Logothetes,
1249 1455 1305 1506 et
1333 1448 1646 1521 Gregorius
1677 1447 2024 1514 Monachus,
2056 1456 2110 1504 et
2140 1466 2314 1520 quem
2355 1449 2416 1505 hi
2449 1452 2737 1523 praecipue
2769 1452 2954 1507 secuti
2986 1457 3148 1519 sunt,
3180 1453 3548 1526 TheOphanis
3591 1457 3897 1513 continua-

473 1552 584 1611 tor,
615 1546 795 1602 vitam
836 1545 969 1615 ejus
1008 1540 1255 1614 posteris
1288 1538 1675 1595 tradiderunt.
1708 1539 1991 1593 Praetereo
2034 1538 2338 1610 Scylitzen,
2371 1540 2675 1607 Zonaram,
2705 1542 3054 1609 Cedrenum,
3088 1542 3403 1602 oscitantes
3431 1562 3602 1618 saepe,
3638 1562 3744 1602 nec
3776 1545 3895 1601 ullo

461 1638 642 1693 modo
691 1635 958 1706 antiquis
1004 1631 1123 1687 illis
1171 1628 1612 1701 comparandos,
1653 1628 1864 1685 deinde
1913 1628 2173 1696 Latinos,
2204 1629 2652 1702 Luitprandum,
2686 1631 3071 1704 Reginonem,
3104 1637 3366 1704 caeteros,
3399 1636 3549 1692 veris
3610 1636 3891 1709 plurima,

456 1727 676 1801 partim
752 1724 919 1793 falsa,
981 1721 1193 1795 partim
1251 1721 1477 1774 incerta
1531 1716 1948 1785 admiscentes,
2007 1720 2134 1773 tum
2187 1719 2516 1789 orientales,
2576 1720 2926 1793 Eutychium
2982 1729 3037 1777 et
3098 1721 3487 1793 tt‘lmacinum,
3547 1742 3696 1797 quos
3756 1733 3892 1780 tunc

467 1818 740 1883 demum,
800 1828 933 1869 cum
1000 1824 1206 1867 eorum
1277 1806 1596 1878 castigandi
1663 1820 1891 1862 errores
1955 1810 2142 1878 erant,
2209 1807 2444 1865 adduxi.
2504 1809 2663 1878 Vale,
2727 1810 2947 1876 Lector,
3015 1814 3074 1866 et
3132 1810 3346 1869 studiis
3413 1814 3630 1871 nostris
3701 1814 3892 1870 favere

452 1922 659 1979 perge.

1930 2014 2407 2073 CONSPECTUS.

446 2155 495 2209 Ι.
523 2148 881 2225 Constantini
899 2156 1170 2217 tempora.
1194 2145 1347 2225 {Etas
1367 2141 1464 2225 sub
1485 2141 1763 2225 tut-oribus
1782 2147 1923 2225 aeta.
1948 2139 2652 2225 ΙΙ.,ιξιιιέιιξτςίςξιγηέξεΖιμμηἶ
2669 2145 2934 2225 Quaedam
2950 2164 3025 2225 ex
3045 2147 3279 2225 antiqua
3298 2150 3475 2225 gentis
3496 2150 3753 2225 historia.
3780 2155 3879 2214 ΙΙΙ.

518 2226 816 2278 Romanus
847 2212 1157 2291 Lecapenus
1184 2215 1480 2291 imperium
1508 2212 1588 2291 ad
1602 2214 1849 2291 serapit,
1871 2213 2095 2291 aemulis
2123 2212 2491 2291 sublatz}_._IY.
2519 2212 2899 2291 Contentiones
2928 2218 2993 2275 de
3021 2212 3238 2291 quartis
3263 2212 3476 2291 nuptiis
3508 2222 3706 2280 Leonis
3734 2212 3874 2283 com.

518 2299 831 2367 ponuntur.
856 2290 923 2344 V.
948 2284 1214 2367 Panicum
1239 2287 1522 2367 Bulgaria.
1538 2284 1786 2367 Meliten;
1807 2286 2042 2367 imperio
2054 2286 2293 2367 adjecta.
2316 2284 2411 2367 V_I_.
2437 2285 2657 2367 Bellum
2677 2288 3011 2367 Scythicum,
3030 2284 3396 2367 'ltngaricum,
3424 2293 3726 2351 Rmsicum.
3750 2296 3850 2355 VII

526 2344 716 2434 istic}
744 2344 1024 2437 Edessena
1041 2344 1561 2437 Constautjnopotin
1575 2344 1928 2437 transfertur.
1944 2355 2042 2437 l
2052 2356 2073 2410 Ι
2083 2400 2095 2412 .
2112 2344 2522 2437 (ξοζιξίᾳηιρηιιρ.
2538 2344 2780 2437 Roman?)
2792 2362 2983 2437 etaliis

527 2427 799 2493 Victoria?
810 2434 875 2489 de
887 2432 1197 2508 Saracenis.
1212 2431 1255 2485 Χ
1273 2428 1920 2508 Πηραηρῃυηιρῄηείρεδ
1930 2436 1981 2482 el
1996 2427 2155 2508 Rusti
2176 2427 2512 2508 Christianis
2533 2433 2715 2508 sacris
2730 2427 3059 2508 initiantur.
3077 2427 3183 2492 XI.
3196 2427 3360 2491 Motus
3375 2452 3475 2508 per
3495 2427 3807 2496 Calabriam
3824 2427 3878 2500 et

517 2508 807 2581 Apuliam.
843 2501 1255 2575 Longobardica
1283 2498 1582 2571 expeditio.
1617 2498 1739 2555 Xll.
1773 2500 2131 2554 Constantini
2155 2500 2357 2566 obitus,
2388 2517 2552 2571 Opera
2578 2504 2823 2574 publica,
2855 2505 3106 2576 virtutes,
3138 2509 3298 2563 vitia.

518 2606 566 2661 Ι.
600 2602 1021 2659 Constantinus
1041 2598 1658 2670 Porphyrogennetus,
1691 2595 1899 2652 Leonis
1921 2594 2108 2651 Philo-
2136 2597 2191 2662 Α
2220 2598 2459 2653 tervallo
2487 2599 2619 2667 Leo,
2654 2602 2825 2657 morti
2857 2602 3178 2672 proximus,
3202 2605 3528 2661 Alexandro
3560 2606 3742 2677 fratri,
3774 2627 3873 2681 po-

448 2694 623 2765 sophi
647 2711 677 2750 e
705 2694 813 2749 Zoe
843 2688 1272 2761 Carbinopsina
1311 2686 1490 2751 ﬁlius,
1522 2702 1616 2742 an.
1641 2684 1748 2739 905
1782 2690 1959 2740 natus
1997 2688 2107 2754 est,

447 2799 565 2854 quo
606 2791 866 2854 tempore
886 2787 1118 2836 exortus
1138 2776 1359 2833 crinitae
1390 2775 1595 2845 stellae,
1628 2789 1809 2846 quam
1840 2776 2105 2829 cometen

458 2876 693 2940 vocant,
720 2872 1002 2926 fmdarum
1045 2868 1116 2923 de
1152 2864 1402 2939 imperio
1449 2864 1890 2921 contentionum
1930 2866 1989 2917 et
2026 2860 2105 2916 ci-

460 2960 603 3015 vilis
643 2958 955 3031 sanguinis,
1000 2961 1068 3013 ut
1116 2955 1293 3027 vulgo
1336 2953 1698 3019 credebatur,
1744 2951 2103 3023 praesagium,

462 3050 750 3122 apparuit.
771 3050 929 3120 Aqua
954 3045 1186 3103 lustrali
1211 3062 1245 3101 a
1264 3042 1501 3101 Nicolao
1526 3042 1873 3114 patriarcha,
1897 3056 1964 3097 eo
1986 3042 2100 3110 die,

450 3156 565 3212 quo
599 3139 915 3195 Servatoris
946 3136 1009 3193 in
1046 3136 1300 3192 Iordane
1340 3132 1513 3189 ﬂuvio
1553 3132 1783 3188 lustrati
1824 3130 2104 3187 memoria

448 3229 779 3285 celebratur
797 3227 996 3300 (Grtsci
1019 3223 1285 3300 Θεοφάνια
1304 3222 1558 3294 vocant,)
1594 3221 1829 3277 ablutus
1868 3227 1956 3276 est
1983 3222 2099 3291 (1);

440 3335 657 3392 pompa
685 3319 749 3373 in
779 3315 1208 3387 expiationibus
1238 3312 1570 3385 principum
1611 3309 1910 3379 solemnis,
1942 3312 2097 3381 quod

440 3413 631 3465 mater
661 3407 922 3463 nondum
952 3407 1215 3476 Augusta
1244 3401 1532 3474 appellata
1552 3405 1704 3456 esset
1726 3400 1827 3473 (2),
1856 3400 2095 3457 omissa.

437 3498 821 3553 Juventutem
847 3496 977 3565 ejus
1005 3493 1368 3556 Theodorus,
1402 3491 1630 3557 doctus,
1668 3493 1730 3545 ut
1766 3493 1893 3543 tum
1932 3492 2099 3543 erant

438 3590 732 3657 tempore,
781 3588 839 3640 et
883 3582 945 3638 in
996 3579 1474 3637 administrandis
1523 3579 1699 3633 rebus
1760 3577 1957 3648 magni
2005 3577 2096 3632 vir

434 3674 748 3742 momenti,
780 3673 1086 3745 praeceptis
1137 3674 1195 3726 et
1235 3667 1498 3740 exemplo
1538 3666 1808 3723 formavit
1846 3666 1943 3739 (3).
1985 3668 2094 3722 Co-

430 3780 643 3820 ronam
675 3778 858 3835 puero
885 3762 947 3817 in
983 3776 1147 3832 spem
1178 3756 1566 3815 successionis
1606 3755 1837 3828 imperii
1875 3756 2093 3825 Euthy-

430 3854 588 3909 mius
641 3851 972 3924 patriarcha
1010 3846 1312 3921 imposuit,
1363 3847 1622 3904 nondum
1672 3845 1932 3901 obsoleta
1968 3844 2091 3901 Cte-

2217 2688 2443 2744 testatis
2465 2695 2521 2744 et
2550 2691 2934 2747 consiliorum
2966 2694 3225 2749 omnium
3259 2696 3509 2751 comilen
3533 2712 3600 2752 ac
3619 2699 3869 2771 socium,

2216 2778 2667 2846 commendavit,
2700 2788 2760 2834 ut
2793 2796 2859 2836 eo
2911 2781 3192 2852 magistro
3231 2783 3511 2853 regnandi
3541 2789 3717 2849 artes,
3753 2788 3867 2845 sibi

2213 2866 2455 2938 suisque
2510 2867 2736 2924 civibus
2809 2870 3111 2939 salutares,
3170 2872 3500 2929 addisceret
3562 2874 3661 2943 (5).
3719 2874 3865 2930 Tum

2211 2970 2366 3022 vero,
2399 2973 2702 3028 nunquam
2734 2959 2873 3014 satis
2903 2962 3092 3015 tutum
3131 2976 3260 3016 esse
3288 2962 3450 3034 regni
3477 2964 3863 3032 consortium,

2208 3045 2477 3116 apparuit
2508 3062 2615 3102 nec
2652 3046 3068 3114 Alexandrum,
3110 3050 3368 3121 pessimo
3410 3052 3655 3124 exempli
3701 3053 3866 3124 prin-

2209 3134 2420 3207 cipem,
2462 3137 2562 3208 qui
2594 3138 2784 3193 multa
2814 3138 3149 3211 crudeliter,
3191 3141 3375 3196 multa
3409 3140 3864 3213 intemperanter

2207 3224 2464 3295 gerebat,
2498 3241 2532 3280 a
2561 3225 2775 3282 scelere
2819 3227 3127 3283 abstinere.
3170 3228 3314 3284 Nam
3359 3229 3714 3299 Basilitzem,
3756 3247 3861 3288 nec

2207 3314 2518 3385 sanguine,
2561 3331 2666 3371 nec
2707 3315 2766 3371 in
2800 3332 2922 3371 rem
2973 3317 3269 3387 publicam
3316 3319 3563 3385 meritis,
3612 3319 3858 3389 clarum,

2208 3402 2442 3459 sublato
2472 3405 2880 3473 Constantino,
2915 3406 3223 3462 admovere
3252 3406 3498 3476 imperio
3528 3408 3813 3479 cogitabat
3840 3426 3854 3476 ;

2204 3493 2419 3564 quibus
2464 3493 2726 3551 consiliis
2765 3511 2925 3550 mors
2968 3494 3100 3564 ejus
3148 3495 3497 3564 intercessit,
3546 3502 3856 3569 postquam

2202 3598 2423 3638 annum
2476 3599 2686 3651 unum,
2734 3588 2794 3640 et
2859 3583 3011 3654 quod
3075 3585 3351 3652 excurrit,
3402 3590 3700 3656 regnasset
3754 3588 3854 3657 (6).

2199 3669 2407 3739 Puero,
2461 3687 2569 3727 nec
2626 3676 2819 3742 aetate,
2868 3688 2972 3728 nec
3021 3687 3215 3727 rerum
3262 3674 3640 3745 experientia,
3679 3678 3853 3731 tantae

2198 3758 2372 3815 molis
2402 3759 2623 3833 capaci,
2649 3761 3017 3829 Nicolauum,
3036 3777 3334 3817 sacrorum
3362 3762 3709 3834 principem,
3732 3768 3851 3819 Ste-

2197 3848 2458 3919 phanum
2490 3858 2547 3905 et
2591 3850 2879 3907 Joannem
2931 3850 3193 3919 Eladam,
3237 3854 3461 3906 tutores
3504 3856 3853 3907 testamento

426 3945 579 4000 saris
608 3942 934 4015 (dignitate,
968 3956 1083 4013 qua
1120 3942 1386 4008 ornatus,
1418 3936 1821 3998 Nobilissimus,
1854 3936 2082 4006 antiqui
2113 3951 2160 4017 Β
2194 3937 3406 4013 instituit,quorumlicetaequalisdignitas
3420 3944 3596 4006 esset,
3620 3956 3853 3996 summa

422 4033 610 4090 moris
641 4031 943 4099 instituto,
970 4028 1289 4086 vocabatur
1326 4027 1426 4099 (4).
1469 4025 1753 4082 Eumdem
1794 4023 1951 4081 brevi
1992 4025 2078 4080 in-

2186 4030 2379 4082 tamen
2404 4028 2559 4099 apud
2594 4027 2893 4084 Nicolaum
2918 4032 3081 4087 stetit
3098 4031 3199 4104 (7).
3226 4029 3467 4085 Interim
3491 4045 3581 4085 res
3605 4029 3838 4101 publica

2016 4122 2250 4180 NOTIE.

498 4221 578 4290 (1)
611 4219 943 4277 Continuat.
970 4214 1378 4290 Theophanjp
1410 4214 1594 4290 Ifeone
1626 4211 2080 4290 BasilJfoXlll,

423 4308 482 4361 p.
680 4292 789 4346 Leo
820 4284 1150 4345 Grammat:
1172 4304 1230 4359 p.
1263 4287 1387 4361 l1‘83.
1420 4285 1695 4361 Scylitzes
1726 4301 1783 4361 p_.
1815 4284 2081 4361 602,7etc.

495 4363 578 4433 (2)
612 4366 885 4434 Augusta:
902 4362 1156 4434 dignitas
1173 4355 1299 4429 ipsi
1320 4362 1444 4434 tum
1470 4355 1733 4434 primum
1759 4355 2078 4434 impertita,

422 4429 666 4505 unaque
703 4429 1000 4505 nuptialis
1056 4429 1612 4505 corona_imposita_
1641 4435 1748 4505 est.
1802 4430 2077 4505 zonaras,

418 4511 461 4558 t.
623 4523 678 4577 p.
716 4496 856 4577 178:7:
897 4501 1014 4577 Οὐκ
1050 4496 1633 4577 εὐθὺςηηέγτρὶ-οεύτῇι
1657 4496 2079 4577 τῆςβεισιλείας

423 4567 729 4645 μετέδώκεν
796 4574 1133 4645 ἀξιώματος,
1192 4567 1319 4627 ἀλλ’
1367 4567 1694 4645 iunium—15y.
1732 4567 1879 4645 αὐλεῷ
1936 4588 2078 4645 ςυμ-

425 4637 624 4721 ξεφῦσα
652 4648 721 4715 ἦν
764 4637 1130 4721 ᾇτᾶιν-ίὶυτοςί
1182 4637 1500 4721 μὲχφιςίοβ
1539 4637 1758 4721 παιδίον
1793 4637 1866 4721 ’ἐξ
1908 4637 2079 4709 αὐτῆς

420 4719 632 4794 ἐτέχθη
663 4713 746 4794 ’ἐῷ
781 4716 1019 4791 βασιλεῖ.
1051 4713 1195 4794 Eam
1224 4713 1334 4794 nan
1349 4715 1536 4794 statim
1562 4715 1763 4794 honore
1780 4713 2078 4794 imperato-

415 4783 631 4849 riouest'
652 4783 939 4860 dignatus,
967 4790 1062 4846 sed
1089 4790 1187 4844 diu
1215 4787 1669 4860 sinediadeynate
1694 4783 2079 4860 [tabuitﬂanfc

414 4866 667 4936 ﬁliolum
696 4854 1011 4936 peperisset.
1058 4861 1293 4936 Simeon
1334 4857 1651 4936 bogolheta
1681 4856 1764 4936 in.
1798 4854 2073 4936 Annalib.

418 4925 480 5009 β.
516 4938 663 5009 466ε
696 4925 987 5009 Εὖλογήθῃ
1016 4933 1174 5009 Λέων.
1208 4925 1449 5009 κτζΖωῇ
1501 4959 1569 4969 -—
1606 4927 1697 5009 xui.
1742 4925 2075 5009 ἀνῃγρρευσε

411 5000 519 5074 ’ἰὴν
551 5007 749 5060 ἑαυτοῦ
779 5000 1021 5080 (etiam
1063 5003 1218 5080 Ζῳήν
1246 5000 1613 5080 Αρχοθόσταν.-
1630 5000 2072 5055 Benedictionem

412 5072 675 5150 nuptiali
718 5072 1149 5150 rit'u‘conseculi
1178 5078 1309 5129 sunt
1338 5078 1442 5130 Leo
1492 5080 1544 5126 et
1574 5072 1676 5150 Z_oe
1722 5088 2071 5150 —__u.ror_epa

411 5142 637 5223 quoque
710 5150 877 5223 Zoen;
918 5150 1021 5204 Leo
1094 5148 1391 5217 Augustam
1453 5145 1836 5214 proclamavit.
1907 5142 2069 5198 Adde

408 5221 661 5279 Cedreu.
694 5237 753 5292 p.
784 5221 909 5292 600.

2193 4216 2366 4296 gusta
2395 4212 2878 4296 ‘Vindobonhensi
2930 4219 3163 4296 exstant
3218 4215 3503 4296 '_l‘h_eodori
3559 4216 3845 4296 orationes

2190 4285 2436 4356 aliquot,
2467 4286 2676 4355 quibus
2710 4287 3156 4345 Constantinum
3188 4294 3247 4344 et
3282 4289 3430 4344 Zoen
3475 4293 3718 4343 matrem
3753 4304 3843 4344 ce.

2189 4355 2455 4412 lebravit.
2492 4357 2753 4412 Lambec.
2788 4357 3267 4416 Commentarior.
3300 4360 3397 4415 lib.
3437 4374 3513 4423 iv,
3548 4374 3600 4428 p.
3639 4359 3725 4411 11.

2260 4429 2335 4501 (4)
2364 4429 2593 4501 (Georg.
2624 4428 2780 4484 Mon.
2825 4430 2883 4483 in
2925 4429 3101 4486 Novis
3150 4433 3296 4501 Imp.
3332 4447 3387 4501 p.
3418 4430 3517 4482 561
3549 4428 3841 4501 ;Zonaras

2260 4444 2335 4498 (ιι)
2387 4444 2596 4555 (180Γῇ
2624 4444 2780 4484 mon.
2825 4446 2883 4483 in
2926 4444 3101 4486 mons
3150 4444 3296 4500 imp.
3332 4444 3517 4501 p.001
3549 4444 3838 4493 ;z.onaras

2187 4515 2246 4571 p.
2281 4500 2402 4554 180.
2436 4499 2518 4582 pe
2566 4501 2898 4582 __obili.ssi1no
2924 4506 2985 4582 et
3013 4500 3456 4582 Nobilisgimalu,
3486 4506 3551 4582 ut
3581 4499 3838 4582 sequiori

2186 4569 2309 4699 ἓνο
2330 4587 2399 4627 ea
2420 4571 2673 4643 dignitas
2701 4573 3036 4640 vocabatur,
3059 4575 3177 4642 agit
3208 4571 3462 4644 Cangius
3490 4571 3551 4626 in
3584 4569 3835 4629 Glossar.

2239 4660 2369 4699 raec.

2239 4660 2369 4699 P830.

2256 4716 2331 4786 (5)
2370 4713 2478 4768 Vix
2514 4713 2667 4770 enim
2711 4718 2931 4786 septem
2974 4731 3157 4771 annos
3197 4713 3614 4770 Constantinus
3647 4719 3820 4769 natus

2185 4792 2327 4857 erat,
2378 4802 2512 4857 cum
2558 4791 2723 4857 pater
2771 4786 2883 4842 fato
2935 4788 3287 4857 fungeretur.
3321 4786 3467 4841 Hinc
3515 4802 3648 4841 eum
3695 4786 3834 4841 Gre-

2183 4855 2319 4929 gor.
2343 4858 2415 4929 in
2450 4855 2582 4912 Vita.
2607 4855 2829 4929 Basilii
2877 4860 2969 4927 (ad
3012 4855 3068 4912 d'.
3112 4860 3180 4912 26
3220 4859 3430 4928 Mart.),
3466 4875 3521 4928 p.
3559 4857 3701 4913 670:
3737 4861 3809 4909 Ko

2186 4923 2321 5001 ᾖιδῇ
2369 4927 2486 4981 νὲον
2534 4923 2858 5001 καὶμπᾳῖδα,
2888 4923 3243 5001 ’[,υἰιρισθηὼ
3286 4923 3432 4985 Hist.
3466 4923 3505 4982 l.
3548 4945 3633 4996 ιιι,
3679 4945 3730 4984 c.
3773 4929 3830 4995 7,

2178 4995 2472 5072 paruulum
2524 5007 2575 5055 et
2622 4995 2854 5067 ἄλαλον,
2900 5000 2958 5055 id
3008 4995 3119 5064 est,
3169 5010 3381 5056 mulum
3428 5010 3479 5055 et
3539 4995 3831 5069 infantem,

2178 5081 2361 5128 vocat.
2396 5072 2693 5144 Successit
2722 5076 2916 5144 autem
2961 5072 3289 5129 Alexander
3318 5089 3471 5127 anno
3500 5072 3625 5127 911.
3660 5073 3829 5144 Apud

2178 5145 2513 5223 Simeonem
2546 5142 2949 5223 Lugothetam,
2972 5161 3194 5200 annum
3226 5145 3331 5199 907
3365 5142 3829 5215 ponentem,'uu-

2176 5215 2322 5271 meri
2354 5215 2609 5283 corrupti
2641 5218 2801 5270 sunt.

488 5295 568 5365 (3)
602 5279 715 5348 an;
737 5290 1195 5365 illegTheodorus
1216 5286 1431 5360 est,qui
1464 5289 1665 5365 postea
1696 5301 1896 5365 pactam
1929 5302 2061 5365 cum
2096 5283 2140 5351 C
2248 5287 2328 5358 (ιέ)
2354 5279 2625 5365 “Contin.
2696 5285 3038 5365 Theophan.
3098 5304 3160 5365 pA.
3216 5287 3341 5365 233,
3400 5279 3529 5365 ἔτος
3584 5281 3636 5337 ἔν
3669 5282 3830 5365 Δᾑμέ-

410 5357 713 5428 Simeone,
748 5363 1129 5433 Bulgarorum
1162 5377 1317 5433 rege,
1349 5357 1763 5433 composuit,“
1790 5357 2067 5433 Cpnstan;

406 5440 634 5503 tino,ut
663 5429 997 5491 Romanum
1026 5429 1309 5505 collegam
1341 5447 1409 5505 ac
1439 5430 1801 5505 defensgrem
1832 5429 2064 5505 imperii

404 5501 765 5575 assumeret,
799 5506 1092 5577 persuasit
1125 5521 1139 5559 :
1166 5501 1292 5577 post
1314 5503 1458 5558 urbe
1480 5517 1611 5557 cum
1641 5501 2063 5577 Theophylacto

404 5580 683 5653 patricio,
725 5572 904 5653 quod
929 5582 1137 5653 contra
1165 5576 1498 5653 Bomanum
1542 5588 1845 5653 novas_res
1875 5572 2062 5653 moliri

406 5644 775 5731 argueretur,
808 5650 1042 5731 pulsus,
1071 5649 1136 5731 in
1170 5647 1500 5731 Opsicjaua,
1524 5644 1778 5731 ‘minor'is
1806 5645 2063 5731 Asiaeﬁr'el-

404 5716 602 5795 gioue,
634 5716 859 5781 aetatem
892 5722 1035 5793 egit.
1067 5716 1797 5795 Contin._'l‘heophap.__xl_,
1833 5732 1926 5786 pp.
1960 5717 2059 5795 241

402 5785 465 5853 Et
491 5785 636 5867 245';
670 5797 781 5856 Leo
826 5785 1159 5852 Gra'mmat.
1192 5806 1251 5863 p.
1294 5790 1418 5846 492.
1454 5785 1520 5844 ia
1560 5785 1917 5843 bibliotheca
1945 5790 2064 5843 Au-

2179 5356 2274 5430 pa¢
2313 5357 2438 5430 xp‘,‘
2460 5372 2670 5411 annum
2708 5373 2910 5430 unum,
2944 5358 3059 5413 dies
3094 5356 3184 5414 22.
3224 5358 3458 5413 Simeon
3509 5356 3829 5430 Logotheta

2174 5427 2232 5485 et
2260 5427 2368 5485 Leo
2399 5427 2831 5485 Grammaticus
2861 5431 3004 5494 dies,
3025 5434 3231 5499 praeter
3255 5443 3473 5484 annum
3506 5427 3823 5499 integrum,

2173 5501 2242 5555 29
2286 5504 2613 5570 numerant,
2645 5517 2895 5570 quorum
2941 5502 3289 5557 sententiam
3322 5501 3650 5571 proximam
3687 5516 3822 5554 vero

2173 5572 2575 5698 esse,dl?:gius
2624 5571 2685 5627 iu
2739 5572 2877 5627 Crit.
2932 5572 3140 5628 Baron.
3191 5589 3288 5629 an.
3333 5571 3463 5637 912,
3512 5587 3643 5643 pag.
3694 5572 3819 5641 804,

2173 5661 2236 5698 os
2266 5661 2337 5698 en
2387 5660 2401 5697 1
2440 5685 2452 5698 .

2172 5645 2452 5701 ostendit.

2245 5717 2325 5787 (7)
2363 5718 2601 5787 Gregor.
2629 5714 2688 5769 in
2722 5714 2854 5787 Vita
2883 5715 2943 5770 S.
2977 5714 3178 5787 Basilii
3203 5715 3338 5787 jun,
3364 5730 3422 5785 p.
3453 5714 3594 5787 670,_
3614 5731 3672 5787 n.
3709 5714 3775 5787 to
3802 5729 3817 5767 :

2174 5780 2532 5859 Ἀλέξανδρόος
2580 5783 2909 5859 ἐπιτρόπους
2957 5803 3018 5839 τε
3091 5780 3219 5840 καὶ’
3248 5780 3494 5860 φῦλᾶκας
3537 5781 3685 5851 αὐτῷ
3732 5780 3818 5834 ἐπ-
