4184 6410
421 371 499 431 59
1570 367 1627 428 J.
1678 365 1764 426 H.
1813 363 2072 426 LECHII
2115 365 2700 434 COMMENTATIO
3759 379 3840 438 60

421 525 454 562 a
511 505 818 578 Polyeucto
879 501 1234 576 patriarcha,
1283 519 1398 558 non
1458 502 1645 559 multo
1691 505 1840 573 post,
1881 499 2066 557 sacris
2097 503 2151 568 Α
2185 508 2438 562 mentem
2472 515 2748 576 cerneret,
2783 512 2841 563 ut
2874 507 2977 578 qui
3001 510 3177 563 tantes
3200 509 3544 579 dignitatem
3571 512 3844 581 majesta-

423 593 717 668 diptychis
776 593 1141 666 adscriptum
1191 609 1338 662 esse,
1397 591 1635 666 plurimi
1693 592 2070 665 indignaren-

424 690 522 742 tur
551 686 684 757 (45).

496 773 559 830 ν.
593 774 729 829 Post
777 787 954 828 annos
1005 771 1325 828 admodum
1358 771 1712 844 quindecim,
1747 787 1921 844 quam
1953 769 2074 842 pri-

427 879 590 919 mum
610 862 925 934 imperium
947 861 1133 916 adorti
1159 866 1343 930 erant,
1376 861 1608 934 Bulgari
1639 877 1842 917 rursus
1874 875 2070 932 pacem

427 967 658 1022 exuere,
691 966 790 1006 seu
825 949 1204 1006 assuetudine
1245 949 1455 1021 gentis,
1507 967 1634 1022 quas
1683 951 1940 1007 secunda
1971 947 2071 1004 ad-

425 1056 626 1098 versus
655 1039 1060 1110 circumjectas
1094 1040 1364 1095 nationes
1407 1039 1558 1095 bella
1587 1040 1870 1094 hactenus
1899 1053 2070 1093 exer-

425 1133 646 1198 cuerat,
707 1146 810 1184 seu
862 1130 1017 1200 quod
1070 1127 1326 1184 claustra
1374 1129 1554 1184 maris
1612 1145 1680 1184 ac
1734 1132 1902 1183 terra
1957 1127 2070 1181 levi

423 1220 695 1294 praesidio
753 1221 1034 1276 adversus
1101 1219 1498 1276 validissimos
1569 1219 1850 1276 exercitus
1903 1222 2072 1288 septa

421 1315 638 1369 essent.
676 1312 784 1365 An.
819 1309 945 1365 929.
997 1310 1144 1364 Tum
1197 1310 1553 1380 praetorianas
1607 1308 1872 1364 cohortes
1905 1323 2072 1363 arma

425 1400 620 1456 subito
677 1402 975 1469 ceperunt,
1036 1399 1291 1453 infausto
1365 1401 1594 1464 eventu,
1673 1413 1804 1453 cum
1877 1396 2070 1452 acrius

418 1505 594 1562 quam
625 1489 1013 1558 constantius,
1055 1486 1319 1559 praelium
1365 1486 1602 1542 inirent.
1648 1487 1841 1542 Classe
1893 1485 2068 1542 etiam

420 1579 716 1634 vindicare
738 1577 919 1633 maria
955 1577 1167 1642 visum,
1193 1593 1340 1649 quae,
1376 1577 1590 1632 ducum
1623 1575 1940 1647 imperitia,
1972 1581 2070 1630 aut

423 1669 686 1741 dispersa
726 1675 834 1737 est,
867 1675 963 1723 aut
991 1667 1051 1722 in
1088 1670 1285 1739 fugam
1321 1668 1598 1738 conjecta.
1625 1669 1922 1722 Auxerunt
1955 1671 2070 1720 ter-

420 1774 605 1814 rorem
638 1763 914 1828 agrestes,
949 1773 1082 1812 cum
1126 1756 1308 1827 portis
1338 1755 1868 1824 urbisinoidentes,
1893 1755 2069 1823 Pega-

421 1863 552 1902 rum
578 1850 634 1902 et
669 1845 988 1901 Theodoras
1015 1843 1251 1915 palatia,
1283 1845 1665 1914 Stenumque,
1696 1843 1898 1899 hostili
1931 1843 2068 1915 igne

421 1951 690 2006 accensa,
723 1934 922 2007 procul
965 1935 1190 1990 fumare
1232 1934 1590 1988 nuntiarent.
1637 1932 1902 1988 Pericula
1933 1933 2068 1987 ulti-

420 2042 518 2081 ma
545 2026 759 2081 audere
788 2029 844 2080 et
874 2023 1118 2094 experiri
1149 2023 1388 2079 tandem
1411 2023 1621 2093 jussus
1653 2026 1743 2078 est
1770 2022 2066 2090 Sactitius,

405 2127 590 2187 ‘quem
627 2114 888 2186 palantes
937 2113 1131 2184 copias
1187 2130 1301 2168 non
1359 2111 1662 2167 instrenue
1699 2127 2066 2184 aggressum,

422 2220 537 2259 uno
568 2203 807 2259 vulnere
866 2201 1102 2258 Barbari
1163 2202 1225 2256 in
1284 2209 1528 2257 mortem
1588 2201 1849 2256 effecere.
1889 2201 2072 2271 Cujus

423 2297 589 2366 gesta
620 2293 792 2348 multi
824 2307 961 2349 cum
992 2291 1311 2362 attigerint,
1335 2291 1394 2345 in
1426 2306 1493 2346 eo
1521 2289 1919 2359 consentiunt,
1955 2306 2072 2344 ma-

422 2398 540 2454 gna
570 2384 628 2438 in
664 2381 790 2453 ipso
838 2380 1098 2448 virtutis,
1150 2395 1366 2451 magna
1417 2377 1555 2434 belli
1602 2379 1815 2435 decora
1865 2379 2068 2447 fuisse,

424 2470 640 2542 quibus
673 2486 794 2526 rem
830 2468 1122 2541 publicam
1155 2468 1214 2523 in
1249 2467 1452 2538 paucis
1485 2466 1888 2523 sustinuisset.
1916 2467 2074 2523 Inter

422 2561 547 2616 haec
598 2577 698 2616 rex
729 2559 1134 2632 Bulgarorum,
1185 2563 1241 2614 et
1287 2557 1455 2612 ducis
1495 2560 1553 2612 et
1582 2557 1832 2629 gregarii
1866 2556 2072 2612 militis

423 2650 618 2706 ofﬁcia
649 2649 874 2716 obiens,
905 2647 1367 2720 Andrianopolin
1414 2661 1549 2703 cum
1581 2645 1834 2702 exercitu
1866 2646 2070 2712 movit,

422 2757 633 2797 corona
672 2739 1112 2807 circumdatam,
1146 2746 1457 2811 postquam
1490 2754 1725 2794 annona
1753 2738 2069 2806 defecerat,

421 2833 593 2902 cepit,
627 2830 852 2901 captivo
885 2829 1042 2894 duci,
1071 2827 1356 2900 quidquid
1381 2830 1803 2883 tormentorum
1831 2827 2071 2897 reperiri

422 2921 632 2993 potuit,
655 2918 913 2975 adhiberi
949 2917 1150 2989 jussit.
1184 2917 1327 2971 Inde
1356 2916 1600 2972 victoria
1627 2917 1780 2971 haud
1813 2915 2074 2986 segniter

424 3027 587 3075 usus,
620 3007 867 3064 Thracia
896 3011 953 3062 et
1000 3005 1339 3062 Macedonia
1367 3005 1514 3060 ferro
1545 3005 1794 3075 igneque
1823 3009 2070 3071 vastata,

423 3097 619 3154 sedem
647 3095 874 3167 imperii
929 3100 985 3150 et
1029 3099 1227 3167 caput,
1275 3093 1614 3164 Byzantium
1647 3093 1851 3164 petiit;
1886 3101 1942 3148 at
1974 3110 2071 3148 ca-

423 3189 559 3244 stris
590 3186 820 3260 positis,
853 3201 1016 3241 versa
1069 3186 1136 3239 ad
1189 3199 1389 3255 pacem
1435 3183 1810 3254 cogitatione,
1843 3191 1904 3238 ut
1957 3183 2067 3239 sibi

2175 591 2272 660 tis,
2331 610 2460 650 raro
2521 612 2589 652 ea
2649 600 3014 668 tempestate,
3078 604 3133 651 et
3189 613 3259 652 ex
3307 603 3501 654 vetere
3550 603 3836 658 memoria

2176 685 2461 754 exemplo,
2494 702 2592 741 ore
2641 690 2879 758 totoque
2941 685 3143 741 habitu
3206 688 3509 758 proderet;
3555 691 3678 759 jam
3717 697 3839 747 tum

2176 773 2532 845 praesagiens
2561 775 2782 842 animo,
2817 776 2934 831 fore
2968 784 3028 829 ut
3059 791 3172 847 pax
3199 777 3590 834 affinitatibus
3621 795 3839 836 connu-

2178 859 2406 918 biorum
2466 863 2822 919 ﬁrmaretur.
2884 863 3124 935 Aliquot
3179 866 3352 922 annis
3413 873 3566 938 post,
3601 869 3836 926 Simeon

2177 951 2484 1022 Bulgarus,
2536 955 2739 1010 morbo
2789 954 3139 1022 exstinctus,
3193 955 3360 1012 Petro
3409 957 3530 1013 ﬁlio
3583 975 3834 1030 regnum

2179 1045 2523 1099 testamento
2555 1042 2832 1114 relinquit
2863 1044 2998 1116 (47),
3027 1043 3150 1114 qui,
3184 1043 3318 1100 licet
3343 1047 3470 1116 jam
3519 1048 3839 1105 exercitum

2175 1128 2234 1182 in
2269 1130 2492 1186 Graecos
2543 1137 2847 1197 armasset,
2883 1148 3016 1188 cum
3060 1134 3252 1202 Turci,
3284 1135 3488 1203 Servii,
3539 1136 3838 1208 Chrobati,

2174 1217 2386 1274 validas
2416 1220 2702 1288 nationes,
2738 1222 2849 1277 sibi
2882 1221 3280 1292 imminerent,
3315 1240 3668 1297 summaque
3690 1244 3837 1298 prte-

2173 1311 2334 1362 terea
2395 1309 2605 1364 caritas
2662 1326 2907 1365 annonas
2955 1310 3264 1379 incideret,
3314 1311 3539 1383 legatos
3592 1316 3665 1369 de
3698 1331 3841 1385 pace

2172 1396 2579 1465 instauranda,
2645 1400 2717 1454 ad
2774 1404 3110 1455 Romanum
3162 1400 3343 1470 misit,
3401 1407 3580 1473 utque
3621 1403 3830 1473 Maria,

2173 1487 2579 1558 Christophori
2605 1489 2847 1544 Caesaris
2880 1489 3018 1556 ﬁlia,
3062 1491 3120 1544 in
3153 1506 3367 1547 manus
3411 1492 3519 1548 sibi
3556 1493 3839 1550 conveni-

2174 1581 2282 1644 ret,
2318 1578 2555 1648 rogavit.
2580 1579 2687 1635 An.
2711 1579 2837 1634 942.
2859 1581 3000 1633 Tum
3033 1595 3169 1650 spes
3201 1581 3431 1651 objecta
3459 1588 3550 1638 est
3575 1583 3836 1640 Christo-

2174 1666 2354 1736 phoro
2385 1668 2628 1722 secundi
2663 1686 2695 1722 a
2729 1673 2892 1737 patre
2924 1668 3058 1736 loci,
3087 1670 3638 1742 Porphyrogenneto
3665 1673 3838 1744 quid-

2174 1755 2307 1827 quid
2341 1771 2410 1811 ex
2439 1756 2593 1812 avita
2639 1759 2946 1828 majestate
2995 1764 3298 1830 supererat
3326 1761 3669 1833 ademptum
3705 1764 3835 1833 (48).

2179 1847 2309 1900 Haec
2346 1845 2506 1902 domi
2538 1847 2656 1901 fere
2705 1863 2772 1902 ea
2820 1853 2986 1903 aetate
3035 1853 3196 1920 gesta
3241 1854 3400 1905 sunt.
3453 1850 3630 1907 Paulo
3661 1857 3841 1909 antea

2180 1934 2468 2000 Melitene,
2499 1939 2670 1991 vetus
2702 1952 2768 1992 ac
2799 1936 3013 1992 nobilis
3044 1939 3114 1992 ad
3147 1937 3497 2008 Euphratem
3532 1941 3695 2007 urbs,
3727 1944 3836 1997 Ar-

2179 2023 2384 2079 meniae
2460 2026 2735 2080 secundas
2781 2043 2812 2079 a
2863 2025 3197 2081 Justiniano
3247 2027 3562 2099 assignate,
3607 2036 3841 2101 recepta

2181 2118 2270 2169 est
2301 2113 2440 2186 (49).
2484 2114 2594 2169 Diu
2653 2116 2981 2186 subjectam
3042 2116 3352 2172 Saracenis
3409 2119 3846 2176 Constantinus

2181 2206 2584 2274 Copronymus
2614 2203 2754 2259 olim
2798 2208 3203 2276 occupaverat,
3237 2205 3297 2260 in
3329 2206 3608 2278 obsequio
3639 2213 3845 2265 tenere
3887 2256 3910 2263 _

2181 2305 2296 2346 non
2329 2296 2596 2362 potuerat
2625 2294 2756 2364 (50).
2802 2294 3056 2349 Joannes
3086 2297 3364 2358 Curcuas,
3394 2295 3700 2365 praefectus
3734 2297 3842 2352 mi-

2181 2378 2374 2447 litum,
2409 2381 2510 2451 qui
2545 2396 2645 2452 per
2676 2381 2902 2453 Syriam
2936 2383 3148 2438 stativa
3189 2381 3503 2450 habebant,
3532 2384 3844 2441 obsidione

2184 2468 2358 2540 longa
2388 2481 2446 2524 et
2495 2469 2719 2525 difﬁcili
2751 2471 3028 2537 cinctam,
3073 2472 3132 2526 in
3181 2471 3460 2528 ditionem
3507 2473 3749 2544 redegit,
3783 2479 3848 2530 et

2183 2563 2384 2628 postea
2439 2557 2656 2613 civium
2705 2559 2919 2614 auxilio
2958 2559 3226 2615 ﬁnitimis
3276 2561 3552 2634 gentibus
3601 2563 3842 2632 attritis,

2184 2647 2440 2718 prmdam
2475 2647 2791 2720 insignem,
2823 2651 3103 2720 captivos,
3155 2650 3410 2722 bellique
3459 2651 3703 2707 confecti
3753 2653 3838 2708 fa-

2183 2751 2340 2791 mam
2375 2739 2615 2793 domum
2649 2739 2985 2809 reportavit.
3020 2738 3233 2794 Urbem
3275 2745 3332 2796 et
3381 2740 3664 2812 quidquid
3699 2741 3834 2795 ﬁni-

2182 2826 2313 2881 timi
2346 2827 2470 2898 agri
2530 2833 2640 2894 est,
2697 2827 2754 2882 in
2815 2829 3192 2899 provinciam,
3247 2845 3426 2898 quam
3489 2829 3837 2885 Curatoriam

2181 2917 2482 2983 vocarunt,
2517 2913 2837 2986 imperator
2869 2916 3178 2987 descripsit
3211 2917 3343 2985 (51).

2255 3003 2350 3061 VI.
2381 3003 2503 3060 Sub
2536 3004 2692 3062 idem
2740 3005 2855 3061 fere
2904 3010 3141 3077 tempus
3199 3005 3354 3062 bella
3403 3007 3658 3076 plurima
3689 3007 3844 3064 ﬁnes

2181 3093 2413 3165 imperii
2447 3098 2794 3149 terruerunt.
2831 3094 2974 3148 Nam
3025 3099 3082 3148 et
3122 3094 3371 3165 Scythas,
3405 3096 3712 3166 Strymone
3743 3113 3844 3150 su-

2183 3187 2407 3256 perato,
2438 3181 2769 3254 Nicopolin,
2790 3182 3046 3238 validam
3077 3184 3304 3252 urbem,
3328 3184 3575 3256 Augusti
3599 3186 3839 3240 victoria

422 3295 550 3333 cum
584 3249 846 3332 immane
875 3273 1124 3344 colloqui
1157 3249 1376 3339 liceret,
1410 3249 1595 3328 oravit
1624 3271 1760 3344 (46).
1795 3249 2065 3329 Ᾰάωἱνει-
2098 3249 2142 3316 C
2183 3249 2460 3341 nobilem,
2511 3249 2894 3343 occuparunt,
2929 3281 2983 3328 et
3021 3273 3212 3340 Turci,
3247 3249 3347 3344 qui
3380 3249 3450 3329 et
3467 3273 3602 3346 Ugri
3633 3274 3769 3344 (52),
3804 3291 3840 3330 a

417 3368 499 3424 tio
531 3366 710 3423 subiit
754 3363 1061 3435 utriusque
1107 3362 1396 3417 exercitus
1449 3361 1718 3428 militem,
1759 3377 1893 3416 cum
1925 3361 2063 3418 hinc

418 3455 691 3512 ferociam
724 3451 979 3526 Bulgari,
1009 3451 1144 3507 inde
1187 3467 1305 3506 non
1356 3450 1666 3506 infractam
1705 3451 2063 3522 imperatoris

2175 3361 2569 3433 septentrione
2593 3359 2932 3427 Thraciam,
2954 3361 3298 3433 Byzantium
3331 3378 3538 3434 usque,
3575 3364 3841 3419 incursa-

2174 3459 2311 3506 runt
2345 3465 2358 3506 :
2397 3449 2503 3504 hos
2547 3448 2930 3520 Theophanes
2981 3450 3256 3520 patricius
3287 3451 3581 3524 prosperis
3612 3450 3830 3522 praeliis

2017 3551 2248 3608 ΝΟΤιΈ.

421 3649 600 3708 cilicia.
645 3653 751 3723 τῶν
794 3649 1095 3723 θεοστεφῖυν
1139 3643 1414 3723 Βασιλξων
1463 3647 1624 3723 ἠμῷν
1655 3643 1945 3723 Βᾳλσιλείου
1975 3645 2065 3723 aui

421 3720 828 3781 Κωνσταντίνου
861 3718 1068 3792 συνῆψε
1095 3718 1184 3772 καὶ
1217 3720 1508 3787 συνήνωσε.
1623 3719 1834 3792 quibus
1876 3720 2066 3774 verbis

420 3800 598 3854 etiam
631 3797 740 3851 hoc
787 3791 1096 3862 colligitur,
1129 3794 1334 3847 turbas
1385 3792 1532 3846 inter
1562 3791 1982 3859 Euthymianos
2013 3795 2070 3847 et

419 3869 731 3926 Nicolaitas
765 3867 1027 3921 nondum
1050 3865 1158 3919 hac
1187 3866 1353 3918 aetate
1383 3862 2067 3933 compositas,autnovas

421 3943 615 4014 potius
648 3940 718 3994 de
754 3939 978 4008 quartis
1009 3935 1231 4006 nuptiis
1254 3939 1410 3989 ortas
1430 3947 1579 4014 esse.
1605 3935 2068 4014 Quodpmterea

421 4005 715 4068 Cedrenus
744 4005 1011 4072 testatur,
1045 4005 1435 4078 magnamque
1467 4005 1682 4078 Nicolai
1711 4005 2066 4078 ChrysOper-

423 4085 499 4157 gii
522 4085 610 4157 in
649 4079 1003 4157 stabilienda
1037 4076 1345 4157 concordia
1393 4093 1610 4157 curam
1643 4076 1844 4157 fuisse,
1880 4079 2070 4157 prodit

423 4147 479 4228 ᾗ.
512 4154 632 4228 702_
649 4153 709 4207 B.
743 4153 1023 4228 Ceterum
1063 4151 1130 4228 in
1176 4149 1570 4228 matrimoniis
1597 4147 1874 4228 ineundis
1904 4147 2070 4228 nulla

462 4242 568 4280 ens
597 4226 792 4280 Graeca
821 4222 1142 4294 religiosior
1170 4222 1302 4286 fuit,
1327 4225 1391 4274 ut
1419 4236 1491 4294 ea
1523 4219 1767 4294 Matthasi
1803 4219 2068 4294 monachi

462 4245 568 4280 ens
597 4245 792 4280 υτωου,
821 4245 1142 4294 Γθιιδιοιυι·
1171 4245 1302 4286 ιυιι,
1328 4245 1391 4274 υι
1423 4245 1491 4274 ως.
1523 4245 1767 4273 ωαιιυᾱςι
1805 4245 2068 4274 ινιυυαυυι

419 4245 633 4363 Suest.
670 4295 1000 4352 matrimon.
1035 4297 1298 4364 apparet,
1329 4297 1386 4348 et
1414 4291 1632 4347 illustri
1652 4291 1918 4362 exemplo
1943 4307 2070 4362 pro-

422 4373 523 4427 bat
553 4368 853 4424 Cedrenus
886 4383 937 4434 p.
968 4366 1096 4420 61.9.

518 4443 606 4512 45)
637 4443 682 4495 Α
713 4431 938 4512 Vita—Si.
990 4434 1288 4512 Bolyeucti
1335 4451 1366 4490 e
1414 4433 1630 4512 graecis
1685 4431 2070 4504 scriptoribus

425 4505 668 4568 collecta
699 4516 821 4568 Act.
855 4511 954 4566 SS.
989 4505 1157 4565 Febr.
1189 4514 1231 4562 t.
1266 4506 1315 4569 Ι,
1346 4523 1402 4575 p.
1433 4505 1561 4559 707.

497 4584 608 4655 (46)
641 4583 752 4637 Leo
797 4582 1122 4638 Grammat.
1169 4596 1232 4655 _p.
1282 4577 1688 4655 1198_.Apontin.
1717 4575 2064 4655 _Thepphan.

430 4647 940 4726 p.‘248.78imeon
986 4647 1222 4726 Logoth.
1277 4649 1753 4726 p._483,_cagter_'i_.
1813 4647 2078 4726 Meminit

427 4719 932 4850 etiargzg‘heodos.
965 4719 1360 4798 Kioviens.fad
1393 4737 1489 4776 an.
1520 4721 1648 4788 929,
1683 4719 1968 4792 Sigebert.
2004 4719 2076 4774 ad

427 4815 522 4850 an.
602 4811 612 4823 ’
679 4839 690 4850 .

427 4815 522 4852 an.
563 4798 690 4851 9'26.

498 4869 611 4941 (47)
645 4869 827 4941 Quem
863 4882 930 4921 ex
959 4867 1142 4941 altera
1173 4881 1348 4921 uxore
1366 4869 1741 4941 susceperat,
1776 4861 2076 4941 Mi_c_haele,

427 4935 615 5010 primo
648 4940 772 4994 loco
804 4943 964 5006 nato,
994 4939 1111 4992 ritu
1154 4935 1573 4994 monachorum
1619 4941 1806 4991 tonso.
1841 4935 2077 4990 Simeon

430 5011 675 5082 Logoth.
711 5029 766 5082 p.
800 5011 889 5064 46.

503 5075 616 5156 (Ἱιϐ)
651 5075 887 5154 Bulgari
920 5079 1138 5136 scilicet
1176 5079 1256 5156 _id‘
1291 5095 1432 5156 rege
1469 5080 1758 5156 genteque
1791 5075 2079 5156 sua_i_ndi-

428 5148 606 5227 gnum
647 5148 1003 5227 judi'cantes,
1039 5152 1196 5222 quod
1223 5150 1302 5227 _in
1353 5148 1710 5227 Eolemnihus
1752 5148 2078 5227 populisq-

427 5219 906 5294 clamationibus,
939 5219 1318 5280 Constantino
1358 5223 1638 5294 primum,
1671 5219 1883 5294 deinde
1908 5219 2077 5275 Chri-

428 5299 709 5369 stophoro
767 5293 956 5353 hones
1019 5295 1361 5369 haberetur,
1410 5293 1577 5347 facile
1626 5308 1660 5347 a
1689 5293 1976 5357 Romano,
2011 5294 2080 5348 ut

428 5365 679 5425 mutatio
713 5369 890 5439 prisci
922 5368 1098 5422 moris
1131 5368 1314 5439 fieret,
1347 5365 1752 5439 impetrarunt.

501 5431 948 5566 (49ἐἘὶτίσημον
1006 5439 1096 5491 καὶ
1157 5431 1496 5506 ἐξακουστᾶν,
1537 5435 1627 5488 καὶ
1683 5433 1822 5489 πάνυ
1871 5431 2077 5506 ὀχυρὸν

502 5513 518 5565 ὶ
620 5511 809 5566 υνατὸν
867 5511 1098 5566 κάστοον
1169 5515 1268 5566 τῆς
1326 5507 1522 5566 Συρίας
1588 5514 1754 5562 vocat
1811 5505 2074 5566 Theoph.

428 5505 518 5565 καῖ
587 5505 1098 5583 δυνατὸν”κάστρον
1169 5505 1281 5583 τῆς
1326 5507 1522 5582 Συρίας
1588 5505 2074 5583 vppat__'l_‘_h_eo_ph.

428 5585 662 5640 Contin.
699 5602 755 5657 p.
786 5586 911 5640 257.
952 5577 1453 5657 Conf._Pagiusad
1489 5597 1582 5657 an.
1616 5580 1740 5633 927.
1776 5578 1926 5657 VIl_I_.
1963 5577 2077 5634 Νο-

428 5661 526 5709 tus
584 5648 971 5712 est-Acacius
1028 5648 1424 5710 Meletinensis
1482 5651 1827 5722 episcopus,
1866 5648 2070 5722 Nesto-

429 5727 614 5784 rianis
690 5728 1164 5786 contentionibus
1243 5726 1450 5798 quinto
1518 5720 1730 5779 iaculo
1815 5720 2074 5789 implici-

2176 3654 2294 3702 tus.

2180 3719 2591 3846 46(350)Zonar.
2659 3719 2870 3774 Annal.
2920 3723 2959 3775 t.
3016 3719 3086 3785 Il,
3128 3735 3186 3792 p.
3249 3721 3372 3776 108.
3431 3720 3728 3776 Cedrenus
3779 3738 3843 3793 p.

2248 3861 2361 3933 (51)
2395 3861 2502 3936 Leo
2540 3863 2863 3918 Grammat.
2900 3879 2955 3934 p.
3009 3863 3136 3918 504.
3188 3863 3415 3919 Contin.
3465 3863 3725 3934 Theoph.
3773 3882 3838 3936 p.

2173 3934 2299 3989 258.
2352 3933 2515 3988 Dicta
2563 3937 2678 4007 est_
2708 3933 3065 4007 Curato’riaa
3111 3936 3548 4007 Curatore,qui
3596 3933 3842 4007 tributa,

2177 4020 2279 4076 per
2317 4019 2464 4079 _eam_
2523 4004 2877 4079 provinciam
2949 4004 3210 4079 collecta,
3272 4004 3480 4079 aerario
3529 4004 3845 4079 principis,

2179 4075 2333 4150 quod
2367 4083 2420 4130 et
2452 4076 2642 4150 ipsum
2685 4075 3043 4150 Κουρατωρία
3091 4082 3350 4150 vocatur,
3384 4075 3688 4150 inferebat.
3720 4075 3846 4135 Hoc

2177 4164 2246 4203 ex
2277 4147 2546 4218 Simeone
2600 4147 2917 4218 Logotheta
2965 4167 3019 4215 p.
3073 4150 3178 4218 487
3223 4149 3431 4218 colligo
3466 4165 3480 4203 :
3515 4148 3842 4218 Μελιτηνὴν

2178 4170 2246 4203 ex
2277 4170 2546 4203 Duueoue
2600 4170 2917 4218 Lugotueta
2965 4170 3019 4215 p.
3073 4170 3170 4204 4m
3223 4170 3431 4218 OOIUgO
3466 4170 3480 4203 :
3515 4170 3689 4203 tVlEAt‘t
3735 4171 3842 4218 νην

2178 4215 2599 4294 ῌουρατωρείίαν
2635 4216 2861 4294 lancina:
2891 4219 2919 4294 ὁ
2954 4217 3232 4294 βαᾳιλεὺς,
3268 4218 3356 4294 ita?
3387 4218 3602 4294 τξᾳλλὰς
3650 4170 3851 4294 13mi-

2180 4286 2539 4365 Sgac'xpucgoﬁ
2578 4288 2668 4365 acti
2709 4286 2971 4365 ἀργυρίοὺ
3023 4286 3228 4346 ὲκεῖθεύ
3276 4286 3547 4365 λαμϐάνει
3579 4286 3844 4360 ἐτήῖτίως,

2179 4362 2436 4431 Cangius
2468 4363 2524 4416 in
2556 4362 2813 4418 Glossar’.
2852 4362 2922 4417 'h.
2976 4380 3028 4416 v.
3072 4368 3248 4418 Annae
3303 4364 3608 4420 Comnenac
3643 4366 3846 4421 locum

2182 4434 2435 4506 Alexiad.
2490 4433 2528 4488 l.
2581 4450 2680 4500 vn,
2733 4451 2789 4504 p.
2829 4436 2953 4502 205,
3008 4435 3268 4506 corrigit,
3299 4440 3356 4491 et
3386 4452 3487 4505 pro
3521 4433 3846 4506 Μιτυλίνης

2098 4511 2143 4576 ι)
2175 4501 2493 4589 hicat-r15an
2525 4501 2812 4589 rescribit,
2849 4509 2904 4561 in
2939 4501 3053 4589 quo
3086 4501 3280 4589 ipsum
3317 4501 3466 4589 ratio
3510 4508 3678 4579 fugit.
3712 4501 3830 4562 Re-

2188 4579 2299 4634 fert
2331 4580 2601 4650 Augusta,
2635 4578 2950 4650 Tzacbam,
2984 4579 3159 4633 classi
3194 4580 3547 4649 praefectum,
3583 4578 3839 4650 occupa-

2187 4651 2262 4706 tis
2317 4649 2701 4717 Clazomenis,
2763 4651 2818 4704 in
2878 4651 3236 4705 Phocensem
3305 4666 3512 4720 agrum
3572 4649 3847 4720 solviSse,

2186 4736 2444 4792 cumque
2475 4721 2576 4775 diu
2610 4720 3007 4792 ingobsidione
3028 4720 3389 4792 Methymna
3419 4720 3702 4785 haesisset,
3735 4722 3850 4777 Mi-

2188 4791 2550 4865 tylenensem
2581 4791 2879 4865 regionem
2913 4791 3287 4865 ingditionem
3322 4793 3850 4865 redegisse.Uude,

2189 4861 2575 4936 quilocorum
2609 4862 2789 4917 situm
2836 4867 2894 4918 et
2942 4861 3551 4936 circumscriptionem
3605 4861 3851 4936 norunt,

2191 4933 2356 4990 facile
2385 4933 2734 5005 intelligent,
2763 4950 2889 4990 eam
2923 4935 2992 4988 de
3026 4933 3315 5006 Mitylene,
3341 4941 3530 4990 vetere
3559 4952 3625 4990 ac
3659 4933 3848 4992 nobili

2191 5007 2355 5080 urbe,
2391 5006 2572 5080 loqui,
2606 5006 2774 5074 cujus
2818 5021 3030 5062 nomen
3083 5009 3363 5062 universae
3405 5007 3608 5076 insula
3639 5013 3852 5080 postea

2189 5079 2478 5134 tributum
2514 5077 2759 5131 videtur.

2261 5150 2374 5219 (52)
2408 5149 2617 5204 Indict.
2654 5148 2770 5210 VII.
2806 5165 2885 5203 ω.
2911 5148 3111 5220 Aprili,
3145 5166 3247 5205 seu
3280 5150 3344 5203 A.
3379 5150 3440 5206 C.
3463 5149 3590 5205 934.
3623 5154 3852 5207 Turcos

2190 5221 2308 5293 fere
2369 5227 2575 5293 vocant
2605 5219 2971 5293 scriptores,
2998 5219 3098 5293 qui
3153 5222 3325 5293 hodie
3365 5221 3621 5293 Hungari
3679 5227 3846 5280 sunt.

2190 5238 2308 5276 rere
2369 5238 2575 5275 vocant
2632 5238 2965 5291 scriptores,
2998 5238 3098 5344 (1:11
3153 5238 3325 5276 nocte
3365 5238 3621 5293 nungart
3679 5238 3846 5280 sunt.

2190 5292 2395 5367 ἕρπει’.
2430 5308 2486 5363 ρ.
2521 5292 2671 5367 ηϐη
2700 5293 2938 5363 Τοῦρκοι
2990 5312 3017 5346 o
3086 5290 3352 5367 nspgiujtbv
3396 5292 3630 5367 Ἴστρον,
3662 5293 3715 5345 οἱ
3749 5294 3846 5347 καὶ

2189 5359 2464 5438 Oti-napth
2500 5359 2826 5438 καλοῦνται.⁷
2865 5367 3020 5420 Idem
3073 5381 3131 5438 ρ.
3158 5359 3287 5438 ῖ255
3316 5365 3384 5419 de
3415 5359 3641 5434 Turcis,
3675 5367 3847 5438 regni.

2186 5435 2513 5508 Saracenici
2560 5437 2948 5501 eversoribus,
2991 5435 3218 5501 scribit,
3270 5451 3367 5491 eos
3417 5436 3847 5508 septentriona-

2187 5507 2300 5579 lem
2364 5511 2594 5579 plagam
2655 5508 2728 5562 ad
2795 5509 3435 5579 Caucasum_montem
3486 5507 3838 5564 incoluisse.

2187 5577 2378 5635 Multa
2401 5577 2485 5635 de"
2515 5578 2589 5635 iis
2637 5580 3058 5635 Constantinus
3111 5577 3257 5635 libro
3290 5580 3367 5635 De
3394 5579 3838 5636 administrando

2188 5653 2323 5722 z'mp.
2357 5652 2534 5706 variis
2565 5651 2705 5706 locis
2739 5651 3029 5706 observat.
