4184 6442
352 414 437 477 ΕΛ
984 409 1105 470 DE
1150 409 1325 471 VITA
1365 410 1466 471 ET
1511 407 1765 472 REBUS
1809 405 2084 468 GESTIS
2128 405 2661 474 CONSTANTINI
2708 412 3210 474 PORPBYBOG.
3739 419 3819 478 62

380 548 626 621 subegit,
652 548 710 602 et
739 544 1048 617 captivos,
1083 556 1329 615 quorum
1350 544 1557 616 ingens
1587 558 1867 599 numerus
1897 548 2040 612 erat,
2072 544 2132 609 Α
2161 541 2252 613 gis
2282 547 2340 598 et
2369 542 2694 601 latronibus
2730 549 3034 603 statutum.
3084 546 3276 615 Turci,
3316 562 3448 604 cum
3481 546 3692 604 iterum
3724 565 3818 606 res

387 640 610 711 recepit.
635 641 783 693 Pace
817 650 963 691 cum
1011 632 1108 688 his
1157 633 1497 704 composita,
1531 632 1730 703 Russi,
1757 648 1884 703 quis
1922 636 2049 686 tum

380 731 559 799 natio,
590 732 778 783 terror
806 724 1001 781 Graci
1042 721 1304 779 nominis
1352 723 1497 778 mari
1533 722 1932 794 praepollebat,
1962 720 2050 776 di-

381 825 552 891 repta
581 815 798 872 minori
844 812 1011 879 Asia,
1058 826 1196 868 cum
1247 811 1445 867 decem
1503 810 1739 865 navium
1788 808 2053 865 millibus

384 923 553 965 mare
581 904 939 962 obsederunt
957 900 1096 973 (35).
1141 900 1451 972 Nunquam
1483 899 1546 954 in
1578 900 1665 970 [Β.
1698 900 1852 969 XIX]
1885 914 2049 955 acco-

384 999 480 1053 las
512 996 753 1069 gravius
786 991 1073 1058 saevitum,
1106 989 1395 1060 praecipue
1422 989 1751 1044 sacerdotes
1774 986 2049 1058 gravissi-

388 1087 508 1142 mis
549 1081 858 1156 suppliciis
903 1079 1096 1135 aﬂ'ecti
1138 1082 1298 1145 sunt,
1359 1092 1467 1133 nec
1520 1095 1553 1132 a
1609 1077 1796 1133 sacris
1826 1076 2051 1131 sedibus

382 1176 586 1231 hostes
609 1174 807 1244 ignem
840 1170 1271 1226 abstinuerunt.
1303 1166 1606 1223 Distractts
1639 1166 1866 1223 scilicet
1885 1168 2052 1221 erant

382 1262 624 1336 imperii
654 1262 833 1328 vires,
883 1259 1038 1331 quod
1088 1272 1264 1313 naves
1322 1260 1425 1313 aut
1473 1261 1677 1312 contra
1731 1260 2050 1311 Saracenos

390 1354 588 1410 missae
619 1354 811 1416 erant,
845 1351 944 1404 aut
970 1347 1200 1403 insulas
1231 1345 1571 1401 tuebantur.
1614 1350 1864 1401 Praeerat
1896 1344 2050 1401 Rus-

396 1458 595 1499 sorum
624 1439 806 1496 classi
838 1438 985 1510 lgor,
1014 1452 1118 1493 seu
1148 1437 1325 1508 Ingor
1372 1436 1483 1507 (54)
1532 1435 1707 1507 (quod
1742 1434 2051 1502 admoneo,

403 1550 477 1588 ne
503 1530 631 1604 quis
662 1531 928 1584 vivorum
970 1525 1447 1583 immutationem
1481 1528 1667 1596 putet,
1698 1540 1822 1595 quae
1852 1523 2050 1580 nomi-

396 1638 539 1679 num
570 1619 709 1691 est),
743 1618 1011 1688 princeps
1059 1615 1270 1686 gentis,
1302 1613 1450 1669 nulli
1490 1613 1707 1669 virtute
1736 1614 2047 1682 secundus,

392 1717 452 1767 et
499 1708 762 1764 victoriis
818 1704 1088 1778 plurimis
1144 1702 1455 1774 superbus.
1514 1702 1640 1759 Non
1691 1702 1789 1758 diu
1848 1706 2050 1759 tamen

389 1801 619 1864 hostes,
650 1813 784 1854 cum
825 1798 1061 1851 ventum
1092 1794 1165 1849 ad
1200 1809 1410 1849 manus
1440 1796 1616 1859 esset,
1646 1791 2046 1865 Theophanis.

384 1892 680 1960 impetum
713 1885 1041 1941 sustinuere
1071 1900 1085 1938 :
1117 1886 1269 1939 certe
1301 1899 1370 1939 ex
1400 1882 1648 1939 navibus
1679 1898 1877 1954 paucas
1921 1899 2052 1937 ser—

384 1984 559 2047 vatae,
588 1992 725 2049 pars
756 1975 1009 2030 maxime
1047 1977 1148 2027 aut
1184 1987 1377 2028 mersa
1424 1987 1678 2044 aequore,
1720 1977 1821 2026 aut
1850 1972 2050 2027 Graeco

383 2070 523 2135 igne
572 2066 880 2123 combusta
924 2067 1033 2119 est.
1088 2061 1468 2134 Fugientibus
1516 2062 1767 2117 Joannes
1795 2064 2052 2117 Curcuas

379 2175 520 2215 cum
553 2156 811 2212 Orientis
863 2152 1048 2225 copiis
1090 2150 1451 2222 supervenit,
1485 2158 1539 2206 et
1587 2149 1850 2207 horribili
1892 2150 2054 2208 clade

385 2248 631 2304 affectos
688 2243 925 2300 delevit.
986 2242 1069 2297 Re
1118 2239 1364 2297 feliciter
1408 2246 1590 2313 gesta,
1661 2240 2052 2312 Theophanes

384 2338 667 2411 princeps
690 2331 954 2390 cubiculi
974 2329 1456 2399 dictus,Joaunes
1486 2330 1761 2396 Curcuas,
1780 2330 1883 2403 qui
1913 2332 2053 2387 duo-

381 2428 497 2484 bus
527 2430 589 2483 et
618 2424 827 2497 viginti
848 2422 1020 2479 annis
1043 2437 1168 2478 rem
1198 2420 1496 2492 publicam
1519 2420 1763 2477 consilio
1784 2424 1843 2476 et
1870 2422 2053 2479 armis

388 2519 869 2583 sustentaret,et,
893 2517 959 2568 ut
977 2516 1102 2569 erat
1120 2512 1352 2584 magnis
1374 2510 1535 2567 ausis
1568 2516 1898 2583 promptus,
1919 2512 2050 2567 mil-

394 2609 450 2665 le
482 2612 721 2681 ceperat
747 2604 984 2677 cppida,
1002 2603 1245 2676 prolatis
1266 2603 1337 2658 ad
1361 2602 1719 2674 Euphratem
1746 2609 1804 2658 et
1826 2603 2048 2674 Tigrim

391 2697 630 2770 imperii
663 2694 898 2758 ﬁnibus,
920 2691 1141 2748 invidia
1169 2706 1486 2763 oppressus
1516 2694 1607 2747 est
1635 2692 1771 2763 (53).
1812 2690 1985 2746 Russi
2020 2708 2054 2746 a

400 2789 560 2844 cede
588 2790 645 2842 et
672 2786 822 2841 ferro
853 2783 1119 2839 animum
1148 2796 1475 2852 sumpsere,
1498 2785 1556 2838 et
1585 2780 1922 2854 ignominiis
1945 2782 2052 2836 im-

405 2878 715 2948 patientes,
761 2871 992 2929 collecto
1033 2888 1064 2927 e
1112 2870 1357 2944 Varegis
1388 2870 1522 2942 (56),
1553 2869 1760 2937 Slavis,
1792 2869 2050 2935 Polonis,

415 2963 609 3021 milite
636 2968 690 3017 et
725 2962 989 3017 instructa
1043 2960 1256 3027 classe,
1301 2974 1505 3016 rursus
1552 2960 1833 3015 Graeciam
1870 2965 2053 3015 tenta-

413 3057 576 3111 runt.
605 3054 771 3108 Anno
802 3052 895 3106 944
943 3049 1142 3107 missis
1191 3063 1421 3122 quoque
1470 3051 1528 3106 in
1560 3048 1897 3105 Patztnacas
1921 3064 2053 3105 con-

410 3141 695 3199 citoribus
726 3139 859 3196 belli
900 3141 1035 3212 (57).
1083 3137 1207 3202 Quo
1244 3138 1451 3194 nuntio
1489 3138 1835 3209 perterritus
1863 3138 2055 3209 impe-

405 3236 590 3295 rator,
621 3230 901 3287 tributum
944 3228 1103 3285 hosti
1133 3228 1386 3299 pendere
1417 3229 1644 3300 cogitur
1672 3229 1807 3299 (58).
1839 3231 1917 3283 At
1948 3243 2055 3282 an-

400 3337 477 3377 no
525 3320 792 3393 proximo
841 3319 1031 3375 foedus
1078 3332 1216 3374 cum
1255 3317 1441 3389 Igore,
1471 3319 1644 3389 cujus
1674 3315 2055 3373 sententiain
2086 3300 2129 3367 C

398 3413 560 3468 hunc
591 3409 837 3465 modum
890 3408 1023 3475 fuit,
1072 3406 1390 3480 paciscitur
1440 3420 1455 3461 :
1505 3406 1857 3463 commercia
1903 3410 2057 3461 terra

395 3502 670 3572 marique
700 3499 881 3554 libera
906 3498 1139 3570 utrique
1189 3496 1405 3569 populo
1438 3511 1566 3553 esse
1596 3497 1842 3565 debere;
1876 3494 2053 3552 Cher-

393 3606 683 3646 sonesum
731 3586 1039 3644 Tauricam
1089 3586 1243 3643 nolle
1292 3602 1355 3643 se
1399 3586 1581 3642 armis
1620 3586 1916 3657 invadere,
1951 3602 2057 3642 nec

391 3679 683 3753 Bnigaros
742 3682 946 3734 contra
990 3676 1218 3733 incolas
1274 3676 1548 3746 excitare,
1581 3676 1640 3731 in
1687 3692 1749 3732 re
1805 3675 2055 3746 trepida,

391 3767 739 3842 imperatori
767 3766 987 3823 auxilia
1011 3782 1074 3822 se
1095 3764 1379 3822 missuros
1400 3781 1551 3833 esse,
1594 3765 1770 3821 Russi
1802 3780 2057 3837 spopon-

393 3862 641 3927 derunt;
675 3858 748 3914 de
779 3855 987 3929 capitis
1018 3856 1191 3912 etiam
1236 3854 1550 3924 damnatis,
1584 3855 1775 3927 deque
1806 3855 2060 3911 transfu-

2158 634 2385 689 Graecas
2447 632 2823 705 lacerassent,
2855 653 2888 692 a
2934 635 3284 706 Theophane
3334 637 3620 709 persuasi,
3660 639 3815 695 datis

2159 720 2487 791 obsidibus,
2522 723 2789 780 inducias
2822 724 2881 780 in
2924 725 3187 796 quinque
3227 741 3410 782 annos
3441 727 3592 797 pacti
3623 732 3764 783 sunt
3798 745 3811 785 :

2163 808 2542 880 longinquam
2600 811 2758 869 enim
2828 811 3100 868 militiam
3173 812 3355 868 Grani
3414 814 3815 884 aspernaban-

2158 900 2257 953 tur
2285 898 2422 970 (59).

2230 986 2352 1043 VII.
2409 989 2838 1061 Mesopotamiae
2926 992 3342 1061 componenda
3427 991 3811 1064 Theophilus,

2157 1076 2405 1135 Joannis
2433 1078 2820 1151 Zimiscas,qui
2835 1084 3034 1152 postea
3054 1081 3376 1151 imperator
3387 1082 3678 1137 salutatus
3698 1088 3808 1151 est,

2160 1182 2325 1232 avus,
2359 1166 2656 1240 deligitur,
2704 1174 2769 1226 ut
2817 1169 3165 1239 Saracenos,
3210 1170 3329 1226 late
3368 1187 3436 1226 ea
3465 1170 3594 1227 loca
3632 1170 3810 1229 habi-

2161 1259 2375 1326 tantes,
2410 1258 2469 1313 in
2492 1257 2775 1330 obsequio
2802 1260 3284 1332 contineret(60).
3319 1263 3506 1332 Caput
3538 1260 3813 1331 regionis,

2160 1346 2402 1415 Edessa,
2462 1347 2831 1405 nobilissima
2865 1349 3027 1414 urbs,
3078 1357 3133 1406 et
3184 1349 3571 1406 munimentis
3602 1351 3817 1421 objecti

2161 1437 2371 1505 amnis,
2398 1440 2700 1511 murisque
2723 1440 2977 1509 ﬁrmata,
3002 1440 3103 1497 diu
3125 1441 3493 1498 obsidionem
3524 1441 3812 1510 toleravit,

2160 1542 2279 1598 qua
2306 1528 2545 1584 tandem
2577 1529 2769 1585 soluta
2811 1534 2921 1596 est,
2957 1532 3283 1587 Servatoris
3327 1530 3605 1602 imagine,
3635 1531 3813 1586 linteo

2160 1616 2465 1688 impressa.
2500 1618 2658 1675 Hanc
2689 1620 2983 1691 Abgarum
3015 1635 3236 1693 regem,
3268 1621 3472 1677 morbo
3492 1620 3716 1676 difﬁcili
3747 1637 3811 1675 ac

2161 1706 2441 1763 diuturno
2470 1708 2921 1778 decumbenlem,
2955 1726 3089 1766 cum
3141 1726 3201 1767 se
3240 1710 3513 1781 praesenti
3544 1710 3811 1766 Servato-

2160 1796 2239 1851 ris
2270 1796 2506 1867 auxilio,
2558 1813 2662 1869 per
2721 1798 2943 1855 litteras
2991 1801 3484 1867 commendasset,
3520 1801 3816 1871 accepisse

2162 1885 2448 1955 ferunt,et
2467 1887 2771 1958 desperata
2800 1889 2929 1959 jam
2963 1888 3171 1958 saluto,
3196 1890 3387 1945 subito
3425 1888 3812 1958 convaluisse,

2164 1992 2296 2033 mox
2324 1976 2637 2033 attonitum
2664 1977 2746 2034 rei
2792 1977 3102 2047 miraculo,
3142 1980 3211 2034 ad
3244 1978 3637 2036 Christianam
3671 1995 3814 2050 pro-

2163 2066 2477 2122 fessionem
2499 2082 2629 2122 esse
2660 2068 2978 2124 adductum
3009 2069 3143 2139 (61).
3178 2067 3313 2137 Alii,
3354 2072 3419 2124 ut
3448 2067 3813 2134 difﬁcileest,

2162 2163 2279 2211 tam
2310 2157 2612 2229 antiquam
2646 2173 2769 2213 rem
2802 2158 3099 2215 subtiliter
3127 2157 3393 2230 exsequi,
3426 2159 3814 2229 Servatorem,

2160 2245 2221 2301 in
2255 2245 2475 2302 Oliveto
2520 2246 2761 2303 tristitia
2800 2248 3089 2304 immensa
3120 2249 3472 2315 confectum,
3524 2248 3815 2305 Thaddaeo

2163 2335 2493 2402 sudarium,
2546 2352 2662 2406 quo
2715 2336 2921 2392 faciem
2981 2337 3351 2406 absterserat,
3412 2338 3484 2394 ad
3527 2338 3816 2409 Abgarum

2165 2425 2486 2497 principem
2515 2426 2926 2497 perferendum
2950 2427 3266 2484 tradidisse
3291 2433 3636 2497 memorant,
3661 2428 3818 2484 edito

2168 2513 2422 2582 oraculo,
2456 2514 2684 2583 urbem,
2725 2532 2849 2587 quae
2882 2533 3118 2573 sacrum
3152 2518 3368 2590 pignus
3398 2517 3506 2574 rite
3537 2523 3818 2589 servaret,

2170 2608 2449 2676 perpetuo
2483 2603 2753 2660 invictam
2787 2606 2906 2662 fore
2928 2606 3061 2677 (62).
3097 2606 3249 2675 Htsc,
3280 2606 3429 2663 mira
3459 2620 3815 2678 quanquam,

2171 2693 2346 2747 {idem
2374 2710 2441 2748 ex
2478 2709 2543 2748 eo
2589 2697 2908 2761 traxerunt,
2959 2696 3111 2766 quod
3163 2696 3406 2751 Cosroes
3439 2696 3633 2759 Persa,
3684 2713 3816 2752 cum

2166 2783 2225 2837 in
2260 2782 2561 2837 obsidione
2593 2782 2753 2837 urbis
2791 2782 3055 2849 haereret,
3086 2783 3212 2853 ejus
3258 2786 3527 2839 contactu
3560 2784 3818 2852 (dedica-

2169 2879 2291 2926 tum
2323 2871 2477 2927 enim
2520 2877 2643 2927 erat
2675 2870 2735 2926 in
2776 2871 2981 2927 veteris
3012 2876 3219 2928 statuae
3250 2872 3654 2945 fundamento)
3686 2888 3819 2943 gra—

2169 2959 2411 3016 vissimo
2440 2961 2641 3017 morbo
2690 2960 2970 3016 liberatus
3012 2961 3112 3029 sit,
3145 2964 3201 3017 et
3231 2961 3460 3019 lustrali
3488 2980 3641 3034 aqua
3671 2979 3733 3019 se
3764 2966 3822 3018 et

2169 3048 2453 3105 familiam
2485 3065 2718 3106 omnem
2762 3048 2922 3105 ablui
2963 3050 3211 3121 jusserit
3259 3051 3394 3123 (63).
3438 3052 3583 3108 Hinc
3613 3052 3819 3123 imagi-

2165 3155 2298 3195 nem
2329 3139 2626 3196 Romanus
2658 3140 2992 3211 imperator,
3023 3140 3119 3197 cui
3153 3141 3460 3213 indignum
3488 3141 3816 3211 videbatur,

2166 3228 2288 3285 haec
2317 3245 2487 3285 sacra
2516 3233 2637 3286 tam
2673 3229 2921 3301 impuris
2962 3229 3235 3287 manibus
3269 3231 3640 3297 contrectari,
3668 3248 3823 3305 saape

2167 3317 2499 3390 expetitum,
2527 3334 2644 3374 non
2694 3318 2965 3386 obtinuit,
3020 3318 3155 3376 licet
3202 3320 3469 3375 ducentis
3499 3320 3818 3387 Saracenis,

2168 3423 2315 3479 quos
2344 3407 2606 3480 captivos
2631 3408 2888 3478 tenebat,
2920 3411 2977 3464 et
3023 3425 3103 3463 xu
3134 3407 3395 3466 millibus
3425 3410 3555 3466 teris
3582 3410 3820 3483 signati,

2167 3496 2404 3554 oblatis.
2434 3496 2692 3553 Tandem
2726 3512 2852 3553 eam
2885 3499 3193 3570 praisetus
3225 3498 3411 3563 urbis,
3446 3503 3507 3555 ut
3538 3516 3571 3553 a
3611 3501 3736 3555 suis
3762 3500 3828 3555 ﬁ-

2171 3586 2348 3642 nibus
2375 3589 2602 3642 Graacos
2654 3589 2900 3653 arceret,
2942 3584 3250 3648 concessit.
3282 3592 3510 3657 pactus,
3547 3590 3611 3641 ut
3641 3586 3823 3642 Edes-

2170 3691 2292 3731 sam
2316 3681 2370 3730 et
2398 3675 2795 3731 conterminos
2817 3690 2991 3747 agros
3023 3690 3323 3746 nunquam
3358 3674 3513 3731 bello
3534 3676 3595 3730 in
3628 3680 3822 3747 poste-

2169 3780 2301 3821 rum
2352 3768 2628 3820 vexarent
2672 3765 2805 3834 (64).
2854 3764 2950 3820 Sic
2998 3763 3340 3836 Byzantium
3401 3765 3730 3837 deportata,
3763 3764 3824 3819 in

2167 3852 2508 3909 Blachernis
2557 3852 2831 3924 primum,
2868 3857 2998 3926 post
3053 3853 3113 3909 in
3162 3853 3283 3909 aede
3330 3852 3520 3921 Phari,
3566 3854 3821 3925 reposita

2017 3952 2251 4010 NOT/E.

473 4057 590 4127 (53)
650 4061 817 4127 Anno
873 4054 1001 4122 941,
1034 4069 1155 4121 seu,
1216 4056 1280 4108 ut
1326 4051 1634 4127 Byzantini
1692 4056 2055 4127 computant,

398 4124 608 4183 indici.
640 4142 753 4194 xiv,
794 4126 903 4181 Leo
951 4127 1274 4181 Grammat.
1322 4125 1450 4180 506.
1501 4127 1690 4180 Anon.
1742 4124 2054 4181 Combeﬁs.

395 4216 533 4272 pag.
570 4200 700 4272 262.
749 4199 983 4272 Simeon
1030 4197 1298 4272 Logoth.“
1320 4212 1451 4272 pag.
1480 4196 1626 4272 .490.
1676 4195 1773 4272 ubi
1837 4195 2057 4272 Ru_ssos

395 4260 683 4328 brumitas
711 4275 897 4337 vocat,
932 4266 993 4322 ἐκ
1015 4260 1205 4394 Thebc
1233 4260 1343 4321 τῶὖ
1374 4260 1640 4341 ὧράγγων
1673 4260 1851 4326 ὄντας,
1907 4268 2056 4322 Tum

395 4345 560 4394 enim
595 4342 903 4394 Germania
942 4358 1019 4394 un
1051 4357 1215 4394 versa
1246 4340 1491 4394 Francia
1537 4339 1862 4394 dicebatur.
1906 4344 1969 4393 ut
1996 4338 2056 4394 in

395 4345 560 4400 enim
595 4342 903 4397 Germania
942 4338 1215 4397 universa
1246 4338 1862 4404 Francia'dicebatur,
1906 4344 1969 4393 ut
1996 4338 2059 4394 in

400 4417 559 4471 notis
594 4418 661 4467 ad
685 4414 987 4468 Constant.
1014 4413 1088 4467 De
1114 4412 1396 4467 caerimon.
1421 4410 1571 4466 Aula
1600 4412 1835 4481 Bysant.
1870 4415 2059 4481 osten-

403 4490 561 4541 dam.
598 4489 725 4541 Huc
754 4485 929 4540 etiam
965 4483 1361 4552 Luitprandus
1404 4480 1659 4553 pertinet
1703 4499 1757 4545 v,
1807 4482 1841 4535 6
1875 4497 1889 4536 :
1923 4480 2060 4536 Gen:

410 4558 660 4630 quadam
699 4561 782 4611 est
829 4556 928 4610 sub
978 4556 1256 4630 aquilonis
1302 4555 1801 4630 parte_constituta,
1835 4569 2000 4623 quam
2021 4569 2061 4630 _a

410 4603 678 4701 ξαξίἶιαιθ
708 4630 952 4693 corporis
992 4603 1193 4701 (graeci
1226 4603 1423 4682 vocant
1452 4628 1670 4701 Raetos,
1718 4603 1818 4680 no’s
1839 4603 1881 4701 ξ
1906 4626 2058 4701 ροεξ-
2088 4603 2136 4667 Ῑ)

405 4696 558 4757 itane
592 4702 707 4756 loci
742 4713 1001 4755 vocamus
1048 4698 1449 4754 Nordmannos.
1506 4697 1753 4761 Nicetes,
1785 4714 1816 4751 a
1848 4696 2063 4767 Caugio

404 4775 477 4829 ad
531 4774 841 4834 Zonaram,
904 4788 960 4842 p.
1020 4771 1092 4825 99
1138 4772 1452 4838 adductus,
1509 4784 1638 4842 eos;
1672 4770 1779 4842 τῷν
1840 4768 2062 4820 Σκυθῶν

402 4845 565 4903 ἔθνος
598 4848 777 4898 vocat.
827 4840 1083 4898 Classem
1127 4842 1199 4895 ad
1252 4842 1431 4896 millia
1461 4840 1795 4911 quindecim
1832 4854 2064 4908 parave-

404 4922 567 4973 rant.
604 4915 810 4970 Zonar.
862 4930 918 4985 p.
965 4914 1086 4969 191.
1138 4914 1399 4968 Meminit
1444 4911 1620 4967 etiam
1671 4911 1956 4983 Sigebert.
1990 4911 2062 4966 ad

402 5007 502 5045 an.
541 4988 672 5042 936.

482 5061 603 5130 (54)
632 5058 701 5111 V.
732 5056 989 5127 Theoph.
1022 5056 1235 5130 Sigeir.
1268 5054 1469 5111 Baveri
1506 5056 1712 5130 Dissert
1740 5053 1805 5110 de
1841 5054 2064 5123 Varegis

402 5132 468 5187 in
489 5128 834 5189 Comment.
874 5129 1205 5200 Petmpolit.
1236 5131 1281 5182 t.
1310 5131 1408 5195 ιν,
1436 5128 1658 5200 p.293.

480 5202 601 5274 (55)
624 5201 813 5274 Vitam
835 5196 1236 5274 Jo.,Cu’rcuaa_
1266 5204 1324 5255 et
1368 5196 1460 5254 res
1506 5198 1659 5274 bello
1700 5196 1930 5269 egregio
1960 5212 2065 5274 ge-

404 5269 530 5330 stas
565 5269 699 5327 octo
730 5271 892 5329 libris
923 5270 1154 5328 Manuel
1204 5270 1719 5342 Protospatharius
1743 5341 1747 5342 ν
1770 5269 2060 5342 exposuit,

452 5344 572 5401 uod
605 5360 753 5412 opus
793 5344 1019 5399 dudum
1068 5344 1261 5413 periit.
1290 5340 1555 5413 Theoph.
1588 5341 1816 5397 Contin.
1848 5358 1902 5410 p.
1933 5340 2059 5394 265.

452 5364 572 5401 1100
605 5364 753 5412 opus
793 5364 1019 5399 auuum
1068 5364 1261 5413 perm.
1300 5364 1555 5413 ι’ΠΘΟρΠ.
1588 5364 1597 5389 ι

404 5364 581 5474 gent.
616 5417 863 5487 Gangius
881 5414 1357 5487 Famt‘ttBysant.
1385 5414 1597 5487 p._i53.

480 5489 599 5559 (56)
635 5482 883 5559 Bayérus
916 5487 956 5541 l.
991 5503 1041 5559 c.
1081 5482 1417 5541 Gerhardus
1447 5485 1605 5559 Frid,
1637 5482 1938 5559 Mullerus,
1968 5483 2063 5538 cui

408 5554 667 5616 multum
700 5554 869 5614 debet
916 5558 1162 5629 antiqua
1192 5558 1517 5629 Bassorum
1551 5554 1814 5629 historia,
1848 5570 2063 5629 nomen

406 5634 604 5703 gentis
658 5647 692 5686 a
738 5629 1025 5703 vocabulo
1066 5627 1299 5703 li’arech,
1349 5628 1627 5703 marinus,
1669 5627 1852 5690 ducit,
1887 5628 2063 5696 idque

407 5700 701 5769 omnibus,
761 5703 860 5774 qui
924 5702 1230 5774 piraticam
1310 5700 1693 5774 exercebant,
1749 5714 2061 5774 commune

404 5777 591 5832 fuisse
621 5771 882 5843 conjicit,
915 5771 977 5827 in
1030 5772 1249 5827 Cottect.
1292 5772 1364 5826 ad
1412 5772 1615 5825 Hister.
1664 5771 1969 5843 Μίδεω-,μ
2003 5771 2058 5826 4.

399 5849 685 5905 Theodos.
720 5842 1017 5903 Kioviens.
1050 5843 1143 5898 ad.
1175 5860 1267 5898 an.
1299 5843 1427 5897 860.
1459 5857 1581 5909 eos,
1615 5842 1763 5897 mari
1792 5842 2059 5911 trajecta,

400 5920 615 5989 Slavis,
662 5916 947 5985 Ileranis,
990 5913 1277 5985 Crivitzis,
1326 5915 1429 5986 qui
1475 5911 1773 5971 communi
1824 5911 2061 5971 nomine

2167 4049 2341 4106 Russi
2367 4048 2759 4120 appellantur,
2785 4047 3018 4120 tributa
3048 4049 3371 4119 imperasse
3393 4050 3589 4105 refert.

2239 4123 2353 4193 (57)
2380 4119 2666 4176 Theodos.
2727 4119 3021 4193 Kiﬁoviens,
3082 4137 3178 4177 an.
3236 4121 3379 4189 944;
3432 4122 3608 4177 silent
3665 4122 3821 4177 enim

2169 4192 2559 4249 hanc’novam
2594 4192 2981 4265 irruptionem
3015 4192 3318 4264 Byzantini
3351 4195 3685 4265 scriptores.

2260 4265 2352 4321 58)
2383 4265 2537 4321 Idem
2574 4282 2669 4319 an.
2702 4264 2829 4319 945.

2260 4266 2329 4318 58
2383 4265 2537 4321 Idem
2574 4282 2669 4319 an.
2702 4265 2829 4319 945.

2169 4265 2619 4462 Κίἓῗεῗζᾶἳίῗηὲὲὲ.
2672 4334 2927 4405 Theoph.
2999 4351 3055 4407 p.
3106 4336 3237 4401 267,
3293 4334 3483 4390 caeteri
3530 4335 3820 4391 Theodos.

2214 4423 2323 4463 ιον.
2364 4424 2460 4464 8.0.
2492 4423 2619 4463 ‘d‘ld.

2386 4479 2613 4534 Contin.
2638 4476 2902 4549 Theoph.
2932 4494 3030 4550 pp.
3052 4477 3177 4548 265,
3204 4477 3331 4546 278,
3362 4480 3473 4532 Leo
3498 4475 3820 4534 Grammat.

2169 4567 2564 4693 μῶῗῗΝἰεηλ
2597 4620 2819 4693 scilicet
2865 4620 3025 4691 lepra
3074 4618 3326 4691 graviter
3381 4618 3681 4693 laborabat
3710 4621 3822 4676 Ab-

2175 4691 2369 4760 garus,
2426 4691 2562 4749 inde
2620 4691 2901 4759 Uchomo,
2958 4694 3142 4759 niger,
3220 4691 3691 4760 cognominatus,
3757 4696 3825 4747 ut

2176 4764 2428 4839 Bayerus
2458 4765 2519 4839 in
2568 4764 2706 4819 Hist.
2743 4764 3047 4839 ‘Edessena,
3101 4779 3157 4833 p.
3366 4763 3719 4839 arbitratur;
3752 4765 3823 4819 de

2176 4834 2384 4903 genere
2424 4836 2581 4890 enim
2614 4834 2799 4890 morbi
2843 4851 2959 4906 non,
3004 4834 3269 4888 convenit
3301 4835 3451 4891 inter
3482 4835 3817 4906 scriptores.

2176 4908 2341 4963 Multi
2381 4908 2453 4962 de
2502 4905 2967 4979 mutuisAbgari
3015 4909 3072 4960 et
3118 4905 3334 4961 Christi
3382 4905 3646 4979 epistolis
3679 4907 3824 4962 scri-

2174 4996 2362 5050 psere,
2397 4980 2685 5050 praecipue
2715 4978 3183 5050 GrabiusSpicit.
3220 4977 3460 5050 PP.t._l
3495 4977 3624 5031 iuit.

2245 5052 2360 5123 (62)
2393 5048 2760 5105 Constantin.
2801 5049 2875 5104 De
2925 5048 3132 5103 Christi
3181 5049 3423 5120 imagine
3464 5050 3823 5175 Edessena

2250 5165 2263 5175 .
2298 5138 2429 5175 ante
2459 5125 2649 5175 exstat
2696 5122 2756 5175 in
2805 5121 3088 5175 Maninuto
3133 5122 3258 5175 Rer.
3321 5121 3614 5175 Constant.
3663 5122 3746 5175 Ad
3796 5137 3823 5175 e

2174 5121 2263 5189 85,
2341 5138 2429 5177 uae
2459 5125 2649 5177 exstat
2696 5122 2756 5175 in
2805 5121 3088 5190 Maniputo
3133 5122 3258 5176 Rer.
3321 5121 3614 5177 Constant.
3663 5121 3827 5176 Adde

2174 5139 2525 5249 Comtbeﬁsio
2549 5197 2751 5248 notata
2782 5209 2839 5249 u.
2875 5193 2996 5246 105.

2174 5193 2525 5251 Combeﬁsio
2549 5197 2751 5264 notata
2780 5209 2839 5264 p.
2875 5193 2996 5246 105.

2243 5266 2359 5337 (63)
2396 5266 2673 5335 Evagrius
2700 5262 2804 5337 lib:
2840 5280 2913 5337 1v,
2939 5280 2989 5320 c.
3021 5264 3111 5337 27,
3148 5262 3246 5319 ubi
3268 5263 3537 5337 Cosroem
3565 5266 3823 5335 propter-

2174 5354 2237 5392 ea
2260 5335 2589 5393 exercitum
2634 5336 2762 5390 urbi
2808 5335 3135 5391 admovisse
3185 5336 3409 5400 scribit,
3460 5341 3542 5404 ut,
3585 5351 3712 5406 quae
3753 5339 3822 5391 de

2173 5408 2453 5481 imagine”
2483 5408 2652 5481 vulgo
2710 5406 3126 5481 tradebantur.
3173 5407 3482 5462 meudaciii
3529 5413 3821 5479 argueret.

2174 5478 2351 5535 Paulo
2382 5479 2550 5536 aliter
2579 5478 2945 5536 Constantia.
2982 5496 3038 5549 p.
3068 5478 3134 5532 91
3174 5483 3391 5534 narrat.

2243 5552 2354 5622 (6i)
2405 5550 2649 5608 Charam
2708 5549 2952 5616 scilicet,
3014 5551 3256 5605 Saroten
3324 5554 3381 5604 et
3436 5553 3823 5622 Samosatam,

2173 5625 2462 5680 Edesseno
2496 5624 2787 5695 przefecto,
2832 5638 3006 5695 quem
3060 5622 3331 5695 Emirumg
3362 5621 3824 5695 vocant_,_subj_e-

2172 5701 2316 5749 etas.
2350 5690 2711 5749 Constantia.
2765 5690 2892 5763 pag.
2946 5693 3052 5757 94;
3100 5690 3524 5763 addeContin.
3558 5690 3818 5761 Theoph.

2170 5765 2211 5821 l.
2245 5766 2430 5838 c._rel.
2464 5769 2584 5823 Hoc
2615 5762 2855 5838 pactum
2876 5780 3054 5819 aurea
3077 5763 3235 5819 bulla
3265 5762 3587 5835 imperator
3619 5763 3824 5818 contir-

2170 5836 2368 5894 mavit.
