4184 6414
464 367 542 428 63
1597 368 1656 429 J.
1705 369 1787 428 H.
1830 364 2124 427 LEICHII
2168 361 2739 425 COMMENTATIO
3793 368 3876 428 64.

463 503 571 566 est,
605 500 1057 571 procedentibus
1089 500 1261 571 longo
1293 500 1496 554 ordine
1526 498 1857 570 Stbepbano
1889 501 1945 553 et
1965 497 2106 553 Con-
2135 497 2189 564 Α
2218 495 2457 559 videret,
2510 511 2583 550 ne
2639 499 2756 550 tam
2793 495 3070 566 praeclara
3107 497 3356 567 indoles,
3386 503 3474 557 tot
3520 507 3873 559 ornamenta

463 590 747 653 stantino,
765 590 1007 646 Romani
1025 589 1186 660 ﬁliis,
1205 589 1770 660 Porphyrogenneto,
1794 593 1851 644 et
1878 593 2106 654 senatu,

462 695 595 734 cum
639 679 841 748 cereis,
887 683 942 734 et
993 678 1434 749 Evangeliorum
1495 677 1809 747 volumine,
1859 682 1923 732 ut
1971 685 2109 732 tunc

462 765 826 820 consuetudo
869 768 991 820 erat
1037 763 1095 818 in
1129 763 1380 835 publicis
1411 763 1961 835 supplicationibus.
2013 762 2105 818 In-

459 853 637 910 cessit
666 855 877 910 deinde
901 853 1382 925 religio,quonam
1398 855 1454 908 in
1475 853 1690 923 templo
1705 870 1872 908 sacra
1886 852 2106 922 efﬁgies

459 942 798 999 collocanda
820 943 1308 1014 foret?postremo
1332 942 1390 998 in
1413 943 1637 998 Sanctae
1668 941 1891 1014 Sophim
1921 941 2103 1011 illata,

457 1035 692 1104 rituque
719 1033 966 1089 solemni
996 1035 1153 1088 culta
1194 1034 1303 1088 fuit
1343 1034 1480 1106 (65).
1511 1035 1712 1089 Exstat
1741 1033 2102 1089 Constantini

460 1121 993 1194 Porphyrogenneti
1029 1125 1099 1178 de
1123 1123 1412 1178 Edessena
1436 1123 1695 1192 sudario,
1719 1122 1953 1194 elegans
1973 1139 2103 1178 ora-

454 1210 558 1276 tio,
594 1228 747 1266 anno
781 1212 1065 1282 proximo,
1098 1216 1163 1267 ut
1202 1213 1446 1281 videtur,
1490 1213 1548 1268 in
1591 1213 1786 1284 populi
1826 1211 2102 1268 concione

457 1299 672 1368 habita,
705 1316 884 1371 quam
925 1301 1182 1372 junioris
1230 1301 1598 1357 Constantini
1647 1317 1792 1368 esse,
1833 1300 2103 1372 Aloysius

459 1389 892 1460 Lippomannus
922 1395 979 1445 et
1009 1391 1199 1446 Caesar
1231 1391 1515 1446 Batonius
1544 1406 1672 1446 esse
1703 1391 2099 1457 arbitrantur;

453 1494 521 1534 eo
553 1479 841 1550 praecipue
887 1485 1228 1551 argumento
1277 1480 1441 1545 moti,
1493 1481 1643 1550 quod
1685 1478 1836 1534 aliud
1869 1478 2099 1535 dicendi

451 1581 640 1638 genus
670 1569 728 1623 in
762 1568 927 1624 libris
974 1571 1044 1626 De
1082 1569 1519 1626 administrando
1550 1570 1798 1640 imperio,
1834 1567 1962 1623 Vita
1991 1569 2101 1623 Ba-

453 1656 593 1726 silii,
625 1658 870 1728 cateris,
903 1664 1184 1730 appareat
1208 1661 1340 1731 (66).
1362 1660 1583 1715 Damus
1613 1658 1723 1714 hoc
1752 1657 1962 1714 Caesari
1995 1658 2099 1712 Ba-

452 1746 639 1812 ronio,
673 1764 1002 1804 sermonem
1054 1749 1424 1821 imperatoris
1477 1749 1759 1804 humilem
1807 1747 1866 1802 in
1899 1747 2014 1802 illis
2043 1753 2100 1803 et

2215 586 3222 651 virtutum,inertiaobscurarentur.
3255 590 3594 661 Adjutorem
3621 591 3869 666 Porphy-

2217 681 2604 749 rogennetum
2631 679 2770 746 fore,
2794 677 2886 732 cui
2911 678 3052 734 nihil
3087 681 3390 752 antiquius
3414 683 3508 751 sit,
3535 700 3707 754 quam
3733 700 3868 742 eum

2216 783 2482 838 regnare,
2517 767 2614 838 qui
2644 768 2713 822 ad
2749 767 2898 822 hanc
2947 785 3108 836 spem
3141 770 3373 839 genitus
3405 778 3557 827 esset
3577 773 3712 844 (68).
3749 776 3866 830 Ita-

2216 870 2330 926 que
2361 856 2655 911 Romanus
2676 856 3149 926 comprehensus,
3179 857 3238 913 in
3275 858 3476 915 Proteu
3504 860 3760 916 insulam
3786 877 3871 918 re-

2215 943 2436 1015 legatur
2492 949 2549 999 et
2601 945 3018 1000 monachorum
3077 947 3193 1002 ritu
3251 949 3582 1004 tondetur:
3630 965 3864 1005 summa

2213 1033 2444 1104 imperii
2465 1034 2533 1087 ad
2551 1032 2701 1088 tilios
2725 1038 2781 1088 et
2803 1034 3420 1107 Porphyrogennetum
3442 1038 3863 1107 delata,statim

2213 1122 2502 1193 apparuit,
2527 1123 3005 1188 arduum,eodem
3035 1123 3160 1180 loco
3193 1127 3508 1198 potentiam
3539 1131 3596 1182 et
3617 1144 3867 1183 concor-

2211 1211 2362 1264 diam
2395 1227 2546 1272 esse.
2579 1227 2715 1268 cum
2764 1211 2822 1266 id
2873 1217 3067 1283 ageret
3116 1214 3468 1284 Stephanus,
3510 1221 3574 1272 ut
3604 1215 3763 1273 solus
3795 1233 3867 1272 ea

2211 1300 2497 1371 dignitate
2529 1302 2830 1372 potiretur.
2883 1301 3110 1358 Interea
3149 1305 3597 1361 Constantinum
3648 1304 3865 1362 Helena

2210 1393 2500 1460 Augusta,
2535 1401 2596 1444 ut
2621 1395 2743 1446 tam
2779 1392 3028 1447 nefarios
3049 1409 3232 1448 ausus
3253 1396 3682 1464 comprimeret,
3709 1397 3864 1451 exci-

2208 1482 2314 1548 tat,
2335 1479 2434 1551 qui
2467 1495 2587 1545 eos,
2615 1481 2808 1550 specie
2840 1481 3137 1548 amicitiae,
3161 1481 3352 1554 epulis
3384 1482 3706 1552 adhibitos,
3729 1490 3865 1556 post

2210 1566 2596 1638 quadraginta
2627 1567 2854 1623 dierum
2910 1569 3245 1640 imperium,
3277 1568 3337 1625 in
3370 1570 3640 1626 exsilium
3672 1572 3859 1643 pellit.

2209 1657 2267 1710 Id
2302 1656 2635 1728 Stephanus
2666 1673 2756 1712 χιι
2790 1674 2976 1714 annos
3009 1675 3217 1731 magno
3247 1658 3443 1716 animo
3475 1660 3532 1715 in
3568 1661 3751 1718 Lesbo
3777 1662 3866 1718 in-

2207 1745 2338 1801 sula
2366 1745 2963 1818 tulit.Constantinus,
2988 1749 3216 1807 duobus
3237 1749 3407 1807 annis
3437 1755 3586 1820 Post,
3625 1751 3699 1806 ad
3736 1767 3861 1807 ma-

450 1836 791 1909 plerumque
833 1837 1132 1910 vulgarem
1183 1855 1344 1907 esse;
1403 1839 1501 1895 sed
1558 1836 1888 1894 sublimiori
1948 1837 2098 1910 style
2135 1879 2179 1944 Β
2203 1835 2355 1906 jora,
2389 1839 2448 1890 et
2492 1836 2679 1908 magis
2724 1836 3041 1909 praecipitia
3087 1853 3424 1907 conversus,
3471 1855 3604 1895 cum
3636 1840 3867 1913 Byzan-

449 1926 758 1982 t‘ormanda
788 1931 910 1983 erat
964 1927 1171 1996 oratio,
1232 1944 1357 1999 quin
1415 1933 1536 1984 tam
1586 1943 1782 1984 sacras
1823 1925 2102 1997 reliquias

453 2015 629 2086 digne
661 2014 994 2073 celebraret.

525 2103 677 2160 VIII.
710 2104 917 2160 Sextus
941 2106 1063 2176 jam
1112 2109 1170 2161 et
1209 2105 1524 2162 vicesimus
1573 2106 1853 2179 agebatur
1887 2122 2101 2177 annus,

452 2206 524 2246 ex
553 2207 666 2263 quo
712 2192 1014 2249 Romanus
1064 2193 1378 2265 imperium
1427 2210 1529 2265 pro
1573 2194 1814 2251 arbitrio
1847 2195 2099 2263 tenebat,

451 2281 596 2336 adeo
611 2281 928 2338 imminuta
941 2283 1472 2355 Porphyrogenneti
1491 2287 2100 2356 potestate,utexperti

451 2369 697 2441 publica:
747 2387 900 2427 curae
947 2377 1004 2428 et
1051 2372 1303 2439 consilii,
1336 2379 1538 2444 praeter
1581 2373 1828 2444 Augusti
1864 2389 2100 2444 nomen,

448 2462 596 2518 nihil
629 2465 872 2520 omnino
919 2464 1189 2522 relictum
1221 2470 1393 2522 esset.
1427 2465 1534 2529 Qui
1566 2466 1637 2522 ad
1673 2466 1938 2520 ultimum
1970 2483 2098 2537 per-

446 2553 628 2607 taesus
666 2551 947 2624 longioris
1003 2554 1128 2620 otii,
1180 2555 1334 2626 quod
1382 2555 1576 2610 studia
1621 2554 1920 2624 doctrinae,
1971 2554 2098 2624 qui-

447 2638 557 2695 bus
589 2641 676 2711 [L.
709 2641 827 2713 XX]
858 2642 1121 2698 animum
1162 2642 1478 2711 imbuerat,
1509 2644 1794 2700 hactenus
1825 2644 1988 2699 unice
2018 2643 2097 2699 le-

448 2728 713 2785 niverant
743 2731 876 2801 (67),
909 2733 982 2787 de
1013 2735 1408 2802 recuperando
1431 2749 1608 2805 regno
1631 2733 1876 2788 consilia
1895 2733 2093 2789 volvit.

443 2819 607 2884 Quod
642 2835 774 2875 cum
807 2821 983 2876 variis
1019 2822 1242 2878 artibus
1273 2825 1576 2890 tentasset,
1610 2821 1976 2878 tutissimum
2008 2822 2092 2878 vi-

435 2928 566 2968 sum
609 2917 721 2984 est,
782 2915 1142 2986 Stephanum
1201 2922 1259 2971 et
1313 2917 1787 2984 Constantinum,
1846 2916 2093 2972 Romani

441 2999 617 3067 ﬁlios,
650 3003 976 3073 cupiditate
1025 3004 1310 3074 regnandi
1361 3007 1694 3060 accendere.
1737 3005 1970 3061 Dudum
2004 3005 2091 3060 illi

437 3091 679 3158 paterno
711 3091 843 3144 odio
875 3091 1182 3161 ardebant,
1214 3093 1365 3159 quod
1387 3093 1706 3158 Romanus,
1739 3099 2090 3150 testamento

441 3177 682 3248 scripto,
719 3178 1044 3251 principem
1079 3180 1268 3236 locum
1299 3181 1842 3254 Porphyrogenneto
1867 3183 2088 3240 tribue-

2214 1925 2361 1980 tium
2394 1929 2696 1998 repeteret,
2727 1943 2761 1981 a
2789 1926 3128 1983 custodibus
3174 1931 3260 1983 est
3310 1927 3692 2000 interemptus
3723 1931 3870 2002 (69).

2214 2013 2307 2070 Sic
2338 2016 2574 2072 tandem
2597 2013 2758 2071 solus
2781 2032 2972 2072 rerum
2995 2016 3212 2088 potitus
3235 2021 3323 2073 est
3343 2017 3872 2090 Porphyrogenne-

2213 2109 2328 2171 tus,
2362 2105 2453 2159 cui
2485 2104 2715 2161 insidia:
2774 2122 2808 2161 a
2849 2104 3115 2175 plurimis
3160 2114 3371 2178 paratae
3415 2112 3571 2163 sunt.
3624 2108 3770 2164 Nam
3806 2115 3872 2166 et

2213 2193 2622 2263 Theophanes,
2655 2194 2929 2266 princeps
2961 2195 3477 2263 cubiculariorum,
3504 2197 3868 2268 Romanum,

2211 2286 2268 2338 et
2298 2284 2606 2354 Gregorius
2636 2283 2890 2354 Macedo,
2941 2285 3165 2340 allectis
3215 2285 3273 2340 in
3325 2285 3654 2342 societatem
3687 2287 3871 2344 claris

2212 2377 2270 2427 et
2309 2372 2641 2429 illustribus
2700 2373 2856 2442 viris,
2918 2374 3278 2446 Stephanum
3337 2376 3583 2446 imperio
3647 2375 3866 2433 iterum

2211 2463 2519 2518 admovere
2541 2463 2666 2519 ausi
2690 2470 2826 2519 sunt
2851 2482 2864 2520 :
2889 2462 2947 2518 in
2981 2469 3320 2536 utrumque,
3353 2467 3572 2521 detecta
3595 2466 3874 2537 perﬁdia,

2209 2553 2463 2622 graviter
2485 2557 2570 2607 est
2600 2552 3093 2608 animadversum.
3121 2558 3256 2610 Post
3297 2553 3414 2609 haec
3446 2553 3869 2610 Constantinus

2208 2642 2534 2697 Romanum
2587 2641 2799 2710 ﬁlium,
2832 2658 3047 2698 corona
3086 2643 3382 2713 imposita,
3414 2642 3472 2697 in
3503 2647 3726 2715 partem
3758 2659 3873 2700 cu-

2208 2747 2404 2786 rarum
2457 2733 2697 2798 vocavit,
2742 2735 2808 2786 ut
2847 2747 2980 2788 eum
3013 2732 3333 2804 temperius
3364 2740 3418 2788 et
3450 2733 3561 2788 sibi
3588 2737 3644 2787 et
3674 2740 3872 2803 poste-

2205 2821 2364 2877 ritati
2396 2821 2787 2878 conformaret
2815 2823 2950 2893 (70).

2277 2911 2377 2967 IX.
2411 2915 2538 2967 Una
2569 2919 2688 2967 tum
2721 2911 3057 2984 imperatori
3087 2928 3231 2969 cura
3259 2917 3402 2983 erat,
3446 2917 3510 2969 ut
3537 2929 3780 2982 regnum
3827 2931 3866 2970 a

2204 3001 2525 3070 majoribus
2583 3001 2874 3068 relictum,
2935 3001 3109 3057 avitis
3167 3000 3487 3072 patriisque
3539 3001 3864 3060 virtutibus

2203 3095 2447 3162 regeret,
2480 3105 2587 3146 nec
2621 3095 2877 3145 extrema
2906 3107 2942 3145 a
2990 3090 3261 3145 Barbaris
3311 3090 3860 3148 dehonestarentur.

2201 3179 2627 3250 Cappadociam
2687 3179 2853 3234 enim'
2904 3182 2962 3233 et
3019 3177 3382 3234 nobilissima
3434 3179 3676 3235 minoris
3706 3180 3861 3236 Asia

441 3273 527 3320 rat
561 3283 573 3319 :
605 3249 932 3338 Stephanus
965 3271 1275 3341 praecipue,
1320 3249 1511 3340 quem
1539 3249 1678 3326 salis
1712 3273 1835 3343 jam
1870 3273 2084 3345 procli-
2117 3249 2160 3316 (ἶ
2199 3249 2413 3338 oppida
2459 3266 2750 3336 Saraceni,
2821 3267 3074 3322 Tarsum
3132 3266 3471 3336 incolentes,
3533 3273 3858 3338 vastarent,

439 3370 568 3411 vem
610 3355 778 3412 facile
827 3357 1097 3428 Basilius,
1149 3360 1440 3432 particeps
1488 3361 1740 3428 consilii,
1776 3365 2077 3434 permovit.

437 3447 494 3499 Is
524 3443 666 3500 olim
699 3445 1011 3502 honestum
1058 3448 1320 3505 ordinem
1372 3451 1634 3518 duxerat,
1679 3452 1765 3506 vir
1809 3451 2079 3521 callidus,

2192 3356 2388 3427 praeda
2411 3356 2699 3412 immensa
2726 3359 2784 3412 et
2817 3354 3058 3426 captivis
3089 3354 3356 3427 plurimis
3390 3356 3680 3426 abductis,
3703 3373 3858 3428 quos

2191 3447 2375 3518 pactis
2413 3445 2670 3501 induciis
2719 3446 3034 3516 imperator
3076 3444 3292 3513 recepit
3340 3445 3472 3517 (71).
3535 3446 3849 3516 Interjecto

436 3540 491 3588 et
523 3533 581 3588 in
616 3535 814 3591 animo
845 3535 1124 3606 Stephani
1156 3539 1623 3610 validus,quem,
1648 3543 2084 3613 Opportunitate
2189 3541 2470 3608 tempore,
2502 3551 2656 3602 cum,
2694 3551 2843 3590 nova
2872 3534 3059 3590 classe
3087 3534 3396 3603 instructa,
3420 3534 3618 3590 Greca
3649 3533 3852 3591 littora

436 3621 597 3690 data,
632 3624 938 3680 admonuit
971 3641 984 3680 :
1018 3626 1327 3699 imperium
1369 3645 1520 3702 aegre
1549 3647 1581 3684 a
1611 3629 1901 3702 decrepito
1947 3649 2085 3688 sene

441 3713 741 3779 sustineri,
767 3713 988 3770 viribus
1006 3717 1338 3788 animisque
1358 3736 1503 3789 opus
1531 3735 1681 3788 esse,
1715 3736 1786 3774 ne
1818 3719 1976 3792 Ugri,
2016 3735 2086 3776 ne

446 3799 706 3872 Bulgari,
731 3819 802 3858 ne
833 3803 1101 3860 Saraceni
1125 3805 1350 3878 aliquid
1379 3825 1656 3864 novarum
1689 3825 1885 3865 rerum
1921 3809 2089 3866 moli-

440 3893 665 3958 rentur,
699 3891 889 3948 solum
913 3893 1270 3966 Stephanum
1307 3903 1474 3952 tantae
1507 3898 1646 3954 moli
1679 3915 1878 3970 parem
1910 3914 2038 3956 esse
2073 3917 2087 3956 :

2195 3625 2551 3695 obsiderent,
2585 3624 2838 3680 Basilius
2859 3624 3116 3680 secundo
3147 3622 3345 3694 praelio
3376 3639 3474 3679 eos
3499 3623 3848 3694 prostravit,

2197 3717 2268 3771 de
2299 3715 2548 3770 ducibus
2565 3713 2810 3783 captivis
2833 3713 3248 3769 Constantinus
3271 3712 3636 3783 triumphum
3659 3711 3856 3783 prisco

2201 3821 2362 3861 more
2392 3803 2511 3875 egit
2542 3803 2670 3873 (72).
2715 3802 2832 3860 Nec
2878 3803 3107 3858 minora
3137 3799 3269 3857 belli
3311 3801 3520 3857 decora
3552 3799 3762 3856 Leonis
3793 3805 3865 3856 et

2201 3892 2532 3966 Nicephori,
2559 3891 2762 3948 Phocaa
2796 3889 3297 3962 Bardae,supremi
3332 3889 3500 3944 ducis
3535 3889 3857 3958 exercitus,

1047 4041 1055 4048 -
2026 3995 2257 4054 NOTAE.

514 4086 625 4156 (65)
645 4091 1125 4166 _Hanc_pompam
1158 4092 1524 4166 Constantio.
1558 4111 1691 4166 pag.
1723 4096 1794 4149 68
1825 4111 1957 4166 sqq.
1991 4112 2087 4150 or-
2199 4107 2290 4166 res
2320 4089 2608 4166 vituperio
2630 4088 3218 4166 Constantinoesset,
3245 4085 3494 4166 ﬁliorum
3527 4084 3638 4140 hoc
3657 4085 3863 4142 scelus

439 4156 576 4238 dine
609 4156 925 4238 describit.
977 4156 1136 4238 Adde
1183 4163 1414 4238 Contin.
1459 4156 1719 4238 Theop'h.
1775 4156 2083 4238 pag-.‘268.

438 4230 777 4308 Quaaiuerit
804 4234 1267 4308 sacrgimagini
1314 4230 1638 4293 reverentia
1679 4230 1954 4304 exhibita,
1990 4255 2087 4308 ap-

439 4305 656 4379 parete
688 4303 918 4379 G‘regor.
955 4303 1219 4363 Monach.
1256 4325 1387 4379 pag.
1437 4309 1564 4378 505,
1597 4309 1696 4364 ubi
1744 4309 1852 4364 hoc
1884 4303 2084 4378 praeci-

437 4389 549 4454 pue
583 4373 694 4454 telo
726 4375 782 4454 in
817 4392 1113 4454 eversores
1144 4373 1615 4454 simulacrorum,
1642 4381 1849 4436 Leonis
1880 4373 2083 4436 Arme-

438 4449 495 4496 ni
520 4451 692 4517 pietate
723 4449 926 4502 turbas
959 4458 1415 4517 commoventes,
1448 4453 1652 4506 utitur.

510 4515 720 4595 (561),:
755 4519 1102 4595 Combeﬁsio
1138 4528 1331 4577 notata
1468 4524 1570 4578 100
1598 4523 1868 4593 Μιιηίρυιί
1900 4523 2086 4595 Origi-

435 4600 566 4638 num
601 4587 742 4641 CSP.
779 4595 836 4644 et
865 4593 1122 4662 expende
1169 4587 1524 4665 verbm—quae
1566 4595 1624 4649 in
1658 4587 1773 4648 ﬁne
1803 4587 2081 4665 orationis

435 4665 752 4737 occurrunt
787 4677 799 4714 :
830 4660 948 4737 ΔὩ“
991 4665 1124 4737 θεῶν
1167 4660 1445 4737 ὁμοί-ωμᾷ
1504 4669 1601 4719 τοῦ
1630 4660 2080 4737 λᾶπαραλλᾶκτου

432 4725 659 4809 πατρκὸςτ
715 4731 938 4805 φροὺρει
966 4733 1072 4809 ’ἀεὶ
1123 4725 1230 4790 τὸν’
1275 4725 1528 4809 stic-.566);
1557 4735 1648 4809 xui
1685 4725 1872 4809 πρᾷως
1921 4738 2082 4807 ἡμῶν

431 4795 815 4923 ξασιλεύονῖτα,
859 4795 982 4857 ’καὶ
1049 4807 1148 4875 τὴν
1223 4805 1323 4876 τῆς
1399 4795 1738 4880 ἀποδημίαί
1775 4795 2080 4879 ⁸(Ξιναὶμιέὴεῖιν

473 4874 704 4923 atumem:
765 4871 1108 4923 EODTdtOVTrI-
1170 4879 1227 4923 δν
1285 4883 1351 4923 σι’-ἧ
1409 4879 1676 4923 arar-muniri
1727 4899 1822 4923 erm)
1858 4877 1941 4923 ξιττῖ
1983 4880 2077 4923 τὸν

473 4874 704 4954 argutam;
765 4871 1115 4954 ἶὲορτάζοντοι,⁷
1170 4879 1227 4932 δν
1282 4871 1356 4954 ἷεῇ
1409 4871 1676 4954 papae-qia;
1727 4899 1822 4932 σου
1858 4871 1944 4932 ﬁeri

429 4946 703 5024 Ξτατττῖῷον
741 4945 852 5024 ἐκαὶ
927 4953 1178 5020 πατρῷον
1261 4945 1453 5024 optivo;
1488 4945 1496 4954 ’
1533 4945 1846 5024 ἁνύψωσαα
1917 4953 2078 5006 Adde

430 4971 703 5012 nun'ntyuv
765 4971 852 4997 και
927 4971 1178 5020 πατρῳον
1261 4971 1288 5014 υ
1332 4972 1453 5005 ενοι
1533 4971 1846 5024 ανυψωσαα
1917 4971 2074 5006 A006

430 5015 700 5098 Lambec.
735 5017 1059 5098 Comment;
1081 5022 1151 5098 _d_e
1183 4971 1329 5098 Bibl:
1362 5025 1607 5080 Vindob.
1647 5031 1681 5077 1.
1715 5040 1832 5090 vm,
1868 5024 2074 5093 p.196,

432 5095 485 5139 et
514 5089 758 5160 Pagium
795 5091 863 5142 ad
902 5106 996 5143 an.
1029 5090 1156 5160 944,
1189 5111 1247 5147 n.
1281 5095 1348 5150 V.

502 5158 614 5238 (67)
655 5158 1284 5238 Coastafztiausuiiaque
1344 5168 1901 5237 Parphyrogennetus
1959 5176 2073 5220 tum

427 5231 692 5303 orationi,
719 5235 834 5285 tum
851 5231 1178 5289 lectionibus
1188 5231 1411 5303 bacam,
1430 5231 1606 5293 totu'm
1617 5231 1674 5292 .ςὲ
1690 5238 2074 5293 Dominocom-

423 5301 735 5379 tnendabnt,
757 5319 915 5379 opere
937 5321 1204 5360 manuum
1224 5301 1428 5363 victum
1459 5310 1790 5379 quaeritans:
1814 5325 1946 5364 sane
1971 5308 2072 5375 τήν

425 5370 761 5450 ςιυγραφίακί,
788 5370 854 5450 id
917 5385 996 5430 est
1037 5379 1346 5450 picturam,
1412 5370 1734 5450 pe'rpulrhre
1770 5370 2070 5436 exercebat.

428 5444 766 5521 Irtiitprfand.
803 5446 839 5500 l.
902 5444 1093 5521 _m,_c.
1128 5450 1182 5503 9.
1245 5449 1373 5504 Haec
1412 5444 1517 5503 'ad'
1564 5452 1799 5507 verbum
1857 5453 1914 5505 in
1966 5467 2072 5505 suo

426 5512 707 5589 Qbrdnico
732 5519 942 5588 repetit
963 5519 1320 5587 Sigebertus,
1355 5539 1404 5589 p.
1431 5523 1554 5578 255.
1593 5523 1612 5575 l
1638 5535 1742 5577 tem
1769 5540 1835 5579 ex
1859 5523 2072 5578 Graecis

419 5585 812 5712 t'Ie‘lslgipthanis
846 5585 1174 5648 Continuat.
1221 5611 1278 5665 p.
1310 5585 1462 5663 '2'80,
1512 5598 1568 5648 et
1599 5595 1846 5650 Zonaras
1881 5613 1934 5664 p.
1969 5594 2072 5648 195

576 5675 609 5712 n
643 5676 731 5712 ur.

446 5672 731 5715 eatantur.

494 5728 605 5801 (68)
639 5732 954 5799 Cedrenus,
988 5749 1119 5805 pag.
1171 5735 1298 5791 633.
1343 5737 1701 5794 Vetustiores
1747 5743 1963 5804 tamen,
1998 5752 2071 5792 ne

2197 4165 2399 4227 fuisse,
2425 4157 2752 4232 perhibent,
2786 4165 2841 4216 et
2888 4159 3235 4232 inscioipso
3291 4157 3615 4232 Romanum
3667 4173 3858 4232 regno

2198 4228 2572 4307 pulsum—av.
2621 4233 2852 4307 Simeon
2914 4228 3252 4307 [.ogotheta,
3285 4244 3416 4307 pag.
3477 4228 3602 4293 493,
3635 4229 3856 4307 caeteri,

2198 4299 2330 4361 cum
2367 4306 2584 4376 quibus
2633 4299 3034 4376 Luitprandus
3067 4303 3103 4355 Ι.
3161 4317 3215 4367 v,
3265 4299 3381 4376 _9
3412 4301 3729 4376 consentit,
3763 4299 3858 4354 ni-

2200 4371 2496 4446 miamque
2526 4377 2585 4430 in
2629 4371 2788 4430 filios
2811 4373 3178 4430 severitatem
3210 4372 3384 4428 exitio
3416 4371 3596 4426 fuisse
3635 4371 3850 4427 Roma-

2113 4445 2160 4510 D
2195 4467 2289 4518 no,
2325 4445 2589 4504 testatur.

2264 4513 2374 4589 (69)
2408 4520 2469 4574 ln
2505 4517 2924 4574 monasterium
2962 4513 3210 4589 Romani
3270 4513 3370 4568 lilii
3423 4513 3650 4589 detrusi
3683 4516 3846 4589 sunt,

2194 4584 2700 4661 quod'timendum
2733 4587 3112 4644 Constantino
3153 4590 3295 4661 erat,
3316 4599 3402 4661 ne
3435 4601 3494 4639 se
3517 4584 3848 4661 aliquando

2192 4655 2424 4723 summa
2471 4663 2752 4734 dignitate
2801 4661 3142 4734 privarant;
3191 4655 3569 4734 sicLTheoph.
3608 4656 3848 4734 Contin.

2191 4751 2247 4805 p.
2282 4737 2408 4800 27l,
2463 4727 2710 4788 Zonaras
2762 4727 2819 4801 p_.
2866 4731 2996 4805 Δ195,
3041 4728 3140 4783 alii
3194 4727 3602 4805 Luitprandus
3642 4731 3852 4805 contra

2190 4797 2527 4870 auctor'est,
2579 4797 3047 4868 Constantinum,
3081 4815 3215 4870 cum
3265 4800 3438 4853 certis
3482 4797 3714 4852 indiciis
3745 4814 3848 4853 co-

2189 4879 2505 4948 gnovisset,
2541 4875 2651 4948 sibi
2683 4874 2754 4927 ab
2781 4873 2926 4942 ipsis
2959 4869 3206 4948 insidias
3238 4871 3448 4948 parari,
3478 4885 3677 4948 eorum
3711 4884 3854 4925 con-

2191 4940 2322 5003 silia
2363 4946 2763 5018 praevertisse,
2797 4940 2977 5018 utque
3021 4941 3494 5018 philoSOphatum
3548 4940 3852 4995 mitteren-

2188 5025 2304 5086 tur,
2331 5014 2604 5089 jussisse.
2641 5014 3025 5089 Philosophiae
3065 5016 3218 5089 enim
3255 5016 3495 5089 nomine
3519 5027 3683 5089 sacra
3715 5027 3852 5089 mo-

2188 5084 2508 5147 nachorum
2544 5089 2739 5143 studia
2787 5087 3004 5157 passim
3038 5087 3110 5140 ab
3168 5087 3297 5156 ejus
3345 5084 3554 5157 aetatis,
3596 5088 3653 5136 et
3680 5087 3851 5157 vetus

2187 5163 2462 5217 stioribus
2520 5154 2917 5231 scriptoribus
2961 5154 3384 5212 memorantur.
3444 5154 3510 5208 V.
3571 5154 3842 5209 Cotelerii

2185 5234 2553 5308 Monttmpgtm,
2587 5230 2706 5308 τῇ,
2741 5248 2795 5302 p.
2829 5230 2948 5308 18-l,
2980 5232 3132 5308 t87._
3201 5304 3209 5308 Α
3326 5306 3333 5308 _
3518 5297 3536 5308 ﬂ
3637 5296 3674 5308 Η

2258 5306 2369 5377 (70)
2402 5296 2609 5377 Misere
2640 5296 2758 5377 hic'
2784 5306 2978 5377 omnia
3021 5301 3220 5355 turbat
3275 5306 3375 5377 etA
3399 5296 3705 5352 confundit
3748 5296 3841 5351 El-

2186 5369 2455 5430 macinus
2488 5375 2542 5429 in
2581 5376 2778 5432 Hister.
2811 5373 3075 5429 Saracen.
3110 5387 3241 5442 pag.
3272 5369 3399 5423 218.

2257 5449 2370 5516 (7t)
2409 5448 2637 5503 Contin.
2671 5446 3009 5512 Theophan.
3045 5442 3332 5516 pagr275.

2255 5509 2368 5590 (72)
2405 5521 2579 5580 idem,
2617 5535 2743 5588 pag.
2775 5509 2900 5590 282.
2956 5509 3100 5590 Ejus
3127 5511 3406 5590 triumphi
3461 5509 3832 5590 splendorem

2183 5581 2506 5662 imperator
2536 5593 2593 5644 in
2618 5581 2798 5662 opere
2847 5589 2918 5644 De
2965 5581 3324 5642 cerimoniis
3346 5585 3583 5653 Byzant.
3619 5581 3837 5636 descri-

2182 5667 2318 5735 psit,
2353 5681 2406 5734 p.
2439 5663 2561 5717 351.
