4184 6452
317 425 396 486 65

967 424 1082 484 DE
1131 423 1317 486 Vl'l‘A
1358 423 1459 483 ET
1505 418 1759 481 REBUS
1801 416 2074 479 GESTIS
2117 412 2645 477 CONSTANTINI
2686 417 3189 482 PORPHYROG.
3712 428 3792 487 66

337 560 614 625 ﬁliorum,
659 556 867 614 fuere.
922 556 1065 624 Qui,
1099 573 1235 613 cum
1276 559 1457 629 pater,
1490 555 1662 612 annis
1694 552 2026 623 morbisque
2056 552 2112 618 Α
2138 548 2199 603 in
2222 548 2452 606 Graecos
2474 554 2530 606 et
2577 552 2895 609 Germanos
2918 553 3291 625 suscepisset,
3313 556 3383 612 ab
3408 557 3614 615 Ottone
3637 559 3777 631 imp.

351 649 558 724 gravis,
588 647 758 704 hosti
798 651 926 703 tam
962 647 1165 717 feroci,
1194 652 1316 703 tam
1362 646 1594 711 callido,
1626 647 1816 716 impar
1854 645 2031 710 esset,

356 743 489 800 belli
538 740 879 798 discrimen
932 740 1193 809 subiere,
1241 743 1297 795 et
1343 738 1561 796 domito
1604 735 1841 794 Chalebi
1880 751 2029 807 prai-

359 833 531 900 fecto,
553 831 771 887 urbem
806 829 1252 901 triumphantes
1284 830 1581 884 intrarunt
1607 828 1741 899 (73).
1777 824 2031 883 Victoriae

360 924 589 980 fructus
637 922 784 976 urbs
815 921 1133 976 Samosata
1180 918 1313 987 fuit,
1343 935 1377 973 a
1407 917 1623 974 Basilio
1656 916 1716 972 in
1749 914 2030 970 ditionem

363 1014 627 1069 redacta.
646 1011 871 1067 Eodem
892 1014 1180 1080 tempore,
1206 1025 1264 1063 re
1282 1007 1527 1064 feliciter
1552 1009 1612 1063 in
1634 1006 1828 1061 Africa
1847 1009 2029 1075 gesta,

359 1118 434 1160 ex
480 1104 724 1173 Egypto
767 1104 829 1156 et
869 1097 1067 1154 Persia
1114 1098 1308 1170 legati,
1343 1112 1626 1154 renovare
1668 1096 1925 1161 dextras,
1966 1093 2031 1147 ut

360 1207 514 1246 nova
563 1189 787 1244 foedera
835 1203 1192 1259 componere
1250 1187 1570 1256 cupientes,
1612 1198 1839 1251 venere,
1873 1180 2028 1252 quod

359 1280 478 1336 sibi
530 1277 944 1350 magniﬁcum,
1008 1282 1068 1332 ut
1124 1279 1268 1343 erat,
1317 1276 1631 1345 imperator
1675 1271 1844 1328 duxit
1893 1269 2026 1340 (74).

365 1369 577 1425 Postea
603 1366 843 1422 turbare
872 1365 1106 1422 fortuna
1134 1364 1326 1437 erepit.
1350 1368 1390 1417 E
1423 1364 1595 1420 Creta
1623 1363 1780 1419 enim
1811 1359 2029 1424 insula,

372 1475 583 1531 magna
603 1459 1034 1513 Saracenorum
1065 1455 1240 1511 turba
1260 1470 1595 1523 erumpens,
1621 1451 1874 1524 navigia,
1898 1465 2030 1520 quia

373 1548 557 1606 Graeci
580 1546 957 1602 validissima
986 1546 1045 1600 in
1077 1562 1238 1601 mare
1267 1544 1650 1612 deduxerant,
1674 1546 1775 1598 aut
1806 1538 2029 1610 mersit,

371 1644 480 1695 aut
526 1635 817 1693 cremavit
848 1652 861 1690 :
898 1652 1076 1691 causa
1106 1634 1456 1690 calamitatis
1484 1634 1702 1690 ducum
1730 1628 2028 1701 negligen-

372 1728 454 1784 tia
517 1730 578 1782 et
628 1724 925 1796 imperitia
983 1724 1115 1780 fuit.
1172 1722 1288 1781 Nec
1344 1722 1567 1779 amissa
1616 1719 2029 1778 Constantinus

364 1814 672 1888 Gongylae
695 1812 1010 1885 reparavit,
1034 1812 1175 1884 quin
1199 1812 1394 1884 potius
1415 1811 1474 1866 in
1497 1826 1799 1867 summum
1830 1806 2032 1864 discri-

364 1919 512 1959 men
544 1916 670 1957 rem
695 1898 1029 1955 Graecorum
1055 1899 1237 1996 traxit
1272 1898 1719 1996 (75)}303tremo
1746 1893 2030 1996 N-icepbo-
2061 1933 2108 1996 Β

362 2008 471 2048 rus
501 1992 753 2056 Phocas,
779 2004 989 2044 novam
1021 1986 1270 2044 classem
1298 1986 1561 2052 molitus,
1581 1986 1641 2041 in
1672 1989 1897 2041 Cretam
1923 1982 2031 2038 sol-

359 2081 470 2150 vit,
525 2082 676 2136 fusis
741 2077 1032 2146 hostibus,
1087 2093 1247 2134 arces
1303 2077 1759 2144 munitissimae,
1820 2075 1879 2129 in
1938 2073 2032 2129 bis

361 2170 771 2239 Chandacem,
792 2167 1162 2224 tutissimum
1193 2166 1385 2238 gentis
1415 2166 1775 2237 praesidium,
1800 2163 2031 2233 excidit,

363 2260 567 2327 nrbes,
606 2257 896 2330 praefectis
925 2256 1030 2311 sub
1058 2257 1271 2327 jugum
1303 2255 1523 2321 missis,
1547 2253 1783 2327 recepit,
1817 2257 1882 2309 ut
1912 2269 2033 2308 me-

368 2349 664 2404 tuendum
714 2352 890 2413 esset,
941 2362 1034 2413 nc,
1070 2349 1232 2401 tanto
1262 2361 1540 2401 successu
1574 2359 1770 2399 rerum
1819 2341 2031 2407 elatus,

366 2454 625 2510 regnum
666 2437 964 2492 affectarat
994 2433 1110 2506 (76)
1145 2452 1157 2491 :
1192 2434 1347 2505 quod
1379 2438 1598 2501 tamen,
1644 2435 1729 2488 sic
1776 2430 2031 2487 volenti-

368 2532 483 2584 bus
535 2529 696 2593 fatis,
746 2524 906 2581 brevi
953 2530 1300 2579 consecutus
1344 2526 1453 2579 est.
1495 2522 1648 2591 Haec,
1691 2536 2030 2592 quanquam

368 2616 572 2690 plures
617 2633 721 2687 per
750 2630 936 2670 annos
966 2616 1151 2683 gesta,
1182 2612 1482 2683 conjunxi,
1530 2628 1602 2667 ne
1632 2611 1814 2667 divisa
1862 2609 2031 2665 taedio

366 2711 522 2763 torte
552 2705 828 2761 lectorem
860 2703 1183 2759 allicerent.

445 2797 524 2851 Χ.
556 2797 628 2850 At
673 2794 735 2849 in
781 2792 1031 2850 Thracia
1074 2791 1296 2862 dispari
1326 2794 1529 2848 eventu
1568 2794 1891 2864 pugnatum
1922 2793 2028 2857 est,

382 2884 624 2948 Turcis,
646 2883 742 2953 qui
764 2888 817 2938 et
836 2878 1073 2953 Ungari,
1099 2880 1394 2951 proximos
1415 2896 1516 2951 per
1536 2895 1777 2952 campos
1804 2877 2029 2945 effusis,

388 2987 462 3026 eo
506 2969 836 3040 violentius,
864 2971 1035 3042 quod,
1085 2970 1383 3027 distractis
1420 2974 1547 3025 tum
1588 2969 1792 3041 cepiis,
1825 2968 2032 3023 ducem

393 3069 699 3116 strenuum
732 3061 834 3115 sibi
850 3063 1075 3119 obviam
1098 3061 1346 3127 iturum,
1365 3076 1482 3115 non
1509 3059 1807 3114 rebantur.
1825 3056 2033 3113 Missus

389 3152 447 3206 in
501 3151 608 3205 hos
642 3149 861 3207 Pothus
890 3155 1171 3225 Argyrus,
1207 3149 1508 3222 patricius,
1542 3153 1782 3204 onustos
1816 3146 2030 3219 praeda,

391 3255 578 3311 eoqnc
607 3238 976 3310 impeditiore
1014 3241 1249 3313 agmine
1292 3243 1519 3305 euntes,
1553 3237 1747 3292 subito
1795 3237 2029 3306 invasit,

2142 646 2371 712 captus,
2404 659 2634 713 penam
2676 643 2864 714 capite
2907 645 3176 714 persolvit
3205 646 3340 718 (78).
3374 649 3662 707 Caeterum
3693 667 3783 707 ea-

2138 730 2269 785 dem
2294 730 2497 803 religio
2529 732 2751 789 Russoe
2780 733 3104 789 incesserat
3128 752 3140 802 ;
3168 736 3382 806 quibus
3405 737 3544 795 olim
3573 757 3607 795 a
3637 742 3790 796 Basi-

2139 817 2217 873 lio
2264 820 2595 891 Macedone,
2626 838 2729 878 avo
2763 821 2843 894 [L.
2894 823 3039 897 XXI]
3081 825 3474 895 Constantini,
3511 829 3624 885 icto
3677 831 3789 885 foe-

2139 909 2276 964 dere
2319 910 2513 966 aditus
2552 912 2625 967 ad
2670 929 2866 969 sacros
2908 912 3118 981 fontes,
3167 917 3383 986 praesul
3439 919 3513 973 ab
3568 920 3788 991 ignatio

2138 998 2491 1069 patriarcha,
2531 1000 2704 1056 datus
2751 1002 2938 1057 fuerat
2976 1004 3112 1075 (79).
3163 1004 3326 1076 Elge,
3383 1022 3557 1077 quam
3600 1009 3785 1064 Graeci

2138 1087 2406 1142 nonnulli
2432 1088 2706 1145 Helenam
2738 1096 2964 1159 vocant,
2992 1093 3241 1165 Ingoris,
3274 1094 3459 1151 hostis
3492 1099 3787 1167 quondam

2136 1173 2529 1247 imperatoris,
2571 1184 2703 1250 post
2757 1180 2929 1235 amici
2981 1187 3037 1236 et
3085 1182 3251 1251 socii,
3308 1185 3507 1253 vidua,
3570 1186 3789 1259 stipata

2138 1265 2500 1337 principibus
2537 1268 2752 1339 gentis,
2784 1269 3143 1341 Byzantium,
3194 1277 3260 1328 ut
3312 1273 3372 1329 in
3426 1278 3787 1333 consortium

2138 1370 2439 1411 sacrorum
2491 1358 2867 1430 reciperetur,
2917 1362 3181 1417 accessit.
3217 1362 3535 1434 Splendide
3575 1383 3609 1420 a
3638 1366 3788 1423 Con-

2136 1444 2391 1500 stantino
2413 1453 2670 1517 excepta,
2693 1454 2750 1504 et
2772 1449 3116 1507 muneribus
3139 1457 3310 1508 aucta
3339 1456 3430 1509 est
3447 1453 3559 1527 (80)
3585 1474 3599 1523 ;
3626 1456 3791 1512 addit

2136 1532 2501 1591 Theodosius
2529 1535 2875 1605 Kioviensie,
2903 1538 3316 1611 imperatorem
3347 1542 3577 1599 feminae
3600 1546 3788 1603 forma

2136 1621 2436 1679 excellenti
2482 1626 2856 1683 matrimonio
2886 1628 3061 1702 jungi
3112 1630 3386 1702 voluisse,
3432 1634 3528 1689 sed
3578 1635 3787 1694 tulisse

2136 1728 2485 1784 responsum
2515 1730 2529 1770 :
2554 1731 2671 1772 non
2702 1732 2872 1787 posse
2903 1735 2965 1774 se
2996 1736 3235 1777 uxorem
3258 1722 3385 1793 ejus
3413 1739 3562 1795 esse,
3589 1726 3689 1796 qui
3721 1743 3784 1783 se

2137 1799 2291 1856 inter
2328 1801 2600 1859 lustralia
2633 1822 2796 1862 sacra
2835 1806 2893 1863 in
2941 1807 3121 1865 ﬁliam
3169 1810 3503 1883 adoptasset
3547 1814 3681 1886 (81).
3722 1821 3780 1873 Is

2137 1905 2340 1946 rumor
2386 1907 2589 1949 eorum
2643 1898 2970 1966 temporum
3012 1897 3141 1967 fuit,
3183 1899 3276 1954 cui
3316 1900 3491 1957 fidem
3550 1904 3783 1970 adimit,

2141 1981 2294 2051 quod
2328 1980 2387 2034 in
2411 1980 2554 2038 vivis
2575 1987 2730 2039 esset
2758 1983 2974 2041 Helena
3003 1991 3286 2057 Augusta,
3322 1994 3379 2045 et
3408 1990 3788 2049 abhorrerent

2140 2086 2175 2126 a
2220 2068 2542 2141 peregrinis
2572 2074 2883 2130 connubiis
2915 2076 3314 2149 imperatores,
3364 2086 3429 2136 ut
3477 2081 3602 2153 ipse
3635 2084 3786 2139 Con-

2139 2160 2458 2228 stantinus,
2491 2159 2642 2218 inter
2660 2167 2853 2219 cetera
2882 2165 2953 2220 de
2993 2168 3281 2223 servanda
3313 2170 3616 2240 majestate
3648 2189 3790 2242 prae-

2140 2252 2327 2321 cepta,
2358 2248 2566 2322 ﬁlium,
2600 2269 2671 2308 ne
2701 2251 2803 2309 illa
2834 2271 3094 2326 unquam
3126 2263 3436 2329 expeteret,
3470 2261 3789 2320 admonue-

2140 2337 2215 2393 rit
2250 2339 2384 2409 (82).
2432 2340 2590 2396 Missi
2632 2357 2763 2398 cum
2796 2344 2937 2414 Elga
2975 2346 3328 2419 sacerdotes,
3360 2349 3462 2419 qui
3503 2350 3788 2408 deformia

2140 2426 2448 2485 simulacra
2495 2429 2839 2503 cultumque
2888 2434 3124 2504 penitus
3169 2435 3487 2493 obolerent.
3543 2444 3633 2495 An
3684 2441 3784 2498 diu

2138 2534 2280 2587 gens
2312 2520 2618 2590 promissis
2650 2523 2899 2592 steterit,
2939 2524 3250 2581 incertum.
3285 2528 3567 2584 Traditur
3608 2531 3789 2597 fama,

2139 2606 2367 2662 venisse
2396 2607 2702 2679 interjecto
2731 2614 2991 2681 tempore
3016 2613 3086 2667 ad
3120 2613 3390 2671 Ottonem
3426 2618 3567 2689 imp.
3611 2635 3643 2674 a
3672 2618 3794 2675 llu-

2139 2695 2247 2767 gis,
2281 2712 2384 2752 seu
2425 2697 2647 2767 Russis,
2680 2704 2958 2768 oratores,
2990 2701 3090 2771 qui
3128 2703 3406 2759 doctrinas
3449 2707 3790 2763 Christiana

2141 2784 2483 2856 interpretes
2524 2787 2738 2858 populo
2770 2795 3104 2859 expeterent
3136 2808 3149 2846 :
3185 2792 3350 2847 facile
3384 2796 3654 2851 annuisse
3685 2799 3790 2852 Ot-

2141 2878 2362 2944 tonem,
2410 2880 2467 2931 et
2516 2876 2889 2933 Adelbertum
2962 2880 3226 2952 aliosque
3296 2884 3617 2954 ablegasse,
3686 2888 3788 2942 sed

2141 2980 2346 3019 omnes
2368 2981 2401 3020 a
2431 2966 2655 3036 perfida
2683 2971 2853 3039 gente
2885 2974 2989 3024 aut
3027 2986 3231 3039 caesos,
3265 2977 3365 3026 aut
3396 2974 3550 3028 omni
3579 2981 3785 3032 contu-

2143 3053 2316 3109 melia
2373 3055 2611 3111 affectos
2660 3072 2809 3125 esse,
2860 3059 3053 3117 solum
3094 3061 3466 3118 Adelbertum
3508 3066 3785 3124 evasisse.

2142 3145 2297 3210 Quae,
2350 3144 2487 3199 licet
2523 3162 2557 3200 a
2602 3144 2924 3219 Reginone,
2972 3160 3208 3207 auctore
3265 3169 3381 3209 non
3432 3152 3789 3229 indiligenti,

2143 3237 2465 3289 memorata
2509 3234 2645 3306 (83),
2697 3236 2888 3293 aliena
2937 3257 2971 3295 a
3015 3256 3172 3309 vero,
3206 3247 3309 3297 aut
3349 3243 3625 3301 confusas
3662 3262 3795 3303 esse

378 3298 645 3401 captivos
685 3298 742 3385 et
768 3332 971 3401 praedae
1004 3298 1230 3403 partem
1263 3328 1480 3398 recepit
1506 3298 1653 3398 ’(77).
1686 3324 1865 3381 Paulo
1898 3298 2032 3382 ante
2063 3298 2106 3365 (ἶ
2144 3320 2409 3378 nationes
2459 3298 2694 3380 dissitas
2751 3342 2818 3382 ac
2877 3327 3135 3385 diversas
3159 3298 3435 3387 arbitror.
3483 3298 3792 3391 Cui-Venia;

374 3421 496 3474 duo
530 3434 599 3474 ex
633 3416 989 3489 primoribus
1016 3420 1229 3493 gentis,
1260 3418 1361 3490 qui
1393 3432 1526 3472 cum
1553 3417 1725 3471 turba
1750 3431 2032 3472 convena-

374 3524 533 3573 rum,
568 3512 671 3561 sut
712 3507 769 3562 in
814 3508 1057 3580 Graecia,
1100 3514 1203 3565 aut
1233 3508 1293 3564 in
1326 3504 1618 3577 Bulgaria,
1652 3506 1797 3560 forte
1828 3521 2033 3561 conse-

372 3598 609 3663 derant,
648 3612 791 3667 pace
840 3597 901 3653 in
954 3602 1302 3671 perpetuum
1353 3611 1485 3651 cum
1534 3594 1885 3665 imperatore
1934 3593 2033 3649 ﬁr-

372 3695 558 3756 mata,
592 3699 761 3742 sacra
797 3687 1148 3755 Christiana,
1182 3691 1364 3757 utque
1392 3683 1619 3740 lustrali
1656 3700 1803 3755 aqua
1833 3684 2034 3755 expia-

372 3783 602 3848 rentur,
635 3776 1030 3851 postularunt.
1084 3774 1286 3849 Gylas,
1337 3772 1654 3844 Hierothei,
1701 3788 1877 3844 quem
1928 3790 2035 3845 pa-

372 3868 638 3924 triarcha
668 3883 968 3924 sacrorum
996 3882 1102 3939 per
1131 3865 1402 3920 Turciam
1434 3862 1752 3918 antistitem
1787 3862 2035 3931 dixerat,

376 3958 685 4031 praeceptis
725 3956 1056 4024 institutus,
1088 3954 1151 4011 in
1196 3953 1310 4009 ﬂde
1354 3951 1699 4025 permansit,
1735 3952 1949 4023 pietate
1980 3957 2038 4007 et

375 4046 590 4103 ceteris
609 4046 891 4101 virtutum
917 4042 1276 4101 ornamentis
1304 4041 1557 4112 insignis
1583 4057 1596 4096 :
1632 4041 1775 4097 alter
1804 4056 1934 4096 mox
1965 4042 2036 4097 ad

2144 3426 2261 3467 non
2293 3428 2327 3466 a
2357 3410 2571 3468 Graecis
2602 3414 2797 3485 potius
2827 3433 3003 3488 quam
3039 3435 3072 3474 a
3103 3418 3349 3489 Latinis,
3394 3420 3567 3479 Russi
3597 3440 3789 3479 sacer-

2141 3501 2307 3555 dotes
2358 3500 2795 3571 postulassent?
2842 3510 2944 3561 aut
2981 3508 3112 3578 quis
3156 3513 3419 3566 veterum
3478 3517 3786 3570 auctorum

2141 3590 2275 3646 illos
2308 3588 2501 3660 Rugos
2529 3592 2843 3663 appellavit
2870 3596 2898 3650 ?
2926 3596 3043 3652 Hos
3074 3595 3193 3653 loca
3227 3597 3381 3655 inter
3420 3600 3700 3659 Viadrum
3734 3609 3793 3660 et

2141 3678 2431 3733 Vistulam
2465 3679 2693 3749 ﬂuvios,
2720 3684 2790 3739 ad
2822 3684 3021 3741 sinum
3052 3687 3353 3743 Codanum
3386 3696 3672 3760 porrecta,
3701 3710 3793 3749 co-

2143 3768 2323 3824 luisse
2345 3769 2677 3840 accepimus
2707 3790 2719 3827 :
2756 3775 2827 3829 ad
2864 3774 2966 3831 bos
2987 3775 3358 3848 Adalbertus,
3383 3778 3433 3833 is
3464 3781 3564 3851 qui
3594 3786 3796 3853 postea

2144 3856 2639 3929 Magdeburgicus
2679 3861 2890 3931 praesul
2922 3864 3053 3934 fuit,
3087 3869 3151 3921 ut
3182 3866 3657 3937 superstitionem
3690 3872 3797 3926 fne-

2146 3950 2281 4005 dam
2314 3957 2368 4006 et
2414 3943 2691 4005 infamem
2724 3951 3134 4025 exstingueret,
3167 3955 3431 4011 accessit.
3470 3955 3672 4028 Neque
3709 3975 3800 4015 me

2148 4041 2522 4113 scriptorum,
2570 4039 2667 4109 qui
2711 4041 2897 4096 secuti
2950 4044 3267 4115 Regionem
3308 4048 3448 4101 sunt
3504 4045 3641 4120 (81),
3694 4066 3799 4105 nec

375 4140 592 4193 avitam
626 4137 1104 4209 superstitionem
1134 4133 1416 4205 relapsus,
1451 4148 1585 4187 cum
1619 4132 2041 4204 expeditionem
2145 4129 2393 4187 Joannis
2443 4127 2788 4197 Mabillonii,
2832 4130 3027 4203 magni
3057 4132 3166 4189 viri
3209 4133 3523 4206 imprimis,
3574 4136 3799 4195 Russus

1974 4230 2209 4287 NOTAE.

448 4336 569 4406 (73)
600 4333 912 4390 Avaritiam
950 4331 1152 4388 Bardee
1184 4330 1413 4406 Phocea,
1455 4330 1727 4406 supremi
1747 4331 2034 4386 exercitus

373 4404 571 4471 ducis,
643 4408 705 4460 in
780 4406 1054 4477 ultimam
1124 4404 1442 4477 perniciem
1511 4404 2030 4477 remuGraecorum

377 4479 651 4550 traxisse,
671 4477 968 4550 Cedrenus
993 4476 1093 4550 ait,
1114 4472 1171 4548 p.
1201 4476 1305 4531 637
1332 4493 1345 4542 ;
1370 4477 1587 4550 dequo
1609 4472 1787 4550 silent
1803 4474 2030 4550 Contin.

380 4549 775 4621 Theophanis,
839 4544 1209 4620 Logothet'es,
1273 4544 1507 4619 caeteri;
1545 4544 2031 4621 qui_Nicephoro

385 4618 774 4689 triumphalia
804 4618 1148 4676 ornamenta
1169 4618 1203 4677 α
1231 4618 1612 4677 Constantino
1645 4618 1877 4672 decreta
1905 4632 2034 4673 esse

382 4688 774 4769 tradiderunt.
826 4692 1162 4769 Cedremus,
1232 4691 1422 4769 ipsum
1484 4688 2033 4769 imperatorem_de

375 4765 703 4841 Chabdano
748 4771 805 4841 et
833 4763 1079 4836 captivis
1115 4760 1420 4841 Seracenie
1451 4760 1819 4841 tiliumphum
1851 4760 2036 4841 egisse

375 4838 581 4904 refert,
623 4836 778 4906 quod
827 4830 1051 4901 verum,
1084 4840 1142 4890 et
1180 4836 1239 4890 in
1272 4850 1445 4906 opere
1476 4837 1554 4891 Dc
1591 4830 1907 4906 cc'erimcnq’
1935 4830 2034 4885 ubi

378 4903 570 4979 supra
601 4903 899 4979 proditum
932 4914 1015 4962 est
1049 4903 1363 4964 memoriae.
1396 4907 1559 4963 Conf.
1590 4903 1853 4975 Theopb.
1884 4906 2033 4959 Con-

376 4978 488 5035 tin.
526 4996 585 5035 ι).
604 4978 743 5034 288.

455 4996 1160 5130 δῖίέξῗιὶίυητδςορδ.
1208 5067 1264 5130 ρ,
1301 5051 1451 5130 ⁸284.
1503 5050 1686 5130 Etiam
1728 5045 1921 5130 Gallos
1961 5045 2034 5100 ad

378 5122 843 5201 Constantinum
861 5120 1084 5201 legatos
1112 5126 1171 5177 et
1193 5120 1423 5201 obsides
1455 5120 1888 5201 misisseuidem
1913 5133 2039 5188 pro-

378 5196 486 5263 dit,
521 5212 579 5265 p.
626 5194 751 5251 183.
785 5194 867 5266 Ab
899 5189 1072 5248 Italia
1114 5208 1268 5266 rege.
1302 5192 1675 5266 Berengario,
1709 5189 2036 5266 Luitpran-

380 5268 493 5322 dus
523 5263 889 5331 Ticinencie,
920 5269 1137 5333 orator,
1164 5263 1711 5337 Constantinopolin
1743 5263 2038 5334 profectus

381 5345 489 5393 est.
523 5341 592 5393 V.
618 5338 726 5393 lib.
759 5352 837 5393 v1.
870 5351 920 5392 c.
956 5338 1007 5391 1.

381 5340 1117 5413 est.V.lib.v1,c.1.u_
1180 5406 1212 5413 _
1267 5408 1283 5413 _
1628 5406 1721 5413 ,η
1812 5405 1844 5413 __
1933 5403 1967 5413 __

448 5414 563 5482 (75)
595 5414 874 5482 Zonaras,
910 5424 969 5479 p.
1016 5406 1140 5463 195.
1173 5406 1489 5476 Cedrenus,
1531 5425 1587 5480 p.
1620 5406 1746 5461 640.
1806 5405 2037 5462 Contin.

375 5483 639 5562 T132913";
678 5481 929 5562 9.297;.
1070 5548 1084 5562 .
1240 5550 1251 5562 .
1332 5557 1364 5562 _
1628 5552 1645 5562 .
1738 5549 1751 5562 .

437 5548 555 5630 (76)
588 5548 831 5630 Conti_n.
864 5548 1208 5630 Theophan.
1236 5550 1302 5630 in
1330 5549 1877 5630 Romanoguniore,
1902 5562 2039 5621 pag.

375 5621 484 5688 296.
518 5621 727 5703 Lupus
753 5621 1143 5703 Protoepatha
1171 5622 1232 5678 in
1263 5624 1435 5703 Gron.
1470 5640 1565 5703 an.
1607 5623 1688 5703 C_h
1707 5622 1806 5677 961
1826 5664 1840 5678 .

432 5704 541 5771 (77)
579 5692 830 5761 Simeon
865 5692 1275 5771 Log'ot‘heta‘p1
1307 5696 1434 5771 496,
1468 5696 1682 5754 ceteri.

432 5705 520 5763 (77
579 5705 830 5761 Simeon
866 5705 1186 5771 Logotneta
1215 5711 1272 5767 p.
1307 5705 1434 5763 496,
1468 5705 1682 5754 ceteri.

423 5705 541 5853 (78i
594 5776 824 5834 Zonar.
886 5784 946 5840 p.
1001 5765 1125 5822 194.
1173 5766 1492 5838 Bologudcn
1547 5770 1736 5824 vocat.
1793 5764 2038 5821 Cedren.

2146 4343 2279 4416 1298-
2315 4326 2572 4416 §3§zﬂbi
2614 4344 2720 4416 PF".
2748 4327 2981 4416 ,δοξηηρ
3014 4332 3373 4416 tesseram
3418 4349 3557 4416 sese
3595 4333 3792 4416 leaen-

2142 4403 2279 4456 dum
2323 4413 2336 4454 :
2379 4401 2593 4457 Ottone.
2644 4401 2802 4456 Adde
2844 4402 3132 4459 Inohoferi
3173 4406 3372 4460 Histor.
3408 4401 3603 4460 Εσιῐιεε.
3648 4401 3794 4460 Hun-

2066 4446 2110 4511 D
2141 4446 2554 4543 ξιῖῖεἱηζᾷἐέξ

2214 4544 2329 4616 (79)
2370 4541 2738 4616 constantia.
2806 4544 3243 4616 Porphyrogen.
3305 4547 3364 4601 in
3414 4546 3549 4602 Vita
3591 4547 3794 4603 Basilii

2142 4614 2357 4669 Maced.
2398 4614 2521 4668 211.
2554 4614 2757 4690 Zonar.
2784 4632 2917 4688 pag.
2960 4614 3080 4673 173.
3111 4614 3528 4690 Fragmentum
3553 4620 3625 4673 de
3656 4624 3796 4675 Rus-

2143 4700 2341 4741 sorum
2409 4687 2808 4753 conversione,
2851 4687 2886 4742 a
2923 4687 3320 4745 Bandurio'in
3372 4690 3677 4746 Animadv.
3722 4695 3795 4747 ad

2141 4758 2510 4832 constantia.
2551 4757 2625 4812 De
2662 4758 2873 4813 admin.
2914 4762 3047 4830 imp.
3094 4778 3150 4832 p.
3186 4761 3290 4817 112
3320 4762 3563 4818 editum.
3613 4762 3794 4818 Etiam

2143 4827 2422 4884 Michaele
2467 4830 2811 4900 imperante,
2845 4827 3027 4887 sacris
3077 4827 3544 4891 Christianorum
3584 4835 3798 4890 initiati

2144 4900 2617 4977 suntinonnulli.
2662 4901 2890 4977 Contin.
2942 4902 3245 4977 Constant.
3300 4906 3402 4962 lib.
3447 4922 3521 4975 ιν,
3565 4922 3622 4977 p.
3678 4907 3798 4976 120,

2145 4970 2533 5050 quoghptius
2560 4974 2801 5050 reapicit
2828 4972 2888 5027 in
2920 4970 3516 5050 epistolaencyclica,
3547 4970 3601 5046 ῥ.
3640 4978 3724 5031 16.

2238 5043 2331 5116 80)
2362 5044 2534 5120 Q_uod_
2557 5043 2684 5114 ipse
2710 5043 3024 5120 memoria:
3056 5043 3327 5120 prodidit'
3354 5050 3395 5106 l.
3427 5043 3506 5105 ιι(
3534 5043 3606 5105 De
3634 5050 3797 5106 caeri-

2146 5131 2294 5171 mon.
2326 5116 2472 5169 aulae
2503 5116 2735 5188 Biyzant.
2770 5133 2827 5188 p.
2860 5116 2984 5173 343.

2218 5187 2331 5257 (81)
2370 5189 2479 5241 An.
2527 5187 2654 5256 955,
2699 5204 2754 5256 p.
2804 5188 2893 5249 96.
2935 5191 3133 5246 Obiter
3170 5192 3459 5248 notandus
3498 5197 3588 5249 est
3630 5192 3796 5248 Orbi-

2150 5274 2263 5335 nus
2323 5258 2668 5330 Regnemus,
2700 5260 2801 5335 qui
2856 5261 2916 5315 in
2974 5280 3149 5333 regno
3206 5265 3424 5320 Slavor.
3467 5281 3524 5335 p.
3570 5265 3641 5319 92
3681 5280 3797 5335 sq.,

2146 5330 2374 5406 Elgam,
2413 5345 2595 5406 quam
2642 5335 2700 5385 et
2739 5330 2967 5403 Olgam,
3003 5330 3222 5406 Regina
3262 5330 3567 5402 Helenam,
3610 5330 3801 5403 vocat,

2146 5402 2374 5478 Joanne
2410 5402 2653 5478 Zimisce
2706 5402 2989 5478 regnante
3028 5402 3287 5478 Bizantii
3327 5409 3399 5463 ad
3440 5423 3606 5463 sacra
3634 5402 3803 5463 Chri4

2149 5474 2339 5531 stiana
2371 5474 2687 5529 accessisse
2716 5476 2939 5531 scribit.

2149 5545 2441 5673 B(8‘21)De
2496 5546 2815 5602 administr.
2871 5547 3009 5621 imp.
3070 5564 3197 5622 cap.
3262 5551 3349 5620 13,
3410 5567 3466 5621 p.
3526 5550 3617 5615 65,
3660 5548 3800 5608 edit.

2197 5634 2269 5673 an
2320 5658 2333 5670 .

2197 5634 2333 5673 anu.

2221 5688 2335 5762 (83)
2369 5688 2454 5762 4d
2482 5704 2588 5762 an._
2609 5689 2737 5761 959,
2769 5708 2828 5761 p.
2857 5692 2949 5762 54,
2982 5690 3120 5747 edit.
3152 5693 3393 5752 Schard.

2219 5759 2337 5833 (84)
2366 5759 2728 5833 Compilator
2756 5759 2971 5820 Chron.
3010 5762 3283 5835 Magdeb.
