4184 6456
502 358 583 417 69
1140 361 1255 421 DE
1294 363 1498 424 VITA
1538 363 1633 423 ET
1678 360 1929 427 REBUS
1971 361 2241 425 GESTIS
2284 361 2813 425 CONSTANTINI
2855 361 3358 429 POBPRYROG.
3892 366 3968 425 70

537 497 796 549 mentum
828 492 1055 564 inerat,
1082 511 1155 552 ne
1197 494 1401 553 statim
1456 496 1698 554 saeviret.
1735 497 1867 553 Mox
1897 496 1969 553 ad
2003 513 2204 553 mona-
2232 501 2284 568 Α
2316 498 2569 564 vectum,
2601 496 2663 550 in
2694 494 2856 551 Circo
2906 494 3122 566 posuit,
3174 502 3526 566 manentque
3567 496 3698 568 ejus
3727 497 3812 553 rei
3842 513 3967 554 mo-

546 585 674 639 chos
704 583 1013 653 profectus
1065 588 1180 653 est,
1211 585 1313 656 qui
1370 584 1433 641 in
1482 586 1724 658 Olympo
1767 591 1965 642 monte
2005 584 2208 658 procul
2318 590 2617 653 numenta,
2643 584 2876 657 sculpta
2897 584 3076 654 saxis,
3104 588 3160 639 et
3185 601 3295 640 aere
3317 585 3508 655 prisco
3540 586 3633 658 (2).
3668 586 3862 642 Muros
3876 586 3969 641 Ni-

538 674 779 744 negotiis
806 674 995 729 vitam
1026 676 1303 745 agebant,
1338 678 1504 731 tanta
1544 692 1748 731 omnes
1781 676 2010 747 pietatis
2030 680 2087 732 et
2118 692 2209 731 re-

540 763 776 831 ligionis
809 764 992 830 fama,
1039 772 1103 818 ut
1132 767 1439 821 Romanus
1480 765 1814 836 Lecapenus
1846 782 2045 821 annua
2065 765 2209 836 ipsis

537 854 607 907 sti
620 852 837 922 pendis.
858 853 1208 924 persolverit
1238 854 1370 925 (95).
1414 854 1824 911 Percrebuerat
1854 871 2070 921 rumor,
2095 855 2211 911 im—

539 947 877 1013 peratorem
907 959 1044 998 cum
1091 942 1396 999 Theodoro
1445 943 1741 1016 Cyziceno,
1784 961 1898 1017 quo
1934 949 2207 1018 prestextu

544 1032 898 1101 Polyeuctus
933 1031 1295 1103 patriarcha,
1326 1032 1551 1087 dudum
1584 1032 1977 1106 obingenium
1996 1038 2054 1090 et
2085 1051 2209 1089 mo-

543 1136 638 1175 res
678 1120 933 1188 invisus,
984 1119 1283 1176 tollendus
1313 1127 1487 1191 esset,
1520 1121 1873 1179 deliberasse
1904 1124 2037 1195 (96).
2067 1123 2209 1178 Inde

545 1210 895 1279 Byzantium
948 1225 1241 1275 reversus,
1309 1211 1721 1267 mortalitatem
1775 1212 2045 1283 explevit,
2106 1228 2206 1269 seu

548 1299 810 1369 corporis
829 1298 1205 1367 inﬁrmitate,
1231 1316 1357 1365 seu,
1382 1300 1537 1370 quod
1561 1300 1802 1371 plurimi
1832 1301 2210 1371 suspicaban-

554 1393 669 1457 tur,
716 1404 940 1444 veneno
994 1388 1205 1443 iterum
1262 1388 1502 1459 petitus.
1558 1388 1709 1444 Vixit
1758 1407 1944 1445 annos
1998 1406 2107 1456 LIV,
2141 1407 2209 1444 ex

556 1477 761 1549 quibus
804 1493 939 1532 mm
992 1494 1130 1532 cum
1180 1492 1380 1534 socero
1428 1478 1709 1547 Romano,
1768 1495 1840 1534 xv
1881 1477 2062 1546 solus,
2119 1495 2209 1535 re-

548 1567 748 1635 gnavit
778 1567 920 1636 (97).
954 1568 1206 1621 Senatus
1240 1567 1297 1620 in
1350 1567 1548 1622 funere
1596 1569 1882 1635 ornando,
1912 1576 1962 1623 et
1995 1566 2052 1621 in
2087 1584 2209 1622 me-

548 1658 731 1709 moria
780 1655 1150 1723 honoranda,
1200 1673 1478 1728 magnum
1526 1658 1786 1712 studium
1831 1657 1973 1725 fuit;
2008 1657 2208 1712 illatus

546 1749 748 1799 autem
772 1750 867 1799 est
887 1745 1183 1815 majorum
1206 1745 1476 1817 sepulcro
1502 1745 1563 1801 in
1580 1746 1801 1818 templo
1823 1745 2209 1817 SanctisApo-

544 1833 712 1887 stolis
742 1832 937 1888 dicato
971 1832 1101 1904 (98).
1130 1833 1390 1890 Fuerunt
1413 1834 1472 1889 in
1495 1849 1561 1890 eo
1590 1835 1872 1906 praeclara
1901 1834 2128 1891 virtutis
2154 1840 2209 1890 et

547 1922 787 1990 pietatis
840 1928 1208 1989 ornamenta,
1267 1923 1368 1979 Dei
1424 1928 1481 1979 et
1532 1940 1833 1980 sacrorum
1893 1925 2210 1981 reverentia

547 2028 787 2067 summa
808 2012 946 2083 (99).
983 2011 1167 2067 Multa
1195 2012 1423 2083 publice
1444 2029 1617 2085 opera
1644 2014 1877 2080 struxit,
1912 2017 1971 2071 in
1995 2015 2209 2086 quibus

544 2101 977 2173 Apostolorum
992 2102 1141 2157 sedes
1156 2118 1189 2156 a
1203 2101 1901 2172 fundamentisinchoata,
1919 2113 1971 2159 et
1986 2108 2209 2160 Sanctae

543 2190 774 2262 Sophia?
806 2190 1306 2262 augustissimum
1327 2192 1613 2264 templum
1637 2192 1949 2266 magniﬁce
1979 2193 2211 2249 instau-

548 2284 767 2345 ratum,
802 2285 1237 2336 memorantur.
1272 2281 1555 2337 Balneum
1596 2283 1656 2338 in
1688 2282 1929 2339 Marine
1959 2283 2210 2352 aedibus,

546 2372 756 2441 ingens
784 2386 958 2442 opus,
984 2386 1093 2426 nec
1117 2370 1364 2427 inferius
1395 2371 1699 2442 Romanis,
1732 2371 2029 2430 renovavit
2063 2388 2076 2428 :
2108 2388 2210 2428 se-

547 2466 788 2517 nectute
834 2460 1181 2532 morbisque
1229 2461 1510 2517 confectis
1541 2463 1747 2519 domos
1788 2462 2210 2535 amplissimas,

549 2550 648 2605 ubi
681 2548 921 2620 publico
954 2559 1190 2621 sumptu
1222 2549 1535 2620 alerentur,
1568 2553 1857 2609 concessit
1888 2569 1900 2607 :
1929 2551 2211 2624 palatium

548 2637 933 2712 ampliﬁcavit
963 2639 1041 2710 (1)
1068 2637 1421 2696 :obeliscum
1454 2645 1729 2707 veterem,
1754 2657 1823 2698 ex
1848 2642 1982 2714 ὣς)
1994 2647 2093 2714 pto
2110 2642 2211 2697 ad-

2239 1877 2289 1942 Β

2317 691 2522 743 caanos,
2547 673 2901 732 aSaracenis
2932 689 3183 743 eversos,
3219 672 3429 730 collata
3454 691 3522 729 ex
3554 675 3754 730 aerario
3788 692 3965 747 pecu-

2317 765 2434 833 nia,
2468 766 2670 820 refecit
2698 764 2798 835 (3).
2834 762 3127 834 Praecipua
3156 764 3282 833 ejus
3315 780 3454 819 cura
3482 764 3611 832 fuit,
3644 781 3715 819 ne
3741 768 3968 835 provin-

2315 854 2415 910 ciae
2447 854 2613 911 novis
2670 852 2943 909 oneribus
2992 853 3389 920 turbarentur,
3422 858 3586 909 tanta
3611 854 3865 923 justitia,
3901 858 3965 909 ut

2315 942 2627 1008 delatores,
2679 940 2916 1015 publico
2962 941 3137 996 exitio
3178 951 3455 1013 repertos,
3503 943 3647 997 urbe
3703 942 3965 1015 pelleret,

2314 1035 2476 1087 tanta
2507 1030 2738 1098 lenitas,
2775 1035 2839 1085 ut
2871 1029 3186 1087 novissima
3217 1030 3482 1099 exempla
3513 1031 3739 1086 meritis
3764 1048 3967 1103 parce-

2315 1126 2399 1175 ret
2430 1120 2528 1192 (4).
2555 1120 2802 1176 Caeteros
2843 1117 3293 1189 praeminentes
3324 1119 3536 1189 peritia
3566 1118 3759 1191 legum
3784 1120 3969 1191 splen-

2315 1207 2637 1263 didissimls
2653 1208 2998 1262 muneribus
3028 1206 3310 1276 admovit,
3341 1212 3496 1264 artes
3521 1208 3967 1274 militares,rem

2316 1297 2604 1361 navalem,
2637 1314 2703 1352 ac
2731 1296 3060 1353 triremium
3106 1295 3410 1365 fabricam,
3446 1314 3547 1369 per
3577 1299 3763 1354 otium
3798 1299 3968 1371 igno-

2310 1390 2451 1452 tam,
2514 1386 2824 1452 revocavit,
2880 1386 3206 1455 scriptaque
3255 1388 3383 1456 ejus
3428 1387 3721 1459 egregiam
3752 1387 3967 1443 horum

2312 1478 2662 1533 memoriam
2697 1478 2953 1546 tradunt,
2978 1475 3196 1547 quibus
3226 1479 3516 1546 exposuit,
3549 1482 3835 1549 quantum
3860 1478 3966 1532 mi-

2311 1565 2484 1621 litum
2518 1566 2578 1621 in
2638 1565 2842 1632 armis,
2897 1569 3133 1636 quanta:
3190 1565 3478 1621 sociorum
3536 1567 3709 1633 vires,
3749 1568 3963 1639 quibus

2313 1656 2538 1712 artibus
2560 1654 2817 1710 claustra
2848 1654 3080 1725 imperii
3127 1655 3345 1710 tuenda
3384 1659 3582 1711 essent
3614 1655 3709 1726 (5).
3750 1656 3964 1712 Docto-

2316 1761 2448 1799 rum
2484 1744 2792 1799 hominum
2825 1744 3031 1813 ingens
3062 1748 3233 1799 aetate
3280 1743 3381 1799 illa
3427 1750 3742 1816 proventus
3774 1746 3904 1811 fuit,
3936 1764 3968 1802 θ

2320 1834 2535 1906 quibus
2581 1833 2816 1889 Simeon
2879 1833 3326 1902 Metaphrastes,
3373 1834 3547 1903 jussu
3582 1836 3965 1902 Constantini,

2320 1928 2661 1980 sanctorum
2693 1923 2841 1978 vitas
2880 1922 3190 1993 descripsit
3234 1923 3331 1995 (3),
3384 1922 3658 1980 Leontius
3698 1926 3964 1998 Byzanti-

2320 2030 2431 2070 nus
2463 2012 2561 2085 (7),
2595 2016 2653 2068 et
2681 2011 2965 2068 Genesius
2995 2011 3093 2083 (8),
3126 2016 3183 2068 et
3228 2012 3565 2069 Theodorus
3610 2014 3970 2087 Daphnopa-

2320 2112 2404 2160 tes
2434 2104 2509 2174 (9)
2542 2117 2777 2158 suorum
2800 2105 3133 2173 temporum
3164 2101 3495 2171 historiam,
3515 2104 3745 2177 scriptis
3774 2105 3966 2175 libris,

2321 2192 2421 2264 qui
2443 2193 2659 2265 partim
2691 2196 2919 2248 aetatem
2942 2190 3150 2257 tulere,
3184 2191 3392 2263 partim
3417 2192 3622 2251 amissi
3644 2202 3967 2263 sunt,com-

2319 2286 2663 2354 posuerunt.
2698 2284 2980 2337 Caeterum
3013 2297 3217 2354 graves
3264 2282 3502 2353 quidam
3537 2289 3595 2340 et
3636 2284 3792 2340 docti
3821 2283 3967 2340 scri-

2318 2376 2518 2444 ptores
2564 2370 3011 2426 Constantinum
3062 2370 3312 2441 savitiaa,
3365 2372 3658 2429 ebrietatis
3707 2377 3764 2429 et
3819 2374 3973 2431 circa

2321 2477 2412 2516 res
2444 2460 2704 2532 publicas
2744 2460 3021 2515 socordiae
3072 2465 3331 2532 arguunt
3359 2462 3475 2533 (10)
3524 2478 3535 2518 :
3571 2480 3699 2536 quae
3727 2463 3777 2519 si
3801 2464 3973 2535 justa

2319 2549 2695 2622 reprehensio
2725 2553 2833 2618 est,
2883 2548 3158 2605 videntur
3189 2566 3257 2606 ea
3306 2551 3445 2607 vitia
3476 2556 3577 2608 aut
3605 2570 3730 2610 raro
3764 2570 3970 2624 proru—

2321 2638 2499 2711 pisse,
2530 2641 2631 2694 aut
2651 2637 2973 2709 majoribus
2999 2638 3314 2695 virtutibus
3344 2654 3475 2695 esse
3505 2646 3895 2713 compensate.

2149 2738 2380 2795 NOT/E.

636 2835 744 2909 (95)
771 2834 1000 2891 Contin.
1029 2835 1295 2909 Theoph.
1329 2836 1388 2892 in
1422 2838 1706 2906 Romano,

567 2905 756 3031 30(396)
782 2911 1026 2962 Zonaras
1084 2926 1141 2979 p.
1193 2905 1328 2976 '196,
1386 2905 1698 2967 Gedrenus
1734 2910 1862 2979 641,
1896 2910 2101 2983 Glycas
2146 2925 2203 2982 p.

634 3049 745 3118 (97)
774 3047 867 3125 Sic
924 3049 1175 3125 Theoph.
1208 3052 1441 3109 Contin.
1489 3070 1545 3125 p.
1604 3053 1731 3109 292.
1783 3052 1937 3110 Obiit
1982 3053 2203 3109 mensis

556 3120 897 3194 Sovembris
929 3121 1021 3178 die
1060 3120 1147 3194 1⁷5,
1198 3125 1398 3181 indict.
1452 3120 1538 3191 ni,
1578 3140 1731 3181 anno
1771 3142 1804 3180 a
1830 3142 1910 3181 m.
1952 3141 2002 3181 c.
2035 3126 2197 3180 6469.

553 3192 788 3267 Simeon
822 3192 1144 3267 Lugotheta
1173 3212 1360 3252 annos
1390 3196 1515 3267 ejus
1543 3198 1746 3252 eodem
1780 3199 1950 3253 modo
1991 3213 2199 3253 nume-

548 3269 655 3329 rat,
691 3266 793 3338 sed
852 3266 1057 3321 indict.
1108 3284 1186 3336 v1,
1245 3284 1340 3323 an.
1395 3266 1556 3337 6456,
1591 3269 1914 3325 decessisse
1957 3268 2197 3338 scribit;

544 3337 637 3409 die
666 3338 701 3389 9
732 3336 1102 3403 Novembris,
1135 3339 1337 3394 indict.
1386 3356 1471 3403 ιιι,
1521 3357 1617 3397 an.
1667 3341 1831 3409 6468,
1881 3336 2196 3396 Cedrenus.

541 3407 745 3479 Lupus
779 3410 1167 3481 Protospatha
1188 3414 1373 3468 :Ann.
1396 3412 1523 3478 960,
1556 3411 1750 3467 indict.
1784 3407 1868 3481 11—1,
1901 3412 2199 3468 obiitCon-

538 3483 835 3554 {tantinus
872 3482 1087 3554 imper.
1136 3484 1535 3554 quirregnavit
1580 3500 1673 3538 an.
1722 3484 1811 3549 47,
1852 3490 1907 3539 et
1952 3482 2201 3539 surrexit

544 3552 825 3627 Romanus
854 3552 1004 3619 ﬁlius
1047 3552 1184 3627 eius.
1236 3553 1330 3627 Sic
1378 3556 1555 3627 etiam
1587 3558 1933 3627 Anonymus
1980 3555 2200 3610 Beren-

543 3624 651 3689 sis,
684 3622 762 3677 ad
798 3639 997 3697 iquem
1048 3624 1171 3680 haec
1218 3626 1455 3682 disserit
1483 3622 1779 3682 Camillus'
1806 3627 2146 3697 Peregrinus
2184 3642 2197 3680 :

545 3698 745 3749 Noster
776 3696 1089 3769 Cedrenum
1129 3699 1400 3769 sequitur,
1455 3701 1553 3769 qui
1604 3700 2018 3754 coronationem
2062 3698 2201 3753 Con-

544 3766 803 3841 stantini
832 3766 1306 3841 gtate_septehnis
1329 3766 1542 3841 factum
1582 3770 1835 3840 perhibet
1868 3774 1985 3841 post
2010 3771 2204 3841 patrui

544 3837 885 3905 Alexandri,
906 3837 1111 3894 nedum
1152 3850 1269 3911 post
1297 3837 1471 3911 patris
1492 3837 1685 3896 Leonis
1712 3837 1943 3910 obitum,
1978 3837 2102 3897 eam
2129 3840 2203 3896 ad

545 3926 763 3983 anitum
792 3911 997 3983 retulit
1027 3910 1155 3979 913,
1186 3910 1403 3983 sibique
1444 3928 1593 3967 nunc
1638 3924 1895 3968 constans
1923 3922 2203 3968 mortuum

550 3981 711 4035 illum
765 3980 905 4035 dicit
959 3982 1085 4050 960,
1146 3980 1397 4040 inchoato
1445 4000 1479 4039 a
1534 3985 1839 4050 Septembri
1895 3983 2203 4040 communis

550 4001 711 4035 mum
765 4001 905 4035 arcu
959 4001 1085 4050 νου,
1146 4001 1397 4040 ιηεηοαιο
1445 4001 1479 4039 a
1534 4001 1603 4041 ee
1641 4001 1838 4041 remora
1895 4001 2203 4040 communis

544 4055 686 4106 anni
732 4053 845 4106 959
878 4054 983 4124 (sic
1010 4057 1178 4109 etiam
1233 4055 1526 4111 dicendum
1574 4001 1639 4111 εἰῙέ
1695 4059 2043 4113 coro/latione
2087 4057 2203 4125 ejus

542 4140 697 4199 antro
736 4125 894 4193 913).
931 4125 1140 4196 Quippe
1169 4126 1306 4182 obiit
1338 4127 1753 4196 Constantinus,
1781 4133 1841 4183 ut
1872 4130 1987 4199 ipse
2016 4134 2201 4193 notat,

544 4196 741 4269 indict.
786 4211 877 4269 ui,
910 4200 963 4250 et
999 4206 1061 4252 ut
1107 4202 1261 4253 notat
1313 4199 1613 4267 Cedrenus,
1660 4200 1749 4256 die
1787 4201 1821 4253 9
1859 4196 2200 4269 Novembris,

539 4268 767 4343 scilicet
796 4266 1079 4343 desinente
1106 4269 1226 4343 jam
1265 4268 1407 4343 dicto
1437 4266 1721 4325 communi
1766 4287 1911 4343 anno
1939 4271 2065 4339 959,
2099 4266 2202 4343 quo

541 4340 711 4398 plane
760 4339 983 4411 calculo
1040 4341 1128 4395 uti
1176 4341 1264 4396 hic
1318 4342 1507 4398 Noster
1553 4343 1704 4398 solet.
1752 4342 2027 4399 Cedrenus
2055 4339 2200 4411 vero,

540 4418 592 4465 et
621 4418 744 4481 post
776 4408 947 4464 illum
990 4412 1251 4477 Zonaras,
1300 4414 1520 4469 tradere
1557 4415 1831 4481 videnlur,
1880 4408 2202 4470 Constanti;

2318 2834 2566 2904 scriptor
2595 2848 2663 2889 ex
2706 2833 2903 2889 codice
2958 2831 3126 2888 ducis
3173 2832 3477 2889 Sabaudim
3521 2835 3581 2891 in
3617 2837 3737 2893 Act.
3766 2837 3864 2893 SS.
3898 2839 3971 2895 ad

2317 2912 2374 2962 d.
2408 2907 2443 2959 9
2472 2905 2607 2960 Maii
2628 2905 2829 2977 editus
2859 2922 2915 2977 pg.
2949 2904 3524 2977 448_sqq.,S.ietiam
3564 2906 3811 2963 Joannis
3843 2923 3968 2965 ma-

2319 2994 2427 3035 nus
2456 2977 2518 3032 in
2551 2975 2831 3048 palatium
2856 2975 2971 3032 ritu
2990 2975 3239 3033 solemni
3273 2976 3433 3034 illata
3463 2985 3571 3036 est.
3599 2981 3743 3036 Acta
3771 2980 3870 3037 SS.
3894 2981 3968 3037 ad

2316 3051 2373 3106 d.
2406 3050 2477 3104 29
2507 3048 2776 3106 Augusti.

2361 3091 2373 3103 .
2406 3064 2477 3104 29
2507 3064 2776 3104 Αυαιιειι.

2406 3064 2477 3104 29
2507 3064 2776 3120 augusti.

2388 3122 2467 3192 (1)
2498 3119 2760 3191 TheOph.
2793 3118 3025 3176 Contin.
3058 3135 3163 3192 pp.
3187 3120 3315 3191 280,
3339 3121 3463 3176 284.

2381 3191 2459 3265 (2)
2493 3194 2757 3266 Graecum
2790 3207 3026 3266 carmen
3083 3191 3305 3266 colosso
3343 3192 3693 3266 inscriptum
3730 3196 3964 3252 Bandu-

2308 3263 2870 3335 rius‘Antiquitatum
2905 3263 3048 3319 CSP.
3099 3280 3157 3336 p.
3215 3265 3307 3319 181
3363 3263 3566 3331 edidit,
3602 3267 3700 3324 ubi
3726 3284 3961 3324 versum

2309 3337 2635 3393 secundum
2668 3340 2724 3390 et
2755 3335 3210 3405 sequentem'ita
3238 3336 3484 3405 adduxit
3517 3353 3530 3393 :

2520 3440 2592 3447 —-—
2618 3439 2689 3447 ——
2716 3404 3085 3467 Κωςταντῖνος
3110 3409 3205 3477 νῦν
3234 3404 3500 3477 δεσπότης

2523 3478 2600 3534 Οὔ
2632 3478 2915 3551 Ῥωμανὸς
2944 3481 3072 3538 παῖς
3105 3474 3235 3549 δόξα
3262 3484 3364 3553 τῇς
3408 3474 3785 3553 σῂηπτφυχίας

2522 3548 2779 3623 Κρεῖττόν
2816 3548 3196 3623 νεουργεῖίτῆξ
3228 3548 3398 3605 πάλαι
3440 3548 3690 3623 θεωρίαὲξ

2380 3624 2476 3697 Ita
2502 3622 2855 3697 Bandurius.
2890 3622 2961 3677 At
2989 3622 3233 3697 Gyllius,
3259 3625 3359 3697 qui
3382 3624 3687 3697 deeodem
3711 3624 3771 3680 in
3791 3627 3960 3697 Τορο-

2308 3694 2551 3764 graphio
2580 3693 2828 3767 urbis,_l.
2852 3709 3001 3767 11,0.
3036 3696 3133 3767 12,
3154 3693 3355 3767 multis
3387 3695 3528 3767 agit,
3562 3696 3639 3750 ita
3670 3693 3903 3753 exhibet
3944 3714 3957 3752 :

2309 3760 2721 3839 Κωνσταντῖνος
2742 3760 3031 3839 δεσπότης
3063 3765 3090 3818 ὁ
3120 3765 3408 3839 Ῥωμανοῦ
3424 3760 3589 3830 iratis,
3624 3776 3682 3822 ut
3714 3768 3958 3823 dubium

2310 3838 2384 3895 sit
2414 3837 2933 3910 annoniobeliscus
2966 3853 2999 3892 a
3028 3837 3418 3894 Constantino
3450 3841 3663 3910 potius,
3708 3839 3959 3895 Romani

2305 3910 2556 3991 junioris
2600 3909 2719 3964 ﬁlio
2754 3909 3290 3981 Porphyrogenneti
3333 3909 3564 3981 nepete,
3597 3911 3659 3967 in
3690 3910 3855 3967 Circo
3886 3911 3963 3967 sit

2311 3985 2658 4133 “Egilia?!
2684 4048 2947 4133 angiq‘s.
2971 4066 3039 4133 es
3089 4050 3473 4133 inscriptipne
3502 4052 3961 4133 murisl‘iiczenis

2311 4120 2542 4180 refectis
2592 4121 2791 4177 addita
2816 4120 3059 4193 colligit,
3101 4120 3379 4179 notis—ad
3418 4125 3624 4193 Zonar,
3662 4125 3769 4192 97;
3800 4141 3961 4181 ever-

2310 4197 2533 4251 sionem
2592 4198 2789 4249 tamen
2866 4192 3385 4250 hanc'murorum
3456 4192 3664 4252 Leonis
3722 4197 3962 4253 Armeni

2312 4272 2479 4323 aetate
2505 4268 2624 4332 jam
2658 4264 2963 4331 accidisse,
2997 4265 3334 4321 arbitratur.

2379 4339 2460 4410 (4)
2492 4337 3226 4411 :IjbeophanisContinuat.
3261 4356 3316 4411 p.
3348 4338 3474 4393 278.

2386 4408 2462 4483 (5)
2492 4409 2810 4492 Yideantur
2849 4408 3084 4492 Ταςείοιιζ
3136 4408 3383 4492 liber_De
3432 4409 3671 4492 imperio
3709 4408 3960 4463 admini-

545 4477 1021 4557 numimperasse
1036 4490 1372 4557 cumrpatre,
1392 4489 1588 4557 patruo
1623 4490 1676 4557 et
1696 4477 1877 4541 matre
1907 4501 2081 4541 annos
2116 4486 2202 4554 13,
2237 4477 2286 4541 D
2314 4477 2562 4548 strando,
2595 4480 2785 4536 edicta
2822 4480 3001 4551 varia,
3053 4480 3123 4536 de
3171 4482 3386 4551 quibus
3443 4477 3556 4535 alio
3613 4480 3739 4536 loco
3788 4496 3963 4553 expo-

552 4553 835 4608 Nimirum
861 4569 1033 4624 usque
1062 4557 1138 4610 ad
1161 4553 1288 4625 919,
1322 4553 1585 4625 quoniam
1612 4556 1815 4613 vixisse
1845 4557 2013 4613 illum
2049 4553 2199 4611 asse;

552 4635 689 4701 runt
707 4641 891 4701 annos
920 4626 1011 4701 54,
1043 4644 1217 4701 annos
1246 4626 1453 4685 scilicet
1482 4631 1607 4684 vita:
1635 4634 1684 4685 et
1707 4631 1932 4701 imperii
1969 4630 2201 4701 confugi-3

548 4696 755 4752 dentes.
792 4696 934 4759 Quae
981 4699 1303 4756 doctissimi
1351 4700 1457 4756 viri
1507 4696 1799 4756 sententia
1838 4701 2025 4770 magis
2058 4696 2202 4754 mihi

546 4772 862 4844 probatur,
897 4785 1071 4840 quam
1103 4772 1203 4844 illa
1232 4772 1417 4843 Pagii,
1458 4772 1558 4844 qui
1601 4771 1874 4827 ultimum
1915 4772 2206 4844 Constan-

545 4841 671 4917 tini
691 4856 921 4895 annum
954 4857 1078 4896 aera:
1097 4841 1355 4917 vulgaris
1376 4841 1887 4917 nongentesimum
1921 4843 2207 4917 quinqua-

547 4913 1162 4986 gesimumoctavum,
1195 4913 1571 4971 indictione'm
1598 4916 1862 4986 primam,
1900 4913 2024 4973 esse
2065 4931 2203 4971 con-

548 4985 763 5060 tendit.
800 4983 863 5038 Si
893 4986 1050 5039 enim
1085 4991 1258 5043 natus
1305 4987 1430 5060 ipse
1458 4993 1547 5043 est
1575 4983 1726 5060 anno
1750 4988 1879 5058 905,
1911 4988 2208 5060 quinqua—

546 5056 827 5128 gesimus
857 5062 1099 5127 quartus
1147 5056 1349 5115 aetatis'
1380 5064 1533 5116 certe
1570 5059 1631 5115 in
1674 5056 1895 5115 annum
1925 5056 2207 5126 '959,_aut

545 5129 747 5199 potius
778 5128 909 5193 960,
942 5128 1264 5198 ineuntem,
1297 5133 1621 5187 secundum
1673 5132 1995 5187 Graecorum
2047 5146 2207 5187 com-

542 5206 783 5269 putum,
822 5199 1049 5268 incidit,
1082 5217 1217 5258 cum
1264 5203 1571 5259 Novembri
1620 5219 1821 5259 mense
1865 5203 2205 5259 decesserit.

541 5271 839 5327 Caeterum
875 5272 1217 5343 scriptores,
1249 5274 1693 5332 Constantinum
1726 5275 2004 5331 tredecim
2022 5289 2208 5329 annos

539 5360 680 5418 cum
712 5344 915 5400 Leone
946 5360 1246 5416 regnasse,
1302 5347 1742 5412 contendentes,
1781 5351 2043 5418 tempora
2092 5361 2206 5400 non

543 5417 918 5482 confudisse,
952 5418 1056 5472 sed
1090 5418 1163 5471 ab
1195 5434 1261 5473 eo
1309 5435 1484 5487 anno,
1518 5434 1631 5490 quo
1661 5419 1732 5474 ab
1762 5417 2074 5490 Euth’ymio
2107 5434 2209 5489 pa-

546 5492 794 5546 triarcha
830 5493 1161 5546 coronatus
1194 5490 1321 5561 fuit,
1354 5506 1698 5545 numerasse
1728 5490 2017 5545 videntur.

606 5565 713 5633 (98)
747 5562 1107 5629 Continuat,
1154 5560 1412 5633 Theoph.
1460 5579 1516 5634 p.
1562 5562 1689 5615 292.
1740 5561 1999 5617 Banduri
2031 5562 2209 5632 Impe-

544 5637 670 5693 rium
704 5635 1004 5701 Orientis,
1036 5638 1079 5688 t.
1116 5634 1163 5701 Ι,
1198 5650 1254 5703 p.
1288 5634 1413 5690 421.

588 5712 699 5787 (99)
736 5710 902 5787 Ejus
946 5706 1135 5787 enim
1178 5710 1342 5787 atate
1480 5703 1741 5787 Gregorii
1798 5703 2056 5787 reliquiae
2095 5707 2215 5759 Na-

504 5776 717 5847 zianzb
752 5776 1366 5849 Constantinopolim
1397 5776 1674 5835 traducta
1703 5780 1858 5833 sunt.
1892 5776 1956 5834 Vi.
1979 5776 2213 5833 Grecae

2314 4571 2472 4611 nam.

2384 4627 2463 4696 (6)
2494 4623 2566 4696 ν.
2595 4621 2793 4696 Allatii
2819 4622 3087 4696 _Dialribe
3128 4622 3208 4696 de
3240 4622 3608 4696 Sz'meonibus,
3645 4639 3703 4694 p.
3734 4623 3806 4678 25
3835 4640 3960 4695 sqq.

2313 4694 2524 4770 Pagius
2554 4695 2616 4749 in
2646 4694 2785 4750 Crit.
2818 4694 3028 4751 Baron.
3062 4712 3155 4749 an.
3189 4695 3318 4763 913,
3350 4694 3572 4751 Caveus
3600 4696 3655 4751 in
3692 4696 3827 4753 Hist.
3866 4694 3963 4751 lit-

2315 4780 2507 4832 teram,
2534 4775 2641 4822 810.

2384 4843 2463 4913 (7)
2492 4839 2673 4913 CUJus
2704 4836 3235 4913 Chronographiam
3284 4836 3449 4894 libris
3490 4855 3543 4893 1v
3570 4838 3962 4913 Combeﬁsius

2315 4908 2469 4969 inter
2496 4908 2804 4981 Scriptores
2849 4908 2967 4980 post
3021 4908 3417 4981 Theophanem,
3464 4911 3686 4968 omisso
3726 4912 3965 4968 nomine

2315 4984 2593 5050 auctoris,
2619 4981 2822 5037 edidit.

2388 5056 2465 5128 (8)
2506 5053 3114 5128 Unicum,__quantum
3162 5056 3413 5128 constat,
3437 5053 3754 5128 scriptoris
3786 5053 3964 5125 hujus

2316 5122 2649 5199 exemplum
2682 5122 3031 5180 biblidtheca
3079 5122 3405 5181 academizs'
3436 5122 3779 5197 Lipsiensis,
3811 5122 3970 5181 vetuo

2317 5200 2425 5256 stis
2457 5198 2741 5268 bonisque
2781 5194 2944 5268 libris
2984 5197 3209 5264 referta,
3266 5200 3473 5252 servat.
3527 5197 3653 5255 Non
3694 5198 3838 5252 satis
3868 5213 3966 5252 ac-

2319 5276 2518 5329 curate
2549 5266 2688 5325 olim
2726 5266 3081 5337 descriptum
3134 5273 3225 5323 est
3255 5285 3288 5322 a
3311 5268 3402 5324 Jo.
3432 5269 3613 5323 Andr.
3644 5268 3836 5337 Bosio,
3870 5285 3965 5323 ne-

2317 5341 2637 5414 gligentius
2667 5340 3104 5414 apud'Venetos
3152 5356 3469 5414 excusum,_
3497 5345 3564 5394 ut
3593 5340 3652 5394 in
3684 5341 3961 5414 observa-

2318 5410 2581 5471 tionibus
2611 5412 2682 5465 ad
2715 5410 3514 5483 Constantinumaliquaudo
3545 5412 3873 5467 ostendam.

2390 5485 2562 5559 (9)].
2596 5485 2763 5559 cave,
2794 5498 2851 5559 ρ.
3069 5481 3312 5559 Scripsit
3359 5487 3564 5555 preter
3613 5487 3847 5559 castera_
3876 5481 3970 5536 Vi-

2324 5552 2759 5614 tam'Theodori
2790 5552 3054 5625 Studitze,
3089 5571 3264 5625 quam
3297 5552 3449 5610 inter
3479 5555 3777 5611 Anecdota
3807 5554 3966 5609 Gree-

2322 5647 2386 5686 ca
2425 5629 2592 5685 edere
2640 5624 2908 5699 promisit
2954 5624 3202 5699 Magnus
3249 5627 3515 5694 Crusius,
3547 5627 3606 5682 in
3662 5625 3966 5682 Dissertat.

2324 5695 2656 5775 opimi“;
2685 5713 2813 5769 pas.
2843 5695 2933 5775 2_8_-

2401 5772 2514 5846 (10)
2542 5771 2740 5829 Zonar.
2770 5768 2827 5840 ι).
2861 5768 2984 5838 193,
3015 5768 3313 5827 Cedrenus
3334 5784 3393 5840 p.
3422 5769 3546 5825 635.
