4184 6432
416 357 496 420 83

1468 355 1988 420 CONSTANTINI
2031 354 2730 421 PORPHYROGENITI

3753 359 3834 423 84·

421 489 592 549 nium
630 490 872 564 intrant,
903 488 1116 549 diurna
1152 488 1372 548 scilicet
1402 491 1774 564 processione
1803 490 2079 561 instante,

2219 508 2335 544 rrrot
2367 490 2483 562 (13)
2516 487 2569 543 ἐν
2599 493 2678 562 τῷ
2704 491 2901 564 χρυσῷ
2936 488 3210 566 τρικλίνῳ
3241 492 3374 566 (14),
3412 495 3513 562 τῆς
3543 500 3842 566 καθημερι-

1470 607 1670 663 JOAN.
1710 607 1856 664 JAC.
1896 606 2159 663 REIKSII
2195 605 2792 664 COMMENTARIUS.

471 706 731 779 hanisp.
761 707 852 779 94,
886 707 957 779 de
1005 705 1296 779 Marciano
1327 705 1467 779 imp.
1517 703 1653 759 πάνυ
1694 702 1752 779 δὲ
1799 705 1874 779 ἦν-
1913 702 2077 779 εὐλᾳ-

473 720 642 763 nanis
673 722 731 779 p.
761 720 852 770 94,
886 720 957 762 αθ
1005 720 1296 761 marctano
1327 721 1467 778 Imp.
1517 720 1653 759 πάνυ
1694 720 1752 759 σε
1799 720 1865 774 ην
1913 720 2073 760 sulta-

425 720 533 847 gr‘jc
590 777 682 854 ξαὶ
739 772 1081 854 φοϐούμενος
1131 776 1223 830 τὸν
1293 776 1421 854 Θεᾷν
1464 775 1992 854 ῌᾳρκιανὸς,ῌὸᾳτις
2021 774 2073 831 ἐν

428 854 548 923 ταῖς
580 847 797 923 ’λιταῖς
845 847 945 923 to?
983 848 1219 923 Κᾴμπου
1267 849 1428 917 πεζὸς
1473 847 1670 923 ᾃέξῄειι
1715 847 1921 923 πολλὰ(
1964 854 2080 911 τοῖς

431 918 714 997 δεομένρις
746 919 1003 997 εὐπᾳιῶνὶ
1033 918 1413 997 ’Ὡθεν-τρῦτον
1464 918 1606 997 ὁρῶν
1653 921 1680 973 ὁ
1723 922 2079 997 πατριάρχης

429 985 754 1067 ’ᾼνξῖὸλιρς
798 991 888 1067 xui
946 989 1328 1067 autocuoﬁuétt
1361 985 1898 1067 (popeirpcpspdpsvcc
1933 985 2081 1046 {alia

430 1059 662 1136 157300:
710 1061 1037 1136 éktrc'tvsosv,
1095 1059 1244 1117 ἀλλὰ
1300 1059 1481 1132 πεζόξ.
1537 1059 1864 1121 ’Μάνὸῖάηιιις
1921 1080 2083 1136 porro

433 1135 592 1193 valde
616 1138 748 1207 pius
789 1135 1053 1208 religioso
1085 1139 1278 1192 timore
1309 1141 1484 1192 Deum
1513 1135 1739 1202 colebat,
1773 1147 1824 1193 et
1859 1139 1919 1192 in
1955 1152 2085 1207 pro-

433 1208 764 1280 ccssionibus
807 1208 878 1264 ad
923 1208 1192 1280 Campum,
1239 1208 1528 1280 celebratis
1553 1208 1717 1280 pedes
1774 1209 2084 1280 incedebat,

435 1284 490 1336 et
518 1280 708 1351 multis
735 1277 1009 1349 beneﬁcii:
1041 1278 1315 1350 afﬁciebat
1353 1277 1584 1351 egentes.
1619 1283 1826 1350 Quare,
1851 1279 1936 1335 his
1967 1296 2090 1336 con-

438 1350 794 1423 spectistnon
834 1351 1072 1423 amplius
1113 1353 1173 1405 in
1212 1350 1424 1419 lectica,
1455 1358 1518 1407 ut
1547 1368 1663 1406 mos
1692 1357 1820 1407 tunc
1847 1353 2086 1422 ferebat,

439 1423 534 1496 sed
577 1422 802 1493 pedibus
835 1422 945 1496 iter
973 1438 1141 1496 agens
1185 1423 1832 1496 Anatoliuspatriarcha
1873 1440 2086 1494 proces-

441 1495 664 1552 sioaum
708 1494 1130 1568 supplicationes
1191 1495 1397 1551 obibat.
1439 1494 1720 1552 Marciani
1768 1511 1904 1567 ergo
1956 1505 2092 1552 tem-

1955 1583 2093 1640 pore

520 1711 633 1785 (13)
656 1711 815 1768 Varii
838 1718 1239 1785 memorantur
1257 1711 1690 1785 antiquioribus
1711 1715 1898 1768 restro
1920 1727 2097 1785 saecu-

449 1782 544 1850 lis,
592 1782 766 1852 quam
817 1785 992 1853 hujus
1042 1782 1414 1840 Cerimonilis
1444 1793 1580 1838 mtas
1612 1793 1719 1852 est,
1757 1784 2092 1855 praepositi;

2188 713 2386 780 gustee,
2420 710 2484 762 ut
2513 721 2668 780 sape
2691 713 2890 780 erant,
2923 709 3010 762 tot
3037 710 3204 764 erant
3232 724 3427 765 earum
3460 708 3758 780 praepositi
3787 715 3842 764 et

2186 777 2418 852 familia
2476 777 2993 852 cubiculariorum.
3039 785 3204 850 quot,
3249 782 3411 852 ipsa.
3442 777 3702 837 Tandem
3735 780 3838 852 hag

2189 850 2366 906 bebat
2411 866 2645 921 quoque
2695 850 3018 921 patriarcha
3053 868 3224 906 suum
3270 850 3642 922 praepositum
3679 869 3693 908 :
3737 851 3844 908 sed

2191 938 2306 976 non
2338 937 2590 992 semper.
2625 923 2786 976 Certe
2828 927 3114 978 memorat
3143 924 3213 978 de
3242 922 3341 978 illo
3372 924 3582 980 Noster
3617 929 3846 988 auctor,

2194 998 2258 1067 ut
2301 993 2384 1067 de
2423 992 2836 1067 rehobsoleta;
2884 997 2940 1048 et
2978 993 3379 1067 huedenique
3409 1012 3525 1051 non
3566 997 3845 1067 pertinet.

2193 1064 2340 1140 Hinc
2371 1063 2757 1136 intelligatur,
2792 1080 2968 1134 quare
2998 1065 3132 1134 LII,
3165 1082 3214 1121 c.
3248 1063 3304 1131 2,
3339 1084 3394 1139 p.
3429 1063 3615 1140 301ζὸ
3649 1066 3850 1140 anput-

2193 1133 2416 1196 πόσιτος
2449 1133 2942 1209 nominetur,seu
2971 1133 3479 1209 protOpraepos'ilus.
3523 1139 3604 1194 De
3653 1133 3852 1194 officio

2197 1209 2486 1278 praepositi
2514 1224 2717 1280 pauca
2747 1208 3000 1263 strictim
3035 1208 3188 1264 nunc
3215 1210 3403 1265 dicam
3440 1227 3455 1265 :
3491 1211 3660 1280 plura
3689 1211 3851 1266 enim

2197 1280 2304 1335 hac
2327 1280 2397 1334 de
2419 1296 2478 1334 re
2509 1279 2568 1334 in
2603 1295 2878 1350 processu
2902 1281 3094 1350 operis
3117 1286 3445 1337 occurrent.
3476 1279 3609 1337 Erat
3627 1298 3662 1336 a
3683 1297 3854 1338 sacro

2199 1351 2570 1422 imperatoris
2609 1367 2849 1422 corpore
2888 1351 3043 1406 domi
3078 1353 3350 1422 forisque,
3398 1354 3458 1409 in
3488 1352 3751 1418 ecclesia,
3784 1353 3851 1408 in

2200 1427 2467 1495 senatu,
2506 1422 2797 1491 cubiculo,
2859 1423 3097 1495 ubique,
3154 1425 3451 1495 proximus
3515 1427 3857 1482 immediate

2201 1510 2334 1569 cum
2387 1494 2646 1566 principe
2694 1494 3386 1569 lo_quebatur,ir_e’ferebat
3427 1497 3499 1552 ad
3544 1497 3736 1569 ipsum
3780 1497 3860 1553 de

2203 1567 2380 1622 rebus
2413 1566 2873 1639 occurrentibus,
2906 1567 3225 1637 accipiebat
3269 1568 3340 1623 ab
3373 1568 3503 1639 ipso
3553 1566 3860 1636 mandata,

2204 1655 2330 1710 quae
2364 1655 2397 1707 p
2428 1655 2556 1711 orro
2596 1637 3106 1711 aliissproceribus,
3137 1640 3204 1695 ad
3241 1637 3694 1711 quos—quodque
3726 1656 3860 1709 per-

2207 1711 2433 1783 tineret,
2469 1710 2988 1783 impertiebat._Hic
3019 1726 3068 1766 e.
3102 1727 3152 1766 c.
3185 1710 3454 1766 videmus
3477 1710 3863 1783 praepositum

2207 1781 2394 1855 pridie
2438 1781 2634 1855 magni
2666 1781 2795 1855 festi
2843 1781 2913 1837 de
2943 1783 3201 1838 instante
3241 1781 3520 1855 religione
3549 1781 3860 1839 deminum

449 1856 775 1931 praecipua
799 1854 1080 1931 prapositi
1111 1855 1306 1931 _sacr_i__
1334 1856 1556 1926 palatii,
1607 1860 1663 1910 et
1721 1853 1984 1922 cubiculi,
2040 1865 2097 1910 et
2128 1865 2175 1931 Β
2206 1853 2620 1931 admonuisse,_
2642 1856 2698 1908 et
2728 1853 2798 1908 ab
2829 1869 2895 1931 eo
2917 1855 3272 1931 mandatum
3305 1853 3621 1931 accepisse,
3646 1856 3863 1910 crasti-

447 1924 711 2006 iniiilum.
745 1926 850 1992 Qui
883 1924 1077 2006 autem
1111 1925 1220 1982 hoc
1249 1924 1410 2006 libro
1433 1931 1836 2006 memorantur
1874 1943 2098 2006 priapof
2128 1924 2169 1931 ⁷
2206 1942 2344 2006 nam
2370 1924 2801 2006 processissem
2833 1925 3148 2006 indicendi.
3171 1924 3574 2006 Comitabatur
3603 1928 3862 2006 impera-

452 1998 569 2062 siti,
593 2015 709 2054 non
733 2007 869 2053 sunt
889 1997 1002 2054 nisi
1018 1997 1304 2070 praepositi
1322 1999 1583 2056 cubicali.
1601 2001 1747 2054 Ante
1767 1997 1920 2054 certe
1939 1997 2103 2054 erant

451 2069 624 2126 ambo
647 2070 746 2125 illa
776 2086 1022 2142 numera
1053 2071 1344 2142 praepositi
1381 2071 1578 2142 palatii
1599 2075 1655 2126 et
1685 2070 1938 2126 cubiculi
1961 2076 2101 2142 tunc

453 2142 732 2225 temporis
771 2141 852 2224 ita
894 2141 1226 2225 conjuncta,
1277 2147 1340 2225 ut
1378 2141 1570 2225 separi
1621 2142 1948 2225 nequirent.
1988 2141 2104 2225 sed

456 2214 644 2271 eidem
693 2213 919 2286 homini
976 2213 1346 2270 inhaererent.
1398 2213 2103 2286 antiquioribus‘autem

456 2285 820 2358 temporibus
850 2285 1059 2358 diversi
1093 2291 1260 2358 erant
1291 2283 1584 2358 praepositi
1616 2286 1765 2342 sacri
1798 2283 2018 2356 palatii,
2050 2289 2107 2340 et

457 2356 751 2430 prepositi
783 2355 1060 2430 cubiculi.
1093 2355 1364 2430 Quamvis
1393 2355 1550 2430 enim
1574 2358 1946 2430 reperiantur
1971 2371 2102 2412 sae.

459 2428 514 2486 iv
549 2435 607 2484 et
638 2445 690 2498 ν,
729 2428 1024 2500 praepositi
1049 2429 1198 2484 sacri
1228 2428 1454 2499 palatii,
1488 2428 1588 2499 qui
1625 2429 1894 2500 Eunuchi
1923 2428 2106 2500 tuere,

461 2517 588 2573 non
626 2503 822 2573 tamen
852 2499 937 2573 ex
981 2501 1380 2573 eoﬂsequitur,
1422 2501 1765 2573 prmpositos
1807 2499 2004 2573 palatii
2055 2507 2110 2573 ei

461 2570 717 2629 cubiculi
765 2572 994 2627 eosdem
1056 2569 1469 2642 illo'temporé,
1503 2569 1612 2627 aut
1651 2569 1859 2628 omnes
1907 2569 2110 2643 palatii

461 2644 803 2716 praepositos
831 2643 1137 2716 eunuchos
1157 2643 1350 2712 fuisse,
1383 2644 1880 2716 quemadmodum
1904 2659 2109 2716 omnes

461 2714 756 2788 prepositi
780 2714 1055 2788 eunuchi
1108 2722 1274 2788 erant
1314 2719 1368 2770 et
1409 2714 1546 2771 esse
1577 2715 1888 2788 debebant.
1927 2715 2108 2784 Repe-

461 2786 854 2844 i'iunturenim
886 2786 992 2841 viri
1023 2786 1234 2858 integri
1257 2786 1315 2841 in
1340 2788 1664 2857 praepositis
1689 2786 1884 2857 palatii
1905 2801 2109 2842 eorum

461 2864 817 2930 temporum,
852 2861 918 2912 ut
947 2857 1224 2930 Boethius
1254 2863 1311 2912 et
1335 2859 1747 2924 Cassiodorus;
1775 2874 1964 2928 neque
1987 2860 2113 2912 erat

461 2929 637 2986 causa
679 2930 752 2984 ob
785 2945 964 2999 quam
995 2929 1063 2987 V.
1113 2929 1196 2985 Cl.
1232 2930 1684 3000 Hagenbucbius
1713 2930 1774 2985 in
1804 2931 2111 2986 Commen-

463 3001 614 3057 tario
643 3003 709 3055 ad
745 3001 1068 3072 Diptychon
1100 3000 1436 3072 Brixianum
1469 3019 1523 3072 p.
1546 3003 1656 3070 28;
1689 3007 1790 3056 aut
1823 3002 2116 3056 dubitaret

466 3074 538 3128 de
582 3072 696 3126 tide
737 3080 908 3143 atque
948 3071 1155 3143 peritia
1187 3071 1420 3127 illorum
1481 3073 1580 3143 qui
1613 3073 1849 3128 titulum
1883 3071 2112 3127 Cassio-

467 3143 591 3200 dori
628 3160 694 3198 ex
725 3143 852 3212 ejus
883 3143 1081 3200 codice
1103 3145 1523 3211 manuscripto,
1553 3145 1653 3214 qui
1686 3145 1745 3198 in
1767 3143 2115 3199 bibliotheca

468 3214 663 3286 Amp].
684 3214 937 3286 senatus
956 3214 1278 3286 Lipsiensis
1307 3220 1659 3283 asservatur,
1679 3221 2114 3285 excerpserunt,

468 3285 869 3343 aut’scribam
930 3285 1086 3341 illius
1147 3285 1365 3341 codicis
1413 3286 1756 3357 ignorantia
1798 3296 2116 3354 accusaret,

469 3359 996 3442 propiereahqu‘pd‘
1047 3357 1462 3442 Cassiodorum
1517 3362 1875 3442 prapositum
1911 3359 2119 3442 palatii

468 3427 866 3502 appellaverit;
898 3429 1062 3502 Putat
1091 3427 1160 3485 V.
1188 3433 1379 3502 D._aut
1412 3427 1531 3502 non
1559 3427 1712 3486 recte
1741 3427 2118 3502 exscripsisse

465 3499 880 3569 compendium
912 3500 1220 3573 scripturae
1249 3499 1404 3573 illos,
1439 3501 1537 3570 qui
1575 3503 1788 3558 codicis
1821 3499 1980 3558 illius
2019 3519 2118 3557 nov

464 3572 656 3628 titiam
699 3573 926 3641 dedere,
969 3572 1068 3627 aut
1098 3573 1352 3628 scribam
1389 3572 1584 3643 ipsum
1629 3589 1743 3630 non
1786 3578 1938 3630 recte
1981 3575 2117 3630 red-

467 3645 688 3700 didisse
734 3644 1177 3715 compendium,
1223 3645 1374 3715 quod
1421 3661 1618 3700 coram
1663 3661 1724 3701 se
1767 3645 1826 3700 in
1875 3646 2117 3716 antiquo

467 3716 686 3780 codice,
721 3731 906 3788 eiquo
932 3730 1117 3788 suum
1151 3715 1470 3788 derivabat,
1504 3716 1802 3788 repererit.
1845 3718 1955 3773 Sed
1993 3715 2119 3787 ipse

467 3789 616 3843 meis
655 3787 840 3842 oculis
889 3787 1009 3842 vidi
1059 3787 1345 3860 scriptum
1395 3786 1475 3842 ibi
1522 3786 1648 3844 esse
1691 3786 2040 3860 exquaestoris
2070 3796 2120 3844 et

465 3861 616 3915 sacri
634 3861 836 3930 palatii
858 3858 1143 3930 praepositi
1166 3861 1216 3914 et
1235 3860 1467 3929 patricii
1485 3858 1858 3915 Romanorum
1886 3877 1899 3916 :
1929 3875 2120 3930 neque

464 3931 634 3987 video
687 3947 790 4001 ego
849 3931 1106 4001 quidem,
1154 3947 1334 4001 quare
1385 3932 1720 3987 auctoritati
1766 3932 1897 3986 libri
1939 3948 2117 3986 manu

468 4001 684 4058 exarati
736 4003 1160 4074 derogandum,
1210 4008 1268 4056 et
1313 4002 1440 4058 loco
1488 4004 1645 4060 vocis
1680 4004 1970 4074 praepositi
2011 4019 2122 4057 vox

465 4075 713 4146 praefecti
760 4072 1174 4146 substituenda
1212 4074 1308 4142 sit,
1337 4089 1474 4129 cum
1507 4080 1566 4130 et
1606 4072 1843 4130 nomina
1873 4074 2120 4144 dignita-

469 4145 595 4200 tum
642 4153 698 4199 et
729 4145 931 4199 munia
972 4160 1244 4200 successu
1277 4149 1610 4216 temporum
1655 4146 2022 4202 variaverint.
2055 4150 2120 4200 In

468 4216 790 4289 Menotogio
848 4216 1140 4289 Basiliano
1185 4216 1320 4289 t.HI,
1373 4233 1429 4287 p.
1479 4218 1570 4285 20,
1614 4217 1978 4289 πραιπόσιτος
2023 4220 2120 4270 τοῦ

475 4283 748 4361 βασιλέὦς
779 4287 1105 4361 appellatur
1135 4303 1204 4342 ex
1234 4283 1468 4361 iiIOrum
1501 4283 1800 4360 te'mp'rum
1842 4306 1975 4358 usu,
2019 4304 2122 4345 seu

469 4359 821 4432 praepositus
857 4359 1083 4429 palatii,
1139 4363 1219 4432 S._
1257 4359 1564 4432 Romulus,
1621 4359 1738 4432 qui,
1807 4378 1912 4432 pro
1969 4366 2120 4417 tem-

469 4430 710 4504 poribus
743 4431 889 4499 illis,
919 4433 1136 4504 quibus
1170 4430 1382 4486 vixisse
1422 4430 1780 4504 perhibetur,
1809 4430 1904 4488 vix
1935 4433 2126 4504 potuit

471 4503 857 4575 alius,_quam
900 4503 1207 4575 praefectus
1247 4503 1512 4575 praetorio
1555 4504 1754 4571 fuisse,
1797 4509 1854 4560 et
1889 4503 1961 4560 ab
1991 4504 2124 4560 aliis

469 4570 827 4646 πραιπόᾶιτος
884 4570 984 4641 ’ἑῆς
1043 4570 1638 4647 edim-nominatur.
1686 4576 1752 4632 Et
1799 4592 1940 4632 sane
1996 4591 2124 4647 quae

472 4645 727 4719 dignitas
757 4655 878 4719 erat
909 4646 1028 4719 sub
1060 4645 1270 4719 primis
1321 4648 1581 4718 angustis
1617 4653 1950 4719 prae/eciam
1979 4645 2125 4718 prae-

475 4716 628 4781 torii,
665 4717 874 4790 ea_sub
904 4716 1252 4790 Theo’dosiis
1283 4723 1340 4773 et
1370 4716 1582 4774 secutis
1612 4716 1745 4777 erat
1763 4716 2128 4790 praepositum

470 4789 695 4862 palatii.
720 4788 826 4851 Qui
850 4798 1040 4862 autem
1058 4806 1089 4844 e
1112 4789 1518 4845 Graecismedii
1543 4792 1648 4846 aevi
1673 4788 1826 4846 unde
1841 4788 2130 4862 praepositi

475 4859 865 4934 appellantur,
887 4859 971 4934 illi
991 4865 1130 4934 sunt
1151 4877 1380 4932 semper
1402 4863 1749 4930 eunuchi,et
1770 4859 2009 4934 quidem
2033 4879 2131 4919 eu-

474 4933 804 4986 nuchorum
828 4932 1138 5001 principes.
1161 4934 1311 4997 Quot
1329 4934 1546 4990 fuerint
1565 4932 1981 5003 numero,mihi
2011 4951 2126 4992 non

479 5007 740 5077 constat:
762 5003 935 5077 modo
959 5004 1030 5057 de
1044 5019 1170 5077 une
1184 5020 1376 5061 sermo
1393 5006 1478 5072 fit,
1501 5007 1674 5062 modo
1696 5008 1769 5062 de
1782 5007 2051 5077 pluribus
2065 5015 2128 5062 ut

476 5073 574 5148 hic
605 5073 736 5129 loci.
761 5074 1078 5148 Cumteste
1108 5075 1540 5148 Theopbylacto
1571 5073 1891 5135 Simocatta
1920 5080 2128 5148 Roma-

474 5145 541 5226 ni
577 5145 988 5226 consueverint
1020 5145 1372 5226 prceppsituni
1403 5149 1694 5226 appellare
1722 5147 1813 5226 ςτὸν
1843 5147 2127 5226 εὐνούχων

474 5220 582 5296 ’τεῶν
617 5216 693 5277 εἰς
723 5217 822 5285 τὴν
843 5214 1842 5296 βᾳσιλίκήνίδορυφορίοίᾶτεταγμὲν-ων
1867 5214 2125 5296 κορυξαι-

478 5285 668 5366 ότᾳτον
678 5332 690 5356 ,
705 5285 1076 5366 cunuchorum
1089 5285 1158 5366 ad
1172 5285 1286 5366 com
1295 5285 1604 5366 itdtumreg
1613 5285 1733 5366 ium
1743 5285 2128 5366 deputatorum

476 5359 894 5441 pfiucipern,_et
927 5362 1060 5441 aliis
1100 5362 1128 5415 ὁ
1171 5359 1679 5441 ἆρ-χιξιξνρῢχοςίίια
1710 5359 1973 5441 dicetur;
2005 5365 2125 5421 vid.

477 5432 776 5513 Malataht.
811 5433 879 5500 II,
909 5435 1090 5513 p._31,
1123 5442 1178 5490 et
1207 5432 1625 5513 ibighilm'ead.
1658 5452 1672 5502 ;
1706 5436 1982 5493 credibile
2013 5442 2124 5513 est,

479 5520 594 5559 non
643 5504 846 5580 fuisse,
889 5504 997 5560 nisi
1041 5522 1248 5580 unum.
1299 5508 1410 5580 Sed
1466 5524 1599 5564 cum
1641 5525 1895 5580 persaepe
1956 5504 2126 5563 multi

479 5583 679 5650 essent
705 5575 1086 5648 imperatores
1119 5575 1685 5650 collegaa,interdum
1708 5575 1841 5636 tres
1858 5579 1944 5635 vel
1976 5596 2124 5650 qua-

480 5647 773 5722 tuor,_i'ere
794 5651 1179 5722 semperduo,
1213 5647 1486 5706 credibile
1506 5655 1615 5718 est,
1648 5647 2127 5722 unumquemque

483 5719 774 5794 peculiare
814 5721 922 5775 sibi
945 5719 1359 5794 euhilariorum
1383 5739 1481 5779 seu
1505 5724 1828 5794 spadonum
1853 5719 2128 5779 habuisse

479 5789 846 5867 obsequium,
876 5796 978 5848 aut
1005 5791 1287 5867 familiam
1315 5811 1329 5862 ;
1361 5798 1417 5850 et
1436 5799 1522 5850 tot
1536 5789 1724 5867 fuisse
1757 5794 2122 5867 praepositos,

480 5867 621 5934 quot
649 5862 874 5919 familiae
905 5863 1252 5938 spadonum.
1276 5867 1560 5938 Praeterea
1588 5862 2125 5938 habebatAugusta

482 5949 711 6006 quoque
743 5951 916 5993 suum
942 5935 1350 6008 praepositum,
1387 5940 1443 5994 et
1473 5937 1673 6010 plures
1705 5938 1756 5996 si
1788 5935 1982 5994 essent
2010 5940 2119 5995 Au-

2207 1995 2394 2054 torem
2417 1996 2474 2068 in
2499 1995 2828 2063 ecclesiam,
2845 1999 2915 2052 ad
2941 1997 3132 2067 ipsum
3148 2014 3333 2068 usque
3345 1995 3759 2054 sacrificatoriu
3771 2015 3855 2066 m,

2213 2067 2546 2152 pprrigebat
2591 2067 2704 2152 ipsi
2758 2085 2979 2150 cereos,
3018 2069 3119 2152 ubi
3153 2067 3318 2151 opus.
3353 2076 3496 2152 erat,
3530 2070 3684 2152 etab
3727 2071 3860 2140 ipso

2212 2139 2470 2196 vicissim
2515 2140 2774 2213 redditos
2802 2139 3143 2213 recipiebat,
3178 2139 3548 2213 ministrabat
3579 2142 3690 2213 ipsi
3721 2139 3868 2213 apo-

2214 2213 2594 2284 combia,_seu
2637 2210 2982 2284 oblationes,
3018 2227 3164 2282 quas
3194 2212 3512 2284 imperator
3543 2210 3870 2284 in’mag'nis

2214 2284 2378 2340 festis
2409 2282 2633 2354 solebat
2661 2283 2719 2338 in
2743 2281 2910 2338 altari
2941 2281 3229 2354 deponere
3253 2281 3584 2352 {induebat
3613 2290 3671 2340 et
3690 2281 3870 2341 ciue-

2214 2356 2314 2411 bat
2346 2355 2456 2425 ipsi
2488 2353 2758 2418 inlulam,
2791 2371 2893 2426 pro
2934 2369 2995 2408 re
3022 2353 3308 2426 exigente,
3339 2356 3515 2412 dabat
3549 2357 3621 2412 ad
3653 2363 3871 2413 nutum

2218 2427 2583 2499 imperatoris
2615 2426 2847 2498 signum
2904 2427 3340 2496 Cerimoniario,
3379 2429 3614 2499 quando
3644 2427 3742 2483 ille
3769 2445 3874 2484 ce-

2215 2498 2441 2572 leusma
2460 2499 2618 2572 dare,
2651 2499 3122 2572 idestproceres
3150 2498 3532 2572 congregatos
3556 2501 3626 2556 ad
3658 2516 3866 2572 proce-

2217 2570 2480 2626 dendum
2513 2569 2731 2642 hortari
2762 2570 3036 2642 deberet;
3066 2569 3471 2642 recipiebat’ab
3513 2569 3870 2642 imperatore

2219 2642 2462 2697 traditos
2509 2640 2592 2694 illi
2644 2639 2873 2696 libellos
2938 2639 3348 2712 gratulatorios
3395 2639 3738 2712 faction—um,
3782 2644 3871 2698 in-

2219 2712 2964 2786 troducebatpatriarcham
2987 2715 3059 2768 ad
3074 2714 3478 2786 imperatorem
3495 2722 3620 2786 post
3633 2714 3869 2769 ﬁnitum

2220 2800 2453 2841 sacrum
2485 2783 2769 2856 ofﬁcium,
2802 2789 2860 2839 et
2886 2800 3082 2840 rursus
3111 2783 3427 2853 educebat;
3462 2783 3737 2856 eulogias,
3762 2802 3873 2841 seu

2225 2872 2406 2929 panes
2466 2855 2831 2929 benedictos,
2870 2873 2901 2910 a
2941 2857 3277 2929 patriarcha
3314 2857 3649 2929 imperatori
3685 2859 3878 2929 datos,

2222 2927 2422 2985 secum
2452 2943 2520 2982 ex
2547 2927 2795 2984 ecclesia
2814 2927 2873 2982 in
2898 2927 3173 2996 palatium
3205 2927 3518 2985 deferebat.
3543 2930 3704 2986 Mitto
3734 2928 3872 2984 alia.

2224 3005 2302 3055 De
2333 2999 2661 3073 preepositis
2684 2999 2952 3073 conferri
2975 3000 3350 3073 possuntDu
3392 3003 3582 3073 Cange
3615 3002 3672 3055 in
3708 3005 3876 3056 utro-

2225 3069 2660 3142 que—Glossario
2684 3069 2742 3142 h.
2766 3087 2857 3139 v.;
2891 3069 3203 3128 Fabrottus
3234 3072 3294 3127 in
3323 3069 3615 3130 Glossa'rio
3661 3073 3731 3126 ad
3769 3076 3878 3128 Ce-

2225 3141 2493 3211 drenum,
2547 3141 2874 3215 Bacchinus
2921 3143 2992 3198 ad
3041 3142 3349 3214 Agaellum
3399 3161 3459 3215 p-
3497 3144 3588 3208 70,
3623 3143 3880 3215 ubisnon

2226 3217 2304 3271 im
2315 3214 2686 3286 probabiliter
2706 3213 3022 3282 existimat,
3045 3213 3417 3286 pfaapositum
3440 3215 3591 3270 sacri
3617 3214 3881 3270 cubiculi

2225 3287 2296 3342 ab
2327 3285 2570 3357 Agnello
2596 3287 2875 3358 majorem
2910 3285 3880 3358 cubiculi,appellatuml‘uisse.De

2224 3357 2947 3430 praepositis‘eohortium,
2978 3363 3080 3414 aut
3120 3357 3494 3428 militaribus,
3526 3359 3638 3414 vid.
3681 3357 3882 3415 Vales.

2224 3427 2292 3486 ad
2325 3427 2521 3484 Amm.
2557 3427 2811 3501 Marcell.
2848 3446 2904 3501 p.
2937 3429 3063 3484 500.

2296 3501 2408 3571 (14)
2445 3501 2660 3556 Dicitur
2691 3500 2784 3556 hic
2816 3500 3163 3572 praepositus
3193 3506 3409 3572 stante,
3434 3501 3492 3557 id
3523 3505 3612 3572 est
3633 3504 3893 3557 coeunte

2226 3573 2284 3627 in
2332 3572 2688 3645 consistorio,
2713 3571 3085 3645 processione
3124 3571 3487 3645 quotidiana,
3517 3571 3608 3645 vel
3639 3588 3893 3643 corpore

2225 3659 2556 3716 procerum,
2593 3644 2693 3715 qui
2721 3660 2789 3716 ex
2827 3644 3020 3700 ofﬁcio
3053 3644 3314 3716 quotidie
3344 3646 3403 3701 in
3436 3644 3629 3700 aulam
3663 3659 3888 3700 conve-

2224 3718 2352 3791 nire
2377 3715 2687 3791 debebant,
2720 3715 3025 3791 ingressus
3047 3715 3104 3791 in
3125 3717 3641 3791 Chrysotriclinum
3662 3716 3732 3771 ad
3743 3731 3889 3771 mo-

2225 3788 2429 3844 nuisse
2477 3789 2890 3858 imperatorem
2932 3789 3001 3843 de
3051 3788 3310 3845 instante
3348 3791 3514 3845 festo.
3555 3791 3740 3854 Quare
3782 3803 3897 3842 au-

2225 3864 2343 3916 tem
2383 3861 2439 3915 in
2468 3858 2992 3930 Chrysotriclinum
3017 3859 3044 3914 ?
3075 3861 3306 3916 Scilicet
3335 3860 3416 3915 ibi
3439 3868 3562 3916 erat
3591 3861 3718 3930 ipsa
3747 3875 3894 3930 pro-

2225 3931 2351 4002 pria
2407 3929 2771 4002 imperatoris
2817 3932 3004 4002 sedes.
3037 3932 3211 3986 jEdes
3261 3931 3369 4000 hae,
3409 3929 3651 3986 aureum
3693 3929 3892 3986 tricli—

2225 4001 2390 4058 nium
2423 4001 2612 4070 distat,
2645 4006 2811 4057 erant
2839 4001 3136 4057 ordinaria
3157 4002 3490 4072 principum
3524 4002 3893 4074 Byzantino-

2227 4091 2356 4130 rum
2395 4074 2694 4139 habitatio,
2736 4090 2872 4145 pars
2910 4078 3138 4129 tantum
3183 4090 3294 4129 non
3345 4075 3638 4145 praecipua
3678 4074 3894 4143 magni

2237 4145 2460 4218 palatii.
2493 4146 2644 4200 Sane
2688 4144 3081 4218 Luitprandus
3125 4144 3366 4202 aureum
3405 4144 3726 4218 triclinium
3776 4161 3893 4215 ap-

2266 4217 2403 4272 ellat
2444 4215 2884 4288 praestantiorem
2927 4217 3131 4286 palatii
3171 4226 3419 4288 partem,
3461 4221 3516 4273 et
3547 4217 3891 4272 Romanum

2266 4234 2403 4272 euat
2444 4234 2884 4288 praestantiorem
2927 4234 3131 4286 palam
3171 4234 3419 4288 partem,
3461 4234 3516 4273 et
3547 4234 3891 4272 nomanum

2225 4234 2622 4360 Eecapenum,
2656 4304 2784 4360 quo
2812 4291 3071 4360 tempore
3111 4304 3346 4344 summa
3385 4289 3678 4360 gaudebat
3718 4291 3897 4358 pote—

2228 4358 2399 4429 state,
2422 4361 2477 4414 in
2502 4377 2567 4416 eo
2592 4360 2673 4416 ait
2695 4358 3009 4431 habitasse,
3036 4363 3098 4414 ut
3119 4358 3420 4416 summum
3444 4361 3854 4431 imperatorem
3871 4402 3898 4428 ,

2230 4432 2454 4488 caeteris
2485 4431 2742 4502 collegis,
2775 4430 2912 4486 ﬁliis
2944 4437 3002 4488 et
3031 4448 3260 4501 genero,
3295 4431 3418 4488 solo
3449 4430 3680 4488 nomine
3709 4437 3898 4487 tenus

2229 4503 2682 4576 imperantibus,
2717 4503 2966 4576 ideoque
2989 4505 3065 4576 in
3093 4503 3236 4560 alias
3267 4503 3492 4575 palatii,
3525 4508 3738 4572 partes,
3775 4516 3888 4576 seu

2158 4610 2203 4674 D
2236 4574 3891 4674 ΥῘΞΞΡἷθῗξηίδὲβδξίῖῗῖηῘθῖἓ-ῗηὲἷὲἒί,ἒεὲαῇἓιῗέιέζζ⁷δέίί

2236 4648 2412 4717 igitur
2449 4650 2726 4704 Romanus
2756 4664 2922 4704 aureo
2953 4647 3223 4712 triclinio,
3253 4663 3374 4717 quae
3414 4649 3770 4717 praestantior
3803 4656 3888 4704 est

2232 4737 2386 4792 pars,
2417 4721 2794 4792 potentissime
2823 4719 3044 4792 degens,
3078 4722 3304 4792 minus
3339 4727 3528 4792 partes
3556 4719 3758 4792 palatii
3785 4734 3886 4788 ge-

2235 4788 2370 4848 uero
2401 4791 2779 4856 Constantino,
2812 4788 3051 4860 ﬁliisque
3077 4790 3195 4844 suis
3223 4788 3503 4859 Stephano
3535 4788 3586 4846 et
3619 4789 3886 4845 Constan-

2236 4865 2358 4920 tino
2405 4861 2783 4932 distribuerat.
2818 4861 2857 4932 Ε
2896 4877 3029 4931 pag.
3068 4861 3124 4926 5,
3159 4861 3338 4917 nostri
3369 4862 3580 4918 Cerim.
3615 4866 3883 4932 apparet,

2235 4935 2317 4991 ibi
2376 4934 2558 4989 luisse
2607 4932 2698 4986 τὸν
2746 4930 3161 5003 ἱερὸνκοιτῶνα
3201 4948 3423 4989 sacrum
3461 4930 3742 4997 castanea},
3787 4937 3884 4991 vel

2234 5003 2628 5063 dormitorium
2658 5004 3042 5075 imperatoris,
3067 5008 3124 5058 et
3152 5003 3288 5060 huic
3317 5005 3657 5075 adiunctum
3693 5019 3878 5059 secre-

2235 5083 2379 5144 tum,
2415 5079 2476 5132 in
2515 5092 2632 5147 quo
2663 5074 2926 5145 excipere
2963 5075 3288 5132 salutantes
3327 5074 3590 5146 preceres
3632 5075 3881 5132 solebat.

2234 5152 2296 5207 In
2333 5149 2432 5204 illo
2465 5150 2684 5204 secreto
2715 5151 2842 5202 erat
2882 5148 3124 5217 concha,
3168 5163 3269 5204 seu
3311 5164 3500 5217 arcus,
3552 5164 3685 5205 cum
3721 5147 3884 5202 fene-

2234 5225 2375 5293 stra.
2417 5219 2526 5276 sub
2549 5235 2661 5293 que
2710 5235 2846 5293 arcu
2871 5219 3069 5275 stabat
3088 5220 3283 5293 imago
3319 5236 3490 5276 aurea
3509 5221 3645 5293 Jesu
3662 5218 3882 5293 Christi

2231 5292 2290 5348 in
2332 5293 2538 5347 throno
2565 5291 2844 5360 sedentis,
2868 5307 3065 5346 coram
3098 5290 3545 5362 qua'imperator
3576 5290 3882 5346 devotione

2233 5381 2338 5420 sua
2388 5363 2818 5432 detungebatar
2860 5368 3032 5418 mane
3074 5379 3340 5434 surgens,
3376 5368 3688 5433 antequam
3719 5362 3878 5434 aliud

2232 5435 2370 5508 quid
2393 5435 2828 5508 aggrederetur,
2851 5433 2989 5508 item
3011 5433 3204 5508 coram
3224 5434 3327 5490 illa
3345 5434 3600 5508 imagine
3632 5433 3884 5508 faciebat

2232 5505 2516 5578 preces'ex
2528 5505 2772 5562 ecclesia
2785 5507 2842 5562 in
2860 5505 3141 5578 palatium
3161 5521 3426 5578 reversus
3445 5509 3534 5578 ;_et
3546 5505 3627 5560 sic
3641 5506 3880 5578 demum

2231 5576 2291 5635 se
2322 5580 2380 5634 in
2413 5578 2741 5635 cubiculum
2773 5576 2945 5634 suum
2977 5577 3264 5648 privatum
3298 5576 3632 5646 recipiebat.
3660 5576 3880 5647 '[Aurei

2230 5651 2470 5706 triclinii
2496 5655 2670 5720 portae
2703 5653 3009 5720 argenteae,
3037 5663 3350 5717 mensaque
3380 5653 3672 5720 argentea,
3699 5648 3878 5703 Cons-

2231 5669 2470 5706 ῑῑδιοιιῑιιι
2535 5669 2670 5706 ortae
2703 5669 3009 5720 argenteas,
3037 5669 3350 5717 luensaque
3380 5669 3672 5718 argentea,
3699 5669 3877 5703 υοηδ-

2231 5723 2473 5779 stantini
2491 5669 2961 5794 Borphyrogeniti
2979 5719 3441 5794 opus._Custodia
3470 5737 3762 5794 purpurea
3775 5737 3877 5791 pro

2230 5795 2518 5877 vestibulo
2537 5791 2797 5877 cubiculi
2817 5791 3678 5877 imperatoris.‘$cripior.‘pqst
3699 5791 3881 5847 Theo-

2229 5866 2486 5940 phanem
2523 5883 2576 5937 p.
2609 5865 2736 5921 281.
2773 5864 2933 5921 Idem
2957 5862 3380 5921 Constantinus
3411 5862 3734 5922 triclinium
3767 5880 3875 5919 au-

3712 5951 3874 5991 reum

2151 3239 2193 3306 C
