4184 6436
428 362 500 426 91
1500 354 2036 423 CONSTANTINI
2078 350 2786 418 PORPHYROGENITI

3768 354 3853 416 92

427 502 555 569 riis,
587 496 888 570 capitaneo
918 494 1057 552 item
1088 498 1147 552 et
1175 495 1499 554 domestico
1558 495 2062 569 imperatoriorum

2202 491 2302 559 τὴν
2344 490 2532 565 αὔριον
2574 490 2871 563 πρόκενσον
2920 484 3046 558 ἤτοι
3094 484 3437 562 προέλευσιν.
3489 487 3558 545 Οἱ
3598 484 3657 543 δὲ
3704 488 3855 566 ἐξερ-

424 590 655 647 duobus
672 591 951 658 praeterea
969 586 1327 656 demarchis,
1352 587 1585 642 edicunt
1617 602 1627 641 :
1648 587 1891 642 mittunt
1910 585 2070 642 etian:

2196 580 2430 656 χόμενοι
2471 579 2716 655 ὁρίζουσι
2766 584 2925 634 πᾶσιν
2974 584 3097 640 τοῖς
3136 582 3234 634 τοῦ
3274 572 3671 633 κουϐουκλείου
3711 583 3852 653 (17),

424 680 702 738 mandata
731 682 858 733 tum
902 676 1220 732 domestico
1266 693 1667 744 numerorum,
1727 668 1855 732 tum
1887 673 2083 731 comiti

2197 670 2410 744 ὁμοίως
2449 675 2540 725 καί
2579 669 2658 742 τῷ
2696 670 2982 724 κατεπάνω
3013 670 3123 743 (18)
3163 668 3254 723 καὶ
3294 672 3375 740 τῷ
3404 664 3713 742 δομεστίκῳ
3742 674 3858 725 τῶν
3954 696 3959 699 Α

1476 775 1673 831 JOAN.
1706 776 1849 832 JAC.
1883 772 2151 829 REISKII
2183 769 2783 827 COMMENTARIUS.

428 880 697 949 peratore
723 877 907 949 capite
953 874 1139 949 nudo.
1205 875 1468 930 Lectione
1524 873 2081 949 ﬁnita,__accedebat

429 944 761 1033 patriarcha
805 947 877 1033 ad
928 946 1362 1033 ‘imperat‘orem
1399 962 1560 1033 lcum‘
1626 945 1843 1026 codice,
1914 944 2081 1033 eique

428 1016 599 1077 illum
663 1017 1053 1075 osculandum
1141 1016 1438 1073 oll‘erebat.
1521 1019 1700 1082 Quem
1764 1018 2081 1087 imperator

438 1107 667 1161 unaque
752 1089 1090 1160 patriarchae
1161 1105 1402 1144 manum
1489 1088 1886 1144 osculabatur.
1958 1088 2079 1152 Quo

426 1164 579 1219 facto
646 1163 819 1218 ambo
890 1162 961 1217 ad
1046 1161 1325 1216 thronum
1412 1162 1663 1231 quisque
1737 1175 1910 1215 suum
2000 1174 2081 1214 re-

426 1235 650 1291 dibant.
714 1233 852 1289 Inde
904 1232 1237 1288 sacerdotes
1332 1232 1448 1287 duo
1506 1233 1766 1287 codicem
1843 1246 2077 1287 sacrum

427 1322 630 1362 rursus
684 1305 1045 1360 auferebant.
1111 1306 1433 1374 Imperator
1490 1310 1545 1359 et
1595 1303 1922 1373 patriarcha
1980 1303 2077 1357 de-

427 1376 789 1434 scendebant
811 1377 883 1430 de
922 1376 1131 1431 throno
1162 1376 1408 1446 quisque
1439 1392 1547 1430 suo
1583 1380 1641 1430 et
1682 1375 2078 1445 procedebant

426 1466 628 1506 versus
681 1464 891 1519 aquam
957 1453 1239 1517 apertam.
1303 1446 1635 1502 Patriarcha
1691 1447 2078 1503 descendebat

427 1522 499 1577 ad
532 1523 659 1589 ejus
690 1519 1057 1590 superﬁciem
1091 1535 1191 1589 per
1228 1519 1443 1589 gradus
1478 1520 1677 1587 factos,
1728 1519 2075 1589 imperatore

427 1592 663 1648 interim
696 1608 814 1646 non
854 1594 1004 1646 tecto
1062 1607 1258 1646 coram
1290 1591 1560 1646 cancellis
1590 1595 1837 1657 astante,
1888 1605 2074 1661 quan-

428 1664 526 1719 diu
554 1662 1008 1719 consecrationis
1036 1666 1201 1717 actus
1232 1662 1485 1727 duraret,
1520 1678 1647 1733 quas
1688 1661 1906 1717 multas
1952 1667 2075 1730 post

428 1734 775 1791 cerimonias
804 1750 911 1805 Ope
942 1734 1131 1789 crucis
1164 1749 1372 1802 aureae,
1433 1736 1526 1789 cui
1557 1734 1776 1788 inserta
1823 1735 1945 1805 erat
1974 1748 2072 1801 pa-

425 1811 552 1862 tera
591 1804 885 1875 argentea,
944 1806 1136 1860 ﬁebat.
1172 1810 1245 1859 Ea
1276 1811 1510 1876 peracta
1558 1821 1759 1860 rursus
1818 1804 2075 1876 impone:

426 1878 524 1933 bat
554 1879 767 1932 Czarus
800 1893 906 1931 suo
947 1877 1123 1947 capiti
1176 1875 1475 1947 corOnam,
1510 1881 1566 1931 et
1596 1876 1930 1947 patriarcha
1962 1875 2072 1930 sibi

2192 871 2493 925 rusticatio
2514 885 2803 940 processus
2834 867 3180 940 appellatur,
3216 868 3356 939 quia
3411 870 3732 940 imperator
3783 885 3861 925 ex

2191 947 2444 1013 augusta
2465 939 2571 997 sua
2600 942 2736 997 sede
2758 939 3107 1011 procedebat
3134 940 3269 996 alio.
3303 940 3517 1013 Refero
3550 939 3663 996 huc
3704 957 3861 1011 quo-

2191 1012 2304 1085 que
2334 1013 2705 1069 vindemialia
2732 1012 3014 1085 ;quando
3036 1013 3356 1085 imperator
3405 1012 3655 1084 amicos,
3704 1029 3861 1085 quos

2190 1083 2382 1155 vellet,
2416 1086 2487 1140 ad
2522 1103 2585 1142 se
2615 1085 2675 1141 in
2707 1084 2907 1140 vineas
2940 1101 3079 1139 suas
3099 1083 3407 1140 invitabat.

2257 1230 2375 1300 (17)
2408 1230 2472 1286 O't
2512 1232 2609 1282 τοῦ
2662 1222 3024 1282 κοϐουκλέίου
3084 1233 3226 1284 sunt
3273 1230 3624 1299 cubicularii,
3695 1247 3856 1302 quo-

2189 1318 2317 1357 rum
2349 1302 2621 1371 frequens
2659 1302 2765 1357 hoc
2797 1302 2855 1356 in
2886 1316 3054 1369 opere
3074 1302 3290 1357 mentio
3321 1302 3405 1357 ﬁt.
3436 1302 3616 1359 Erant
3639 1318 3856 1360 omnes

2187 1375 2461 1439 eunuchi,
2489 1377 2547 1429 et
2576 1373 2686 1428 sub
2718 1373 3105 1444 dispositione
3142 1374 3457 1444 praepositi,
3491 1375 3563 1429 de
3602 1391 3717 1444 quo
3749 1392 3856 1431 su-

2227 1446 2385 1501 erius
2417 1446 2668 1516 egimus.
2689 1443 2870 1517 Video
2914 1462 2946 1499 a
2976 1444 3254 1517 Fabrotto
3305 1449 3361 1517 et
3392 1444 3481 1517 Du
3513 1443 3729 1517 Cangio
3751 1464 3855 1503 cu-

2228 1517 2501 1572 icularios
2527 1522 2584 1571 et
2604 1516 2911 1571 cmtonitas
2950 1532 3053 1587 pro
3078 1516 3286 1572 iisdem
3320 1516 3544 1586 haberi,
3579 1516 3855 1575 auctori-

2184 1590 2407 1645 tatibus
2438 1605 2556 1643 non
2583 1588 3072 1644 contemmendis.
3105 1588 3325 1643 Glossaa
3349 1595 3503 1644 certe
3524 1596 3578 1644 et
3609 1588 3711 1643 alii
3745 1607 3854 1646 ve-

2184 1666 2337 1716 teres
2370 1676 2549 1715 unam
2573 1676 2769 1716 vocem
2832 1675 2933 1730 per
2982 1658 3226 1715 alteram
3258 1664 3575 1731 exponunt.
3608 1661 3717 1716 Sed
3773 1678 3852 1719 ex

2183 1741 2380 1787 nostro
2436 1731 2808 1788 Cerimoniali
2895 1734 3052 1802 patet
3116 1732 3373 1787 diversos
3440 1732 3544 1787 hos
3602 1733 3673 1788 ab
3723 1732 3855 1790 illis

2184 1804 2384 1859 fuisse.
2419 1804 2715 1860 Cmtonitaa
2762 1810 2987 1859 tantum
3045 1804 3287 1859 cmtonis
3348 1819 3451 1859 seu
3512 1804 3852 1860 dormitorii

2183 1892 2383 1930 curam
2417 1875 2730 1941 habebant,
2764 1880 2821 1931 et
2851 1879 3168 1930 nocturnas
3198 1876 3484 1930 curabant
3513 1875 3661 1932 sacri
3709 1892 3849 1932 cor-

426 1950 660 2005 m-itram
685 1946 1093 2019 episcopalem,
1127 1952 1183 2003 et
1213 1948 1284 2003 ad
1309 1946 1869 2019 thronum’quisque
1899 1963 2073 2002 suum
2106 1952 2149 2014 Β
2182 1947 2340 2017 poris
2408 1948 2789 2003 necessitates
2821 1964 2833 2001 :
2876 1946 3240 2019 cubicularii
3314 1955 3507 2001 autem
3569 1948 3845 2004 diurnas.

422 2021 708 2076 redibant.
760 2019 978 2075 Deinde
1011 2021 1362 2075 efferebatur
1390 2020 1457 2074 ad
1496 2020 1887 2090 patriarcbam
1934 2035 2073 2073 con-

425 2096 661 2148 secratas
691 2095 861 2165 atque
905 2092 1022 2162 [τοῦ
1052 2089 1412 2165 ἁγιάσματος]
1446 2089 1843 2165 n0nnihil___in
1878 2098 2078 2165 patera

428 2172 718 2234 argentea,
758 2164 892 2219 item
956 2162 1111 2219 crux'
1143 2179 1339 2231 aurea,
1396 2162 1456 2218 et
1518 2162 1921 2234 aspergillum,
1955 2162 2078 2234 sin-

425 2233 565 2305 gula
634 2235 692 2289 in
770 2234 1021 2361 singulis
1089 2234 1333 2290 scutulis
1410 2233 1722 2306 argenteis.
1782 2235 1926 2290 Cum
1973 2233 2080 2289 hoc

429 2313 709 2361 anoaratu
770 2308 863 2361 adi
910 2311 971 2361 at
1019 2322 1218 2361 rursus
1281 2306 1613 2361 nalriarcha
1671 2306 1934 2361 Czarum.
1978 2305 2080 2361 aui

429 2313 709 2378 apparatu
770 2305 971 2362 adibat
1019 2322 1218 2361 rursus
1281 2306 1613 2377 patriarcha
1671 2306 1934 2378 Czarum,
1978 2305 2080 2375 qui

426 2377 606 2449 caput
638 2378 913 2445 nudabat,
937 2394 1169 2433 crucem
1187 2393 1422 2433 auream
1446 2395 1479 2433 a
1501 2377 1845 2448 patriarchae
1875 2378 2081 2433 dextra

430 2450 686 2506 oblatam
745 2449 1118 2505 osculabatur
1167 2454 1223 2505 et
1271 2450 1355 2504 sic
1394 2451 1630 2505 tandem
1675 2466 1825 2520 aqua
1876 2464 2079 2520 conse-

426 2527 587 2578 crata
606 2524 1044 2592 respergebatur
1079 2538 1093 2591 ;
1125 2521 1280 2592 quod
1314 2522 1468 2579 idem
1503 2518 1746 2577 coronis
1785 2518 2077 2592 imperiali

427 2597 484 2649 et
513 2591 735 2648 vexillis
757 2591 1361 2663 presentibus’ﬁebat.
1388 2596 1463 2647 Eo
1496 2593 1646 2648 facto
1678 2594 1748 2647 ad
1783 2591 2076 2647 thronum-

427 2664 679 2736 quisque
709 2680 883 2719 suum
916 2665 1164 2721 redibat.
1188 2664 1515 2720 Veniebant
1547 2665 1757 2720 deinde
1789 2663 2077 2733 archiepi-

426 2737 585 2805 scopi
610 2741 667 2791 et
703 2752 968 2806 proceres
992 2738 1064 2791 ad
1099 2737 1505 2804 osculandam,
1539 2752 1715 2806 quam
1747 2737 1946 2791 dextra
1970 2751 2079 2789 sua

427 2807 764 2891 patriarcha
832 2809 1080 2891 tenebat,
1119 2824 1378 2891 lauream
1407 2879 1417 2889 ο
1444 2808 2077 2891 crucem,“sacerdote§

426 2877 731 2961 inferiores
763 2882 1138 2961 respergebat
1162 2879 1639 2961 archiepiscopus
1670 2878 1887 2961 aliqu-is
1918 2877 2077 2948 apud

428 2950 1037 3022 patriarchamistans.
1073 2950 1412 3006 Sacerdotes
1445 2950 1543 3006 alii
1565 2968 1595 3007 e
1624 2950 1874 3007 seutulis
1931 2966 2078 3020 aqua

426 3021 985 3093 consecrataplenis
1030 3024 1304 3092 populum
1336 3024 1778 3093 irespergebant
1834 3022 2077 3093 circum-

422 3098 695 3148 stantem.
748 3091 1148 3163 UndecunQue
1207 3091 1536 3149 confluebat
1570 3091 1756 3148 turba
1804 3093 1874 3147 ad
1926 3092 2078 3146 hau-

424 3163 692 3220 riendam
718 3180 931 3234 aquam
964 3181 1095 3219 cum
1126 3164 1314 3220 situlis
1336 3170 1392 3219 et
1414 3164 1626 3219 urceis.
1673 3165 1774 3219 His
1805 3163 2077 3219 omnibus

422 3236 692 3306 peractis,
728 3235 1104 3307 benedicebat
1134 3235 1463 3307 patriarcha
1495 3236 1770 3291 manibus
1798 3236 2078 3290 decussa-

2187 2019 2320 2074 Erat
2350 2022 2539 2074 autem
2591 2018 2795 2074 horum
2828 2018 3084 2073 ofﬁcium
3142 2019 3451 2089 praecipue,
3510 2023 3577 2074 ut
3631 2019 3852 2076 vestia-

2187 2091 2300 2145 rias
2333 2107 2498 2146 arcas
2529 2091 2959 2161 depromerent,
2992 2094 3049 2145 et
3091 2106 3206 2160 quo
3236 2107 3407 2161 opus,
3440 2096 3845 2161 apportarent,

2186 2172 2759 2233 reponerentrursus
2789 2166 2846 2216 et
2884 2167 3270 2217 asservarent.
3313 2162 3429 2232 Ipsi
3489 2169 3683 2218 tamen
3719 2180 3846 2220 non

2188 2232 2989 2316 imperatorem_induebant:
3042 2233 3369 2316 pertinebat
3397 2232 3555 2316 enim
3695 2236 3844 2316 ofﬁ-

2186 2306 2343 2377 cium
2376 2308 2451 2377 adi
2485 2305 2809 2371 vestitores,
2853 2305 2925 2377 de
2956 2305 3175 2377 quibus
3209 2321 3357 2360 mox.
3392 2307 3501 2370 Qui
3532 2306 3843 2363 cubicula-

2188 2376 2407 2431 riorum
2442 2376 2551 2431 hac
2602 2376 3000 2432 sollicitudine
3032 2377 3434 2445 fungerentur,
3495 2378 3747 2445 audiunt
3774 2379 3841 2433 in

2187 2453 2383 2520 nostro
2441 2446 2810 2504 Cerimoniali
2870 2447 2921 2500 οἱ
2968 2452 3077 2501 τῶν
3117 2443 3437 2520 amasium
3469 2451 3567 2501 τοῦ
3597 2443 3841 2503 κουϐου-

2185 2516 2393 2587 κλείου,
2449 2521 2704 2591 praefecti
2739 2522 3165 2577 mutatoriorum
3211 2516 3475 2577 cubiculi.
3524 2520 3641 2576 Alii
3670 2537 3843 2577 cura-

2184 2592 2345 2660 bant,
2409 2596 2473 2646 ut
2529 2591 2865 2647 cubiculum
2943 2591 3191 2662 Augusti
3242 2592 3494 2647 nitidum
3548 2597 3719 2661 esset,
3779 2598 3844 2649 et

2188 2662 2244 2718 hi
2303 2668 2781 2735 erantveterum
2844 2665 3099 2735 atprTo'rai.
3154 2662 3285 2719 Vid.
3336 2663 3598 2719 Athenae.
3652 2681 3707 2735 p.
3742 2665 3836 2721 48.

2184 2739 2289 2790 aut
2319 2734 2370 2787 o't
2420 2732 2507 2787 ἐπὶ
2574 2739 2695 2795 ταῖς
2762 2732 3023 2789 παστάσιν
3066 2733 3315 2804 ἑστῶτες,
3383 2740 3448 2790 ut
3483 2732 3839 2805 Anthologia

2183 2823 2255 2878 p.
2274 2806 2380 2861 32:
2416 2806 2512 2861 alii
2545 2815 2745 2878 potum
2779 2808 3104 2863 inferebant
3132 2807 3202 2862 ad
3256 2822 3485 2863 sacram
3544 2822 3839 2875 mensam,

2184 2877 2283 2951 alii
2316 2877 2724 2950 praelegebant,
2759 2896 2886 2949 quae
2912 2880 3227 2951 imperaret
3268 2879 3588 2951 imperator
3618 2878 3731 2951 sibi
3764 2879 3841 2935 de

2183 2948 2333 3005 libro
2365 2948 2581 3020 scripto
2595 2948 2866 3017 recitari;
2900 2948 3221 3006 alii'cereos
3238 2948 3509 3007 ardentes
3541 2950 3838 3017 tenebant,

2184 3037 2329 3093 quos
2361 3023 2703 3093 imperator,
2727 3022 2786 3076 in
2836 3020 3111 3078 ecclesias
3142 3022 3507 3078 devotionem
3540 3038 3710 3077 suam
3746 3023 3837 3077 fa-

2183 3092 2343 3148 ciens
2398 3092 2773 3163 a’praeposito
2834 3099 3124 3163 porrectas
3176 3096 3235 3148 in
3290 3110 3499 3149 manus
3533 3094 3833 3161 sumebat,

2183 3168 2285 3237 aut
2342 3165 2495 3234 apud
2531 3181 2722 3219 sacras
2757 3165 3044 3237 imagines
3071 3166 3457 3237 depangebati
3510 3165 3623 3219 Alii
3654 3180 3832 3220 cane-

2180 3234 2326 3290 bant
2374 3240 2432 3307 et
2481 3237 2767 3293 musicam
2808 3234 3161 3294 exercebant
3210 3234 3406 3293 coram
3446 3236 3826 3307 imperatore;

418 3308 496 3363 tis
519 3312 627 3383 ter,
650 3306 905 3383 primum
946 3306 1213 3383 Czarum,
1248 3308 1382 3383 dein
1415 3308 1636 3383 clerum
1678 3315 1731 3383 e_t
1772 3322 2061 3377 proceres,
2096 3316 2144 3383 (ς
2181 3307 2280 3362 alii
2314 3306 2653 3383 oblationes,
2681 3325 2821 3377 quas
2850 3308 3169 3383 imperator
3205 3309 3263 3363 in
3316 3308 3482 3363 altari
3522 3306 3830 3378 depositu-

417 3383 475 3435 et
505 3379 668 3434 tertio
699 3377 926 3447 plebem
955 3398 970 3445 ;
1004 3395 1119 3449 quo
1151 3380 1300 3435 facto
1326 3378 1530 3434 ultimo
1584 3379 1817 3433 tandem
1882 3384 2064 3448 prote-

416 3454 607 3505 ctorcs
637 3466 843 3505 rursus
874 3450 1131 3519 abibant,
1165 3454 1223 3506 et
1266 3455 1384 3505 tota
1443 3449 1730 3521 processio
1772 3450 2065 3521 repetebat

413 3521 657 3593 vestigia
716 3522 912 3577 eodem
949 3521 1153 3578 ordine
1184 3538 1298 3593 quo
1332 3519 1591 3593 venerat,
1622 3530 1675 3577 et
1706 3521 1830 3577 dies
1853 3519 1952 3577 ille
1982 3520 2066 3575 hi-

414 3592 609 3649 lariter
634 3596 1111 3650 consumebatur.
1140 3615 1168 3642 ››

484 3665 778 3719 Hactenus
809 3665 1033 3735 Anglus
1065 3666 1164 3721 ille
1195 3665 1504 3721 Moubach.
1540 3664 1670 3719 Jam
1703 3664 1964 3720 redimus
1990 3665 2061 3719 ad

413 3734 578 3807 ﬁlum
612 3740 878 3791 nostrum
911 3734 968 3793 et
1015 3736 1320 3792 verbulum
1370 3739 1440 3792 de
1479 3736 1945 3807 processionibus
1976 3736 2066 3791 ci—

408 3806 623 3862 vilibus
638 3808 931 3874 addimus,
962 3826 1089 3879 quae
1109 3809 1193 3864 vel
1263 3806 1599 3873 uotidia’nae,
1632 3808 1717 3863 vel
1742 3806 2061 3876 solemnes;

410 3878 499 3934 vel
532 3880 797 3935 neraticae
829 3890 1010 3935 erant.
1044 3826 1391 3935 Ouotigiana
1414 3880 1700 3935 processio
1732 3883 1857 3935 erat
1884 3883 2061 3935 Sena-

410 3878 499 3934 vel
532 3880 797 3947 peraticae
829 3878 1010 3936 erant.
1044 3878 1391 3946 Quotidiana
1414 3880 1700 3949 processio
1732 3883 1857 3935 erat
1884 3883 2066 3935 Sena-

413 3957 627 4022 torum,
662 3968 765 4006 seu
793 3967 1093 4019 procerum
1113 3953 1172 4007 in
1196 3952 1387 4007 aulam
1405 3953 1475 4007 ad
1500 3952 1868 4007 salutandum
1900 3951 2065 4022 prin-

413 4021 602 4093 cipem
635 4028 693 4093 et
723 4023 793 4077 ad
826 4022 1183 4081 iunctionem
1203 4024 1297 4079 sui
1337 4024 1602 4079 muneris
1632 4021 2060 4093 exsequendam

411 4092 906 4164 convenientium.
940 4096 1069 4151 Haec
1108 4100 1256 4151 stata
1277 4099 1421 4164 erat,
1453 4100 1511 4152 et
1527 4112 1644 4151 non
1676 4092 2059 4160 indicebatur,

412 4163 704 4245 ﬁebatque
735 4165 826 4245 bi_s
868 4182 971 4245 per
1010 4167 1188 4245 diem,
1223 4163 1479 4245 maneret
1508 4181 1899 4245 vespere,_seu
1935 4170 2065 4245 pos;

412 4235 740 4309 meridiem.
789 4235 997 4309 Dahae
1021 4239 1143 4309 agit
1172 4244 1345 4309 caput
1368 4235 1626 4309 primum
1661 4238 1792 4293 libri
1818 4235 2063 4293 secundi

405 4307 591 4362 nostri
610 4308 1009 4364 cerimonialis
1030 4307 1097 4365 ei
1124 4307 1407 4377 professo,
1431 4309 1526 4365 hic
1557 4314 1753 4364 autem
1779 4310 1837 4364 in
1872 4316 2063 4364 trans-

406 4395 598 4452 cursu
630 4383 862 4434 tantum
899 4382 1129 4452 mentio
1161 4383 1224 4437 ﬁt
1246 4383 1303 4436 in
1337 4382 1526 4437 verbis
1554 4386 1655 4449 τῆς
1686 4381 2062 4452 καθημερινῆς

407 4448 702 4524 ἱσταμένης
758 4447 1157 4524 προελεύσεως,
1200 4452 1554 4524 quotidiana
1601 4447 1923 4521 Stanlefid
1978 4447 2064 4508 eét

408 4523 726 4596 incipiente,
738 4522 1100 4593 processione.
1117 4522 1419 4581 Solemnes
1434 4524 1616 4596 pridie
1638 4524 2060 4596 indicebantur,

410 4598 469 4667 et
499 4592 785 4667 debebant
817 4600 956 4651 tunc
972 4596 1311 4666 proceresin
1335 4592 1616 4667 palatium
1641 4592 2065 4664 procederem-

412 4661 682 4737 λαγμένοι
712 4668 938 4733 mutati,
972 4661 1107 4723 'hoc
1150 4672 1236 4724 est
1281 4661 1354 4722 ἔπ’
1398 4670 1552 4723 novis
1587 4661 1755 4737 rubis,
1787 4684 1855 4723 en
1905 4661 2061 4737 gula,

408 4735 669 4811 vestibus
700 4738 1024 4807 splendidis
1055 4748 1113 4811 et
1137 4741 1208 4796 ad
1234 4755 1510 4811 pompam
1559 4735 2065 4811 compesilis‘Pro-

408 4808 705 4864 cessiones
733 4814 1070 4866 senatorum
1100 4810 1160 4867 in
1218 4808 1443 4867 curiam
1501 4808 1810 4868 solemnes.
1860 4810 2067 4867 diebus

411 4878 776 4954 solemnibus
808 4882 878 4954 ad
902 4882 1308 4954 gratulandum
1332 4891 1385 4937 et
1416 4881 1863 4938 acclamandum
1897 4883 2065 4954 prin—

409 4951 522 5025 cipi
554 4948 607 5004 ἐν
640 4949 827 5019 ἐσθῆτι
858 4948 996 5025 tegas,
1029 4953 1086 5009 id
1118 4959 1209 5010 est
1237 4954 1475 5010 candida
1504 4960 1662 5023 veste,
1696 4958 1760 5009 ut
1800 4948 2065 5011 Petavius

407 5022 849 5097 interpretatur,
895 5022 1181 5083 memorat
1218 5026 1574 5083 Tbemistius
1608 5022 1663 5097 p.
1694 5026 1765 5080 55
1795 5027 1919 5082 init.
1950 5027 2065 5082 Ta-

408 5094 495 5152 les
520 5096 924 5169 processiones
953 5101 1119 5153 erant
1148 5098 1218 5152 ad
1269 5098 1525 5163 Circum,
1556 5094 1881 5169 quotannis
1921 5099 2062 5154 olim

410 5173 697 5242 septenas,
737 5168 947 5242 deinde
992 5168 1491 5242 quinae;itemad
1552 5168 1759 5226 horrea
1806 5170 2062 5242 publica,

411 5237 702 5312 instrandi
761 5237 1038 5296 frumenti
1068 5241 1148 5296 ibi
1208 5237 1455 5311 depositi
1514 5242 1741 5312 gratia;
1792 5237 1928 5298 item
1989 5237 2061 5296 ad

413 5308 708 5385 balneum.
746 5312 990 5385 Quando
1022 5308 1576 5385 nempeimperator,
1608 5317 1709 5385 aut
1728 5308 2065 5385 imperatrix

407 5377 590 5455 ictum
642 5382 812 5449 irent,
871 5384 1044 5441 ﬁebat
1102 5377 1437 5455 processio;
1469 5377 1571 5439 uti'
1605 5384 1779 5440 etiam
1815 5377 2065 5455 'quando

408 5448 583 5533 legati
612 5448 808 5533 .exteri
865 5448 1308 5533 exciperentur;
1342 5460 1398 5513 et
1426 5448 1544 5513 alia
1569 5456 1753 5533 _talia,
1813 5448 2065 5533 qhazhic

407 5525 828 5599 perstrinxisse
849 5528 1163 5585 suffecerit.
1198 5528 1283 5582 Ad
1327 5526 1729 5599 processiones
1778 5525 2066 5599 pératicas

409 5591 619 5675 refero,
700 5599 933 5675 quando
991 5591 1654 5675 imperatores,_relicto
1716 5591 1969 5675 palatio,
2005 5600 2065 5655 in

413 5664 763 5746 p_raedia_seu
784 5670 1047 5746 urbana,
1081 5664 1198 5727 'seu
1223 5664 1594 5746 suburbana,
1631 5674 1690 5728 in
1717 5664 1880 5746 Pera,
1916 5664 2068 5728 ultra

408 5738 607 5792 sinum
631 5738 993 5806 Ceratinum,
1013 5746 1115 5797 aut
1135 5751 1188 5799 et
1218 5744 1278 5800 in
1305 5744 1453 5801 Asia
1483 5738 1615 5809 sita,
1639 5738 2058 5811 concederent;

413 5824 533 5880 quo
556 5812 846 5885 tempore
906 5812 1101 5885 officia
1129 5816 1315 5871 multa
1344 5815 1535 5871 aulica
1571 5819 1628 5871 et
1668 5815 2069 5885 processiones

411 5880 787 5955 quodidianw
813 5882 1196 5941 feriabantur.
1230 5884 1390 5943 Talis
1420 5880 1686 5944 absentia
1714 5903 1745 5944 θ
1774 5886 1990 5960 palatio
2013 5890 2071 5943 et

2177 3395 2278 3451 rus
2309 3384 2485 3451 esset,
2521 3380 2802 3451 ferebant,
2834 3386 2890 3436 et
2939 3381 3178 3436 domino
3209 3396 3313 3451 per
3334 3395 3549 3436 manus
3606 3396 3829 3451 praepo-

2170 3449 2268 3505 siti
2299 3450 2391 3506 sui
2448 3450 2792 3519 tradebant;
2830 3453 2930 3508 alii
2961 3449 3251 3508 faciebant
3281 3452 3478 3507 orbem
3528 3449 3683 3508 circa
3713 3449 3831 3507 im-

2169 3526 2518 3593 peratorem,
2554 3524 2789 3593 quando
2848 3525 2908 3579 in
2940 3524 3198 3579 ecclesiae
3249 3523 3537 3579 vestibulo
3575 3530 3678 3579 aut
3709 3522 3829 3580 cal-

2170 3609 2303 3667 ceos
2322 3600 2425 3667 aut
2446 3601 2646 3667 vestes
2670 3600 2944 3664 mutaret,
2975 3600 3074 3652 aut
3097 3600 3273 3667 caput
3302 3595 3556 3650 nudaret
3583 3595 3828 3651 induen-

2170 3666 2254 3721 das.
2314 3666 2509 3722 infulae
2565 3683 2763 3733 causa,
2824 3684 2895 3723 ne
2955 3668 3177 3723 scilicet
3235 3666 3539 3723 abarbato
3573 3668 3822 3737 quodam

2168 3738 2356 3863 cap’ite
2389 3740 2580 3793 nudus
2611 3738 3073 3806 conspiceretur,
3100 3737 3281 3795 Multa
3304 3740 3418 3795 alia
3440 3744 3604 3794 erant
3633 3738 3828 3795 ofﬁcia

2168 3825 2235 3863 cu
2287 3809 2687 3863 iculariorum.
2743 3810 3003 3863 Habebat
3072 3826 3306 3863 ouoaue
3389 3818 3632 3863 augusta
3688 3827 3828 3863 suas

2166 3809 2687 3882 cubiculariorum,
2743 3810 3003 3865 Habebat
3072 3826 3306 3881 quoque
3389 3818 3632 3882 augusta
3688 3827 3828 3866 suas

2167 3880 2582 3953 cubicularius,
2613 3882 2746 3951 ‘[De
2777 3897 2989 3953 magno
3041 3880 3401 3938 cubic’ulario
3460 3880 3669 3952 imper.
3702 3882 3827 3937 vid.

2166 3951 2485 4007 Villehard.
2535 3969 2669 4024 pag.
2702 3954 2827 4019 301,
2863 3951 2993 4009 cum
3046 3958 3168 4008 not.
3206 3959 3291 4007 Du
3350 3954 3574 4024 Cangii,
3612 3954 3657 4024 ]'
3712 3955 3831 4010 Sed

2169 4024 2477 4079 fueruntne
2508 4023 2685 4079 iidem
2718 4023 3026 4080 silcntiarii
3055 4029 3111 4080 et
3140 4023 3487 4081 cubicularii
3508 4025 3535 4079 ?
3565 4023 3663 4079 aut
3707 4025 3828 4080 sal-

2168 4094 2298 4162 tim,
2334 4096 2641 4167 fueruntne
2669 4095 2981 4153 silentiarii
3006 4096 3295 4167 peculiare
3316 4096 3609 4166 quoddam
3634 4111 3829 4167 genus

2168 4166 2663 4239 cubiculariorum
2694 4169 2721 4223 ?
2778 4172 2926 4223 Sane
2955 4166 3118 4223 illam
3171 4167 3429 4239 prodidit
3482 4166 3826 4239 opinionem

2168 4238 2490 4311 Ale‘manus
2520 4238 2580 4295 in
2604 4240 2757 4295 notis
2786 4241 2856 4295 ad
2889 4239 3154 4311 PrOCOpii
3178 4239 3493 4311 historiam
3524 4255 3825 4311 arcanam.

2171 4308 2411 4365 Fallitur
2442 4320 2643 4383 autem,
2696 4312 2898 4383 procul
2929 4308 3104 4369 dubio
3134 4310 3221 4366 vir
3261 4310 3829 4383 doctissimueron

2168 4386 2399 4437 tantum
2429 4384 2585 4438 enim
2617 4381 3003 4439 Cerimoniale
3047 4388 3313 4438 nostrum
3365 4381 3759 4438 cubicularios
3791 4400 3832 4440 ε.

2169 4452 2519 4526 silentiariis
2560 4456 2870 4526 perspicue
2910 4454 3242 4526 distinguit,
3276 4452 3380 4509 sed
3410 4454 3583 4509 etiam
3616 4453 3727 4509 hoc
3756 4453 3841 4510 li-

2170 4524 2350 4598 quido
2368 4524 2577 4581 refellit
2597 4524 2731 4582 eum
2759 4526 2914 4598 quod
2933 4543 2985 4594 p.
3009 4524 3154 4582 4161.
3172 4525 3314 4582 alibi
3336 4527 3727 4598 nostrioperis
3740 4544 3835 4579 σε·

2170 4593 2560 4666 Χεντιάρισσαι,
2610 4593 2810 4655 uxore}
2846 4593 3294 4654 siténtiariorum
3346 4593 3829 4654 commemoran-

2096 4690 2140 4754 D
2174 4669 2443 4754 tur...Non
2484 4674 2842 4754 erant-ergo
2871 4670 3181 4754 silentiaril
3211 4669 3527 4754 s‘padcnes,
3550 4670 3826 4754 quando?

2175 4740 2413 4812 quidem
2442 4739 2701 4798 maritati
2732 4739 2918 4796 erant.
2950 4741 3123 4811 Atqui
3160 4740 3503 4796 cubicularii
3531 4739 3827 4797 debebant

2176 4829 2380 4869 omnes
2402 4813 2641 4868 castrati
2672 4828 2819 4867 esse.

2244 4884 2360 4956 (18)
2423 4883 2734 4956 Peculiaris
2773 4882 3030 4954 dignitas
3081 4888 3172 4941 est
3218 4883 3245 4937 ὁ
3301 4883 3629 4956 κατεπάνων
3664 4882 3827 4956 unde

2171 4955 2547 5027 depravatum
2601 4955 2771 5011 ﬂuxit
2827 4955 3098 5027 Catapani
3170 4972 3380 5013 nomen
3451 4955 3510 5010 in
3575 4955 3831 5012 historia

2172 5027 2384 5101 Apula,
2416 5031 2473 5083 et
2516 5032 2741 5101 putant
2780 5027 3018 5101 quidam
3072 5027 3630 5101 Capitaneinomen
3689 5027 3830 5084 inde

2173 5099 2507 5155 deductum.
2535 5098 2846 5155 Guilielmo
2864 5098 3127 5156 Anuloin
3159 5098 3330 5156 rebus
3354 5099 3827 5156 Normannorum

2173 5172 2327 5241 apud
2363 5170 2447 5226 Du
2509 5170 2699 5241 Cange
2748 5171 2819 5226 ad
2872 5170 3131 5227 Alexiad.
3179 5190 3233 5242 p.
3264 5172 3390 5239 229,
3422 5175 3512 5226 est
3551 5172 3825 5241 Calapan.

2174 5245 2290 5314 Qui
2313 5242 2564 5308 Catapan
2583 5246 2768 5312 fuerat
2799 5242 3113 5300 Graecorum
3140 5243 3344 5299 missus
3374 5243 3440 5298 ab
3472 5243 3627 5299 urbe.
3659 5244 3826 5300 Conf.

2173 5314 2328 5370 Idem
2366 5331 2425 5386 p,
2453 5314 2578 5382 275,
2613 5314 2713 5369 ubi
2745 5314 2847 5382 ait,
2909 5315 3173 5386 quemvis
3222 5314 3556 5385 praefectum
3592 5315 3825 5386 provin-

2174 5385 2273 5441 ciae
2308 5385 2744 5457 designare.‘[A
2774 5387 2989 5443 Graecis
3019 5386 3305 5457 originem
3336 5386 3496 5440 ducit
3523 5385 3830 5454 magistra-

2176 5463 2273 5530 tus
2311 5457 2545 5530 Apuliae
2580 5461 2639 5513 et
2686 5458 2960 5530 Neapolis
2987 5458 3226 5513 Stratici
3270 5460 3321 5530 et
3380 5458 3641 5530 Capitani
3669 5457 3827 5530 quod

2177 5528 2367 5584 adhuc
2418 5528 2586 5585 hodie
2633 5527 2843 5586 nomen
2890 5533 3176 5599 superest.
3241 5528 3565 5599 Dignitates
3615 5527 3831 5583 Gallia

2174 5600 2375 5657 Gothis
2432 5601 2708 5672 habuere,
2748 5601 2911 5657 Conf.
2966 5599 3199 5672 Freccia
3250 5601 3323 5654 de
3352 5599 3520 5672 Subf.
3555 5607 3612 5672 et
3644 5600 3831 5672 Gian—

2177 5689 2314 5729 non.
2368 5689 2423 5745 p.
2482 5673 2588 5729 243
2618 5669 2801 5744 sqq.]*
2848 5672 3064 5727 Verum
3114 5671 3141 5724 ὁ
3185 5670 3472 5745 naturva
3516 5669 3616 5745 vel
3665 5670 3833 5743 Capi-

2176 5743 2408 5814 taneus,
2440 5745 2512 5802 de
2553 5743 2795 5816 quo’hic
2847 5758 3059 5816 sermo,
3127 5759 3244 5816 non
3302 5743 3615 5799 excedebat
3662 5760 3828 5816 sacro

2178 5812 2408 5889 patagio,
2440 5812 2587 5889 non'
2613 5816 2734 5889 ibat
2761 5816 2821 5869 in
2870 5815 3377 5889 _provincias,_sed
3427 5816 3663 5889 regebat
3696 5812 3825 5876 τοὺς

2182 5884 2501 5963 βασιλικοὺς
2532 5904 2635 5946 seu
2670 5886 3035 5945 Caesarianos.
3078 5887 3339 5955 Habebat
3366 5884 3591 5947 sub'se
3621 5887 3826 5945 dome-
