  <div class='ocr_page' id='page_1' title='image "/cluster/home/n/w/nwhite01/storage/ocr_20150623/112:no.1/coo.31924054870161/101.png"; bbox 0 0 4104 6426; ppageno 0'>
   <div class='ocr_carea' id='block_1_1' title="bbox 325 383 439 447">
    <p class='ocr_par' dir='ltr' id='par_1_1' title="bbox 325 383 439 447">
     <span class='ocr_line' id='line_1_1' title="bbox 325 383 439 447; baseline -0.009 0"><span class='ocrx_word' id='word_1_1' title='bbox 325 383 439 447; x_wconf 84' lang='grc'>187</span> 
     </span>
    </p>
   </div>
   <div class='ocr_carea' id='block_1_2' title="bbox 1400 377 2660 445">
    <p class='ocr_par' dir='ltr' id='par_1_2' title="bbox 1400 377 2660 445">
     <span class='ocr_line' id='line_1_2' title="bbox 1400 377 2660 445; baseline -0.001 -2"><span class='ocrx_word' id='word_1_2' title='bbox 1400 382 1920 445; x_wconf 85' lang='lat' dir='ltr'>CONSTANTINI</span> <span class='ocrx_word' id='word_1_3' title='bbox 1967 377 2660 443; x_wconf 78' lang='lat' dir='ltr'>PORPHYROGENITI</span> 
     </span>
    </p>
   </div>
   <div class='ocr_carea' id='block_1_3' title="bbox 3623 373 3743 438">
    <p class='ocr_par' dir='ltr' id='par_1_3' title="bbox 3623 373 3743 438">
     <span class='ocr_line' id='line_1_3' title="bbox 3623 373 3743 438; baseline 0.033 -4"><span class='ocrx_word' id='word_1_4' title='bbox 3623 373 3743 438; x_wconf 83' lang='lat'>188</span> 
     </span>
    </p>
   </div>
   <div class='ocr_carea' id='block_1_4' title="bbox 324 502 1978 586">
    <p class='ocr_par' dir='ltr' id='par_1_4' title="bbox 324 512 1974 586">
     <span class='ocr_line' id='line_1_4' title="bbox 324 512 1974 586; baseline -0.001 -14"><span class='ocrx_word' id='word_1_5' title='bbox 324 519 442 584; x_wconf 90' lang='lat' dir='ltr'>tur,</span> <span class='ocrx_word' id='word_1_6' title='bbox 476 512 852 586; x_wconf 80' lang='lat' dir='ltr'>proconsules</span> <span class='ocrx_word' id='word_1_7' title='bbox 884 512 1107 569; x_wconf 89' lang='lat' dir='ltr'>scilicet</span> <span class='ocrx_word' id='word_1_8' title='bbox 1136 516 1193 570; x_wconf 88' lang='lat' dir='ltr'>et</span> <span class='ocrx_word' id='word_1_9' title='bbox 1223 513 1450 585; x_wconf 80' lang='lat' dir='ltr'>patricii</span> <span class='ocrx_word' id='word_1_10' title='bbox 1481 514 1542 570; x_wconf 91' lang='lat' dir='ltr'>in</span> <span class='ocrx_word' id='word_1_11' title='bbox 1570 514 1692 570; x_wconf 87' lang='lat' dir='ltr'>suis</span> <span class='ocrx_word' id='word_1_12' title='bbox 1713 513 1974 570; x_wconf 88' lang='lat' dir='ltr'>camisiis</span> 
     </span>
    </p>
   </div>
   <div class='ocr_carea' id='block_1_5' title="bbox 2089 502 3742 586">
    <p class='ocr_par' dir='ltr' id='par_1_5' title="bbox 2089 502 3742 585">
     <span class='ocr_line' id='line_1_5' title="bbox 2089 502 3742 585; baseline -0.004 -20"><span class='ocrx_word' id='word_1_13' title='bbox 2089 510 2395 585; x_wconf 71' lang='grc' dir='ltr'>εἰσάγονται</span> <span class='ocrx_word' id='word_1_14' title='bbox 2432 511 2569 565; x_wconf 81' lang='grc' dir='ltr'>κατὰ</span> <span class='ocrx_word' id='word_1_15' title='bbox 2615 510 2678 564; x_wconf 86' lang='grc' dir='ltr'>τὸ</span> <span class='ocrx_word' id='word_1_16' title='bbox 2734 513 2950 583; x_wconf 79' lang='grc' dir='ltr'>πρῶτον</span> <span class='ocrx_word' id='word_1_17' title='bbox 3011 513 3207 583; x_wconf 86' lang='grc' dir='ltr'>σχῆμα</span> <span class='ocrx_word' id='word_1_18' title='bbox 3246 503 3494 581; x_wconf 76' lang='grc' dir='ltr'>δεύτερον</span> <span class='ocrx_word' id='word_1_19' title='bbox 3537 502 3742 580; x_wconf 76' lang='grc' dir='ltr'>βῆλον,</span> 
     </span>
    </p>
   </div>
   <div class='ocr_carea' id='block_1_6' title="bbox 326 601 1974 676">
    <p class='ocr_par' dir='ltr' id='par_1_6' title="bbox 326 601 1974 676">
     <span class='ocr_line' id='line_1_6' title="bbox 326 601 1974 676; baseline -0.003 -14"><span class='ocrx_word' id='word_1_20' title='bbox 326 605 593 676; x_wconf 87' lang='lat' dir='ltr'>albisque</span> <span class='ocrx_word' id='word_1_21' title='bbox 613 603 831 659; x_wconf 82' lang='lat' dir='ltr'>tunicis</span> <span class='ocrx_word' id='word_1_22' title='bbox 871 601 1049 658; x_wconf 79' lang='lat' dir='ltr'>clavis</span> <span class='ocrx_word' id='word_1_23' title='bbox 1093 604 1286 658; x_wconf 80' lang='lat' dir='ltr'>aureis</span> <span class='ocrx_word' id='word_1_24' title='bbox 1335 604 1578 670; x_wconf 87' lang='lat' dir='ltr'>ornatis,</span> <span class='ocrx_word' id='word_1_25' title='bbox 1612 603 1712 675; x_wconf 89' lang='lat' dir='ltr'>qui</span> <span class='ocrx_word' id='word_1_26' title='bbox 1756 609 1813 658; x_wconf 91' lang='lat' dir='ltr'>et</span> <span class='ocrx_word' id='word_1_27' title='bbox 1860 603 1974 674; x_wconf 88' lang='lat' dir='ltr'>ipsi</span> 
     </span>
    </p>
   </div>
   <div class='ocr_carea' id='block_1_7' title="bbox 324 691 1973 759">
    <p class='ocr_par' dir='ltr' id='par_1_7' title="bbox 324 691 1973 759">
     <span class='ocr_line' id='line_1_7' title="bbox 324 691 1973 759; baseline -0.001 -11"><span class='ocrx_word' id='word_1_28' title='bbox 324 693 596 749; x_wconf 89' lang='lat' dir='ltr'>dominos</span> <span class='ocrx_word' id='word_1_29' title='bbox 622 691 987 759; x_wconf 79' lang='lat' dir='ltr'>osculantur,</span> <span class='ocrx_word' id='word_1_30' title='bbox 1044 695 1099 746; x_wconf 88' lang='lat' dir='ltr'>et</span> <span class='ocrx_word' id='word_1_31' title='bbox 1148 692 1220 747; x_wconf 87' lang='lat' dir='ltr'>ad</span> <span class='ocrx_word' id='word_1_32' title='bbox 1269 692 1531 747; x_wconf 82' lang='lat' dir='ltr'>dextram</span> <span class='ocrx_word' id='word_1_33' title='bbox 1576 697 1633 748; x_wconf 90' lang='lat' dir='ltr'>et</span> <span class='ocrx_word' id='word_1_34' title='bbox 1675 692 1973 747; x_wconf 89' lang='lat' dir='ltr'>sinistram</span> 
     </span>
    </p>
   </div>
   <div class='ocr_carea' id='block_1_8' title="bbox 328 779 1975 853">
    <p class='ocr_par' dir='ltr' id='par_1_8' title="bbox 328 779 1975 853">
     <span class='ocr_line' id='line_1_8' title="bbox 328 779 1975 853; baseline -0.002 -14"><span class='ocrx_word' id='word_1_35' title='bbox 328 783 439 839; x_wconf 88' lang='lat' dir='ltr'>sub</span> <span class='ocrx_word' id='word_1_36' title='bbox 470 781 567 849; x_wconf 89' lang='lat' dir='ltr'>iis,</span> <span class='ocrx_word' id='word_1_37' title='bbox 600 781 702 853; x_wconf 88' lang='lat' dir='ltr'>qui</span> <span class='ocrx_word' id='word_1_38' title='bbox 734 797 910 837; x_wconf 89' lang='lat' dir='ltr'>aurea</span> <span class='ocrx_word' id='word_1_39' title='bbox 934 779 1060 837; x_wconf 89' lang='lat' dir='ltr'>lora</span> <span class='ocrx_word' id='word_1_40' title='bbox 1094 781 1307 851; x_wconf 84' lang='lat' dir='ltr'>ferunt,</span> <span class='ocrx_word' id='word_1_41' title='bbox 1347 785 1560 837; x_wconf 86' lang='lat' dir='ltr'>astant.</span> <span class='ocrx_word' id='word_1_42' title='bbox 1608 782 1834 836; x_wconf 84' lang='lat' dir='ltr'>Rursus</span> <span class='ocrx_word' id='word_1_43' title='bbox 1881 797 1975 836; x_wconf 90' lang='lat' dir='ltr'>eo-</span> 
     </span>
    </p>
   </div>
   <div class='ocr_carea' id='block_1_9' title="bbox 326 869 1980 942">
    <p class='ocr_par' dir='ltr' id='par_1_9' title="bbox 326 869 1980 942">
     <span class='ocr_line' id='line_1_9' title="bbox 326 869 1980 942; baseline -0.002 -16"><span class='ocrx_word' id='word_1_44' title='bbox 326 871 461 926; x_wconf 86' lang='lat' dir='ltr'>dem</span> <span class='ocrx_word' id='word_1_45' title='bbox 507 886 624 942; x_wconf 92' lang='lat' dir='ltr'>quo</span> <span class='ocrx_word' id='word_1_46' title='bbox 674 884 850 941; x_wconf 83' lang='lat' dir='ltr'>supra</span> <span class='ocrx_word' id='word_1_47' title='bbox 895 869 1266 925; x_wconf 85' lang='lat' dir='ltr'>ostendimus</span> <span class='ocrx_word' id='word_1_48' title='bbox 1316 870 1431 924; x_wconf 91' lang='lat' dir='ltr'>ritu</span> <span class='ocrx_word' id='word_1_49' title='bbox 1481 870 1820 942; x_wconf 80' lang='lat' dir='ltr'>praepositus</span> <span class='ocrx_word' id='word_1_50' title='bbox 1862 870 1980 924; x_wconf 84' lang='lat' dir='ltr'>exit</span> 
     </span>
    </p>
   </div>
   <div class='ocr_carea' id='block_1_10' title="bbox 328 958 1979 1029">
    <p class='ocr_par' dir='ltr' id='par_1_10' title="bbox 328 958 1979 1029">
     <span class='ocr_line' id='line_1_10' title="bbox 328 958 1979 1029; baseline -0.001 -14"><span class='ocrx_word' id='word_1_51' title='bbox 328 958 567 1016; x_wconf 88' lang='lat' dir='ltr'>tertium</span> <span class='ocrx_word' id='word_1_52' title='bbox 599 958 812 1027; x_wconf 87' lang='lat' dir='ltr'>velum,</span> <span class='ocrx_word' id='word_1_53' title='bbox 844 958 1344 1029; x_wconf 87' lang='lat' dir='ltr'>protospatharios</span> <span class='ocrx_word' id='word_1_54' title='bbox 1377 966 1431 1013; x_wconf 90' lang='lat' dir='ltr'>et</span> <span class='ocrx_word' id='word_1_55' title='bbox 1461 958 1764 1025; x_wconf 83' lang='lat' dir='ltr'>ofﬁciales,</span> <span class='ocrx_word' id='word_1_56' title='bbox 1801 959 1979 1015; x_wconf 88' lang='lat' dir='ltr'>addu-</span> 
     </span>
    </p>
   </div>
   <div class='ocr_carea' id='block_1_11' title="bbox 330 1047 1979 1119">
    <p class='ocr_par' dir='ltr' id='par_1_11' title="bbox 330 1047 1979 1119">
     <span class='ocr_line' id='line_1_11' title="bbox 330 1047 1979 1119; baseline -0.001 -14"><span class='ocrx_word' id='word_1_57' title='bbox 330 1054 554 1119; x_wconf 85' lang='lat' dir='ltr'>cturus,</span> <span class='ocrx_word' id='word_1_58' title='bbox 587 1048 687 1119; x_wconf 89' lang='lat' dir='ltr'>qui</span> <span class='ocrx_word' id='word_1_59' title='bbox 718 1053 776 1102; x_wconf 90' lang='lat' dir='ltr'>et</span> <span class='ocrx_word' id='word_1_60' title='bbox 804 1047 918 1118; x_wconf 86' lang='lat' dir='ltr'>ipsi</span> <span class='ocrx_word' id='word_1_61' title='bbox 945 1047 1210 1103; x_wconf 86' lang='lat' dir='ltr'>dominos</span> <span class='ocrx_word' id='word_1_62' title='bbox 1243 1047 1602 1116; x_wconf 75' lang='lat' dir='ltr'>osculantur,</span> <span class='ocrx_word' id='word_1_63' title='bbox 1634 1048 1811 1119; x_wconf 90' lang='lat' dir='ltr'>inque</span> <span class='ocrx_word' id='word_1_64' title='bbox 1842 1049 1979 1104; x_wconf 88' lang='lat' dir='ltr'>dex-</span> 
     </span>
    </p>
   </div>
   <div class='ocr_carea' id='block_1_12' title="bbox 328 1137 1980 1196">
    <p class='ocr_par' dir='ltr' id='par_1_12' title="bbox 328 1137 1980 1196">
     <span class='ocr_line' id='line_1_12' title="bbox 328 1137 1980 1196; baseline 0.001 -2"><span class='ocrx_word' id='word_1_65' title='bbox 328 1142 418 1195; x_wconf 85' lang='lat' dir='ltr'>tro</span> <span class='ocrx_word' id='word_1_66' title='bbox 449 1143 506 1196; x_wconf 90' lang='lat' dir='ltr'>et</span> <span class='ocrx_word' id='word_1_67' title='bbox 537 1137 776 1193; x_wconf 88' lang='lat' dir='ltr'>sinistro</span> <span class='ocrx_word' id='word_1_68' title='bbox 808 1137 986 1192; x_wconf 86' lang='lat' dir='ltr'>latere</span> <span class='ocrx_word' id='word_1_69' title='bbox 1014 1138 1120 1192; x_wconf 92' lang='lat' dir='ltr'>sub</span> <span class='ocrx_word' id='word_1_70' title='bbox 1152 1138 1409 1193; x_wconf 90' lang='lat' dir='ltr'>secundo</span> <span class='ocrx_word' id='word_1_71' title='bbox 1440 1138 1566 1193; x_wconf 88' lang='lat' dir='ltr'>velo</span> <span class='ocrx_word' id='word_1_72' title='bbox 1588 1142 1799 1193; x_wconf 85' lang='lat' dir='ltr'>astant.</span> <span class='ocrx_word' id='word_1_73' title='bbox 1823 1139 1980 1195; x_wconf 87' lang='lat' dir='ltr'>Post-</span> 
     </span>
    </p>
   </div>
   <div class='ocr_carea' id='block_1_13' title="bbox 330 1225 1977 1299">
    <p class='ocr_par' dir='ltr' id='par_1_13' title="bbox 330 1225 1977 1299">
     <span class='ocr_line' id='line_1_13' title="bbox 330 1225 1977 1299; baseline 0 -16"><span class='ocrx_word' id='word_1_74' title='bbox 330 1229 439 1284; x_wconf 88' lang='lat' dir='ltr'>hac</span> <span class='ocrx_word' id='word_1_75' title='bbox 474 1229 673 1285; x_wconf 89' lang='lat' dir='ltr'>eodem</span> <span class='ocrx_word' id='word_1_76' title='bbox 712 1227 825 1282; x_wconf 90' lang='lat' dir='ltr'>ritu</span> <span class='ocrx_word' id='word_1_77' title='bbox 859 1241 926 1281; x_wconf 93' lang='lat' dir='ltr'>ac</span> <span class='ocrx_word' id='word_1_78' title='bbox 949 1225 1207 1281; x_wconf 84' lang='lat' dir='ltr'>diximus</span> <span class='ocrx_word' id='word_1_79' title='bbox 1230 1226 1440 1282; x_wconf 90' lang='lat' dir='ltr'>iterum</span> <span class='ocrx_word' id='word_1_80' title='bbox 1473 1228 1821 1298; x_wconf 74' lang='lat' dir='ltr'>praepositus</span> <span class='ocrx_word' id='word_1_81' title='bbox 1841 1228 1977 1299; x_wconf 81' lang='lat' dir='ltr'>exit,</span> 
     </span>
    </p>
   </div>
   <div class='ocr_carea' id='block_1_14' title="bbox 330 1313 1975 1388">
    <p class='ocr_par' dir='ltr' id='par_1_14' title="bbox 330 1313 1975 1388">
     <span class='ocr_line' id='line_1_14' title="bbox 330 1313 1975 1388; baseline -0.001 -15"><span class='ocrx_word' id='word_1_82' title='bbox 330 1323 388 1373; x_wconf 90' lang='lat' dir='ltr'>et</span> <span class='ocrx_word' id='word_1_83' title='bbox 418 1321 694 1388; x_wconf 86' lang='lat' dir='ltr'>quartum</span> <span class='ocrx_word' id='word_1_84' title='bbox 735 1313 949 1382; x_wconf 88' lang='lat' dir='ltr'>velum,</span> <span class='ocrx_word' id='word_1_85' title='bbox 974 1332 1007 1370; x_wconf 90' lang='lat' dir='ltr'>a</span> <span class='ocrx_word' id='word_1_86' title='bbox 1035 1314 1276 1371; x_wconf 86' lang='lat' dir='ltr'>secretis</span> <span class='ocrx_word' id='word_1_87' title='bbox 1314 1321 1371 1371; x_wconf 89' lang='lat' dir='ltr'>et</span> <span class='ocrx_word' id='word_1_88' title='bbox 1416 1317 1674 1372; x_wconf 86' lang='lat' dir='ltr'>notarios</span> <span class='ocrx_word' id='word_1_89' title='bbox 1723 1322 1975 1373; x_wconf 88' lang='lat' dir='ltr'>secreto-</span> 
     </span>
    </p>
   </div>
   <div class='ocr_carea' id='block_1_15' title="bbox 331 1403 1980 1476">
    <p class='ocr_par' dir='ltr' id='par_1_15' title="bbox 331 1403 1980 1476">
     <span class='ocr_line' id='line_1_15' title="bbox 331 1403 1980 1476; baseline -0.001 -13"><span class='ocrx_word' id='word_1_90' title='bbox 331 1423 479 1476; x_wconf 86' lang='lat' dir='ltr'>rum,</span> <span class='ocrx_word' id='word_1_91' title='bbox 512 1404 774 1471; x_wconf 88' lang='lat' dir='ltr'>adducit,</span> <span class='ocrx_word' id='word_1_92' title='bbox 809 1404 906 1475; x_wconf 90' lang='lat' dir='ltr'>qui</span> <span class='ocrx_word' id='word_1_93' title='bbox 940 1403 1110 1459; x_wconf 88' lang='lat' dir='ltr'>etiam</span> <span class='ocrx_word' id='word_1_94' title='bbox 1163 1404 1457 1470; x_wconf 89' lang='lat' dir='ltr'>dominos,</span> <span class='ocrx_word' id='word_1_95' title='bbox 1499 1406 1572 1461; x_wconf 90' lang='lat' dir='ltr'>ad</span> <span class='ocrx_word' id='word_1_96' title='bbox 1612 1406 1870 1462; x_wconf 86' lang='lat' dir='ltr'>dextram</span> <span class='ocrx_word' id='word_1_97' title='bbox 1923 1411 1980 1461; x_wconf 90' lang='lat' dir='ltr'>et</span> 
     </span>
    </p>
   </div>
   <div class='ocr_carea' id='block_1_16' title="bbox 328 1492 1971 1564">
    <p class='ocr_par' dir='ltr' id='par_1_16' title="bbox 328 1492 1971 1564">
     <span class='ocr_line' id='line_1_16' title="bbox 328 1492 1971 1564; baseline -0.001 -14"><span class='ocrx_word' id='word_1_98' title='bbox 328 1494 631 1550; x_wconf 88' lang='lat' dir='ltr'>sinistram</span> <span class='ocrx_word' id='word_1_99' title='bbox 663 1494 774 1549; x_wconf 92' lang='lat' dir='ltr'>sub</span> <span class='ocrx_word' id='word_1_100' title='bbox 798 1492 910 1548; x_wconf 86' lang='lat' dir='ltr'>veli</span> <span class='ocrx_word' id='word_1_101' title='bbox 941 1493 1094 1548; x_wconf 84' lang='lat' dir='ltr'>tertii</span> <span class='ocrx_word' id='word_1_102' title='bbox 1116 1493 1317 1549; x_wconf 89' lang='lat' dir='ltr'>ordine</span> <span class='ocrx_word' id='word_1_103' title='bbox 1350 1498 1593 1564; x_wconf 87' lang='lat' dir='ltr'>stantes,</span> <span class='ocrx_word' id='word_1_104' title='bbox 1616 1495 1971 1552; x_wconf 88' lang='lat' dir='ltr'>osculantur.</span> 
     </span>
    </p>
   </div>
   <div class='ocr_carea' id='block_1_17' title="bbox 2086 595 3743 674">
    <p class='ocr_par' dir='ltr' id='par_1_17' title="bbox 2086 595 3743 674">
     <span class='ocr_line' id='line_1_17' title="bbox 2086 595 3743 674; baseline -0.002 -20"><span class='ocrx_word' id='word_1_105' title='bbox 2086 598 2138 654; x_wconf 66' lang='grc' dir='ltr'>οἵ</span> <span class='ocrx_word' id='word_1_106' title='bbox 2176 620 2234 655; x_wconf 80' lang='grc' dir='ltr'>τε</span> <span class='ocrx_word' id='word_1_107' title='bbox 2274 598 2569 664; x_wconf 78' lang='grc' dir='ltr'>ἀνθύπατοι</span> <span class='ocrx_word' id='word_1_108' title='bbox 2611 599 2702 655; x_wconf 84' lang='grc' dir='ltr'>καὶ</span> <span class='ocrx_word' id='word_1_109' title='bbox 2753 598 3030 674; x_wconf 84' lang='grc' dir='ltr'>πατρίκιοι</span> <span class='ocrx_word' id='word_1_110' title='bbox 3076 595 3211 670; x_wconf 83' lang='grc' dir='ltr'>μετᾶ</span> <span class='ocrx_word' id='word_1_111' title='bbox 3248 599 3357 652; x_wconf 79' lang='grc' dir='ltr'>τῶν</span> <span class='ocrx_word' id='word_1_112' title='bbox 3401 595 3602 651; x_wconf 77' lang='grc' dir='ltr'>ἑαυτῶν</span> <span class='ocrx_word' id='word_1_113' title='bbox 3643 615 3743 651; x_wconf 84' lang='grc' dir='ltr'>κα-</span> 
     </span>
    </p>
   </div>
   <div class='ocr_carea' id='block_1_18' title="bbox 2092 682 3745 767">
    <p class='ocr_par' dir='ltr' id='par_1_18' title="bbox 2092 682 3745 767">
     <span class='ocr_line' id='line_1_18' title="bbox 2092 682 3745 767; baseline -0.002 -23"><span class='ocrx_word' id='word_1_114' title='bbox 2092 688 2305 763; x_wconf 88' lang='grc' dir='ltr'>μησίων</span> <span class='ocrx_word' id='word_1_115' title='bbox 2336 690 2426 744; x_wconf 83' lang='grc' dir='ltr'>καὶ</span> <span class='ocrx_word' id='word_1_116' title='bbox 2452 694 2558 745; x_wconf 81' lang='grc' dir='ltr'>τῶν</span> <span class='ocrx_word' id='word_1_117' title='bbox 2585 687 2793 745; x_wconf 80' lang='grc' dir='ltr'>λευκῶν</span> <span class='ocrx_word' id='word_1_118' title='bbox 2814 684 3216 767; x_wconf 76' lang='grc' dir='ltr'>χρυσοτάϐλων</span> <span class='ocrx_word' id='word_1_119' title='bbox 3239 682 3543 762; x_wconf 81' lang='grc' dir='ltr'>χλανιδίων</span> <span class='ocrx_word' id='word_1_120' title='bbox 3569 685 3612 721; x_wconf 64' lang='grc'>⁸⁵</span> <span class='ocrx_word' id='word_1_121' title='bbox 3637 687 3745 758; x_wconf 90' lang='lat'>(3),</span> 
     </span>
    </p>
   </div>
   <div class='ocr_carea' id='block_1_19' title="bbox 2085 773 3748 849">
    <p class='ocr_par' dir='ltr' id='par_1_19' title="bbox 2085 773 3748 849">
     <span class='ocr_line' id='line_1_19' title="bbox 2085 773 3748 849; baseline -0.004 -14"><span class='ocrx_word' id='word_1_122' title='bbox 2085 779 2175 835; x_wconf 86' lang='grc' dir='ltr'>καὶ</span> <span class='ocrx_word' id='word_1_123' title='bbox 2216 779 2548 849; x_wconf 83' lang='grc' dir='ltr'>ἀσπάζονται</span> <span class='ocrx_word' id='word_1_124' title='bbox 2586 779 2676 834; x_wconf 81' lang='grc' dir='ltr'>καὶ</span> <span class='ocrx_word' id='word_1_125' title='bbox 2717 778 2870 834; x_wconf 82' lang='grc' dir='ltr'>αὐτοί</span> <span class='ocrx_word' id='word_1_126' title='bbox 2917 779 3045 839; x_wconf 83' lang='grc' dir='ltr'>τοὺς</span> <span class='ocrx_word' id='word_1_127' title='bbox 3087 774 3376 847; x_wconf 81' lang='grc' dir='ltr'>δεσπότας,</span> <span class='ocrx_word' id='word_1_128' title='bbox 3420 775 3509 831; x_wconf 87' lang='lat' dir='ltr'>ml</span> <span class='ocrx_word' id='word_1_129' title='bbox 3546 773 3748 830; x_wconf 75' lang='grc' dir='ltr'>’ίσταν-</span> 
     </span>
    </p>
   </div>
   <div class='ocr_carea' id='block_1_20' title="bbox 2085 864 3753 945">
    <p class='ocr_par' dir='ltr' id='par_1_20' title="bbox 2085 864 3753 945">
     <span class='ocr_line' id='line_1_20' title="bbox 2085 864 3753 945; baseline -0.004 -22"><span class='ocrx_word' id='word_1_130' title='bbox 2085 888 2175 925; x_wconf 84' lang='grc' dir='ltr'>ται</span> <span class='ocrx_word' id='word_1_131' title='bbox 2217 865 2362 938; x_wconf 80' lang='grc' dir='ltr'>δεξιᾷ</span> <span class='ocrx_word' id='word_1_132' title='bbox 2391 869 2479 922; x_wconf 82' lang='grc' dir='ltr'>καὶ</span> <span class='ocrx_word' id='word_1_133' title='bbox 2525 867 2779 942; x_wconf 81' lang='grc' dir='ltr'>ἀριστερᾷ</span> <span class='ocrx_word' id='word_1_134' title='bbox 2821 867 3081 922; x_wconf 81' lang='grc' dir='ltr'>ὑποκάτω</span> <span class='ocrx_word' id='word_1_135' title='bbox 3128 869 3234 921; x_wconf 82' lang='grc' dir='ltr'>τῶν</span> <span class='ocrx_word' id='word_1_136' title='bbox 3265 864 3581 945; x_wconf 73' lang='grc' dir='ltr'>φορούντων</span> <span class='ocrx_word' id='word_1_137' title='bbox 3610 865 3753 924; x_wconf 74' lang='grc' dir='ltr'>τοὺς</span> 
     </span>
    </p>
   </div>
   <div class='ocr_carea' id='block_1_21' title="bbox 2090 952 3754 1036">
    <p class='ocr_par' dir='ltr' id='par_1_21' title="bbox 2090 952 3754 1036">
     <span class='ocr_line' id='line_1_21' title="bbox 2090 952 3754 1036; baseline -0.003 -25"><span class='ocrx_word' id='word_1_138' title='bbox 2090 960 2329 1036; x_wconf 78' lang='grc' dir='ltr'>χρυσοῦς</span> <span class='ocrx_word' id='word_1_139' title='bbox 2373 955 2608 1030; x_wconf 83' lang='grc' dir='ltr'>λώρους.</span> <span class='ocrx_word' id='word_1_140' title='bbox 2652 956 2750 1010; x_wconf 83' lang='grc' dir='ltr'>Καὶ</span> <span class='ocrx_word' id='word_1_141' title='bbox 2791 954 2958 1010; x_wconf 84' lang='grc' dir='ltr'>πάλιν</span> <span class='ocrx_word' id='word_1_142' title='bbox 3001 953 3277 1029; x_wconf 73' lang='grc' dir='ltr'>ἐξέρχεται</span> <span class='ocrx_word' id='word_1_143' title='bbox 3317 954 3346 1008; x_wconf 89' lang='grc' dir='ltr'>ὁ</span> <span class='ocrx_word' id='word_1_144' title='bbox 3386 952 3754 1029; x_wconf 81' lang='grc' dir='ltr'>πραιπόσιτος</span> 
     </span>
    </p>
   </div>
   <div class='ocr_carea' id='block_1_22' title="bbox 2091 1041 3756 1120">
    <p class='ocr_par' dir='ltr' id='par_1_22' title="bbox 2091 1041 3756 1120">
     <span class='ocr_line' id='line_1_22' title="bbox 2091 1041 3756 1120; baseline -0.004 -20"><span class='ocrx_word' id='word_1_145' title='bbox 2091 1045 2141 1101; x_wconf 80' lang='grc' dir='ltr'>ἐν</span> <span class='ocrx_word' id='word_1_146' title='bbox 2178 1050 2258 1117; x_wconf 83' lang='grc' dir='ltr'>τῷ</span> <span class='ocrx_word' id='word_1_147' title='bbox 2297 1045 2446 1115; x_wconf 83' lang='grc' dir='ltr'>αὐτῷ</span> <span class='ocrx_word' id='word_1_148' title='bbox 2487 1047 2737 1120; x_wconf 68' lang='grc' dir='ltr'>σχήματι</span> <span class='ocrx_word' id='word_1_149' title='bbox 2767 1045 2947 1106; x_wconf 81' lang='grc' dir='ltr'>καθὼς</span> <span class='ocrx_word' id='word_1_150' title='bbox 2989 1043 3080 1099; x_wconf 85' lang='lat' dir='ltr'>ml</span> <span class='ocrx_word' id='word_1_151' title='bbox 3119 1043 3469 1117; x_wconf 74' lang='grc' dir='ltr'>προείρηται,</span> <span class='ocrx_word' id='word_1_152' title='bbox 3510 1042 3597 1096; x_wconf 88' lang='lat' dir='ltr'>ml</span> <span class='ocrx_word' id='word_1_153' title='bbox 3638 1041 3756 1096; x_wconf 78' lang='grc' dir='ltr'>εἷσ-</span> 
     </span>
    </p>
   </div>
   <div class='ocr_carea' id='block_1_23' title="bbox 2088 1131 3755 1210">
    <p class='ocr_par' dir='ltr' id='par_1_23' title="bbox 2088 1131 3755 1210">
     <span class='ocr_line' id='line_1_23' title="bbox 2088 1131 3755 1210; baseline -0.003 -21"><span class='ocrx_word' id='word_1_154' title='bbox 2088 1136 2203 1209; x_wconf 83' lang='grc' dir='ltr'>άγει</span> <span class='ocrx_word' id='word_1_155' title='bbox 2241 1134 2288 1210; x_wconf 83' lang='grc' dir='ltr'>γ’</span> <span class='ocrx_word' id='word_1_156' title='bbox 2332 1133 2533 1210; x_wconf 82' lang='grc' dir='ltr'>βῆλον,</span> <span class='ocrx_word' id='word_1_157' title='bbox 2589 1135 2717 1198; x_wconf 84' lang='grc' dir='ltr'>τοὺς</span> <span class='ocrx_word' id='word_1_158' title='bbox 2772 1131 3301 1208; x_wconf 84' lang='grc' dir='ltr'>πρωτοσπαθαρίους</span> <span class='ocrx_word' id='word_1_159' title='bbox 3331 1134 3409 1207; x_wconf 78' lang='grc'>(4)</span> <span class='ocrx_word' id='word_1_160' title='bbox 3449 1132 3537 1185; x_wconf 83' lang='lat' dir='ltr'>ml</span> <span class='ocrx_word' id='word_1_161' title='bbox 3578 1132 3755 1210; x_wconf 71' lang='grc' dir='ltr'>ὀφφι-</span> 
     </span>
    </p>
   </div>
   <div class='ocr_carea' id='block_1_24' title="bbox 2085 1220 3752 1296">
    <p class='ocr_par' dir='ltr' id='par_1_24' title="bbox 2085 1220 3752 1296">
     <span class='ocr_line' id='line_1_24' title="bbox 2085 1220 3752 1296; baseline -0.002 -17"><span class='ocrx_word' id='word_1_162' title='bbox 2085 1224 2357 1296; x_wconf 81' lang='grc' dir='ltr'>κιαλίους,</span> <span class='ocrx_word' id='word_1_163' title='bbox 2418 1225 2511 1279; x_wconf 79' lang='grc' dir='ltr'>καὶ</span> <span class='ocrx_word' id='word_1_164' title='bbox 2573 1225 2900 1293; x_wconf 84' lang='grc' dir='ltr'>ἀσπαζονται</span> <span class='ocrx_word' id='word_1_165' title='bbox 2957 1222 3048 1278; x_wconf 88' lang='lat' dir='ltr'>ml</span> <span class='ocrx_word' id='word_1_166' title='bbox 3095 1223 3250 1277; x_wconf 81' lang='grc' dir='ltr'>αὐτοὶ</span> <span class='ocrx_word' id='word_1_167' title='bbox 3290 1221 3416 1282; x_wconf 80' lang='grc' dir='ltr'>τοὺς</span> <span class='ocrx_word' id='word_1_168' title='bbox 3459 1220 3752 1291; x_wconf 82' lang='grc' dir='ltr'>δεσπότας,</span> 
     </span>
    </p>
   </div>
   <div class='ocr_carea' id='block_1_25' title="bbox 2086 1307 3752 1385">
    <p class='ocr_par' dir='ltr' id='par_1_25' title="bbox 2086 1307 3752 1385">
     <span class='ocr_line' id='line_1_25' title="bbox 2086 1307 3752 1385; baseline -0.003 -16"><span class='ocrx_word' id='word_1_169' title='bbox 2086 1316 2178 1369; x_wconf 82' lang='grc' dir='ltr'>καὶ</span> <span class='ocrx_word' id='word_1_170' title='bbox 2212 1312 2459 1370; x_wconf 73' lang='grc' dir='ltr'>’ίστανται</span> <span class='ocrx_word' id='word_1_171' title='bbox 2497 1312 2588 1368; x_wconf 82' lang='grc' dir='ltr'>καὶ</span> <span class='ocrx_word' id='word_1_172' title='bbox 2624 1311 2780 1368; x_wconf 70' lang='grc' dir='ltr'>αὑτοὶ</span> <span class='ocrx_word' id='word_1_173' title='bbox 2817 1310 2963 1385; x_wconf 79' lang='grc' dir='ltr'>δεξιᾷ</span> <span class='ocrx_word' id='word_1_174' title='bbox 2983 1310 3072 1366; x_wconf 81' lang='grc' dir='ltr'>καὶ</span> <span class='ocrx_word' id='word_1_175' title='bbox 3094 1309 3246 1366; x_wconf 82' lang='grc' dir='ltr'>αὐτοὶ</span> <span class='ocrx_word' id='word_1_176' title='bbox 3288 1308 3415 1371; x_wconf 78' lang='grc' dir='ltr'>τοὺς</span> <span class='ocrx_word' id='word_1_177' title='bbox 3455 1307 3752 1380; x_wconf 84' lang='grc' dir='ltr'>δεσπότας,</span> 
     </span>
    </p>
   </div>
   <div class='ocr_carea' id='block_1_26' title="bbox 2083 1396 3749 1479">
    <p class='ocr_par' dir='ltr' id='par_1_26' title="bbox 2083 1396 3749 1479">
     <span class='ocr_line' id='line_1_26' title="bbox 2083 1396 3749 1479; baseline -0.003 -21"><span class='ocrx_word' id='word_1_178' title='bbox 2083 1407 2181 1459; x_wconf 78' lang='grc' dir='ltr'>τοῦ</span> <span class='ocrx_word' id='word_1_179' title='bbox 2221 1401 2475 1478; x_wconf 71' lang='grc' dir='ltr'>δευτέρου</span> <span class='ocrx_word' id='word_1_180' title='bbox 2517 1404 2719 1479; x_wconf 81' lang='grc' dir='ltr'>βήλου,</span> <span class='ocrx_word' id='word_1_181' title='bbox 2760 1402 2851 1457; x_wconf 78' lang='grc' dir='ltr'>καὶ</span> <span class='ocrx_word' id='word_1_182' title='bbox 2892 1401 3058 1457; x_wconf 87' lang='grc' dir='ltr'>πάλιν</span> <span class='ocrx_word' id='word_1_183' title='bbox 3106 1400 3240 1474; x_wconf 85' lang='grc' dir='ltr'>μετά</span> <span class='ocrx_word' id='word_1_184' title='bbox 3267 1403 3430 1454; x_wconf 73' lang='grc' dir='ltr'>τοῦτο</span> <span class='ocrx_word' id='word_1_185' title='bbox 3461 1396 3749 1473; x_wconf 72' lang='grc' dir='ltr'>ἐξέρχεται</span> 
     </span>
    </p>
   </div>
   <div class='ocr_carea' id='block_1_27' title="bbox 2085 1488 3749 1567">
    <p class='ocr_par' dir='ltr' id='par_1_27' title="bbox 2085 1488 3749 1567">
     <span class='ocr_line' id='line_1_27' title="bbox 2085 1488 3749 1567; baseline -0.004 -18"><span class='ocrx_word' id='word_1_186' title='bbox 2085 1494 2138 1549; x_wconf 81' lang='grc' dir='ltr'>ὲν</span> <span class='ocrx_word' id='word_1_187' title='bbox 2175 1493 2255 1566; x_wconf 79' lang='grc' dir='ltr'>τῷ</span> <span class='ocrx_word' id='word_1_188' title='bbox 2297 1494 2445 1566; x_wconf 82' lang='grc' dir='ltr'>αὐτῷ</span> <span class='ocrx_word' id='word_1_189' title='bbox 2484 1495 2734 1567; x_wconf 84' lang='grc' dir='ltr'>σχήματι</span> <span class='ocrx_word' id='word_1_190' title='bbox 2775 1493 2803 1547; x_wconf 98' lang='lat'>6</span> <span class='ocrx_word' id='word_1_191' title='bbox 2843 1491 3208 1567; x_wconf 89' lang='grc' dir='ltr'>πραιπόσιτος</span> <span class='ocrx_word' id='word_1_192' title='bbox 3245 1489 3429 1552; x_wconf 80' lang='grc' dir='ltr'>καθὼς</span> <span class='ocrx_word' id='word_1_193' title='bbox 3467 1488 3559 1543; x_wconf 80' lang='grc' dir='ltr'>καὶ</span> <span class='ocrx_word' id='word_1_194' title='bbox 3599 1508 3749 1563; x_wconf 84' lang='grc' dir='ltr'>προ-</span> 
     </span>
    </p>
   </div>
   <div class='ocr_carea' id='block_1_28' title="bbox 326 1578 3753 1659">
    <p class='ocr_par' dir='ltr' id='par_1_28' title="bbox 326 1578 3753 1659">
     <span class='ocr_line' id='line_1_28' title="bbox 326 1578 3753 1659; baseline -0.002 -20"><span class='ocrx_word' id='word_1_195' title='bbox 326 1584 654 1659; x_wconf 71' lang='grc' dir='ltr'>γέγραπται,</span> <span class='ocrx_word' id='word_1_196' title='bbox 709 1582 798 1636; x_wconf 83' lang='grc' dir='ltr'>καὶ</span> <span class='ocrx_word' id='word_1_197' title='bbox 861 1579 1060 1657; x_wconf 79' lang='grc' dir='ltr'>εἰσάγει</span> <span class='ocrx_word' id='word_1_198' title='bbox 1116 1578 1159 1636; x_wconf 73' lang='grc' dir='ltr'>δ’</span> <span class='ocrx_word' id='word_1_199' title='bbox 1208 1579 1405 1657; x_wconf 83' lang='grc' dir='ltr'>βῆλον,</span> <span class='ocrx_word' id='word_1_200' title='bbox 1464 1581 1592 1646; x_wconf 79' lang='grc' dir='ltr'>τοὺς</span> <span class='ocrx_word' id='word_1_201' title='bbox 1644 1583 1958 1659; x_wconf 70' lang='grc' dir='ltr'>ἆσηκρῆτας</span> <span class='ocrx_word' id='word_1_202' title='bbox 2011 1584 2102 1639; x_wconf 83' lang='grc' dir='ltr'>καὶ</span> <span class='ocrx_word' id='word_1_203' title='bbox 2155 1584 2445 1659; x_wconf 89' lang='grc' dir='ltr'>νοταρίους</span> <span class='ocrx_word' id='word_1_204' title='bbox 2493 1582 2541 1619; x_wconf 79' lang='grc'><strong>⁴⁸</strong></span> <span class='ocrx_word' id='word_1_205' title='bbox 2596 1587 2705 1638; x_wconf 82' lang='grc' dir='ltr'>τῶν</span> <span class='ocrx_word' id='word_1_206' title='bbox 2765 1580 3052 1658; x_wconf 76' lang='grc' dir='ltr'>σεκρὲτων,</span> <span class='ocrx_word' id='word_1_207' title='bbox 3110 1580 3200 1636; x_wconf 83' lang='grc' dir='ltr'>καὶ</span> <span class='ocrx_word' id='word_1_208' title='bbox 3262 1580 3594 1650; x_wconf 77' lang='grc' dir='ltr'>ἀσπάζονται</span> <span class='ocrx_word' id='word_1_209' title='bbox 3650 1578 3753 1633; x_wconf 87' lang='grc' dir='ltr'>καὶ</span> 
     </span>
    </p>
   </div>
   <div class='ocr_carea' id='block_1_29' title="bbox 326 1667 3752 1748">
    <p class='ocr_par' dir='ltr' id='par_1_29' title="bbox 326 1667 3752 1748">
     <span class='ocr_line' id='line_1_29' title="bbox 326 1667 3752 1748; baseline -0.001 -22"><span class='ocrx_word' id='word_1_210' title='bbox 326 1671 481 1727; x_wconf 82' lang='grc' dir='ltr'>αὐτοὶ</span> <span class='ocrx_word' id='word_1_211' title='bbox 537 1670 665 1734; x_wconf 81' lang='grc' dir='ltr'>τοὺς</span> <span class='ocrx_word' id='word_1_212' title='bbox 712 1667 994 1741; x_wconf 82' lang='grc' dir='ltr'>δεσπότας,</span> <span class='ocrx_word' id='word_1_213' title='bbox 1042 1670 1133 1727; x_wconf 84' lang='grc' dir='ltr'>καὶ</span> <span class='ocrx_word' id='word_1_214' title='bbox 1189 1670 1431 1727; x_wconf 83' lang='grc' dir='ltr'>ἳστανται</span> <span class='ocrx_word' id='word_1_215' title='bbox 1490 1671 1581 1728; x_wconf 81' lang='grc' dir='ltr'>καὶ</span> <span class='ocrx_word' id='word_1_216' title='bbox 1642 1672 1795 1728; x_wconf 85' lang='grc' dir='ltr'>αὐτοὶ</span> <span class='ocrx_word' id='word_1_217' title='bbox 1863 1670 2008 1745; x_wconf 75' lang='grc' dir='ltr'>διξιᾷ</span> <span class='ocrx_word' id='word_1_218' title='bbox 2063 1675 2155 1729; x_wconf 84' lang='grc' dir='ltr'>καὶ</span> <span class='ocrx_word' id='word_1_219' title='bbox 2205 1674 2462 1748; x_wconf 80' lang='grc' dir='ltr'>ἀριστερᾷ</span> <span class='ocrx_word' id='word_1_220' title='bbox 2519 1670 2773 1728; x_wconf 79' lang='grc' dir='ltr'>ὑποκάτω</span> <span class='ocrx_word' id='word_1_221' title='bbox 2829 1679 2933 1743; x_wconf 83' lang='grc' dir='ltr'>τῆς</span> <span class='ocrx_word' id='word_1_222' title='bbox 2978 1673 3179 1745; x_wconf 80' lang='grc' dir='ltr'>τάξεως</span> <span class='ocrx_word' id='word_1_223' title='bbox 3231 1674 3329 1726; x_wconf 79' lang='grc' dir='ltr'>τοῦ</span> <span class='ocrx_word' id='word_1_224' title='bbox 3383 1668 3572 1745; x_wconf 81' lang='grc' dir='ltr'>τρίτου</span> <span class='ocrx_word' id='word_1_225' title='bbox 3633 1670 3752 1743; x_wconf 78' lang='grc' dir='ltr'>βή-</span> 
     </span>
    </p>
   </div>
   <div class='ocr_carea' id='block_1_30' title="bbox 328 1760 450 1818">
    <p class='ocr_par' dir='ltr' id='par_1_30' title="bbox 328 1760 450 1818">
     <span class='ocr_line' id='line_1_30' title="bbox 328 1760 450 1818; baseline 0.008 -1"><span class='ocrx_word' id='word_1_226' title='bbox 328 1760 450 1818; x_wconf 90' lang='grc' dir='ltr'>λου.</span> 
     </span>
    </p>
   </div>
   <div class='ocr_carea' id='block_1_31' title="bbox 396 1849 1978 1928">
    <p class='ocr_par' dir='ltr' id='par_1_31' title="bbox 396 1852 1974 1928">
     <span class='ocr_line' id='line_1_31' title="bbox 396 1852 1974 1928; baseline 0.001 -18"><span class='ocrx_word' id='word_1_227' title='bbox 396 1855 517 1910; x_wconf 86' lang='grc' dir='ltr'>ΧΧ.</span> <span class='ocrx_word' id='word_1_228' title='bbox 549 1854 644 1910; x_wconf 89' lang='lat' dir='ltr'>Sic</span> <span class='ocrx_word' id='word_1_229' title='bbox 669 1852 946 1909; x_wconf 91' lang='lat' dir='ltr'>omnibus</span> <span class='ocrx_word' id='word_1_230' title='bbox 970 1853 1028 1908; x_wconf 91' lang='lat' dir='ltr'>in</span> <span class='ocrx_word' id='word_1_231' title='bbox 1058 1852 1199 1909; x_wconf 89' lang='lat' dir='ltr'>locis</span> <span class='ocrx_word' id='word_1_232' title='bbox 1229 1854 1353 1910; x_wconf 89' lang='lat' dir='ltr'>suis</span> <span class='ocrx_word' id='word_1_233' title='bbox 1377 1854 1731 1926; x_wconf 88' lang='lat' dir='ltr'>constitutis,</span> <span class='ocrx_word' id='word_1_234' title='bbox 1753 1870 1974 1928; x_wconf 70' lang='lat' dir='ltr'>praepo-</span> 
     </span>
    </p>
   </div>
   <div class='ocr_carea' id='block_1_32' title="bbox 2089 1849 3757 1928">
    <p class='ocr_par' dir='ltr' id='par_1_32' title="bbox 2165 1849 3757 1919">
     <span class='ocr_line' id='line_1_32' title="bbox 2165 1849 3757 1919; baseline -0.005 -7"><span class='ocrx_word' id='word_1_235' title='bbox 2165 1854 2245 1912; x_wconf 85' lang='lat' dir='ltr'>K&#39;.</span> <span class='ocrx_word' id='word_1_236' title='bbox 2290 1856 2387 1911; x_wconf 80' lang='grc' dir='ltr'>Καὶ</span> <span class='ocrx_word' id='word_1_237' title='bbox 2427 1855 2646 1909; x_wconf 83' lang='grc' dir='ltr'>πάντων</span> <span class='ocrx_word' id='word_1_238' title='bbox 2705 1852 2946 1909; x_wconf 82' lang='grc' dir='ltr'>στάντων</span> <span class='ocrx_word' id='word_1_239' title='bbox 3002 1852 3079 1916; x_wconf 81' lang='grc' dir='ltr'>εἷς</span> <span class='ocrx_word' id='word_1_240' title='bbox 3137 1851 3264 1915; x_wconf 75' lang='grc' dir='ltr'>τοὺς</span> <span class='ocrx_word' id='word_1_241' title='bbox 3311 1849 3485 1915; x_wconf 73' lang='grc' dir='ltr'>ἰδίους</span> <span class='ocrx_word' id='word_1_242' title='bbox 3519 1849 3757 1919; x_wconf 84' lang='grc' dir='ltr'>τόπους,</span> 
     </span>
    </p>
   </div>
   <div class='ocr_carea' id='block_1_33' title="bbox 326 1942 1978 2001">
    <p class='ocr_par' dir='ltr' id='par_1_33' title="bbox 326 1942 1978 2001">
     <span class='ocr_line' id='line_1_33' title="bbox 326 1942 1978 2001; baseline -0.001 -1"><span class='ocrx_word' id='word_1_243' title='bbox 326 1943 480 2000; x_wconf 92' lang='lat' dir='ltr'>situs</span> <span class='ocrx_word' id='word_1_244' title='bbox 507 1959 712 1999; x_wconf 89' lang='lat' dir='ltr'>canore</span> <span class='ocrx_word' id='word_1_245' title='bbox 743 1949 799 1998; x_wconf 91' lang='lat' dir='ltr'>et</span> <span class='ocrx_word' id='word_1_246' title='bbox 830 1942 1171 1999; x_wconf 78' lang='lat' dir='ltr'>harmoniae</span> <span class='ocrx_word' id='word_1_247' title='bbox 1204 1943 1343 1999; x_wconf 91' lang='lat' dir='ltr'>dicit</span> <span class='ocrx_word' id='word_1_248' title='bbox 1376 1960 1433 2000; x_wconf 79' lang='grc'>;‹‹</span> <span class='ocrx_word' id='word_1_249' title='bbox 1466 1944 1696 2000; x_wconf 88' lang='lat' dir='ltr'>Jubete.</span> <span class='ocrx_word' id='word_1_250' title='bbox 1720 1945 1978 2001; x_wconf 79' lang='lat' dir='ltr'>»Omnes</span> 
     </span>
    </p>
   </div>
   <div class='ocr_carea' id='block_1_34' title="bbox 329 2031 1974 2107">
    <p class='ocr_par' dir='ltr' id='par_1_34' title="bbox 329 2031 1974 2107">
     <span class='ocr_line' id='line_1_34' title="bbox 329 2031 1974 2107; baseline 0.002 -19"><span class='ocrx_word' id='word_1_251' title='bbox 329 2033 540 2089; x_wconf 89' lang='lat' dir='ltr'>deinde</span> <span class='ocrx_word' id='word_1_252' title='bbox 581 2031 948 2088; x_wconf 86' lang='lat' dir='ltr'>acclamant:</span> <span class='ocrx_word' id='word_1_253' title='bbox 995 2056 1016 2082; x_wconf 77' lang='grc' dir='ltr'>ι</span> <span class='ocrx_word' id='word_1_254' title='bbox 1052 2033 1113 2088; x_wconf 90' lang='lat' dir='ltr'>In</span> <span class='ocrx_word' id='word_1_255' title='bbox 1144 2032 1320 2106; x_wconf 89' lang='lat' dir='ltr'>longa</span> <span class='ocrx_word' id='word_1_256' title='bbox 1377 2039 1433 2090; x_wconf 90' lang='lat' dir='ltr'>et</span> <span class='ocrx_word' id='word_1_257' title='bbox 1481 2034 1673 2090; x_wconf 84' lang='lat' dir='ltr'>felicia</span> <span class='ocrx_word' id='word_1_258' title='bbox 1711 2042 1974 2107; x_wconf 90' lang='lat' dir='ltr'>tempora</span> 
     </span>
    </p>
   </div>
   <div class='ocr_carea' id='block_1_35' title="bbox 330 2121 1971 2191">
    <p class='ocr_par' dir='ltr' id='par_1_35' title="bbox 330 2121 1971 2191">
     <span class='ocr_line' id='line_1_35' title="bbox 330 2121 1971 2191; baseline 0.002 -14"><span class='ocrx_word' id='word_1_259' title='bbox 330 2121 484 2177; x_wconf 91' lang='lat' dir='ltr'>Deus</span> <span class='ocrx_word' id='word_1_260' title='bbox 506 2121 734 2191; x_wconf 87' lang='lat' dir='ltr'>justam</span> <span class='ocrx_word' id='word_1_261' title='bbox 758 2121 1129 2191; x_wconf 88' lang='lat' dir='ltr'>majestatem</span> <span class='ocrx_word' id='word_1_262' title='bbox 1160 2127 1413 2178; x_wconf 89' lang='lat' dir='ltr'>vestram</span> <span class='ocrx_word' id='word_1_263' title='bbox 1448 2122 1722 2179; x_wconf 81' lang='lat' dir='ltr'>inducat!</span> <span class='ocrx_word' id='word_1_264' title='bbox 1757 2145 1785 2173; x_wconf 87' lang='grc'><strong>››</strong></span> <span class='ocrx_word' id='word_1_265' title='bbox 1827 2140 1971 2179; x_wconf 88' lang='lat' dir='ltr'>cun-</span> 
     </span>
    </p>
   </div>
   <div class='ocr_carea' id='block_1_36' title="bbox 329 2208 1972 2284">
    <p class='ocr_par' dir='ltr' id='par_1_36' title="bbox 329 2208 1972 2284">
     <span class='ocr_line' id='line_1_36' title="bbox 329 2208 1972 2284; baseline 0.001 -17"><span class='ocrx_word' id='word_1_266' title='bbox 329 2210 555 2282; x_wconf 85' lang='lat' dir='ltr'>ctisque</span> <span class='ocrx_word' id='word_1_267' title='bbox 581 2208 847 2280; x_wconf 81' lang='lat' dir='ltr'>egressis,</span> <span class='ocrx_word' id='word_1_268' title='bbox 880 2214 1131 2280; x_wconf 84' lang='lat' dir='ltr'>surgunt</span> <span class='ocrx_word' id='word_1_269' title='bbox 1163 2210 1408 2281; x_wconf 89' lang='lat' dir='ltr'>domini,</span> <span class='ocrx_word' id='word_1_270' title='bbox 1458 2216 1515 2267; x_wconf 91' lang='lat' dir='ltr'>et</span> <span class='ocrx_word' id='word_1_271' title='bbox 1544 2227 1822 2284; x_wconf 85' lang='lat' dir='ltr'>magnum</span> <span class='ocrx_word' id='word_1_272' title='bbox 1874 2229 1972 2269; x_wconf 87' lang='lat' dir='ltr'>ac-</span> 
     </span>
    </p>
   </div>
   <div class='ocr_carea' id='block_1_37' title="bbox 327 2297 1970 2370">
    <p class='ocr_par' dir='ltr' id='par_1_37' title="bbox 327 2297 1970 2370">
     <span class='ocr_line' id='line_1_37' title="bbox 327 2297 1970 2370; baseline 0.001 -14"><span class='ocrx_word' id='word_1_273' title='bbox 327 2298 590 2356; x_wconf 74' lang='lat' dir='ltr'>cubitbm</span> <span class='ocrx_word' id='word_1_274' title='bbox 610 2314 742 2354; x_wconf 91' lang='lat' dir='ltr'>cum</span> <span class='ocrx_word' id='word_1_275' title='bbox 768 2297 1155 2370; x_wconf 43' lang='lat' dir='ltr'>praepositislel</span> <span class='ocrx_word' id='word_1_276' title='bbox 1182 2298 1559 2356; x_wconf 88' lang='lat' dir='ltr'>cubiculariis</span> <span class='ocrx_word' id='word_1_277' title='bbox 1570 2300 1712 2357; x_wconf 90' lang='lat' dir='ltr'>solis</span> <span class='ocrx_word' id='word_1_278' title='bbox 1730 2302 1970 2359; x_wconf 89' lang='lat' dir='ltr'>intrant.</span> 
     </span>
    </p>
   </div>
   <div class='ocr_carea' id='block_1_38' title="bbox 333 2386 1971 2462">
    <p class='ocr_par' dir='ltr' id='par_1_38' title="bbox 333 2386 1971 2462">
     <span class='ocr_line' id='line_1_38' title="bbox 333 2386 1971 2462; baseline 0 -15"><span class='ocrx_word' id='word_1_279' title='bbox 333 2391 401 2448; x_wconf 87' lang='lat' dir='ltr'>In</span> <span class='ocrx_word' id='word_1_280' title='bbox 429 2388 721 2459; x_wconf 84' lang='lat' dir='ltr'>argenteis</span> <span class='ocrx_word' id='word_1_281' title='bbox 752 2388 878 2458; x_wconf 85' lang='lat' dir='ltr'>ejus</span> <span class='ocrx_word' id='word_1_282' title='bbox 917 2386 1157 2443; x_wconf 84' lang='lat' dir='ltr'>triclinii</span> <span class='ocrx_word' id='word_1_283' title='bbox 1206 2388 1498 2446; x_wconf 90' lang='lat' dir='ltr'>columnis</span> <span class='ocrx_word' id='word_1_284' title='bbox 1548 2389 1672 2445; x_wconf 92' lang='lat' dir='ltr'>vela</span> <span class='ocrx_word' id='word_1_285' title='bbox 1723 2406 1971 2462; x_wconf 90' lang='lat' dir='ltr'>suspen-</span> 
     </span>
    </p>
   </div>
   <div class='ocr_carea' id='block_1_39' title="bbox 329 2476 1971 2552">
    <p class='ocr_par' dir='ltr' id='par_1_39' title="bbox 329 2476 1971 2552">
     <span class='ocr_line' id='line_1_39' title="bbox 329 2476 1971 2552; baseline 0.001 -17"><span class='ocrx_word' id='word_1_286' title='bbox 329 2478 834 2546; x_wconf 89' lang='lat' dir='ltr'>duntur,ne,dum</span> <span class='ocrx_word' id='word_1_287' title='bbox 860 2476 1971 2552; x_wconf 89' lang='lat' dir='ltr'>lorainduuntdomini,conspiciantur:</span> 
     </span>
    </p>
   </div>
   <div class='ocr_carea' id='block_1_40' title="bbox 328 2566 1973 2641">
    <p class='ocr_par' dir='ltr' id='par_1_40' title="bbox 328 2566 1973 2641">
     <span class='ocr_line' id='line_1_40' title="bbox 328 2566 1973 2641; baseline 0.001 -18"><span class='ocrx_word' id='word_1_288' title='bbox 328 2567 409 2623; x_wconf 88' lang='lat' dir='ltr'>ibi</span> <span class='ocrx_word' id='word_1_289' title='bbox 440 2566 594 2622; x_wconf 80' lang='lat' dir='ltr'>enim</span> <span class='ocrx_word' id='word_1_290' title='bbox 629 2570 946 2622; x_wconf 89' lang='lat' dir='ltr'>mutatores</span> <span class='ocrx_word' id='word_1_291' title='bbox 978 2566 1231 2623; x_wconf 88' lang='lat' dir='ltr'>cubiculi</span> <span class='ocrx_word' id='word_1_292' title='bbox 1254 2573 1309 2622; x_wconf 90' lang='lat' dir='ltr'>et</span> <span class='ocrx_word' id='word_1_293' title='bbox 1339 2570 1643 2625; x_wconf 87' lang='lat' dir='ltr'>vestitores</span> <span class='ocrx_word' id='word_1_294' title='bbox 1661 2585 1792 2624; x_wconf 91' lang='lat' dir='ltr'>cum</span> <span class='ocrx_word' id='word_1_295' title='bbox 1831 2586 1973 2641; x_wconf 70' lang='lat' dir='ltr'>prae-</span> 
     </span>
    </p>
   </div>
   <div class='ocr_carea' id='block_1_41' title="bbox 329 2654 1976 2728">
    <p class='ocr_par' dir='ltr' id='par_1_41' title="bbox 329 2654 1976 2728">
     <span class='ocr_line' id='line_1_41' title="bbox 329 2654 1976 2728; baseline 0.002 -16"><span class='ocrx_word' id='word_1_296' title='bbox 329 2656 555 2728; x_wconf 89' lang='lat' dir='ltr'>positis,</span> <span class='ocrx_word' id='word_1_297' title='bbox 580 2654 975 2712; x_wconf 87' lang='lat' dir='ltr'>secundicerio</span> <span class='ocrx_word' id='word_1_298' title='bbox 1024 2660 1082 2711; x_wconf 89' lang='lat' dir='ltr'>et</span> <span class='ocrx_word' id='word_1_299' title='bbox 1138 2656 1512 2714; x_wconf 87' lang='lat' dir='ltr'>cubiculariis</span> <span class='ocrx_word' id='word_1_300' title='bbox 1554 2658 1811 2714; x_wconf 90' lang='lat' dir='ltr'>dominis</span> <span class='ocrx_word' id='word_1_301' title='bbox 1852 2660 1976 2715; x_wconf 91' lang='lat' dir='ltr'>lora</span> 
     </span>
    </p>
   </div>
   <div class='ocr_carea' id='block_1_42' title="bbox 325 2746 1974 2821">
    <p class='ocr_par' dir='ltr' id='par_1_42' title="bbox 325 2746 1974 2821">
     <span class='ocr_line' id='line_1_42' title="bbox 325 2746 1974 2821; baseline 0.002 -20"><span class='ocrx_word' id='word_1_302' title='bbox 325 2747 601 2802; x_wconf 88' lang='lat' dir='ltr'>induunt.</span> <span class='ocrx_word' id='word_1_303' title='bbox 663 2746 763 2800; x_wconf 75' lang='grc'>16</span> <span class='ocrx_word' id='word_1_304' title='bbox 822 2747 947 2811; x_wconf 90' lang='lat' dir='ltr'>Quo</span> <span class='ocrx_word' id='word_1_305' title='bbox 999 2746 1150 2802; x_wconf 81' lang='lat' dir='ltr'>facto</span> <span class='ocrx_word' id='word_1_306' title='bbox 1200 2747 1462 2802; x_wconf 87' lang='lat' dir='ltr'>coronati</span> <span class='ocrx_word' id='word_1_307' title='bbox 1538 2765 1572 2803; x_wconf 91' lang='lat' dir='ltr'>a</span> <span class='ocrx_word' id='word_1_308' title='bbox 1646 2749 1974 2821; x_wconf 82' lang='lat' dir='ltr'>praepositis</span> 
     </span>
    </p>
   </div>
   <div class='ocr_carea' id='block_1_43' title="bbox 325 2834 1973 2911">
    <p class='ocr_par' dir='ltr' id='par_1_43' title="bbox 325 2834 1973 2911">
     <span class='ocr_line' id='line_1_43' title="bbox 325 2834 1973 2911; baseline 0.002 -20"><span class='ocrx_word' id='word_1_309' title='bbox 325 2835 547 2891; x_wconf 86' lang='lat' dir='ltr'>domini</span> <span class='ocrx_word' id='word_1_310' title='bbox 582 2835 783 2891; x_wconf 83' lang='lat' dir='ltr'>dextra</span> <span class='ocrx_word' id='word_1_311' title='bbox 814 2834 1090 2903; x_wconf 88' lang='lat' dir='ltr'>acaciam,</span> <span class='ocrx_word' id='word_1_312' title='bbox 1124 2836 1363 2892; x_wconf 88' lang='lat' dir='ltr'>sinistra</span> <span class='ocrx_word' id='word_1_313' title='bbox 1394 2852 1595 2893; x_wconf 90' lang='lat' dir='ltr'>cruces</span> <span class='ocrx_word' id='word_1_314' title='bbox 1638 2854 1842 2893; x_wconf 88' lang='lat' dir='ltr'>aureas</span> <span class='ocrx_word' id='word_1_315' title='bbox 1870 2854 1973 2911; x_wconf 86' lang='lat' dir='ltr'>ge-</span> 
     </span>
    </p>
   </div>
   <div class='ocr_carea' id='block_1_44' title="bbox 326 2926 1975 3001">
    <p class='ocr_par' dir='ltr' id='par_1_44' title="bbox 326 2926 1975 3001">
     <span class='ocr_line' id='line_1_44' title="bbox 326 2926 1975 3001; baseline 0.004 -22"><span class='ocrx_word' id='word_1_316' title='bbox 326 2926 436 2980; x_wconf 88' lang='lat' dir='ltr'>mis</span> <span class='ocrx_word' id='word_1_317' title='bbox 460 2931 515 2981; x_wconf 89' lang='lat' dir='ltr'>et</span> <span class='ocrx_word' id='word_1_318' title='bbox 573 2926 905 2994; x_wconf 79' lang='lat' dir='ltr'>margariris</span> <span class='ocrx_word' id='word_1_319' title='bbox 952 2931 1186 2979; x_wconf 90' lang='lat' dir='ltr'>ornatas</span> <span class='ocrx_word' id='word_1_320' title='bbox 1244 2934 1509 2993; x_wconf 81' lang='lat' dir='ltr'>sumunt,</span> <span class='ocrx_word' id='word_1_321' title='bbox 1568 2944 1822 3001; x_wconf 90' lang='lat' dir='ltr'>cumque</span> <span class='ocrx_word' id='word_1_322' title='bbox 1872 2946 1975 3000; x_wconf 89' lang='lat' dir='ltr'>per</span> 
     </span>
    </p>
   </div>
   <div class='ocr_carea' id='block_1_45' title="bbox 325 3012 1974 3086">
    <p class='ocr_par' dir='ltr' id='par_1_45' title="bbox 325 3012 1974 3086">
     <span class='ocr_line' id='line_1_45' title="bbox 325 3012 1974 3086; baseline 0.004 -18"><span class='ocrx_word' id='word_1_323' title='bbox 325 3013 543 3085; x_wconf 87' lang='lat' dir='ltr'>gradus</span> <span class='ocrx_word' id='word_1_324' title='bbox 573 3012 950 3069; x_wconf 89' lang='lat' dir='ltr'>accubituum</span> <span class='ocrx_word' id='word_1_325' title='bbox 1009 3012 1458 3086; x_wconf 90' lang='lat' dir='ltr'>descenderunt,</span> <span class='ocrx_word' id='word_1_326' title='bbox 1513 3016 1875 3073; x_wconf 82' lang='lat' dir='ltr'>manclavitss</span> <span class='ocrx_word' id='word_1_327' title='bbox 1920 3026 1974 3074; x_wconf 92' lang='lat' dir='ltr'>et</span> 
     </span>
    </p>
   </div>
   <div class='ocr_carea' id='block_1_46' title="bbox 2088 1937 3764 2019">
    <p class='ocr_par' dir='ltr' id='par_1_46' title="bbox 2088 1937 3764 2019">
     <span class='ocr_line' id='line_1_46' title="bbox 2088 1937 3764 2019; baseline -0.004 -19"><span class='ocrx_word' id='word_1_328' title='bbox 2088 1941 2236 2019; x_wconf 70' lang='grc' dir='ltr'>λέγει</span> <span class='ocrx_word' id='word_1_329' title='bbox 2278 1942 2369 1999; x_wconf 85' lang='grc' dir='ltr'>διὰ</span> <span class='ocrx_word' id='word_1_330' title='bbox 2419 1944 2464 1981; x_wconf 83' lang='grc'>⁴⁷</span> <span class='ocrx_word' id='word_1_331' title='bbox 2523 1943 2797 2016; x_wconf 81' lang='grc' dir='ltr'>νεύματος</span> <span class='ocrx_word' id='word_1_332' title='bbox 2850 1946 2949 1997; x_wconf 80' lang='grc' dir='ltr'>τοῦ</span> <span class='ocrx_word' id='word_1_333' title='bbox 3009 1938 3277 1997; x_wconf 86' lang='grc' dir='ltr'>δεσπότου</span> <span class='ocrx_word' id='word_1_334' title='bbox 3318 1943 3347 1996; x_wconf 90' lang='lat'>6</span> <span class='ocrx_word' id='word_1_335' title='bbox 3386 1937 3764 2014; x_wconf 83' lang='grc' dir='ltr'>πραιπόσιτος</span> 
     </span>
    </p>
   </div>
   <div class='ocr_carea' id='block_1_47' title="bbox 2084 2027 3766 2107">
    <p class='ocr_par' dir='ltr' id='par_1_47' title="bbox 2084 2027 3766 2107">
     <span class='ocr_line' id='line_1_47' title="bbox 2084 2027 3766 2107; baseline -0.004 -19"><span class='ocrx_word' id='word_1_336' title='bbox 2084 2032 2308 2107; x_wconf 79' lang='grc' dir='ltr'>εὐήχως</span> <span class='ocrx_word' id='word_1_337' title='bbox 2361 2053 2481 2096; x_wconf 87' lang='grc' dir='ltr'>πως</span> <span class='ocrx_word' id='word_1_338' title='bbox 2530 2033 2621 2087; x_wconf 83' lang='grc' dir='ltr'>καὶ</span> <span class='ocrx_word' id='word_1_339' title='bbox 2688 2030 3052 2107; x_wconf 73' lang='grc' dir='ltr'>ἐναρμονίως’</span> <span class='ocrx_word' id='word_1_340' title='bbox 3112 2053 3142 2082; x_wconf 89' lang='grc'>‹‹</span> <span class='ocrx_word' id='word_1_341' title='bbox 3178 2030 3497 2085; x_wconf 74' lang='grc' dir='ltr'>Κελεύσατε.</span> <span class='ocrx_word' id='word_1_342' title='bbox 3531 2053 3558 2080; x_wconf 92' lang='grc'><strong>››</strong></span> <span class='ocrx_word' id='word_1_343' title='bbox 3644 2027 3766 2085; x_wconf 83' lang='grc' dir='ltr'>Καὶ</span> 
     </span>
    </p>
   </div>
   <div class='ocr_carea' id='block_1_48' title="bbox 2088 2116 3761 2196">
    <p class='ocr_par' dir='ltr' id='par_1_48' title="bbox 2088 2116 3761 2196">
     <span class='ocr_line' id='line_1_48' title="bbox 2088 2116 3761 2196; baseline -0.002 -20"><span class='ocrx_word' id='word_1_344' title='bbox 2088 2121 2223 2195; x_wconf 81' lang='grc' dir='ltr'>μετὰ</span> <span class='ocrx_word' id='word_1_345' title='bbox 2259 2125 2421 2177; x_wconf 80' lang='grc' dir='ltr'>τοῦτο</span> <span class='ocrx_word' id='word_1_346' title='bbox 2461 2119 2783 2196; x_wconf 79' lang='grc' dir='ltr'>ἐπεύχονται</span> <span class='ocrx_word' id='word_1_347' title='bbox 2842 2119 3055 2175; x_wconf 80' lang='grc' dir='ltr'>πάντες·</span> <span class='ocrx_word' id='word_1_348' title='bbox 3104 2144 3132 2172; x_wconf 87' lang='grc'>‹‹</span> <span class='ocrx_word' id='word_1_349' title='bbox 3174 2118 3269 2182; x_wconf 61' lang='grc' dir='ltr'>Εἲς</span> <span class='ocrx_word' id='word_1_350' title='bbox 3310 2116 3559 2180; x_wconf 76' lang='grc' dir='ltr'>πολλοὺς</span> <span class='ocrx_word' id='word_1_351' title='bbox 3607 2119 3761 2193; x_wconf 81' lang='grc' dir='ltr'>χρό-</span> 
     </span>
    </p>
   </div>
   <div class='ocr_carea' id='block_1_49' title="bbox 2083 2206 3758 2286">
    <p class='ocr_par' dir='ltr' id='par_1_49' title="bbox 2083 2206 3758 2286">
     <span class='ocr_line' id='line_1_49' title="bbox 2083 2206 3758 2286; baseline -0.002 -20"><span class='ocrx_word' id='word_1_352' title='bbox 2083 2230 2209 2272; x_wconf 85' lang='grc' dir='ltr'>νους</span> <span class='ocrx_word' id='word_1_353' title='bbox 2252 2210 2341 2265; x_wconf 82' lang='grc' dir='ltr'>καὶ</span> <span class='ocrx_word' id='word_1_354' title='bbox 2382 2211 2620 2286; x_wconf 83' lang='grc' dir='ltr'>ἀγαθοὺς</span> <span class='ocrx_word' id='word_1_355' title='bbox 2691 2212 2719 2265; x_wconf 96' lang='lat'>6</span> <span class='ocrx_word' id='word_1_356' title='bbox 2785 2211 2917 2272; x_wconf 87' lang='grc' dir='ltr'>Θεὸς</span> <span class='ocrx_word' id='word_1_357' title='bbox 2959 2208 3153 2285; x_wconf 84' lang='grc' dir='ltr'>ἀγάγοι</span> <span class='ocrx_word' id='word_1_358' title='bbox 3193 2208 3296 2278; x_wconf 75' lang='grc' dir='ltr'>τὴν</span> <span class='ocrx_word' id='word_1_359' title='bbox 3339 2206 3549 2263; x_wconf 84' lang='grc' dir='ltr'>δικαίαν</span> <span class='ocrx_word' id='word_1_360' title='bbox 3591 2206 3758 2281; x_wconf 76' lang='grc' dir='ltr'>ὑμῶν</span> 
     </span>
    </p>
   </div>
   <div class='ocr_carea' id='block_1_50' title="bbox 2088 2294 3750 2375">
    <p class='ocr_par' dir='ltr' id='par_1_50' title="bbox 2088 2294 3750 2375">
     <span class='ocr_line' id='line_1_50' title="bbox 2088 2294 3750 2375; baseline -0.002 -20"><span class='ocrx_word' id='word_1_361' title='bbox 2088 2299 2400 2375; x_wconf 78' lang='grc' dir='ltr'>βασιλείανί</span> <span class='ocrx_word' id='word_1_362' title='bbox 2438 2324 2466 2351; x_wconf 89' lang='grc'><strong>››</strong></span> <span class='ocrx_word' id='word_1_363' title='bbox 2502 2300 2601 2356; x_wconf 81' lang='grc' dir='ltr'>Καὶ</span> <span class='ocrx_word' id='word_1_364' title='bbox 2645 2300 2779 2373; x_wconf 82' lang='grc' dir='ltr'>μετὰ</span> <span class='ocrx_word' id='word_1_365' title='bbox 2824 2301 2887 2355; x_wconf 88' lang='grc' dir='ltr'>τὸ</span> <span class='ocrx_word' id='word_1_366' title='bbox 2923 2294 3149 2369; x_wconf 73' lang='grc' dir='ltr'>’ἐκϐῆναι</span> <span class='ocrx_word' id='word_1_367' title='bbox 3187 2299 3386 2361; x_wconf 90' lang='grc' dir='ltr'>πάντας</span> <span class='ocrx_word' id='word_1_368' title='bbox 3425 2299 3750 2353; x_wconf 84' lang='grc' dir='ltr'>ἀνίστανται</span> 
     </span>
    </p>
   </div>
   <div class='ocr_carea' id='block_1_51' title="bbox 2086 2384 3743 2463">
    <p class='ocr_par' dir='ltr' id='par_1_51' title="bbox 2086 2384 3743 2463">
     <span class='ocr_line' id='line_1_51' title="bbox 2086 2384 3743 2463; baseline -0.002 -19"><span class='ocrx_word' id='word_1_369' title='bbox 2086 2390 2137 2444; x_wconf 74' lang='grc' dir='ltr'>οἱ</span> <span class='ocrx_word' id='word_1_370' title='bbox 2178 2386 2456 2459; x_wconf 80' lang='grc' dir='ltr'>δεσπόται,</span> <span class='ocrx_word' id='word_1_371' title='bbox 2499 2389 2590 2443; x_wconf 86' lang='grc' dir='ltr'>καὶ</span> <span class='ocrx_word' id='word_1_372' title='bbox 2641 2388 2957 2463; x_wconf 82' lang='grc' dir='ltr'>ἆνέρχονται</span> <span class='ocrx_word' id='word_1_373' title='bbox 3016 2387 3068 2443; x_wconf 78' lang='grc' dir='ltr'>ἐν</span> <span class='ocrx_word' id='word_1_374' title='bbox 3126 2391 3208 2461; x_wconf 82' lang='grc' dir='ltr'>τῷ</span> <span class='ocrx_word' id='word_1_375' title='bbox 3268 2384 3497 2462; x_wconf 79' lang='grc' dir='ltr'>μεγάλῳ</span> <span class='ocrx_word' id='word_1_376' title='bbox 3536 2387 3743 2441; x_wconf 64' lang='lat' dir='ltr'>dimou-</span> 
     </span>
    </p>
   </div>
   <div class='ocr_carea' id='block_1_52' title="bbox 2086 2471 3740 2551">
    <p class='ocr_par' dir='ltr' id='par_1_52' title="bbox 2086 2471 3740 2551">
     <span class='ocr_line' id='line_1_52' title="bbox 2086 2471 3740 2551; baseline -0.001 -20"><span class='ocrx_word' id='word_1_377' title='bbox 2086 2471 2222 2550; x_wconf 80' lang='grc' dir='ltr'>ϐίτῳ</span> <span class='ocrx_word' id='word_1_378' title='bbox 2285 2480 2420 2551; x_wconf 86' lang='grc' dir='ltr'>μετά</span> <span class='ocrx_word' id='word_1_379' title='bbox 2474 2484 2582 2533; x_wconf 81' lang='grc' dir='ltr'>τῶν</span> <span class='ocrx_word' id='word_1_380' title='bbox 2639 2479 3013 2551; x_wconf 86' lang='grc' dir='ltr'>πραιποσίτων</span> <span class='ocrx_word' id='word_1_381' title='bbox 3076 2477 3167 2532; x_wconf 79' lang='grc' dir='ltr'>καὶ</span> <span class='ocrx_word' id='word_1_382' title='bbox 3232 2479 3341 2532; x_wconf 85' lang='grc' dir='ltr'>τῶν</span> <span class='ocrx_word' id='word_1_383' title='bbox 3397 2479 3740 2531; x_wconf 80' lang='grc' dir='ltr'>κοιτωνιτῶν</span> 
     </span>
    </p>
   </div>
   <div class='ocr_carea' id='block_1_53' title="bbox 2085 2564 3742 2642">
    <p class='ocr_par' dir='ltr' id='par_1_53' title="bbox 2085 2564 3742 2642">
     <span class='ocr_line' id='line_1_53' title="bbox 2085 2564 3742 2642; baseline -0.001 -20"><span class='ocrx_word' id='word_1_384' title='bbox 2085 2568 2173 2623; x_wconf 82' lang='grc' dir='ltr'>καὶ</span> <span class='ocrx_word' id='word_1_385' title='bbox 2220 2568 2419 2639; x_wconf 86' lang='grc' dir='ltr'>μόνων·</span> <span class='ocrx_word' id='word_1_386' title='bbox 2478 2566 2530 2622; x_wconf 79' lang='grc' dir='ltr'>ἐν</span> <span class='ocrx_word' id='word_1_387' title='bbox 2586 2572 2703 2629; x_wconf 84' lang='grc' dir='ltr'>τοῖς</span> <span class='ocrx_word' id='word_1_388' title='bbox 2758 2566 2861 2642; x_wconf 80' lang='grc' dir='ltr'>γὰρ</span> <span class='ocrx_word' id='word_1_389' title='bbox 2916 2564 3175 2642; x_wconf 78' lang='grc' dir='ltr'>ἀργυροῖς</span> <span class='ocrx_word' id='word_1_390' title='bbox 3231 2566 3377 2620; x_wconf 82' lang='grc' dir='ltr'>κίοσι</span> <span class='ocrx_word' id='word_1_391' title='bbox 3431 2568 3528 2620; x_wconf 78' lang='grc' dir='ltr'>τοῦ</span> <span class='ocrx_word' id='word_1_392' title='bbox 3566 2564 3742 2620; x_wconf 75' lang='grc' dir='ltr'>αὐτοῦ</span> 
     </span>
    </p>
   </div>
   <div class='ocr_carea' id='block_1_54' title="bbox 2084 2651 3734 2733">
    <p class='ocr_par' dir='ltr' id='par_1_54' title="bbox 2084 2651 3734 2733">
     <span class='ocr_line' id='line_1_54' title="bbox 2084 2651 3734 2733; baseline -0.002 -21"><span class='ocrx_word' id='word_1_393' title='bbox 2084 2651 2411 2712; x_wconf 79' lang='grc' dir='ltr'>ἆκκουϐίτου</span> <span class='ocrx_word' id='word_1_394' title='bbox 2467 2657 2761 2733; x_wconf 81' lang='grc' dir='ltr'>κρέμανται</span> <span class='ocrx_word' id='word_1_395' title='bbox 2823 2654 2973 2731; x_wconf 83' lang='grc' dir='ltr'>βῆλα</span> <span class='ocrx_word' id='word_1_396' title='bbox 3029 2657 3166 2732; x_wconf 86' lang='grc' dir='ltr'>πρὸς</span> <span class='ocrx_word' id='word_1_397' title='bbox 3235 2657 3297 2711; x_wconf 84' lang='grc' dir='ltr'>τὸ</span> <span class='ocrx_word' id='word_1_398' title='bbox 3357 2656 3435 2729; x_wconf 83' lang='grc' dir='ltr'>μὴ</span> <span class='ocrx_word' id='word_1_399' title='bbox 3503 2655 3734 2729; x_wconf 79' lang='grc' dir='ltr'>ὁρᾶσθαι</span> 
     </span>
    </p>
   </div>
   <div class='ocr_carea' id='block_1_55' title="bbox 2083 2741 3734 2820">
    <p class='ocr_par' dir='ltr' id='par_1_55' title="bbox 2083 2741 3734 2820">
     <span class='ocr_line' id='line_1_55' title="bbox 2083 2741 3734 2820; baseline -0.001 -21"><span class='ocrx_word' id='word_1_400' title='bbox 2083 2747 2210 2809; x_wconf 85' lang='grc' dir='ltr'>τοὺς</span> <span class='ocrx_word' id='word_1_401' title='bbox 2249 2744 2535 2818; x_wconf 86' lang='grc' dir='ltr'>δεσπότας,</span> <span class='ocrx_word' id='word_1_402' title='bbox 2596 2747 2684 2803; x_wconf 81' lang='grc' dir='ltr'>ὅτε</span> <span class='ocrx_word' id='word_1_403' title='bbox 2740 2743 3143 2801; x_wconf 74' lang='grc' dir='ltr'>ἐνδιδύσκονται</span> <span class='ocrx_word' id='word_1_404' title='bbox 3196 2744 3324 2806; x_wconf 81' lang='grc' dir='ltr'>τοὺς</span> <span class='ocrx_word' id='word_1_405' title='bbox 3384 2744 3622 2820; x_wconf 76' lang='grc' dir='ltr'>λώρουςο</span> <span class='ocrx_word' id='word_1_406' title='bbox 3678 2741 3734 2798; x_wconf 79' lang='grc' dir='ltr'>ἒν</span> 
     </span>
    </p>
   </div>
   <div class='ocr_carea' id='block_1_56' title="bbox 2081 2829 3738 2911">
    <p class='ocr_par' dir='ltr' id='par_1_56' title="bbox 2081 2829 3738 2911">
     <span class='ocr_line' id='line_1_56' title="bbox 2081 2829 3738 2911; baseline -0.002 -20"><span class='ocrx_word' id='word_1_407' title='bbox 2081 2836 2183 2911; x_wconf 80' lang='grc' dir='ltr'>γὰρ</span> <span class='ocrx_word' id='word_1_408' title='bbox 2240 2840 2320 2908; x_wconf 82' lang='grc' dir='ltr'>τῷ</span> <span class='ocrx_word' id='word_1_409' title='bbox 2396 2835 2545 2909; x_wconf 79' lang='grc' dir='ltr'>αὐτῷ</span> <span class='ocrx_word' id='word_1_410' title='bbox 2618 2829 2927 2907; x_wconf 75' lang='grc' dir='ltr'>ἀκκουϐίτῳ</span> <span class='ocrx_word' id='word_1_411' title='bbox 2981 2831 3226 2889; x_wconf 73' lang='grc' dir='ltr'>ἐνδύουσι</span> <span class='ocrx_word' id='word_1_412' title='bbox 3283 2833 3409 2896; x_wconf 83' lang='grc' dir='ltr'>τοὺς</span> <span class='ocrx_word' id='word_1_413' title='bbox 3469 2830 3738 2898; x_wconf 85' lang='grc' dir='ltr'>δεσπότας</span> 
     </span>
    </p>
   </div>
   <div class='ocr_carea' id='block_1_57' title="bbox 2082 2918 3745 3001">
    <p class='ocr_par' dir='ltr' id='par_1_57' title="bbox 2082 2918 3745 3001">
     <span class='ocr_line' id='line_1_57' title="bbox 2082 2918 3745 3001; baseline -0.001 -22"><span class='ocrx_word' id='word_1_414' title='bbox 2082 2925 2209 2988; x_wconf 79' lang='grc' dir='ltr'>τοὺς</span> <span class='ocrx_word' id='word_1_415' title='bbox 2253 2925 2471 3001; x_wconf 84' lang='grc' dir='ltr'>λώρους</span> <span class='ocrx_word' id='word_1_416' title='bbox 2512 2923 2566 2980; x_wconf 76' lang='grc' dir='ltr'>ο⁹ί</span> <span class='ocrx_word' id='word_1_417' title='bbox 2602 2946 2661 2980; x_wconf 88' lang='grc' dir='ltr'>τε</span> <span class='ocrx_word' id='word_1_418' title='bbox 2700 2926 2810 2980; x_wconf 83' lang='grc' dir='ltr'>ἀῶν</span> <span class='ocrx_word' id='word_1_419' title='bbox 2844 2922 3163 2997; x_wconf 83' lang='grc' dir='ltr'>ἇλλαξίμων</span> <span class='ocrx_word' id='word_1_420' title='bbox 3203 2926 3300 2979; x_wconf 81' lang='grc' dir='ltr'>τοῦ</span> <span class='ocrx_word' id='word_1_421' title='bbox 3336 2918 3745 2978; x_wconf 75' lang='grc' dir='ltr'>κουϐουκλείου</span> 
     </span>
    </p>
   </div>
   <div class='ocr_carea' id='block_1_58' title="bbox 2082 3011 3747 3089">
    <p class='ocr_par' dir='ltr' id='par_1_58' title="bbox 2082 3011 3747 3089">
     <span class='ocr_line' id='line_1_58' title="bbox 2082 3011 3747 3089; baseline -0.001 -20"><span class='ocrx_word' id='word_1_422' title='bbox 2082 3016 2174 3069; x_wconf 79' lang='grc' dir='ltr'>καὶ</span> <span class='ocrx_word' id='word_1_423' title='bbox 2216 3016 2267 3068; x_wconf 78' lang='grc' dir='ltr'>οἱ</span> <span class='ocrx_word' id='word_1_424' title='bbox 2314 3016 2657 3089; x_wconf 77' lang='grc' dir='ltr'>βεστήτορες,</span> <span class='ocrx_word' id='word_1_425' title='bbox 2722 3014 2858 3088; x_wconf 78' lang='grc' dir='ltr'>μετὰ</span> <span class='ocrx_word' id='word_1_426' title='bbox 2911 3018 3023 3069; x_wconf 80' lang='grc' dir='ltr'>τῶν</span> <span class='ocrx_word' id='word_1_427' title='bbox 3080 3012 3458 3089; x_wconf 87' lang='grc' dir='ltr'>πραιποσίτων</span> <span class='ocrx_word' id='word_1_428' title='bbox 3507 3011 3599 3066; x_wconf 81' lang='grc' dir='ltr'>καὶ</span> <span class='ocrx_word' id='word_1_429' title='bbox 3637 3017 3747 3067; x_wconf 80' lang='grc' dir='ltr'>τοῦ</span> 
     </span>
    </p>
   </div>
   <div class='ocr_carea' id='block_1_59' title="bbox 466 3114 1978 3172">
    <p class='ocr_par' dir='ltr' id='par_1_59' title="bbox 466 3116 1941 3172">
     <span class='ocr_line' id='line_1_59' title="bbox 466 3116 1941 3172; baseline 0.007 -11"><span class='ocrx_word' id='word_1_430' title='bbox 466 3154 469 3161; x_wconf 89' lang='grc'><em>.</em></span> <span class='ocrx_word' id='word_1_431' title='bbox 1699 3116 1941 3172; x_wconf 71' lang='grc' dir='ltr'><strong>νΑΗΗΕ</strong></span> 
     </span>
    </p>
   </div>
   <div class='ocr_carea' id='block_1_60' title="bbox 2089 3114 2454 3172">
    <p class='ocr_par' dir='ltr' id='par_1_60' title="bbox 2089 3114 2454 3171">
     <span class='ocr_line' id='line_1_60' title="bbox 2089 3114 2454 3171; baseline -0.011 0"><span class='ocrx_word' id='word_1_432' title='bbox 2089 3114 2374 3171; x_wconf 67' lang='lat' dir='ltr'>ITIONES</span> <span class='ocrx_word' id='word_1_433' title='bbox 2446 3143 2454 3167; x_wconf 65' lang='grc' dir='ltr'>ς</span> 
     </span>
    </p>
   </div>
   <div class='ocr_carea' id='block_1_61' title="bbox 394 3194 1978 3279">
    <p class='ocr_par' dir='ltr' id='par_1_61' title="bbox 394 3194 1907 3276">
     <span class='ocr_line' id='line_1_61' title="bbox 394 3194 1907 3276; baseline 0.007 -24"><span class='ocrx_word' id='word_1_434' title='bbox 394 3198 441 3233; x_wconf 62' lang='grc'>⁸⁵</span> <span class='ocrx_word' id='word_1_435' title='bbox 470 3194 774 3272; x_wconf 83' lang='grc' dir='ltr'>χλανιδίων</span> <span class='ocrx_word' id='word_1_436' title='bbox 806 3199 871 3255; x_wconf 79' lang='grc' dir='ltr'>Β.</span> <span class='ocrx_word' id='word_1_437' title='bbox 906 3215 975 3257; x_wconf 85' lang='lat' dir='ltr'>ex</span> <span class='ocrx_word' id='word_1_438' title='bbox 1007 3215 1119 3255; x_wconf 87' lang='lat' dir='ltr'>scr.</span> <span class='ocrx_word' id='word_1_439' title='bbox 1153 3201 1281 3256; x_wconf 91' lang='lat' dir='ltr'>cod.</span> <span class='ocrx_word' id='word_1_440' title='bbox 1315 3198 1484 3274; x_wconf 84' lang='grc' dir='ltr'>χλανι</span> <span class='ocrx_word' id='word_1_441' title='bbox 1513 3206 1907 3276; x_wconf 89' lang='lat' dir='ltr'>superscripto</span> 
     </span>
    </p>
   </div>
   <div class='ocr_carea' id='block_1_62' title="bbox 2089 3194 3747 3279">
    <p class='ocr_par' dir='ltr' id='par_1_62' title="bbox 2091 3198 3747 3279">
     <span class='ocr_line' id='line_1_62' title="bbox 2091 3198 3747 3279; baseline -0.002 -21"><span class='ocrx_word' id='word_1_442' title='bbox 2091 3198 2371 3278; x_wconf 84' lang='grc' dir='ltr'>χλανίδων</span> <span class='ocrx_word' id='word_1_443' title='bbox 2401 3204 2492 3261; x_wconf 87' lang='lat' dir='ltr'>ed.</span> <span class='ocrx_word' id='word_1_444' title='bbox 2568 3203 2615 3240; x_wconf 81' lang='grc'><strong>⁴⁶</strong></span> <span class='ocrx_word' id='word_1_445' title='bbox 2651 3202 2998 3279; x_wconf 78' lang='grc' dir='ltr'>ἆσηκρήτους</span> <span class='ocrx_word' id='word_1_446' title='bbox 3025 3219 3209 3276; x_wconf 87' lang='grc' dir='ltr'>νοταρ.</span> <span class='ocrx_word' id='word_1_447' title='bbox 3254 3203 3344 3259; x_wconf 89' lang='lat' dir='ltr'>ed.</span> <span class='ocrx_word' id='word_1_448' title='bbox 3423 3201 3468 3238; x_wconf 75' lang='grc'>⁸⁷</span> <span class='ocrx_word' id='word_1_449' title='bbox 3500 3198 3653 3277; x_wconf 74' lang='grc' dir='ltr'>λέγει</span> <span class='ocrx_word' id='word_1_450' title='bbox 3684 3198 3747 3255; x_wconf 78' lang='grc' dir='ltr'>δὲ</span> 
     </span>
    </p>
   </div>
   <div class='ocr_carea' id='block_1_63' title="bbox 321 3283 533 3345">
    <p class='ocr_par' dir='ltr' id='par_1_63' title="bbox 321 3283 533 3345">
     <span class='ocr_line' id='line_1_63' title="bbox 321 3283 533 3345; baseline 0.019 -4"><span class='ocrx_word' id='word_1_451' title='bbox 321 3283 412 3342; x_wconf 80' lang='grc' dir='ltr'>διὰ.</span> <span class='ocrx_word' id='word_1_452' title='bbox 439 3288 533 3345; x_wconf 90' lang='lat' dir='ltr'>ed.</span> 
     </span>
    </p>
   </div>
   <div class='ocr_carea' id='block_1_64' title="bbox 1376 3390 2676 3450">
    <p class='ocr_par' dir='ltr' id='par_1_64' title="bbox 1376 3390 2676 3450">
     <span class='ocr_line' id='line_1_64' title="bbox 1376 3390 2676 3450; baseline 0 -3"><span class='ocrx_word' id='word_1_453' title='bbox 1376 3391 1577 3448; x_wconf 85' lang='lat' dir='ltr'>JOAN.</span> <span class='ocrx_word' id='word_1_454' title='bbox 1618 3392 1767 3450; x_wconf 81' lang='lat' dir='ltr'>JAC.</span> <span class='ocrx_word' id='word_1_455' title='bbox 1809 3392 2065 3449; x_wconf 77' lang='lat' dir='ltr'>REISKll</span> <span class='ocrx_word' id='word_1_456' title='bbox 2108 3390 2676 3449; x_wconf 82' lang='lat' dir='ltr'>COMMENTARIUS</span> 
     </span>
    </p>
   </div>
   <div class='ocr_carea' id='block_1_65' title="bbox 428 3483 3731 3562">
    <p class='ocr_par' dir='ltr' id='par_1_65' title="bbox 428 3483 3731 3562">
     <span class='ocr_line' id='line_1_65' title="bbox 428 3483 3731 3562; baseline 0.002 -24"><span class='ocrx_word' id='word_1_457' title='bbox 428 3486 484 3562; x_wconf 83' lang='lat'>3)</span> <span class='ocrx_word' id='word_1_458' title='bbox 514 3484 593 3539; x_wconf 89' lang='lat' dir='ltr'>De</span> <span class='ocrx_word' id='word_1_459' title='bbox 625 3483 833 3562; x_wconf 64' lang='lat' dir='ltr'>labilis,</span> <span class='ocrx_word' id='word_1_460' title='bbox 867 3502 965 3562; x_wconf 79' lang='lat' dir='ltr'>seu</span> <span class='ocrx_word' id='word_1_461' title='bbox 1003 3492 1268 3556; x_wconf 73' lang='lat' dir='ltr'>praetexta</span> <span class='ocrx_word' id='word_1_462' title='bbox 1312 3490 1397 3562; x_wconf 70' lang='lat' dir='ltr'>egi</span> <span class='ocrx_word' id='word_1_463' title='bbox 1449 3491 1518 3545; x_wconf 88' lang='lat' dir='ltr'>ad</span> <span class='ocrx_word' id='word_1_464' title='bbox 1554 3508 1609 3561; x_wconf 91' lang='lat' dir='ltr'>p.</span> <span class='ocrx_word' id='word_1_465' title='bbox 1639 3491 1765 3546; x_wconf 88' lang='lat'>255.</span> <span class='ocrx_word' id='word_1_466' title='bbox 1808 3491 1982 3546; x_wconf 87' lang='lat' dir='ltr'>Chla—</span> <span class='ocrx_word' id='word_1_467' title='bbox 2015 3492 2057 3559; x_wconf 85' lang='lat' dir='ltr'>C</span> <span class='ocrx_word' id='word_1_468' title='bbox 2088 3495 2144 3546; x_wconf 89' lang='lat' dir='ltr'>et</span> <span class='ocrx_word' id='word_1_469' title='bbox 2166 3490 2490 3561; x_wconf 87' lang='lat' dir='ltr'>accipiebat</span> <span class='ocrx_word' id='word_1_470' title='bbox 2520 3489 2727 3546; x_wconf 89' lang='lat' dir='ltr'>libram</span> <span class='ocrx_word' id='word_1_471' title='bbox 2752 3507 2965 3558; x_wconf 86' lang='lat' dir='ltr'>unam;</span> <span class='ocrx_word' id='word_1_472' title='bbox 2998 3490 3141 3548; x_wconf 91' lang='lat' dir='ltr'>ibid.</span> <span class='ocrx_word' id='word_1_473' title='bbox 3174 3508 3230 3562; x_wconf 88' lang='lat' dir='ltr'>p.</span> <span class='ocrx_word' id='word_1_474' title='bbox 3280 3490 3403 3546; x_wconf 88' lang='grc'>138.</span> <span class='ocrx_word' id='word_1_475' title='bbox 3435 3490 3731 3562; x_wconf 88' lang='lat' dir='ltr'>Protospa-</span> 
     </span>
    </p>
   </div>
   <div class='ocr_carea' id='block_1_66' title="bbox 336 3555 1976 3629">
    <p class='ocr_par' dir='ltr' id='par_1_66' title="bbox 336 3555 1976 3629">
     <span class='ocr_line' id='line_1_66' title="bbox 336 3555 1976 3629; baseline 0.004 -19"><span class='ocrx_word' id='word_1_476' title='bbox 336 3555 500 3629; x_wconf 83' lang='lat' dir='ltr'>nides</span> <span class='ocrx_word' id='word_1_477' title='bbox 518 3557 712 3629; x_wconf 80' lang='lat' dir='ltr'>aureis</span> <span class='ocrx_word' id='word_1_478' title='bbox 735 3558 949 3612; x_wconf 87' lang='lat' dir='ltr'>tabulis</span> <span class='ocrx_word' id='word_1_479' title='bbox 986 3555 1274 3629; x_wconf 60' lang='lat' dir='ltr'>praetextas</span> <span class='ocrx_word' id='word_1_480' title='bbox 1316 3555 1412 3616; x_wconf 89' lang='lat' dir='ltr'>hic</span> <span class='ocrx_word' id='word_1_481' title='bbox 1461 3555 1755 3619; x_wconf 78' lang='lat' dir='ltr'>dicuntur.</span> <span class='ocrx_word' id='word_1_482' title='bbox 1798 3568 1976 3618; x_wconf 89' lang='lat' dir='ltr'>Erant</span> 
     </span>
    </p>
   </div>
   <div class='ocr_carea' id='block_1_67' title="bbox 334 3627 1979 3706">
    <p class='ocr_par' dir='ltr' id='par_1_67' title="bbox 334 3627 1979 3706">
     <span class='ocr_line' id='line_1_67' title="bbox 334 3627 1979 3706; baseline 0.006 -26"><span class='ocrx_word' id='word_1_483' title='bbox 334 3627 490 3706; x_wconf 72' lang='lat' dir='ltr'>enim</span> <span class='ocrx_word' id='word_1_484' title='bbox 518 3627 664 3706; x_wconf 67' lang='lat' dir='ltr'>alite,</span> <span class='ocrx_word' id='word_1_485' title='bbox 699 3645 825 3706; x_wconf 63' lang='lat' dir='ltr'>quae</span> <span class='ocrx_word' id='word_1_486' title='bbox 859 3627 1202 3701; x_wconf 80' lang='lat' dir='ltr'>purpureas,</span> <span class='ocrx_word' id='word_1_487' title='bbox 1233 3631 1379 3702; x_wconf 67' lang='lat' dir='ltr'>aliis,</span> <span class='ocrx_word' id='word_1_488' title='bbox 1412 3650 1540 3706; x_wconf 69' lang='lat' dir='ltr'>quae</span> <span class='ocrx_word' id='word_1_489' title='bbox 1578 3637 1979 3706; x_wconf 86' lang='lat' dir='ltr'>segmentinas</span> 
     </span>
    </p>
   </div>
   <div class='ocr_carea' id='block_1_68' title="bbox 332 3699 1980 3773">
    <p class='ocr_par' dir='ltr' id='par_1_68' title="bbox 332 3699 1980 3773">
     <span class='ocr_line' id='line_1_68' title="bbox 332 3699 1980 3773; baseline 0.003 -18"><span class='ocrx_word' id='word_1_490' title='bbox 332 3699 613 3773; x_wconf 76' lang='lat' dir='ltr'>haberept</span> <span class='ocrx_word' id='word_1_491' title='bbox 644 3699 898 3773; x_wconf 84' lang='lat' dir='ltr'>tabulas,</span> <span class='ocrx_word' id='word_1_492' title='bbox 929 3718 1026 3773; x_wconf 87' lang='lat' dir='ltr'>seu</span> <span class='ocrx_word' id='word_1_493' title='bbox 1062 3699 1387 3773; x_wconf 66' lang='lat' dir='ltr'>praetextas.</span> <span class='ocrx_word' id='word_1_494' title='bbox 1412 3699 1475 3759; x_wconf 55' lang='lat' dir='ltr'>l_n</span> <span class='ocrx_word' id='word_1_495' title='bbox 1518 3699 1874 3762; x_wconf 65' lang='lat' dir='ltr'>membranis</span> <span class='ocrx_word' id='word_1_496' title='bbox 1895 3713 1980 3762; x_wconf 88' lang='lat' dir='ltr'>est</span> 
     </span>
    </p>
   </div>
   <div class='ocr_carea' id='block_1_69' title="bbox 380 3765 1979 3849">
    <p class='ocr_par' dir='ltr' id='par_1_69' title="bbox 380 3765 1979 3849">
     <span class='ocr_line' id='line_1_69' title="bbox 380 3765 1979 3849; baseline 0.004 -26"><span class='ocrx_word' id='word_1_497' title='bbox 380 3765 1235 3849; x_wconf 43' lang='lat' dir='ltr'>lays,_8_superimposito:_Qum</span> <span class='ocrx_word' id='word_1_498' title='bbox 1259 3776 1436 3849; x_wconf 80' lang='lat' dir='ltr'>igitur</span> <span class='ocrx_word' id='word_1_499' title='bbox 1457 3785 1732 3849; x_wconf 77' lang='lat' dir='ltr'>accentus</span> <span class='ocrx_word' id='word_1_500' title='bbox 1755 3793 1930 3849; x_wconf 86' lang='lat' dir='ltr'>super</span> <span class='ocrx_word' id='word_1_501' title='bbox 1964 3797 1979 3829; x_wconf 93' lang='grc' dir='ltr'>ι</span> 
     </span>
    </p>
   </div>
   <div class='ocr_carea' id='block_1_70' title="bbox 374 3842 1976 3921">
    <p class='ocr_par' dir='ltr' id='par_1_70' title="bbox 374 3842 1976 3921">
     <span class='ocr_line' id='line_1_70' title="bbox 374 3842 1976 3921; baseline 0.004 -24"><span class='ocrx_word' id='word_1_502' title='bbox 374 3842 590 3921; x_wconf 86' lang='lat' dir='ltr'>esit,_id</span> <span class='ocrx_word' id='word_1_503' title='bbox 614 3842 962 3921; x_wconf 68' lang='lat' dir='ltr'>argumento</span> <span class='ocrx_word' id='word_1_504' title='bbox 994 3845 1166 3921; x_wconf 62' lang='lat' dir='ltr'>mihi</span> <span class='ocrx_word' id='word_1_505' title='bbox 1188 3842 1617 3921; x_wconf 64' lang='grc' dir='ltr'>θειξχλανιδίων</span> <span class='ocrx_word' id='word_1_506' title='bbox 1667 3842 1976 3920; x_wconf 77' lang='lat' dir='ltr'>legendum</span> 
     </span>
    </p>
   </div>
   <div class='ocr_carea' id='block_1_71' title="bbox 334 3913 1979 3992">
    <p class='ocr_par' dir='ltr' id='par_1_71' title="bbox 334 3913 1979 3992">
     <span class='ocr_line' id='line_1_71' title="bbox 334 3913 1979 3992; baseline 0.004 -22"><span class='ocrx_word' id='word_1_507' title='bbox 334 3930 478 3970; x_wconf 90' lang='lat' dir='ltr'>esse.</span> <span class='ocrx_word' id='word_1_508' title='bbox 515 3914 578 3968; x_wconf 92' lang='lat' dir='ltr'>In</span> <span class='ocrx_word' id='word_1_509' title='bbox 610 3913 959 3992; x_wconf 79' lang='lat' dir='ltr'>lectionibus</span> <span class='ocrx_word' id='word_1_510' title='bbox 1006 3917 1202 3992; x_wconf 79' lang='lat' dir='ltr'>dubiis</span> <span class='ocrx_word' id='word_1_511' title='bbox 1250 3913 1432 3974; x_wconf 75' lang='lat' dir='ltr'>nostri</span> <span class='ocrx_word' id='word_1_512' title='bbox 1483 3921 1701 3976; x_wconf 89' lang='lat' dir='ltr'>codicis</span> <span class='ocrx_word' id='word_1_513' title='bbox 1724 3913 1979 3992; x_wconf 44' lang='lat' dir='ltr'>Vrespexi</span> 
     </span>
    </p>
   </div>
   <div class='ocr_carea' id='block_1_72' title="bbox 333 3986 1980 4063">
    <p class='ocr_par' dir='ltr' id='par_1_72' title="bbox 333 3986 1980 4063">
     <span class='ocr_line' id='line_1_72' title="bbox 333 3986 1980 4063; baseline 0.005 -23"><span class='ocrx_word' id='word_1_514' title='bbox 333 4001 566 4063; x_wconf 71' lang='lat' dir='ltr'>semper</span> <span class='ocrx_word' id='word_1_515' title='bbox 595 3986 665 4063; x_wconf 80' lang='lat' dir='ltr'>ad</span> <span class='ocrx_word' id='word_1_516' title='bbox 691 3991 1021 4063; x_wconf 73' lang='lat' dir='ltr'>accentum,</span> <span class='ocrx_word' id='word_1_517' title='bbox 1053 3989 1223 4059; x_wconf 89' lang='lat' dir='ltr'>cujus</span> <span class='ocrx_word' id='word_1_518' title='bbox 1250 3993 1557 4063; x_wconf 67' lang='lat' dir='ltr'>praesentia</span> <span class='ocrx_word' id='word_1_519' title='bbox 1587 3999 1691 4048; x_wconf 92' lang='lat' dir='ltr'>aut</span> <span class='ocrx_word' id='word_1_520' title='bbox 1719 3986 1980 4048; x_wconf 75' lang='lat' dir='ltr'>absentia</span> 
     </span>
    </p>
   </div>
   <div class='ocr_carea' id='block_1_73' title="bbox 336 4056 1978 4133">
    <p class='ocr_par' dir='ltr' id='par_1_73' title="bbox 336 4056 1978 4133">
     <span class='ocr_line' id='line_1_73' title="bbox 336 4056 1978 4133; baseline 0.006 -23"><span class='ocrx_word' id='word_1_521' title='bbox 336 4056 833 4133; x_wconf 28' lang='lat' dir='ltr'>mihinsmpissime</span> <span class='ocrx_word' id='word_1_522' title='bbox 863 4058 987 4133; x_wconf 72' lang='lat' dir='ltr'>fuit</span> <span class='ocrx_word' id='word_1_523' title='bbox 1005 4056 1205 4116; x_wconf 76' lang='lat' dir='ltr'>certus</span> <span class='ocrx_word' id='word_1_524' title='bbox 1250 4056 1538 4133; x_wconf 58' lang='lat' dir='ltr'>&#39;gnomon.</span> <span class='ocrx_word' id='word_1_525' title='bbox 1579 4065 1642 4119; x_wconf 90' lang='lat' dir='ltr'>Si</span> <span class='ocrx_word' id='word_1_526' title='bbox 1700 4065 1978 4120; x_wconf 84' lang='lat' dir='ltr'>librarius</span> 
     </span>
    </p>
   </div>
   <div class='ocr_carea' id='block_1_74' title="bbox 335 4123 1976 4202">
    <p class='ocr_par' dir='ltr' id='par_1_74' title="bbox 335 4123 1976 4202">
     <span class='ocr_line' id='line_1_74' title="bbox 335 4123 1976 4202; baseline 0.009 -25"><span class='ocrx_word' id='word_1_527' title='bbox 335 4123 617 4202; x_wconf 48' lang='grc' dir='ltr'>χλανίδων</span> <span class='ocrx_word' id='word_1_528' title='bbox 651 4129 930 4202; x_wconf 77' lang='lat' dir='ltr'>voluisset</span> <span class='ocrx_word' id='word_1_529' title='bbox 959 4131 1116 4201; x_wconf 90' lang='lat' dir='ltr'>dare,</span> <span class='ocrx_word' id='word_1_530' title='bbox 1152 4123 1452 4190; x_wconf 68' lang='lat' dir='ltr'>accEntum</span> <span class='ocrx_word' id='word_1_531' title='bbox 1496 4152 1611 4191; x_wconf 89' lang='lat' dir='ltr'>non</span> <span class='ocrx_word' id='word_1_532' title='bbox 1665 4135 1976 4192; x_wconf 88' lang='lat' dir='ltr'>omisisset.</span> 
     </span>
    </p>
   </div>
   <div class='ocr_carea' id='block_1_75' title="bbox 407 4199 1982 4279">
    <p class='ocr_par' dir='ltr' id='par_1_75' title="bbox 407 4199 1982 4279">
     <span class='ocr_line' id='line_1_75' title="bbox 407 4199 1982 4279; baseline 0.007 -27"><span class='ocrx_word' id='word_1_533' title='bbox 407 4199 485 4271; x_wconf 79' lang='grc'>(4)</span> <span class='ocrx_word' id='word_1_534' title='bbox 512 4200 743 4279; x_wconf 63' lang='lat' dir='ltr'>Tertius</span> <span class='ocrx_word' id='word_1_535' title='bbox 775 4200 867 4279; x_wconf 80' lang='lat' dir='ltr'>hic</span> <span class='ocrx_word' id='word_1_536' title='bbox 916 4207 1040 4257; x_wconf 88' lang='lat' dir='ltr'>erat</span> <span class='ocrx_word' id='word_1_537' title='bbox 1069 4199 1127 4257; x_wconf 86' lang='lat' dir='ltr'>et</span> <span class='ocrx_word' id='word_1_538' title='bbox 1166 4220 1440 4279; x_wconf 79' lang='lat' dir='ltr'>summus</span> <span class='ocrx_word' id='word_1_539' title='bbox 1489 4208 1700 4279; x_wconf 85' lang='lat' dir='ltr'>gradus</span> <span class='ocrx_word' id='word_1_540' title='bbox 1750 4208 1982 4276; x_wconf 90' lang='lat' dir='ltr'>spatha-</span> 
     </span>
    </p>
   </div>
   <div class='ocr_carea' id='block_1_76' title="bbox 336 4270 1980 4351">
    <p class='ocr_par' dir='ltr' id='par_1_76' title="bbox 336 4270 1980 4351">
     <span class='ocr_line' id='line_1_76' title="bbox 336 4270 1980 4351; baseline 0.004 -25"><span class='ocrx_word' id='word_1_541' title='bbox 336 4270 577 4351; x_wconf 72' lang='lat' dir='ltr'>riorum.</span> <span class='ocrx_word' id='word_1_542' title='bbox 614 4270 988 4351; x_wconf 12' lang='lat' dir='ltr'>Primi‘erant</span> <span class='ocrx_word' id='word_1_543' title='bbox 1029 4270 1980 4351; x_wconf 62' lang='lat' dir='ltr'>spatharii,tu_mspatharcean&#39;di-</span> 
     </span>
    </p>
   </div>
   <div class='ocr_carea' id='block_1_77' title="bbox 336 4344 1979 4419">
    <p class='ocr_par' dir='ltr' id='par_1_77' title="bbox 336 4344 1979 4419">
     <span class='ocr_line' id='line_1_77' title="bbox 336 4344 1979 4419; baseline 0.005 -20"><span class='ocrx_word' id='word_1_544' title='bbox 336 4344 473 4411; x_wconf 88' lang='lat' dir='ltr'>dati,</span> <span class='ocrx_word' id='word_1_545' title='bbox 535 4358 660 4419; x_wconf 92' lang='lat' dir='ltr'>seu_</span> <span class='ocrx_word' id='word_1_546' title='bbox 696 4344 978 4419; x_wconf 8' lang='lat' dir='ltr'>spaatharii</span> <span class='ocrx_word' id='word_1_547' title='bbox 1038 4344 1096 4419; x_wconf 68' lang='lat' dir='ltr'>et</span> <span class='ocrx_word' id='word_1_548' title='bbox 1150 4344 1437 4404; x_wconf 80' lang='lat' dir='ltr'>candidati</span> <span class='ocrx_word' id='word_1_549' title='bbox 1486 4344 1685 4419; x_wconf 73' lang='lat' dir='ltr'>simul,</span> <span class='ocrx_word' id='word_1_550' title='bbox 1746 4351 1979 4407; x_wconf 90' lang='lat' dir='ltr'>tandem</span> 
     </span>
    </p>
   </div>
   <div class='ocr_carea' id='block_1_78' title="bbox 335 4415 1978 4491">
    <p class='ocr_par' dir='ltr' id='par_1_78' title="bbox 335 4415 1978 4491">
     <span class='ocr_line' id='line_1_78' title="bbox 335 4415 1978 4491; baseline 0.004 -21"><span class='ocrx_word' id='word_1_551' title='bbox 335 4415 816 4491; x_wconf 85' lang='lat' dir='ltr'>protospatharii.</span> <span class='ocrx_word' id='word_1_552' title='bbox 871 4417 1221 4491; x_wconf 73' lang='lat' dir='ltr'>Diﬂ‘erebant</span> <span class='ocrx_word' id='word_1_553' title='bbox 1267 4420 1327 4475; x_wconf 90' lang='lat' dir='ltr'>hi</span> <span class='ocrx_word' id='word_1_554' title='bbox 1363 4427 1475 4477; x_wconf 85' lang='lat' dir='ltr'>tres</span> <span class='ocrx_word' id='word_1_555' title='bbox 1504 4415 1738 4491; x_wconf 79' lang='lat' dir='ltr'>ordines</span> <span class='ocrx_word' id='word_1_556' title='bbox 1766 4438 1978 4491; x_wconf 80' lang='lat' dir='ltr'>genere</span> 
     </span>
    </p>
   </div>
   <div class='ocr_carea' id='block_1_79' title="bbox 333 4489 1979 4563">
    <p class='ocr_par' dir='ltr' id='par_1_79' title="bbox 333 4489 1979 4563">
     <span class='ocr_line' id='line_1_79' title="bbox 333 4489 1979 4563; baseline 0.003 -21"><span class='ocrx_word' id='word_1_557' title='bbox 333 4489 661 4563; x_wconf 67' lang='lat' dir='ltr'>vestituset</span> <span class='ocrx_word' id='word_1_558' title='bbox 685 4500 1007 4563; x_wconf 89' lang='lat' dir='ltr'>armorum,</span> <span class='ocrx_word' id='word_1_559' title='bbox 1041 4506 1169 4561; x_wconf 64' lang='lat' dir='ltr'>qum</span> <span class='ocrx_word' id='word_1_560' title='bbox 1197 4490 1258 4545; x_wconf 89' lang='lat' dir='ltr'>in</span> <span class='ocrx_word' id='word_1_561' title='bbox 1294 4494 1525 4563; x_wconf 88' lang='lat' dir='ltr'>pompis</span> <span class='ocrx_word' id='word_1_562' title='bbox 1553 4489 1823 4563; x_wconf 76' lang='lat' dir='ltr'>publicis,</span> <span class='ocrx_word' id='word_1_563' title='bbox 1857 4510 1979 4559; x_wconf 80' lang='lat' dir='ltr'>pro-</span> 
     </span>
    </p>
   </div>
   <div class='ocr_carea' id='block_1_80' title="bbox 334 4560 1977 4636">
    <p class='ocr_par' dir='ltr' id='par_1_80' title="bbox 334 4560 1977 4636">
     <span class='ocr_line' id='line_1_80' title="bbox 334 4560 1977 4636; baseline 0.005 -23"><span class='ocrx_word' id='word_1_564' title='bbox 334 4560 719 4636; x_wconf 70' lang='lat' dir='ltr'>cessionibus,</span> <span class='ocrx_word' id='word_1_565' title='bbox 777 4561 959 4636; x_wconf 78' lang='lat' dir='ltr'>Circo,</span> <span class='ocrx_word' id='word_1_566' title='bbox 1013 4560 1201 4616; x_wconf 84' lang='lat' dir='ltr'>ceram</span> <span class='ocrx_word' id='word_1_567' title='bbox 1241 4560 1588 4636; x_wconf 74' lang='lat' dir='ltr'>imperatore</span> <span class='ocrx_word' id='word_1_568' title='bbox 1654 4568 1977 4636; x_wconf 85' lang='lat' dir='ltr'>gestabant.</span> 
     </span>
    </p>
   </div>
   <div class='ocr_carea' id='block_1_81' title="bbox 336 4629 1977 4709">
    <p class='ocr_par' dir='ltr' id='par_1_81' title="bbox 336 4629 1977 4709">
     <span class='ocr_line' id='line_1_81' title="bbox 336 4629 1977 4709; baseline 0.004 -25"><span class='ocrx_word' id='word_1_569' title='bbox 336 4629 628 4709; x_wconf 71' lang='lat' dir='ltr'>Spatharii</span> <span class='ocrx_word' id='word_1_570' title='bbox 652 4632 961 4702; x_wconf 81' lang='lat' dir='ltr'>gestabant</span> <span class='ocrx_word' id='word_1_571' title='bbox 990 4640 1162 4709; x_wconf 77' lang='lat' dir='ltr'>scuta</span> <span class='ocrx_word' id='word_1_572' title='bbox 1189 4639 1245 4688; x_wconf 90' lang='lat' dir='ltr'>et</span> <span class='ocrx_word' id='word_1_573' title='bbox 1267 4629 1593 4709; x_wconf 74' lang='lat' dir='ltr'>hastas,vel</span> <span class='ocrx_word' id='word_1_574' title='bbox 1626 4629 1803 4709; x_wconf 70' lang='lat' dir='ltr'>etiam</span> <span class='ocrx_word' id='word_1_575' title='bbox 1838 4637 1977 4691; x_wconf 86' lang='lat' dir='ltr'>dex-</span> 
     </span>
    </p>
   </div>
   <div class='ocr_carea' id='block_1_82' title="bbox 336 4699 1981 4781">
    <p class='ocr_par' dir='ltr' id='par_1_82' title="bbox 336 4699 1981 4781">
     <span class='ocr_line' id='line_1_82' title="bbox 336 4699 1981 4781; baseline 0.005 -27"><span class='ocrx_word' id='word_1_576' title='bbox 336 4699 506 4781; x_wconf 64' lang='lat' dir='ltr'>tralia</span> <span class='ocrx_word' id='word_1_577' title='bbox 532 4699 963 4781; x_wconf 43' lang='lat' dir='ltr'>seu—secures;</span> <span class='ocrx_word' id='word_1_578' title='bbox 1012 4699 1590 4777; x_wconf 83' lang='lat' dir='ltr'>spatharocandidati</span> <span class='ocrx_word' id='word_1_579' title='bbox 1639 4708 1865 4781; x_wconf 82' lang='lat' dir='ltr'>eadem,</span> <span class='ocrx_word' id='word_1_580' title='bbox 1924 4712 1981 4763; x_wconf 89' lang='lat' dir='ltr'>et</span> 
     </span>
    </p>
   </div>
   <div class='ocr_carea' id='block_1_83' title="bbox 339 4771 1980 4861">
    <p class='ocr_par' dir='ltr' id='par_1_83' title="bbox 339 4771 1980 4861">
     <span class='ocr_line' id='line_1_83' title="bbox 339 4771 1980 4861; baseline 0.007 -38"><span class='ocrx_word' id='word_1_581' title='bbox 339 4771 815 4861; x_wconf 55' lang='lat' dir='ltr'>candidasetnin</span> <span class='ocrx_word' id='word_1_582' title='bbox 848 4775 995 4861; x_wconf 31' lang='lat' dir='ltr'>c‘olnlo</span> <span class='ocrx_word' id='word_1_583' title='bbox 1047 4771 1336 4861; x_wconf 45' lang='lat' dir='ltr'>torques;</span> <span class='ocrx_word' id='word_1_584' title='bbox 1373 4780 1821 4861; x_wconf 71' lang='lat' dir='ltr'>protospatharii</span> <span class='ocrx_word' id='word_1_585' title='bbox 1854 4771 1980 4861; x_wconf 80' lang='lat' dir='ltr'>tor-</span> 
     </span>
    </p>
   </div>
   <div class='ocr_carea' id='block_1_84' title="bbox 2090 3561 3722 3633">
    <p class='ocr_par' dir='ltr' id='par_1_84' title="bbox 2090 3561 3722 3633">
     <span class='ocr_line' id='line_1_84' title="bbox 2090 3561 3722 3633; baseline -0.002 -16"><span class='ocrx_word' id='word_1_586' title='bbox 2090 3562 2266 3617; x_wconf 91' lang='lat' dir='ltr'>tharii</span> <span class='ocrx_word' id='word_1_587' title='bbox 2297 3563 2550 3633; x_wconf 82' lang='lat' dir='ltr'>dignitas</span> <span class='ocrx_word' id='word_1_588' title='bbox 2562 3568 2685 3617; x_wconf 89' lang='lat' dir='ltr'>erat</span> <span class='ocrx_word' id='word_1_589' title='bbox 2714 3563 2938 3633; x_wconf 89' lang='lat' dir='ltr'>absque</span> <span class='ocrx_word' id='word_1_590' title='bbox 2955 3561 3272 3630; x_wconf 66' lang='lat' dir='ltr'>(unctione,</span> <span class='ocrx_word' id='word_1_591' title='bbox 3291 3569 3356 3617; x_wconf 93' lang='lat' dir='ltr'>ut</span> <span class='ocrx_word' id='word_1_592' title='bbox 3370 3561 3722 3633; x_wconf 71' lang='lat' dir='ltr'>patriciatus.</span> 
     </span>
    </p>
   </div>
   <div class='ocr_carea' id='block_1_85' title="bbox 2089 3631 3731 3713">
    <p class='ocr_par' dir='ltr' id='par_1_85' title="bbox 2089 3631 3731 3713">
     <span class='ocr_line' id='line_1_85' title="bbox 2089 3631 3731 3713; baseline -0.002 -23"><span class='ocrx_word' id='word_1_593' title='bbox 2089 3636 2190 3713; x_wconf 78' lang='lat' dir='ltr'>sed</span> <span class='ocrx_word' id='word_1_594' title='bbox 2224 3631 2435 3713; x_wconf 77' lang='lat' dir='ltr'>minor.</span> <span class='ocrx_word' id='word_1_595' title='bbox 2473 3634 2680 3713; x_wconf 81' lang='lat' dir='ltr'>Script.</span> <span class='ocrx_word' id='word_1_596' title='bbox 2719 3631 3123 3713; x_wconf 74' lang='lat' dir='ltr'>postTheOph.</span> <span class='ocrx_word' id='word_1_597' title='bbox 3158 3652 3211 3713; x_wconf 70' lang='grc' dir='ltr'>ρ.</span> <span class='ocrx_word' id='word_1_598' title='bbox 3245 3631 3582 3713; x_wconf 48' lang='lat' dir='ltr'>293.:ﬁne.]&#39;</span> <span class='ocrx_word' id='word_1_599' title='bbox 3612 3631 3731 3687; x_wconf 86' lang='lat' dir='ltr'>Ne-</span> 
     </span>
    </p>
   </div>
   <div class='ocr_carea' id='block_1_86' title="bbox 2089 3705 3737 3777">
    <p class='ocr_par' dir='ltr' id='par_1_86' title="bbox 2089 3705 3737 3777">
     <span class='ocr_line' id='line_1_86' title="bbox 2089 3705 3737 3777; baseline -0.001 -17"><span class='ocrx_word' id='word_1_600' title='bbox 2089 3705 2230 3772; x_wconf 86' lang='lat' dir='ltr'>scio,</span> <span class='ocrx_word' id='word_1_601' title='bbox 2256 3706 2518 3777; x_wconf 86' lang='lat' dir='ltr'>possitne</span> <span class='ocrx_word' id='word_1_602' title='bbox 2550 3706 2656 3760; x_wconf 92' lang='lat' dir='ltr'>hoc</span> <span class='ocrx_word' id='word_1_603' title='bbox 2717 3707 2825 3761; x_wconf 86' lang='lat' dir='ltr'>isto</span> <span class='ocrx_word' id='word_1_604' title='bbox 2848 3722 2878 3762; x_wconf 91' lang='lat' dir='ltr'>e</span> <span class='ocrx_word' id='word_1_605' title='bbox 2908 3705 3053 3774; x_wconf 84' lang='lat' dir='ltr'>loco,</span> <span class='ocrx_word' id='word_1_606' title='bbox 3100 3706 3310 3761; x_wconf 89' lang='lat' dir='ltr'>evinci.</span> <span class='ocrx_word' id='word_1_607' title='bbox 3354 3705 3737 3777; x_wconf 83' lang='lat' dir='ltr'>Functicnem</span> 
     </span>
    </p>
   </div>
   <div class='ocr_carea' id='block_1_87' title="bbox 2089 3776 3739 3847">
    <p class='ocr_par' dir='ltr' id='par_1_87' title="bbox 2089 3776 3739 3847">
     <span class='ocr_line' id='line_1_87' title="bbox 2089 3776 3739 3847; baseline -0.002 -14"><span class='ocrx_word' id='word_1_608' title='bbox 2089 3794 2229 3833; x_wconf 89' lang='lat' dir='ltr'>sane</span> <span class='ocrx_word' id='word_1_609' title='bbox 2256 3776 2601 3833; x_wconf 84' lang='lat' dir='ltr'>exercebant</span> <span class='ocrx_word' id='word_1_610' title='bbox 2630 3793 2857 3843; x_wconf 90' lang='lat' dir='ltr'>omnes,</span> <span class='ocrx_word' id='word_1_611' title='bbox 2895 3777 2993 3847; x_wconf 91' lang='lat' dir='ltr'>qui</span> <span class='ocrx_word' id='word_1_612' title='bbox 3047 3778 3103 3832; x_wconf 93' lang='lat' dir='ltr'>in</span> <span class='ocrx_word' id='word_1_613' title='bbox 3138 3777 3339 3844; x_wconf 88' lang='lat' dir='ltr'>armis,</span> <span class='ocrx_word' id='word_1_614' title='bbox 3391 3792 3585 3832; x_wconf 88' lang='lat' dir='ltr'>coram</span> <span class='ocrx_word' id='word_1_615' title='bbox 3624 3776 3739 3830; x_wconf 90' lang='lat' dir='ltr'>im-</span> 
     </span>
    </p>
   </div>
   <div class='ocr_carea' id='block_1_88' title="bbox 2089 3848 3742 3920">
    <p class='ocr_par' dir='ltr' id='par_1_88' title="bbox 2089 3848 3742 3920">
     <span class='ocr_line' id='line_1_88' title="bbox 2089 3848 3742 3920; baseline -0.001 -17"><span class='ocrx_word' id='word_1_616' title='bbox 2089 3855 2355 3919; x_wconf 88' lang='lat' dir='ltr'>peratore</span> <span class='ocrx_word' id='word_1_617' title='bbox 2385 3849 2812 3919; x_wconf 86' lang='lat' dir='ltr'>comparebant,</span> <span class='ocrx_word' id='word_1_618' title='bbox 2846 3850 2996 3905; x_wconf 91' lang='lat' dir='ltr'>sacri</span> <span class='ocrx_word' id='word_1_619' title='bbox 3028 3850 3287 3920; x_wconf 90' lang='lat' dir='ltr'>corporis</span> <span class='ocrx_word' id='word_1_620' title='bbox 3309 3848 3509 3904; x_wconf 90' lang='lat' dir='ltr'>tuendi</span> <span class='ocrx_word' id='word_1_621' title='bbox 3537 3863 3742 3903; x_wconf 87' lang='lat' dir='ltr'>causa.</span> 
     </span>
    </p>
   </div>
   <div class='ocr_carea' id='block_1_89' title="bbox 2088 3920 3740 3992">
    <p class='ocr_par' dir='ltr' id='par_1_89' title="bbox 2088 3920 3740 3992">
     <span class='ocr_line' id='line_1_89' title="bbox 2088 3920 3740 3992; baseline -0.002 -16"><span class='ocrx_word' id='word_1_622' title='bbox 2088 3921 2143 3976; x_wconf 89' lang='lat' dir='ltr'>Si</span> <span class='ocrx_word' id='word_1_623' title='bbox 2178 3922 2415 3992; x_wconf 91' lang='lat' dir='ltr'>quidam</span> <span class='ocrx_word' id='word_1_624' title='bbox 2468 3921 2778 3992; x_wconf 85' lang='lat' dir='ltr'>impetrata</span> <span class='ocrx_word' id='word_1_625' title='bbox 2827 3920 3109 3976; x_wconf 90' lang='lat' dir='ltr'>missione</span> <span class='ocrx_word' id='word_1_626' title='bbox 3146 3920 3384 3992; x_wconf 87' lang='lat' dir='ltr'>titulum</span> <span class='ocrx_word' id='word_1_627' title='bbox 3425 3925 3740 3992; x_wconf 80' lang='lat' dir='ltr'>protospa-</span> 
     </span>
    </p>
   </div>
   <div class='ocr_carea' id='block_1_90' title="bbox 2091 3990 3745 4063">
    <p class='ocr_par' dir='ltr' id='par_1_90' title="bbox 2091 3990 3745 4063">
     <span class='ocr_line' id='line_1_90' title="bbox 2091 3990 3745 4063; baseline -0.001 -15"><span class='ocrx_word' id='word_1_628' title='bbox 2091 3990 2412 4049; x_wconf 84' lang='lat' dir='ltr'>thariorum</span> <span class='ocrx_word' id='word_1_629' title='bbox 2447 3991 2835 4057; x_wconf 88' lang='lat' dir='ltr'>retinuerunt,</span> <span class='ocrx_word' id='word_1_630' title='bbox 2860 4010 2928 4048; x_wconf 77' lang='lat' dir='ltr'>ex</span> <span class='ocrx_word' id='word_1_631' title='bbox 2960 4009 3025 4048; x_wconf 89' lang='lat' dir='ltr'>eo</span> <span class='ocrx_word' id='word_1_632' title='bbox 3077 4009 3191 4047; x_wconf 86' lang='lat' dir='ltr'>non</span> <span class='ocrx_word' id='word_1_633' title='bbox 3224 3991 3508 4063; x_wconf 87' lang='lat' dir='ltr'>sequitur,</span> <span class='ocrx_word' id='word_1_634' title='bbox 3542 3990 3745 4063; x_wconf 84' lang='lat' dir='ltr'>digni-</span> 
     </span>
    </p>
   </div>
   <div class='ocr_carea' id='block_1_91' title="bbox 2089 4062 3853 4134">
    <p class='ocr_par' dir='ltr' id='par_1_91' title="bbox 2089 4062 3853 4134">
     <span class='ocr_line' id='line_1_91' title="bbox 2089 4062 3853 4134; baseline -0.003 -15"><span class='ocrx_word' id='word_1_635' title='bbox 2089 4068 2268 4121; x_wconf 88' lang='lat' dir='ltr'>tatern</span> <span class='ocrx_word' id='word_1_636' title='bbox 2301 4064 2449 4118; x_wconf 90' lang='lat' dir='ltr'>hanc</span> <span class='ocrx_word' id='word_1_637' title='bbox 2482 4078 2638 4118; x_wconf 89' lang='lat' dir='ltr'>mere</span> <span class='ocrx_word' id='word_1_638' title='bbox 2660 4063 3021 4134; x_wconf 82' lang='lat' dir='ltr'>dignitatem,</span> <span class='ocrx_word' id='word_1_639' title='bbox 3053 4080 3153 4119; x_wconf 84' lang='lat' dir='ltr'>seu</span> <span class='ocrx_word' id='word_1_640' title='bbox 3178 4062 3746 4134; x_wconf 80' lang='lat' dir='ltr'>titularem,fuisse.</span> <span class='ocrx_word' id='word_1_641' title='bbox 3849 4110 3853 4114; x_wconf 82' lang='lat'>.</span> 
     </span>
    </p>
   </div>
   <div class='ocr_carea' id='block_1_92' title="bbox 2092 4133 3748 4206">
    <p class='ocr_par' dir='ltr' id='par_1_92' title="bbox 2092 4133 3748 4206">
     <span class='ocr_line' id='line_1_92' title="bbox 2092 4133 3748 4206; baseline 0 -17"><span class='ocrx_word' id='word_1_642' title='bbox 2092 4138 2252 4206; x_wconf 83' lang='lat' dir='ltr'>Apud</span> <span class='ocrx_word' id='word_1_643' title='bbox 2292 4133 2796 4190; x_wconf 24' lang='lat' dir='ltr'>Assemannum’t.</span> <span class='ocrx_word' id='word_1_644' title='bbox 2834 4134 2855 4190; x_wconf 91' lang='grc' dir='ltr'>Ι</span> <span class='ocrx_word' id='word_1_645' title='bbox 2887 4134 3035 4191; x_wconf 90' lang='lat' dir='ltr'>Bibl.</span> <span class='ocrx_word' id='word_1_646' title='bbox 3083 4135 3300 4192; x_wconf 89' lang='lat' dir='ltr'>Orieut.</span> <span class='ocrx_word' id='word_1_647' title='bbox 3354 4151 3410 4205; x_wconf 90' lang='lat' dir='ltr'>p.</span> <span class='ocrx_word' id='word_1_648' title='bbox 3458 4133 3587 4206; x_wconf 63' lang='grc' dir='ltr'>1⁷49ἱ</span> <span class='ocrx_word' id='word_1_649' title='bbox 3644 4150 3748 4189; x_wconf 88' lang='lat' dir='ltr'>re-</span> 
     </span>
    </p>
   </div>
   <div class='ocr_carea' id='block_1_93' title="bbox 2091 4205 3752 4334">
    <p class='ocr_par' dir='ltr' id='par_1_93' title="bbox 2091 4205 3752 4334">
     <span class='ocr_line' id='line_1_93' title="bbox 2091 4205 3752 4288; baseline -0.001 -26"><span class='ocrx_word' id='word_1_650' title='bbox 2091 4205 2250 4280; x_wconf 82' lang='lat' dir='ltr'>perio</span> <span class='ocrx_word' id='word_1_651' title='bbox 2283 4207 2817 4288; x_wconf 87' lang='lat' dir='ltr'>protospatharium</span> <span class='ocrx_word' id='word_1_652' title='bbox 2848 4206 3101 4278; x_wconf 90' lang='lat' dir='ltr'>aliquem</span> <span class='ocrx_word' id='word_1_653' title='bbox 3138 4206 3195 4260; x_wconf 91' lang='lat' dir='ltr'>in</span> <span class='ocrx_word' id='word_1_654' title='bbox 3229 4206 3366 4261; x_wconf 90' lang='lat' dir='ltr'>aula</span> <span class='ocrx_word' id='word_1_655' title='bbox 3415 4205 3752 4261; x_wconf 85' lang='lat' dir='ltr'>Mamluco-</span> 
     </span>
     <span class='ocr_line' id='line_1_94' title="bbox 2092 4277 3751 4334; baseline 0 0"><span class='ocrx_word' id='word_1_656' title='bbox 2092 4297 2219 4334; x_wconf 84' lang='lat' dir='ltr'>rum</span> <span class='ocrx_word' id='word_1_657' title='bbox 2279 4278 2788 4334; x_wconf 62' lang='lat' dir='ltr'>.Egvntiacorum:</span> <span class='ocrx_word' id='word_1_658' title='bbox 2851 4279 3005 4334; x_wconf 88' lang='lat' dir='ltr'>cuod</span> <span class='ocrx_word' id='word_1_659' title='bbox 3054 4279 3217 4334; x_wconf 84' lang='lat' dir='ltr'>valde</span> <span class='ocrx_word' id='word_1_660' title='bbox 3292 4277 3493 4334; x_wconf 86' lang='lat' dir='ltr'>miror.</span> <span class='ocrx_word' id='word_1_661' title='bbox 3551 4292 3751 4334; x_wconf 82' lang='lat' dir='ltr'>neque</span> 
     </span>
    </p>
   </div>
   <div class='ocr_carea' id='block_1_94' title="bbox 2090 4293 3748 4421">
    <p class='ocr_par' dir='ltr' id='par_1_94' title="bbox 2090 4293 3748 4421">
     <span class='ocr_line' id='line_1_95' title="bbox 2092 4293 3748 4350; baseline -0.001 -16"><span class='ocrx_word' id='word_1_662' title='bbox 2092 4297 2219 4334; x_wconf 83' lang='lat' dir='ltr'>rum</span> <span class='ocrx_word' id='word_1_663' title='bbox 2279 4293 2788 4350; x_wconf 59' lang='lat' dir='ltr'>wgyptiacorum;</span> <span class='ocrx_word' id='word_1_664' title='bbox 2851 4293 3005 4349; x_wconf 85' lang='lat' dir='ltr'>quou</span> <span class='ocrx_word' id='word_1_665' title='bbox 3054 4293 3217 4334; x_wconf 84' lang='lat' dir='ltr'>value</span> <span class='ocrx_word' id='word_1_666' title='bbox 3292 4294 3493 4344; x_wconf 78' lang='lat' dir='ltr'>miror,</span> <span class='ocrx_word' id='word_1_667' title='bbox 3551 4293 3748 4347; x_wconf 88' lang='lat' dir='ltr'>neque</span> 
     </span>
     <span class='ocr_line' id='line_1_96' title="bbox 2090 4348 3748 4421; baseline 0 -15"><span class='ocrx_word' id='word_1_668' title='bbox 2090 4350 2374 4421; x_wconf 85' lang='lat' dir='ltr'>intelligo,</span> <span class='ocrx_word' id='word_1_669' title='bbox 2406 4349 2699 4418; x_wconf 84' lang='lat' dir='ltr'>quomodo</span> <span class='ocrx_word' id='word_1_670' title='bbox 2731 4350 3096 4406; x_wconf 89' lang='lat' dir='ltr'>Christianus</span> <span class='ocrx_word' id='word_1_671' title='bbox 3154 4349 3370 4421; x_wconf 86' lang='lat' dir='ltr'>aliquis</span> <span class='ocrx_word' id='word_1_672' title='bbox 3406 4348 3600 4417; x_wconf 86' lang='lat' dir='ltr'>Cateb,</span> <span class='ocrx_word' id='word_1_673' title='bbox 3633 4365 3748 4406; x_wconf 86' lang='lat' dir='ltr'>seu</span> 
     </span>
    </p>
   </div>
   <div class='ocr_carea' id='block_1_95' title="bbox 2091 4421 3750 4492">
    <p class='ocr_par' dir='ltr' id='par_1_95' title="bbox 2091 4421 3750 4492">
     <span class='ocr_line' id='line_1_97' title="bbox 2091 4421 3750 4492; baseline -0.001 -15"><span class='ocrx_word' id='word_1_674' title='bbox 2091 4423 2459 4489; x_wconf 84' lang='lat' dir='ltr'>secretarius,</span> <span class='ocrx_word' id='word_1_675' title='bbox 2500 4421 2826 4492; x_wconf 83' lang='lat' dir='ltr'>appelletur</span> <span class='ocrx_word' id='word_1_676' title='bbox 2855 4422 3032 4477; x_wconf 90' lang='lat' dir='ltr'>simul</span> <span class='ocrx_word' id='word_1_677' title='bbox 3083 4421 3564 4492; x_wconf 86' lang='lat' dir='ltr'>protospatarius,</span> <span class='ocrx_word' id='word_1_678' title='bbox 3604 4436 3750 4475; x_wconf 88' lang='lat' dir='ltr'>cum</span> 
     </span>
    </p>
   </div>
   <div class='ocr_carea' id='block_1_96' title="bbox 2090 4492 3751 4549">
    <p class='ocr_par' dir='ltr' id='par_1_96' title="bbox 2090 4492 3751 4549">
     <span class='ocr_line' id='line_1_98' title="bbox 2090 4492 3751 4549; baseline -0.001 -2"><span class='ocrx_word' id='word_1_679' title='bbox 2090 4493 2295 4548; x_wconf 84' lang='lat' dir='ltr'>titulus</span> <span class='ocrx_word' id='word_1_680' title='bbox 2323 4492 2415 4548; x_wconf 91' lang='lat' dir='ltr'>hic</span> <span class='ocrx_word' id='word_1_681' title='bbox 2446 4492 2505 4546; x_wconf 90' lang='lat' dir='ltr'>in</span> <span class='ocrx_word' id='word_1_682' title='bbox 2539 4492 2805 4548; x_wconf 88' lang='lat' dir='ltr'>orientali</span> <span class='ocrx_word' id='word_1_683' title='bbox 2839 4510 2938 4548; x_wconf 87' lang='lat' dir='ltr'>seu</span> <span class='ocrx_word' id='word_1_684' title='bbox 2964 4493 3450 4549; x_wconf 84' lang='lat' dir='ltr'>Muhammedano</span> <span class='ocrx_word' id='word_1_685' title='bbox 3474 4498 3588 4547; x_wconf 90' lang='lat' dir='ltr'>toto</span> <span class='ocrx_word' id='word_1_686' title='bbox 3629 4493 3751 4546; x_wconf 90' lang='lat' dir='ltr'>im-</span> 
     </span>
    </p>
   </div>
   <div class='ocr_carea' id='block_1_97' title="bbox 2094 4563 3743 4637">
    <p class='ocr_par' dir='ltr' id='par_1_97' title="bbox 2094 4563 3743 4637">
     <span class='ocr_line' id='line_1_99' title="bbox 2094 4563 3743 4637; baseline -0.002 -16"><span class='ocrx_word' id='word_1_687' title='bbox 2094 4568 2251 4637; x_wconf 89' lang='lat' dir='ltr'>perio</span> <span class='ocrx_word' id='word_1_688' title='bbox 2309 4582 2613 4637; x_wconf 89' lang='lat' dir='ltr'>nunquam</span> <span class='ocrx_word' id='word_1_689' title='bbox 2670 4566 2910 4621; x_wconf 89' lang='lat' dir='ltr'>auditus</span> <span class='ocrx_word' id='word_1_690' title='bbox 2960 4564 3154 4637; x_wconf 84' lang='lat' dir='ltr'>fuerit.</span> <span class='ocrx_word' id='word_1_691' title='bbox 3199 4565 3391 4637; x_wconf 80' lang='lat' dir='ltr'>Refert</span> <span class='ocrx_word' id='word_1_692' title='bbox 3434 4563 3514 4619; x_wconf 90' lang='lat' dir='ltr'>ibi</span> <span class='ocrx_word' id='word_1_693' title='bbox 3555 4569 3743 4637; x_wconf 81' lang='lat' dir='ltr'>Asse-</span> 
     </span>
    </p>
   </div>
   <div class='ocr_carea' id='block_1_98' title="bbox 2091 4635 3749 4708">
    <p class='ocr_par' dir='ltr' id='par_1_98' title="bbox 2091 4635 3749 4708">
     <span class='ocr_line' id='line_1_100' title="bbox 2091 4635 3749 4708; baseline -0.001 -15"><span class='ocrx_word' id='word_1_694' title='bbox 2091 4635 2345 4693; x_wconf 80' lang='lat' dir='ltr'>mannus</span> <span class='ocrx_word' id='word_1_695' title='bbox 2395 4635 2884 4708; x_wconf 86' lang='lat' dir='ltr'>subscriptionem</span> <span class='ocrx_word' id='word_1_696' title='bbox 2943 4636 3173 4708; x_wconf 82' lang='lat' dir='ltr'>Arsbici</span> <span class='ocrx_word' id='word_1_697' title='bbox 3226 4635 3473 4704; x_wconf 88' lang='lat' dir='ltr'>alicujus</span> <span class='ocrx_word' id='word_1_698' title='bbox 3520 4636 3749 4692; x_wconf 82' lang='lat' dir='ltr'>codicis</span> 
     </span>
    </p>
   </div>
   <div class='ocr_carea' id='block_1_99' title="bbox 2092 4707 3746 4781">
    <p class='ocr_par' dir='ltr' id='par_1_99' title="bbox 2092 4707 3746 4781">
     <span class='ocr_line' id='line_1_101' title="bbox 2092 4707 3746 4781; baseline -0.001 -18"><span class='ocrx_word' id='word_1_699' title='bbox 2092 4726 2262 4781; x_wconf 85' lang='lat' dir='ltr'>quam</span> <span class='ocrx_word' id='word_1_700' title='bbox 2303 4708 2499 4763; x_wconf 79' lang='lat' dir='ltr'>Latine</span> <span class='ocrx_word' id='word_1_701' title='bbox 2521 4707 2733 4781; x_wconf 78' lang='lat' dir='ltr'>damus</span> <span class='ocrx_word' id='word_1_702' title='bbox 2764 4726 2777 4763; x_wconf 91' lang='lat'><strong>:</strong></span> <span class='ocrx_word' id='word_1_703' title='bbox 2830 4709 3106 4764; x_wconf 77' lang='lat' dir='ltr'>Convertit</span> <span class='ocrx_word' id='word_1_704' title='bbox 3146 4707 3561 4781; x_wconf 5' lang='lat' dir='ltr'>aliuncﬂlt&#39;brum</span> <span class='ocrx_word' id='word_1_705' title='bbox 3597 4722 3746 4781; x_wconf 66' lang='lat' dir='ltr'>pro-</span> 
     </span>
    </p>
   </div>
   <div class='ocr_carea' id='block_1_100' title="bbox 2091 4777 3746 4851">
    <p class='ocr_par' dir='ltr' id='par_1_100' title="bbox 2091 4777 3746 4851">
     <span class='ocr_line' id='line_1_102' title="bbox 2091 4777 3746 4851; baseline -0.002 -16"><span class='ocrx_word' id='word_1_706' title='bbox 2091 4777 2492 4851; x_wconf 73' lang='lat' dir='ltr'>tbspalharius,</span> <span class='ocrx_word' id='word_1_707' title='bbox 2527 4779 2685 4851; x_wconf 77' lang='lat' dir='ltr'>Cateb</span> <span class='ocrx_word' id='word_1_708' title='bbox 2717 4779 2837 4850; x_wconf 90' lang='lat' dir='ltr'>(seu</span> <span class='ocrx_word' id='word_1_709' title='bbox 2889 4780 3255 4850; x_wconf 86' lang='lat' dir='ltr'>secretarius)</span> <span class='ocrx_word' id='word_1_710' title='bbox 3294 4779 3549 4834; x_wconf 77' lang='lat' dir='ltr'>Melchita</span> <span class='ocrx_word' id='word_1_711' title='bbox 3589 4777 3746 4833; x_wconf 84' lang='lat' dir='ltr'>lbra-</span> 
     </span>
    </p>
   </div>
   <div class='ocr_carea' id='block_1_101' title="bbox 340 4843 3746 4933">
    <p class='ocr_par' dir='ltr' id='par_1_101' title="bbox 340 4843 3746 4933">
     <span class='ocr_line' id='line_1_103' title="bbox 340 4843 3746 4933; baseline 0.001 -33"><span class='ocrx_word' id='word_1_712' title='bbox 340 4846 572 4933; x_wconf 39' lang='grc' dir='ltr'>(ἕσσει-(ξι</span> <span class='ocrx_word' id='word_1_713' title='bbox 602 4843 838 4933; x_wconf 54' lang='lat' dir='ltr'>spathae</span> <span class='ocrx_word' id='word_1_714' title='bbox 871 4845 1018 4933; x_wconf 71' lang='lat' dir='ltr'>latas</span> <span class='ocrx_word' id='word_1_715' title='bbox 1068 4843 1269 4933; x_wconf 49' lang='lat' dir='ltr'>super;</span> <span class='ocrx_word' id='word_1_716' title='bbox 1293 4843 1483 4933; x_wconf 76' lang='lat' dir='ltr'>longis</span> <span class='ocrx_word' id='word_1_717' title='bbox 1520 4843 1706 4933; x_wconf 69' lang='lat' dir='ltr'>contis</span> <span class='ocrx_word' id='word_1_718' title='bbox 1750 4849 1979 4922; x_wconf 78' lang='lat' dir='ltr'>ligneis,</span> <span class='ocrx_word' id='word_1_719' title='bbox 2015 4868 2059 4933; x_wconf 80' lang='lat' dir='ltr'><strong>D</strong></span> <span class='ocrx_word' id='word_1_720' title='bbox 2091 4843 2227 4933; x_wconf 51' lang='lat' dir='ltr'>hic},</span> <span class='ocrx_word' id='word_1_721' title='bbox 2262 4852 2414 4920; x_wconf 79' lang='lat' dir='ltr'>ﬁlius</span> <span class='ocrx_word' id='word_1_722' title='bbox 2442 4843 2676 4933; x_wconf 53' lang='lat' dir='ltr'>[Cannis</span> <span class='ocrx_word' id='word_1_723' title='bbox 2706 4843 3094 4920; x_wconf 63' lang='lat' dir='ltr'>Antiocheam,</span> <span class='ocrx_word' id='word_1_724' title='bbox 3127 4856 3177 4906; x_wconf 85' lang='lat' dir='ltr'>et</span> <span class='ocrx_word' id='word_1_725' title='bbox 3214 4843 3439 4933; x_wconf 64' lang='lat' dir='ltr'>dictavit</span> <span class='ocrx_word' id='word_1_726' title='bbox 3468 4866 3593 4933; x_wconf 61' lang='lat' dir='ltr'>earn</span> <span class='ocrx_word' id='word_1_727' title='bbox 3622 4851 3746 4917; x_wconf 69' lang='lat' dir='ltr'>isti,</span> 
     </span>
    </p>
   </div>
   <div class='ocr_carea' id='block_1_102' title="bbox 385 4910 1981 4996">
    <p class='ocr_par' dir='ltr' id='par_1_102' title="bbox 385 4910 1981 4996">
     <span class='ocr_line' id='line_1_104' title="bbox 385 4910 1981 4996; baseline 0.008 -30"><span class='ocrx_word' id='word_1_728' title='bbox 385 4910 575 4996; x_wconf 34' lang='lat' dir='ltr'>uales.</span> <span class='ocrx_word' id='word_1_729' title='bbox 596 4910 1007 4996; x_wconf 49' lang='lat' dir='ltr'>spathobaclia</span> <span class='ocrx_word' id='word_1_730' title='bbox 1081 4910 1473 4996; x_wconf 66' lang='lat' dir='ltr'>appellabant.</span> <span class='ocrx_word' id='word_1_731' title='bbox 1524 4922 1690 4996; x_wconf 81' lang='lat' dir='ltr'>Patet</span> <span class='ocrx_word' id='word_1_732' title='bbox 1732 4910 1981 4994; x_wconf 46' lang='lat' dir='ltr'>exupag&#39;.</span> 
     </span>
    </p>
   </div>
   <div class='ocr_carea' id='block_1_103' title="bbox 389 4984 1989 5071">
    <p class='ocr_par' dir='ltr' id='par_1_103' title="bbox 389 4984 1989 5071">
     <span class='ocr_line' id='line_1_105' title="bbox 389 4984 1989 5071; baseline -0.001 -20"><span class='ocrx_word' id='word_1_733' title='bbox 389 4985 532 5071; x_wconf 61' lang='lat'>9?}1‘5</span> <span class='ocrx_word' id='word_1_734' title='bbox 559 4984 678 5071; x_wconf 54' lang='lat'>{69-</span> <span class='ocrx_word' id='word_1_735' title='bbox 720 4990 883 5071; x_wconf 63' lang='lat' dir='ltr'>§§Bpe</span> <span class='ocrx_word' id='word_1_736' title='bbox 916 4984 1204 5071; x_wconf 67' lang='lat' dir='ltr'>reperitur</span> <span class='ocrx_word' id='word_1_737' title='bbox 1255 4992 1630 5071; x_wconf 37' lang='lat' dir='ltr'>bAccHnomen</span> <span class='ocrx_word' id='word_1_738' title='bbox 1664 4994 1737 5071; x_wconf 90' lang='lat' dir='ltr'>_in</span> <span class='ocrx_word' id='word_1_739' title='bbox 1788 4984 1989 5071; x_wconf 79' lang='lat' dir='ltr'>nosth</span> 
     </span>
    </p>
   </div>
   <div class='ocr_carea' id='block_1_104' title="bbox 340 5054 1985 5133">
    <p class='ocr_par' dir='ltr' id='par_1_104' title="bbox 340 5054 1985 5133">
     <span class='ocr_line' id='line_1_106' title="bbox 340 5054 1985 5133; baseline 0.008 -24"><span class='ocrx_word' id='word_1_740' title='bbox 340 5054 537 5111; x_wconf 91' lang='lat' dir='ltr'>codice</span> <span class='ocrx_word' id='word_1_741' title='bbox 567 5054 902 5133; x_wconf 73' lang='grc' dir='ltr'>ἀσπαθάρὶος</span> <span class='ocrx_word' id='word_1_742' title='bbox 935 5054 1239 5133; x_wconf 77' lang='lat' dir='ltr'>scriptum.</span> <span class='ocrx_word' id='word_1_743' title='bbox 1273 5065 1505 5121; x_wconf 89' lang='lat' dir='ltr'>Scilicet</span> <span class='ocrx_word' id='word_1_744' title='bbox 1536 5065 1681 5121; x_wconf 87' lang='lat' dir='ltr'>illud</span> <span class='ocrx_word' id='word_1_745' title='bbox 1722 5086 1755 5119; x_wconf 88' lang='grc' dir='ltr'>α</span> <span class='ocrx_word' id='word_1_746' title='bbox 1830 5083 1895 5121; x_wconf 89' lang='lat' dir='ltr'>eo</span> <span class='ocrx_word' id='word_1_747' title='bbox 1927 5066 1985 5122; x_wconf 93' lang='lat' dir='ltr'>in</span> 
     </span>
    </p>
   </div>
   <div class='ocr_carea' id='block_1_105' title="bbox 341 5131 1988 5209">
    <p class='ocr_par' dir='ltr' id='par_1_105' title="bbox 341 5131 1988 5209">
     <span class='ocr_line' id='line_1_107' title="bbox 341 5131 1988 5209; baseline 0.009 -29"><span class='ocrx_word' id='word_1_748' title='bbox 341 5142 483 5209; x_wconf 41' lang='lat' dir='ltr'>casu.</span> <span class='ocrx_word' id='word_1_749' title='bbox 537 5131 701 5182; x_wconf 90' lang='lat' dir='ltr'>notat</span> <span class='ocrx_word' id='word_1_750' title='bbox 754 5134 1018 5209; x_wconf 68' lang='grc' dir='ltr'>πρῷτρςς.</span> <span class='ocrx_word' id='word_1_751' title='bbox 1056 5131 1145 5209; x_wconf 64' lang='grc' dir='ltr'>Ἱα</span> <span class='ocrx_word' id='word_1_752' title='bbox 1191 5137 1546 5192; x_wconf 84' lang='lat' dir='ltr'>membranis</span> <span class='ocrx_word' id='word_1_753' title='bbox 1590 5138 1988 5194; x_wconf 87' lang='lat' dir='ltr'>distinctionis</span> 
     </span>
    </p>
   </div>
   <div class='ocr_carea' id='block_1_106' title="bbox 340 5202 1988 5279">
    <p class='ocr_par' dir='ltr' id='par_1_106' title="bbox 340 5202 1988 5279">
     <span class='ocr_line' id='line_1_108' title="bbox 340 5202 1988 5279; baseline 0.009 -29"><span class='ocrx_word' id='word_1_754' title='bbox 340 5202 793 5279; x_wconf 75' lang='lat' dir='ltr'>gratia__semper_</span> <span class='ocrx_word' id='word_1_755' title='bbox 828 5202 1083 5279; x_wconf 78' lang='lat' dir='ltr'>habebat</span> <span class='ocrx_word' id='word_1_756' title='bbox 1108 5206 1239 5279; x_wconf 88' lang='lat' dir='ltr'>_hoc</span> <span class='ocrx_word' id='word_1_757' title='bbox 1276 5225 1309 5264; x_wconf 91' lang='lat' dir='ltr'>a</span> <span class='ocrx_word' id='word_1_758' title='bbox 1351 5212 1601 5276; x_wconf 80' lang='lat' dir='ltr'>primum</span> <span class='ocrx_word' id='word_1_759' title='bbox 1646 5209 1988 5279; x_wconf 82' lang='lat' dir='ltr'>signiﬁcans</span> 
     </span>
    </p>
   </div>
   <div class='ocr_carea' id='block_1_107' title="bbox 1935 5282 1963 5294">
    <p class='ocr_par' dir='ltr' id='par_1_107' title="bbox 1935 5282 1963 5294">
     <span class='ocr_line' id='line_1_109' title="bbox 1935 5282 1963 5294; baseline 0 0"><span class='ocrx_word' id='word_1_760' title='bbox 1935 5282 1963 5294; x_wconf 62' lang='grc' dir='ltr'>ω</span> 
     </span>
    </p>
   </div>
   <div class='ocr_carea' id='block_1_108' title="bbox 341 5268 1985 5352">
    <p class='ocr_par' dir='ltr' id='par_1_108' title="bbox 341 5268 1985 5352">
     <span class='ocr_line' id='line_1_110' title="bbox 341 5268 1985 5352; baseline 0.008 -29"><span class='ocrx_word' id='word_1_761' title='bbox 341 5268 981 5344; x_wconf 63' lang='grc' dir='ltr'>ωρὶίειιιιω’81ἱιιυοά,</span> <span class='ocrx_word' id='word_1_762' title='bbox 1039 5275 1195 5332; x_wconf 88' lang='lat' dir='ltr'>velut</span> <span class='ocrx_word' id='word_1_763' title='bbox 1250 5268 1549 5351; x_wconf 78' lang='lat' dir='ltr'>geminum</span> <span class='ocrx_word' id='word_1_764' title='bbox 1604 5268 1885 5352; x_wconf 62' lang='lat' dir='ltr'>pluleum,</span> <span class='ocrx_word' id='word_1_765' title='bbox 1934 5282 1985 5336; x_wconf 80' lang='grc' dir='ltr'>ἆ.</span> 
     </span>
    </p>
   </div>
   <div class='ocr_carea' id='block_1_109' title="bbox 1220 5361 1249 5389">
    <p class='ocr_par' dir='ltr' id='par_1_109' title="bbox 1220 5361 1249 5389">
     <span class='ocr_line' id='line_1_111' title="bbox 1220 5361 1249 5389; baseline 0 0"><span class='ocrx_word' id='word_1_766' title='bbox 1220 5361 1249 5389; x_wconf 87' lang='lat' dir='ltr'>a</span> 
     </span>
    </p>
   </div>
   <div class='ocr_carea' id='block_1_110' title="bbox 1802 5364 1831 5393">
    <p class='ocr_par' dir='ltr' id='par_1_110' title="bbox 1802 5364 1831 5393">
     <span class='ocr_line' id='line_1_112' title="bbox 1802 5364 1831 5393; baseline 0 0"><span class='ocrx_word' id='word_1_767' title='bbox 1802 5364 1831 5393; x_wconf 90' lang='lat' dir='ltr'>a</span> 
     </span>
    </p>
   </div>
   <div class='ocr_carea' id='block_1_111' title="bbox 342 5393 1986 5476">
    <p class='ocr_par' dir='ltr' id='par_1_111' title="bbox 342 5393 1986 5476">
     <span class='ocr_line' id='line_1_113' title="bbox 342 5393 1986 5476; baseline 0.01 -30"><span class='ocrx_word' id='word_1_768' title='bbox 342 5393 655 5476; x_wconf 68' lang='lat' dir='ltr'>Reperitur</span> <span class='ocrx_word' id='word_1_769' title='bbox 679 5400 1151 5476; x_wconf 83' lang='lat' dir='ltr'>qu_oque_passim</span> <span class='ocrx_word' id='word_1_770' title='bbox 1213 5410 1240 5464; x_wconf 82' lang='grc' dir='ltr'>θ</span> <span class='ocrx_word' id='word_1_771' title='bbox 1273 5405 1581 5476; x_wconf 83' lang='lat' dir='ltr'>scriptum.</span> <span class='ocrx_word' id='word_1_772' title='bbox 1621 5405 1751 5476; x_wconf 89' lang='lat' dir='ltr'>&#39;[De</span> <span class='ocrx_word' id='word_1_773' title='bbox 1809 5407 1837 5458; x_wconf 86' lang='grc' dir='ltr'>θ</span> <span class='ocrx_word' id='word_1_774' title='bbox 1886 5420 1986 5462; x_wconf 88' lang='lat' dir='ltr'>seu</span> 
     </span>
    </p>
   </div>
   <div class='ocr_carea' id='block_1_112' title="bbox 340 5467 1988 5550">
    <p class='ocr_par' dir='ltr' id='par_1_112' title="bbox 340 5467 1988 5550">
     <span class='ocr_line' id='line_1_114' title="bbox 340 5467 1988 5550; baseline 0.01 -33"><span class='ocrx_word' id='word_1_775' title='bbox 340 5467 1167 5550; x_wconf 46' lang='lat' dir='ltr'>protospathario_v._Ban_dur.</span> <span class='ocrx_word' id='word_1_776' title='bbox 1205 5492 1257 5544; x_wconf 90' lang='lat' dir='ltr'>p.</span> <span class='ocrx_word' id='word_1_777' title='bbox 1295 5467 1414 5550; x_wconf 60' lang='lat'>126&#39;,</span> <span class='ocrx_word' id='word_1_778' title='bbox 1441 5476 1521 5550; x_wconf 75' lang='lat' dir='ltr'>ad</span> <span class='ocrx_word' id='word_1_779' title='bbox 1569 5467 1870 5550; x_wconf 74' lang='lat' dir='ltr'>constant.</span> <span class='ocrx_word' id='word_1_780' title='bbox 1915 5478 1988 5534; x_wconf 85' lang='lat' dir='ltr'>De</span> 
     </span>
    </p>
   </div>
   <div class='ocr_carea' id='block_1_113' title="bbox 336 5534 1988 5631">
    <p class='ocr_par' dir='ltr' id='par_1_113' title="bbox 336 5534 1988 5631">
     <span class='ocr_line' id='line_1_115' title="bbox 336 5534 1988 5631; baseline 0.01 -43"><span class='ocrx_word' id='word_1_781' title='bbox 336 5534 963 5631; x_wconf 28' lang='grc' dir='ltr'>θέρΪξ-ηἰξςᾉίηιρςνίο.</span> <span class='ocrx_word' id='word_1_782' title='bbox 999 5629 1011 5631; x_wconf 65' lang='lat'><em>_</em></span> <span class='ocrx_word' id='word_1_783' title='bbox 1024 5534 1532 5631; x_wconf 54' lang='lat' dir='ltr'>Protospatbarius</span> <span class='ocrx_word' id='word_1_784' title='bbox 1589 5548 1798 5631; x_wconf 74' lang='lat' dir='ltr'>phialae</span> <span class='ocrx_word' id='word_1_785' title='bbox 1843 5553 1988 5631; x_wconf 39' lang='lat' dir='ltr'>“erat</span> 
     </span>
    </p>
   </div>
   <div class='ocr_carea' id='block_1_114' title="bbox 331 5607 1982 5685">
    <p class='ocr_par' dir='ltr' id='par_1_114' title="bbox 331 5607 1982 5685">
     <span class='ocr_line' id='line_1_116' title="bbox 331 5607 1982 5685; baseline 0.008 -25"><span class='ocrx_word' id='word_1_786' title='bbox 331 5607 506 5685; x_wconf 85' lang='lat' dir='ltr'>judex</span> <span class='ocrx_word' id='word_1_787' title='bbox 549 5607 797 5685; x_wconf 83' lang='lat' dir='ltr'>_naviu_m</span> <span class='ocrx_word' id='word_1_788' title='bbox 834 5607 1244 5685; x_wconf 59' lang='lat' dir='ltr'>imperialium&#39;</span> <span class='ocrx_word' id='word_1_789' title='bbox 1270 5607 1801 5674; x_wconf 77' lang='lat' dir='ltr'>dromadariurum.</span> <span class='ocrx_word' id='word_1_790' title='bbox 1837 5621 1982 5676; x_wconf 90' lang='lat' dir='ltr'>Con-</span> 
     </span>
    </p>
   </div>
   <div class='ocr_carea' id='block_1_115' title="bbox 336 5681 1985 5761">
    <p class='ocr_par' dir='ltr' id='par_1_115' title="bbox 336 5681 1985 5761">
     <span class='ocr_line' id='line_1_117' title="bbox 336 5681 1985 5761; baseline 0.01 -30"><span class='ocrx_word' id='word_1_791' title='bbox 336 5684 511 5733; x_wconf 89' lang='lat' dir='ltr'>stant.</span> <span class='ocrx_word' id='word_1_792' title='bbox 548 5681 627 5737; x_wconf 89' lang='lat' dir='ltr'>De</span> <span class='ocrx_word' id='word_1_793' title='bbox 685 5683 860 5761; x_wconf 84' lang='lat' dir='ltr'>adm._</span> <span class='ocrx_word' id='word_1_794' title='bbox 906 5681 1151 5761; x_wconf 74' lang='lat' dir='ltr'>imperio</span> <span class='ocrx_word' id='word_1_795' title='bbox 1202 5690 1423 5761; x_wconf 68' lang='lat' dir='ltr'>p.140.</span> <span class='ocrx_word' id='word_1_796' title='bbox 1478 5690 1985 5761; x_wconf 89' lang='lat' dir='ltr'>Protospatbarius</span> 
     </span>
    </p>
   </div>
   <div class='ocr_carea' id='block_1_116' title="bbox 336 5756 2064 5840">
    <p class='ocr_par' dir='ltr' id='par_1_116' title="bbox 336 5756 2064 5840">
     <span class='ocr_line' id='line_1_118' title="bbox 336 5756 2064 5840; baseline 0.009 -36"><span class='ocrx_word' id='word_1_797' title='bbox 336 5766 645 5807; x_wconf 87' lang='lat' dir='ltr'>camasum</span> <span class='ocrx_word' id='word_1_798' title='bbox 676 5756 1020 5826; x_wconf 84' lang='lat' dir='ltr'>accipiebat,</span> <span class='ocrx_word' id='word_1_799' title='bbox 1045 5758 1101 5811; x_wconf 88' lang='lat' dir='ltr'>in</span> <span class='ocrx_word' id='word_1_800' title='bbox 1128 5756 1475 5816; x_wconf 88' lang='lat' dir='ltr'>Lausiacum</span> <span class='ocrx_word' id='word_1_801' title='bbox 1505 5756 1987 5833; x_wconf 80' lang='lat' dir='ltr'>progrediebatur</span> <span class='ocrx_word' id='word_1_802' title='bbox 2057 5832 2064 5840; x_wconf 24' lang='lat' dir='ltr'><em>O</em></span> 
     </span>
    </p>
   </div>
   <div class='ocr_carea' id='block_1_117' title="bbox 2095 4922 3752 4995">
    <p class='ocr_par' dir='ltr' id='par_1_117' title="bbox 2095 4922 3752 4995">
     <span class='ocr_line' id='line_1_119' title="bbox 2095 4922 3752 4995; baseline -0.001 -17"><span class='ocrx_word' id='word_1_803' title='bbox 2095 4924 2189 4995; x_wconf 84' lang='lat' dir='ltr'>qui</span> <span class='ocrx_word' id='word_1_804' title='bbox 2217 4924 2471 4979; x_wconf 73' lang='lat' dir='ltr'>exaravit</span> <span class='ocrx_word' id='word_1_805' title='bbox 2526 4938 2652 4977; x_wconf 87' lang='lat' dir='ltr'>eum</span> <span class='ocrx_word' id='word_1_806' title='bbox 2697 4939 3047 4995; x_wconf 27' lang='lat' dir='ltr'>manuusua,</span> <span class='ocrx_word' id='word_1_807' title='bbox 3105 4938 3355 4979; x_wconf 79' lang='lat' dir='ltr'>sermone</span> <span class='ocrx_word' id='word_1_808' title='bbox 3401 4922 3752 4995; x_wconf 68' lang='lat' dir='ltr'>4rabico_e;c</span> 
     </span>
    </p>
   </div>
   <div class='ocr_carea' id='block_1_118' title="bbox 2096 4992 3753 5065">
    <p class='ocr_par' dir='ltr' id='par_1_118' title="bbox 2096 4992 3753 5065">
     <span class='ocr_line' id='line_1_120' title="bbox 2096 4992 3753 5065; baseline 0 -16"><span class='ocrx_word' id='word_1_809' title='bbox 2096 4992 2275 5050; x_wconf 68' lang='lat' dir='ltr'>codice</span> <span class='ocrx_word' id='word_1_810' title='bbox 2304 4996 2511 5051; x_wconf 70' lang='lat' dir='ltr'>Grcam.</span> <span class='ocrx_word' id='word_1_811' title='bbox 2550 4995 2628 5049; x_wconf 88' lang='lat' dir='ltr'>Ita</span> <span class='ocrx_word' id='word_1_812' title='bbox 2650 5002 2825 5065; x_wconf 89' lang='lat' dir='ltr'>sonat</span> <span class='ocrx_word' id='word_1_813' title='bbox 2855 4993 2956 5049; x_wconf 90' lang='lat' dir='ltr'>illa</span> <span class='ocrx_word' id='word_1_814' title='bbox 2976 4995 3352 5065; x_wconf 84' lang='lat' dir='ltr'>subscriptio.</span> <span class='ocrx_word' id='word_1_815' title='bbox 3415 4993 3583 5049; x_wconf 91' lang='lat' dir='ltr'>Forte</span> <span class='ocrx_word' id='word_1_816' title='bbox 3633 4992 3753 5049; x_wconf 85' lang='lat' dir='ltr'>fuit</span> 
     </span>
    </p>
   </div>
   <div class='ocr_carea' id='block_1_119' title="bbox 2098 5064 3752 5136">
    <p class='ocr_par' dir='ltr' id='par_1_119' title="bbox 2098 5064 3752 5136">
     <span class='ocr_line' id='line_1_121' title="bbox 2098 5064 3752 5136; baseline 0.001 -16"><span class='ocrx_word' id='word_1_817' title='bbox 2098 5066 2234 5121; x_wconf 90' lang='lat' dir='ltr'>olim</span> <span class='ocrx_word' id='word_1_818' title='bbox 2269 5065 2583 5136; x_wconf 89' lang='lat' dir='ltr'>aliquando</span> <span class='ocrx_word' id='word_1_819' title='bbox 2644 5064 2749 5120; x_wconf 88' lang='lat' dir='ltr'>iste</span> <span class='ocrx_word' id='word_1_820' title='bbox 2802 5065 3058 5121; x_wconf 87' lang='lat' dir='ltr'>Ibrahim</span> <span class='ocrx_word' id='word_1_821' title='bbox 3118 5068 3177 5122; x_wconf 89' lang='lat' dir='ltr'>in</span> <span class='ocrx_word' id='word_1_822' title='bbox 3218 5064 3367 5121; x_wconf 77' lang='lat' dir='ltr'>aula</span> <span class='ocrx_word' id='word_1_823' title='bbox 3426 5065 3752 5136; x_wconf 81' lang='lat' dir='ltr'>Byzantina</span> 
     </span>
    </p>
   </div>
   <div class='ocr_carea' id='block_1_120' title="bbox 2098 5136 3750 5209">
    <p class='ocr_par' dir='ltr' id='par_1_120' title="bbox 2098 5136 3750 5209">
     <span class='ocr_line' id='line_1_122' title="bbox 2098 5136 3750 5209; baseline 0.002 -18"><span class='ocrx_word' id='word_1_824' title='bbox 2098 5137 2335 5209; x_wconf 81' lang='lat' dir='ltr'>functus</span> <span class='ocrx_word' id='word_1_825' title='bbox 2358 5153 2600 5192; x_wconf 90' lang='lat' dir='ltr'>munere</span> <span class='ocrx_word' id='word_1_826' title='bbox 2627 5136 3124 5209; x_wconf 83' lang='lat' dir='ltr'>protospatharii;</span> <span class='ocrx_word' id='word_1_827' title='bbox 3159 5136 3368 5193; x_wconf 89' lang='lat' dir='ltr'>deinde</span> <span class='ocrx_word' id='word_1_828' title='bbox 3398 5136 3626 5192; x_wconf 89' lang='lat' dir='ltr'>delatus</span> <span class='ocrx_word' id='word_1_829' title='bbox 3682 5136 3750 5194; x_wconf 85' lang='lat' dir='ltr'>in</span> 
     </span>
    </p>
   </div>
   <div class='ocr_carea' id='block_1_121' title="bbox 2099 5207 3751 5273">
    <p class='ocr_par' dir='ltr' id='par_1_121' title="bbox 2099 5207 3751 5273">
     <span class='ocr_line' id='line_1_123' title="bbox 2099 5207 3751 5273; baseline 0 -9"><span class='ocrx_word' id='word_1_830' title='bbox 2099 5207 2294 5265; x_wconf 84' lang='lat' dir='ltr'>aulam</span> <span class='ocrx_word' id='word_1_831' title='bbox 2326 5207 2752 5264; x_wconf 83' lang='lat' dir='ltr'>Mamlucorum</span> <span class='ocrx_word' id='word_1_832' title='bbox 2785 5207 2983 5264; x_wconf 80' lang='lat' dir='ltr'>serviit</span> <span class='ocrx_word' id='word_1_833' title='bbox 3012 5208 3127 5264; x_wconf 90' lang='lat' dir='ltr'>illis</span> <span class='ocrx_word' id='word_1_834' title='bbox 3159 5213 3222 5263; x_wconf 89' lang='lat' dir='ltr'>ut</span> <span class='ocrx_word' id='word_1_835' title='bbox 3250 5209 3623 5273; x_wconf 81' lang='lat' dir='ltr'>secretarius;</span> <span class='ocrx_word' id='word_1_836' title='bbox 3649 5208 3751 5264; x_wconf 88' lang='lat' dir='ltr'>cui</span> 
     </span>
    </p>
   </div>
   <div class='ocr_carea' id='block_1_122' title="bbox 2100 5278 3753 5351">
    <p class='ocr_par' dir='ltr' id='par_1_122' title="bbox 2100 5278 3753 5351">
     <span class='ocr_line' id='line_1_124' title="bbox 2100 5278 3753 5351; baseline 0.001 -17"><span class='ocrx_word' id='word_1_837' title='bbox 2100 5280 2326 5336; x_wconf 91' lang='lat' dir='ltr'>muneri</span> <span class='ocrx_word' id='word_1_838' title='bbox 2352 5280 2642 5351; x_wconf 73' lang='lat' dir='ltr'>praecipue</span> <span class='ocrx_word' id='word_1_839' title='bbox 2671 5279 3031 5336; x_wconf 90' lang='lat' dir='ltr'>Christianos</span> <span class='ocrx_word' id='word_1_840' title='bbox 3049 5280 3341 5337; x_wconf 86' lang='lat' dir='ltr'>adhibitos</span> <span class='ocrx_word' id='word_1_841' title='bbox 3368 5280 3469 5335; x_wconf 87' lang='lat' dir='ltr'>illa</span> <span class='ocrx_word' id='word_1_842' title='bbox 3518 5281 3577 5334; x_wconf 93' lang='lat' dir='ltr'>in</span> <span class='ocrx_word' id='word_1_843' title='bbox 3608 5278 3753 5336; x_wconf 86' lang='lat' dir='ltr'>aula</span> 
     </span>
    </p>
   </div>
   <div class='ocr_carea' id='block_1_123' title="bbox 2098 5351 3751 5408">
    <p class='ocr_par' dir='ltr' id='par_1_123' title="bbox 2098 5351 3751 5408">
     <span class='ocr_line' id='line_1_125' title="bbox 2098 5351 3751 5408; baseline 0.001 -2"><span class='ocrx_word' id='word_1_844' title='bbox 2098 5351 2280 5407; x_wconf 81' lang='lat' dir='ltr'>fuisse</span> <span class='ocrx_word' id='word_1_845' title='bbox 2310 5356 2542 5407; x_wconf 90' lang='lat' dir='ltr'>constat</span> <span class='ocrx_word' id='word_1_846' title='bbox 2562 5369 2626 5407; x_wconf 82' lang='lat' dir='ltr'>ex</span> <span class='ocrx_word' id='word_1_847' title='bbox 2643 5351 2938 5408; x_wconf 89' lang='lat' dir='ltr'>Elmacino</span> <span class='ocrx_word' id='word_1_848' title='bbox 2956 5356 3013 5407; x_wconf 92' lang='lat' dir='ltr'>et</span> <span class='ocrx_word' id='word_1_849' title='bbox 3035 5351 3291 5408; x_wconf 89' lang='lat' dir='ltr'>aliunde.</span> <span class='ocrx_word' id='word_1_850' title='bbox 3325 5352 3465 5407; x_wconf 85' lang='lat' dir='ltr'>Inde</span> <span class='ocrx_word' id='word_1_851' title='bbox 3496 5352 3751 5407; x_wconf 83' lang='lat' dir='ltr'>factum-</span> 
     </span>
    </p>
   </div>
   <div class='ocr_carea' id='block_1_124' title="bbox 2098 5422 3750 5495">
    <p class='ocr_par' dir='ltr' id='par_1_124' title="bbox 2098 5422 3750 5495">
     <span class='ocr_line' id='line_1_126' title="bbox 2098 5422 3750 5495; baseline 0.001 -18"><span class='ocrx_word' id='word_1_852' title='bbox 2098 5428 2162 5477; x_wconf 89' lang='lat' dir='ltr'>ut</span> <span class='ocrx_word' id='word_1_853' title='bbox 2191 5424 2400 5481; x_wconf 89' lang='lat' dir='ltr'>veteris</span> <span class='ocrx_word' id='word_1_854' title='bbox 2424 5440 2698 5495; x_wconf 62' lang='lat' dir='ltr'>novasque</span> <span class='ocrx_word' id='word_1_855' title='bbox 2729 5423 3034 5495; x_wconf 87' lang='lat' dir='ltr'>dignitatis</span> <span class='ocrx_word' id='word_1_856' title='bbox 3079 5440 3290 5480; x_wconf 89' lang='lat' dir='ltr'>nomen</span> <span class='ocrx_word' id='word_1_857' title='bbox 3343 5422 3522 5478; x_wconf 86' lang='lat' dir='ltr'>simul</span> <span class='ocrx_word' id='word_1_858' title='bbox 3568 5438 3750 5493; x_wconf 84' lang='lat' dir='ltr'>gere-</span> 
     </span>
    </p>
   </div>
   <div class='ocr_carea' id='block_1_125' title="bbox 2098 5495 3739 5565">
    <p class='ocr_par' dir='ltr' id='par_1_125' title="bbox 2098 5495 3739 5565">
     <span class='ocr_line' id='line_1_127' title="bbox 2098 5495 3739 5565; baseline 0 -17"><span class='ocrx_word' id='word_1_859' title='bbox 2098 5500 2203 5551; x_wconf 91' lang='lat' dir='ltr'>ret.</span> <span class='ocrx_word' id='word_1_860' title='bbox 2228 5495 2375 5559; x_wconf 89' lang='lat' dir='ltr'>Quid</span> <span class='ocrx_word' id='word_1_861' title='bbox 2417 5495 2527 5550; x_wconf 88' lang='lat' dir='ltr'>sibi</span> <span class='ocrx_word' id='word_1_862' title='bbox 2584 5495 2705 5551; x_wconf 82' lang='lat' dir='ltr'>vult</span> <span class='ocrx_word' id='word_1_863' title='bbox 2749 5495 2895 5551; x_wconf 91' lang='lat' dir='ltr'>illud</span> <span class='ocrx_word' id='word_1_864' title='bbox 2953 5496 3107 5563; x_wconf 88' lang='lat' dir='ltr'>apud</span> <span class='ocrx_word' id='word_1_865' title='bbox 3169 5497 3481 5565; x_wconf 60' lang='lat' dir='ltr'>Constant.</span> <span class='ocrx_word' id='word_1_866' title='bbox 3522 5495 3739 5565; x_wconf 88' lang='lat' dir='ltr'>Porph.</span> 
     </span>
    </p>
   </div>
   <div class='ocr_carea' id='block_1_126' title="bbox 2096 5564 3746 5639">
    <p class='ocr_par' dir='ltr' id='par_1_126' title="bbox 2096 5564 3746 5639">
     <span class='ocr_line' id='line_1_128' title="bbox 2096 5564 3746 5639; baseline 0 -20"><span class='ocrx_word' id='word_1_867' title='bbox 2096 5567 2166 5620; x_wconf 88' lang='lat' dir='ltr'>de</span> <span class='ocrx_word' id='word_1_868' title='bbox 2216 5568 2373 5639; x_wconf 74' lang='lat' dir='ltr'>adrn.</span> <span class='ocrx_word' id='word_1_869' title='bbox 2435 5566 2574 5639; x_wconf 81' lang='lat' dir='ltr'>imp.</span> <span class='ocrx_word' id='word_1_870' title='bbox 2621 5566 2936 5639; x_wconf 47' lang='grc' dir='ltr'>καθέζεσθαι</span> <span class='ocrx_word' id='word_1_871' title='bbox 2988 5565 3085 5639; x_wconf 85' lang='grc' dir='ltr'>ὡς</span> <span class='ocrx_word' id='word_1_872' title='bbox 3120 5564 3608 5639; x_wconf 76' lang='grc' dir='ltr'>πρωτοσπαθάριον</span> <span class='ocrx_word' id='word_1_873' title='bbox 3650 5566 3746 5619; x_wconf 81' lang='grc' dir='ltr'>καὶ</span> 
     </span>
    </p>
   </div>
   <div class='ocr_carea' id='block_1_127' title="bbox 2095 5636 3746 5782">
    <p class='ocr_par' dir='ltr' id='par_1_127' title="bbox 2095 5636 3746 5782">
     <span class='ocr_line' id='line_1_129' title="bbox 2138 5636 3746 5712; baseline 0.001 -20"><span class='ocrx_word' id='word_1_874' title='bbox 2138 5644 2281 5712; x_wconf 87' lang='grc' dir='ltr'>ορεῖν</span> <span class='ocrx_word' id='word_1_875' title='bbox 2313 5636 2765 5707; x_wconf 72' lang='grc' dir='ltr'>ἐπικουτζούλιον</span> <span class='ocrx_word' id='word_1_876' title='bbox 2802 5638 2820 5693; x_wconf 86' lang='lat'><strong><em>?</em></strong></span> <span class='ocrx_word' id='word_1_877' title='bbox 2856 5642 3030 5694; x_wconf 89' lang='lat' dir='ltr'>Estne</span> <span class='ocrx_word' id='word_1_878' title='bbox 3079 5636 3185 5693; x_wconf 81' lang='lat' dir='ltr'>hoc</span> <span class='ocrx_word' id='word_1_879' title='bbox 3218 5636 3691 5709; x_wconf 84' lang='lat' dir='ltr'>scaramangium</span> <span class='ocrx_word' id='word_1_880' title='bbox 3716 5639 3746 5694; x_wconf 85' lang='lat'>‘?</span> 
     </span>
     <span class='ocr_line' id='line_1_130' title="bbox 2095 5658 3493 5782; baseline -0.003 -14"><span class='ocrx_word' id='word_1_881' title='bbox 2095 5658 2303 5768; x_wconf 46' lang='lat' dir='ltr'>i‘uitne</span> <span class='ocrx_word' id='word_1_882' title='bbox 2334 5710 2807 5782; x_wconf 89' lang='lat' dir='ltr'>scaramangium</span> <span class='ocrx_word' id='word_1_883' title='bbox 2841 5709 3436 5782; x_wconf 85' lang='lat' dir='ltr'>protospathariorum</span> <span class='ocrx_word' id='word_1_884' title='bbox 3466 5711 3493 5764; x_wconf 76' lang='lat' dir='ltr'>‘I</span> 
     </span>
    </p>
   </div>
  </div>
