4104 6444
343 314 455 384 211
1412 310 1947 375 CONSTAN'I‘INI
1991 307 2689 374 PORPHYROGENITI
3636 313 3757 374 212

421 449 494 507 II.
528 450 791 507 Secunda
814 447 1068 520 receptio
1090 454 1223 505 ante
1251 451 1447 519 portas
1477 447 1818 504 Sanctorum
1846 445 1999 517 Apo-

2186 441 2428 519 Β’.Δοχὴ
2536 441 2642 518 πρὸ
2672 444 2779 496 τῶν
2803 438 2994 495 πυλῶν
3026 441 3135 495 τῶν
3155 437 3356 515 Ἀγίων
3378 439 3756 499 Ἀποστόλων.

347 538 629 596 stolorum
667 553 766 594 seu
800 538 856 595 in
889 536 1139 593 scholis:
1175 540 1291 593 stat
1319 536 1399 593 ibi
1429 537 1701 593 tribunus
1730 534 2001 592 Prasino-

2121 530 2278 605 ἥγουν
2329 531 2406 595 εἷς
2447 532 2544 595 τὰς
2588 530 2821 607 σχολάς.
2855 527 3080 604 Δέχεται
3113 526 3285 583 ἐκεῖσε
3334 529 3361 583 6
3396 525 3754 605 δημοκράτης

348 643 476 685 rum
505 643 607 684 seu
632 626 933 683 excubitor
954 642 1086 683 cum
1111 626 1360 683 factione
1377 626 1641 690 Prasina,
1662 628 1720 682 et
1738 624 2000 681 nondum

2121 625 2217 675 τῶν
2302 622 2607 697 Πρασίθων,
2666 620 2835 694 ¹ἤγουν
2898 620 2927 672 6
3014 612 3387 689 ὲκσκούϐιτος,
3446 620 3580 692 μετᾶ
3662 625 3759 676 τοῦ

349 734 416 774 eo
434 716 761 789 progressis
784 716 1062 781 dominis,
1087 719 1357 774 cantores
1371 731 1508 772 voce
1530 713 1652 773 toni
1670 714 1747 771 III
1768 714 1997 771 dicunt:

2121 717 2405 785 περατικοῢ
2463 710 2647 786 δήμου
2722 714 2831 765 τῶν
2899 707 3208 782 Πρασίνων,
3266 710 3354 765 καὶ
3421 711 3591 783 μήπω
3654 716 3762 767 τῶν

348 829 377 859 ‹‹
411 807 519 875 Qui
551 806 680 864 sine
711 814 891 863 matre
937 805 995 861 in
1043 805 1189 863 caelo
1229 809 1338 875 est,
1372 806 1499 863 sine
1544 808 1712 877 patre
1760 804 1818 860 in
1852 807 2004 861 terra

2121 797 2395 858 δεσποτῶν
2479 800 2795 879 φθασάντων
2883 797 3075 869 ἒκεῖσε,
3149 795 3400 871 λέγουσιν
3493 800 3546 853 οἱ
3627 800 3761 875 κρά-

351 897 703 953 nascitur.»
748 896 960 953 Aliud:
1022 919 1050 946 «
1085 897 1255 952 Sator
1303 900 1359 952 et
1415 897 1644 952 amicus
1697 894 2003 953 hominum

2121 910 2233 946 κται
2282 892 2402 969 ,τὴν
2470 890 2654 966 φωνὴν
2713 888 2762 925 ’⁷²
2816 888 2927 961 (46)
2984 884 3086 961 ἤχ.
3142 887 3189 963 γ’
3239 905 3252 918 ·
3314 910 3342 939 ‹‹
3391 887 3454 945 Ὁ
3528 886 3766 962 ἀμήτωρ

353 987 526 1043 homo
558 987 719 1045 nasci
744 989 920 1045 amat.
954 1006 981 1036 ν
1019 985 1508 1069 Βοωὶοἱεμυιοω
1537 983 1909 1041 venientibus
1948 988 2006 1039 et

2121 978 2168 1036 ἐν
2257 979 2532 1054 οὐρανοῖς,
2587 976 2814 1051 ἀπάτωρ
2885 975 3122 1032 τίκτεται
3208 975 3296 1031 ἐπὶ
3381 983 3483 1046 τῆς
3556 984 3679 1051 γῆς.
3737 1002 3759 1033 ι

352 1075 414 1133 in
446 1074 617 1135 solita
647 1075 897 1132 statione
946 1089 1056 1131 sua
1100 1089 1203 1131 seu
1249 1062 1477 1133 camera
1528 1072 2005 1138 subsistentibus,

2121 1066 2325 1125 ’Ἄλλοι
2363 1086 2376 1101 ⁵
2406 1093 2434 1121 ‹‹
2466 1068 2528 1125 Ὁ
2560 1066 2865 1148 φυτουργὸς
2896 1069 3004 1122 τῶν
3037 1064 3337 1138 ἀνθρώπων
3372 1062 3767 1142 φιλάνθρωπος

354 1172 620 1222 cantores
650 1164 889 1221 dicunt:
925 1184 954 1213 ‹‹
987 1162 1223 1234 Multos,
1254 1161 1496 1233 multos,
1531 1161 1798 1221 multos?
1829 1182 1858 1211 ››
1890 1161 2006 1217 Ρο-

2121 1154 2472 1233 καταδέχεται
2520 1157 2808 1231 ἄνθρωπος
2867 1160 3219 1232 γεννηθῆναι.
3282 1177 3310 1207 n
3371 1156 3475 1211 Καὶ
3534 1152 3603 1224 δὴ
3655 1160 3768 1211 τῶν

354 1253 571 1324 pulus:
629 1273 652 1303 (ι
690 1252 901 1307 Multos
955 1267 1141 1310 annos
1197 1251 1256 1309 in
1317 1250 1574 1309 multos!
1612 1272 1633 1301 ι
1696 1249 2003 1308 Cantores:

2121 1245 2393 1303 δεσποτῶν
2442 1244 2761 1326 ἐρχομένων
2807 1245 2896 1301 γαὶ
2954 1242 3263 1317 ἱσταμένων
3297 1242 3375 1310 εἷς
3403 1245 3495 1300 τὸν
3536 1244 3772 1310 εἰωθότα

356 1364 386 1391 ‹‹
422 1342 617 1413 Longa
648 1341 809 1396 vobis
840 1346 1123 1412 tempora,
1167 1356 1201 1397 a
1227 1340 1509 1397 Trinitate
1556 1338 1759 1395 electi!
1803 1360 1830 1389 ››
1880 1338 2007 1394 Cla-

2121 1337 2282 1393 τόπον
2313 1338 2413 1405 τῆς
2442 1337 2617 1391 αὐτῶν
2653 1335 2891 1395 στάσεως
2921 1334 2987 1404 ⁷³,
3014 1334 3186 1410 ἤγουν
3229 1334 3305 1395 εἷς
3352 1335 3454 1399 τήν
3496 1335 3776 1411 καμάραν,

357 1439 474 1486 mat
508 1433 564 1486 et
595 1428 845 1501 populus
873 1436 991 1485 ter:
1022 1450 1050 1479 «
1083 1428 1308 1484 Sancte.
1342 1449 1371 1478 ››
1402 1432 1717 1485 Cantores:
1754 1450 1781 1478 ‹‹
1816 1432 2007 1499 Longa

2121 1425 2374 1503 λέγουσιν
2424 1426 2477 1481 οἱ
2524 1426 2751 1499 κράκται
2785 1442 2799 1457 ⁶
2838 1446 2867 1476 ‹‹
2914 1422 3131 1494 Πολλὰ,
3162 1419 3371 1480 πολλὰ.
3403 1421 3591 1479 πολλά
3627 1444 3639 1459 ·
3674 1448 3706 1477 ››
3745 1426 3774 1480 6

354 1518 524 1575 vobis
582 1524 849 1590 tempora
905 1517 974 1576 N.
1007 1518 1076 1574 N.
1137 1518 1454 1589 imperator
1508 1517 1941 1573 Romanorum!
1976 1537 2005 1568 ››

2123 1516 2278 1581 λαός’
2313 1540 2341 1568 ι(
2366 1512 2565 1571 Πολλὰ
2593 1511 2686 1584 ἔτη
2720 1514 2797 1576 εἷς
2826 1511 3034 1571 πολλά.
3067 1535 3096 1566 »
3131 1514 3199 1572 Οἱ
3227 1512 3524 1588 κράκται·ι‹
3554 1513 3778 1570 Πολλοὶ

357 1606 586 1665 Clamat
617 1612 673 1663 et
706 1607 951 1679 populus
980 1611 1104 1663 ter:
1155 1627 1183 1659 ι(
1215 1606 1444 1662 Sancte.
1480 1628 1508 1657 »
1558 1607 1874 1663 Cantores:
1909 1606 2007 1664 ‘23

2125 1606 2250 1678 ὑμῖν
2302 1605 2519 1681 χρόνοι,
2551 1606 2587 1673 ἡ
2619 1601 2826 1681 ἐκλογὴ
2874 1609 2975 1672 τῆς
3022 1599 3280 1678 Τριάδος.
3314 1605 3555 1681 Φθογγεῖ
3600 1605 3692 1659 καὶ
3749 1606 3778 1659 ὁ

356 1719 385 1748 ‹‹
418 1696 615 1768 Longa
642 1696 803 1754 vobis
832 1703 1112 1769 tempora,
1138 1694 1344 1753 famuli
1368 1694 1599 1752 Domini
1623 1694 1635 1749 ι
1660 1716 1689 1746 ››
1722 1695 1943 1754 Clamat
1959 1702 2007 1750 et

2124 1695 2259 1758 λαὸς
2288 1693 2346 1749 ἐκ
2375 1695 2446 1768 γ’,
2467 1714 2493 1749 α
2526 1695 2744 1769 Ἂγιε.»
2777 1692 2840 1749 O't
2870 1693 3098 1767 κράκται
3123 1710 3135 1723 ·
3171 1716 3199 1745 α
3235 1690 3449 1748 Πολλοὶ
3482 1692 3610 1765 ὑμῖν
3639 1692 3781 1769 χρό-

356 1786 605 1858 populus
637 1790 758 1843 ter:
818 1807 845 1839 ς(
876 1786 1107 1845 Sancto.
1143 1807 1173 1836 »
1223 1786 1537 1845 Cantores:
1601 1785 1801 1857 Longa
1849 1786 2007 1845 vobis

2121 1784 2272 1851 νοι,ὁ
2304 1780 2454 1839 δεῖνα
2503 1781 2595 1838 καὶ
2644 1782 2673 1837 ὁ
2724 1778 2872 1839 δεῖνα
2926 1781 3284 1855 αὐτοκράτωρ
3315 1783 3364 1818 ’⁷4
3395 1782 3708 1856 Ῥωμαίων·
3752 1806 3781 1835 ››

358 1880 642 1946 tempora,
676 1875 743 1932 N.
776 1876 844 1933 N.
877 1877 1150 1947 Augustae
1183 1874 1612 1932 Romanorum!
1649 1896 1676 1926 ››
1707 1875 1934 1931 Clamat
1956 1883 2007 1932 et

2121 1875 2362 1949 Φθογγεῖ
2391 1871 2481 1927 καὶ
2513 1873 2541 1927 6
2573 1869 2709 1933 λαὸς
2741 1870 2804 1927 ἐκ
2829 1869 3038 1944 τρίτου·
3072 1893 3101 1925 ι(
3133 1873 3315 1945 ”Αγιε.
3351 1896 3372 1922 ι
3406 1872 3474 1930 Οἱ
3523 1871 3781 1945 κράκται·

362 1965 611 2036 populus
642 1968 764 2023 ter:
800 1986 827 2015 «
861 1963 1089 2022 Sancte.
1127 1985 1154 2013 »
1186 1964 1465 2023 Cantores
1497 1980 1509 2018 :
1559 1985 1588 2015 (ι
1626 1964 1818 2036 Longa
1849 1965 2007 2023 vobis

2124 1985 2153 2017 tt
2182 1960 2396 2020 Πολλοὶ
2433 1963 2560 2036 ὑμῖν
2603 1960 2817 2037 χρόνοι,
2857 1961 2908 2017 οἱ
2956 1960 3282 2035 Θεράποντες
3331 1965 3429 2017 τοῦ
3480 1961 3714 2036 Κυρίου.
3756 1984 3785 2015 ››

360 2058 645 2124 tempore,
668 2053 921 2120 Domini,
945 2069 1080 2111 eum
1108 2053 1470 2126 augustabus
1498 2060 1554 2109 et
1576 2053 2007 2125 porphyrogen-

2122 2055 2363 2129 Φθογγεῖ
2420 2051 2511 2109 καὶ
2567 2052 2596 2106 ὁ
2651 2048 2784 2115 λαὸς
2840 2048 2901 2106 ἐκ
2949 2051 2997 2127 γ’
3030 2073 3059 2102 ‹‹
3089 2052 3273 2125 Ἅγια.
3308 2074 3337 2104 α
3369 2051 3437 2109 Οἱ
3495 2052 3734 2125 κράκται
3770 2070 3785 2086 ⁸

364 2144 509 2198 netis
535 2142 583 2196 ι»
609 2142 835 2201 Clamat
864 2148 921 2202 et
951 2141 1206 2215 populus
1231 2161 1280 2203 ις(
1312 2142 1667 2201 Diuturnam
1698 2142 1848 2201 Deus
1878 2160 2007 2203 san-

2123 2167 2151 2199 ‹‹
2184 2140 2400 2201 Πολλοὶ
2435 2141 2561 2217 ὑμῖν
2596 2140 2821 2217 χρόνοι,
2853 2142 2883 2196 6
2916 2136 3066 2197 δεῖνα
3112 2141 3203 2196 καὶ
3235 2141 3262 2196 6
3295 2138 3442 2197 δεῖνα
3474 2141 3789 2217 Λύγοῦσται

361 2237 533 2301 ctam,
566 2235 677 2288 etc.
709 2252 738 2283 »

2123 2237 2229 2290 τῶν
2258 2229 2575 2305 Ῥωμαίων.
2610 2235 2850 2308 Φθογγεῖ
2898 2228 2989 2285 καὶ
3048 2229 3077 2283 ὁ
3118 2228 3250 2294 λαὸς
3273 2227 3334 2285 ἐκ
3364 2231 3433 2305 γ”
3469 2252 3499 2283 «
3530 2231 3718 2305 Ἄγις.
3756 2253 3788 2286 ››

365 2321 433 2377 Οἱ
488 2320 715 2393 κράκται
749 2340 763 2354 ι
808 2343 836 2374 ‹‹
875 2318 1087 2379 Πολλοὶ
1149 2320 1276 2395 ὑμῖν
1336 2322 1556 2397 χρόνοι,
1592 2319 1870 2392 δεσπόται,
1904 2322 1996 2379 σὺν
2046 2326 2166 2387 τάἷς
2224 2321 2550 2398 αὐγούσταις
2607 2322 2698 2377 καὶ
2743 2325 2864 2386 τοῖς
2893 2321 3443 2397 προφυρογεννήτοις.
3478 2345 3501 2377 ι
3540 2323 3796 2397 Φθογγεῖ

360 2410 455 2465 vati
487 2411 515 2466 6
544 2410 676 2473 Λαός
705 2426 719 2441 ’
745 2433 773 2462 (ι
807 2409 1183 2485 Πολυχρόνιον
1215 2412 1438 2481 ποιήσει
1468 2411 1496 2466 6
1527 2412 1657 2475 Θεὸς
1681 2413 1779 2482 τὴν
1812 2411 1967 2489 ἁγίαν
2007 2409 2288 2490 βασιλείαν
2317 2431 2411 2475 σας
2444 2410 2519 2475 εἷς
2550 2409 2740 2468 πολλά
2767 2408 2883 2481 ἔτη.
2919 2434 2948 2463 >›

436 2505 534 2563 ΙΙΙ.
587 2504 856 2575 Receptio
904 2505 1069 2561 tertia
1117 2505 1269 2562 intra
1317 2506 1597 2563 chalcsn:
1649 2510 1761 2563 stat
1798 2506 1879 2563 ibi
1912 2508 2007 2566 tri-

2198 2505 2272 2561 Γ’.
2304 2505 2462 2579 Δοχή
2493 2504 2542 2577 γ’
2586 2498 2796 2559 ἔνδοθεν
2850 2509 2955 2573 τῆς
3013 2502 3235 2581 χαλκῆς
3271 2522 3285 2537 ·
3325 2499 3543 2577 δέχεται
3606 2503 3789 2562 ἐκεῖσε

364 2596 561 2651 bunus
591 2595 943 2652 Venetorum
974 2609 1076 2650 seu
1126 2595 1484 2653 domesticus
1514 2594 1848 2654 scholarum
1877 2614 2007 2656 cum

2124 2594 2153 2652 6
2186 2591 2545 2669 δημοκράτης
2576 2598 2682 2649 τῶν
2720 2594 2971 2662 Βενέτων,
3005 2593 3174 2667 ἤγουν
3234 2592 3262 2647 6
3319 2588 3641 2664 δομὲστικος
3672 2599 3793 2651 τῶν

360 2684 611 2741 factione
638 2683 879 2749 Veneta,
900 2689 957 2739 et
988 2685 1251 2741 nondum
1284 2700 1351 2741 eo
1381 2685 1704 2757 progressis
1735 2686 2007 2757 dominis,

2123 2680 2368 2758 σχολῶν,
2404 2683 2541 2756 μετὰ
2596 2686 2692 2738 τοῦ
2751 2684 3048 2756 περατικοῦ
3106 2679 3289 2754 δήμου
3348 2685 3457 2737 τῶν
3515 2682 3788 2754 Βενὲτων,

357 2778 627 2832 cantores
666 2789 802 2830 voce
850 2773 975 2830 toni
1024 2774 1101 2831 III
1146 2773 1388 2831 dicunt:
1443 2796 1473 2825 «
1503 2775 1726 2832 Peccati
1772 2779 2007 2835 catenas

2121 2772 2210 2829 καὶ
2263 2774 2435 2846 μήπω
2482 2774 2590 2829 τῶν
2643 2768 2941 2842 δεσποτῶν,
2975 2771 3289 2846 φθασάντων
3341 2769 3538 2844 ἐκεῖσε,
3573 2770 3787 2847 λεῖγου-

356 2864 457 2935 qui
516 2863 691 2936 fregit
742 2863 917 2930 Deus,
951 2863 1143 2920 fasciis
1200 2863 1261 2920 in
1292 2863 1536 2936 praecepi
1593 2863 1942 2922 involvitur:
1976 2887 2006 2917 ››

2121 2881 2198 2916 σιν
2246 2861 2299 2916 οἱ
2337 2860 2566 2935 κράκται
2620 2861 2718 2930 τήν
2750 2861 2934 2936 φωνὴν
2968 2859 3070 2938 ἤχ.
3105 2861 3153 2934 γ’
3175 2876 3187 2889 ·
3227 2880 3252 2913 s
3294 2859 3490 2933 Σειρὰς
3523 2861 3785 2935 ῥηγνύων

355 2952 499 3009 laetis
530 2957 727 3008 autem
760 2952 1212 3010 acclamationes
1241 2969 1268 3008 δ
1322 2953 1660 3011 cantoribus
1704 2956 1762 3011 et
1791 2953 2006 3027 populo

2121 2952 2216 3015 τῆς
2244 2950 2509 3025 ἁμαρτίας
2555 2953 2961 3026 σπαργανοῦται
3006 2950 3135 3011 Θεὸς
3177 2947 3229 3004 ἑν
3286 2948 3493 3025 φάτνῃ·
3532 2974 3552 3000 ι
3606 2952 3676 3006 τὰ
3715 2949 3784 3010 δὲ

357 3044 422 3096 ut
465 3041 525 3095 in
583 3044 801 3097 ceteris
854 3041 1285 3111 receptionibus
1345 3041 1684 3100 recitantur.
1741 3041 2007 3113 Receptio

2121 3046 2218 3110 τῆς
2278 3038 2549 3118 εὐφημίας
2609 3040 2744 3097 ἅκτα
2796 3037 3017 3110 ᾅδονται
3075 3040 3223 3115 ποιρά
3266 3060 3326 3096 τε
3374 3044 3483 3096 τῶν
3523 3047 3779 3115 κρακτῶν

356 3132 567 3201 quarta
591 3132 759 3185 extra
816 3127 1097 3186 cbalcen:
1157 3133 1274 3187 stat
1322 3130 1599 3189 tribunus
1649 3130 2005 3191 Venetorum

356 3234 488 3277 cum
518 3217 770 3275 factione
812 3217 964 3285 alba,
1015 3218 1334 3290 dicuntque
1381 3222 1649 3277 cantores
1698 3235 1834 3277 voce
1886 3221 2007 3279 toni

353 3304 544 3363 tertii:
580 3325 606 3359 κ
644 3304 824 3362 Stella
853 3306 1154 3378 praecurrit
1182 3312 1239 3363 et
1285 3306 1440 3365 lucet
1490 3307 1553 3363 in
1610 3306 1913 3379 spelunca,
1946 3311 2010 3365 ut

355 3394 540 3467 Magis
569 3394 882 3453 Dominum
924 3394 1068 3453 solis
1100 3395 1390 3453 ostendat.
1443 3396 1592 3453 Puer
1635 3396 1789 3453 enim
1826 3414 2004 3471 appa-

356 3483 493 3549 ruit,
525 3486 581 3539 et
612 3499 744 3539 caro
776 3499 805 3538 e
835 3482 1076 3553 Virgine
1099 3483 1407 3554 pristinam
1429 3484 1638 3541 Adami
1668 3482 2009 3541 inobedien-

356 3572 501 3627 tiam
533 3572 819 3628 exstinxit.
869 3574 998 3643 Ipse
1043 3573 1410 3643 majestatem
1442 3578 1719 3641 vestram,
1752 3573 2007 3645 Domini,

355 3676 459 3733 per
478 3659 713 3733 longam
745 3665 1071 3732 temporum
1103 3662 1317 3721 seriem
1349 3663 1420 3720 ad
1444 3662 1690 3721 salutem
1710 3663 2009 3721 Romano-

357 3765 486 3804 rum
542 3750 816 3806 servabit.
854 3772 881 3800 »
937 3750 1164 3807 Fausta:
1210 3755 1405 3808 autem
1465 3752 1915 3811 acclamationes
1974 3771 2007 3813 α

354 3839 689 3895 cantoribus
718 3845 776 3895 et
806 3839 1044 3912 populo,
1079 3845 1144 3897 ut
1192 3840 1251 3896 in
1306 3841 1494 3913 prima
1534 3841 1865 3914 receptione
1913 3842 2006 3900 di-

350 3932 478 3985 tum
508 3927 639 3997 fuit,
672 3929 1012 3987 recitantur.

419 4190 515 4247 IV.
550 4190 826 4262 Receptio
858 4191 1066 4263 quinta
1097 4193 1168 4248 ad
1216 4193 1499 4251 Achillem
1563 4211 1737 4271 quem
1798 4202 2009 4256 vocant

348 4295 528 4352 prope
560 4296 834 4353 magnam
867 4285 1097 4353 portam
1128 4281 1361 4340 Meletii.
1398 4284 1478 4340 lbi
1510 4284 1785 4344 tribunus
1815 4286 2004 4346 Prasi-

2116 3129 2207 3186 καὶ
2236 3133 2338 3186 τοῦ
2369 3126 2529 3203 λαοῦ,
2552 3131 2734 3196 καθὼς
2762 3128 2851 3185 καὶ
2882 3128 2933 3185 ἂν
2960 3134 3081 3190 ταῖς
3116 3133 3337 3194 λοιπαῖς
3370 3124 3592 3204 δοχαῖς.
3618 3134 3778 3209 Δογή

2118 3214 2384 3288 δ’ἴξωθιν
2442 3224 2543 3289 τῆς
2602 3218 2856 3293 χαλκῆς’
2895 3215 3113 3292 δέχεται
3172 3215 3347 3274 ἐκεῖσε
3397 3219 3426 3272 ὁ
3480 3216 3783 3295 δήμαρχος

2116 3312 2226 3364 τῶν
2259 3306 2496 3366 Βενὲτων
2530 3308 2663 3382 μετὰ
2697 3312 2794 3365 τοῦ
2827 3305 3011 3381 δήμου
3039 3312 3137 3365 τοῦ
3170 3310 3389 3376 λευκοῦ,
3421 3308 3513 3365 καὶ
3576 3308 3777 3383 λέγου-

2118 3417 2199 3452 σιν
2229 3397 2283 3453 οἱ
2312 3397 2538 3472 κράκται
2571 3401 2671 3468 τὴν
2706 3399 2892 3475 φωνὴν
2942 3398 3050 3473 ἤχ.
3089 3398 3137 3472 γ’
3170 3416 3183 3430 ·
3220 3421 3247 3450 ‹‹
3282 3398 3492 3472 Ἀστὴρ
3539 3396 3773 3474 προτρέ-

2120 3503 2211 3559 χει
2240 3488 2330 3543 καὶ
2364 3484 2571 3560 λάμπει
2602 3485 2653 3545 ἐν
2686 3484 2965 3559 σπηλαίῳ,
2997 3488 3087 3544 τὸν
3122 3487 3409 3559 ,Δεσπότην
3462 3491 3555 3545 τοῦ
3604 3486 3767 3556 ἡλίου

2115 3580 2233 3637 τοῖς
2291 3577 2505 3650 Μάγοις
2554 3580 2971 3649 καταμηνῦσαι·
3035 3577 3233 3654 βρέφος
3294 3575 3402 3651 γὰρ
3467 3570 3644 3655 ὤφθη,
3675 3574 3767 3632 καὶ

2118 3661 2243 3739 σάρξ
2295 3663 2354 3721 ἐκ
2410 3672 2510 3736 τῆς
2566 3667 2839 3742 Παρθίνου
2896 3668 2994 3735 τὴν
3037 3664 3274 3725 παλαιὰν
3336 3667 3615 3740 παρακοήν
3672 3669 3772 3721 τοῦ

2112 3751 2294 3828 Ἀδὰμ
2341 3754 2650 3832 ἐξηφάνιζεν
2682 3758 2747 3817 ⁷⁵,
2780 3755 2974 3821 Ἀὐτὸς
3014 3756 3077 3813 τὸ
3137 3757 3184 3795 ⁷⁸
3226 3757 3425 3830 κράτος
3472 3756 3650 3829 ὑμῶν,
3686 3752 3773 3811 δε-

2115 3842 2332 3912 σπόται,
2368 3844 2442 3905 εἷς
2504 3851 2681 3918 μῆκος
2749 3844 2967 3921 χρόνων
3029 3844 3253 3924 φυλάξει
3341 3844 3417 3909 εἰς
3495 3844 3770 3921 ἀνέγερσιν

2114 3931 2425 4005 Ῥωμαίων.
2462 3957 2490 3985 ››
2520 3935 2603 3991 Τὰ
2643 3932 2700 3991 δὲ
2748 3941 2849 4004 τῆς
2882 3933 3155 4013 εὐφημίας
3188 3933 3320 3990 ἅκτα
3350 3931 3573 4005 ᾅδονται
3629 3932 3777 4007 παρά

2112 4042 2172 4076 τε
2213 4028 2322 4078 τῶν
2372 4029 2620 4099 κρακτῶν
2650 4024 2743 4081 καὶ
2793 4027 2891 4081 τοῦ
2942 4022 3103 4095 λαοῦ,
3135 4024 3313 4087 καθὼς
3372 4024 3463 4081 καὶ
3511 4023 3564 4082 ἐν
3608 4027 3680 4098 τῇ
3724 4023 3777 4080 α’

2118 4108 2263 4189 δοχῇ
2295 4110 2532 4188 εἷ’ρηται.

2187 4208 2256 4256 Δ’.
2293 4202 2446 4280 Δοχή
2509 4203 2546 4256 ε’
2578 4201 2653 4265 εἰς
2705 4202 2796 4258 τὸν
2858 4202 3153 4279 λεγόμενον
3195 4200 3469 4278 Ἀχιλλέα
3530 4200 3781 4273 πλησίον

2116 4294 2215 4361 τῆς
2261 4289 2511 4369 μεγάλης
2553 4289 2736 4364 πύλης
2786 4298 2886 4362 τῆς
2939 4290 3213 4350 Μελετίου
3269 4293 3315 4328 ⁷⁷
3359 4294 3473 4368 (47)
3504 4312 3516 4324 ·
3554 4288 3780 4367 δέχεται

1721 4410 1948 4469 νΑιιιΑι
1989 4412 2402 4472 LECTIONES.

422 4522 468 4558 ⁷³
491 4524 880 4600 jtﬁywyjied:
984 4524 1028 4558 ⁷³
1056 4527 1348 4597 καταστάσ,
1381 4530 1473 4586 ed.

1577 4530 1625 4564 τι
1655 4527 2025 4605 αὐτοκράτορι
2051 4532 2179 4605 cod.

346 4594 409 4648 τὸ
439 4592 622 4653 θᾶ.’ὁ.’
691 4592 740 4633 ⁷⁷
767 4592 916 4652 Mals
946 4592 1345 4673 superscripto
1371 4620 1402 4653 τ
1433 4602 1587 4670 cod.,
1616 4592 1869 4671 Μιλέτής
1901 4592 2055 4675 cu'nj.
2089 4604 2157 4661 R.

2281 4532 2328 4570 ⁷⁸
2366 4530 2679 4613 ἔξαιρανίζον
2712 4538 2863 4606 cod.,
2892 4534 3219 4610 ἑξαφανίσων
3254 4537 3406 4608 conj.
3441 4536 3508 4593 Β.
3584 4534 3633 4569 ’⁷⁸
3663 4534 3776 4591 Pro

1357 4801 1362 4805 ν
1407 4724 1611 4785 JOAN.
1642 4728 1783 4785 JAC.
1818 4729 2082 4786 REISKII
2120 4731 2701 4791 COMMENTARIUS.

420 4857 765 4942 (46)‘Phon_a
794 4866 884 4942 est
932 4862 1030 4918 ille
1076 4862 1356 4935 hymnus,
1388 4864 1485 4937 qui
1537 4863 2005 4942 οἱίδιιιιι,νὸ-ἀμή-
2032 4870 2082 4928 D
2116 4867 2302 4942 Studii
2331 4868 2483 4942 idem
2518 4870 2655 4937 sint,
2689 4869 2873 4942 liquet
2902 4871 3063 4928 illam
3096 4870 3357 4929 tabulam
3391 4875 3556 4927 aetate
3586 4869 3777 4942 Theo-

348 4948 488 5002 τωρ.
514 4936 649 4999 etc.,
683 4937 741 4987 et
787 4933 966 4993 echus
1022 4933 1130 5018 seu
1176 4933 1349 4993 tonus
1377 4933 1517 5020 ejus.
1546 4942 1632 4993 est
1662 4933 2002 4995 modulatio.

346 5002 558 5058 Phonae
591 5004 938 5061 succedebat
967 5006 1288 5063 antinhona
1319 5008 1540 5063 nonuli.

346 5018 558 5058 rnonas
591 5018 938 5088 succedebat
967 5018 1288 5080 antipnona
1316 5018 1540 5134 Eopuli.
1770 5081 1781 5091 _
1899 5080 1911 5092 .
1965 5081 1976 5092 _

344 5144 358 5158 ο
417 5073 951 5158 (47lSub1ntellige
978 5082 1172 5158 μονῆς.
1211 5080 1286 5158 De
1360 5096 1427 5158 o_c
1468 5085 1821 5158 monasterio
1855 5080 2004 5158 nihil

341 5148 574 5223 invenio
605 5149 759 5217 apud
790 5152 883 5223 Du
911 5148 1105 5223 Cange
1133 5151 1193 5205 in
1241 5152 1421 5207 Const.
1458 5151 1660 5210 Christ.
1711 5152 1775 5207 In
1809 5153 2004 5209 codice

345 5220 435 5272 est
464 5212 609 5272 Μελε
647 5212 792 5273 ‘cum
846 5212 1116 5294 littera":
1164 5223 1641 5294 superimposita,
1694 5225 1849 5279 unde
1878 5224 2002 5279 fieri

344 5289 1072 5393 2“23":.122'?:a:.?!:}§:i
1083 5289 1677 5393 1'..§£i‘€.’f"..§3§3f‘.'ii
1688 5295 2004 5393 είο.ξξξξξιξ

346 5376 404 5448 p.
429 5360 524 5448 34.ἶ
550 5366 667 5443 tam
698 5362 754 5448 in
789 5360 1070 5433 editions,
1090 5360 1755 5448 quamin‘membranis,
1789 5366 2000 5425 litteris

347 5432 621 5510 omnibus
655 5432 1181 5510 integreexarat‘is.
1232 5438 1444 5510 Eratne
1475 5454 1609 5510 ergo
1662 5439 1769 5510 hoc
1802 5455 2001 5494 mona-

351 5504 596 5559 sterium
631 5504 854 5561 celeb're
882 5505 1023 5562 illud
1057 5510 1252 5572 studii,
1288 5509 1443 5565 unde
1483 5504 1822 5565 Theodorus
1864 5514 2000 5564 Stu-

354 5575 479 5631 dita
507 5580 563 5649 et
618 5576 714 5649 alii
746 5578 1159 5649 prodierunt?
1217 5581 1437 5639 Suntne
1470 5581 1623 5637 idem
1680 5581 1997 5649 Meletiana,

353 5647 573 5724 quain
605 5647 1493 5724 tabu1a__P_eu_tingenaria‘prope
1540 5650 1719 5724 CPling
1766 5647 2002 5724 conspié

355 5716 637 5771 ciuntur‘?
666 5718 721 5771 Si
776 5716 1069 5775 Μσίείίαηᾶ
1089 5728 1146 5777 et
1173 5722 1240 5774 τὰ
1294 5716 1545 5792 Μελέτης
1576 5728 1633 5779 et
1690 5716 1998 5781 Cenabit-tm

2115 4940 2263 5015 dosii
2313 4940 2498 4997 multo
2547 4940 2921 5000 recentiorem
2969 4960 3115 5000 esse.
3168 4942 3426 5015 Allegavi
3472 4941 3773 5015 interpalia
3818 4968 3823 4971 -

2114 5011 2219 5065 hoc
2251 5028 2481 5084 quoque
2514 5018 2929 5084 argumentum
2961 5011 3326 5072 evincendae'
3351 5012 3770 5071 recentissima

2110 5083 2268 5139 aetati
2327 5082 2489 5143 illius
2549 5082 2761 5140 tabulae
2788 5086 2846 5142 in
2907 5088 3242 5143 recensione
3273 5102 3433 5142 novae
3494 5085 3771 5142 editionis

2108 5154 2250 5229 yien
2263 5156 2461 5212 nensis
2478 5157 2535 5209 in
2552 5154 2749 5212 libello
2760 5163 3049 5215 menstruo
3065 5158 3376 5215 vernacule
3390 5154 3771 5229 θάίιο.⁹Αχιλ-

2113 5220 2240 5299 λεύς
2274 5232 2394 5282 erat
2425 5243 2635 5299 nomen
2671 5229 3055 5291 thermarum.
3090 5230 3240 5287 haud
3282 5228 3481 5299 procul
3513 5220 3767 5285 Chalcen

2108 5302 2167 5374 et
2196 5298 2488 5374 sanctam
2507 5298 2885 5374 Sophiam.V.
2911 5301 2999 5374 Du
3031 5302 3224 5374 Cange
3252 5298 3763 5374 CPI.Christ_.p.88.

2109 5369 2203 5423 Sic
2235 5368 2400 5425 dictas
2434 5370 2541 5425 illas
2573 5368 2816 5427 thermas
2847 5390 2880 5429 a
2910 5373 3125 5429 celebri
3144 5368 3369 5428 ‘statua
3408 5368 3651 5428 Achillis
3684 5371 3764 5428 ibi

2108 5441 2445 5526 conspicua.
2482 5442 2606 5500 Mos
2639 5460 2847 5526 nempe
2876 5450 2999 5526 erat
3043 5446 3183 5526 illis.
3209 5442 3760 5526 temporibus'tber-

2109 5527 2234 5567 mas
2264 5513 2525 5584 publicas
2553 5532 2586 5569 a
2616 5513 2826 5571 statuis
2876 5516 2956 5571 ibi
3013 5517 3220 5572 erectis
3280 5513 3642 5571 nominandi.
3677 5517 3761 5570 Ita

2107 5584 2259 5661 apud
2310 5585 2581 5661 Tripolin
2627 5591 2750 5661 erat
2806 5587 3093 5661 balneuin
3128 5586 3155 5661 ᾇ
3185 5587 3407 5661 Ἴκαρος
3463 5587 3683 5661 dictum
3726 5601 3758 5642 a

2107 5659 2303 5713 statua
2332 5657 2471 5712 Icari
2504 5658 2584 5712 ibi
2617 5658 2828 5729 posita,
2858 5662 3007 5715 teste
3039 5657 3253 5717 Malala
3281 5657 3323 5716 t.
3358 5660 3432 5725 II,
3465 5675 3524 5731 p.
3555 5658 3648 5714 73.
