4104 6444
308 329 426 390 215
1373 322 1908 386 CONSTANTINI
1952 321 2658 389 PORPHYROGENITI
3607 320 3731 381 216

313 481 461 535 pura
481 465 855 521 custuodiatl
891 485 915 515 ι»
951 462 1419 519 Acclamationes
1449 477 1483 516 a
1529 457 1867 516 cantoribus
1896 459 1956 511 et

2097 457 2235 526 άσει,
2267 460 2302 527 ἡ
2335 462 2408 534 γῆ
2468 458 2529 515 δὸ
2561 458 2835 531 σπήλαιον
2897 457 3204 531 εὐτρεπίζει
3251 452 3601 527 ὐποδέξασθαι
3632 457 3731 511 τὸν

313 554 549 623 pupulo,
582 559 646 609 ut
677 570 855 625 supra
885 555 955 608 de
1001 555 1193 624 prima
1224 550 1556 621 receptione
1596 547 1818 602 reditus
1848 546 1954 601 ob-

2096 550 2170 600 ὦν
2205 546 2352 602 ὅλων
2391 552 2654 621 ποιητήν·
2689 546 2817 604 ἀλλ’
2848 548 3011 610 αὐτὸς
3048 548 3077 601 6
3107 549 3205 615 τὴν
3241 544 3503 621 ἡμετέραν
3552 567 3731 620 προσ-

313 642 1259 712 servatum,recitantur.Reccptio
1292 642 1462 695 tertia
1492 640 1644 694 intra
1674 636 1911 692 chalcen
1938 652 1952 691 :

2094 630 2372 708 ,αϐόμενος
2405 640 2576 713 σάρκα
2603 637 2663 693 ἔκ
2690 645 2790 708 τῆς
2844 635 3143 711 Ηαρθὲνου,
3173 636 3273 705 τήν
3328 636 3480 707 ὑμῶν
3509 636 3552 672 ⁸⁸
3606 636 3740 690 θεό-

313 732 526 803 excipit
556 733 637 787 ibi
685 733 1099 803 imperatorem
1147 730 1421 786 tribunus
1446 728 1803 784 Venetorum
1851 741 1956 781 seu

2095 745 2291 781 τεπτον
2341 726 2621 801 βασιλείαν
2645 726 2872 805 φυλάξει
2928 725 2980 781 ἂν
3034 729 3104 799 τῇ
3161 723 3503 801 πορφύρᾳ.»
3552 725 3635 781 Τά
3666 723 3743 778 δὲ

313 820 665 876 domesticus
694 819 1024 875 scholarum
1048 834 1176 873 cum
1211 816 1462 873 factione
1489 813 1962 880 Veneta,dicunt—

2094 815 2241 883 τῆς⁸²
2298 817 2572 895 εὐφημίας
2620 815 2754 873 ἔκτα
2813 813 3035 888 ᾅδονται
3093 815 3241 887 παρὰ
3296 817 3407 869 τῶν
3473 819 3730 887 κρακτῶν

314 924 426 978 que
476 913 742 964 cantores
790 907 1142 980 apelaticum
1197 911 1356 962 tomo
1405 906 1521 961 Ill:
1558 926 1586 954 «
1620 902 1959 959 Paradisum

2094 902 2160 957 ιαὶ
2187 908 2284 959 τοῦ
2315 903 2473 976 λαοῦ,
2503 908 2684 971 καθὼς
2710 907 2803 962 καὶ
2833 904 2888 961 ἐν
2918 908 2986 978 τῇ
3019 906 3210 979 πρώτῃ
3232 902 3377 979 δοχῇ
3406 910 3473 972 τῆ
3486 908 3548 978 (ᾖ
3599 905 3738 959 ὑπο-

315 998 375 1052 in
408 998 567 1052 Eden
599 998 758 1068 virgo
788 996 1154 1053 Bethlehemi
1185 996 1430 1067 aperuit,
1464 998 1575 1049 etc.
1606 1015 1636 1044 »
1668 990 1963 1047 Acclama-

2094 995 2315 1070 προφῆς
2344 993 2583 1065 εἴρηται,
2645 997 2792 1070 Δογῆ
2843 995 3002 1071 τρίτη
3071 987 3281 1049 ἔνδοθεν
3339 999 3441 1061 τῆς
3487 992 3739 1067 χαλκῆς.

315 1086 505 1141 tiones
536 1102 668 1142 vero
700 1103 733 1142 a
763 1086 1100 1143 cantoribus
1129 1091 1186 1142 et
1215 1084 1538 1157 populo,ut
1566 1083 1626 1138 in
1658 1081 1851 1154 prima
1874 1096 1965 1137 re-

2094 1079 2294 1155 ἰέχεται
2352 1082 2569 1139 κάκεῖσε
2634 1086 2663 1141 6
2724 1081 2790 1155 δη
2802 1082 3082 1158 μοκράτης
3110 1086 3220 1137 τῶν
3272 1081 3527 1150 Βενέτων,
3559 1084 3732 1158 ἤγουν

318 1177 581 1246 captione
611 1176 857 1245 dictum,
892 1176 1224 1231 recitantur.

2094 1166 2464 1243 l6opéc'tmoc
2520 1178 2627 1229 τῶν
2679 1171 2925 1249 σχολῶν,
2989 1172 3122 1246 μετὰ
3179 1172 3396 1226 καὶτοῦ
3434 1175 3744 1247 περατικοῦ

321 1260 504 1335 δήμου
550 1268 629 1318 τῶ
691 1265 948 1335 Βενὲτων,
987 1263 1079 1319 καὶ
1120 1262 1373 1337 λέγουσιν
1407 1263 1460 1317 oi
1516 1259 1743 1335 κράκται
1802 1258 1893 1312 τὸν
1955 1256 2282 1316 ἆπελατικὸν
2344 1266 2455 1336 (50)
2531 1264 2633 1342 ἤχ.
2702 1266 2770 1339 γ’·
2860 1288 2889 1316 ‹‹
2965 1264 3073 1319 Τὸν
3158 1258 3328 1336 Ἐδὶμ
3406 1258 3739 1337 παρᾴδεισον

319 1352 550 1425 ἠνέῳξεν
610 1353 661 1409 ἐν
719 1353 976 1428 Βηθλεὲμ
1032 1356 1067 1422 ἡ
1127 1355 1396 1428 Παρθενος
1453 1374 1507 1421 e,
1567 1350 1657 1406 καὶ
1701 1349 1768 1405 τὰ
1806 1349 1954 1420 ἑξῆς.
2015 1350 2096 1405 Τὰ
2154 1347 2212 1405 δὲ
2239 1359 2340 1421 τῆς
2368 1353 2638 1431 εὐφημίας
2669 1351 2804 1408 ἄκτα
2835 1351 3054 1425 ᾅδονται
3085 1352 3233 1427 παρά
3260 1373 3317 1407 τε
3346 1357 3452 1407 νῶν
3489 1358 3747 1428 κρακτῶν

319 1444 411 1498 καὶ
440 1449 538 1500 τοῦ
571 1445 728 1514 λαοῦ,
760 1446 940 1510 καθὼς
967 1445 1059 1500 καὶ
1089 1443 1142 1500 ἐν
1178 1450 1247 1519 τῇ
1280 1444 1472 1521 πρώτῃ
1508 1441 1653 1522 δοχῇ
1684 1447 1787 1511 τῆς
1818 1441 2165 1515 ὑποστροφῆς
2199 1438 2433 1518 εἷ’ρηται.

392 1537 488 1594 VI.
521 1539 787 1610 Receptio
819 1546 1029 1610 quarta
1060 1538 1134 1594 ad
1162 1538 1403 1593 Sanctos
1431 1536 1734 1608 Apostolos
1764 1549 1868 1589 seu
1898 1531 1972 1587 ad

2153 1534 2218 1597 ς’.
2279 1535 2432 1610 Δοχή
2504 1534 2732 1610 τετάρτη
2791 1536 2869 1598 εἰς
2928 1534 3057 1598 τοὺς
3117 1536 3303 1609 ἁγίους
3358 1534 3733 1602 ἀποστόλους,

324 1628 555 1684 scholas
589 1633 742 1683 :stat
770 1628 851 1683 ibi
893 1629 1167 1683 tribunus
1200 1627 1569 1683 Prasinorum
1601 1641 1702 1681 seu
1735 1622 1974 1680 excubi-

2094 1620 2247 1696 ἤγουν
2298 1622 2375 1685 εἷς
2431 1623 2524 1686 τὰς
2573 1623 2805 1703 σχολάς·
2857 1621 3076 1703 δέχεται
3116 1623 3333 1678 κάκεῖσε
3371 1624 3399 1678 6
3448 1620 3739 1697 δημοκρά-

324 1722 415 1772 tor
464 1733 594 1772 cum
648 1717 900 1772 factione
939 1716 1201 1785 Prasina,
1247 1721 1305 1771 et
1347 1719 1616 1771 cantores
1663 1717 1793 1783 ejus
1838 1727 1972 1767 voce

2094 1731 2183 1779 της
2212 1716 2321 1766 τῶν
2361 1712 2661 1786 Πρασίνων,
2694 1713 2862 1789 ἤγουν
2895 1712 2922 1766 ὀ
2954 1706 3305 1773 ἐκσκούϐιτος
3357 1712 3493 1785 μετὰ
3521 1713 3611 1766 καὶ
3639 1716 3745 1768 τοῦ

326 1807 447 1861 toni
499 1807 576 1860 lll
629 1807 833 1861 dicunt
866 1823 879 1860 :
917 1806 1083 1870 «Qui
1131 1810 1456 1862 creaturam
1506 1820 1738 1859 omnem
1769 1802 1975 1875 implet

2094 1806 2385 1876 περατιιιοῦ
2431 1800 2617 1875 δήμου
2677 1806 2783 1857 τῶν
2844 1802 3153 1877 Πρασίνων.
3216 1802 3319 1859 Καὶ
3389 1802 3636 1875 Λέγουσιν
3688 1802 3747 1855 οἱ

325 1895 569 1966 ejusque
599 1894 874 1950 dominus
921 1897 1024 1962 est,
1060 1910 1178 1949 non
1210 1893 1373 1949 inani
1418 1892 1810 1949 exinanitione
1840 1908 1972 1963 pro-

2094 1891 2312 1965 ιιράκται
2342 1895 2440 1946 τοῦ
2494 1889 2790 1966 περατικυῦ
2842 1892 2941 1961 τὴν
2990 1891 3183 1965 φωνὴν
3214 1888 3317 1969 ἤχ.
3355 1890 3425 1964 γ’·
3472 1913 3500 1943 ι(
3542 1891 3604 1948 Ὀ
3634 1892 3745 1945 πά-

325 1990 450 2055 pter
499 1999 606 2039 nos
653 1982 1006 2048 exinanitur,
1050 1987 1115 2039 ut
1162 1982 1447 2038 mundum
1496 1981 1856 2054 superiorem
1909 1996 1975 2037 ex

2094 2000 2183 2050 της
2214 1981 2444 2043 κτίσεως
2496 1979 2800 2056 πληρωτὴς
2857 1979 2947 2034 καὶ
2980 1977 3251 2051 δεσπότης
3280 1980 3539 2053 ἀκενώτῳ
3567 1984 3738 2035 κενώ-

327 2088 538 2143 genere
568 2077 770 2127 nostro
811 2071 1073 2127 inferiori
1124 2070 1387 2144 impleat.
1419 2071 1549 2142 Ipse
1577 2071 1707 2126 vitea
1739 2070 1981 2143 largitor

2094 2090 2165 2125 σει
2196 2073 2295 2135 τῆς
2325 2071 2464 2146 πρὸς
2490 2071 2639 2144 ἡμᾶς
2661 2069 2995 2138 ἐκκενοῦται,
3028 2068 3120 2124 ⁸ίνα
3168 2068 3259 2124 τὸν
3300 2067 3418 2129 ἂνω
3465 2068 3747 2144 πληρώσῃ

330 2178 510 2217 cornu
522 2167 811 2230 vestrum,
828 2162 1060 2218 Domini
1078 2163 1137 2217 in
1151 2162 1289 2217 orbe
1305 2162 1576 2217 universo
1590 2160 1975 2218 exaltabit25

329 2261 649 2321 gentesque
676 2267 881 2307 omnes
902 2251 961 2305 in
992 2250 1324 2306 servitutem
1348 2249 1591 2322 rediget,
1614 2258 1667 2306 et
1690 2250 1984 2320 maiestati

330 2348 539 2397 vestrae
577 2356 820 2395 munera
850 2340 1005 2395 sicut
1045 2338 1201 2410 magi
1245 2339 1509 2395 offerant.
1537 2361 1567 2390 ››
1599 2339 1984 2395 Acclamatio-

332 2444 438 2483 nes
467 2445 499 2483 a
520 2429 850 2484 cantoribus
871 2433 928 2483 et
952 2427 1186 2499 populo,
1204 2433 1269 2483 ut
1290 2429 1347 2483 in
1382 2429 1635 2484 secunda
1658 2430 1987 2499 receptione

337 2517 561 2572 dictum
615 2517 1028 2573 instituuntur.
1079 2518 1293 2581 Quinta
1336 2518 1393 2573 in
1440 2518 1716 2573 tribunali
1764 2536 1864 2574 seu
1917 2520 1986 2573 ad

344 2605 588 2676 lychnos
613 2623 625 2661 :
651 2614 761 2661 stat
792 2607 871 2662 ibi
902 2607 1177 2662 tribunus
1202 2606 1555 2663 Venetorum
1582 2624 1683 2662 seu
1715 2608 1989 2663 domesti-

343 2711 450 2750 cus
497 2695 830 2751 scholarum
879 2712 1012 2750 cum
1064 2696 1404 2752 transitoria
1453 2697 1699 2753 factione
1746 2696 1987 2767 Veneta,

343 2784 663 2857 dicuntque
712 2790 978 2841 cantores
1028 2784 1372 2855 apelaticum
1427 2786 1546 2841 toni
1580 2786 1653 2842 III
1688 2803 1701 2840 :
1743 2806 1766 2834 ε
1815 2786 1992 2843 Stella

341 2874 645 2945 praecurrit
665 2872 936 2944 lucetque
957 2873 1016 2928 in
1052 2872 1506 2945 spelunca,etc.»
1528 2874 1993 2931 Acclamationes

343 2979 377 3017 a
396 2962 609 3033 populo
622 2966 679 3018 et
699 2962 1193 3027 cantoribus,utin
1217 2962 1406 3033 prima
1427 2963 1990 3034 receptionedictum

342 3051 1051 3106 recitantur.'Scieudum
1102 3058 1214 3119 est,
1260 3052 1332 3106 ad
1378 3067 1644 3107 normam
1696 3053 1994 3125 ritumque

343 3140 473 3194 festi
526 3139 705 3210 hujus
747 3139 1108 3211 receptiones
1138 3145 1196 3196 et
1244 3139 1691 3197 acclamationes
1741 3142 1799 3197 in
1846 3143 1994 3200 festo

2085 2158 2291 2233 κόσμον
2318 2158 2393 2231 ⁵ἐκ
2436 2163 2533 2214 τοῦ
2573 2161 2734 2232 ἡμῶν
2769 2159 3085 2214 κατωτάτω
3108 2156 3348 2234 ογένους·
3383 2159 3412 2213 6
3462 2156 3747 2230 ζωοδότης

2087 2246 2249 2310 αὐτὸς
2305 2248 2367 2303 τὸ
2413 2246 2574 2321 κέρας
2633 2249 2810 2321 ὑμῶν,
2871 2244 3150 2314 δεσπόται,
3186 2246 3461 2320 ἀνυψώσει
3509 2246 3561 2302 ἐν
3594 2245 3743 2323 πάσῃ

2086 2342 2156 2411 τῇ
2207 2336 2527 2411 οἰκουμένῃ,
2576 2337 2643 2392 τὰ
2695 2332 2819 2408 ἔθνη
2874 2336 3054 2391 πάντα
3083 2332 3355 2390 δουλώσει
3380 2339 3480 2391 τοῦ
3510 2338 3744 2413 προσφε-

2094 2446 2223 2501 ρειν,
2274 2428 2347 2489 ὡς
2400 2428 2451 2481 οἱ
2496 2426 2686 2504 μάγοι,
2718 2427 2786 2481 τὰ
2840 2422 2989 2499 δῶρα
3026 2423 3096 2499 τῇ
3131 2425 3282 2498 ὑμῶν
3324 2422 3592 2501 βασιλείῳ
3624 2448 3645 2475 ι
3681 2425 3753 2479 τὰ

2095 2514 2151 2572 δὲ
2196 2522 2296 2585 τῆς
2356 2516 2626 2593 εὐφημίας
2675 2514 2810 2571 ἅκτα
2876 2510 3096 2585 ᾅδονται
3142 2514 3290 2588 παρά
3334 2534 3395 2570 τε
3453 2518 3561 2570 τῶν
3613 2534 3753 2588 κρα-

2095 2611 2236 2660 κτῶν
2264 2605 2355 2660 καὶ
2385 2610 2482 2660 τοῦ
2512 2603 2671 2673 λαοῦ,
2720 2604 2903 2664 καθὼς
2934 2602 3106 2659 καὶέν
3127 2608 3197 2678 τῇ
3226 2601 3449 2679 δευτέρᾳ
3481 2600 3630 2677 δοχῇ
3672 2601 3754 2657 εἶ’-

2100 2715 2259 2771 ρηται
2290 2698 2354 2749 ”.
2416 2696 2571 2773 Δοχή
2616 2693 2840 2767 πέμπτη
2865 2692 2944 2755 εἰς
2982 2693 3045 2747 τὸ
3076 2687 3479 2769 τριόουνάλιον,
3511 2688 3685 2769 ἤγουν
3709 2694 3761 2729 ⁸⁴

2096 2785 2171 2847 εἷς
2201 2784 2327 2847 τοὺς
2386 2784 2642 2859 λύχνους·
2704 2780 2920 2857 δέχεται
2982 2781 3156 2838 ἐκεῖσε
3205 2780 3623 2858 ὁδημοκράτης
3644 2786 3757 2838 τῶν

2098 2874 2362 2943 Βενὲτων,
2402 2872 2574 2948 ἤγουν
2622 2874 2650 2927 6
2708 2870 3036 2945 δομὲστικος
3066 2876 3173 2928 τῶν
3218 2869 3466 2947 σχολῶν,
3504 2871 3640 2936 μετᾶ
3667 2873 3760 2926 καὶ

2098 2967 2194 3018 τοῦ
2223 2967 2521 3038 περατικσῦ
2575 2960 2758 3036 δήμου
2804 2966 2912 3016 τῶν
2975 2963 3235 3030 Βενὲτων,
3285 2960 3377 3021 καὶ
3418 2959 3673 3037 λέγουσιν
3704 2961 3758 3016 οἱ

2100 3053 2325 3125 κράκται
2375 3053 2439 3107 τὸ
2497 3051 2822 3107 ἀπελατικὸν
2856 3052 2904 3087 ⁸⁵
2950 3051 3051 3127 ἤχ.
3112 3053 3180 3125 γ’·
3215 3075 3244 3103 ‹‹
3280 3051 3485 3125 Ἀστὴρ
3534 3051 3764 3125 προτρὲ-

2099 3160 2189 3217 χει
2228 3143 2319 3195 καὶ
2375 3141 2582 3214 λάμπει
2640 3141 2695 3196 ἐν
2747 3139 3031 3214 σπηλαίῳ,
3066 3165 3095 3193 ››
3153 3141 3245 3195 καὶ
3299 3143 3367 3195 τὰ
3411 3140 3557 3212 ἑξῆς.
3592 3141 3677 3198 Τὰ
3702 3137 3760 3195 δὲ

344 3227 678 3293 Luminum,
728 3234 929 3284 sancto
975 3228 1275 3297 Pascbate,
1309 3234 1511 3284 sancta
1559 3234 1895 3288 Pentecoste
1925 3239 1980 3288 et

2097 3237 2199 3300 τῆς
2256 3229 2529 3305 εὐφημίας
2587 3228 2721 3285 ἄκτα
2780 3228 3001 3303 ᾅδονται
3067 3229 3214 3305 παρά
3268 3249 3326 3284 τε
3363 3232 3471 3283 τῶν
3509 3234 3758 3304 κρακτῶν

339 3320 486 3373 festo
520 3317 1079 3385 Transmututionis,
1104 3321 1227 3371 tum
1253 3317 1509 3372 dominis
1539 3319 1605 3373 ad
1641 3319 1863 3375 Sanctae
1889 3322 1993 3377 So-

341 3406 488 3475 phim
522 3406 896 3473 abeuntibus,
924 3411 1041 3461 tum
1078 3406 1211 3463 inde
1243 3406 1315 3462 ad
1344 3407 1627 3477 palatium
1662 3411 1996 3466 revertenti-

340 3496 471 3563 bus,
505 3495 755 3551 institui.

2103 3321 2194 3375 καὶ
2223 3324 2320 3375 τοῦ
2362 3318 2521 3391 λαοῦ,
2554 3320 2735 3383 καθὼς
2764 3321 2856 3375 καὶ
2887 3319 2938 3374 ἐν
2987 3322 3057 3393 τῇ
3115 3319 3310 3393 πρώτῃ
3343 3314 3489 3397 δοχῇ
3522 3319 3757 3396 εἴρηται.

2102 3407 2315 3467 Είδέναι
2384 3406 2440 3464 δὲ
2498 3411 2634 3484 χρὴ,
2668 3410 2753 3465 ὃτι
2811 3430 2949 3464 κατα
3003 3409 3094 3465 τὸν
3144 3408 3313 3464 τύπον
3342 3409 3434 3463 καὶ
3483 3409 3581 3477 τὴν
3607 3408 3754 3477 τάξιν

2097 3500 2301 3571 ταύτης
2348 3507 2448 3569 τῆς
2499 3500 2695 3574 ἑορτῆς
2748 3500 2983 3576 γίνονται
3018 3500 3074 3554 αἱ
3138 3496 3301 3555 δοκαὶ
3354 3503 3448 3554 καῖ
3484 3497 3750 3574 εὐφημίαι

339 3589 439 3651 τῆς
495 3604 553 3637 τε
606 3584 652 3619 ⁸⁸
710 3582 904 3658 ἑορτῆς
961 3588 1067 3638 τῶν
1127 3585 1325 3660 φώτων
1382 3583 1471 3639 καὶ
1520 3590 1619 3654 τῆς
1680 3586 1874 3660 ἑορτῆς
1919 3589 2016 3642 τοῦ
2077 3589 2232 3665 ἁγίου
2290 3591 2486 3663 Πάσχα
2540 3590 2630 3644 καὶ
2702 3596 2805 3659 τῆς
2861 3590 3063 3663 ἑορτῆς
3117 3595 3217 3658 τῆς
3275 3588 3430 3664 ἀγίας
3474 3591 3743 3656 Πεντηκο-

340 3680 472 3743 στῆς
522 3675 569 3710 ⁸⁷
617 3673 707 3729 καῖ
746 3681 844 3743 τῆς
892 3675 1087 3749 ἑορτῆς
1132 3682 1231 3744 τῆς
1276 3676 1775 3752 μεταμορφώσεως,
1814 3678 1904 3732 καὶ
1941 3679 2214 3736 ἀπιόντων
2266 3677 2320 3734 εν
2379 3684 2449 3753 τῇ
2509 3679 2638 3754 ἁγίᾳ
2704 3679 2887 3753 Σοφίᾳ
2942 3682 3052 3735 τῶν
3113 3676 3390 3735 δεσποτῶν
3440 3678 3531 3734 καὶ
3586 3675 3754 3733 πάλιν

339 3764 433 3820 ἀπ’
455 3764 619 3834 αὐτῆς
659 3766 1104 3843 ὑποστρεφόντων
1133 3764 1185 3820 ἐν
1215 3764 1292 3838 τῷ
1323 3764 1594 3839 παλατίῳ.

977 3874 1211 3931 CAPUT
1252 3874 1342 3931 IlI.

334 3964 548 4018 Festum
601 3963 946 4036 Epiphaniae.
980 3966 1227 4019 Duarum
1264 3967 1581 4036 factionum
1626 3966 1985 4024 acclamatio-

1098 4052 1214 4091 nes.

406 4123 679 4194 Receptio
741 4125 949 4194 prima,
1010 4128 1386 4192 Venetorum,
1440 4143 1547 4181 vox
1595 4128 1712 4183 toni
1762 4128 1983 4200 obliqui

335 4210 452 4267 1V:
496 4232 523 4261 «
575 4211 752 4267 Hodie
812 4213 862 4267 is
918 4213 1019 4284 qui
1074 4214 1388 4270 draconum
1449 4216 1638 4289 capita
1696 4217 1752 4272 in
1814 4220 1984 4289 aquis

2732 3881 2993 3937 ΚΕΦΑΑ.
3044 3881 3118 3938 Γ’.

2292 3968 2489 4043 Ἑορτὴ
2521 3972 2630 4022 τῶν
2663 3968 2870 4023 Φώτων
3086 3968 3255 4025 Ἀκτα
3283 3970 3395 4023 τῶν
3436 3963 3563 4021 δύο·

2875 4061 2899 4094 ε
2937 4062 3032 4094 ων.

2168 4129 2323 4204 Δοχὴ
2339 4130 2667 4203 πρώτη,τῶν
2686 4060 3108 4201 Βενέτιίυερωνὴ
3124 4128 3226 4203 ἣχ,
3244 4126 3410 4203 πλαγ.
3435 4124 3500 4185 δ’.
3517 4151 3546 4180 ‹‹
3568 4127 3647 4196 Σή
3659 4145 3755 4199 με·

2099 4236 2189 4290 ρον
2222 4218 2251 4271 6
2290 4218 2581 4294 συντρίψας
2605 4217 2657 4274 ἐν
2692 4216 2851 4274 ὕδασι
2887 4220 2983 4281 τὰς
3015 4216 3258 4292 κεφαλὰς
3294 4222 3406 4273 τῶν
3440 4214 3756 4293 δρακόντων

1674 4341 1922 4398 VARI/4E
1964 4343 2385 4401 LECTIOMES.

399 4453 440 4486 si
482 4453 640 4522 ἡμῶν
674 4453 766 4508 ed,
881 4451 995 4506 "rei
1022 4453 1080 4506 τὲ
1108 4459 1208 4523 τῆς
1228 4457 1318 4511 ed.

1421 4455 1470 4490 ⁸³
1498 4454 1587 4510 καὶ
1621 4453 1721 4529 εἷ’ρ.
1754 4454 1806 4510 ἐν
1839 4460 1908 4529 τῇ
1942 4453 1991 4513 δ.
2025 4454 2074 4514 δ.
2108 4461 2200 4518 ed.
2276 4461 2323 4497 ⁸⁴
2352 4461 2517 4529 ἤτουν
2555 4464 2686 4520 cod.
2737 4464 2797 4519 h.
2849 4464 2887 4519 l.
2931 4466 2986 4519 et
3018 4462 3264 4535 passim.

3349 4461 3394 4497 ⁸⁵
3449 4460 3748 4516 ἀπελάτιον

328 4544 418 4601 ed.
454 4543 548 4599 hic
593 4548 657 4599 ut
687 4547 743 4600 et
774 4543 909 4600 alibi
947 4561 1365 4618 nonnunquam
1441 4546 1488 4582 ⁸⁸
1518 4553 1619 4615 τῆς
1653 4543 1709 4600 δὲ
1736 4548 1826 4605 ed.
1900 4546 1947 4584 ⁸⁷
1979 4553 1981 4559 ’

2094 4544 2346 4620 τεκοστῆς
2378 4553 2470 4608 ed.

1373 4670 1573 4726 JOAN.
1612 4670 1758 4726 JAC.
1804 4670 2068 4729 REISKII
2110 4675 2690 4734 COMMENTARIUS

399 4807 513 4892 (5_O)
558 4809 848 4892 Carminis
888 4819 1007 4892 aut_
1030 4813 1285 4892 rhythmi
1325 4801 1519 4892 genus
1564 4813 1672 4892 hoc
1717 4830 1849 4892 esse
1904 4813 1975 4868 li-
2006 4816 2056 4876 D
2088 4817 2257 4872 ritate
2284 4825 2491 4875 cantus
2524 4836 2733 4877 nomen
2781 4819 3006 4889 habuit,
3039 4838 3176 4878 voce
3206 4824 3363 4877 velut
3395 4839 3496 4892 per
3520 4823 3635 4878 vim
3671 4826 3740 4879 ad

328 4890 502 4957 quet;
538 4897 654 4936 non
699 4882 859 4957 item,
894 4885 1047 4940 unde
1095 4886 1317 4957 dictum
1338 4882 1448 4940 'sit.
1480 4886 1730 4957 Cogitari
1754 4892 1977 4957 posset

324 4952 518 5028 fuisse
550 4953 835 5028 carminis
874 4971 1081 5028 genus,
1115 4956 1273 5028 quod
1304 4952 1669 5012 accineretur
1716 4952 1975 5025 abeunti,

325 5039 439 5093 quo
470 5023 672 5079 abiens
693 5023 1243 5099 necessariam—aut
1272 5035 1466 5099 quota
1499 5023 1977 5099 promoventibus

324 5104 651 5175 “necetur,
838 5094 1253 5175 (ἐπελαυνόντων
1288 5094 1461 5175 πρὸς
1487 5094 1884 5175 ἀπελαύνοντα,
1915 5109 1975 5175 ut

322 5169 505 5221 nostri
540 5167 625 5222 sic
656 5167 793 5243 dicti
849 5174 1117 5225 Mtersche
1146 5176 1298 5243 sunt,
1334 5167 1575 5243 moduli,
1622 5174 1721 5243 qui
1757 5189 1790 5226 a
1821 5172 1975 5226 tubis

320 5243 378 5312 et
414 5239 706 5310 tympanis
738 5242 1089 5296 accinuntur
1112 5242 1474 5298 militibusin
1511 5239 1972 5312 acie'proceden-

316 5310 477 5365 tibus
513 5329 527 5365 :
564 5319 664 5366 aut
696 5315 1070 5381 repetendam
1102 5330 1231 5369 esse
1269 5329 1466 5369 vocem
1500 5316 1572 5369 ab
1605 5310 1703 5369 illa
1736 5316 1793 5369 in
1828 5315 1973 5369 actis

317 5382 668 5453 populorum
714 5383 1004 5454 frequenti
1039 5384 1283 5440 formula
1331 5382 1526 5452 ἀπελα,
1560 5383 1757 5451 ἀπέλα,
1789 5387 1971 5454 abige,

316 5454 499 5523 abige,
530 5460 593 5509 ut
627 5454 681 5508 in
719 5454 1242 5523 acclamationibus
1291 5457 1519 5512 concilii
1557 5460 1592 5509 5
1623 5457 1832 5513 CPtani
1864 5457 1972 5512 sub

316 5522 485 5598 Mena
538 5542 550 5598 ζ
605 5522 813 5598 Ἀπέλα
867 5525 934 5580 τὰ
991 5530 1087 5580 τοῦ
1132 5525 1442 5598 Ἀκεφάλου
1510 5526 1684 5582 ἀπέλα
1739 5527 1806 5581 τά
1860 5532 1969 5582 τῶν

316 5590 623 5672 αἰρετικῷν.
671 5597 1072 5672 ln_exemplis
1123 5590 1319 5672 tamen
1370 5601 1808 5669 apelaticorum,
1842 5617 1969 5671 qua

317 5665 374 5715 et
406 5662 497 5742 hic
528 5670 594 5742 et_
633 5664 771 5742 alibi
802 5662 1231 5742 nost_ri__codicis
1281 5662 1629 5742 produntur,
1681 5662 1826 5726 nihil
1857 5662 1966 5741 cst,

317 5733 467 5799 quod
502 5735 603 5785 aut
633 5731 771 5789 huic
800 5744 899 5791 aut
928 5738 1011 5792 illi
1052 5731 1309 5810 opinioni
1339 5742 1547 5799 faveat.
1578 5731 1731 5797 Num
1762 5759 1796 5799 a
1827 5731 1969 5799 celei

2086 4904 2324 4965 cursum
2360 4892 2613 4965 adacta?
2640 4897 2705 4947 ut
2740 4896 3008 4948 motctum
3051 4898 3122 4963 (ν.
3164 4895 3244 4965 Du
3277 4894 3563 4965 Gangen.
3598 4897 3677 4965 ν.)
3708 4913 3736 4947 a

2089 4961 2305 5031 saepius
2336 4963 2578 5018 variatio
2625 4965 2781 5019 vocis
2813 4969 2992 5019 motu.
3042 4961 3158 5019 Aut
3205 4961 3535 5018 ἀπελατὶκὸν
3582 4961 3737 5021 idem

2087 5040 2192 5101 est,
2225 5034 2377 5103 quod
2410 5050 2662 5104 pensum,
2715 5040 2992 5105 quantum
3043 5036 3258 5108 aliquis
3289 5053 3495 5092 canere
3544 5036 3736 5103 debet,

2086 5109 2365 5179 utmtssc
2396 5121 2919 5179 quoquepensum
2972 5107 3254 5175 valetiV.
3304 5108 3389 5163 Du
3437 5108 3630 5179 Gange
3681 5125 3736 5163 ν.

2083 5178 2276 5250 missa,
2312 5176 2411 5250 ubi
2445 5177 2556 5231 hoc
2606 5177 2747 5232 citat
2778 5180 3065 5234 Aureliani
3099 5181 3395 5250 episcopi;
3428 5176 3596 5245 facile
3641 5196 3740 5250 seu;

2082 5248 2282 5321 missas
2312 5247 2377 5302 de
2412 5251 2571 5302 Isaia
2598 5250 2885 5321 propheta,
2920 5250 2978 5305 h.
3026 5268 3077 5307 e.
3112 5247 3209 5306 s'ex
3260 5247 3580 5317 ἀπολύσεις,
3628 5249 3738 5304 ἀπ-

2084 5313 2316 5385 ελάσεις,
2350 5335 2534 5389 pensa.

2153 5390 2513 5465 (51)AF§stum
2551 5390 2880 5465 ﬂuminum,
2913 5392 3001 5465 vel
3048 5393 3398 5465 Epiphaniae.
3432 5393 3643 5449 Incidit
3674 5393 3733 5449 in

2080 5460 2230 5537 digm
2260 5462 2294 5515 6
2325 5461 2609 5537 Januarii.
2662 5464 2790 5537 Vid.
2830 5468 2910 5519 Du
2943 5460 3363 5537 Gange'Gloss.
3417 5466 3514 5521 Gr.
3563 5465 3617 5520 h.
3674 5481 3729 5520 ν.

2077 5530 2398 5604 δ’[ὃγίηροη.
2446 5534 2596 5604 Meg.
2635 5553 2688 5604 p.
2723 5536 2844 5591 406.
2877 5530 3170 5604 ΟτάὶὶοἿο
3225 5539 3366 5592 festo
3418 5538 3727 5591 Luminum

2078 5601 2285 5677 incipit
2317 5621 2331 5659 :
2364 5601 2533 5657 πάλιν
2556 5601 2594 5658 ’ὁ
2636 5601 2853 5671 Ἰησοῦς
2886 5603 3040 5677 ἐμός.
3095 5608 3324 5663 Contin.
3359 5609 3728 5665 Constantia.

2075 5690 2134 5750 Ρ.
2170 5676 2255 5729 30.
2291 5677 2350 5750 S_.
2380 5677 2657 5750 Gregorii
2676 5678 2917 5750 Nysseni
2945 5678 3127 5734 oratio
3155 5682 3214 5735 in
3246 5679 3303 5735 S.
3341 5680 3588 5750 Lumina
3619 5696 3721 5734 seu

2074 5748 2287 5802 festum
2320 5747 2597 5820 baptismi
2628 5747 2868 5820 Christi,
2917 5752 3180 5808 accensis
3213 5752 3394 5809 cereis
3442 5749 3724 5808 celebrari
