4104 6398
286 323 382 386 ἋΊ

1214 335 1316 395 DE
1360 337 1810 399 CERIMONIIS
1858 337 2094 402 AULzE
2135 343 2606 411 BYZANTINIE
2649 352 2798 414 LIB.
2844 354 2891 414 Ι.

3637 359 3756 419 218

320 462 409 529 τὶρι
435 453 674 535 κεφαλὴν
709 457 1034 516 ὑποκλίνει
1067 467 1149 536 τῷ
1176 464 1482 540 προδρόμῳ
1512 466 1938 546 φιλανθρώπως.
1968 493 1995 520 ››

2111 479 2397 547 contudit,
2433 485 2771 554 praecursori
2820 490 2998 557 caput
3037 487 3220 542 amice
3271 486 3536 554 inclinat,
3573 511 3602 538 »
3649 490 3757 546 Re-

345 552 477 625 λθ·ιὲ
522 550 588 623 3‘»
632 551 748 602 τῶν
799 553 1134 625 Πρασενων,
1161 556 1313 628 φωνή
1361 555 1531 633 πλαγ,
1563 557 1604 612 δ’
1630 575 1644 592 ο
1687 582 1715 610 ‹‹
1764 559 1997 632 Χριστὸς

351 643 523 716 ἆγνέξει
548 637 777 713 λουτρῷ
809 640 968 715 ἁγίῳ
1003 643 1104 710 τὴν
1129 642 1180 714 ἐξ
1214 644 1378 708 ἐθνῶν
1412 646 1576 700 αὐτοῦ
1598 645 1995 716 Ἐκκλησίαν.»

345 731 479 804 Aer},
502 730 571 804 γ’,
604 732 711 783 τῶν
777 731 1058 800 Βενὲτων,
1083 734 1234 810 φωνή
1432 736 1601 810 πλαγ.
1633 737 1681 791 α’
1705 758 1717 771 ·
1770 760 1801 788 ι(
1860 736 1995 810 Πυρὶ

339 821 586 888 θεότητος
662 816 717 873 ἒν
794 817 1058 894 Ἰορδάνῃ
1099 823 1145 858 ⁸⁸
1365 823 1548 900 φλόγα
1597 820 1838 880 σϐεννύει
1895 830 1995 892 τῆς

333 909 616 981 ἁμαρτίας.
651 932 679 958 n
715 911 874 983 Δοχή
933 907 999 979 δ’,
1046 913 1154 965 τῶν
1214 912 1469 980 Βενέτων,
1504 915 1656 992 φωνή
1709 913 1882 991 πλαγ.
1917 913 1994 970 δ’⁶

333 1026 358 1051 ιι
405 1001 467 1055 '0
528 997 874 1073 συνάναρχος
932 1003 1013 1070 τῷ
1073 1002 1240 1072 Πατρὶ
1299 1003 1428 1064 Θεὸς
1479 1002 1658 1079 Λόγος
1689 1005 1738 1040 ⁸9
1768 1004 1820 1059 ἐν
1855 1007 1998 1080 Ἰορ-

332 1089 739 1164 δάνῃσιξμερον
796 1087 1053 1161 προῆλθε
1110 1092 1492 1163 βαπτισθῆναι,
1524 1094 1614 1148 καὶ
1669 1095 1771 1163 τήν
1825 1095 1994 1168 κάραν

335 1177 630 1235 ὑποκλίνει
695 1175 976 1236 δουλικῶς
1031 1182 1110 1249 τῷ
1168 1178 1492 1255 προδρόμῳ,
1529 1182 1586 1237 ’ὸν
1645 1183 1890 1258 οὐρανῶν
1942 1185 1995 1238 αἱ

332 1265 589 1339 δυνάμεις
649 1268 919 1340 τρέμουσι
959 1270 1270 1342 καθορῶσαι
1305 1290 1315 1302 ·
1367 1268 1499 1325 ἀλλ’
1556 1271 1584 1325 6
1642 1272 1736 1327 τὸν
1785 1272 1993 1346 κόσμον

341 1359 580 1433 Ιῖνωτίσεις
743 1353 912 1410 αἱ)τοῦ
971 1355 1250 1435 ἐπιφανείᾳ
1300 1359 1506 1432 ὑψώσει
1553 1361 1644 1414 καὶ
1707 1361 1998 1435 μεγαλυνεῖ

343 1447 403 1500 τὸ
431 1447 630 1520 κράτος
661 1451 767 1513 τῆς
802 1445 954 1517 ὑμῶν
995 1445 1275 1519 βασιλείας
1315 1446 1390 1508 εἰς
1443 1448 1702 1523 εὐτυχίαν
1746 1450 1839 1504 καὶ
1900 1447 1995 1505 δό-

345 1536 431 1604 ξαν
457 1535 776 1607 Ῥωμαίων,
813 1558 839 1584 ››
893 1536 1046 1608 Δοχή
1095 1536 1159 1602 ε’,
1179 1540 1286 1590 τῶν
1335 1538 1640 1611 Πρασίνων,
1673 1537 1774 1614 ἥχ.
1826 1538 1994 1616 πλαγ.

342 1622 381 1677 δ’
405 1643 418 1655 ο
460 1650 478 1672 ι
507 1623 757 1698 Χριστὸς
788 1619 1031 1677 ἐνδύεται
1062 1623 1248 1698 ῥεῖθρα
1275 1623 1680 1700 φιλανθρώπως
1711 1633 1810 1682 τοῦ
1858 1630 1998 1702 Ἰορ-

341 1709 516 1766 δάνου.
553 1734 582 1761 »
609 1712 770 1785 Δοχή
813 1713 880 1778 ς’,
911 1715 1018 1766 τῶν
1068 1712 1326 1779 Βενέτων,
1359 1717 1514 1787 φωνή
1565 1713 1667 1789 ἤχ.
1700 1715 1873 1791 πλαγ.
1905 1718 1953 1771 α’
1980 1737 1992 1750 ·

2103 568 2290 636 ceptio
2322 573 2598 641 secunda,
2636 573 3028 643 Prasinorum,
3074 593 3180 631 vox
3211 577 3331 631 toni
3375 577 3598 649 obliqui
3643 579 3755 635 1V:

2105 676 2133 706 ‹‹
2166 657 2426 714 Christus
2458 671 2659 718 sancto
2687 663 2912 719 lavacro
2943 664 3241 720 collectam
3285 666 3390 722 sibi
3423 683 3453 721 e
3483 668 3755 738 gentibus

2102 743 2412 802 Ecclesium
2455 751 2665 820 expiat.
2695 774 2716 803 ιι
2766 752 3035 823 Receptio
3103 755 3292 822 tertia,
3389 756 3753 826 Venetorum,

2105 850 2210 889 vox
2258 837 2379 892 toni
2430 840 2649 911 obliqui
2703 845 2760 898 I:
2815 864 2844 892 «
2879 845 3016 914 Igne
3076 843 3400 900 divinitatis
3452 846 3511 900 in
3551 845 3757 901 Jorda-

2105 939 2177 978 ne
2225 924 2523 983 ﬂammam
2567 932 2784 1001 peccati
2830 933 3166 1003 exstinguit.
3220 933 3493 1005 Receptio
3525 941 3756 1005 quarta,

2106 1013 2476 1085 Venetorum,
2536 1036 2645 1074 vox
2691 1021 2911 1093 obliqui
2961 1022 3080 1078 IV:
3134 1046 3162 1072 ι(
3212 1023 3543 1078 Οοωῑειιιιιε
3602 1025 3760 1079 Patri

2104 1101 2280 1170 Deus,
2315 1105 2591 1175 Verbum,
2636 1110 2806 1166 hodie
2844 1112 2903 1166 in
2935 1112 3274 1181 Jordanem,
3319 1118 3380 1168 ut
3412 1113 3756 1184 baptizetur,

2103 1193 2418 1263 descendit,
2445 1201 2501 1251 et
2523 1204 2697 1270 caput
2729 1216 2884 1256 more
2913 1203 3060 1256 servi
3111 1202 3453 1273 praecursori
3494 1201 3754 1273 inclinat,

2104 1298 2277 1352 quem
2309 1288 2571 1342 caelestes
2603 1288 2921 1345 Potestates
2943 1291 3240 1347 intuentes
3271 1292 3758 1348 contremiscunt-

2104 1371 2205 1426 Sed
2240 1374 2341 1443 qui
2371 1377 2732 1446 apparitione
2755 1396 2861 1434 sua
2887 1381 3162 1435 mundum
3199 1379 3555 1435 illuminavit
3584 1380 3759 1436 robur

2104 1462 2428 1532 majestatis
2460 1471 2662 1520 vestrm
2695 1470 2760 1522 ad
2819 1468 3156 1524 felicitatem
3190 1473 3248 1524 et
3277 1469 3522 1540 gloriam
3555 1471 3763 1525 Roma-

2104 1566 2310 1605 norum
2341 1560 2552 1624 augeat
2595 1559 2652 1610 et
2689 1557 2936 1613 exultet!
2974 1578 2998 1608 ι
3055 1559 3323 1630 Receptio
3374 1559 3598 1630 quinta,
3632 1559 3764 1614 Pra-

2104 1639 2390 1709 sincrum,
2433 1659 2537 1698 vox
2579 1647 2699 1700 toni
2746 1646 2971 1718 obliqui
3018 1647 3092 1701 IV
3129 1664 3142 1701 :
3187 1669 3214 1698 «
3253 1647 3516 1703 Christus
3563 1664 3760 1703 amore

2105 1727 2410 1787 hominum
2441 1733 2714 1790 Jordanis
2747 1736 2963 1791 ﬂuenta
2995 1737 3175 1793 subit.
3213 1758 3240 1787 »
3275 1738 3544 1807 Receptio
3575 1742 3756 1806 sexta,

343 1826 368 1851 (ι
403 1800 537 1872 [lupi
590 1807 697 1868 τῆς
744 1802 1007 1869 θεότητος
1061 1799 1333 1874 Ἰορδάνου
1377 1826 1404 1853 ››
1454 1802 1543 1858 καὶ
1594 1804 1660 1858 τὰ
1690 1803 1835 1874 ἑξῆς.
1873 1807 1994 1862 Ἀκ-

2106 1819 2484 1888 Venetorum,
2502 1839 2609 1877 vox
2627 1825 2750 1879 toni
2774 1824 2995 1896 obliqui
3015 1825 3088 1880 IV
3113 1851 3125 1882 :
3151 1847 3179 1874 ‹‹
3205 1829 3341 1897 Igne
3359 1799 3680 1880 divinitatis
3698 1799 3758 1881 in

342 1889 568 1964 τολογία
631 1893 734 1954 τῆς
773 1891 815 1952 ς’
850 1887 1026 1965 δοχῆς
1061 1909 1073 1921 ’
1124 1889 1376 1965 λέγουσιν
1437 1893 1488 1946 οἱ
1537 1894 1766 1968 κράκται
1803 1915 1816 1929 ·
1864 1918 1892 1947 ‹‹
1940 1897 1996 1950 Ὀ

339 1977 658 2054 βαπτισθεὶς
685 1977 738 2032 ἐν
774 1976 963 2033 ὕδασιν
993 1976 1288 2054 Ἰορδάνου.
1322 2007 1349 2033 ››
1385 1987 1624 2059 Φθογγεῖ
1651 1983 1739 2038 καὶ
1790 1985 1818 2038 ὁ
1865 1984 1998 2049 λαὸς

335 2069 395 2124 ἐκ
445 2070 642 2142 τρίτου
677 2087 690 2100 ·
728 2092 759 2118 α
793 2066 1009 2123 Πολλοὶ
1074 2068 1202 2141 ὑμῖν
1253 2069 1468 2149 χρόνοι.
1520 2095 1541 2122 ιι
1603 2073 1666 2126 Οἱ
1722 2074 1950 2146 κράκται
1981 2093 1995 2106 ·

343 2184 370 2208 ιι
418 2158 520 2213 Καὶ
569 2159 674 2226 τήν
763 2157 932 2228 κάραν
1023 2157 1320 2221 ὑποκλίνας
1400 2157 1674 2223 δουλικῶς
1732 2168 1812 2235 τῷ
1864 2184 1999 2238 προ-

350 2244 555 2320 δρόμῳ.
587 2272 614 2298 ιι
650 2249 907 2322 Φθογγεῖ
933 2246 1022 2300 καὶ
1055 2248 1084 2300 6
1132 2249 1265 2310 λαὸς
1322 2248 1382 2304 ἐκ
1438 2251 1628 2324 τρίτου
1655 2271 1665 2284 ·
1706 2275 1734 2302 ι(
1785 2252 1997 2307 Πολλοὶ

353 2337 478 2408 ὑμῖν
502 2338 720 2414 χρόνοί.
759 2361 787 2386 ››
821 2337 891 2394 Οἱ
940 2337 1168 2411 κράκται
1202 2355 1215 2367 ·
1273 2362 1298 2394 ιι
1357 2339 1501 2402 Τοὺς
1553 2341 1787 2414 χρόνους
1848 2343 1998 2416 ὑμῶν

346 2424 616 2494 πληθδνεῖ
670 2427 770 2480 σὺν
823 2430 946 2488 ταῖς
1006 2425 1325 2500 αύγούσταις
1357 2430 1444 2484 καὶ
1473 2435 1590 2492 τοῖς
1623 2451 1999 2509 πορφυρογεν-

340 2517 527 2584 νήτοις
562 2535 576 2548 ·
616 2540 644 2566 »
675 2517 703 2569 6
737 2513 875 2577 λαός
908 2532 923 2544 ·
957 2541 985 2567 ι(
1023 2517 1400 2590 Πολυχρόνιον
1431 2521 1652 2589 ποιήσει
1683 2521 1710 2574 6
1738 2521 1867 2582 Θεὸς
1895 2523 1996 2591 τήν

344 2606 507 2678 ἁγίαν
543 2605 821 2680 βασιλείαν
852 2625 945 2666 σας
973 2609 1046 2667 εἰς
1078 2604 1263 2661 πολλᾶ
1289 2605 1405 2678 ἔτη.
1442 2633 1470 2661 ››

528 2695 870 2769 Ὑποστροφὴ
901 2700 1010 2748 τῶν
1047 2692 1321 2751 δεσποτῶν
1353 2701 1420 2770 τῇ
1460 2696 1597 2771 αὐτῇ
1631 2699 1815 2771 ἑορτῇ.

438 2792 589 2856 Δοχιπ
646 2785 713 2851 α’,
738 2788 840 2838 τῶν
898 2782 1164 2853 Βενέτων,
1193 2784 1523 2841 ἀπελατικὸν
1577 2787 1680 2862 ἤχ.
1707 2786 1876 2863 πλαγ,
1910 2791 1955 2843 α’
1979 2807 1993 2822 ο

367 2893 396 2919 (ι
430 2871 492 2925 Ὁ
538 2873 861 2946 συναναρχος
906 2877 988 2945 τῷ
1072 2875 1239 2948 Πατρὶ
1300 2875 1428 2938 Θεὸς
1485 2877 1660 2951 Λόγος
1708 2901 1736 2927 ››
1787 2878 1873 2930 καὶ
1929 2879 1998 2932 τὰ

351 2959 504 3027 ἑξῆς.
561 2961 715 3034 Δοχή
766 2963 828 3035 β’,
869 2967 972 3017 τῶν
1021 2963 1326 3037 Πρασίνων,
1378 2963 1703 3020 ἆπελατικὸν
1759 2965 1860 3041 ἤχ.
1910 2973 1992 3040 γ’·

345 3068 370 3096 I
405 3049 470 3104 Ὁ
502 3050 756 3126 φωτίζων
788 3053 897 3123 (53)
929 3053 983 3106 ἑν
1038 3051 1314 3124 ΙΙνεύματι
1369 3058 1450 3126 τῷ
1507 3054 1647 3128 ἁγίῳ
1697 3050 1990 3126 ἐϐαπτίσθη

2107 1908 2378 1978 Jordane,
2431 1919 2541 1967 etc.
2595 1933 2623 1961 »
2681 1913 3020 1969 Acclamatio
3070 1915 3127 1969 in
3179 1919 3336 1969 sexta
3383 1913 3757 1985 receptione:

2110 1996 2312 2052 dicunt
2341 2003 2600 2056 cantores
2635 2018 2647 2055 :
2679 2024 2706 2052 ι‹
2743 2003 3074 2074 Baptizatus
3116 2003 3174 2057 in
3219 2004 3385 2074 aquis
3413 2003 3702 2060 Jordanis.
3725 2023 3752 2055 ιι

2108 2084 2330 2141 Clamat
2361 2090 2416 2142 et
2448 2089 2702 2160 populus
2732 2095 2820 2145 ter
2853 2109 2865 2147 :
2897 2113 2926 2141 ‹‹
2963 2092 3160 2163 Longa
3196 2092 3362 2148 vobis
3394 2093 3692 2163 tempora!
3729 2113 3756 2141 ››

2108 2171 2360 2228 Cantor:
2414 2197 2441 2225 ‹‹
2479 2177 2542 2230 Et
2591 2186 2761 2248 caput
2806 2178 2953 2234 servi
2993 2194 3152 2234 more
3203 2179 3540 2250 prazcursori
3591 2177 3756 2233 incli-

2110 2279 2280 2320 nans.
2316 2285 2343 2312 »
2368 2263 2590 2321 Clamat
2620 2275 2673 2321 et
2704 2267 2954 2338 p0pulus
2986 2273 3074 2322 ter
3105 2285 3119 2323 :
3155 2290 3180 2317 ‹‹
3219 2268 3411 2339 Longa
3432 2267 3599 2322 vobis
3619 2275 3756 2322 tem-

2109 2353 2289 2421 poral
2327 2375 2353 2402 »
2386 2354 2696 2411 Cantores:
2736 2379 2762 2407 ‹‹
2795 2357 3076 2428 Tempora
3098 2366 3285 2412 vestra
3315 2374 3449 2412 cum
3477 2361 3758 2427 augusta-

2109 2441 2220 2496 bus
2251 2447 2307 2497 et
2359 2444 2922 2517 porphyrogennetis
2970 2447 3070 2502 26
3117 2447 3358 2517 augeat!
3400 2467 3426 2495 ››
3460 2445 3752 2518 Populus:

2107 2559 2136 2587 «
2174 2533 2512 2602 Longmvam
2542 2532 2693 2589 Deus
2723 2551 2822 2606 per
2853 2533 3070 2591 multos
3101 2539 3208 2589 etc.
3244 2554 3272 2582 ››

2430 2681 2647 2737 Rcditus
2686 2680 3032 2737 dominorum
3061 2680 3245 2735 eodem
3273 2682 3427 2748 festo.

2179 2791 2448 2862 Receptio
2471 2790 2680 2862 prima,
2699 2788 3076 2854 Venetorum,
3099 2785 3444 2858 apelaticum
3467 2785 3588 2838 toni
3612 2783 3751 2840 obli-

2108 2883 2207 2952 qui
2229 2883 2250 2936 Ι
2283 2902 2310 2929 ‹‹
2331 2879 2663 2934 Coaeternus
2683 2876 2832 2931 Patri
2849 2877 3022 2943 Deus,
3045 2874 3321 2940 Verbum,
3345 2879 3454 2929 etc.
3484 2895 3510 2922 »
3534 2874 3747 2928 Secun-

2107 2973 2198 3038 da,
2235 2969 2635 3036 Prasinorum,
2657 2965 3001 3038 apelaticum
3022 2967 3143 3021 toni
3167 2963 3388 3034 obliqui
3410 2963 3522 3018 III:
3557 2983 3582 3014 ιι
3613 2961 3746 3017 ΙΙΙιι-

2108 3061 2332 3115 minans
2346 3059 2404 3113 in
2419 3057 2632 3128 Spiritu
2654 3060 2857 3112 sancto
2874 3054 3194 3124 baptizatus
3207 3061 3291 3108 est
3305 3069 3453 3124 aqua
3467 3051 3745 3120 terrestri,

331 3135 491 3191 ὕδατι
525 3137 770 3213 ἐπιγείῳ,
804 3141 894 3194 καὶ
925 3142 988 3195 τὸ
1020 3145 1136 3218 φῶς
1188 3147 1286 3195 τοῦ
1346 3141 1728 3216 βαπτίσματος
1783 3141 1996 3220 ἐδωρή-

2109 3149 2423 3219 lumenque
2473 3145 2744 3217 baptismi
2799 3143 3138 3199 hominibus
3183 3143 3436 3197 donavit.
3484 3142 3594 3196 Sed
3628 3141 3749 3213 qui,

331 3248 462 3282 σατο
485 3227 804 3301 ἀνθρώποις
832 3248 845 3260 ⁶
879 3227 1012 3286 ἀλλ’
1045 3231 1073 3285 ὁ
1106 3234 1267 3285 ταῦτα
1315 3231 1542 3294 τελέσας
1593 3234 1830 3307 Χριστὸς
1867 3233 1994 3310 φιλ-

332 3317 614 3391 ανθρωπία
666 3320 732 3373 τὸ
795 3319 1060 3395 ὑμέτερον
1122 3319 1398 3394 βασίλειον
1439 3321 1640 3397 κράτος
1690 3324 1828 3378 κατὰ
1882 3345 1990 3378 σει-

331 3409 421 3480 ρὰν
459 3411 576 3478 (54)
606 3405 914 3484 ἀδιάδοχον
953 3407 1164 3464 κελεύει
1216 3409 1466 3484 εὐτυχεῖν
1495 3411 1796 3483 Ῥωμαίοις
1824 3413 1872 3448 ⁹⁰
1901 3413 1991 3467 καὶ

331 3495 667 3568 βασιλεύειν.
703 3519 730 3547 n
765 3498 920 3573 Δοχή
950 3499 1016 3571 γ’,
1047 3503 1158 3553 τῶν
1215 3499 1473 3571 Βενέτων,
1503 3499 1834 3557 ἀπελατικὸν

327 3585 496 3659 πλαγ.
535 3593 582 3638 α’
618 3607 629 3617 ·
667 3611 697 3638 «ι
741 3588 803 3644 Ὀ
855 3586 1096 3663 κεφαλὰς
1142 3592 1250 3642 τῶν
1311 3586 1640 3661 δρακόντων,
1691 3590 1990 3666 εὐεργέται,

330 3675 380 3728 ἒν
440 3673 728 3750 Ἰορδάνου
787 3682 905 3731 τοῖς
967 3677 1198 3750 ῥεύμασι
1277 3677 1594 3752 συντρίψας,
1649 3681 1754 3755 πρὸ
1807 3679 1990 3737 ποδῶν

335 3765 485 3836 ὑμῶν
521 3765 808 3839 συντρίψει
859 3766 956 3826 τὰς
1009 3765 1250 3843 κεφαλὰς
1307 3771 1417 3822 τῶν
1479 3763 1777 3844 Βαρϐάρων
1812 3791 1824 3802 θ
1877 3773 1990 3826 θεό-

333 3874 550 3910 nemo;
604 3853 908 3929 εὒεργὲται,
941 3857 976 3924 ἡ
1040 3855 1208 3928 Τριᾶς
1265 3858 1301 3925 ἡ
1355 3857 1638 3932 τρισάγιος
1693 3858 1788 3920 τὰς
1842 3859 1988 3922 νίκας

334 3944 480 4013 ὑμῶν
511 3943 790 4014 πληθυνεῖ
822 3963 835 3976 ·
862 3945 890 3998 ὁ
928 3945 1240 4019 βαπτισθείς
1273 3944 1406 4020 ὑπὲρ
1455 3947 1617 4020 ἡμῶν
1648 3949 1787 4002 κατά
1818 3950 1988 4024 σάρκα

327 4035 410 4087 καὶ
462 4036 691 4109 ἁγιάσας
741 4035 840 4103 τήν
895 4035 1054 4110 φύσιν
1103 4038 1212 4089 τῶν
1262 4031 1494 4090 ὑδάτων.
1531 4059 1559 4086 ››
1591 4039 1744 4112 Δοχή
1782 4035 1846 4107 δ’,
1878 4045 1987 4094 τῶν

321 4123 631 4194 Πρασὶνων,
663 4121 997 4177 ἀπελατικὸν
1049 4121 1149 4198 ἤχ.
1185 4124 1228 4177 δ’
1262 4141 1276 4154 ο
1322 4148 1349 4176 ‹‹
1377 4127 1438 4181 ‘0
1493 4129 1563 4197 τῇ
1617 4125 1851 4202 παλάμῃ
1890 4129 1984 4203 βα-

312 4211 563 4272 πτισθεὲς
627 4213 868 4284 σήμερον
932 4216 1030 4266 τοῦ
1090 4209 1418 4286 Προδρόμου
1446 4217 1514 4287 τῇ
1561 4218 1764 4288 φρικτῇ
1820 4217 1986 4272 αὐτοῦ

306 4299 547 4374 παλάμῃ
612 4298 866 4374 βασιλεῖς
928 4301 1065 4374 ὑμᾶς
1146 4301 1398 4377 κηρύττει
1469 4305 1606 4378 (55),
1666 4305 1984 4369 θεόστεπτοι

2105 3237 2248 3305 haec,
2283 3252 2476 3292 amore
2516 3236 2573 3290 in
2616 3233 2885 3288 homines
2935 3231 3232 3296 incitatus,
3279 3231 3412 3286 fecit
3461 3229 3748 3297 Christus,

2106 3327 2540 3399 imperatoriam
2571 3325 2939 3393 majestatem
2977 3327 3231 3378 vestram
3283 3337 3382 3392 per
3425 3337 3540 3375 non
3575 3321 3750 3375 inter-

2103 3424 2336 3488 ruptam
2371 3417 2579 3472 seriem
2616 3430 2903 3470 annorum
2944 3412 3138 3468 felices
3182 3412 3423 3465 reddere
3455 3409 3748 3465 Romanos

2102 3513 2158 3562 et
2191 3509 2478 3577 imperare
2507 3505 2710 3574 jubeat
2741 3504 2751 3558 l
2786 3525 2812 3551 υ
2845 3501 3116 3572 Receptio
3147 3499 3338 3567 tertia,
3373 3499 3746 3562 Venetorum,

2103 3605 2236 3650 tono
2269 3593 2557 3664 obliquoi
2603 3609 2617 3648 :
2668 3593 2774 3657 Qui
2815 3592 3007 3661 capita
3044 3591 3388 3653 draconum,
3430 3604 3462 3642 ο
3514 3586 3748 3659 benigni

2103 3684 2417 3756 principes,
2450 3683 2507 3738 in
2539 3681 2812 3738 Jordanis
2837 3679 3072 3735 ﬂuentis
3094 3677 3390 3742 contrivit,
3417 3683 3546 3731 ante
3577 3678 3748 3746 pedes

2100 3783 2322 3830 vestros
2353 3771 2744 3828 Barbarorum
2788 3770 2980 3840 capita
3011 3771 3262 3822 conterat
3292 3764 3305 3820 l
3341 3771 3383 3818 A
3425 3764 3542 3819 Deo
3587 3780 3746 3819 coro-

2102 3863 2220 3918 nati
2254 3861 2674 3927 benefactores,
2733 3863 2822 3914 ter
2851 3861 3054 3913 sancta
3099 3854 3352 3908 Trinitas
3380 3857 3603 3908 vestras
3630 3853 3748 3907 vic-

2101 3952 2280 4008 torias
2296 3955 2526 4022 augeat:
2547 3954 2644 4021 qui
2668 3947 2994 4019 baptizatus
3007 3949 3096 4000 est
3119 3960 3221 4016 pro
3236 3943 3404 3997 nobis
3418 3941 3742 3998 secundum

2099 4057 2333 4096 carnem
2355 4043 2412 4094 et
2431 4052 2714 4109 aquarum
2735 4039 3005 4090 naturam
3031 4029 3439 4088 sanctiﬁcavit.
3476 4052 3502 4079 ››
3531 4030 3745 4094 Quarta

2099 4127 2496 4193 Prasinorum,
2521 4125 2871 4197 apelaticum
2893 4123 3013 4176 toni
3044 4121 3110 4178 IV
3135 4139 3194 4176 :«
3220 4119 3551 4190 Baptizatus
3575 4118 3746 4173 hodie

2096 4217 2481 4274 Praecursoris
2539 4230 2740 4280 manu,
2821 4229 2928 4266 sua
3004 4210 3307 4266 tremenda
3377 4223 3553 4261 manu
3620 4223 3741 4273 vos,

2097 4309 2485 4382 imperatores
2550 4321 2583 4359 a
2633 4307 2745 4357 Deo
2799 4299 3054 4357 coronati
3124 4299 3542 4362 benefactores,
3595 4311 3742 4365 pm-

1688 4447 1932 4504 VARI/E
1970 4449 2376 4506 LECTIONES.

403 4563 448 4599 ⁸³
478 4566 736 4636 θεότητος
765 4561 1042 4641 Ἰορδανοῦ
1075 4569 1204 4624 cod.
1303 4569 1353 4604 ⁸⁸
1380 4567 1534 4636 Θεὸς,
1567 4566 1739 4646 λόγος
1771 4573 1863 4629 ed-

1969 4573 2015 4609 ⁹⁰
2042 4570 2354 4646 Ῥωμαίους
2383 4571 2475 4626 ed.

1386 4713 1584 4769 JOAN.
1626 4714 1768 4770 JAC.
1812 4715 2068 4772 REISKII
2108 4713 2680 4772 COMMENTARIUS

308 4837 587 4904 solitum,
647 4842 1005 4893 memoratur
1063 4838 1407 4894 Lambeccio
1457 4841 1680 4894 Comm.
1735 4838 1982 4895 Vindob.

316 4911 356 4963 I.
389 4926 479 4966 ιιι.
511 4911 570 4966 6.
605 4909 739 4964 cod.
775 4909 950 4966 tlLl'
984 4910 1114 4964 Vid.
1149 4910 1352 4965 (lodin.
1395 4911 1558 4965 UIﬁc.
1595 4927 1643 4964 c.
1677 4909 1730 4965 8.
1765 4911 1985 4966 Annel-
2020 4881 2069 4941 Β

316 4911 356 4982 _I.
389 4926 479 4974 ιιι,
511 4911 570 4976 6,
605 4909 739 4982 cod.
775 4909 950 4979 111.]·
984 4910 1114 4964 Vid.
1149 4910 1352 4982 (lodin.
1395 4911 1558 4965 UIﬁc.
1595 4927 1643 4964 c.
1677 4909 1730 4965 8.
1765 4914 1896 4982 App

316 4979 750 5052 lationisrratio
797 4986 1035 5051 apparet
1084 4998 1113 5035 e
1144 4981 1336 5052 verbis
1397 4982 1570 5052 paulo
1598 4979 1975 5052 interioribus

312 5052 509 5130 9.10:
567 5051 595 5103 6
635 5050 729 5104 τὸν
781 5049 990 5122 κόσμον
1039 5051 1292 5126 φωτίζειν
1342 5049 1411 5124 τῇ
1459 5049 1624 5105 αὐτοῦ
1674 5049 1976 5130 ἐπιφανείᾳ.

305 5121 408 5177 Est
472 5127 634 5177 enim
691 5121 905 5178 natalis
954 5121 1336 5195 apparitionis
1380 5121 1592 5179 Christi
1653 5125 1708 5178 in
1779 5121 1975 5193 carne,

301 5212 483 5261 quam
519 5202 832 5265 propterea
862 5199 1015 5266 quod
1055 5197 1370 5260 luminosa,
1419 5196 1668 5250 illustris
1720 5203 1890 5260 esset,
1923 5206 1976 5250 et

299 5268 546 5339 Lumina.
582 5266 982 5339 appellarunt,
1035 5272 1092 5321 et
1149 5270 1414 5322 accensis
1463 5268 1790 5322 luminibus
1833 5268 1975 5322 cele-

299 5338 575 5401 brarnnt,
616 5338 721 5394 nec
759 5356 877 5394 non
929 5339 1236 5408 baptismo,
1268 5340 1365 5408 qui
1396 5340 1613 5408 absque
1651 5340 1974 5394 luminibus

306 5425 422 5464 non
478 5415 622 5474 erat,
680 5410 998 5465 initiandis
1040 5411 1312 5465 ardentes
1358 5425 1553 5465 cereos
1613 5411 1971 5468 tenentibus.

311 5480 426 5542 Qua
461 5483 530 5537 de
562 5500 621 5538 re
647 5484 800 5537 alias
833 5480 1086 5549 agimus.

387 5553 495 5628 {52)
528 5555 740 5628 Liquet
764 5553 989 5623 aliquid
1023 5554 1262 5628 deesse:
1297 5553 1446 5622 quod
1484 5553 1622 5628 dum
1656 5559 1974 5628 suggerant

319 5623 820 5692 meliores—libri,
884 5623 1330 5694 acquiescamus
1409 5625 1754 5693 conjecturas
1836 5623 1970 5679 Lei-

301 5697 719 5848 οίιὲὥεῦτεσὶ
779 5766 922 5825 ιιονὶ
972 5762 1225 5839 φωτίζειν
1272 5771 1329 5822 et
1388 5783 1490 5837 pro
1540 5765 1870 5822 illuminare
1916 5772 1973 5822 et

2102 4857 2204 4912 pro
2237 4841 2524 4912 baptizare
2557 4842 2865 4909 usurpant.
2920 4838 3083 4891 Unde
3115 4833 3463 4904 intelligitur
3495 4833 3659 4888 lusus
3685 4832 3742 4886 in

2099 4911 2377 4982 ambiguo
2408 4911 2587 4965 verbi.

2167 4975 2487 5052 (54i'Graaci
2539 4980 2798 5036 sobolem
2842 4979 3094 5049 alicujus
3144 4996 3243 5050 per
3295 4977 3504 5052 saecula
3551 4975 3736 5030 conti-

2093 5048 2361 5118 nuatam,
2385 5060 2637 5108 stemma
2666 5048 3155 5123 genealogicum.‘
3185 5048 3386 5123 σειράν,
3421 5048 3473 5123 id
3527 5054 3615 5102 est
3647 5064 3736 5100 ca-

2089 5134 2300 5189 tenam,
2334 5116 2555 5192 dicunt,
2589 5116 2787 5178 ut‘nos
2818 5116 3089 5178 arborem.
3127 5116 3288 5194 Σειρᾶ
3319 5116 3618 5190 ἀδιάδοχος
3650 5127 3736 5173 est

2089 5198 2273 5252 series
2305 5198 2536 5266 generis
2566 5195 2860 5263 desinens,
2910 5211 3087 5265 quam
3120 5197 3233 5248 alia
3273 5196 3450 5266 series
3488 5208 3599 5266 non
3635 5206 3737 5266 ex-

2088 5269 2249 5336 cipit.
2301 5258 2462 5323 Conf.
2507 5284 2633 5336 quae
2663 5269 2732 5321 ad
2779 5258 3000 5336 p.157.
3050 5272 3123 5319 De
3160 5270 3334 5318 Verbo
3392 5258 3734 5334 διαδέχεσθαι

2085 5355 2322 5406 cessare,
2359 5339 2631 5403 desinere,
2664 5339 2878 5393 dicam.

2157 5411 2272 5480 (55)
2321 5409 2519 5472 Qualis
2548 5409 2728 5465 dictio
2765 5406 2996 5480 παλάμῃ
3046 5406 3335 5481 κηρύττειι
3386 5405 3533 5481 Voce
3581 5421 3724 5481 pra}:

2088 5478 2356 5553 dieatur.
2379 5497 2491 5534 non
2516 5497 2730 5553 manu.
2760 5478 3092 5553 iExspectes
3127 5478 3439 5553 ’χρίει-θυι
3465 5479 3721 5553 ergogo?

2082 5554 2167 5607 vel
2204 5552 2398 5608 simile
2429 5551 2594 5622 quid,
2620 5552 2778 5622 quod
2812 5549 3018 5607 manus
3053 5549 3242 5606 faciat.
3280 5549 3485 5604 Verum
3521 5549 3730 5603 fEthio-

2085 5641 2215 5695 pem
2250 5625 2422 5690 lavet,
2473 5625 2570 5694 qui
2627 5625 2939 5678 balbutiem
2981 5623 3265 5678 infantilis
3296 5623 3396 5673 aevi
3443 5622 3729 5689 corrigere

2083 5697 2372 5751 instituat.
