4104 6388
342 337 460 398 Il!

1409 319 1708 384 CONSTA
1723 317 1938 378 NTlNl
1986 311 2693 378 PORPHYHOGENITI

3640 311 3767 370 220

344 469 518 536 dicat,
563 469 885 532 unctosque
926 458 1052 516 orbi
1115 455 1380 514 universo
1430 450 1704 510 ostendit.
1748 450 1998 506 Lavacro

2123 443 2406 520 εὐεργέται,
2439 446 2527 501 καὶ
2559 446 2826 520 Χριστοὺς
2857 446 2902 484 θι
3130 443 3271 516 ὑμᾶς
3330 439 3560 497 δεικνύει
3616 440 3773 514 πάσῃ

344 557 500 614 enim
553 551 950 614 sanctiﬁcans,
1030 545 1375 618 integritatis
1447 543 1571 597 oleo
1636 540 2000 609 majestatem

346 645 623 716 baptizat,
661 640 910 697 salutem
955 637 1230 693 Romanis
1258 638 1315 689 et
1361 631 1680 688 maximum
1719 627 2002 684 auxilium

342 741 398 792 et
428 733 673 805 gloriam
706 727 932 797 imperii
957 728 1154 781 donat.
1198 746 1224 772 »
1260 721 1534 790 Receptio
1569 718 1796 790 quinta,
1833 717 2005 770 Vene-

343 829 564 888 torum,
610 817 964 890 apelaticum
1011 814 1128 870 toni
1163 811 1386 882 obliqui
1421 809 1527 876 IV;
1561 829 1587 857 ‹‹
1624 811 1841 861 Lumen
1877 821 2000 860 ma-

349 911 634 969 terialiter
662 909 720 963 in
773 921 1010 975 corpore
1047 901 1339 974 apparuit,
1390 903 1454 953 ut
1485 914 1589 952 nos
1624 896 1817 951 lumen
1871 893 2002 948 facti

346 1017 481 1059 cum
519 998 620 1055 Dei
668 997 796 1053 luce
848 994 1397 1051 commisceremur:
1461 991 1672 1059 praesto
1721 988 1810 1041 est
1852 1000 2003 1054 aqua

349 1090 606 1161 implens
638 1091 695 1143 et
727 1083 1031 1157 perﬁciens
1075 1079 1316 1151 spiritu:
1353 1093 1470 1134 una
1512 1075 1584 1131 ad
1611 1075 1804 1147 ipsum
1841 1088 2000 1129 acce-

359 1182 594 1247 damus,
625 1181 690 1232 ut
720 1193 834 1232 una
863 1190 996 1230 cum
1039 1188 1103 1228 eo
1151 1169 1490 1228 exaltemur.
1529 1165 1754 1238 Signati
1803 1181 2004 1220 sumus

358 1285 568 1325 arcano
613 1265 807 1329 modo,
852 1262 951 1335 qui
995 1261 1268 1317 virtutem
1318 1256 1578 1330 mysterii
1609 1255 2003 1327 cognovimus,

360 1357 730 1428 suscepimus
770 1368 974 1409 omnes
1005 1349 1351 1414 secundum,
1390 1363 1505 1402 non
1538 1344 1810 1415 primum,
1843 1343 2003 1399 Ada-

354 1464 544 1516 mum,
579 1453 642 1501 ut
672 1444 880 1499 renati.
904 1463 930 1490 ››
963 1437 1411 1496 Acclamationis
1432 1435 1606 1492 verba
1636 1438 1950 1490 cantantur
1972 1450 2004 1487 a

356 1533 806 1608 prmoentoribus
839 1535 894 1588 et
924 1527 1160 1601 papulo,
1194 1534 1256 1582 ut
1287 1525 1346 1582 in
1387 1524 1608 1581 caeteris
1631 1521 2001 1579 factionibus.

357 1627 651 1682 Postremo
686 1632 951 1677 cantores
974 1634 1206 1690 quoque
1224 1616 1583 1672 acclamant:
1617 1637 1644 1666 ‹‹
1679 1613 2004 1668 Adorantes

357 1715 571 1771 Christi
599 1709 956 1768 manifestati
979 1707 1283 1779 gloriam.»
1304 1703 1590 1776 Papulus:
1618 1726 1645 1754 α
1667 1700 2005 1759 Diutissime

354 1805 720 1873 majestatem
756 1808 1009 1854 vestram
1043 1797 1197 1852 Deus
1229 1792 1554 1852 custodiat!
1590 1815 1617 1844 ››

2112 536 2179 606 τῇ
2205 533 2515 608 οἰκουμένῃ.
2547 538 2635 607 τῷ
2680 535 2898 608 λουτρῷ
2946 534 3049 610 γὰρ
3102 532 3349 607 ἁγιάσας,
3397 537 3499 599 τῆς
3558 532 3779 606 ἀφθαρ-

2114 623 2230 685 σίας
2287 628 2365 694 τῷ
2413 623 2584 696 ἐλαίῳ
2645 622 2894 698 βαπτίζει
2951 623 3051 691 τὴν
3129 619 3436 696 βασιλείαν,
3495 619 3779 693 σωτηρίαν

2114 709 2462 786 δωρούμενος
2505 720 2620 775 τοῖς
2671 713 2965 786 Ῥωμαίοις
3024 710 3113 766 καὶ
3172 709 3464 784 ἀντίληψιν
3495 713 3606 781 (57)
3663 731 3773 782 με-

2113 803 2306 877 γίστην
2353 803 2442 858 καὶ
2494 800 2648 872 δόξαν
2679 807 2778 868 τῆς
2831 801 3130 877 βασιλείας.
3169 825 3197 853 ››
3231 801 3381 875 Δοχή
3416 807 3473 869 ε’,
3506 804 3611 855 τῶν
3663 805 3774 854 Βε-

2111 888 2302 959 νὲτων,
2355 891 2682 948 ἀπελατικὸν
2742 890 2844 966 ἤχ.
2897 890 3070 964 πλαγ.
3105 887 3188 946 δ’·
3245 890 3326 946 T6
3386 893 3501 964 φῶς
3555 887 3778 962 ἒπέφα-

2111 1002 2192 1036 νεν
2215 981 2418 1042 ὑλικῶς
2447 979 2500 1036 ἐν
2532 982 2768 1053 σώματι,
2796 979 2888 1034 ’ίνα
2923 984 3036 1057 φῶς
3093 981 3372 1053 γενόμενοι
3425 982 3560 1033 Θεοῦ
3619 979 3770 1056 φωτὶ

2116 1075 2385 1144 μιγῶμεν,
2442 1070 2704 1144 Ηάρεστιν
2767 1067 2922 1125 ὕδατι
2980 1066 3197 1124 πλύνων
3253 1068 3343 1123 καὶ
3394 1065 3622 1122 τελειῶν
3681 1072 3770 1139 τῷ

2113 1160 2402 1232 πνεύματι,
2433 1157 2906 1235 ξσυγκατέλθωμεν
2963 1159 3165 1231 τούτῳ,
3213 1156 3309 1212 ’ίνα
3362 1158 3763 1230 συνανυψωθῶο

2119 1271 2234 1320 μεν.
2297 1253 2712 1323 Σημειωθῶμεν
2776 1253 3053 1322 μυστικῶς
3120 1252 3216 1304 τοῦ
3301 1248 3607 1321 μυστηρίου
3664 1249 3776 1314 τήν

2115 1338 2274 1413 ἰσχὺν
2336 1338 2656 1415 ἐγνωκότες,
2683 1334 3046 1412 ἀναλάϐωμεν
3095 1338 3148 1392 οἱ
3207 1337 3402 1399 πάντας
3449 1336 3540 1392 τὸν
3586 1334 3774 1390 δεύτε-

2117 1450 2207 1502 ρον
2259 1431 2334 1501 μή
2382 1429 2474 1483 τὸν
2524 1432 2739 1502 πρῶτον
2773 1427 2955 1500 Ἀδὰμ
2989 1429 3065 1492 ὡς
3107 1426 3633 1502 ἀναγεννηθέντις.»
3684 1426 3773 1482 Τὰ

2116 1517 2171 1576 δὶ
2200 1525 2300 1588 τῆς
2333 1517 2604 1593 εὐφημίας
2637 1515 2770 1573 ἔκτα
2800 1516 3021 1588 ᾅδονται
3062 1517 3208 1592 παρά
3251 1537 3309 1571 τε
3355 1521 3464 1570 τῶν
3513 1521 3767 1590 κρακτῶν

2113 1607 2202 1662 καὶ
2246 1611 2344 1663 τοῦ
2388 1613 2544 1678 λαοῦ,
2578 1607 2760 1669 καθὼς
2790 1608 2878 1662 καὶ
2924 1606 2977 1661 ἐν
3024 1612 3146 1668 ταῖς
3178 1605 3400 1668 λοιπαῖς
3433 1604 3647 1684 δοχαῖς.
3683 1607 3767 1661 Τὸ

2116 1695 2172 1752 δὲ
2227 1696 2538 1753 τελευταῖον
2597 1695 2756 1754 ἕκτον
2818 1695 3068 1771 λέγουσιν
3103 1696 3156 1751 οἱ
3187 1696 3414 1769 κράκται
3449 1713 3461 1726 ⁸
3499 1719 3526 1746 ‹‹
3584 1699 3767 1768 Προσ-

2114 1789 2440 1858 κυνήσαντες
2488 1792 2584 1842 τοῦ
2639 1785 2992 1864 ἐπιφανέντος
3023 1789 3269 1860 Χριστοῦ
3326 1786 3427 1854 τὴν
3487 1781 3640 1854 δόξαν
3679 1801 3694 1814 ⁸
3734 1807 3766 1834 ››

354 1892 382 1947 6
414 1889 546 1952 λαός
582 1907 595 1922 ⁸
645 1913 666 1940 ι
702 1884 1085 1964 Πολυχρόνιον
1128 1885 1346 1953 ποιήσει
1381 1883 1408 1936 ὀ
1440 1881 1569 1942 Θεὸς
1600 1882 1700 1950 τὴν
1734 1879 1888 1956 ἁγίαν
1919 1875 2220 1953 βασιλείαν.
2255 1901 2284 1928 ››

925 1977 1022 2033 27
1058 1973 1292 2030 CAPUT
1336 1974 1424 2030 IV.

532 2065 965 2122 Acclamationes
1010 2066 1071 2118 in
1102 2065 1281 2119 sancti
1329 2063 1616 2118 Paschati:
1653 2061 1814 2133 festo.

428 2155 695 2227 Receptio
738 2154 924 2225 prima
972 2152 1345 2217 Venetorum,
1395 2168 1503 2206 vox
1553 2150 1722 2206 toniI
1776 2166 1789 2204 :
1841 2170 1868 2198 «
1906 2147 2001 2205 Di-

359 2246 509 2302 vina
560 2241 1005 2299 resurrectionis
1057 2241 1317 2312 potentia
1362 2241 1564 2296 mortis
1607 2239 1819 2295 bellum
1852 2237 2002 2295 solu-

365 2341 488 2390 tum
537 2337 644 2389 est.
680 2355 703 2385 ι
769 2331 1052 2396 Secunda,
1117 2330 1513 2399 Prasinorum,
1585 2346 1691 2384 vox
1767 2329 1889 2384 toni
1933 2328 2000 2383 I:

371 2446 398 2472 «
434 2421 604 2477 Lucis
643 2420 946 2475 inaccessae
990 2422 1143 2474 faces
1183 2417 1455 2484 mortuis,
1498 2417 1596 2488 qui
1645 2417 1704 2472 in
1757 2415 2005 2472 tenebris

368 2515 555 2580 erant,
587 2509 848 2564 illuxere.
881 2507 1150 2562 Christus
1198 2506 1353 2563 enim
1404 2510 1671 2562 mortuus
1715 2505 2004 2579 apparuit,

369 2605 555 2656 morte
611 2606 853 2653 mortem
926 2598 1324 2666 exslinguens,
1389 2597 1648 2667 captivos
1717 2599 1842 2666 post
1888 2601 2006 2650 tres

365 2691 488 2745 dies
521 2703 836 2759 resurgens
860 2685 1251 2740 exsuscitavit.
1298 2685 1425 2756 Ipse
1457 2685 1699 2756 gloriam
1734 2689 2006 2754 vestram,

366 2778 610 2847 domini,
652 2778 751 2832 diu
786 2776 840 2830 in
877 2792 1134 2848 purpura
1164 2775 1489 2830 custodiet!
1528 2798 1548 2827 ι
1588 2774 1854 2844 Receptio
1894 2779 2011 2830 ter—

367 2870 469 2935 tia,
514 2867 900 2923 Venetorum:
940 2883 1047 2920 vox
1106 2864 1227 2919 toni
1263 2865 1378 2920 III:
1433 2887 1460 2915 ‹‹
1502 2864 1727 2920 Pascha
1783 2864 2011 2920 Domini

372 2955 539 3012 hodie
561 2955 852 3021 videntes,
869 2953 1148 3010 melodice
1164 2957 1220 3009 et
1239 2953 1594 3009 unanimiter
1615 2954 1959 3010 clamamus.
1983 2975 2010 3003 »

369 3046 603 3111 Quarta,
658 3045 1024 3109 Venetorum,
1054 3059 1163 3098 vox
1209 3043 1330 3098 toni
1374 3044 1394 3096 Ι
1440 3058 1452 3097 :
1504 3065 1532 3092 «
1567 3043 1780 3098 Divinas
1832 3060 2016 3100 resur-

373 3133 649 3190 rectionis
699 3133 953 3204 potentia
1000 3133 1222 3197 mortis,
1272 3136 1380 3188 etc.
1421 3152 1446 3184 »
1489 3132 1723 3199 Quinta,
1765 3132 2015 3188 Veneto-

372 3241 528 3290 rum,
556 3239 667 3278 vox
698 3221 815 3277 loni
849 3222 900 3276 I:
945 3225 1274 3277 «Eternum
1325 3238 1456 3276 cum
1519 3221 1687 3276 Patre
1719 3222 2016 3293 imperans

2741 1968 3006 2023 ΚΕΦΑΛ.
3050 1970 3123 2023 Δ’.

2419 2060 2593 2114 Ἀκτα
2621 2062 2689 2130 τῇ
2723 2059 2886 2133 δορτῇ
2926 2062 3024 2112 τοῦ
3056 2055 3214 2132 ἁγίου
3247 2056 3462 2132 Πάσχα.

2187 2151 2339 2228 Δοχὴ
2374 2147 2592 2224 πρώτη,
2624 2155 2732 2203 τῶν
2757 2149 3016 2218 Βενὲτων,
3051 2149 3205 2223 φωνή
3238 2148 3340 2221 ἦχ.
3375 2147 3420 2200 α’
3455 2167 3466 2180 ⁸
3517 2169 3535 2195 α
3575 2150 3780 2212 Θεϊκῆς

2114 2239 2372 2314 ξγέρσεώς
2407 2237 2692 2309 δυναστείᾳ
2721 2239 2748 2292 ὁ
2777 2242 2874 2293 τοῦ
2907 2239 3137 2292 θανάτου
3188 2235 3436 2308 πόλεμος
3470 2232 3720 2301 διελύθη.
3741 2257 3772 2284 ››

2116 2329 2267 2404 Δοχὴ
2327 2330 2394 2402 β’,
2444 2333 2553 2382 τῶν
2613 2327 2910 2403 Πρασίνων,
2973 2329 3124 2405 φωνή
3180 2326 3282 2399 ἤχ.
3318 2326 3363 2379 α’
3399 2344 3412 2356 ⁸
3477 2348 3508 2376 ‹‹
3569 2323 3768 2385 Φωτὸς

2117 2417 2415 2491 ἀπροσίτου
2473 2413 2825 2489 λαμπηδόνες
2894 2419 3104 2489 νεκροῖς
3157 2411 3476 2487 ἐπέλαμψαν
3534 2417 3650 2475 τοῖς
3708 2411 3763 2467 ἓν

2119 2505 2320 2563 σκότει.
2353 2507 2584 2581 Χριστὸς
2629 2507 2730 2581 γὰρ
2781 2503 2936 2582 ὤφθη
2987 2505 3176 2579 νεκρὸς
3225 2503 3275 2558 ἐν
3323 2502 3498 2578 τάφῳ,
3549 2503 3762 2576 θανάτῳ

2119 2598 2345 2660 θάνατον
2409 2597 2739 2663 θανατώσας,
2797 2593 3150 2665 συνανὲσκησε
3187 2592 3314 2656 τοὺς
3374 2590 3630 2666 δεσμίους
3688 2596 3760 2666 τῇ

2119 2688 2405 2762 τριημὲρῳ
2461 2685 2625 2741 αὐτοῦ
2672 2684 2875 2762 ἐγέρσει
2909 2702 2922 2716 ⁸
2979 2683 3141 2746 αὐτὸς
3193 2685 3294 2753 τὴν
3355 2680 3511 2754 δόξαν
3589 2684 3768 2756 ὑμῶν,

2123 2775 2399 2843 δεσπόται,
2434 2775 2508 2838 εἷς
2546 2782 2722 2848 μῆκος
2754 2773 2968 2850 χρόνων
3003 2776 3228 2852 φυλάξει
3256 2775 3312 2827 ’ἐν
3338 2773 3408 2845 τῇ
3439 2773 3716 2851 πορφύρᾳ.
3740 2796 3769 2826 »

2124 2865 2275 2940 Δοχή
2308 2866 2373 2938 γ’.
2405 2869 2512 2919 τῶν
2573 2865 2828 2935 Βενέτων,
2861 2865 3012 2942 φωνή
3046 2863 3144 2938 ἤχ.
3181 2863 3228 2937 γ’
3253 2880 3266 2894 ⁸
3322 2884 3350 2914 ‹‹
3409 2862 3603 2935 Πάσχα
3660 2865 3776 2918 Ku-

2125 2956 2245 3031 ρίου
2305 2954 2544 3027 σήμερον
2610 2954 2949 3026 καθορῶντες
3013 2947 3338 3024 μελῳδικῶς
3395 2951 3782 3026 κραυγάζομεν

2122 3043 2215 3100 καὶ
2245 3044 2292 3080 ⁹²
2318 3043 2667 3119 ὁμοφρόνως.
2705 3064 2734 3092 ››
2766 3042 2918 3115 Δοχὴ
2957 3037 3025 3110 δ’,
3054 3044 3164 3095 τῶν
3198 3039 3456 3111 Βενὲτων,
3493 3041 3643 3118 φωνὴ
3676 3036 3787 3116 ἤχ.

2126 3134 2170 3187 α’
2204 3151 2217 3165 ⁸
2254 3157 2283 3184 ‹‹
2343 3137 2539 3200 Θιΐκῆς
2588 3131 2854 3205 ἐγὲρσεως
2913 3127 3216 3202 δυναστείᾳ,
3273 3153 3301 3180 ››
3348 3128 3442 3186 καὶ
3497 3131 3566 3185 τὰ
3631 3131 3784 3200 iam.

2131 3224 2284 3296 Δοχή
2318 3223 2374 3287 ε’,
2406 3225 2515 3276 τῶν
2564 3223 2866 3294 Πρασὶνων,
2899 3222 3050 3298 φωνή
3105 3222 3205 3294 ἤχ.
3241 3221 3287 3274 α’
3319 3238 3332 3252 ⁸
3364 3243 3392 3271 ››
3424 3221 3486 3276 Ὁ
3528 3222 3781 3297 ἀχρόνως

370 3311 597 3368 ultimis
640 3311 846 3365 diebus
883 3309 1274 3379 temporaliter
1329 3326 1461 3364 cum
1496 3309 1828 3366 hominibus
1877 3328 2009 3366 con-

2129 3317 2207 3384 τῷ
2237 3313 2407 3386 Πατρὶ
2466 3305 2884 3383 συμϐασιλεύων
2919 3309 3000 3366 ἃττ’
3033 3309 3280 3388 ἐσχάτων
3308 3315 3427 3374 τοῖς
3475 3310 3782 3384 ἀνθρώποις

371 3405 633 3457 versatus
671 3399 782 3453 fuit
813 3403 868 3454 et
896 3399 956 3453 in
988 3414 1159 3454 cruce
1205 3402 1486 3454 tartarum
1533 3406 1893 3470 mortemque
1923 3417 2015 3455 ca-

379 3490 596 3562 ptivam
649 3490 892 3556 ducens,
932 3492 1059 3557 post
1106 3493 1223 3544 tres
1267 3487 1392 3542 dies
1435 3504 1544 3543 sua
1597 3490 2020 3545 resurrectione

380 3579 626 3634 mortuis
666 3577 1168 3632 resuscitutionem
1229 3580 1482 3633 renovat.
1530 3577 1660 3648 Ipse
1709 3593 1887 3632 cornu
1929 3595 2021 3633 ve-

380 3672 593 3735 strum,
628 3665 872 3731 domini,
923 3664 1180 3720 victoriis
1239 3669 1440 3721 contra
1477 3667 1759 3723 Barbaros
1807 3668 2023 3723 exalta-

375 3757 493 3812 bitl
530 3779 559 3806 »
609 3756 881 3826 Receptio
931 3758 1115 3822 sexta,
1156 3757 1532 3822 Venetorum,
1584 3771 1691 3810 vox
1739 3756 1859 3811 toni
1905 3757 2022 3812 lll:

376 3869 404 3897 «
442 3846 612 3902 Lucis
634 3845 942 3900 inaccessae
972 3845 1142 3910 faces,
1169 3866 1196 3894 ››
1235 3848 1345 3900 etc.
1391 3843 1748 3901 Acclamatio
1779 3846 1838 3900 in
1863 3850 2028 3902 sexta

376 3934 706 4006 receptione
749 3949 761 3988 :
813 3933 1018 3988 dicunt
1049 3937 1352 3988 cantores:
1401 3952 1429 3984 ε
1480 3935 1715 3990 Creator
1760 3934 2027 3991 omnium

377 4028 435 4079 et
473 4023 780 4079 Dominus.
834 4045 861 4072 «
895 4022 1120 4077 Clamat
1171 4026 1229 4079 et
1277 4022 1530 4095 populus
1587 4027 1704 4081 ter:
1755 4047 1774 4071 ι
1823 4024 2031 4080 Multos

383 4130 567 4169 annos
598 4112 782 4168 vobis.
828 4134 855 4163 »
890 4113 1165 4169 Cantores
1195 4131 1207 4169 :
1244 4135 1272 4162 ‹‹
1307 4113 1651 4170 Mirabiliter
1704 4129 1733 4169 e
1763 4114 2030 4185 sepulcro

2129 3404 2405 3475 χρονικῶς
2450 3401 2852 3476 συνανεστράιρη
2914 3401 2978 3467 ⁸³,
3031 3404 3122 3453 καῖ
3171 3396 3223 3452 ἐν
3281 3403 3363 3472 τῷ
3417 3404 3630 3474 σταυρῷ
3682 3405 3777 3458 τὸν

2131 3489 2264 3563 ᾅδην
2315 3491 2405 3545 καὶ
2464 3491 2691 3554 θάνατον
2750 3489 3200 3564 αἰχμαλωτίσας,
3262 3490 3546 3564 τριημέρῳ
3610 3489 3775 3545 αὐτοῦ

2132 3580 2340 3656 ἐγὲρσει
2368 3585 2484 3642 τοῖς
2514 3583 2725 3654 νεκροῖς
2779 3580 2877 3648 τήν
2937 3579 3220 3634 ἀνάστασιν
3275 3577 3586 3654 ἐγκαινίζων

2135 3669 2294 3731 αὐτὸς
2353 3669 2415 3724 τὸ
2459 3667 2615 3742 κέρας
2668 3669 2844 3741 ὑμῶν,
2892 3664 3169 3738 δεσπόται,
3219 3668 3489 3742 ἂνυψώσει
3529 3673 3645 3730 ταῖς
3704 3668 3785 3723 νί-

2135 3778 2254 3820 καις
2287 3757 2424 3811 κατά
2455 3751 2775 3830 Βαρϐάρων.
2813 3780 2840 3807 ››
2875 3757 3028 3834 Δοχὴ
3060 3764 3125 3823 ς’,
3172 3761 3281 3811 τῶν
3338 3757 3598 3827 Βενὲτων,
3630 3759 3786 3835 φωνὴ

2137 3847 2237 3920 ἥχ.
2273 3848 2339 3921 γ’·
2386 3868 2410 3898 α
2465 3846 2657 3906 «me;
2716 3843 3015 3921 ἀπροσίτου
3081 3842 3432 3918 λυμπηδόνις
3492 3869 3520 3896 ››
3579 3845 3670 3900 καὶ
3727 3847 3794 3901 τὰ

2138 3934 2278 4005 ὶξῆς.
2313 3932 2643 4010 Ἀκτολογία
2667 3941 2766 4004 τῆς
2800 3936 2844 3997 ς’
2879 3931 3077 4012 δοχῆς.
3120 3933 3374 4010 Λέγουσιν
3406 3936 3458 3989 οἱ
3513 3935 3742 4009 κράκται
3777 3955 3792 3968 ⁸

2139 4048 2168 4076 ‹‹
2202 4025 2258 4077 '0
2286 4028 2392 4079 τῶν
2427 4025 2643 4079 πάντων
2699 4025 2947 4095 Ποιητής
3002 4025 3093 4078 καὶ
3154 4024 3459 4095 Δεσπότης.
3487 4049 3514 4076 ››
3561 4027 3798 4100 Φθογγεῖ

2141 4113 2232 4168 καὶ
2267 4114 2293 4168 6
2343 4113 2475 4176 λαὸς
2508 4112 2566 4168 ἐκ
2594 4114 2658 4188 γ’·
2695 4137 2723 4165 ‹‹
2777 4111 2994 4168 Πολλοὶ
3084 4115 3210 4188 ὑμῖν
3243 4115 3458 4190 χρόνυι.
3497 4137 3523 4170 υ
3560 4116 3624 4170 Οἱ
3654 4117 3789 4191 κρά-

1763 4239 1995 4295 νΑΗΙΑΞ
2037 4239 2454 4296 LECTIONES.

454 4357 496 4391 ’ί
530 4352 811 4433 χρηστοὺς
844 4355 973 4412 cod.
1055 4355 1100 4390 ⁹²
1128 4354 1214 4408 καὶ
1249 4371 1366 4412 om.
1400 4358 1530 4412 cod.
1609 4356 1654 4391 9'
1685 4353 2049 4434 συνανετράὶφη
2083 4358 2174 4412 ed.

1417 4473 1620 4530 JOAN.
1661 4473 1807 4530 JAC.
1851 4474 2111 4530 REISKII
2151 4473 2735 4531 COMMENTARIUS.

447 4593 560 4661 (56)
592 4594 674 4664 Μ.
725 4588 1026 4664 χρηπυῷς.
1078 4590 1348 4664 Quorum,
1398 4595 1600 4646 utrum
1667 4597 1918 4663 praestet,
1982 4594 2040 4650 in
2073 4597 2122 4655 D
2157 4598 2220 4646 ut
2251 4608 2402 4661 saepe
2426 4591 2559 4645 fecit
2589 4590 2874 4647 Habertus
2905 4589 2963 4645 in
3004 4590 3351 4649 Pontificali.

378 4662 887 4736 dubio‘relin‘quo.
923 4662 1187 4736 U_nctine_
1207 4663 1416 4718 fuerint
1466 4664 1599 4719 novi
1654 4662 2036 4736 imperatores

381 4733 615 4798 CPtani,
650 4733 886 4803 disputo
910 4734 983 4789 ad
1014 4749 1066 4804 p.
1091 4734 1217 4789 218.
1308 4768 1311 4770 -

451 4805 566 4882 (57)
600 4805 906 4882 Auxilium.
939 4806 1197 4882 Proprie
1224 4809 1310 4861 est
1349 4805 1750 4882 reprehensio,
1791 4823 1893 4864 seu
1926 4827 2028 4882 ap-

380 4875 690 4949 p‘rehensio
744 4895 776 4931 a
826 4875 1081 4946 postica,
1114 4877 1201 4949 vel
1246 4875 1511 4949 retraclio
1555 4877 1703 4948 lapsi
1739 4875 1865 4936 aut
1896 4875 2029 4949 pro-

379 4942 543 5002 éllvis
574 4947 632 5001 in
677 4942 928 5003 ruinam.
982 4942 1507 5017 Ἀντιλαμϐἀνεσθαί
1560 4942 1708 5010 τινος
1755 4961 1842 5008 est
1871 4942 2028 5010 idem

383 5025 578 5096 nostro
600 5018 716 5096 sich
746 5019 1031 5096 jemandes
1071 5021 1402 5090 annehmen,
1431 5039 1534 5093 pro
1575 5038 1798 5096 curare,
1833 5026 2027 5096 solari,

370 5092 577 5164 juv_are
619 5090 923 5164 aliquem,
951 5094 1074 5161 ejus
1132 5108 1338 5164 curam
1388 5090 1558 5150 suam
1601 5095 1807 5161 facere,
1855 5099 1922 5152 ad
1968 5090 2029 5152 se

377 5162 628 5216 trahere.
671 5162 796 5216 Vid.
834 5163 992 5218 Infra
1029 5180 1082 5231 p.
1116 5163 1206 5229 30,
1252 5165 1376 5219 203.
1419 5170 1476 5221 et
1513 5168 1880 5222 Constantin.
1912 5169 2028 5226 Vit.

381 5234 563 5308 Dasil.
604 5251 658 5304 p.
695 5235 815 5308 μί.
855 5235 995 5308 Hinc
1026 5235 1508 5308 intelligasillud
1552 5237 2030 5308 SextiiEmpirici

383 5303 665 5392 Pyrrhon.
694 5305 714 5360 Ι
741 5303 968 5392 ιηἈλλὰ
999 5305 1086 5358 καὶ
1134 5308 1243 5392 τῷν
1293 5304 1457 5392 αὐτοῦ
1500 5308 1684 5360 παθῶν
1715 5303 2031 5392 ἀντιληπτι-

381 5374 476 5436 κός
510 5374 618 5450 ἐστι
688 5376 778 5430 καὶ
845 5376 1243 5449 παρηγορικός,
1295 5379 1508 5434 solatur
1556 5390 1605 5435 et
1653 5385 1848 5436 mulcet
1898 5374 2031 5450 eius

382 5449 702 5518 passiones;
741 5453 969 5520 proprie
1003 5452 1372 5518 reprehendit
1403 5467 1500 5506 eas
1539 5455 1609 5506 ab
1633 5468 1897 5520 excessu,
1932 5459 2032 5510 aut

385 5522 454 5597 ad
483 5521 775 5597 se_trahit,
824 5526 988 5592 putat
1024 5537 1121 5597 eas
1153 5523 1223 5577 ad
1259 5537 1318 5576 se
1361 5522 1667 5597 pertinere.
1704 5523 2028 5597 Ἀντίληψιν

385 5593 492 5667 τῷν
541 5587 838 5667 δημοσίων
875 5593 1227 5667 πραγμάτων,
1259 5587 1732 5667 procurationem
1787 5601 1866 5652 rei
1921 5587 2029 5667 'p'u-

389 5663 550 5739 blicgq
577 5663 746 5739 habet
781 5666 1018 5739 Cedren.
1075 5681 1128 5733 p.
1177 5665 1304 5739 1:99.
1335 5670 1390 5718 et
1419 5666 1645 5739 C0_nti_n.
1687 5663 2029 5739 Theoph'an.

389 5749 445 5800 p.
486 5733 574 5786 88.
619 5733 814 5787 Potest
864 5750 1092 5802 quoque
1143 5735 1304 5788 reddi
1353 5737 1700 5792 vocabulum
1745 5733 2030 5808 proiectio,

2226 4663 2339 4733 (58)
2370 4664 2846 4719 Resurrectionem
2885 4665 3117 4718 mortui:
3159 4665 3472 4720 encwniare
3518 4669 3607 4720 est
3637 4681 3805 4722 mor-

2141 4735 2257 4790 tuis
2287 4735 2347 4788 in
2399 4735 2754 4807 resurgendo
2787 4734 2989 4807 praeire
3040 4750 3147 4790 suo
3211 4736 3496 4807 exemplo,
3540 4753 3804 4794 resurre-

2141 4807 2395 4863 ctionem
2426 4805 2626 4873 ordiri,
2657 4805 2907 4862 mortuis
2932 4805 3427 4864 resurrectionem
3452 4812 3516 4863 ut
3545 4824 3664 4865 rem
3697 4826 3803 4865 no-

2140 4894 2270 4933 vam
2304 4884 2360 4933 et
2417 4877 2705 4932 insuetam
2737 4882 3060 4953 praestare,
3111 4877 3402 4953 exhibere,
3447 4885 3801 4953 monstrare,

2143 4955 2406 5004 mortuos
2438 4950 2867 5004 resurrectione
2916 4948 3171 5005 initiare.
3220 4949 3322 5006 Est
3369 4953 3524 5007 enim
3567 4948 3800 5010 initiare

2140 5022 2380 5091 aliquem
2413 5019 2701 5095 aliqua_re
2743 5035 2876 5095 eum
2911 5019 3194 5095 illius_rei
3248 5023 3455 5078 notitia
3487 5031 3535 5077 et
3566 5025 3795 5095 experio

2143 5097 2361 5152 mento.
2396 5097 2568 5147 antea
2620 5093 2949 5161 incognitae.
3001 5092 3282 5159 imbuere,
3324 5092 3657 5149 instrueref
3683 5098 3796 5150 En-

2139 5165 2381 5240 ca'niare
2438 5163 2636 5240 ai_t_Du
2689 5163 3116 5240 Gange_Glo_ss.
3169 5170 3291 5240 Lat.
3347 5167 3402 5220 h.
3438 5183 3512 5231 v.,
3555 5165 3796 5240 ἐγκαινί-

2143 5239 2274 5309 ζειν,
2307 5241 2392 5290 est
2425 5237 2657 5309 initiare
2683 5236 2766 5290 vel
2822 5235 3044 5309 aliquid
3087 5238 3266 5309 primo
3309 5253 3564 5293 exercere
3597 5235 3684 5294 'vel
3718 5242 3802 5294 in-

2141 5308 2308 5380 duere
2335 5324 2352 5360 :
2387 5305 2529 5380 unde
2558 5313 2763 5380 vestem_
2783 5305 2976 5375 ηουαί,
3007 5305 3300 5380 eneceniat,
3335 5311 3432 5380 qui
3466 5325 3646 5379 primo
3675 5327 3802 5368 eam

2145 5378 2328 5433 induit
2363 5379 2442 5433 vel
2493 5383 2691 5445 portat.
2745 5377 2886 5434 Inde
2937 5383 3024 5433 est
3055 5377 3381 5449 ἐγκαινίζιίν
3413 5377 3641 5449 urbem,
3675 5383 3802 5437 bal-

2143 5466 2317 5504 neum
2356 5449 2679 5520 publicum,
2725 5455 3001 5512 statuam,
3049 5453 3294 5518 circum,
3347 5453 3652 5508 ecclesiam
3685 5453 3803 5508 ini-

2143 5524 2310 5584 tiare,
2344 5523 2642 5585 innovare,
2674 5538 2774 5590 pro
2808 5521 3000 5591 prima
3043 5523 3166 5577 vice
3209 5540 3520 5594 usurpare,
3558 5525 3796 5580 initium

2144 5594 2330 5664 facere
2384 5593 2582 5648 utendi
2617 5609 2813 5649 eorum
2867 5609 3241 5664 unoquoque,
3277 5593 3594 5652 secundum
3631 5597 3802 5653 indo-

2144 5663 2256 5719 lem
2289 5665 2597 5735 cujusque.
