4104 6406
305 343 416 408 τοι

1231 321 1334 414 es
1375 353 1840 418 CERIMONIIS
1885 353 2122 420 ww
2164 355 2642 420 BYZANTINIE
2685 361 2830 420 LIB.
2877 359 2924 420 ι.

3602 388 3606 392 ·
3660 361 3778 422 222

331 471 494 508 ιται·
528 473 554 502 ιι
581 449 644 502 ’0
691 450 954 518 ἂναστὰς
991 454 1318 530 παραδόξως
1347 459 1407 514 ἐκ
1461 457 1720 538 τάφου.»
1777 465 2020 538 ψθογγεῖ

2131 496 2463 554 resurgens.
2497 505 2525 532 ››
2559 483 2780 538 Clamat
2813 487 2867 538 et
2913 483 3158 552 populus
3206 487 3328 538 ter:
3365 506 3392 534 ‹‹
3425 483 3622 556 Longa
3672 501 3776 540 vo-

351 543 438 596 τ.εά
463 542 490 597 ὃ
513 539 637 600 λαὸς
671 537 735 594 ἐκ.
757 549 828 614 γ’·
859 566 890 594 (ί
921 543 1146 599 Πολλοὶ
1185 546 1311 619 ὑμῖν
1344 537 1558 624 χρόνοι,
1593 569 1622 598 ›)
1651 549 1718 605 O't
1750 537 1976 624 κράκται
2004 569 2016 582 '

373 659 398 684 ιι
425 633 518 690 Καὶ
545 631 608 685 τὸ
647 635 826 707 χαῖρε
859 629 1130 698 δεδωκὼς
1173 635 1508 714 μυροφόροις
1537 639 1667 711 (59).
1705 661 1732 688 ››
1783 640 2021 715 Φθογγεῖ

367 723 444 777 καί
489 723 514 774 6
569 720 710 781 λαὸς
768 721 834 776 ἐκ
891 721 1086 798 τρίτου
1122 744 1134 756 ·
1173 724 1382 784 Πολλοὶ
1442 725 1570 800 ὑμῖν
1627 728 1905 804 χρόνοι.»
1959 730 2022 784 0i

359 813 660 888 κράκταιη(
710 811 866 877 Τοὺς
925 815 1168 890 χρόνους
1225 815 1374 894 ὑμῶν
1430 815 1704 890 πληθυνεῖ
1751 817 1846 874 σὺν
1902 825 2021 883 ταῖς

357 901 688 978 αὖιίο-Ῑιτταις
743 903 838 958 καὶ
893 909 1014 968 τοῖς
1059 909 1610 982 πορφυρογεννήτοις,
1644 931 1672 960 ,ι
1725 909 1787 966 Ὁ
1847 908 2017 974 λαός.

355 1015 382 1044 σε
415 991 812 1067 Πολυχρόνιον
846 994 1088 1076 ,ποιήσει
1137 996 1165 1050 6
1197 996 1325 1058 Θεὸς
1373 997 1472 1065 τὴν
1522 995 1676 1074 ἁγίαν
1737 995 2018 1076 βασιλείαν

357 1101 450 1144 σας
483 1081 564 1143 εἷς
597 1079 794 1136 πολλᾶ
825 1075 944 1152 ἔτη.
979 1107 1008 1134 »

535 1171 897 1248 Ὑποστροφή
931 1175 1042 1226 τῶν
1077 1168 1350 1228 δεσποτῶν
1379 1177 1446 1248 τῇ
1478 1175 1616 1249 αὐτῇ
1650 1175 1835 1250 ἑορτῇ-

423 1261 584 1334 Δοχή
637 1261 708 1329 α’,
751 1263 860 1316 τῶν
913 1260 1176 1331 Βενὲτων,
1228 1265 1381 1334 φωνή
1437 1264 1540 1344 ἤχ.
1574 1265 1640 1318 α’·
1679 1287 1706 1317 ‹‹
1739 1267 1816 1322 Τὸ
1880 1267 2021 1343 μέγα

353 1349 440 1402 καὶ
491 1343 802 1422 σεϐάσμιον
847 1355 948 1418 τῆς
995 1349 1336 1414 ἀναστάσεως
1397 1343 1700 1427 μυστήριον
1757 1351 2014 1428 λαμπρυ-

359 1439 552 1508 ναμε-δη
590 1439 842 1511 σήμερον
893 1440 928 1508 ἠ
977 1437 1150 1502 κτίσις
1200 1440 1462 1516 ἑορτάζει·
1497 1443 1525 1496 6
1573 1443 1676 1518 γὰρ
1721 1451 1822 1512 τῆς
1855 1441 2017 1516 δόξης

361 1525 558 1602 Κύριος
607 1526 676 1580 τὸ
723 1528 1043 1598 σκυθρωπὸν
1095 1528 1350 1608 ἀφανίσας
1379 1533 1476 1585 τοῦ
1526 1531 1752 1594 θανάτου
1803 1533 1894 1590 καὶ
1951 1535 2018 1588 τὰ

355 1619 446 1668 τοῦ
535 1611 675 1686 ᾅδου
747 1613 1046 1680 σκυλεύσας
1123 1617 1394 1693 βασίλεια,
1457 1622 1810 1692 συνανέστησε
1889 1625 2016 1686 τοὺς

353 1703 524 1759 πάλαι
583 1709 918 1778 τεθνεῶτας,
977 1707 1152 1786 χαρὰν
1237 1707 1611 1780 ἀνεκλάλητον
1697 1713 1786 1766 καὶ
1875 1714 2018 1768 θεῖον

2131 569 2222 626 bis
2273 575 2610 644 tempora.»
2659 576 2959 628 Cantores:
3017 593 3044 623 ‹‹
3096 573 3164 626 Et
3211 572 3312 642 qui
3355 573 3605 628 salutem
3666 589 3775 628 un-

2132 665 2350 732 guenta
2380 661 2750 718 efferentibus
2781 661 2940 716 dixit.
2977 683 3003 710 ››
3029 659 3256 716 Clamat
3276 670 3328 716 et
3358 662 3610 734 pOpulus
3645 666 3767 716 ter:

2133 771 2160 799 ‹‹
2199 749 2385 822 Longa
2431 751 2592 807 vobis
2639 751 2936 822 tempora!
2972 773 2999 799 ››
3047 750 3353 810 Cantores;
3409 773 3436 802 «
3488 753 3775 824 Tempora

2131 840 2313 908 vobis,
2361 841 2721 912 augustabus
2767 845 2822 896 et
2871 839 3426 912 porphyrogennetis
3468 841 3704 910 augeat!
3745 861 3774 890 ››

2131 929 2426 1002 Populus:
2463 951 2490 980 «
2523 931 2866 1002 Longaevam
2899 929 3052 984 Deus
3082 945 3331 1000 sacram,
3359 931 3470 988 etc.
3505 949 3532 977 »

2451 1175 2670 1232 Reditus
2700 1177 3052 1232 dominorum
3081 1173 3264 1230 eodem
3289 1177 3455 1246 festo.

2201 1265 2473 1338 Receptio
2519 1265 2728 1339 prima,
2781 1265 3157 1332 Venetorum,
3187 1281 3296 1320 vox
3347 1263 3466 1319 toni
3491 1263 3508 1316 l
3538 1278 3550 1315 :
3587 1284 3614 1311 ι(
3651 1261 3776 1316 Ma—

2129 1370 2310 1426 gnum
2359 1359 2415 1410 et
2462 1356 2850 1410 venerandum
2923 1351 3370 1410 resurrectionis
3430 1350 3774 1422 mysterium

2129 1444 2442 1516 splendens
2475 1444 2645 1500 hodie
2671 1452 2934 1500 creatura
2971 1443 3241 1502 celebrat.
3289 1441 3570 1498 Dominus
3619 1440 3774 1496 enim

2128 1535 2326 1608 gloriae
2359 1541 2625 1592 terrorem
2655 1534 2852 1590 mortis
2874 1533 3134 1602 removit,
3168 1533 3483 1588 inferorum
3527 1545 3775 1600 regnum

2128 1624 2414 1693 spoliavit,
2448 1625 2742 1696 quondam
2787 1627 3049 1680 mortuos
3093 1638 3211 1676 una
3255 1619 3544 1686 excitavit,
3581 1618 3778 1674 ineffa-

2127 1713 2242 1770 bile
2271 1713 2554 1784 gaudium
2589 1730 2654 1770 ac
2686 1714 2950 1770 divinum
2987 1711 3244 1768 Paschal
3295 1709 3638 1766 Mirabiliter
3682 1723 3778 1762 ce-

355 1796 546 1870 Πάσχα
579 1797 644 1850 ³⁵.
685 1794 941 1851 Τελεῖται
989 1793 1330 1868 παραδόξως,
1367 1797 1722 1876 μεγαλύνεται
1771 1802 1835 1858 τὸ
1881 1801 2011 1878 κρά-

2130 1803 2403 1870 lebratur,
2437 1807 2682 1874 augetur
2713 1803 2886 1858 robur
2923 1806 3204 1872 vestrum,
3253 1797 3496 1861 domini,
3531 1799 3600 1852 ad
3651 1797 3775 1868 glo-

357 1907 444 1946 τος
505 1887 694 1959 ὑμῶν,
756 1881 1035 1956 δεσπόται,
1091 1886 1167 1948 εἷς
1225 1885 1402 1962 δόξαν,
1449 1889 1526 1949 εἷς
1583 1888 1876 1966 καύχησιν,
1938 1891 2013 1956 εἷς

353 1973 624 2050 ἀνέγερσιν
804 1977 912 2028 τῶν
945 1975 1256 2048 Ῥωμαίων.
1289 1999 1316 2026 »
1349 1979 1430 2036 Τὸ.
1478 1977 1536 2032 δὲ
1590 1985 1690 2050 τῆς
1751 1979 2022 2060 εὐφημίας

355 2063 490 2118 ἕκτα
519 2061 754 2136 ᾅδονται
787 2065 936 2139 παρὰ
965 2069 1074 2120 τῶν
1106 2071 1354 2140 κρακτῶν
1381 2068 1470 2124 καὶ
1520 2069 1617 2124 τοῦ
1648 2068 1810 2144 λαοῦ,
1840 2070 2022 2134 καθὼς

355 2155 446 2210 καὶ
477 2153 529 2208 ἐν
559 2160 686 2216 ταῖς
721 2153 949 2217 λοιπαῖς
989 2151 1209 2234 δοχαῖς.
1243 2159 1319 2216 Τὸ
1378 2157 1435 2214 δὲ
1483 2157 1800 2218 τελευταῖον
1862 2163 2024 2220 ἅκτον

365 2242 612 2320 ETW,”
671 2247 726 2300 οἱ
789 2243 1070 2318 κράκται·
1132 2271 1160 2300 (ι
1219 2246 1417 2312 Καλῶς
1474 2247 1646 2318 ἦλθον
1709 2251 1764 2305 οἱ
1825 2249 2023 2308 δεσπό-

365 2353 450 2386 ται
511 2335 597 2388 σὺν
659 2339 790 2398 ταῖς
869 2333 1196 2410 αὐγούσταις
1251 2337 1345 2392 καὶ
1401 2344 1522 2401 τοῖς
1580 2344 2024 2420 προφυρογεννή-

364 2442 495 2482 τοις.
545 2448 567 2472 ι
605 2424 663 2476 Ὅ
720 2422 858 2485 λαός
899 2443 912 2458 ·
963 2447 994 2478 α
1049 2424 1241 2492 Καλῶς
1289 2427 1506 2498 ἤλθετε.
1541 2453 1570 2482 ››
1625 2431 1692 2490 Oi
1751 2431 1978 2506 κράκται
2007 2451 2019 2464 ·

357 2535 388 2560 u
421 2511 911 2587 Προσκυνήσαντες
965 2517 1064 2570 τοῦ
1111 2515 1433 2578 ἀναστάντος
1482 2517 1726 2592 Χριστοῦ
1773 2522 1870 2589 τήν
1929 2517 2018 2578 δό-

357 2603 464 2670 ξαν.
503 2624 530 2650 υ
561 2602 622 2657 Ὀ
673 2599 808 2662 λαός
841 2621 854 2634 ·
901 2625 930 2652 ί(
995 2601 1376 2685 Πολυχρόνιον
1438 2608 1659 2678 ποιήσει
1715 2609 1742 2662 6
1803 2609 1954 2674 Θεός.
1991 2632 2020 2664 ››

365 2691 516 2763 Δοχή
555 2690 762 2764 β’,τῶν
823 2691 1136 2766 Πρασίνων,
1197 2692 1526 2752 ἀπελατικὸν
1586 2697 1689 2774 ἤχ.
1725 2705 1788 2754 α’·
1830 2719 1856 2756 ι
1913 2701 2022 2772 Σή-

379 2797 534 2852 μερον
593 2781 656 2833 τὸ
709 2783 822 2842 τοῖς
875 2779 1140 2858 ἀγγέλοις
1198 2781 1510 2862 ἀπόρῥητον
1561 2785 1864 2844 ὲκτελεῖται
1921 2795 2023 2857 τῆς

381 2865 718 2928 ἀναστάσεως
752 2872 1064 2944 μυστήριον.
1098 2871 1160 2932 Ὀ
1190 2873 1292 2947 γὰρ
1351 2872 1694 2948 ἐμπιμπλῶν
1749 2879 1851 2930 πᾶν
1913 2880 2018 2948 ζῶν

374 2953 638 3016 εὐδοκίας
693 2957 838 3028 σαρκὶ
893 2963 1214 3023 θανατοῦται
1269 2961 1343 3027 ὡς
1402 2959 1710 3040 ἅνθρωπος,
1770 2965 1861 3022 καὶ
1919 2967 2020 3034 τήν

359 3041 660 3116 ἄπληστον
693 3049 786 3102 τοῦ
839 3044 963 3118 ᾅδου
1011 3049 1302 3126 τυραννίδα
1345 3051 1782 3128 αἰχμαλωτεύει,
1815 3057 2018 3132 νεκρώιι

357 3155 454 3196 σας
503 3137 598 3190 τὸν
647 3142 920 3212 νεκρωτήν
954 3162 966 3174 ·
1029 3143 1125 3196 νῦν
1184 3141 1455 3218 ἠφανίσθη
1515 3142 1580 3197 τὸ
1635 3145 1740 3218 πρὸ
1799 3143 2014 3203 αἰώνων

353 3225 580 3300 αἶσχος,
613 3230 708 3280 νῦν
747 3225 1044 3300 ἐξήνθησεν
1086 3232 1120 3300 ἡ
1175 3229 1322 3306 χαρὰ
1367 3235 1475 3286 τῶν
1509 3233 1754 3308 περάτων
1783 3237 1920 3309 (61).
1953 3236 2014 3294 Ὁ

353 3315 624 3404 παντάναε
657 3315 716 3372 δὲ
747 3320 880 3380 Θεὸς
937 3319 1031 3374 καὶ
1083 3317 1382 3392 ζωοδότης,
1414 3321 1546 3386 τοὺς
1597 3320 1858 3386 δεσπότας
1917 3325 2018 3404 φύ-

355 3401 514 3459 λαττε
545 3403 600 3460 ἐν
739 3407 1015 3484 πορφύρᾳ.
1055 3433 1076 3464 ι
1113 3411 1266 3484 Δοχή
1318 3411 1388 3488 γ’,
1418 3415 1526 3468 τῶν
1583 3409 1838 3482 Βενέτων,
1861 3401 2016 3492 φουνῆ

355 3493 448 3568 ἧχ.
483 3497 564 3548 α’·
607 3517 634 3548 α
687 3497 931 3574 Σταυρὸν
983 3499 1075 3552 καὶ
1125 3500 1353 3556 θάνατον
1401 3500 1702 3574 ὑπομείνας
1759 3504 2016 3578 Χριστὸς,

349 3581 624 3651 κατῆλθεν
677 3583 820 3639 ἑκὼν
869 3584 923 3640 ἐν
975 3586 1148 3664 τάφῳ,
1183 3589 1272 3643 καί
1302 3591 1400 3651 τὰς
1431 3593 1528 3643 τοῦ
1560 3588 1693 3660 ᾅδου
1727 3593 2018 3670 συντρίψας

351 3671 532 3734 πύλας
589 3677 662 3746 τῇ
723 3679 881 3748 θεϊκῇ
961 3677 1126 3732 αὐτοῦ
1201 3676 1434 3750 ἐξουσίᾳ,
1495 3683 1656 3734 πᾶσιν
1731 3679 2016 3737 ἀνάστασιν

353 3760 650 3836 ὲγκαινίζει
679 3767 800 3827 τοῖς
861 3764 954 3819 ἀπ’
985 3765 1184 3829 αἰῶνος
1244 3770 1692 3842 νενεκρωμένοις.
1725 3770 1788 3824 Ἣ
1843 3771 2022 3837 κτίσις

359 3853 598 3925 σήμερον
651 3853 900 3928 ἑορτάζει
952 3851 1182 3910 διπλοῦν
1233 3857 1294 3912 τὸ
1345 3861 1540 3934 Πάσχα
1568 3866 1668 3930 τῆς
1719 3860 2017 3935 σωτηρίας,

361 3939 538 4012 ὁρῶσα
595 3943 664 3996 τὸ
711 3949 988 4018 σκῆπτρον
1035 3943 1210 4016 ὑμῶν,
1271 3943 1551 4020 δεσπόται,
1605 3953 1673 4023 τῇ
1731 3950 2018 4006 ἀναστάσει

361 4031 598 4106 Χριστοῦ
633 4029 1058 4096 ωνανατέλλον.
1093 4057 1122 4088 n
1157 4036 1234 4094 Τὰ
1296 4032 1353 4092 δὲ
1411 4043 1512 4108 τῆς
1569 4037 1843 4112 εὐφημίας
1883 4039 2020 4096 ἄκτα

355 4117 576 4188 ᾅδονται
639 4122 790 4196 παρά
840 4143 898 4178 τε
941 4126 1052 4180 τῶν
1102 4130 1350 4198 κρακτῶν
1388 4127 1606 4184 καὶτοῦ
1639 4125 1804 4198 λαοῦ,
1835 4133 2018 4194 καθὼς

351 4211 440 4264 ιιιὶ
473 4209 532 4264 ἓν
561 4215 688 4272 ταῖς
721 4209 944 4273 λοιπαῖς
977 4209 1196 4288 δοχαῖς.
1221 4215 1296 4272 Τὸ
1329 4213 1388 4270 δὲ
1423 4215 1736 4272 τελευταῖον
1771 4217 2018 4296 λέγουσιν

351 4299 402 4350 οἱ
453 4296 715 4369 κράκται.
753 4321 778 4350 ι
829 4302 1308 4373 Προσκυνήσαντες
1363 4309 1461 4359 τοῦ
1519 4305 1842 4369 ἀναστάντος
1891 4311 2022 4383 Χρι-

355 4391 484 4440 στοῦ
514 4389 618 4458 τήν
655 4385 838 4458 δόξαν.
874 4412 902 4441 ι)
934 4389 990 4443 Ὀ
1029 4387 1162 4454 λαός
1196 4412 1208 4426 ·
1249 4415 1274 4446 α
1306 4392 1688 4472 Πολυχρὸνιον
1737 4399 1955 4470 ποιήσει
1989 4399 2016 4456 ὁ

363 4476 494 4536 Θεὸς
521 4479 620 4546 τήν
655 4501 676 4528 ι
710 4499 766 4533 κ.
798 4499 850 4534 τ.
881 4475 938 4536 λ.
971 4479 1136 4556 Δοχὴ
1189 4479 1248 4536 δὲ
1291 4481 1544 4556 τετάρτη,
1575 4487 1684 4540 τῶν
1737 4487 2018 4561 Ηρασίνων

367 4567 520 4638 φωνή
543 4563 648 4645 ἤχ.
681 4569 732 4642 γ’
767 4587 780 4600 ·
815 4591 844 4620 ‹‹
877 4571 1071 4645 Πάσχα
1102 4571 1306 4646 Κυρίου
1337 4573 1580 4646 σήμερον
1613 4581 1952 4648 καθορῶντες
1989 4599 2012 4630 ν

363 4653 450 4706 καὲ
503 4657 570 4711 τά
619 4657 770 4728 ἑξῆς.
824 4661 974 4735 Δοχή
1029 4661 1087 4730 ε’,
1137 4665 1244 4716 τῶν
1303 4661 1560 4737 Βενέτων,
1614 4667 1764 4740 φωνῆ
1815 4667 1916 4742 ἤχ,
1951 4673 2014 4726 α’.

357 4765 380 4794 ι
433 4745 834 4822 Ἐγκαινίζεται
895 4751 1135 4826 σήμερον
1207 4753 1314 4808 τῶν
1374 4751 1670 4828 ἀνθρώπων
1740 4761 1774 4826 ἡ
1835 4757 2015 4830 φύσις,

349 4832 792 4926 παραδόξωςέκ
839 4840 1042 4916 ςρθορᾶς
1105 4839 1596 4915 μεταπλαττομὲνη
1648 4845 1784 4918 πρὸς
1814 4846 2016 4926 ἀφθαρ-

349 4923 490 4992 σίαν,
545 4923 864 4996 στολίζεται
913 4929 1014 4996 τὴν
1063 4929 1268 4998 στολὴν
1323 4937 1426 5002 τῆς
1489 4933 1758 5008 προτέρας
1829 4923 2014 5007 δόξης,

355 5016 548 5086 μηκέτι
615 5021 700 5088 τῷ
768 5019 980 5092 θανάτῳ
1045 5019 1419 5096 κατεχομένη.
1478 5027 1538 5080 Ὀ
1594 5023 1693 5098 γὰρ
1761 5023 1907 5104 ἔχων
1954 5029 2018 5086 τὸ

2131 1894 2302 1962 riam,
2379 1894 2596 1950 famam
2663 1895 2720 1947 et
2795 1891 3042 1949 salutem
3110 1891 3591 1946 Romanorum.»
3672 1883 3772 1941 28

2129 1983 2578 2042 Acclamationis
2610 1987 2804 2040 autem
2837 1984 3012 2038 verba
3039 1999 3070 2038 a
3099 1977 3558 2052 praecentoribus
3588 1979 3644 2032 et
3674 1993 3774 2048 po-

2131 2075 2442 2150 pulo,utin
2467 2073 3167 2146 cmterisreceptionibus,
3191 2073 3474 2126 cantatur.
3505 2065 3775 2124 Ultimum

2132 2167 2396 2220 cantores
2446 2164 2683 2220 dicunt:
2738 2163 2984 2220 Pulchre
3036 2163 3320 2218 venerunt
3366 2156 3586 2214 domini
3637 2172 3772 2212 cum

2129 2254 2488 2326 augustabus
2519 2257 2575 2308 et
2595 2250 3168 2326 porphyrogennetis.
3195 2270 3223 2298 »
3247 2245 3508 2320 Populus
3543 2262 3554 2300 :
3590 2267 3616 2294 «
3651 2243 3777 2300 Pul-

2129 2343 2266 2402 chre
2300 2341 2562 2400 venistis.
2595 2365 2623 2394 »
2657 2343 2936 2400 Cantores
2967 2357 2979 2395 :
3016 2361 3044 2390 «
3086 2340 3410 2396 Adorantes
3461 2350 3775 2404 resurgen-

2131 2433 2205 2490 tis
2283 2431 2496 2488 Christi
2571 2431 2899 2504 gloriam.»
2961 2426 3272 2498 Populus:
3333 2447 3362 2474 »
3431 2427 3773 2494 Longzsvam

2128 2519 2302 2588 Deus,
2335 2541 2364 2572 »
2391 2525 2501 2578 etc.
2533 2521 2806 2592 Receptio
2855 2517 3136 2582 secunda,
3189 2515 3588 2580 Prasinorum,
3639 2525 3775 2582 ape-

2128 2607 2374 2668 laticum
2433 2609 2555 2666 toni
2614 2609 2732 2666 I:¢
2796 2599 2990 2666 Hodie
3044 2601 3488 2676 impenetrabile
3551 2599 3775 2672 angelis

2130 2699 2574 2756 resurrectionis
2617 2698 2966 2770 mysterium
3016 2693 3366 2752 celebratur.
3400 2689 3584 2745 Omne
3617 2687 3772 2744 enim

2131 2789 2322 2844 vivum
2355 2787 2545 2858 gratia
2575 2785 2804 2858 replens
2835 2785 2894 2840 in
2929 2797 3100 2840 carne
3141 2785 3207 2835 ut
3256 2779 3428 2834 homo
3472 2775 3774 2842 occiditur,

2130 2885 2182 2934 et
2231 2877 2618 2934 insatiabilem
2669 2875 2788 2932 orci
2836 2872 3206 2948 tyrannidem
3255 2868 3540 2940 captivam
3593 2864 3772 2932 ducit,

2131 2967 2386 3024 occisore
2430 2967 2654 3022 occiso:
2707 2981 2864 3022 nunc
2925 2967 3208 3018 aeternum
3280 2957 3516 3014 evanuit
3565 2969 3772 3026 oppro-

2129 3059 2338 3124 brium,
2389 3073 2546 3114 nunc
2595 3054 2849 3126 exsurgit
2895 3052 3176 3126 gaudium
3222 3047 3623 3106 tet-minorum.
3657 3043 3775 3100 Rex

2129 3148 2392 3204 omnium
2437 3145 2592 3202 Deus
2637 3144 2882 3216 vitaeque
2939 3143 3126 3210 dator,
3180 3154 3344 3194 serva
3393 3135 3662 3192 dominos
3711 3133 3771 3188 in

2132 3235 2430 3310 purpural
2461 3257 2490 3286 »
2512 3235 2726 3302 Tertia,
2753 3237 3134 3298 Venetorum,
3169 3245 3276 3284 vox
3316 3225 3430 3284 toni
3472 3225 3492 3280 Ῑ
3523 3241 3535 3284 :
3575 3243 3600 3275 α
3635 3227 3773 3277 Cru-

2133 3342 2255 3384 cem
2289 3329 2654 3395 mortemque
2684 3338 2992 3396 perpessus
3022 3319 3312 3384 Christus,
3347 3322 3552 3388 sponte
3589 3313 3648 3366 in
3681 3327 3774 3366 se—

2131 3417 2442 3490 pulchrum
2493 3415 2814 3480 descendit,
2847 3411 3228 3482 contritisque
3277 3407 3472 3462 divina
3517 3400 3775 3476 potentia

2130 3523 2240 3562 sua
2271 3505 2388 3562 orci
2423 3506 2628 3578 portis,
2657 3503 2934 3560 omnibus
2965 3501 3024 3558 in
3056 3497 3268 3558 saeculo
3301 3493 3550 3552 mortuis
3581 3508 3774 3548 resur-

2131 3595 2442 3650 rectionem
2476 3597 2733 3649 renovat.
2768 3591 3046 3648 Creatura
3099 3588 3269 3642 hodie
3299 3584 3514 3655 duplex
3552 3581 3776 3636 Pascha

2129 3683 2337 3740 salutis
2367 3683 2643 3749 celebrat,
2675 3681 2880 3738 videns
2903 3681 3198 3750 sceptrum
3221 3679 3500 3738 vestrum,
3526 3669 3773 3734 domini,

2128 3791 2262 3832 cum
2295 3773 2510 3830 Christi
2545 3771 2970 3828 resurrectione
3007 3783 3124 3822 una
3171 3763 3457 3820 exoriens.
3493 3781 3522 3811 η
3573 3757 3775 3814 Accla-

2130 3864 2404 3924 mationis
2434 3868 2564 3920 acta
2590 3880 2624 3917 a
2654 3861 2990 3918 cantoribus
3019 3864 3073 3911 et
3103 3853 3318 3926 populo
3353 3855 3416 3906 ut
3447 3851 3506 3904 in
3547 3847 3774 3903 caeteris

2128 3953 2480 4012 factionibus
2580 3953 2906 4007 cantantur.
3011 3946 3312 4000 Postremo
3399 3941 3774 4012 praecentores

2129 4045 2392 4100 dicunt:
2445 4063 2472 4092 «
2549 4041 2870 4098 Adorantes
2947 4033 3157 4092 Christi
3239 4028 3572 4090 resuscitati
3655 4026 3776 4098 glo-

2129 4135 2298 4200 riam,
2349 4154 2380 4182 »
2437 4135 2548 4187 etc.
2608 4129 2918 4200 Populus:
2973 4147 3002 4178 «
3053 4125 3396 4194 Longaavam
3476 4123 3630 4174 Deus
3689 4116 3772 4172 fa-

2129 4223 2263 4288 ciat,
2323 4229 2431 4277 etc.
2481 4242 2509 4270 »
2559 4219 2832 4289 Receptio
2894 4219 3122 4286 quarta,
3172 4211 3605 4268 Prasinorum:
3667 4221 3774 4260 vox

2127 4311 2251 4368 toni
2283 4311 2362 4366 III
2392 4326 2404 4365 :
2440 4333 2467 4359 «
2496 4307 2722 4363 Pascha
2751 4305 2984 4361 Domini
3029 4300 3204 4358 hodie
3255 4301 3566 4364 intuentes,
3601 4315 3630 4343 »
3662 4299 3770 4348 etc.

2129 4402 2360 4471 Quinta,
2391 4399 2745 4456 Venetorum
2775 4414 2788 4452 :
2820 4413 2926 4454 vox
2975 4394 3096 4452 toni
3125 4391 3184 4448 I:
3211 4413 3238 4442 ‹‹
3291 4389 3618 4446 Renovatur
3667 4383 3775 4438 ho-

2127 4493 2222 4548 die
2265 4493 2524 4548 humana
2569 4498 2799 4554 natura,
2849 4481 3258 4542 admirandum
3309 4479 3369 4534 in
3415 4476 3652 4532 modum
3705 4487 3775 4528 ex

2129 4581 2496 4653 corruptione
2525 4581 2582 4636 in
2643 4577 3028 4648 integritatem
3089 4570 3531 4628 transmutata:
3581 4560 3777 4618 induit

2129 4673 2340 4746 prioris
2372 4669 2567 4745 gloria
2597 4669 3021 4736 vestimentum,
3055 4677 3174 4718 non
3207 4656 3462 4732 amplius
3501 4671 3532 4710 a
3587 4655 3773 4708 morte

2125 4763 2478 4836 sUperanda.
2511 4763 2742 4818 Tenens
2773 4755 2932 4814 enim
2965 4755 3141 4812 robur
3181 4749 3384 4808 mortis
3427 4753 3774 4804 coaeternum

2123 4853 2311 4910 Patris
2342 4856 2400 4908 et
2432 4867 2593 4924 asque
2623 4851 2992 4905 inaccessum
3046 4843 3328 4906 Verbum,
3351 4838 3470 4896 orci
3521 4847 3768 4908 regnum

2127 4942 2416 5015 spoliavit,
2441 4939 2614 4996 solvit
2643 4937 3000 5010 captivorum
3023 4931 3279 5000 vincula,
3305 4929 3629 5015 libertatem
3652 4937 3776 5015 om:-

2129 5011 2301 5088 nibus
2331 5029 2602 5088 donavit:
2639 5027 2732 5082 hic
2773 5025 3062 5082 custodiet
3105 5022 3281 5078 robur
3323 5013 3672 5088 majestatis,
3701 5011 3774 5065 ad

1729 5171 1975 5230 VARIJE
2016 5175 2408 5234 LECTIONES

413 5287 462 5320 9‘
495 5285 647 5359 χαρὰ
675 5285 1056 5358 ἀνεκλάλητος
1087 5289 1178 5342 καὶ
1207 5290 1354 5344 θεῖον
1391 5290 1582 5365 Πάσχα
1611 5289 1848 5348 τελεῖται
1881 5297 1973 5354 ed.

1403 5433 1604 5490 JOAN.
1646 5435 1794 5492 JAG.
1838 5437 2102 5495 REISKII
2141 5439 2728 5496 COMMENTARIUS.

419 5585 520 5654 (59)
549 5588 636 5643 Ad
674 5586 1402 5662 mulieres__unguenta_ad
1436 5585 1762 5662 sepulcrum
1795 5588 2012 5662 Christi

349 5654 582 5732 [ei-entes
613 5659 940 5732 respicitur
957 5654 1142 5712 Marc.
1165 5674 1281 5722 xvr,
1309 5659 1332 5712 1
1361 5675 1454 5728 ;v.
1479 5654 1562 5714 ﬁn
1589 5659 1782 5730 Gange
1816 5660 2007 5720 Gloss.

341 5727 912 5810 (ἓν-,Υτέῌῖδροφόροις
1006 5807 1014 5810 -
1143 5800 1178 5810 -
1264 5801 1298 5810 _.
1366 5727 1457 5810 ί,

399 5805 506 5881 (60)
539 5800 694 5863 Hinc
722 5800 1098 5877 'corrigatur
1139 5800 1364 5858 Contin.
1417 5804 1718 5864 Constant.
1764 5818 1823 5874 p.
1877 5804 2006 5876 264,

2123 5591 2220 5666 ubi
2248 5588 2448 5666 ﬁvsaw
2491 5591 2725 5663 legitur.
2764 5593 3092 5666 Opponitur
3147 5591 3216 5664 τῇ
3275 5585 3619 5642 καταπτὼσει
3671 5589 3778 5644 τῶν

2123 5657 2422 5736 Βαρϐάρῳν
2457 5657 2648 5736 μηδι).
2682 5665 2773 5721 29.

2191 5728 2609 5807 (61)'Gaudiuni
2653 5741 2818 5794 totius
2851 5731 3354 5807 terraruﬁorbis.
3407 5728 3622 5802 Πέρατα
3677 5729 3775 5779 τοῦ

2118 5801 2329 5880 κόσμου
2363 5805 2450 5864 vel
2480 5809 2582 5874 τῆς
2616 5809 2945 5888 οἰκουμένης
2975 5801 3410 5873 intelliguntur.
