4104 6398
363 373 482 432 223

1437 371 1583 432 (ἒοΝ
1598 366 1968 429 STANTINI
2011 363 2717 429 PORPHYROGENITI

3659 361 3785 421 221

367 502 621 567 laudem,
654 501 899 574 gloriam
934 506 992 558 et
1021 504 1270 560 salutem
1311 504 1732 559 Romanorum.
1767 520 1795 549 »
1818 496 2022 553 Accla-

2132 494 2325 571 κράτος
2377 501 2474 553 τοῦ
2531 496 2838 563 θανάτου,ὁ
2876 498 2974 551 τοῦ
3026 494 3234 568 [ἰατρὸς
3290 494 3631 568 συνάναρχος
3688 492 3841 551 aut-

367 592 642 647 mationis
675 596 805 646 acta
835 609 866 645 a
890 593 1230 648 cantoribus
1259 597 1314 648 et
1370 592 1584 664 populo
1632 593 1697 645 ut
1741 588 1802 643 in
1851 591 2017 643 caete-

367 678 446 734 ris
492 682 820 733 captantur.
883 679 1165 735 Ultimum
1227 697 1360 736 vero
1419 683 1687 734 cantores
1753 677 2014 731 dicunt:

369 789 396 818 ‹‹
429 768 750 822 Adoranles
801 769 1159 840 resurgentis
1190 768 1402 824 Christi
1443 766 1727 840 gloriam:
1767 786 1795 815 »
1824 769 2015 836 Popu-

367 856 500 911 lus:
535 879 562 905 «
597 856 943 926 Longasvam
976 858 1142 927 Deus,
1176 879 1203 907 »
1236 861 1344 914 etc.

2130 584 2403 649 συναΐδιος
2453 587 2646 664 λόγος,
2681 584 2980 646 σκυλεύσας
3033 585 3099 638 τὰ
3159 581 3412 658 βασίλεια
3467 587 3563 637 τοῦ
3620 578 3789 653 ᾅδου,

2127 668 2285 730 ἔλυσε
2331 676 2421 730 τὸν
2462 674 2657 751 δεσμὸν
2704 679 2810 729 τῶν
2842 671 3240 748 αἰχμαλώτων,
3273 677 3404 727 πᾶσι
3454 669 3792 747 δωρησάμε-

2126 783 2215 824 νος
2242 762 2570 837 ἐλευθερίαν.
2602 766 2700 829 Ὃς
2747 763 2838 819 καὶ
2894 760 3119 832 φυλάξει
3177 761 3239 817 τὸ
3297 761 3498 835 κράτος
3521 766 3622 829 τῆς
3675 761 3793 835 βα-

2127 851 2334 916 σιλείας
2394 855 2470 917 εἷς
2525 852 2703 924 δόξαν,
2734 852 2810 915 εἷς
2861 852 3152 926 καύχημα,
3184 851 3261 915 εἷς
3318 849 3587 924 ἀνέγερσιν
3636 851 3797 907 Ῥω-

376 943 572 1015 μαίων.
607 967 635 995 ››
667 944 748 1000 Τὰ
780 941 838 998 δὲ
866 928 1267 1024 τῆςέὐφημίας
1295 944 1430 1000 ἄκτα
1458 940 1675 1015 ᾅδονται
1704 940 1849 1016 παρά
1893 961 1952 995 τε
1999 945 2106 997 τῶν
2158 948 2402 1017 κρακτῶν
2452 944 2542 999 καὶ
2593 943 2690 999 τοῦ
2737 943 2895 1011 λαοῦ,
2926 942 3107 1006 καθὼς
3142 941 3233 995 καὶ
3282 937 3333 995 ἓν
3382 944 3503 1002 ταῖς
3560 938 3801 1001 λοιπαῖς

375 1030 589 1107 δοχαῖς.
646 1033 717 1087 Τὸ
777 1032 833 1087 δὲ
883 1033 1195 1089 τελευταῖον
1254 1032 1412 1089 ἄκτον
1472 1032 1721 1110 λέγουσιν
1773 1032 1825 1086 οἱ
1868 1031 2095 1106 κράκται
2128 1051 2141 1064 ⁸
2176 1056 2204 1085 ‹‹
2252 1035 2729 1108 Προσκυνησαντες
2808 1036 2906 1088 τοῦ
2985 1032 3311 1091 ἀναστάντος
3393 1032 3628 1104 Χριστοῦ
3682 1031 3800 1099 τὴν

375 1118 547 1191 δόξαν.
584 1145 611 1173 ››
641 1123 702 1179 Ὀ
735 1120 866 1185 λαός
893 1141 905 1154 ·
940 1149 968 1175 ‹‹
1002 1122 1410 1200 Πολυχρόνιον.
1442 1147 1466 1173 υ

959 1214 1057 1270 29
1100 1213 1332 1269 CAPUT
1368 1212 1434 1268 V.

481 1303 612 1359 Acta
643 1303 696 1358 in
727 1302 874 1374 feria
895 1303 1131 1359 secunda
1160 1305 1483 1375 septimanae
1510 1299 1901 1359 renovationis.

450 1465 679 1521 Peracto
744 1465 1137 1523 ecclesiastico
1210 1466 1425 1533 ofﬁcio,
1501 1465 1733 1537 quando
1795 1462 2018 1519 domini

377 1567 594 1609 mensae
626 1552 909 1619 assident,
940 1558 1293 1611 Venetorum
1328 1571 1611 1627 organum
1634 1557 1825 1621 sonat,
1849 1558 1907 1608 et
1937 1552 2020 1608 di-

375 1644 455 1697 cit
485 1642 770 1714 populus:
807 1665 834 1692 «
869 1644 1097 1699 Sancta.
1135 1665 1161 1693 »
1208 1643 1435 1712 Organo
1487 1643 1713 1711 silente,
1771 1658 2019 1714 praecen-

376 1730 567 1787 tores:
603 1752 632 1782 «
664 1732 777 1787 Ter
806 1737 1023 1804 sancte,
1058 1749 1193 1787 cum
1227 1732 1479 1788 dominis
1500 1731 1679 1787 simul
1712 1731 1951 1802 impera.
1989 1753 2017 1782 »

2770 1214 3034 1268 ΚΕΦΛΛ.
3076 1211 3152 1267 Ε’.

2199 1302 2371 1359 Ἀκτα
2418 1305 2488 1376 τῇ
2551 1303 2717 1377 ἑορτῇ
2784 1306 2853 1377 τῇ
2914 1298 3137 1377 δευτέρᾳ
3200 1306 3302 1370 τῆς
3369 1296 3713 1368 διακαινησι-

2775 1375 2880 1447 μδυ
2922 1375 2966 1410 οι
3006 1375 3139 1441 (62.)

2200 1460 2353 1519 Μετᾶ
2399 1464 2499 1533 τήν
2557 1461 2825 1518 ἀπόλυσιν
2881 1464 2981 1532 τῆς
3012 1458 3332 1529 ἐκκλησῖας,
3366 1459 3456 1514 ὅτε
3513 1453 3803 1531 eiacuth-

2127 1572 2291 1605 σωσιν
2321 1553 2431 1626 (63)
2465 1553 2516 1606 οἱ
2548 1549 2802 1607 δεσπόται
2837 1550 2926 1607 ἐπὶ
2955 1557 3057 1620 τῆς
3087 1550 3383 1624 τραπέζης,
3415 1547 3573 1603 αὐλεῖ
3601 1549 3663 1602 τὸ
3696 1545 3803 1621 ὅρα

2127 1660 2292 1716 γανον
2322 1645 2428 1695 τῶν
2458 1638 2829 1711 Βενέτων,καῖ
2858 1639 3008 1715 λέγει
3044 1640 3071 1694 ὁ
3096 1636 3251 1700 λαός·
3271 1663 3298 1691 ‹‹
3319 1638 3588 1712 ⁸Αγιαχάς
3610 1639 3799 1711 (64).›ι

2130 1753 2159 1780 ι(
2193 1730 2291 1783 Καὶ
2323 1727 2414 1784 ὅτε
2453 1730 2635 1805 παύσῃ
2686 1730 2749 1784 τὸ
2799 1724 3053 1803 ὄργανον,
3086 1726 3340 1801 λέγουσιν
3392 1729 3446 1781 o't
3502 1726 3732 1798 κράκται
3775 1743 3793 1756 ’

375 1821 599 1878 Clamat
628 1827 685 1878 et
716 1822 968 1894 populus
1002 1828 1126 1879 ter:
1167 1845 1187 1872 ι
1224 1824 1337 1878 Ter
1380 1827 1598 1877 sancte.
1629 1842 1656 1871 »
1700 1821 2016 1878 Cantores:

2132 1840 2159 1870 κ
2180 1817 2461 1893 Τρισάγιε,
2479 1813 2912 1892 συμϐασίλευσον
2936 1816 3063 1879 τοὺς
3088 1814 3350 1878 δεσπότας
3371 1819 3437 1874 ³⁸⁸.
3468 1839 3496 1866 ιι
3535 1820 3802 1891 Φθογγεῖ

374 1932 402 1960 ‹‹
458 1911 526 1965 Et
583 1915 646 1965 tu
705 1925 905 1967 eorum
967 1927 1168 1967 curam
1226 1912 1287 1966 in
1339 1910 1611 1966 omnibus
1684 1911 1937 1981 suscipe.
1993 1932 2022 1960 »

375 1998 597 2054 Clamat
628 2003 685 2054 et
719 2000 971 2072 populus
1000 2004 1088 2055 ter
1124 2018 1136 2055 :
1172 2022 1199 2050 ‹‹
1232 2000 1340 2055 Ter
1381 2003 1598 2054 sancte.
1639 2021 1668 2049 ››
1700 1998 2021 2054 Cantores:

377 2110 406 2137 «
443 2093 678 2158 Augens
706 2088 831 2143 vitae
862 2093 1147 2160 tempora.
1183 2110 1212 2139 »
1244 2088 1469 2144 Clamat
1517 2092 1573 2144 et
1621 2086 1873 2159 populus
1905 2096 2022 2144 ter:

380 2199 409 2227 ‹‹
459 2178 567 2233 Ter
615 2185 897 2233 sancte.»
946 2178 1255 2233 Cantores:
1293 2200 1321 2228 «
1372 2179 1451 2233 Ad
1504 2177 1817 2249 perfectam
1871 2176 2019 2232 lati-

379 2267 525 2322 tiam
556 2266 976 2322 Romanorum.
1013 2287 1041 2314 »
1073 2267 1295 2321 Clamat
1323 2269 1381 2321 et
1413 2265 1663 2337 populus
1692 2271 1817 2322 ter:
1852 2288 1879 2316 «
1914 2267 2027 2322 Ter

379 2364 599 2413 sancte.
638 2378 666 2406 ››
694 2356 1008 2412 Cantores:
1045 2376 1074 2407 α
1107 2359 1251 2411 Cum
1283 2354 1395 2427 piis
1424 2356 1647 2427 Deique
1693 2356 2027 2411 amantibus

379 2444 754 2515 conjugibus.
788 2467 816 2496 »
851 2445 1074 2501 Clamat
1122 2455 1174 2501 et
1221 2444 1473 2516 populus
1504 2448 1627 2502 ter:
1662 2465 1692 2494 «
1736 2445 1844 2500 Ter
1890 2460 2026 2500 san-

382 2539 491 2592 cte.
532 2557 552 2583 ι
588 2534 902 2592 Cantores:
936 2557 966 2585 «
1000 2536 1066 2591 Et
1102 2535 1449 2591 venerandis
1471 2534 2028 2606 porphyrogennetis

380 2624 440 2681 in
474 2640 752 2697 purpura.
786 2646 814 2675 »
847 2624 1072 2681 Clamat
1101 2628 1158 2680 et
1206 2622 1455 2695 populus
1488 2628 1610 2680 ter:
1645 2646 1675 2673 «
1725 2624 1838 2679 Ter
1893 2640 2028 2679 san-

380 2718 487 2770 cte.
523 2734 551 2763 »
586 2713 898 2769 Cantores:
935 2734 962 2764 ι(
998 2713 1063 2769 Et
1112 2712 1484 2783 Venetorum,
1516 2712 1778 2769 fidelium
1831 2728 2028 2768 servo-

378 2819 509 2858 rum
560 2806 907 2858 vestrorum.
953 2823 983 2852 ››
1024 2803 1249 2859 Clamat
1294 2806 1353 2857 et
1403 2801 1650 2873 populus
1698 2805 1821 2858 ter:
1858 2823 1887 2852 «
1916 2801 2027 2857 Ter

379 2894 597 2947 sancte.
632 2912 661 2941 ι)
694 2893 975 2947 Cantores
1006 2907 1018 2945 :
1052 2914 1080 2941 «
1117 2891 1452 2964 Resurgens
1481 2891 1635 2948 Deus
1665 2897 1888 2960 noster,
1920 2892 2023 2948 do-

379 2981 571 3035 minos
602 2980 852 3035 custodi.
886 3001 914 3028 ι)
964 2979 1188 3035 Clamat
1225 2988 1279 3036 et
1325 2979 1575 3051 populus
1621 2980 1871 3036 simliter
1899 2986 2022 3036 ter:

379 3090 407 3117 ‹‹
445 3068 773 3138 Resurgens
803 3067 956 3123 Deus
986 3073 1205 3135 noster,
1241 3069 1508 3124 dominos
1537 3069 1786 3126 custodi.
1821 3089 1850 3119 »
1881 3068 2026 3124 Can-

377 3161 571 3212 tores:
612 3177 630 3203 α
668 3155 920 3227 Spiritus
967 3165 1185 3224 sancte,
1214 3161 1494 3227 augustas
1525 3156 1724 3212 serva!
1762 3179 1789 3206 ››
1840 3157 2026 3227 Popu-

376 3245 468 3301 lus
526 3245 730 3301 eadem
793 3250 958 3301 ter.»
991 3246 1300 3301 Cantores:
1335 3267 1364 3296 «
1424 3246 1608 3301 Mater
1656 3246 1755 3301 Dei
1814 3247 2018 3319 nostri,

375 3337 605 3391 custodi
651 3335 1241 3406 porphyrogennetos.
1273 3356 1302 3385 »
1354 3336 1568 3392 Eadem
1611 3336 1865 3408 populus
1912 3342 2018 3394 ter.

375 3424 708 3481 Cantores:
777 3446 804 3475 «
878 3424 1140 3491 Domine,
1208 3425 1385 3480 vitam
1471 3441 1673 3481 eorum
1741 3442 1844 3498 per
1891 3443 2024 3484 nos-

372 3517 551 3568 tram.
588 3535 615 3563 ››
649 3514 769 3585 (ΙΙ.)
801 3513 1062 3586 Hymnus
1108 3512 1231 3569 toni
1264 3513 1325 3569 I:
1360 3535 1390 3563 ‹‹
1422 3514 1773 3586 Aperiantur
1820 3516 2023 3587 sepul-

2127 1908 2217 1964 καὶ
2271 1909 2300 1963 6
2350 1908 2483 1971 λαὸς
2548 1908 2609 1964 ἐκ
2664 1907 2852 1983 τρίτου
2882 1926 2894 1941 ·
2930 1931 2959 1959 ‹‹
3002 1906 3280 1981 Τρισάγιε.
3320 1930 3346 1957 ››
3378 1907 3445 1964 Οἱ
3503 1906 3733 1980 κράκται
3777 1926 3793 1938 ο

2132 2020 2163 2051 ‹‹
2194 1998 2297 2056 Καὶ
2356 1998 2419 2053 σὺ
2469 1999 2666 2062 αὐτοὺς
2709 2000 3036 2072 θεράπευσον
3098 1995 3188 2052 ἔπὶ
3242 2001 3427 2053 πᾶσιν.
3462 2019 3489 2047 ›)
3543 2000 3801 2071 Φθογγεῖ

2128 2088 2219 2143 καὶ
2252 2090 2280 2144 6
2313 2087 2447 2151 λαὸς
2476 2092 2539 2144 ἐκ
2569 2096 2634 2167 γ’·
2662 2113 2692 2142 ‹‹
2724 2088 3003 2164 Τρισάγιε.
3030 2111 3059 2140 ‹‹
3100 2089 3167 2145 Οἱ
3199 2088 3428 2162 κράκται
3465 2107 3476 2119 ·
3513 2111 3540 2138 ι(
3574 2085 3800 2142 Πλεον-

2131 2179 2274 2247 ἀζων
2331 2185 2432 2247 τῆς
2503 2183 2648 2248 ζωῆς
2699 2177 2875 2233 αὐτῶν
2935 2176 3195 2252 χρόνους.
3254 2198 3278 2229 υ
3341 2178 3576 2250 Φθογγεῖ
3630 2177 3724 2230 καὶ
3760 2176 3797 2230 ὁ

2131 2267 2268 2331 λαὸς
2297 2266 2358 2322 ἐκ
2386 2269 2451 2344 γ’.
2487 2291 2515 2319 ‹‹
2548 2270 2831 2344 Τρισάγιε.
2863 2289 2892 2319 ››
2943 2268 3011 2325 Οἱ
3061 2267 3292 2341 κράκται
3317 2285 3330 2298 ’
3370 2289 3391 2317 ι
3428 2265 3524 2326 Εἷς
3570 2264 3793 2320 τελείαν

2130 2358 2421 2433 χαρμονήν
2473 2361 2581 2412 τῶν
2630 2355 2943 2430 Ῥωμαίων.
2980 2379 3009 2407 ››
3043 2357 3280 2430 Φθογγεῖ
3309 2354 3398 2410 καὶ
3450 2355 3478 2409 ὁ
3533 2353 3666 2417 λαὸς
3727 2353 3798 2409 ἐκ

2131 2454 2179 2524 γ’
2201 2465 2214 2478 ·
2241 2471 2269 2499 ‹‹
2301 2448 2582 2523 Τρισάγιε.
2616 2469 2646 2500 »
2679 2448 2747 2504 Oi.
2795 2448 3021 2522 κράκται
3053 2463 3067 2477 °
3101 2470 3131 2498 ‹‹
3165 2447 3266 2501 Σὺν
3317 2445 3649 2520 αὐγούσταις
3702 2443 3792 2499 εὖ·

2131 2530 2309 2593 σεϐέσι
2343 2535 2642 2613 φιλοθέοις.
2676 2560 2704 2587 ››
2737 2536 2978 2612 Φθυγγεῖ
3009 2536 3099 2590 καὶ
3132 2534 3160 2589 6
3194 2533 3326 2597 λαὸς
3358 2532 3418 2589 ἐκ
3448 2534 3516 2610 γ’·
3557 2556 3579 2585 ι
3612 2539 3797 2607 Τρισ-

2130 2626 2266 2700 άγιε,
2302 2649 2331 2677 ››
2382 2627 2445 2681 O't
2488 2626 2717 2701 κράκται
2752 2644 2765 2658 ’
2822 2649 2851 2678 ‹‹
2912 2623 3014 2680 Καὶ
3063 2628 3181 2687 τοῖς
3232 2624 3441 2697 τιμίοις
3491 2643 3789 2701 πορφυροο

2126 2714 2406 2789 γεννητοις
2443 2711 2496 2767 ἐν
2546 2715 2616 2787 τῇ
2670 2710 2944 2787 πορφύρᾳ.
2982 2732 3009 2765 ι
3062 2716 3299 2787 Φθογγεῖ
3334 2710 3425 2765 καὶ
3462 2711 3490 2765 6
3542 2708 3674 2771 λαὸς
3726 2708 3793 2765 ἐκ

2126 2802 2315 2878 τρίτου
2342 2819 2355 2832 ⁸
2391 2826 2418 2854 ‹‹
2452 2802 2735 2877 Τρισάγιε.
2772 2824 2799 2851 ››
2834 2802 2902 2858 Οἱ
2930 2800 3189 2877 κράκται·
3215 2823 3244 2852 ‹‹
3270 2799 3376 2857 Καὶ
3407 2799 3641 2856 Βενετων
3670 2803 3786 2853 τῶν

2126 2892 2362 2967 γνησίων
2412 2892 2564 2965 ὑμῶν
2608 2889 2849 2949 δούλων.
2904 2912 2930 2944 ι
2982 2894 3226 2966 Φθογγεῖ
3270 2889 3361 2944 καὶ
3408 2890 3436 2944 6
3478 2885 3612 2949 λαὸς
3640 2887 3701 2943 ἐκ
3731 2890 3788 2965 γ’

2131 3003 2159 3031 ‹‹
2201 2979 2478 3055 Τρισάγιε.
2534 3002 2562 3031 ››
2616 2980 2683 3036 Οἱ
2733 2977 2957 3052 κράκται
2993 2995 3007 3007 '
3043 3001 3073 3029 «
3131 2979 3242 3044 Ἐς,
3294 2978 3322 3032 6
3368 2977 3593 3040 ἀναστὰς
3654 2977 3793 3042 Θεὸς

2127 3071 2310 3141 ἡμῶν,
2350 3067 2477 3129 τοὺς
2511 3065 2778 3129 δεσπότας
2811 3067 3071 3144 φύλαττε.
3108 3089 3135 3118 »ι
3178 3067 3278 3123 Καὶ
3341 3068 3369 3121 6
3402 3064 3536 3125 λαὸς
3568 3065 3788 3140 ὁμοίως

2132 3157 2193 3212 ἐκ
2220 3157 2427 3231 τρίτου*
2461 3179 2490 3208 ι»
2518 3158 2586 3213 Οἱ
2632 3155 2684 3217 ἐς
2717 3158 2853 3229 (65),
2895 3156 2922 3210 6
2977 3155 3207 3217 ἀναστὰς
3252 3156 3383 3219 Θεὸς
3427 3158 3615 3229 ἡμῶν,
3656 3154 3789 3216 τοὺς

2133 3244 2397 3307 δεσπότας
2423 3244 2680 3323 φύλαττε.
2718 3268 2745 3297 ››
2778 3246 2846 3302 Οἱ
2888 3246 3114 3319 κράκται
3148 3263 3162 3276 ’
3200 3267 3227 3295 ‹‹
3282 3248 3497 3318 Πνεῦμα
3542 3246 3606 3300 τὸ
3650 3266 3792 3301 παν-

2134 3337 2293 3411 άγιον
2345 3337 2441 3397 τὰς
2483 3334 2797 3409 αὖγούστας
2841 3333 3106 3389 σκέπασω
3333 3358 3361 3385 ››
3408 3334 3509 3392 Καὶ
3566 3335 3593 3388 6
3653 3333 3788 3397 λαὸς

2133 3424 2341 3499 ὁμοίως
2393 3422 2453 3478 ἔκ
2481 3424 2551 3499 γ’.
2585 3424 2653 3480 Οἱ
2700 3425 2927 3498 κράκται
2961 3445 2972 3457 ·
3012 3450 3041 3478 ‹‹
3071 3427 3267 3499 Μήτηρ
3307 3427 3403 3478 τοῦ
3434 3427 3566 3479 Θεοῦ
3595 3424 3779 3495 ἡμῶν,

2132 3513 2372 3589 φύλαττε
2407 3513 2476 3569 τὰ
2524 3516 3030 3590 πορφυρογὲννητα.
3067 3538 3096 3567 ››
3147 3512 3251 3570 Καὶ
3288 3515 3317 3568 6
3350 3513 3484 3577 Ᾱαὸς
3510 3511 3567 3567 ἐκ
3612 3513 3677 3584 γ’.
3711 3511 3775 3564 Οἱ

1739 3638 1979 3695 νΑΗΙιΕ
2019 3639 2409 3711 [ΕΟΤῙΟΝΕΒ

449 3734 499 3769 9⁵
528 3731 915 3809 δικαινησίμου
938 3736 1030 3796 Β..
1063 3732 1445 3809 διακινησῖμου
1475 3737 1600 3794 cod.
1635 3740 1710 3794 et.
1740 3738 1829 3795 ed.
1904 3736 1951 3773 ⁹⁶
1978 3742 2094 3799 τοῖς
2126 3733 2410 3799 δεσπόταις
2440 3737 2595 3808 conj.
2626 3736 2815 3793 Leich.

1410 3862 1614 3919 JOAN.
1653 3861 1802 3918 JAC.
1849 3862 2107 3918 REISKII
2143 3859 2721 3917 COMMENTARIUS

459 3974 579 4047 (62A)
612 3976 705 4031 Sic
737 3975 1068 4047 frequenter
1096 3976 1155 4031 in
1177 3975 1315 4047 _hoc
1366 3977 1561 4033 codice
1601 3980 2028 4047 esthexaratum

381 4042 489 4172 {ire
551 4042 998 4132 διακαινῃσῖμου.
1048 4047 1115 4102 Ἡ
1173 4043 1595 4131 διαβαινῆσιμος
1642 4042 1902 4132 ἑϐδομὰς,
1944 4049 2030 4104 vel

413 4111 626 4172 ϐδοιιὰς
655 4136 752 4171 του
783 4116 1205 4172 διακαινησίμου
1235 4124 1335 4172 (Ila
1374 4120 1553 4172 Graeci
1597 4137 1728 4172 nov:
1778 4120 2028 4172 efferunt

413 4111 626 4192 ϐδομᾷς
655 4121 752 4192 τος)
783 4111 1205 4192 διαὶιαινησίμου
1235 4120 1345 4192 (ila?
1374 4111 1553 4176 Graeci
1597 4121 1728 4175 novi
1778 4111 2028 4175 efferunt

381 4206 488 4262 pro
523 4185 645 4258 ’τῆς
716 4185 1149 4260 διακαινήσεως),
1206 4191 1440 4262 septima
1510 4192 1911 4262 renovationis,
1971 4200 2034 4246 ut

380 4260 547 4334 vulgo
589 4266 841 4334 vertunt,
872 4261 1012 4334 (non
1062 4260 1302 4334 prorsus
1346 4271 1519 4332 recte,
1552 4262 1661 4318 nisi
1711 4260 2035 4320 renovatio-

380 4333 475 4389 nis
522 4333 887 4390 vocabulum
928 4350 1033 4404 pro
1068 4333 1403 4403 gestatione
1452 4350 1735 4390 novarum
1779 4336 2031 4389 vestium

380 4404 720 4478 accipiatur,
755 4420 883 4478 qua:
916 4404 1250 4478 signiﬁcato
1282 4407 1471 4461 medio
1500 4422 1637 4478 aevo
1667 4406 1884 4461 usitata
1928 4405 2033 4460 bo-

2142 3973 2469 4049 danaiﬂtabv
2507 3974 2632 4049 βασι
2650 3972 2812 4033 λέως.

2212 4048 2325 4119 (63)
2352 4046 2475 4119 Νοη
2508 4045 3072 4119 putemnegandam
3094 4047 3451 4119 Luitprando
3479 4046 3674 4119 fidem,
3710 4045 3812 4119 qui

2141 4119 2197 4174 in
2222 4117 2522 4190 legatione
2549 4119 2652 4181 ait,
2685 4118 2926 4174 Graecos
2972 4117 3362 4190 imperatores
3413 4119 3469 4172 in
3521 4117 3813 4173 solemni-

2142 4190 2249 4246 bus
2280 4189 2562 4261 conviviis
2593 4205 2695 4261 per
2719 4190 2843 4245 dies
2876 4189 3206 4247 festos’non
3235 4190 3534 4246 assedisse
3564 4190 3815 4255 mensis,

2142 4263 2244 4317 sed
2277 4260 2626 4331 accubuisse
2666 4265 2896 4317 vetusto
2946 4278 3128 4316 more.
3163 4264 3373 4318 Putem
3424 4262 3647 4331 itaque,
3681 4276 3813 4314 ver-

2142 4331 2279 4390 bum
2324 4325 2703 4403 ἆκουμϐίζειν,
2738 4333 2839 4388 ubi
2885 4333 3140 4389 occurrit
3185 4333 3240 4388 in
3277 4332 3389 4388 hoc
3430 4325 3649 4388 codice.
3685 4332 3809 4402 (oc-

2142 4404 2323 4461 currit
2353 4409 2549 4476 autem
2581 4403 2797 4475 saepius
2843 4403 2905 4459 in
2966 4403 3399 4476 Cletorologio,)
3430 4419 3535 4475 per
3582 4418 3808 4458 accum-

383 4476 479 4531 die
509 4475 787 4572 efoluit‘J
808 4480 895 4560 est
924 4475 1012 4561 ea,
1044 4492 1172 4547 quas
1195 4475 1351 4572 diem
1369 4477 1677 4572 Pascbat‘i‘s
1700 4478 2036 4572 immediate
2065 4513 2115 4572 D
2144 4475 2735 4572 berglreddidde‘bege.

388 4549 673 4618 sequitur.
707 4546 890 4605 Graeci
921 4546 1077 4603 enim
1109 4547 1498 4617 septimanam
1531 4565 1564 4603 a
1612 4549 1707 4603 die
1744 4546 1892 4602 lunas
1943 4564 2040 4603 or—

389 4618 655 4690 diuntur,
687 4625 743 4675 et
774 4620 990 4675 ﬁniunt
1021 4619 1078 4673 in
1103 4618 1424 4690 dominica.
1448 4619 1577 4674 Vid.
1605 4619 1691 4675 Du
1722 4620 1916 4690 Cange
1946 4618 2031 4673 Gl.

391 4688 490 4762 Gr.
538 4690 599 4747 h.
642 4686 701 4762 ;v.
754 4691 973 4762 Dicitur
1011 4691 1045 4756 ἡ
1099 4686 1541 4761 διακαιντςσιμος,
1574 4693 1715 4761 quia
1761 4686 2038 4762 nedphyti

391 4758 841 4833 illasepljmana
872 4758 1174 4814 διᾶκαινῶν
1209 4764 1271 4816 in
1301 4758 1469 4828 albis,
1489 4758 1711 4833 quasin
1745 4758 2041 4833 baptismo

391 4831 595 4902 vigilia
624 4831 923 4888 Pascbatis
954 4837 1322 4901 acceperant,
1355 4831 1722 4899 incedebant,
1755 4840 1811 4889 et
1825 4831 1874 4900 ἢ
1908 4838 2035 4886 Και-

393 4902 485 4971 νὴ,
516 4919 726 4975 nempe
756 4904 1024 4978 Κυριακή,
1074 4904 1360 4960 Dominica
1405 4921 1592 4978 nova,_
1616 4905 1943 4978 dicebatur,
1976 4904 2036 4960 in

393 4991 544 5048 quas
575 4991 753 5031 novas
785 4975 849 5031 et'
873 4977 1153 5032 candidas
1182 4981 1372 5048 vestes
1402 4993 1507 5048 pro
1539 4975 1744 5031 ultima
1773 4976 1896 5032 vice
1928 4992 2036 5048 ge-

392 5046 652 5118 stabant,
712 5063 812 5103 seu
871 5048 1262 5118 deponebant.
1326 5046 1653 5118 Methodius
1687 5046 2035 5118 patriarch.

392 5117 660 5191 CPtanus
691 5120 761 5191 de
806 5119 902 5191 iis,
938 5115 1037 5191 qui
1078 5120 1482 5191 abnegarent:
1516 5115 2040 5191 Baﬂécowlpat‘m

387 5190 547 5264 me
593 5187 731 5264 ξατᾷ
777 5187 893 5264 Δτὸν
935 5187 1105 5264 τόπον
1159 5187 1268 5264 τῶν
1331 5188 1766 5264 βαπτιζομένῳν.
1827 5187 2038 5264 Vestes

390 5261 506 5333 illae
538 5278 571 5318 a
602 5260 825 5318 Latinis
857 5261 1089 5333 quidem
1124 5262 1283 5329 alba,
1316 5260 1350 5316 a
1371 5260 1643 5333 candore,
1675 5261 1889 5318 Graecis
1905 5279 2038 5318 vero

392 5332 447 5387 αἱ
503 5332 1217 5407 xawai_appellabantur.
1278 5332 1635 5389 Terminatio
1693 5352 1817 5407 ιμον
1878 5335 2040 5407 novis

392 5406 605 5461 Graecis
634 5403 804 5460 valde
839 5407 1256 5476 frequentatur,
1290 5421 1394 5474 pro
1418 5407 1656 5461 nomine
1678 5403 2043 5476 substantivo

393 5478 710 5532 terminato
740 5477 801 5531 in
836 5493 906 5544 ις,
939 5472 1002 5532 iit
1045 5474 1108 5528 τὸ
1153 5472 1565 5547 διακαινήσιμον
1612 5492 1712 5547 pro
1760 5472 2041 5547 διακαὶνη-

395 5497 710 5532 terminato
741 5497 801 5531 1n
836 5497 906 5544 ις,
939 5497 1002 5532 ΠΙ
1045 5497 1108 5528 το
1153 5497 1565 5601 οιακαινησιὲλον
1612 5497 1712 5546 pl'O
1760 5497 2039 5547 οιακαινη-

395 5548 1478 5642 ξἰ“ςέ..ἒξί1ῗ³ῒ’ῗῗ⁰μίῖ⁸Ξ²Ξ²¹¹ίῗ,²²93τί¹ἔῖ¹·ῗὶτΔ
1531 5545 1890 5642 έῖῗλήῒιμθν
1937 5564 2039 5642 EE?

397 5614 435 5679 ἠ
468 5611 779 5691 ἀνάληψις
813 5616 1107 5691 αἰτήσιμον
1139 5624 1196 5675 et
1234 5611 1480 5691 αἰτήσιον
1531 5636 1636 5690 pro
1685 5611 2041 5688 αἴτησις.’1ια

398 5696 631 5763 quoque
668 5685 1020 5763 anguet
1046 5705 1150 5763 pro
1171 5685 1414 5763 _oscqu,
1447 5685 1716 5763 ἆσεὶασμῷ
1744 5685 1875 5763 vel
1906 5696 2041 5763 actu

404 5751 735 5810 esculandi.
776 5756 996 5813 Glossie
1020 5751 1061 5815 ε’
1087 5751 1410 5830 Labratum,
1460 5751 1699 5834 φίλημὶιί
1731 5758 2037 5835 βασιλικὸν.

2218 4547 2332 4617 (64)
2363 4546 2524 4619 Quid
2544 4545 2691 4601 illud
2725 4564 2833 4619 χας
2872 4546 2985 4602 sibi
3014 4545 3173 4619 velit,
3208 4546 3425 4603 nescio.
3458 4545 3704 4619 Videtur
3733 4545 3813 4619 ad

2148 4615 2248 4691 illa
2284 4615 2569 4691 vulgaria
2606 4615 2933 4691 pertinere,
2967 4618 3169 4689 qualia
3225 4619 3450 4691 inghoc
3495 4615 3696 4691 codice
3746 4616 3811 4691 in

2148 4685 2438 4773 Laudibus
2460 4685 2681 4773 passim
2717 4685 3056 4773 occurrudt,
3090 4695 3152 4773 ut
3180 4685 3629 4773 paulqpostﬁc,
3661 4691 3720 4743 et
3751 4686 3811 4739 οἱ

2148 4759 2224 4830 ἐς,
2257 4761 2409 4887 vagati;
2437 4759 2572 4887 ita,
2607 4776 2864 4833 quorum
2898 4762 3046 4817 ratio
3077 4759 3207 4816 dari
3252 4759 3417 4818 nulla
3447 4762 3658 4833 potest,
3690 4774 3810 4813 ne-

2148 4849 2264 4887 aue
2339 4850 2368 4887 e
2412 4848 2446 4887 e
2478 4875 2492 4887 .

2194 4849 2264 4888 ue
2297 4837 2492 4889 debet.

2148 4850 2264 4904 que
2297 4850 2492 4889 cenet.

2167 4974 2177 4976 Α
2222 4902 2631 4976 (65)Βθοιιι·ιιὶι
2676 4903 2889 4976 saepius
2939 4902 3001 4959 in
3048 4904 3156 4959 hoc
3203 4905 3421 4959 codice.
3453 4903 3554 4976 Es_t
3600 4899 3813 4976 procul

2149 4971 2324 5045 dubio
2344 4975 2521 5040 idem,
2548 4976 2702 5045 quod
2727 4971 2831 5043 ὲές,
2856 4974 3010 5041 heus,
3029 4976 3373 5032 exclamatio
3400 4991 3485 5042 ;v.
3508 4971 3809 5043 Du’Cang.

2145 5063 2200 5125 ἶ.
2236 5044 2340 5114 ἐές,
2374 5044 2625 5125 proque
2657 5047 2835 5125 etiam
2866 5045 2945 5125 et:
2992 5046 3316 5125 habemus;
3350 5047 3619 5125 it9m__°‘<_
3651 5045 3810 5125 “Ruf!

2148 5115 2418 5191 Symeon.
2453 5123 2497 5172 M
2514 5115 2605 5191 ag.
2643 5135 2698 5191 p.
2733 5120 2861 5189 495,
2884 5119 3023 5174 item
3062 5118 3114 5171 οἱ
3146 5117 3221 5190 ἐς,
3255 5120 3412 5191 quod
3464 5116 3622 5173 aliud
3656 5115 3807 5171 nihil

2148 5135 2418 5191 bymeon.
2453 5135 2605 5244 ma’g.

2148 5205 2321 5261 quam
2352 5191 2477 5255 hue,
2512 5205 2540 5244 ο
2584 5205 2632 5245 e.

2216 5260 2332 5332 (66)
2381 5262 2479 5316 Est
2535 5266 2735 5334 votum
2795 5260 3180 5334 Augustabus
3245 5260 3574 5334 proprium,
3633 5273 3803 5328 quas,

2148 5330 2354 5404 optant
2410 5333 2630 5404 populi,
2666 5338 2731 5388 ut
2780 5330 3031 5404 Spiritus
3062 5330 3305 5389 sanctus
3351 5330 3684 5404 obumbret,
3717 5334 3806 5384 te-

2149 5402 2585 5530 gat,_obnubat.
2609 5404 2765 5487 .Quia
2796 5402 3007 5489 nempe
3046 5404 3174 5460 velo
3203 5410 3415 5488 .nuptas
3468 5402 3809 5485 prodibant.

2195 5474 2352 5530 imile
2383 5475 2527 5530 illud
2554 5477 2854 5530 Hmcmari
2876 5494 2933 5530 ιη
2958 5480 3332 5530 coronatlone
3358 5475 3639 5530 Juditbaa.
3672 5488 3808 5527 cum

2195 5474 2352 5531 imile
2383 5475 2527 5531 illud
2554 5477 2854 5532 Hincmari
2876 5474 3332 5532 in'coronatione
3358 5474 3639 5537 Juditbaa,
3672 5488 3808 5527 cum

2152 5547 2399 5603 nuberet
2428 5547 2756 5618 Edelfredo,
2791 5547 2913 5619 regi
2943 5548 3260 5618 Anglorum
3285 5564 3299 5603 :
3332 5548 3516 5603 Nubas
3536 5545 3617 5619 in,
3643 5544 3812 5619 Chri-

2146 5621 2248 5746 st?
2281 5619 2523 5746 olb_nupta
2552 5619 2700 5676 nube
2741 5614 2949 5676 ἐωιῶιὶ
2988 5614 3061 5675 εί
3088 5620 3423 5694 refrigerata
3468 5618 3657 5690 gratia
3702 5614 3814 5688 spi-

2147 5706 2199 5746 rz
2228 5707 2302 5746 ua
2329 5708 2366 5746 ι.

2147 5692 2366 5747 rituali.
