4104 6426
325 401 441 461 227

1392 380 1926 448 CONSTANTINI
1970 375 2671 442 PORPHYROGENITI

3624 379 3741 442 228

327 534 465 605 pulo
514 546 618 587 suo
667 530 897 595 Veneto,
934 528 989 580 et
1019 523 1224 579 dicunt
1274 525 1699 595 praecentores:
1753 540 1780 567 «
1827 516 1969 605 Feli-

2083 512 2325 591 σχολῶν,
2357 511 2492 585 μετὰ
2520 507 2611 565 καὶ
2641 511 2737 564 τοῦ
2769 505 3062 582 περατικοῦ
3093 502 3275 578 δήμου
3306 510 3415 561 τῶν
3468 507 3728 580 Βένέτων,

276 674 279 679 .
328 604 472 679 citer
511 618 663 675 venit
710 616 903 671 divina
952 613 1245 684 majeslas.
1284 633 1310 661 υ
1361 609 1581 665 Clamat
1623 611 1679 662 ct
1732 604 1978 678 populus

328 717 418 768 ter
463 728 477 766 :
530 730 558 760 ι(
589 706 856 763 Feliciter
904 701 1169 760 venistis.
1211 723 1240 752 »
1285 696 1737 756 Acclamationis
1784 699 1977 750 autem

329 806 460 859 acta
490 816 524 855 a
555 795 1007 871 praecentoribus
1055 799 1109 848 et
1151 790 1365 864 populo
1416 792 1481 843 ut
1511 788 1567 842 in
1620 784 1860 857 reliquis
1892 800 1977 839 re-

329 891 700 964 ceptionibus
737 890 1061 944 cantantur.
1095 881 1460 939 Abeuntibus
1491 877 1768 943 dominis,
1801 892 1979 946 popu-

328 985 420 1042 lus
451 979 713 1039 cursoris
754 976 928 1032 dicit:
983 996 1013 1024 «
1051 971 1239 1041 Salve,
1282 967 1690 1043 potentissime
1732 965 1980 1036 impera-

328 1080 443 1143 tor,
508 1070 789 1143 gaudium
864 1064 1046 1133 orbis,
1114 1059 1334 1118 famule
1392 1063 1513 1125 Dei,
1580 1055 1978 1111 Romanorum

329 1166 601 1233 felicitas,
654 1158 853 1216 laetitia
884 1158 1254 1222 Venetorum,
1285 1150 1555 1222 voluptas
1596 1150 1654 1203 et
1691 1146 1891 1214 decus,
1926 1146 1980 1198 te

331 1257 596 1315 divinum
623 1266 841 1308 numen
870 1250 1102 1303 centum
1134 1258 1319 1300 annos
1349 1238 1565 1314 populo
1597 1252 1704 1294 suo
1736 1246 1979 1307 praeesse

330 1350 510 1406 sinat.
535 1366 564 1396 »
598 1338 804 1399 Aliud:
840 1358 869 1386 (ι
912 1333 1204 1391 Gaudium
1246 1329 1442 1398 hodie,
1491 1323 1892 1398 tranquillitas
1923 1324 1979 1375 et

331 1437 505 1511 quies
533 1430 783 1505 ingens!
828 1426 1060 1483 Domini
1108 1423 1265 1480 enim
1314 1419 1600 1492 gaudium
1634 1414 1878 1511 induit-ia
1914 1416 1980 1468 ut

330 1502 667 1599 phosphori,
702 1519 763 1576 in
795 1517 1098 1588 majestate
1124 1511 1456 1585 splendent,
1490 1512 1547 1564 et
1575 1505 1701 1563 orbi
1732 1502 1976 1599 felicitas

330 1593 635 1686 contingit.
695 1610 895 1682 Ipsum
956 1604 1113 1663 enim
1179 1599 1459 1674 gaudium
1507 1600 1772 1686 nostrum
1819 1593 1977 1686 orbis

329 1706 502 1771 etiam
538 1682 747 1758 laetitia
793 1706 897 1755 est.
937 1720 957 1745 ι
1022 1694 1229 1750 Aliud:
1279 1714 1306 1741 ‹‹
1359 1691 1563 1745 Dextra
1614 1684 1712 1740 Dei
1769 1682 1973 1752 nostri,

329 1794 576 1862 domini,
610 1789 928 1864 potentiam
978 1785 1135 1854 fecit,
1184 1799 1296 1855 pax
1349 1781 1407 1834 in
1459 1776 1693 1850 proprio
1732 1772 1974 1864 imperio

2085 605 2175 657 καὶ
2234 599 2480 675 λέγουσιν
2532 601 2583 654 οἱ
2640 598 2887 673 κράκται·
2944 593 3207 658 «Καλῶς
3259 594 3425 665 ἦλθεν
3472 599 3506 667 ἦ
3558 595 3738 662 ἔνθεος

2091 688 2358 764 βασιλεία.
2393 714 2422 741 ››
2454 691 2693 765 Φθογγεῖ
2721 687 2807 742 καὶ
2856 687 2883 741 6
2933 684 3064 748 λαὸς
3111 683 3169 739 ἑκ
3216 686 3427 759 τρίτου·
3480 710 3505 742 α
3536 685 3739 751 Καλῶς

2086 777 2284 849 ἤλθετε
2315 780 2355 835 ί.
2387 800 2415 832 ι
2451 779 2530 834 Τὰ
2560 775 2616 831 δὲ
2647 780 2746 842 τῆς
2777 774 3049 853 εὐφημίας
3081 772 3215 831 ἅκτα
3246 771 3467 845 ᾅδονται
3506 777 3651 854 παρά
3682 798 3745 833 τε

2087 874 2195 924 τῶν
2221 872 2466 944 κρακτῶν
2500 869 2588 924 καὶ
2623 872 2719 922 τοῦ
2753 865 2915 935 λαοῦ,
2954 866 3132 930 καθὼς
3160 867 3181 901 ⁸
3210 864 3300 921 καὶ
3351 864 3411 921 ἐκ
3455 871 3573 929 ταῖς
3622 866 3751 923 λοι-

2089 963 2217 1022 παῖς
2247 955 2465 1033 δοχαῖς,
2496 956 2586 1013 καὶ
2636 958 2769 1029 μετά
2812 955 2874 1009 τὸ
2923 955 3253 1020 ἀποκινῆσαι
3301 956 3427 1017 τοὺς
3480 953 3749 1019 δεσπότας

2089 1044 2235 1123 λέγει
2269 1048 2297 1101 6
2329 1045 2508 1120 δῆμος
2538 1046 2605 1101 τὰ
2653 1042 2892 1119 δρομικά
2941 1046 3074 1118 (71)·
3128 1068 3157 1095 ‹‹
3188 1045 3437 1120 Χαίροις,
3491 1047 3754 1119 κραταιό-

2086 1157 2215 1192 τατε
2261 1136 2623 1211 αὐτόκρατορ,
2667 1136 2816 1213 χαρᾶ
2852 1141 2955 1205 τῆς
3012 1131 3362 1207 οἰκουμένης,
3406 1139 3506 1190 τοῦ
3548 1139 3682 1191 Θεοῦ
3718 1137 3750 1191 6

2091 1227 2358 1302 θεράπων,
2416 1226 2707 1298 Ῥωμαίων
2771 1221 3019 1299 εὐτυχία,
3095 1219 3423 1298 ἀγαλλίασις
3482 1226 3749 1293 Βενέτων,

2089 1318 2391 1393 εὐφροσύνη
2434 1316 2525 1371 καὶ
2575 1314 2901 1389 κοσμιότης,
2941 1314 2999 1369 σὲ
3035 1316 3072 1384 ἡ
3125 1313 3316 1385 θεότης
3367 1313 3455 1369 ἐπὶ
3505 1315 3748 1391 χρόνους

2087 1406 2278 1464 ἒκατὸν
2310 1406 2518 1480 ἀξιώσῃ
2545 1406 2644 1474 τὴν
2677 1405 2869 1460 ἑαυτοῦ
2902 1402 3103 1459 διέπειν
3135 1401 3443 1461 πολιτείαν.
3477 1428 3505 1457 ››
3534 1402 3743 1462 Ἀλλο-

2089 1523 2118 1552 ι(
2149 1497 2301 1570 Χαρὰ
2335 1494 2443 1551 ὦδε
2492 1497 2753 1569 σήμερον,
2796 1491 3014 1571 γαλήνη
3065 1493 3153 1548 καὶ
3201 1493 3444 1569 πραότης
3491 1494 3745 1571 μεγάλη⁹

2089 1590 2139 1646 οἱ
2184 1589 2288 1666 γὰρ
2349 1584 2606 1641 δεσπόται
2666 1585 2841 1660 χαρὰν
2900 1585 3263 1660 ἠμφιεσμένοι
3321 1585 3395 1647 ὼς
3462 1584 3745 1663 ὶωσφόροι

2086 1677 2460 1750 ἐκλάμπουσιν
2491 1674 2541 1729 ἐν
2584 1678 2663 1746 τῷ
2704 1674 2913 1749 κράτει,
2964 1673 3055 1728 καὶ
3105 1672 3371 1744 δεξιοῦται
3419 1679 3497 1747 τῷ
3541 1674 3749 1749 κόσμῳ

2087 1765 2340 1842 εὐτυχία.
2370 1763 2523 1836 Αὐτὴ
2566 1764 2671 1839 γὰρ
2720 1762 2869 1839 χαρᾶ
2915 1764 3075 1836 ἡμῶν
3120 1763 3212 1817 καὶ
3262 1761 3590 1838 ἀγαλλίασις
3637 1763 3752 1819 κό-

326 1849 503 1957 trri'glet,
534 1849 715 1954 idene
756 1880 814 1935 in
846 1879 995 1949 ipso,
1039 1849 1128 1930 ad?
1163 1849 1554 1937 clementiam,
1587 1867 1645 1922 in
1666 1863 1792 1957 Afide
1820 1862 1969 1918 exal-

2088 1878 2252 1931 σμου.
2285 1880 2314 1910 »
2347 1854 2558 1913 ”Αλλο.
2596 1879 2617 1907 ι
2651 1853 2919 1957 Ἐποίησε
2948 1849 3176 1926 δύναμιν
3204 1854 3240 1923 ἡ
3274 1850 3421 1923 δεξιά
3455 1859 3552 1909 τοῦ
3600 1858 3750 1911 Θεοῦ

331 1955 492 2030 [ανὶι.
525 1970 829 2027 Gaudeant
859 1965 1126 2024 caelestes
1145 1961 1460 2033 spirituum
1493 1955 1802 2018 exercitus,
1836 1967 1975 2024 gau-

331 2063 508 2118 deant
539 2058 718 2131 copiae
737 2057 1155 2121 Romanorum,
1173 2045 1489 2104 Christiani
1513 2059 1737 2109 omnes,
1759 2042 1970 2101 festum

328 2152 443 2206 Deo
476 2146 847 2213 celebraturi,
877 2141 1054 2199 simul
1087 2134 1415 2212 gaudeant!
1453 2155 1479 2185 »
1521 2131 1831 2215 Sciendum
1864 2135 1971 2197 est,

327 2238 448 2294 haec
501 2233 765 2292 cursoris
808 2232 869 2287 in
922 2231 1142 2286 caeteris
1209 2241 1440 2299 quoque
1499 2218 1973 2295 processionibus

325 2325 575 2384 recitari.

396 2581 464 2636 ll.
492 2575 760 2650 Receptio
780 2573 1035 2631 secunda
1058 2573 1118 2628 in
1142 2568 1826 2641 aedesSanctiPolyeucti.
1843 2569 1971 2625 Stat

323 2670 405 2726 ibi
437 2669 714 2724 tribunus
761 2664 1117 2719 Venetorum
1150 2677 1282 2716 cum
1317 2660 1569 2715 factione
1608 2659 1761 2729 alba,
1793 2664 1851 2714 et
1882 2658 1968 2712 di-

323 2763 461 2815 cunt
492 2760 760 2813 cantores
796 2771 809 2808 :
837 2774 864 2803 ‹‹
889 2751 1152 2808 Feliciter
1183 2748 1339 2806 venit
1379 2749 1575 2804 divina
1607 2749 1905 2818 majestas.
1940 2769 1966 2797 ››

319 2844 771 2904 Acclamationis
819 2857 954 2897 vero
1003 2844 1130 2897 acta
1171 2857 1204 2896 a
1250 2838 1584 2895 cantoribus
1631 2842 1688 2893 et
1731 2836 1966 2909 populo,

321 2939 416 2995 8|
458 2941 521 2993 ut
548 2935 611 2992 in
633 2932 857 2990 caeteris
878 2946 1114 3003 quoque
1147 2927 1602 3000 receptionibus,
1634 2930 1965 2983 cantantur.

320 3025 593 3097 Receptio
630 3023 801 3077 tertia
832 3021 902 3076 ad
962 3021 1236 3075 Sanctam
1286 3016 1677 3089 Euphemiam
1722 3015 1964 3088 Olybrii.

317 3119 442 3171 Stat
473 3113 553 3168 ibi
594 3112 870 3168 tribunus
932 3109 1312 3165 Prasinorum
1365 3122 1466 3163 seu
1499 3105 1803 3163 excubitor
1834 3121 1965 3161 cum

321 3200 656 3260 transitorio
706 3197 1081 3255 Prasinorum
1130 3194 1367 3268 populo,
1417 3196 1475 3249 et
1504 3194 1769 3250 cursoris
1798 3193 1966 3250 tonil

318 3294 461 3349 dicit
494 3309 506 3348 :
540 3314 567 3341 ‹‹
599 3291 709 3355 Qui
749 3291 1033 3344 aeternum
1087 3284 1262 3348 Patri,
1299 3306 1326 3333 »
1377 3287 1487 3340 etc.
1520 3285 1659 3340 Acta
1689 3300 1820 3339 vero
1871 3300 1962 3338 ac-

318 3379 693 3437 clamationis
725 3394 757 3432 a
788 3375 1130 3431 cantoribus
1160 3377 1217 3429 et
1246 3372 1484 3445 populo,
1536 3377 1599 3427 ut
1624 3372 1684 3427 in
1739 3373 1967 3429 caeteris

321 3466 756 3539 receptionibus
787 3479 915 3519 mos
973 3466 1080 3532 est,
1114 3465 1400 3517 cantatur.
1445 3459 1717 3532 Receptio
1758 3467 1969 3532 quarta

317 3559 384 3613 ad
418 3552 910 3626 Philadelphiam.
935 3550 1062 3607 Stat
1082 3548 1161 3606 ibi
1185 3549 1456 3622 princeps
1481 3549 1829 3606 Venetorum
1866 3565 1964 3604 seu

317 3644 675 3701 domesticus
694 3641 1028 3697 scholarum
1049 3656 1180 3696 cum
1213 3639 1567 3695 Venetorum
1596 3638 1829 3711 populo.
1857 3640 1963 3693 Ac-

316 3732 688 3790 clamationis
730 3735 925 3786 autem
984 3732 1115 3785 acta
1161 3745 1194 3783 a
1250 3728 1590 3784 cantoribus
1632 3731 1690 3783 et
1728 3726 1963 3799 populo,

320 3828 385 3877 ut
437 3823 494 3876 in
557 3822 778 3877 caeteris
834 3817 1262 3891 receptionibus
1330 3818 1574 3885 obtinet,
1630 3822 1960 3873 cantantur.

317 3912 529 3976 Quinta
560 3912 630 3967 ad
661 3916 913 3966 Taurum
941 3927 954 3978 ;
1009 3914 1121 3966 stat
1159 3909 1240 3964 ibi
1271 3909 1547 3964 tribunus
1588 3908 1963 3964 Prasinorum

323 4018 455 4056 cum
507 4000 754 4056 factione
804 4014 1008 4065 russa;
1065 4002 1191 4053 acta
1247 4012 1381 4055 vero
1440 3996 1880 4054 acclamationis
1935 4015 1969 4053 a

324 4089 665 4145 cantoribus
704 4094 762 4144 et
810 4088 1022 4160 populo
1072 4095 1127 4143 ut
1177 4087 1237 4143 in
1268 4088 1489 4144 caeteris
1539 4088 1967 4160 receptionibus

317 4181 656 4236 recitantur.
690 4178 865 4234 Sexta
894 4178 965 4233 ad
1016 4177 1292 4233 fornicem
1327 4177 1615 4248 pistorum
1645 4194 1657 4234 :
1700 4192 1966 4234 reversus

322 4269 475 4325 idem
512 4267 791 4324 tribunus
832 4282 964 4321 cum
1026 4267 1235 4335 russis,
1290 4265 1558 4323 dominos
1614 4266 1695 4322 ibi
1727 4267 1963 4338 excipit.

319 4356 775 4416 Acclamationis
816 4358 1010 4411 autem
1043 4361 1170 4411 acta
1212 4372 1243 4410 a
1279 4355 1736 4426 praecentoribus
1784 4363 1838 4412 et
1868 4371 1966 4427 pc-

317 4448 452 4520 pulo
488 4455 550 4503 ut
582 4447 639 4502 in
701 4445 921 4502 caeteris
975 4444 1404 4517 receptionibus
1452 4449 1785 4503 cantantnr.
1833 4450 1966 4519 Sep-

314 4540 459 4596 timo
496 4540 557 4594 in
604 4538 766 4608 foro;
819 4541 938 4594 stat
976 4536 1057 4593 ibi
1115 4537 1385 4610 princeps
1452 4538 1828 4594 Prasinorum
1861 4555 1961 4595 seu

2086 1949 2275 2020 ἡμῶν,
2310 1942 2589 2013 δεσπόται,
2621 1936 2949 2001 ἀντελάϐετο
2997 1942 3188 2016 εἰρήνη
3226 1948 3330 2012 τῆς
3384 1940 3525 2005 ἰδίας
3572 1943 3751 1999 πολι-

2082 2037 2252 2106 τείας,
2294 2035 2385 2090 καὶ
2437 2032 2488 2088 ἐν
2535 2029 2684 2105 αὐτῷ
2730 2030 2784 2087 ἐν
2830 2034 2898 2105 τῇ
2942 2032 3120 2087 πίστει
3168 2031 3351 2106 ὕψωσε
3396 2032 3534 2105 πρὸς
3573 2032 3747 2107 εὐμέ-

2083 2148 2251 2185 νειαν.
2303 2123 2632 2202 Ἀγάλλεσθε
2680 2123 2925 2197 οὐράνιαι
2975 2123 3218 2198 στρατιαὶ
3259 2128 3368 2180 τῶν
3406 2124 3746 2198 ἀσωμάτων,

2083 2213 2430 2293 συναγάλλου
2489 2211 2851 2291 στρατόπεδον
2910 2217 3017 2269 τῶν
3101 2214 3417 2288 Ῥωμαίων,
3467 2215 3555 2269 καὶ
3634 2213 3747 2270 έπ-

2081 2306 2383 2382 αγάλλεσθι
2428 2305 2452 2340 ³
2515 2304 2711 2367 πάντες
2758 2303 3078 2380 Χριστιανοὶ
3128 2304 3402 2379 ἑορτάζειν
3445 2304 3654 2379 Κυρίῳ.
3701 2327 3739 2356 ››

2083 2396 2302 2467 Ἰστέον,
2335 2394 2417 2451 ὅτι
2449 2398 2620 2451 ταῦτα
2663 2394 2732 2450 τὰ
2780 2389 3020 2469 δρομικὰ
3075 2390 3328 2470 λέγονται
3375 2392 3465 2449 καὶ
3508 2393 3560 2448 έν
3605 2398 3742 2458 ταῖς

2080 2484 2306 2550 λοιπαῖς
2334 2482 2709 2559 προελεύσεσι.

2152 2577 2225 2633 Β“.
2287 2576 2441 2649 Δοχή
2606 2574 2681 2636 εἲς
2738 2574 2830 2630 τὸν
2886 2574 3036 2649 ἅγιον
3086 2570 3448 2629 Πολύευκτον.
3500 2572 3742 2651 Δέχεται

2077 2662 2251 2719 έκεῖσε
2284 2665 2310 2719 6
2346 2661 2635 2739 δήμαρχος
2665 2667 2772 2718 τῶν
2808 2663 3039 2717 Βενέτων
3076 2662 3210 2735 μετὰ
3256 2654 3354 2717 τοῦ
3405 2659 3587 2736 δήμου
3636 2665 3744 2717 τοῦ

2080 2751 2303 2823 λευκοῦ,
2349 2754 2439 2808 καὶ
2486 2751 2742 2829 λέγουσιν
2790 2753 2842 2806 οἱ
2893 2750 3140 2827 κράκται⁶
3200 2776 3219 2802 α
3257 2750 3454 2812 Καλῶς
3503 2750 3668 2816 ἦλθεν
3697 2752 3745 2821 ἡ

2079 2840 2265 2906 ἔνθεος
2300 2840 2573 2919 βασιλεία.
2610 2865 2639 2894 ››
2671 2842 2751 2898 Τὰ
2786 2837 2843 2896 δὲ
2875 2848 2974 2910 τῆς
3012 2839 3282 2916 εὐφημίας
3332 2839 3466 2896 ἅκτα
3513 2838 3749 2913 ᾅδονται

2078 2933 2225 3007 παρά
2270 2953 2329 2986 τε
2371 2932 2478 2987 τῶν
2527 2933 2774 3007 κρακτῶν
2826 2930 2915 2986 καὶ
2957 2934 3053 2986 τοῦ
3103 2929 3264 2999 λαοῦ,
3312 2932 3492 2994 καθὼς
3540 2930 3634 2985 καὶ
3685 2929 3743 2985 ἐν

2077 3026 2196 3083 ταῖς
2231 3018 2457 3083 λοιπαῖς
2491 3017 2710 3095 δοχαῖς.
2744 3020 2897 3094 Δοχή
2928 3020 2973 3092 γ’
3002 3018 3080 3083 εἷς
3110 3019 3211 3086 τήν
3260 3017 3413 3094 ἁγίαν
3463 3017 3743 3096 εὐφημίαν

2076 3113 2174 3164 τοῦ
2212 3104 2536 3183 Ὀλυϐρίου.
2602 3109 2839 3184 Δέχεται
2902 3107 3074 3163 ἐκεῖσε
3131 3109 3159 3163 6
3218 3103 3574 3183 δημοκράτης
3630 3112 3741 3164 τῶν

2078 3200 2381 3274 Πρασίνων,
2425 3199 2593 3275 ἤγουν
2618 3200 2646 3253 6
2680 3192 3032 3260 ἐκσκούϐιτος
3065 3198 3200 3272 μετὰ
3227 3198 3318 3253 καὶ
3363 3201 3461 3253 τοῦ
3508 3217 3733 3274 περατι-

2077 3292 2174 3344 κοῦ
2207 3285 2389 3362 δήμου
2418 3293 2526 3344 τῶν
2572 3288 2876 3364 Πρασίνων,
2925 3286 3017 3342 καὶ
3064 3285 3209 3361 λέγει
3261 3284 3499 3361 δρομικᾶ
3527 3286 3628 3362 ἤχ.
3665 3288 3731 3342 α’·

2079 3401 2107 3430 (ι
2136 3379 2201 3436 Ὀ
2232 3377 2487 3453 ἀχρόνως
2538 3381 2615 3449 τῷ
2663 3376 2834 3451 Πατρὶ
2868 3400 2895 3429 ››
2947 3376 3037 3430 καὶ
3086 3377 3153 3431 τὰ
3200 3376 3344 3446 ἑξῆς.
3395 3376 3478 3435 Τὰ
3526 3373 3581 3430 δὲ
3626 3383 3729 3443 τῆς

2079 3463 2353 3546 εὐφημίας
2405 3464 2541 3521 ἄκτα
2599 3462 2814 3538 ᾅδονται
2874 3464 3018 3539 παρά
3056 3484 3113 3521 τε
3168 3468 3276 3519 τῶν
3335 3467 3581 3539 κρακτῶν
3631 3462 3722 3518 rari

2078 3556 2174 3610 τοῦ
2208 3555 2366 3626 λαοῦ,
2400 3556 2584 3618 καθὼς
2616 3556 2708 3610 καὶ
2738 3552 2794 3610 ἒν
2823 3560 2943 3618 ταῖς
2974 3553 3195 3617 λοιπαῖς
3231 3552 3447 3630 δοχαῖς.
3498 3554 3645 3631 Δοχή
3680 3551 3723 3606 δ’

2079 3645 2153 3706 εἷς
2212 3646 2274 3700 τὸ
2324 3642 2716 3723 Φιλαδέλφιον.
2764 3643 2990 3719 Δέχεται
3036 3643 3252 3700 κάκεῖσε
3295 3644 3322 3699 6
3374 3640 3726 3716 δημοκράτης

2078 3737 2188 3789 τῶν
2221 3734 2483 3803 Βενέιων,
2514 3733 2680 3808 ἥγοτν
2708 3733 2731 3767 ⁴
2762 3733 2792 3788 6
2824 3730 3145 3808 δομέοτικος
3176 3737 3285 3788 τῶν
3316 3729 3563 3809 σχολῶν,
3599 3730 3739 3805 μετὰ

2078 3823 2170 3878 καὶ
2221 3826 2318 3878 τοῦ
2365 3826 2660 3897 περατικοῦ
2711 3819 2896 3896 δήμου
2944 3826 3054 3877 τῶν
3096 3821 3358 3879 Βενέτων.
3409 3822 3484 3875 Τὰ
3533 3818 3591 3876 δὲ
3629 3827 3735 3890 τῆς
3778 3818 3783 3821 “

2079 3911 2354 3993 εὐφημίας
2405 3910 2541 3969 ἄκτα
2589 3909 2809 3984 ᾅδονται
2866 3914 3012 3987 παρά
3059 3933 3117 3966 τε
3171 3916 3277 3967 τῶν
3336 3913 3583 3986 κρακτῶν
3645 3909 3739 3963 καὶ

2076 4007 2179 4059 τοῦ
2212 4000 2373 4073 λαοῦ,
2401 4004 2583 4064 καθὼς
2616 4002 2706 4057 καὶ
2736 4002 2790 4057 έν
2820 4006 2939 4065 ταῖς
2970 4001 3193 4064 λοιπαῖς
3233 3999 3451 4076 δοχαῖς.
3505 3999 3662 4078 Δοχή
3695 3998 3733 4055 ε’

2078 4091 2154 4155 εἷς
2184 4093 2278 4147 τὸν
2309 4094 2544 4168 Ταῦρον.
2580 4091 2817 4167 Δέχεται
2848 4091 3018 4147 ἐκεῖσε
3048 4092 3075 4145 6
3109 4088 3400 4166 δήμαρχος
3429 4094 3538 4144 τῶν
3583 4094 3739 4163 Πρα-

2079 4182 2242 4235 σίνων
2278 4181 2414 4254 μετὰ
2451 4177 2547 4235 τοῦ
2580 4176 2767 4254 δήμου
2807 4183 2905 4235 τοῦ
2937 4178 3182 4253 ῥουσίου.
3216 4179 3298 4236 Τὰ
3328 4176 3387 4233 δὲ
3425 4184 3525 4247 τῆς
3569 4175 3741 4255 εὐφη-

2080 4271 2207 4343 μίας
2256 4267 2391 4325 ἃκτα
2438 4266 2657 4341 ᾅδονται
2709 4271 2856 4345 παρά
2909 4287 2968 4323 τε
3022 4272 3130 4324 τῶν
3183 4270 3431 4344 κρακτῶν
3486 4264 3576 4321 καὶ
3632 4268 3739 4320 τοῦ

2078 4358 2105 4413 6
2137 4358 2295 4428 λαοῦ,
2336 4357 2518 4423 καθὼς
2544 4359 2633 4413 καὶ
2666 4355 2719 4412 ἐν
2749 4362 2870 4422 ταῖς
2899 4354 3125 4422 λοιπαῖς
3153 4354 3371 4427 δογαῖς.
3407 4356 3569 4431 Δοχὴ
3604 4352 3647 4423 ζ’
3679 4353 3737 4410 ἐν

2079 4451 2158 4521 τῷ
2190 4451 2468 4525 φουρνικῷ
2498 4452 2610 4517 τῶν
2641 4444 2983 4522 ἂρτοπωλῶν
3013 4448 3034 4483 ⁸
3066 4449 3199 4521 (‘72).
3232 4442 3740 4522 Ὑποστρεφόμενος

2078 4538 2243 4600 αὐτὸς
2276 4535 2571 4612 δήμαρχος
2611 4537 2745 4610 μετὰ
2778 4539 2877 4592 τοῦ
2909 4533 3092 4609 δήμου
3130 4539 3226 4590 τοῦ
3259 4534 3503 4609 ῥουσίου,
3533 4536 3744 4588 ποιοῦ-

314 4629 615 4684 excubitor
644 4644 776 4685 cum
812 4625 1023 4698 populo
1048 4626 1306 4683 Prasino.
1341 4625 1792 4683 Acclamationis
1831 4644 1965 4684 vero

2083 4647 2164 4681 σιν
2212 4629 2233 4664 ⁸
2284 4629 2399 4701 (⁸73)
2446 4611 2558 4681 ἐκεῖ
2606 4623 2805 4700 δοχήν.
2857 4627 2939 4683 Τὰ
2997 4622 3054 4680 δὲ
3121 4631 3221 4685 τῆς
3271 4624 3547 4703 εὐφημίας
3598 4619 3741 4678 ἔκτα

310 4721 443 4772 acta
474 4733 507 4770 a
537 4715 873 4771 cantoribus
902 4721 959 4771 et
987 4715 1197 4787 populo
1238 4718 1385 4787 utin
1421 4717 1644 4772 caeteris
1676 4717 1957 4789 receptio-

313 4805 488 4862 nibus
521 4808 850 4860 cantantur.
886 4805 1099 4861 Octava
1148 4804 1209 4861 in
1240 4806 1511 4862 Prsetorio
1534 4824 1552 4860 :
1593 4810 1710 4862 stat
1738 4807 1817 4863 ibi
1853 4809 1960 4864 tri-

310 4894 508 4951 bunus
538 4897 889 4952 Venetorum
917 4909 1050 4952 cum
1074 4894 1289 4967 populo
1321 4895 1472 4952 albo.
1510 4895 1962 4956 Acclamationis

2073 4711 2295 4786 ᾅδονται
2328 4714 2475 4790 παρά
2514 4735 2573 4769 τε
2617 4718 2727 4769 τῶν
2775 4718 3021 4787 κρακτῶν
3073 4714 3163 4768 καὶ
3200 4718 3298 4769 τοῦ
3347 4712 3505 4781 λαοῦ,
3554 4711 3740 4774 καθὼς

2073 4807 2164 4862 καὶ
2203 4805 2254 4861 ἐν
2295 4810 2415 4869 ταῖς
2449 4802 2675 4866 λοιπαῖς
2709 4800 2925 4883 δοχαῖς.
2961 4805 3111 4879 Δοχή
3146 4803 3189 4874 ζ“
3221 4803 3275 4859 ἐν
3306 4806 3387 4876 τῷ
3419 4802 3591 4882 φόρῳ.
3636 4800 3741 4857 Δέ-

2072 4915 2232 4971 χεται
2263 4893 2438 4950 ἐκεῖσε
2476 4894 2504 4949 6
2558 4891 2917 4967 δημοκράτης
2963 4897 3072 4949 τῶν
3124 4893 3427 4969 Πρασίνων,
3476 4892 3649 4966 ἤγουν
3709 4893 3739 4946 6

1674 5022 1915 5083 VARI/E
1956 5020 2381 5085 LECTIONES.

379 5152 397 5186 ι
430 5145 528 5216 ἠλ.
560 5147 962 5220 superscripto
993 5152 1022 5207 θ
1051 5146 1203 5215 cod.,
1236 5143 1407 5213 ἦλθες
1437 5148 1557 5205 sive
1585 5146 1785 5218 ἤλθετε
1814 5150 1883 5208 Ft.

303 5238 437 5294 add.
471 5238 563 5295 ed.
640 5237 663 5272 ⁸
691 5232 1054 5316 ἆφτοπουλῶν
1084 5236 1212 5294 cod.
1288 5235 1312 5271 ⁸
1339 5240 1568 5294 ποιῶσιν
1601 5249 1726 5298 cod.

1977 5154 1999 5188 ³
2026 5148 2206 5215 καθὼς
2239 5146 2293 5202 ἐν
2326 5144 2415 5204 ed.

2513 5144 2538 5180 ³
2567 5141 2972 5222 ωναγάλλεσθε
3018 5149 3111 5205 ed.
3207 5145 3231 5180 ⁴
3262 5144 3290 5199 6
3336 5149 3472 5202 ante
3530 5139 3735 5216 δομιστ

1373 5380 1578 5443 JOAN.
1610 5383 1731 5442 JAC
1772 5384 2043 5443 REISKII
2082 5377 2664 5441 COMMENTARIUS.

382 5522 1128 5610 .(7719).7Videtur_carminis
1197 5525 1613 5610 concitatiori‘s,
1675 5526 1965 5610 dactylici,

310 5592 569 5649 celeriter
600 5597 892 5668 currentis
940 5611 1083 5663 esse,
1137 5596 1305 5668 quale
1354 5592 1609 5654 abeunti
1640 5592 1964 5668 accinilur,

309 5669 601 5739 nostrates
623 5666 878 5739 dicerent
909 5682 973 5739 en
1008 5666 1217 5723 Marsbh
1248 5669 1412 5724 Conf.
1448 5686 1503 5739 p.
1550 5670 1641 5724 34.

382 5735 511 5817 (72)¹
667 5734 1055 5817 ἀρτιοπουλῶν,
1115 5743 1389 5817 neutrum
1450 5734 1625 5805 male,
1658 5740 1768 5817 hoc
1799 5758 1960 5817 novae

308 5806 658 5874 Grecitatis,
708 5806 864 5862 illud
945 5810 1463 5880 grammaticorum
1554 5811 1961 5870 sanctionibus

2081 5528 2309 5584 actum.

2118 5544 2386 5667 ρὸιῖὂῐῗΜ.
2447 5592 2713 5667 ποιῶσιν.
2752 5593 3248 5663 Frequentissime
3306 5596 3403 5667 aut
3460 5588 3736 5667 librarius

2077 5660 2295 5735 noster,
2331 5667 2434 5736 aut
2463 5669 2671 5736 auctor
2700 5665 2826 5736 ipse
2864 5660 2934 5720 ex
2966 5680 3125 5721 more
3174 5664 3373 5736 saeculi
3403 5660 3733 5732 subjuncti-

2074 5757 2214 5797 vum
2259 5734 2364 5809 pro
2417 5734 2739 5809 indicativo
2780 5740 3044 5809 usurpat,
3104 5741 3206 5809 aut
3251 5735 3447 5809 potius
3495 5753 3539 5785 ω
3576 5736 3738 5809 e_t_cu

2076 5798 2414 5883 promiscue
2442 5806 2687 5875 habent,
2743 5814 2809 5863 ut
2838 5798 3040 5879 patuit
3059 5798 3324 5865 modo'in
3357 5798 3734 5880 ἀρτοπουλῶν.
