  <div class='ocr_page' id='page_1' title='image "/cluster/home/n/w/nwhite01/storage/ocr_20150623/112:no.1/coo.31924054870161/123.png"; bbox 0 0 4104 6430; ppageno 0'>
   <div class='ocr_carea' id='block_1_1' title="bbox 352 374 468 435">
    <p class='ocr_par' dir='ltr' id='par_1_1' title="bbox 352 374 468 435">
     <span class='ocr_line' id='line_1_1' title="bbox 352 374 468 435; baseline 0.017 -2"><span class='ocrx_word' id='word_1_1' title='bbox 352 374 468 435; x_wconf 65' lang='grc'><strong>331</strong></span> 
     </span>
    </p>
   </div>
   <div class='ocr_carea' id='block_1_2' title="bbox 1413 375 2694 444">
    <p class='ocr_par' dir='ltr' id='par_1_2' title="bbox 1413 375 2694 444">
     <span class='ocr_line' id='line_1_2' title="bbox 1413 375 2694 444; baseline 0.007 -9"><span class='ocrx_word' id='word_1_2' title='bbox 1413 375 1949 438; x_wconf 77' lang='lat' dir='ltr'><strong>CONSTANTINI</strong></span> <span class='ocrx_word' id='word_1_3' title='bbox 1993 379 2694 444; x_wconf 79' lang='lat' dir='ltr'><strong>PORPHYROGENITI</strong></span> 
     </span>
    </p>
   </div>
   <div class='ocr_carea' id='block_1_3' title="bbox 3646 388 3782 446">
    <p class='ocr_par' dir='ltr' id='par_1_3' title="bbox 3646 388 3782 446">
     <span class='ocr_line' id='line_1_3' title="bbox 3646 388 3782 446; baseline -0.007 0"><span class='ocrx_word' id='word_1_4' title='bbox 3646 388 3782 446; x_wconf 74' lang='lat'><strong>232</strong></span> 
     </span>
    </p>
   </div>
   <div class='ocr_carea' id='block_1_4' title="bbox 352 507 1996 592">
    <p class='ocr_par' dir='ltr' id='par_1_4' title="bbox 352 507 1987 580">
     <span class='ocr_line' id='line_1_4' title="bbox 352 507 1987 580; baseline 0.002 -16"><span class='ocrx_word' id='word_1_5' title='bbox 352 511 737 579; x_wconf 59' lang='lat' dir='ltr'><strong>praterquam</strong></span> <span class='ocrx_word' id='word_1_6' title='bbox 769 507 922 578; x_wconf 89' lang='lat' dir='ltr'><strong>quod</strong></span> <span class='ocrx_word' id='word_1_7' title='bbox 953 507 1156 563; x_wconf 78' lang='lat' dir='ltr'><strong>Veneti</strong></span> <span class='ocrx_word' id='word_1_8' title='bbox 1190 512 1326 564; x_wconf 90' lang='lat' dir='ltr'><strong>tono</strong></span> <span class='ocrx_word' id='word_1_9' title='bbox 1357 507 1595 580; x_wconf 91' lang='lat' dir='ltr'><strong>obliquo</strong></span> <span class='ocrx_word' id='word_1_10' title='bbox 1627 509 1700 566; x_wconf 90' lang='lat' dir='ltr'><strong>IV</strong></span> <span class='ocrx_word' id='word_1_11' title='bbox 1730 515 1987 567; x_wconf 85' lang='lat' dir='ltr'><strong>canunt:</strong></span> 
     </span>
    </p>
   </div>
   <div class='ocr_carea' id='block_1_5' title="bbox 2110 507 3788 592">
    <p class='ocr_par' dir='ltr' id='par_1_5' title="bbox 2110 511 3788 592">
     <span class='ocr_line' id='line_1_5' title="bbox 2110 511 3788 592; baseline 0.003 -25"><span class='ocrx_word' id='word_1_12' title='bbox 2110 514 2369 586; x_wconf 80' lang='grc' dir='ltr'>ρημένοις</span> <span class='ocrx_word' id='word_1_13' title='bbox 2399 514 2591 575; x_wconf 81' lang='grc' dir='ltr'>τόποις</span> <span class='ocrx_word' id='word_1_14' title='bbox 2640 513 2728 568; x_wconf 75' lang='lat' dir='ltr'><strong>xui</strong></span> <span class='ocrx_word' id='word_1_15' title='bbox 2783 514 2838 567; x_wconf 76' lang='lat' dir='ltr'><strong>ui</strong></span> <span class='ocrx_word' id='word_1_16' title='bbox 2891 511 3240 587; x_wconf 77' lang='grc' dir='ltr'>ἆκτολογίαι,</span> <span class='ocrx_word' id='word_1_17' title='bbox 3282 515 3463 579; x_wconf 82' lang='grc' dir='ltr'>καθὼς</span> <span class='ocrx_word' id='word_1_18' title='bbox 3503 516 3788 592; x_wconf 75' lang='grc' dir='ltr'>προείρη-</span> 
     </span>
    </p>
   </div>
   <div class='ocr_carea' id='block_1_6' title="bbox 351 597 2001 671">
    <p class='ocr_par' dir='ltr' id='par_1_6' title="bbox 351 597 2001 671">
     <span class='ocr_line' id='line_1_6' title="bbox 351 597 2001 671; baseline 0.001 -21"><span class='ocrx_word' id='word_1_19' title='bbox 351 623 379 650; x_wconf 88' lang='grc'><strong>‹‹</strong></span> <span class='ocrx_word' id='word_1_20' title='bbox 399 598 610 654; x_wconf 88' lang='lat' dir='ltr'><strong>Tristis</strong></span> <span class='ocrx_word' id='word_1_21' title='bbox 624 597 910 654; x_wconf 63' lang='lat' dir='ltr'><strong>maestitia</strong></span> <span class='ocrx_word' id='word_1_22' title='bbox 934 597 1106 670; x_wconf 88' lang='lat' dir='ltr'><strong>signa</strong></span> <span class='ocrx_word' id='word_1_23' title='bbox 1127 598 1377 669; x_wconf 80' lang='lat' dir='ltr'><strong>apostoli</strong></span> <span class='ocrx_word' id='word_1_24' title='bbox 1399 600 1816 671; x_wconf 88' lang='lat' dir='ltr'><strong>deposuerunt,</strong></span> <span class='ocrx_word' id='word_1_25' title='bbox 1840 607 1952 657; x_wconf 89' lang='lat' dir='ltr'><strong>etc.</strong></span> <span class='ocrx_word' id='word_1_26' title='bbox 1974 625 2001 652; x_wconf 85' lang='lat'>»</span> 
     </span>
    </p>
   </div>
   <div class='ocr_carea' id='block_1_7' title="bbox 352 686 2001 760">
    <p class='ocr_par' dir='ltr' id='par_1_7' title="bbox 352 686 2001 760">
     <span class='ocr_line' id='line_1_7' title="bbox 352 686 2001 760; baseline 0.001 -15"><span class='ocrx_word' id='word_1_27' title='bbox 352 692 495 745; x_wconf 85' lang='lat' dir='ltr'><strong>Item</strong></span> <span class='ocrx_word' id='word_1_28' title='bbox 554 694 689 744; x_wconf 92' lang='lat' dir='ltr'><strong>tono</strong></span> <span class='ocrx_word' id='word_1_29' title='bbox 745 687 808 754; x_wconf 84' lang='lat' dir='ltr'><strong>I;</strong></span> <span class='ocrx_word' id='word_1_30' title='bbox 869 708 898 736; x_wconf 85' lang='lat'><strong>»</strong></span> <span class='ocrx_word' id='word_1_31' title='bbox 956 686 1033 757; x_wconf 90' lang='lat' dir='ltr'><strong>Is,</strong></span> <span class='ocrx_word' id='word_1_32' title='bbox 1094 687 1194 759; x_wconf 87' lang='lat' dir='ltr'><strong>qui</strong></span> <span class='ocrx_word' id='word_1_33' title='bbox 1242 691 1528 745; x_wconf 62' lang='lat' dir='ltr'><strong>aeternum</strong></span> <span class='ocrx_word' id='word_1_34' title='bbox 1590 690 1765 760; x_wconf 81' lang='lat' dir='ltr'><strong>Patri,</strong></span> <span class='ocrx_word' id='word_1_35' title='bbox 1806 711 1828 742; x_wconf 74' lang='grc' dir='ltr'><strong>ι</strong></span> <span class='ocrx_word' id='word_1_36' title='bbox 1893 699 2001 748; x_wconf 88' lang='lat' dir='ltr'><strong>elc.</strong></span> 
     </span>
    </p>
   </div>
   <div class='ocr_carea' id='block_1_8' title="bbox 354 773 1114 856">
    <p class='ocr_par' dir='ltr' id='par_1_8' title="bbox 354 773 1114 856">
     <span class='ocr_line' id='line_1_8' title="bbox 354 773 1114 856; baseline -0.003 -23"><span class='ocrx_word' id='word_1_37' title='bbox 354 778 612 852; x_wconf 80' lang='grc' dir='ltr'>Ηράσινοι</span> <span class='ocrx_word' id='word_1_38' title='bbox 669 779 753 856; x_wconf 76' lang='grc' dir='ltr'><strong>ἢχ</strong></span> <span class='ocrx_word' id='word_1_39' title='bbox 806 774 975 852; x_wconf 87' lang='grc' dir='ltr'>πλαγ.</span> <span class='ocrx_word' id='word_1_40' title='bbox 1036 773 1114 831; x_wconf 70' lang='grc' dir='ltr'><strong>δ’·</strong></span> 
     </span>
    </p>
   </div>
   <div class='ocr_carea' id='block_1_9' title="bbox 351 865 1177 942">
    <p class='ocr_par' dir='ltr' id='par_1_9' title="bbox 351 865 1177 942">
     <span class='ocr_line' id='line_1_9' title="bbox 351 865 1177 942; baseline -0.008 -18"><span class='ocrx_word' id='word_1_41' title='bbox 351 891 379 918; x_wconf 72' lang='grc' dir='ltr'><strong>α</strong></span> <span class='ocrx_word' id='word_1_42' title='bbox 420 867 483 924; x_wconf 78' lang='grc' dir='ltr'>Ὀ</span> <span class='ocrx_word' id='word_1_43' title='bbox 523 866 778 942; x_wconf 86' lang='grc' dir='ltr'>ἀχρόνως</span> <span class='ocrx_word' id='word_1_44' title='bbox 814 870 896 938; x_wconf 79' lang='grc' dir='ltr'><strong>τῷ</strong></span> <span class='ocrx_word' id='word_1_45' title='bbox 938 865 1105 939; x_wconf 84' lang='grc' dir='ltr'>Ιιατρὶ</span> <span class='ocrx_word' id='word_1_46' title='bbox 1148 888 1177 917; x_wconf 89' lang='grc'><strong>››</strong></span> 
     </span>
    </p>
   </div>
   <div class='ocr_carea' id='block_1_10' title="bbox 976 965 1367 1023">
    <p class='ocr_par' dir='ltr' id='par_1_10' title="bbox 976 965 1367 1023">
     <span class='ocr_line' id='line_1_10' title="bbox 976 965 1367 1023; baseline 0.003 -2"><span class='ocrx_word' id='word_1_47' title='bbox 976 965 1205 1023; x_wconf 87' lang='lat' dir='ltr'><strong>CAPUT</strong></span> <span class='ocrx_word' id='word_1_48' title='bbox 1246 966 1367 1022; x_wconf 84' lang='lat' dir='ltr'><strong>VII.</strong></span> 
     </span>
    </p>
   </div>
   <div class='ocr_carea' id='block_1_11' title="bbox 590 1056 1760 1127">
    <p class='ocr_par' dir='ltr' id='par_1_11' title="bbox 590 1056 1760 1127">
     <span class='ocr_line' id='line_1_11' title="bbox 590 1056 1760 1127; baseline -0.002 -15"><span class='ocrx_word' id='word_1_49' title='bbox 590 1059 657 1113; x_wconf 82' lang='lat' dir='ltr'><strong>1n</strong></span> <span class='ocrx_word' id='word_1_50' title='bbox 688 1057 834 1127; x_wconf 81' lang='lat' dir='ltr'><strong>feria</strong></span> <span class='ocrx_word' id='word_1_51' title='bbox 855 1073 911 1112; x_wconf 86' lang='grc' dir='ltr'><strong>ιν</strong></span> <span class='ocrx_word' id='word_1_52' title='bbox 939 1056 1260 1127; x_wconf 71' lang='lat' dir='ltr'><strong>septimana:</strong></span> <span class='ocrx_word' id='word_1_53' title='bbox 1290 1072 1344 1109; x_wconf 86' lang='lat' dir='ltr'><strong>1v</strong></span> <span class='ocrx_word' id='word_1_54' title='bbox 1385 1065 1503 1127; x_wconf 72' lang='lat' dir='ltr'><strong>post</strong></span> <span class='ocrx_word' id='word_1_55' title='bbox 1535 1056 1760 1111; x_wconf 80' lang='lat' dir='ltr'><strong>Pascha.</strong></span> 
     </span>
    </p>
   </div>
   <div class='ocr_carea' id='block_1_12' title="bbox 420 1145 2003 1215">
    <p class='ocr_par' dir='ltr' id='par_1_12' title="bbox 420 1145 2003 1215">
     <span class='ocr_line' id='line_1_12' title="bbox 420 1145 2003 1215; baseline -0.001 -13"><span class='ocrx_word' id='word_1_56' title='bbox 420 1146 759 1212; x_wconf 85' lang='lat' dir='ltr'><strong>Sciendum,</strong></span> <span class='ocrx_word' id='word_1_57' title='bbox 775 1146 835 1201; x_wconf 90' lang='lat' dir='ltr'><strong>in</strong></span> <span class='ocrx_word' id='word_1_58' title='bbox 859 1146 965 1200; x_wconf 88' lang='lat' dir='ltr'><strong>hac</strong></span> <span class='ocrx_word' id='word_1_59' title='bbox 994 1145 1198 1199; x_wconf 68' lang='lat' dir='ltr'><strong>mediae</strong></span> <span class='ocrx_word' id='word_1_60' title='bbox 1222 1148 1588 1200; x_wconf 82' lang='lat' dir='ltr'><strong>Pentecostes</strong></span> <span class='ocrx_word' id='word_1_61' title='bbox 1610 1146 2003 1215; x_wconf 87' lang='lat' dir='ltr'><strong>processione,</strong></span> 
     </span>
    </p>
   </div>
   <div class='ocr_carea' id='block_1_13' title="bbox 351 1234 2002 1305">
    <p class='ocr_par' dir='ltr' id='par_1_13' title="bbox 351 1234 2002 1305">
     <span class='ocr_line' id='line_1_13' title="bbox 351 1234 2002 1305; baseline 0.001 -16"><span class='ocrx_word' id='word_1_62' title='bbox 351 1234 798 1305; x_wconf 80' lang='lat' dir='ltr'><strong>procedentibus</strong></span> <span class='ocrx_word' id='word_1_63' title='bbox 854 1235 1186 1305; x_wconf 76' lang='lat' dir='ltr'><strong>iterumque</strong></span> <span class='ocrx_word' id='word_1_64' title='bbox 1229 1234 1656 1289; x_wconf 80' lang='lat' dir='ltr'><strong>revertentibus</strong></span> <span class='ocrx_word' id='word_1_65' title='bbox 1718 1234 2002 1301; x_wconf 86' lang='lat' dir='ltr'><strong>dominis,</strong></span> 
     </span>
    </p>
   </div>
   <div class='ocr_carea' id='block_1_14' title="bbox 348 1322 2003 1393">
    <p class='ocr_par' dir='ltr' id='par_1_14' title="bbox 348 1322 2003 1393">
     <span class='ocr_line' id='line_1_14' title="bbox 348 1322 2003 1393; baseline 0 -14"><span class='ocrx_word' id='word_1_66' title='bbox 348 1322 564 1380; x_wconf 84' lang='lat' dir='ltr'><strong>similes</strong></span> <span class='ocrx_word' id='word_1_67' title='bbox 593 1323 951 1393; x_wconf 87' lang='lat' dir='ltr'><strong>reeeptiones</strong></span> <span class='ocrx_word' id='word_1_68' title='bbox 978 1328 1036 1377; x_wconf 90' lang='lat' dir='ltr'><strong>et</strong></span> <span class='ocrx_word' id='word_1_69' title='bbox 1065 1322 1512 1378; x_wconf 79' lang='lat' dir='ltr'><strong>acclamationes</strong></span> <span class='ocrx_word' id='word_1_70' title='bbox 1543 1330 1605 1378; x_wconf 90' lang='lat' dir='ltr'><strong>ut</strong></span> <span class='ocrx_word' id='word_1_71' title='bbox 1629 1323 1690 1378; x_wconf 90' lang='lat' dir='ltr'><strong>in</strong></span> <span class='ocrx_word' id='word_1_72' title='bbox 1743 1322 2003 1379; x_wconf 88' lang='lat' dir='ltr'><strong>secunda</strong></span> 
     </span>
    </p>
   </div>
   <div class='ocr_carea' id='block_1_15' title="bbox 347 1410 1998 1484">
    <p class='ocr_par' dir='ltr' id='par_1_15' title="bbox 347 1410 1998 1484">
     <span class='ocr_line' id='line_1_15' title="bbox 347 1410 1998 1484; baseline -0.001 -17"><span class='ocrx_word' id='word_1_73' title='bbox 347 1413 492 1468; x_wconf 80' lang='lat' dir='ltr'><strong>feria</strong></span> <span class='ocrx_word' id='word_1_74' title='bbox 522 1413 908 1469; x_wconf 87' lang='lat' dir='ltr'><strong>renovationis</strong></span> <span class='ocrx_word' id='word_1_75' title='bbox 941 1412 1206 1467; x_wconf 80' lang='lat' dir='ltr'><strong>institui:</strong></span> <span class='ocrx_word' id='word_1_76' title='bbox 1241 1412 1355 1467; x_wconf 90' lang='lat' dir='ltr'><strong>nisi</strong></span> <span class='ocrx_word' id='word_1_77' title='bbox 1387 1412 1545 1484; x_wconf 86' lang='lat' dir='ltr'><strong>quod</strong></span> <span class='ocrx_word' id='word_1_78' title='bbox 1598 1410 1801 1467; x_wconf 81' lang='lat' dir='ltr'><strong>Veneti</strong></span> <span class='ocrx_word' id='word_1_79' title='bbox 1860 1426 1998 1483; x_wconf 87' lang='lat' dir='ltr'><strong>ape-</strong></span> 
     </span>
    </p>
   </div>
   <div class='ocr_carea' id='block_1_16' title="bbox 351 1500 2001 1572">
    <p class='ocr_par' dir='ltr' id='par_1_16' title="bbox 351 1500 2001 1572">
     <span class='ocr_line' id='line_1_16' title="bbox 351 1500 2001 1572; baseline -0.001 -17"><span class='ocrx_word' id='word_1_80' title='bbox 351 1502 585 1557; x_wconf 90' lang='lat' dir='ltr'><strong>laticum</strong></span> <span class='ocrx_word' id='word_1_81' title='bbox 620 1502 741 1557; x_wconf 90' lang='lat' dir='ltr'><strong>toni</strong></span> <span class='ocrx_word' id='word_1_82' title='bbox 773 1503 796 1556; x_wconf 89' lang='grc' dir='ltr'>Ι</span> <span class='ocrx_word' id='word_1_83' title='bbox 828 1502 1061 1557; x_wconf 88' lang='lat' dir='ltr'><strong>dicant:</strong></span> <span class='ocrx_word' id='word_1_84' title='bbox 1096 1524 1122 1551; x_wconf 85' lang='lat'><strong>«</strong></span> <span class='ocrx_word' id='word_1_85' title='bbox 1159 1500 1365 1570; x_wconf 82' lang='lat' dir='ltr'><strong>Magne</strong></span> <span class='ocrx_word' id='word_1_86' title='bbox 1394 1506 1452 1556; x_wconf 92' lang='lat' dir='ltr'><strong>et</strong></span> <span class='ocrx_word' id='word_1_87' title='bbox 1494 1500 1825 1557; x_wconf 81' lang='lat' dir='ltr'><strong>venerande</strong></span> <span class='ocrx_word' id='word_1_88' title='bbox 1870 1500 2001 1572; x_wconf 85' lang='lat' dir='ltr'><strong>Spi-</strong></span> 
     </span>
    </p>
   </div>
   <div class='ocr_carea' id='block_1_17' title="bbox 348 1588 1999 1661">
    <p class='ocr_par' dir='ltr' id='par_1_17' title="bbox 348 1588 1999 1661">
     <span class='ocr_line' id='line_1_17' title="bbox 348 1588 1999 1661; baseline 0 -16"><span class='ocrx_word' id='word_1_89' title='bbox 348 1591 517 1659; x_wconf 80' lang='lat' dir='ltr'><strong>ritus,</strong></span> <span class='ocrx_word' id='word_1_90' title='bbox 549 1592 647 1661; x_wconf 89' lang='lat' dir='ltr'><strong>qui</strong></span> <span class='ocrx_word' id='word_1_91' title='bbox 678 1591 737 1645; x_wconf 92' lang='lat' dir='ltr'><strong>in</strong></span> <span class='ocrx_word' id='word_1_92' title='bbox 761 1588 906 1645; x_wconf 86' lang='lat' dir='ltr'><strong>coelo</strong></span> <span class='ocrx_word' id='word_1_93' title='bbox 937 1605 1072 1645; x_wconf 89' lang='lat' dir='ltr'><strong>cum</strong></span> <span class='ocrx_word' id='word_1_94' title='bbox 1105 1591 1277 1645; x_wconf 83' lang='lat' dir='ltr'><strong>Patre</strong></span> <span class='ocrx_word' id='word_1_95' title='bbox 1307 1590 1407 1645; x_wconf 70' lang='lat'><strong><em>33</em></strong></span> <span class='ocrx_word' id='word_1_96' title='bbox 1454 1593 1518 1644; x_wconf 92' lang='lat' dir='ltr'><strong>ut</strong></span> <span class='ocrx_word' id='word_1_97' title='bbox 1560 1589 1841 1645; x_wconf 89' lang='lat' dir='ltr'><strong>Dominus</strong></span> <span class='ocrx_word' id='word_1_98' title='bbox 1871 1606 1999 1645; x_wconf 87' lang='lat' dir='ltr'><strong>om-</strong></span> 
     </span>
    </p>
   </div>
   <div class='ocr_carea' id='block_1_18' title="bbox 347 1677 1996 1749">
    <p class='ocr_par' dir='ltr' id='par_1_18' title="bbox 347 1677 1996 1749">
     <span class='ocr_line' id='line_1_18' title="bbox 347 1677 1996 1749; baseline -0.001 -14"><span class='ocrx_word' id='word_1_99' title='bbox 347 1680 513 1736; x_wconf 87' lang='lat' dir='ltr'><strong>nium</strong></span> <span class='ocrx_word' id='word_1_100' title='bbox 544 1679 891 1744; x_wconf 87' lang='lat' dir='ltr'><strong>celebratus,</strong></span> <span class='ocrx_word' id='word_1_101' title='bbox 924 1678 983 1733; x_wconf 92' lang='lat' dir='ltr'><strong>in</strong></span> <span class='ocrx_word' id='word_1_102' title='bbox 1016 1682 1232 1749; x_wconf 89' lang='lat' dir='ltr'><strong>templo</strong></span> <span class='ocrx_word' id='word_1_103' title='bbox 1265 1694 1400 1733; x_wconf 90' lang='lat' dir='ltr'><strong>cum</strong></span> <span class='ocrx_word' id='word_1_104' title='bbox 1443 1677 1705 1734; x_wconf 66' lang='lat' dir='ltr'><strong>Hebraeis</strong></span> <span class='ocrx_word' id='word_1_105' title='bbox 1756 1693 1996 1735; x_wconf 90' lang='lat' dir='ltr'><strong>conver-</strong></span> 
     </span>
    </p>
   </div>
   <div class='ocr_carea' id='block_1_19' title="bbox 346 1766 1998 1839">
    <p class='ocr_par' dir='ltr' id='par_1_19' title="bbox 346 1766 1998 1839">
     <span class='ocr_line' id='line_1_19' title="bbox 346 1766 1998 1839; baseline -0.001 -15"><span class='ocrx_word' id='word_1_106' title='bbox 346 1785 504 1835; x_wconf 87' lang='lat' dir='ltr'><strong>sans,</strong></span> <span class='ocrx_word' id='word_1_107' title='bbox 537 1768 783 1823; x_wconf 85' lang='lat' dir='ltr'><strong>ﬂumina</strong></span> <span class='ocrx_word' id='word_1_108' title='bbox 827 1767 1127 1839; x_wconf 67' lang='lat' dir='ltr'><strong>sapientia</strong></span> <span class='ocrx_word' id='word_1_109' title='bbox 1178 1766 1465 1823; x_wconf 86' lang='lat' dir='ltr'><strong>scaturire</strong></span> <span class='ocrx_word' id='word_1_110' title='bbox 1503 1769 1692 1834; x_wconf 91' lang='lat' dir='ltr'><strong>docet,</strong></span> <span class='ocrx_word' id='word_1_111' title='bbox 1742 1771 1801 1822; x_wconf 90' lang='lat' dir='ltr'><strong>et</strong></span> <span class='ocrx_word' id='word_1_112' title='bbox 1819 1766 1998 1822; x_wconf 85' lang='lat' dir='ltr'><strong>Altis-</strong></span> 
     </span>
    </p>
   </div>
   <div class='ocr_carea' id='block_1_20' title="bbox 344 1856 1995 1929">
    <p class='ocr_par' dir='ltr' id='par_1_20' title="bbox 344 1856 1995 1929">
     <span class='ocr_line' id='line_1_20' title="bbox 344 1856 1995 1929; baseline -0.001 -15"><span class='ocrx_word' id='word_1_113' title='bbox 344 1857 480 1914; x_wconf 87' lang='lat' dir='ltr'><strong>simi</strong></span> <span class='ocrx_word' id='word_1_114' title='bbox 511 1857 808 1929; x_wconf 83' lang='lat' dir='ltr'><strong>Sapientia</strong></span> <span class='ocrx_word' id='word_1_115' title='bbox 845 1856 1258 1912; x_wconf 85' lang='lat' dir='ltr'><strong>admirandum</strong></span> <span class='ocrx_word' id='word_1_116' title='bbox 1290 1858 1348 1911; x_wconf 89' lang='lat' dir='ltr'><strong>in</strong></span> <span class='ocrx_word' id='word_1_117' title='bbox 1403 1858 1641 1912; x_wconf 87' lang='lat' dir='ltr'><strong>modum</strong></span> <span class='ocrx_word' id='word_1_118' title='bbox 1669 1856 1995 1912; x_wconf 83' lang='lat' dir='ltr'><strong>exclamat:</strong></span> 
     </span>
    </p>
   </div>
   <div class='ocr_carea' id='block_1_21' title="bbox 1216 865 1592 937">
    <p class='ocr_par' dir='ltr' id='par_1_21' title="bbox 1216 865 1592 937">
     <span class='ocr_line' id='line_1_21' title="bbox 1216 865 1592 937; baseline 0.008 -17"><span class='ocrx_word' id='word_1_119' title='bbox 1216 865 1306 920; x_wconf 82' lang='lat' dir='ltr'><strong>xui</strong></span> <span class='ocrx_word' id='word_1_120' title='bbox 1346 866 1411 920; x_wconf 77' lang='grc' dir='ltr'><strong>τὰ</strong></span> <span class='ocrx_word' id='word_1_121' title='bbox 1450 867 1592 937; x_wconf 74' lang='grc' dir='ltr'>ἑξῆς.</span> 
     </span>
    </p>
   </div>
   <div class='ocr_carea' id='block_1_22' title="bbox 2111 601 3783 681">
    <p class='ocr_par' dir='ltr' id='par_1_22' title="bbox 2111 601 3783 681">
     <span class='ocr_line' id='line_1_22' title="bbox 2111 601 3783 681; baseline 0.004 -26"><span class='ocrx_word' id='word_1_122' title='bbox 2111 622 2222 657; x_wconf 89' lang='grc' dir='ltr'>ται.</span> <span class='ocrx_word' id='word_1_123' title='bbox 2257 603 2407 671; x_wconf 78' lang='grc' dir='ltr'>Πλὴν</span> <span class='ocrx_word' id='word_1_124' title='bbox 2440 602 2692 679; x_wconf 69' lang='grc' dir='ltr'>λέγουσιν</span> <span class='ocrx_word' id='word_1_125' title='bbox 2741 603 2798 657; x_wconf 72' lang='grc' dir='ltr'>οἱ</span> <span class='ocrx_word' id='word_1_126' title='bbox 2848 604 3063 658; x_wconf 80' lang='grc' dir='ltr'>Βὲνετοι</span> <span class='ocrx_word' id='word_1_127' title='bbox 3093 601 3422 659; x_wconf 85' lang='grc' dir='ltr'>άπελατικὸν</span> <span class='ocrx_word' id='word_1_128' title='bbox 3457 601 3560 681; x_wconf 76' lang='grc' dir='ltr'>ἤχ.</span> <span class='ocrx_word' id='word_1_129' title='bbox 3592 607 3783 681; x_wconf 84' lang='grc' dir='ltr'>πλαγ.</span> 
     </span>
    </p>
   </div>
   <div class='ocr_carea' id='block_1_23' title="bbox 2115 688 3788 764">
    <p class='ocr_par' dir='ltr' id='par_1_23' title="bbox 2115 688 3788 764">
     <span class='ocr_line' id='line_1_23' title="bbox 2115 688 3788 764; baseline 0.003 -19"><span class='ocrx_word' id='word_1_130' title='bbox 2115 688 2198 745; x_wconf 86' lang='grc' dir='ltr'><strong>δ’·</strong></span> <span class='ocrx_word' id='word_1_131' title='bbox 2264 714 2293 743; x_wconf 91' lang='grc' dir='ltr'>ι‹</span> <span class='ocrx_word' id='word_1_132' title='bbox 2333 692 2709 761; x_wconf 86' lang='grc' dir='ltr'>Ἀνακαινίζου</span> <span class='ocrx_word' id='word_1_133' title='bbox 2759 694 2794 761; x_wconf 72' lang='grc' dir='ltr'><strong>ἡ</strong></span> <span class='ocrx_word' id='word_1_134' title='bbox 2842 690 3016 753; x_wconf 78' lang='grc' dir='ltr'>κτίσις</span> <span class='ocrx_word' id='word_1_135' title='bbox 3068 716 3094 742; x_wconf 78' lang='lat' dir='ltr'><strong>n</strong></span> <span class='ocrx_word' id='word_1_136' title='bbox 3144 692 3231 747; x_wconf 83' lang='lat' dir='ltr'><strong>xui</strong></span> <span class='ocrx_word' id='word_1_137' title='bbox 3281 692 3348 747; x_wconf 75' lang='grc' dir='ltr'>τὰ</span> <span class='ocrx_word' id='word_1_138' title='bbox 3400 694 3541 764; x_wconf 71' lang='grc' dir='ltr'>ἑξῆς.</span> <span class='ocrx_word' id='word_1_139' title='bbox 3594 696 3664 752; x_wconf 73' lang='grc' dir='ltr'><strong>Οἱ</strong></span> <span class='ocrx_word' id='word_1_140' title='bbox 3713 697 3788 751; x_wconf 69' lang='grc' dir='ltr'>δὲ</span> 
     </span>
    </p>
   </div>
   <div class='ocr_carea' id='block_1_24' title="bbox 1178 772 3785 860">
    <p class='ocr_par' dir='ltr' id='par_1_24' title="bbox 1178 772 3785 860">
     <span class='ocr_line' id='line_1_24' title="bbox 1178 772 3785 860; baseline 0.004 -26"><span class='ocrx_word' id='word_1_141' title='bbox 1178 772 1580 842; x_wconf 75' lang='grc' dir='ltr'>Ἀποϐαλόντες</span> <span class='ocrx_word' id='word_1_142' title='bbox 1635 780 1703 834; x_wconf 83' lang='grc' dir='ltr'>τὰ</span> <span class='ocrx_word' id='word_1_143' title='bbox 1759 775 2017 854; x_wconf 72' lang='grc' dir='ltr'>σύμϐολα</span> <span class='ocrx_word' id='word_1_144' title='bbox 2087 780 2301 856; x_wconf 80' lang='grc' dir='ltr'>λυπρᾶς</span> <span class='ocrx_word' id='word_1_145' title='bbox 2356 781 2648 859; x_wconf 72' lang='grc' dir='ltr'><strong>κατηφείας</strong></span> <span class='ocrx_word' id='word_1_146' title='bbox 2692 805 2721 834; x_wconf 83' lang='grc'><strong>››</strong></span> <span class='ocrx_word' id='word_1_147' title='bbox 2760 784 2850 838; x_wconf 87' lang='lat' dir='ltr'><strong>xui</strong></span> <span class='ocrx_word' id='word_1_148' title='bbox 2908 784 2976 838; x_wconf 74' lang='grc' dir='ltr'>τὰ</span> <span class='ocrx_word' id='word_1_149' title='bbox 3027 782 3171 852; x_wconf 66' lang='grc' dir='ltr'>ἑξῆς.</span> <span class='ocrx_word' id='word_1_150' title='bbox 3231 781 3410 838; x_wconf 78' lang='grc' dir='ltr'>Ἀλλο</span> <span class='ocrx_word' id='word_1_151' title='bbox 3471 785 3573 860; x_wconf 73' lang='grc' dir='ltr'>ἢχ.</span> <span class='ocrx_word' id='word_1_152' title='bbox 3639 806 3671 841; x_wconf 88' lang='grc' dir='ltr'><strong>α</strong></span> <span class='ocrx_word' id='word_1_153' title='bbox 3725 788 3785 859; x_wconf 81' lang='grc' dir='ltr'><strong>ξ.</strong></span> 
     </span>
    </p>
   </div>
   <div class='ocr_carea' id='block_1_25' title="bbox 2758 973 3126 1029">
    <p class='ocr_par' dir='ltr' id='par_1_25' title="bbox 2758 973 3126 1029">
     <span class='ocr_line' id='line_1_25' title="bbox 2758 973 3126 1029; baseline 0 -2"><span class='ocrx_word' id='word_1_154' title='bbox 2758 973 3023 1029; x_wconf 78' lang='grc' dir='ltr'><strong>ΚΕΦΑΛ.</strong></span> <span class='ocrx_word' id='word_1_155' title='bbox 3056 977 3126 1027; x_wconf 86' lang='lat' dir='ltr'><strong>Z‘.</strong></span> 
     </span>
    </p>
   </div>
   <div class='ocr_carea' id='block_1_26' title="bbox 2356 1061 3523 1136">
    <p class='ocr_par' dir='ltr' id='par_1_26' title="bbox 2356 1061 3523 1136">
     <span class='ocr_line' id='line_1_26' title="bbox 2356 1061 3523 1136; baseline 0.003 -20"><span class='ocrx_word' id='word_1_156' title='bbox 2356 1062 2440 1131; x_wconf 83' lang='grc' dir='ltr'><strong>Τῇ</strong></span> <span class='ocrx_word' id='word_1_157' title='bbox 2484 1061 2645 1134; x_wconf 74' lang='grc' dir='ltr'>ἑορτῇ</span> <span class='ocrx_word' id='word_1_158' title='bbox 2685 1065 2786 1127; x_wconf 82' lang='grc' dir='ltr'><strong>τῆς</strong></span> <span class='ocrx_word' id='word_1_159' title='bbox 2825 1062 3352 1132; x_wconf 84' lang='grc' dir='ltr'>Μεσοπεντηκοστῆς</span> <span class='ocrx_word' id='word_1_160' title='bbox 3392 1064 3523 1136; x_wconf 88' lang='grc'>(78).</span> 
     </span>
    </p>
   </div>
   <div class='ocr_carea' id='block_1_27' title="bbox 2184 1146 3783 1227">
    <p class='ocr_par' dir='ltr' id='par_1_27' title="bbox 2184 1146 3783 1227">
     <span class='ocr_line' id='line_1_27' title="bbox 2184 1146 3783 1227; baseline 0.006 -25"><span class='ocrx_word' id='word_1_161' title='bbox 2184 1150 2305 1222; x_wconf 85' lang='grc' dir='ltr'><strong>Χρή</strong></span> <span class='ocrx_word' id='word_1_162' title='bbox 2340 1146 2558 1218; x_wconf 74' lang='grc' dir='ltr'>εἰδέναι,</span> <span class='ocrx_word' id='word_1_163' title='bbox 2592 1149 2676 1204; x_wconf 75' lang='grc' dir='ltr'><strong>ὅτι</strong></span> <span class='ocrx_word' id='word_1_164' title='bbox 2723 1148 2812 1205; x_wconf 82' lang='lat' dir='ltr'><strong>xui</strong></span> <span class='ocrx_word' id='word_1_165' title='bbox 2854 1154 2922 1223; x_wconf 80' lang='grc' dir='ltr'><strong>τῇ</strong></span> <span class='ocrx_word' id='word_1_166' title='bbox 2963 1149 3290 1226; x_wconf 67' lang='grc' dir='ltr'>προελεύσει</span> <span class='ocrx_word' id='word_1_167' title='bbox 3328 1152 3497 1227; x_wconf 74' lang='grc' dir='ltr'>ταύτῃ</span> <span class='ocrx_word' id='word_1_168' title='bbox 3520 1161 3621 1224; x_wconf 81' lang='grc' dir='ltr'>τῆς</span> <span class='ocrx_word' id='word_1_169' title='bbox 3657 1157 3783 1213; x_wconf 75' lang='grc' dir='ltr'><strong>Με-</strong></span> 
     </span>
    </p>
   </div>
   <div class='ocr_carea' id='block_1_28' title="bbox 2112 1239 3781 1309">
    <p class='ocr_par' dir='ltr' id='par_1_28' title="bbox 2112 1239 3781 1309">
     <span class='ocr_line' id='line_1_28' title="bbox 2112 1239 3781 1309; baseline 0.005 -19"><span class='ocrx_word' id='word_1_170' title='bbox 2112 1245 2572 1309; x_wconf 81' lang='grc' dir='ltr'>σοπεντηκοστῆς,</span> <span class='ocrx_word' id='word_1_171' title='bbox 2649 1239 2740 1293; x_wconf 92' lang='lat' dir='ltr'><strong>xui</strong></span> <span class='ocrx_word' id='word_1_172' title='bbox 2814 1239 3091 1295; x_wconf 80' lang='grc' dir='ltr'><strong>ἀπιόντων</strong></span> <span class='ocrx_word' id='word_1_173' title='bbox 3167 1246 3277 1295; x_wconf 80' lang='grc' dir='ltr'><strong>τῶν</strong></span> <span class='ocrx_word' id='word_1_174' title='bbox 3340 1239 3618 1299; x_wconf 81' lang='grc' dir='ltr'><strong>δεσποτῶν</strong></span> <span class='ocrx_word' id='word_1_175' title='bbox 3674 1243 3781 1299; x_wconf 82' lang='grc' dir='ltr'><strong>καὶ</strong></span> 
     </span>
    </p>
   </div>
   <div class='ocr_carea' id='block_1_29' title="bbox 2108 1326 3783 1409">
    <p class='ocr_par' dir='ltr' id='par_1_29' title="bbox 2108 1326 3783 1409">
     <span class='ocr_line' id='line_1_29' title="bbox 2108 1326 3783 1409; baseline 0.005 -28"><span class='ocrx_word' id='word_1_176' title='bbox 2108 1326 2279 1383; x_wconf 86' lang='grc' dir='ltr'>πάλιν</span> <span class='ocrx_word' id='word_1_177' title='bbox 2312 1328 2783 1407; x_wconf 72' lang='grc' dir='ltr'>ὖποστρεφόντων,</span> <span class='ocrx_word' id='word_1_178' title='bbox 2814 1329 2906 1384; x_wconf 83' lang='grc' dir='ltr'><strong>καὶ</strong></span> <span class='ocrx_word' id='word_1_179' title='bbox 2938 1330 2992 1385; x_wconf 76' lang='grc' dir='ltr'>αἱ</span> <span class='ocrx_word' id='word_1_180' title='bbox 3027 1327 3198 1405; x_wconf 86' lang='grc' dir='ltr'>δοχαὶ</span> <span class='ocrx_word' id='word_1_181' title='bbox 3228 1331 3320 1385; x_wconf 87' lang='lat' dir='ltr'><strong>xui</strong></span> <span class='ocrx_word' id='word_1_182' title='bbox 3350 1332 3405 1385; x_wconf 75' lang='grc' dir='ltr'>αἱ</span> <span class='ocrx_word' id='word_1_183' title='bbox 3437 1332 3783 1409; x_wconf 81' lang='grc' dir='ltr'>ἀκτολογίαι</span> 
     </span>
    </p>
   </div>
   <div class='ocr_carea' id='block_1_30' title="bbox 2108 1416 3779 1495">
    <p class='ocr_par' dir='ltr' id='par_1_30' title="bbox 2108 1416 3779 1495">
     <span class='ocr_line' id='line_1_30' title="bbox 2108 1416 3779 1495; baseline 0.004 -25"><span class='ocrx_word' id='word_1_184' title='bbox 2108 1416 2301 1489; x_wconf 76' lang='grc' dir='ltr'>ὅμοιαι</span> <span class='ocrx_word' id='word_1_185' title='bbox 2331 1418 2578 1491; x_wconf 84' lang='grc' dir='ltr'>γίνονται</span> <span class='ocrx_word' id='word_1_186' title='bbox 2598 1425 2701 1487; x_wconf 79' lang='grc' dir='ltr'>τῆς</span> <span class='ocrx_word' id='word_1_187' title='bbox 2732 1416 2983 1494; x_wconf 69' lang='grc' dir='ltr'>δευτέρας</span> <span class='ocrx_word' id='word_1_188' title='bbox 3008 1426 3110 1489; x_wconf 81' lang='grc' dir='ltr'><strong>τῆς</strong></span> <span class='ocrx_word' id='word_1_189' title='bbox 3135 1417 3580 1495; x_wconf 88' lang='grc' dir='ltr'>διακαινησίμου.</span> <span class='ocrx_word' id='word_1_190' title='bbox 3610 1422 3779 1491; x_wconf 71' lang='grc' dir='ltr'>Πλὴν</span> 
     </span>
    </p>
   </div>
   <div class='ocr_carea' id='block_1_31' title="bbox 2107 1506 3775 1587">
    <p class='ocr_par' dir='ltr' id='par_1_31' title="bbox 2107 1506 3775 1587">
     <span class='ocr_line' id='line_1_31' title="bbox 2107 1506 3775 1587; baseline 0.003 -27"><span class='ocrx_word' id='word_1_191' title='bbox 2107 1508 2159 1561; x_wconf 74' lang='grc' dir='ltr'>οἱ</span> <span class='ocrx_word' id='word_1_192' title='bbox 2194 1507 2289 1579; x_wconf 73' lang='grc' dir='ltr'>μὲν</span> <span class='ocrx_word' id='word_1_193' title='bbox 2325 1508 2440 1563; x_wconf 76' lang='grc'><strong>¹⁰.¹“¹</strong></span> <span class='ocrx_word' id='word_1_194' title='bbox 2474 1508 2681 1563; x_wconf 78' lang='grc' dir='ltr'>Βένετοι</span> <span class='ocrx_word' id='word_1_195' title='bbox 2734 1506 2987 1583; x_wconf 75' lang='grc' dir='ltr'>λέγουσιν</span> <span class='ocrx_word' id='word_1_196' title='bbox 3039 1508 3145 1564; x_wconf 80' lang='grc' dir='ltr'>ἀπὸ</span> <span class='ocrx_word' id='word_1_197' title='bbox 3195 1517 3382 1587; x_wconf 82' lang='grc' dir='ltr'>φωνῆς</span> <span class='ocrx_word' id='word_1_198' title='bbox 3434 1510 3775 1567; x_wconf 81' lang='grc' dir='ltr'>ἀπελατικὸν</span> 
     </span>
    </p>
   </div>
   <div class='ocr_carea' id='block_1_32' title="bbox 2105 1591 3771 1669">
    <p class='ocr_par' dir='ltr' id='par_1_32' title="bbox 2105 1591 3771 1669">
     <span class='ocr_line' id='line_1_32' title="bbox 2105 1591 3771 1669; baseline 0.002 -20"><span class='ocrx_word' id='word_1_199' title='bbox 2105 1595 2205 1669; x_wconf 77' lang='grc' dir='ltr'>ἢχ.</span> <span class='ocrx_word' id='word_1_200' title='bbox 2239 1602 2286 1649; x_wconf 90' lang='grc' dir='ltr'>α’</span> <span class='ocrx_word' id='word_1_201' title='bbox 2309 1613 2321 1626; x_wconf 91' lang='grc'><strong>·</strong></span> <span class='ocrx_word' id='word_1_202' title='bbox 2355 1619 2385 1647; x_wconf 92' lang='grc'><strong>‹‹</strong></span> <span class='ocrx_word' id='word_1_203' title='bbox 2417 1599 2634 1668; x_wconf 79' lang='grc' dir='ltr'>Πνεῦμα</span> <span class='ocrx_word' id='word_1_204' title='bbox 2667 1594 2807 1669; x_wconf 83' lang='grc' dir='ltr'><strong>μέγα</strong></span> <span class='ocrx_word' id='word_1_205' title='bbox 2836 1597 2927 1651; x_wconf 84' lang='grc' dir='ltr'><strong>καὶ</strong></span> <span class='ocrx_word' id='word_1_206' title='bbox 2959 1591 3277 1669; x_wconf 76' lang='grc' dir='ltr'>σεϐάσμιον,</span> <span class='ocrx_word' id='word_1_207' title='bbox 3320 1598 3348 1652; x_wconf 87' lang='grc' dir='ltr'>ὁ</span> <span class='ocrx_word' id='word_1_208' title='bbox 3390 1596 3503 1653; x_wconf 76' lang='grc' dir='ltr'>ἄνω</span> <span class='ocrx_word' id='word_1_209' title='bbox 3535 1594 3771 1669; x_wconf 83' lang='grc' dir='ltr'>δοξαζό-</span> 
     </span>
    </p>
   </div>
   <div class='ocr_carea' id='block_1_33' title="bbox 2108 1683 3773 1762">
    <p class='ocr_par' dir='ltr' id='par_1_33' title="bbox 2108 1683 3773 1762">
     <span class='ocr_line' id='line_1_33' title="bbox 2108 1683 3773 1762; baseline 0.002 -23"><span class='ocrx_word' id='word_1_210' title='bbox 2108 1705 2264 1757; x_wconf 82' lang='grc' dir='ltr'>μενος</span> <span class='ocrx_word' id='word_1_211' title='bbox 2321 1683 2415 1739; x_wconf 82' lang='grc' dir='ltr'>σὺν</span> <span class='ocrx_word' id='word_1_212' title='bbox 2472 1689 2552 1757; x_wconf 66' lang='grc' dir='ltr'>τῷ</span> <span class='ocrx_word' id='word_1_213' title='bbox 2604 1685 2774 1760; x_wconf 81' lang='grc' dir='ltr'>Πατρὶ</span> <span class='ocrx_word' id='word_1_214' title='bbox 2835 1685 2912 1747; x_wconf 84' lang='grc' dir='ltr'>ὡς</span> <span class='ocrx_word' id='word_1_215' title='bbox 2967 1686 3185 1741; x_wconf 90' lang='grc' dir='ltr'>πάντων</span> <span class='ocrx_word' id='word_1_216' title='bbox 3245 1687 3468 1761; x_wconf 81' lang='grc' dir='ltr'>Κύριος,</span> <span class='ocrx_word' id='word_1_217' title='bbox 3517 1690 3573 1742; x_wconf 64' lang='grc' dir='ltr'>ἓν</span> <span class='ocrx_word' id='word_1_218' title='bbox 3631 1688 3773 1762; x_wconf 82' lang='grc' dir='ltr'><strong>ἰερῷ</strong></span> 
     </span>
    </p>
   </div>
   <div class='ocr_carea' id='block_1_34' title="bbox 2101 1769 3775 1851">
    <p class='ocr_par' dir='ltr' id='par_1_34' title="bbox 2101 1769 3775 1851">
     <span class='ocr_line' id='line_1_34' title="bbox 2101 1769 3775 1851; baseline 0.001 -22"><span class='ocrx_word' id='word_1_219' title='bbox 2101 1771 2400 1847; x_wconf 88' lang='grc' dir='ltr'>συνόμιλος</span> <span class='ocrx_word' id='word_1_220' title='bbox 2448 1770 2523 1829; x_wconf 79' lang='grc' dir='ltr'>ὣν</span> <span class='ocrx_word' id='word_1_221' title='bbox 2565 1769 2845 1849; x_wconf 73' lang='grc' dir='ltr'>Ἑϐραίοις</span> <span class='ocrx_word' id='word_1_222' title='bbox 2896 1771 3149 1829; x_wconf 76' lang='grc' dir='ltr'>διδάσκεί</span> <span class='ocrx_word' id='word_1_223' title='bbox 3188 1776 3386 1851; x_wconf 77' lang='grc' dir='ltr'>Σοφίας</span> <span class='ocrx_word' id='word_1_224' title='bbox 3437 1776 3620 1851; x_wconf 79' lang='grc' dir='ltr'>βρύειν</span> <span class='ocrx_word' id='word_1_225' title='bbox 3665 1777 3775 1831; x_wconf 80' lang='grc' dir='ltr'>νά-</span> 
     </span>
    </p>
   </div>
   <div class='ocr_carea' id='block_1_35' title="bbox 2102 1861 3775 1940">
    <p class='ocr_par' dir='ltr' id='par_1_35' title="bbox 2102 1861 3775 1940">
     <span class='ocr_line' id='line_1_35' title="bbox 2102 1861 3775 1940; baseline 0.002 -25"><span class='ocrx_word' id='word_1_226' title='bbox 2102 1882 2245 1935; x_wconf 84' lang='grc' dir='ltr'>ματα</span> <span class='ocrx_word' id='word_1_227' title='bbox 2273 1864 2410 1935; x_wconf 85' lang='grc'>(79),</span> <span class='ocrx_word' id='word_1_228' title='bbox 2453 1862 2741 1937; x_wconf 80' lang='grc' dir='ltr'>ὑπερφυῶς</span> <span class='ocrx_word' id='word_1_229' title='bbox 2788 1864 2823 1931; x_wconf 81' lang='grc' dir='ltr'>ἡ</span> <span class='ocrx_word' id='word_1_230' title='bbox 2878 1863 3059 1936; x_wconf 77' lang='grc' dir='ltr'>Σοφία</span> <span class='ocrx_word' id='word_1_231' title='bbox 3103 1867 3204 1917; x_wconf 89' lang='grc' dir='ltr'><strong>τοῦ</strong></span> <span class='ocrx_word' id='word_1_232' title='bbox 3247 1864 3509 1937; x_wconf 82' lang='grc' dir='ltr'>Ὑψίστου</span> <span class='ocrx_word' id='word_1_233' title='bbox 3541 1861 3775 1940; x_wconf 77' lang='grc' dir='ltr'>ἂναφω..</span> 
     </span>
    </p>
   </div>
   <div class='ocr_carea' id='block_1_36' title="bbox 342 1945 1996 2033">
    <p class='ocr_par' dir='ltr' id='par_1_36' title="bbox 342 1945 1994 2017">
     <span class='ocr_line' id='line_1_36' title="bbox 342 1945 1994 2017; baseline -0.001 -15"><span class='ocrx_word' id='word_1_234' title='bbox 342 1947 629 2015; x_wconf 82' lang='lat' dir='ltr'><strong>Accedite,</strong></span> <span class='ocrx_word' id='word_1_235' title='bbox 660 1946 947 2011; x_wconf 84' lang='lat' dir='ltr'><strong>sitientes,</strong></span> <span class='ocrx_word' id='word_1_236' title='bbox 981 1949 1038 2002; x_wconf 87' lang='lat' dir='ltr'><strong>et</strong></span> <span class='ocrx_word' id='word_1_237' title='bbox 1065 1945 1346 2016; x_wconf 88' lang='lat' dir='ltr'><strong>Spiritus,</strong></span> <span class='ocrx_word' id='word_1_238' title='bbox 1382 1946 1484 2017; x_wconf 88' lang='lat' dir='ltr'><strong>qui</strong></span> <span class='ocrx_word' id='word_1_239' title='bbox 1517 1950 1689 2016; x_wconf 90' lang='lat' dir='ltr'><strong>potus</strong></span> <span class='ocrx_word' id='word_1_240' title='bbox 1718 1946 1994 2017; x_wconf 88' lang='lat' dir='ltr'><strong>perennis</strong></span> 
     </span>
    </p>
   </div>
   <div class='ocr_carea' id='block_1_37' title="bbox 2110 1945 3738 2033">
    <p class='ocr_par' dir='ltr' id='par_1_37' title="bbox 2110 1948 3738 2028">
     <span class='ocr_line' id='line_1_37' title="bbox 2110 1948 3738 2028; baseline 0.002 -22"><span class='ocrx_word' id='word_1_241' title='bbox 2110 1957 2225 2007; x_wconf 64' lang='grc' dir='ltr'>νῶν·</span> <span class='ocrx_word' id='word_1_242' title='bbox 2289 1952 2356 2009; x_wconf 77' lang='lat' dir='ltr'><strong>Oi</strong></span> <span class='ocrx_word' id='word_1_243' title='bbox 2414 1948 2680 2025; x_wconf 82' lang='grc' dir='ltr'>διψῶντες</span> <span class='ocrx_word' id='word_1_244' title='bbox 2749 1953 3144 2028; x_wconf 80' lang='grc' dir='ltr'>προσὲρχεσθε,</span> <span class='ocrx_word' id='word_1_245' title='bbox 3195 1953 3282 2007; x_wconf 84' lang='grc' dir='ltr'><strong>καὶ</strong></span> <span class='ocrx_word' id='word_1_246' title='bbox 3344 1950 3654 2028; x_wconf 79' lang='grc' dir='ltr'>δροσίζεσθε</span> <span class='ocrx_word' id='word_1_247' title='bbox 3718 1963 3738 1993; x_wconf 75' lang='grc' dir='ltr'><strong>ι</strong></span> 
     </span>
    </p>
   </div>
   <div class='ocr_carea' id='block_1_38' title="bbox 345 2033 1991 2105">
    <p class='ocr_par' dir='ltr' id='par_1_38' title="bbox 345 2033 1991 2105">
     <span class='ocr_line' id='line_1_38' title="bbox 345 2033 1991 2105; baseline -0.001 -15"><span class='ocrx_word' id='word_1_248' title='bbox 345 2039 455 2101; x_wconf 89' lang='lat' dir='ltr'><strong>est,</strong></span> <span class='ocrx_word' id='word_1_249' title='bbox 486 2034 701 2089; x_wconf 89' lang='lat' dir='ltr'><strong>haustu</strong></span> <span class='ocrx_word' id='word_1_250' title='bbox 733 2033 1080 2105; x_wconf 88' lang='lat' dir='ltr'><strong>irrigamini.</strong></span> <span class='ocrx_word' id='word_1_251' title='bbox 1131 2034 1337 2104; x_wconf 87' lang='lat' dir='ltr'><strong>Populi</strong></span> <span class='ocrx_word' id='word_1_252' title='bbox 1370 2034 1634 2089; x_wconf 85' lang='lat' dir='ltr'><strong>bibentes</strong></span> <span class='ocrx_word' id='word_1_253' title='bbox 1676 2033 1991 2096; x_wconf 84' lang='lat' dir='ltr'><strong>exsultant,</strong></span> 
     </span>
    </p>
   </div>
   <div class='ocr_carea' id='block_1_39' title="bbox 347 2122 1993 2195">
    <p class='ocr_par' dir='ltr' id='par_1_39' title="bbox 347 2122 1993 2195">
     <span class='ocr_line' id='line_1_39' title="bbox 347 2122 1993 2195; baseline -0.001 -16"><span class='ocrx_word' id='word_1_254' title='bbox 347 2127 405 2179; x_wconf 91' lang='lat' dir='ltr'><strong>et</strong></span> <span class='ocrx_word' id='word_1_255' title='bbox 436 2124 753 2195; x_wconf 87' lang='lat' dir='ltr'><strong>potentiam</strong></span> <span class='ocrx_word' id='word_1_256' title='bbox 794 2127 1071 2187; x_wconf 84' lang='lat' dir='ltr'><strong>vestrum,</strong></span> <span class='ocrx_word' id='word_1_257' title='bbox 1106 2122 1353 2189; x_wconf 88' lang='lat' dir='ltr'><strong>domini,</strong></span> <span class='ocrx_word' id='word_1_258' title='bbox 1392 2126 1460 2178; x_wconf 88' lang='lat' dir='ltr'><strong>ad</strong></span> <span class='ocrx_word' id='word_1_259' title='bbox 1514 2123 1784 2194; x_wconf 83' lang='lat' dir='ltr'><strong>gloriam,</strong></span> <span class='ocrx_word' id='word_1_260' title='bbox 1820 2123 1993 2178; x_wconf 87' lang='lat' dir='ltr'><strong>bono-</strong></span> 
     </span>
    </p>
   </div>
   <div class='ocr_carea' id='block_1_40' title="bbox 347 2211 1991 2269">
    <p class='ocr_par' dir='ltr' id='par_1_40' title="bbox 347 2211 1991 2269">
     <span class='ocr_line' id='line_1_40' title="bbox 347 2211 1991 2269; baseline -0.002 0"><span class='ocrx_word' id='word_1_261' title='bbox 347 2228 465 2269; x_wconf 81' lang='lat' dir='ltr'><strong>rem</strong></span> <span class='ocrx_word' id='word_1_262' title='bbox 528 2216 585 2268; x_wconf 92' lang='lat' dir='ltr'><strong>et</strong></span> <span class='ocrx_word' id='word_1_263' title='bbox 642 2211 1065 2267; x_wconf 85' lang='lat' dir='ltr'><strong>incrementum</strong></span> <span class='ocrx_word' id='word_1_264' title='bbox 1148 2211 1546 2266; x_wconf 81' lang='lat' dir='ltr'><strong>Romanorum</strong></span> <span class='ocrx_word' id='word_1_265' title='bbox 1619 2220 1991 2267; x_wconf 84' lang='lat' dir='ltr'><strong>venerantur.</strong></span> 
     </span>
    </p>
   </div>
   <div class='ocr_carea' id='block_1_41' title="bbox 349 2298 1995 2356">
    <p class='ocr_par' dir='ltr' id='par_1_41' title="bbox 349 2298 1995 2356">
     <span class='ocr_line' id='line_1_41' title="bbox 349 2298 1995 2356; baseline 0 -1"><span class='ocrx_word' id='word_1_266' title='bbox 349 2300 571 2356; x_wconf 89' lang='lat' dir='ltr'><strong>Prasini</strong></span> <span class='ocrx_word' id='word_1_267' title='bbox 629 2316 759 2356; x_wconf 88' lang='lat' dir='ltr'><strong>vero</strong></span> <span class='ocrx_word' id='word_1_268' title='bbox 820 2315 952 2355; x_wconf 79' lang='lat' dir='ltr'><strong>voce</strong></span> <span class='ocrx_word' id='word_1_269' title='bbox 1010 2298 1130 2354; x_wconf 88' lang='lat' dir='ltr'><strong>toni</strong></span> <span class='ocrx_word' id='word_1_270' title='bbox 1165 2300 1222 2354; x_wconf 92' lang='lat' dir='ltr'><strong>I:</strong></span> <span class='ocrx_word' id='word_1_271' title='bbox 1282 2321 1311 2350; x_wconf 88' lang='grc' dir='ltr'>ι(</span> <span class='ocrx_word' id='word_1_272' title='bbox 1373 2300 1657 2355; x_wconf 86' lang='lat' dir='ltr'><strong>Mediator</strong></span> <span class='ocrx_word' id='word_1_273' title='bbox 1714 2305 1995 2356; x_wconf 76' lang='lat' dir='ltr'><strong>creatura:</strong></span> 
     </span>
    </p>
   </div>
   <div class='ocr_carea' id='block_1_42' title="bbox 348 2387 1993 2461">
    <p class='ocr_par' dir='ltr' id='par_1_42' title="bbox 348 2387 1993 2461">
     <span class='ocr_line' id='line_1_42' title="bbox 348 2387 1993 2461; baseline -0.001 -16"><span class='ocrx_word' id='word_1_274' title='bbox 348 2390 553 2461; x_wconf 86' lang='lat' dir='ltr'><strong>suique</strong></span> <span class='ocrx_word' id='word_1_275' title='bbox 602 2388 790 2443; x_wconf 85' lang='lat' dir='ltr'><strong>Patris</strong></span> <span class='ocrx_word' id='word_1_276' title='bbox 838 2388 1103 2443; x_wconf 88' lang='lat' dir='ltr'><strong>divinum</strong></span> <span class='ocrx_word' id='word_1_277' title='bbox 1134 2387 1411 2453; x_wconf 89' lang='lat' dir='ltr'><strong>Verbum,</strong></span> <span class='ocrx_word' id='word_1_278' title='bbox 1446 2389 1504 2443; x_wconf 92' lang='lat' dir='ltr'><strong>in</strong></span> <span class='ocrx_word' id='word_1_279' title='bbox 1540 2388 1728 2444; x_wconf 89' lang='lat' dir='ltr'><strong>medio</strong></span> <span class='ocrx_word' id='word_1_280' title='bbox 1779 2388 1993 2459; x_wconf 84' lang='lat' dir='ltr'><strong>templo</strong></span> 
     </span>
    </p>
   </div>
   <div class='ocr_carea' id='block_1_43' title="bbox 348 2474 1994 2548">
    <p class='ocr_par' dir='ltr' id='par_1_43' title="bbox 348 2474 1994 2548">
     <span class='ocr_line' id='line_1_43' title="bbox 348 2474 1994 2548; baseline 0.001 -18"><span class='ocrx_word' id='word_1_281' title='bbox 348 2474 458 2533; x_wconf 91' lang='lat' dir='ltr'><strong>hoc</strong></span> <span class='ocrx_word' id='word_1_282' title='bbox 489 2477 634 2533; x_wconf 81' lang='lat' dir='ltr'><strong>festo</strong></span> <span class='ocrx_word' id='word_1_283' title='bbox 666 2476 845 2532; x_wconf 89' lang='lat' dir='ltr'><strong>libere</strong></span> <span class='ocrx_word' id='word_1_284' title='bbox 876 2476 1170 2547; x_wconf 87' lang='lat' dir='ltr'><strong>loquitur:</strong></span> <span class='ocrx_word' id='word_1_285' title='bbox 1221 2477 1321 2547; x_wconf 90' lang='lat' dir='ltr'><strong>qui</strong></span> <span class='ocrx_word' id='word_1_286' title='bbox 1370 2492 1399 2531; x_wconf 92' lang='lat' dir='ltr'><strong>e</strong></span> <span class='ocrx_word' id='word_1_287' title='bbox 1450 2475 1627 2531; x_wconf 83' lang='lat' dir='ltr'><strong>latere</strong></span> <span class='ocrx_word' id='word_1_288' title='bbox 1675 2475 1994 2548; x_wconf 89' lang='lat' dir='ltr'><strong>purissimo</strong></span> 
     </span>
    </p>
   </div>
   <div class='ocr_carea' id='block_1_44' title="bbox 346 2563 1996 2621">
    <p class='ocr_par' dir='ltr' id='par_1_44' title="bbox 346 2563 1996 2621">
     <span class='ocr_line' id='line_1_44' title="bbox 346 2563 1996 2621; baseline 0.001 -2"><span class='ocrx_word' id='word_1_289' title='bbox 346 2566 406 2621; x_wconf 90' lang='lat' dir='ltr'><strong>in</strong></span> <span class='ocrx_word' id='word_1_290' title='bbox 438 2569 623 2621; x_wconf 87' lang='lat' dir='ltr'><strong>totum</strong></span> <span class='ocrx_word' id='word_1_291' title='bbox 652 2566 851 2620; x_wconf 87' lang='lat' dir='ltr'><strong>orbem</strong></span> <span class='ocrx_word' id='word_1_292' title='bbox 900 2563 1145 2619; x_wconf 83' lang='lat' dir='ltr'><strong>ﬂumina</strong></span> <span class='ocrx_word' id='word_1_293' title='bbox 1192 2564 1653 2620; x_wconf 81' lang='lat' dir='ltr'><strong>immortalitatis</strong></span> <span class='ocrx_word' id='word_1_294' title='bbox 1702 2565 1996 2620; x_wconf 75' lang='lat' dir='ltr'><strong>eﬂ&#39;usurus</strong></span> 
     </span>
    </p>
   </div>
   <div class='ocr_carea' id='block_1_45' title="bbox 345 2652 1996 2723">
    <p class='ocr_par' dir='ltr' id='par_1_45' title="bbox 345 2652 1996 2723">
     <span class='ocr_line' id='line_1_45' title="bbox 345 2652 1996 2723; baseline -0.001 -14"><span class='ocrx_word' id='word_1_295' title='bbox 345 2670 430 2723; x_wconf 86' lang='lat' dir='ltr'><strong>es,</strong></span> <span class='ocrx_word' id='word_1_296' title='bbox 478 2670 635 2709; x_wconf 88' lang='lat' dir='ltr'><strong>nunc</strong></span> <span class='ocrx_word' id='word_1_297' title='bbox 680 2653 1039 2718; x_wconf 87' lang='lat' dir='ltr'><strong>sitientibus,</strong></span> <span class='ocrx_word' id='word_1_298' title='bbox 1091 2669 1121 2708; x_wconf 91' lang='lat' dir='ltr'><strong>e</strong></span> <span class='ocrx_word' id='word_1_299' title='bbox 1171 2652 1368 2719; x_wconf 89' lang='lat' dir='ltr'><strong>labiis,</strong></span> <span class='ocrx_word' id='word_1_300' title='bbox 1421 2653 1700 2709; x_wconf 70' lang='lat' dir='ltr'><strong>doctrinae</strong></span> <span class='ocrx_word' id='word_1_301' title='bbox 1748 2652 1996 2709; x_wconf 86' lang='lat' dir='ltr'><strong>ﬂumina</strong></span> 
     </span>
    </p>
   </div>
   <div class='ocr_carea' id='block_1_46' title="bbox 347 2742 1991 2815">
    <p class='ocr_par' dir='ltr' id='par_1_46' title="bbox 347 2742 1991 2815">
     <span class='ocr_line' id='line_1_46' title="bbox 347 2742 1991 2815; baseline 0.001 -18"><span class='ocrx_word' id='word_1_302' title='bbox 347 2742 687 2815; x_wconf 83' lang='lat' dir='ltr'><strong>profondis;</strong></span> <span class='ocrx_word' id='word_1_303' title='bbox 724 2748 779 2797; x_wconf 88' lang='lat' dir='ltr'><strong>at</strong></span> <span class='ocrx_word' id='word_1_304' title='bbox 827 2742 1165 2814; x_wconf 88' lang='lat' dir='ltr'><strong>imperitum</strong></span> <span class='ocrx_word' id='word_1_305' title='bbox 1210 2743 1419 2814; x_wconf 90' lang='lat' dir='ltr'><strong>vulgus</strong></span> <span class='ocrx_word' id='word_1_306' title='bbox 1452 2742 1698 2798; x_wconf 86' lang='lat' dir='ltr'><strong>miratur</strong></span> <span class='ocrx_word' id='word_1_307' title='bbox 1729 2742 1991 2815; x_wconf 91' lang='lat' dir='ltr'><strong>quidem,</strong></span> 
     </span>
    </p>
   </div>
   <div class='ocr_carea' id='block_1_47' title="bbox 349 2830 1997 2903">
    <p class='ocr_par' dir='ltr' id='par_1_47' title="bbox 349 2830 1997 2903">
     <span class='ocr_line' id='line_1_47' title="bbox 349 2830 1997 2903; baseline -0.001 -16"><span class='ocrx_word' id='word_1_308' title='bbox 349 2832 452 2887; x_wconf 90' lang='lat' dir='ltr'><strong>sed</strong></span> <span class='ocrx_word' id='word_1_309' title='bbox 484 2846 799 2903; x_wconf 80' lang='lat' dir='ltr'><strong>agnoscere</strong></span> <span class='ocrx_word' id='word_1_310' title='bbox 844 2836 1098 2900; x_wconf 86' lang='lat' dir='ltr'><strong>recusat,</strong></span> <span class='ocrx_word' id='word_1_311' title='bbox 1148 2839 1241 2885; x_wconf 86' lang='lat' dir='ltr'><strong>tua</strong></span> <span class='ocrx_word' id='word_1_312' title='bbox 1289 2830 1577 2902; x_wconf 89' lang='lat' dir='ltr'><strong>sapientia</strong></span> <span class='ocrx_word' id='word_1_313' title='bbox 1624 2832 1823 2887; x_wconf 88' lang='lat' dir='ltr'><strong>omnia</strong></span> <span class='ocrx_word' id='word_1_314' title='bbox 1871 2846 1997 2887; x_wconf 88' lang='lat' dir='ltr'><strong>esse</strong></span> 
     </span>
    </p>
   </div>
   <div class='ocr_carea' id='block_1_48' title="bbox 348 2919 1993 2991">
    <p class='ocr_par' dir='ltr' id='par_1_48' title="bbox 348 2919 1993 2991">
     <span class='ocr_line' id='line_1_48' title="bbox 348 2919 1993 2991; baseline 0 -16"><span class='ocrx_word' id='word_1_315' title='bbox 348 2920 611 2975; x_wconf 77' lang='lat' dir='ltr'><strong>confecta</strong></span> <span class='ocrx_word' id='word_1_316' title='bbox 639 2924 855 2990; x_wconf 90' lang='lat' dir='ltr'><strong>tuaque</strong></span> <span class='ocrx_word' id='word_1_317' title='bbox 885 2919 1309 2991; x_wconf 86' lang='lat' dir='ltr'><strong>gubernatione</strong></span> <span class='ocrx_word' id='word_1_318' title='bbox 1338 2919 1644 2975; x_wconf 88' lang='lat' dir='ltr'><strong>contineri.</strong></span> <span class='ocrx_word' id='word_1_319' title='bbox 1677 2919 1764 2975; x_wconf 90' lang='lat' dir='ltr'><strong>Tu</strong></span> <span class='ocrx_word' id='word_1_320' title='bbox 1795 2920 1993 2991; x_wconf 88' lang='lat' dir='ltr'><strong>igitur,</strong></span> 
     </span>
    </p>
   </div>
   <div class='ocr_carea' id='block_1_49' title="bbox 348 3008 1995 3079">
    <p class='ocr_par' dir='ltr' id='par_1_49' title="bbox 348 3008 1995 3079">
     <span class='ocr_line' id='line_1_49' title="bbox 348 3008 1995 3079; baseline -0.001 -16"><span class='ocrx_word' id='word_1_321' title='bbox 348 3009 526 3076; x_wconf 90' lang='lat' dir='ltr'><strong>Deus,</strong></span> <span class='ocrx_word' id='word_1_322' title='bbox 558 3008 659 3079; x_wconf 91' lang='lat' dir='ltr'><strong>qui</strong></span> <span class='ocrx_word' id='word_1_323' title='bbox 691 3024 869 3063; x_wconf 87' lang='lat' dir='ltr'><strong>manu</strong></span> <span class='ocrx_word' id='word_1_324' title='bbox 912 3011 1016 3063; x_wconf 87' lang='lat' dir='ltr'><strong>tua</strong></span> <span class='ocrx_word' id='word_1_325' title='bbox 1063 3008 1330 3064; x_wconf 89' lang='lat' dir='ltr'><strong>dominos</strong></span> <span class='ocrx_word' id='word_1_326' title='bbox 1379 3010 1692 3076; x_wconf 85' lang='lat' dir='ltr'><strong>coronasli,</strong></span> <span class='ocrx_word' id='word_1_327' title='bbox 1725 3008 1796 3063; x_wconf 91' lang='lat' dir='ltr'><strong>ad</strong></span> <span class='ocrx_word' id='word_1_328' title='bbox 1848 3008 1995 3064; x_wconf 66' lang='lat' dir='ltr'><strong>laeti-</strong></span> 
     </span>
    </p>
   </div>
   <div class='ocr_carea' id='block_1_50' title="bbox 349 3095 1997 3165">
    <p class='ocr_par' dir='ltr' id='par_1_50' title="bbox 349 3095 1997 3165">
     <span class='ocr_line' id='line_1_50' title="bbox 349 3095 1997 3165; baseline -0.001 -12"><span class='ocrx_word' id='word_1_329' title='bbox 349 3096 487 3153; x_wconf 82' lang='lat' dir='ltr'><strong>tiam</strong></span> <span class='ocrx_word' id='word_1_330' title='bbox 517 3100 915 3153; x_wconf 80' lang='lat' dir='ltr'><strong>Romanorum</strong></span> <span class='ocrx_word' id='word_1_331' title='bbox 938 3111 1038 3153; x_wconf 89' lang='lat' dir='ltr'><strong>eos</strong></span> <span class='ocrx_word' id='word_1_332' title='bbox 1067 3096 1318 3152; x_wconf 89' lang='lat' dir='ltr'><strong>custodi.</strong></span> <span class='ocrx_word' id='word_1_333' title='bbox 1351 3117 1380 3146; x_wconf 82' lang='lat'>»</span> <span class='ocrx_word' id='word_1_334' title='bbox 1400 3095 1714 3152; x_wconf 87' lang='lat' dir='ltr'><strong>Sciendum</strong></span> <span class='ocrx_word' id='word_1_335' title='bbox 1740 3101 1851 3165; x_wconf 88' lang='lat' dir='ltr'><strong>est,</strong></span> <span class='ocrx_word' id='word_1_336' title='bbox 1887 3097 1997 3152; x_wconf 87' lang='lat' dir='ltr'><strong>hoc</strong></span> 
     </span>
    </p>
   </div>
   <div class='ocr_carea' id='block_1_51' title="bbox 2101 2039 3771 2116">
    <p class='ocr_par' dir='ltr' id='par_1_51' title="bbox 2101 2039 3771 2116">
     <span class='ocr_line' id='line_1_51' title="bbox 2101 2039 3771 2116; baseline 0.001 -20"><span class='ocrx_word' id='word_1_337' title='bbox 2101 2045 2203 2096; x_wconf 89' lang='grc' dir='ltr'><strong>τοῦ</strong></span> <span class='ocrx_word' id='word_1_338' title='bbox 2253 2039 2565 2114; x_wconf 79' lang='grc' dir='ltr'>Πνεόματος</span> <span class='ocrx_word' id='word_1_339' title='bbox 2615 2042 2715 2109; x_wconf 82' lang='grc' dir='ltr'>τὴν</span> <span class='ocrx_word' id='word_1_340' title='bbox 2778 2040 2958 2109; x_wconf 91' lang='grc' dir='ltr'>πόσιν,</span> <span class='ocrx_word' id='word_1_341' title='bbox 3019 2040 3190 2097; x_wconf 80' lang='grc' dir='ltr'>ἐκεῖνο</span> <span class='ocrx_word' id='word_1_342' title='bbox 3237 2042 3301 2097; x_wconf 75' lang='grc' dir='ltr'><strong>τὸ</strong></span> <span class='ocrx_word' id='word_1_343' title='bbox 3329 2041 3557 2111; x_wconf 79' lang='grc' dir='ltr'>ἀείζωον</span> <span class='ocrx_word' id='word_1_344' title='bbox 3584 2044 3771 2116; x_wconf 85' lang='grc' dir='ltr'>πόμα.</span> 
     </span>
    </p>
   </div>
   <div class='ocr_carea' id='block_1_52' title="bbox 2102 2127 3772 2208">
    <p class='ocr_par' dir='ltr' id='par_1_52' title="bbox 2102 2127 3772 2208">
     <span class='ocr_line' id='line_1_52' title="bbox 2102 2127 3772 2208; baseline 0 -20"><span class='ocrx_word' id='word_1_345' title='bbox 2102 2133 2183 2189; x_wconf 81' lang='grc' dir='ltr'>Τὰ</span> <span class='ocrx_word' id='word_1_346' title='bbox 2237 2129 2426 2201; x_wconf 77' lang='grc' dir='ltr'>πλήθη</span> <span class='ocrx_word' id='word_1_347' title='bbox 2487 2127 2827 2204; x_wconf 80' lang='grc' dir='ltr'>ἀγάλλονται</span> <span class='ocrx_word' id='word_1_348' title='bbox 2879 2131 3125 2200; x_wconf 89' lang='grc' dir='ltr'>πίνοντα,</span> <span class='ocrx_word' id='word_1_349' title='bbox 3176 2132 3268 2186; x_wconf 83' lang='grc' dir='ltr'><strong>καὶ</strong></span> <span class='ocrx_word' id='word_1_350' title='bbox 3324 2134 3641 2208; x_wconf 82' lang='grc' dir='ltr'>γεραίρουσι</span> <span class='ocrx_word' id='word_1_351' title='bbox 3700 2135 3772 2189; x_wconf 84' lang='grc' dir='ltr'>τὸ</span> 
     </span>
    </p>
   </div>
   <div class='ocr_carea' id='block_1_53' title="bbox 2099 2216 3764 2297">
    <p class='ocr_par' dir='ltr' id='par_1_53' title="bbox 2099 2216 3764 2297">
     <span class='ocr_line' id='line_1_53' title="bbox 2099 2216 3764 2297; baseline 0.001 -23"><span class='ocrx_word' id='word_1_352' title='bbox 2099 2220 2299 2294; x_wconf 87' lang='grc' dir='ltr'>κράτος</span> <span class='ocrx_word' id='word_1_353' title='bbox 2356 2220 2533 2292; x_wconf 83' lang='grc' dir='ltr'>ὑμῶν,</span> <span class='ocrx_word' id='word_1_354' title='bbox 2594 2216 2874 2289; x_wconf 81' lang='grc' dir='ltr'>δεσπόται,</span> <span class='ocrx_word' id='word_1_355' title='bbox 2936 2220 3012 2282; x_wconf 86' lang='grc' dir='ltr'><strong>εἰς</strong></span> <span class='ocrx_word' id='word_1_356' title='bbox 3083 2217 3265 2293; x_wconf 79' lang='grc' dir='ltr'>δόξαν,</span> <span class='ocrx_word' id='word_1_357' title='bbox 3325 2220 3404 2284; x_wconf 75' lang='grc' dir='ltr'>εἷς</span> <span class='ocrx_word' id='word_1_358' title='bbox 3463 2221 3764 2297; x_wconf 77' lang='grc' dir='ltr'>καύχημα,</span> 
     </span>
    </p>
   </div>
   <div class='ocr_carea' id='block_1_54' title="bbox 2102 2306 3766 2385">
    <p class='ocr_par' dir='ltr' id='par_1_54' title="bbox 2102 2306 3766 2385">
     <span class='ocr_line' id='line_1_54' title="bbox 2102 2306 3766 2385; baseline 0.002 -23"><span class='ocrx_word' id='word_1_359' title='bbox 2102 2308 2178 2369; x_wconf 79' lang='grc' dir='ltr'><strong>εἰς</strong></span> <span class='ocrx_word' id='word_1_360' title='bbox 2240 2308 2516 2381; x_wconf 69' lang='grc' dir='ltr'>ἆνῦψωσιν</span> <span class='ocrx_word' id='word_1_361' title='bbox 2580 2308 2887 2382; x_wconf 82' lang='grc' dir='ltr'>Ῥωμαίων.</span> <span class='ocrx_word' id='word_1_362' title='bbox 2926 2332 2955 2361; x_wconf 88' lang='grc'><strong>››</strong></span> <span class='ocrx_word' id='word_1_363' title='bbox 3022 2310 3088 2366; x_wconf 76' lang='grc' dir='ltr'><strong>Οἱ</strong></span> <span class='ocrx_word' id='word_1_364' title='bbox 3138 2306 3196 2364; x_wconf 77' lang='grc' dir='ltr'>δὲ</span> <span class='ocrx_word' id='word_1_365' title='bbox 3239 2308 3494 2385; x_wconf 76' lang='grc' dir='ltr'>Ηράσινοι</span> <span class='ocrx_word' id='word_1_366' title='bbox 3536 2308 3766 2384; x_wconf 73' lang='grc' dir='ltr'>λέγουσι</span> 
     </span>
    </p>
   </div>
   <div class='ocr_carea' id='block_1_55' title="bbox 2100 2395 3773 2472">
    <p class='ocr_par' dir='ltr' id='par_1_55' title="bbox 2100 2395 3773 2472">
     <span class='ocr_line' id='line_1_55' title="bbox 2100 2395 3773 2472; baseline 0.003 -21"><span class='ocrx_word' id='word_1_367' title='bbox 2100 2395 2257 2452; x_wconf 83' lang='grc' dir='ltr'>τόνδε</span> <span class='ocrx_word' id='word_1_368' title='bbox 2296 2399 2341 2434; x_wconf 79' lang='grc'><strong>¹⁰</strong></span> <span class='ocrx_word' id='word_1_369' title='bbox 2386 2395 2488 2472; x_wconf 70' lang='grc' dir='ltr'><strong>ἤχ.</strong></span> <span class='ocrx_word' id='word_1_370' title='bbox 2522 2404 2567 2451; x_wconf 89' lang='grc' dir='ltr'>α’</span> <span class='ocrx_word' id='word_1_371' title='bbox 2594 2423 2621 2450; x_wconf 83' lang='grc' dir='ltr'>ι(</span> <span class='ocrx_word' id='word_1_372' title='bbox 2649 2399 2710 2455; x_wconf 74' lang='grc' dir='ltr'>Ὀ</span> <span class='ocrx_word' id='word_1_373' title='bbox 2737 2397 2962 2471; x_wconf 80' lang='grc' dir='ltr'>μεσίτης</span> <span class='ocrx_word' id='word_1_374' title='bbox 3002 2396 3075 2452; x_wconf 83' lang='grc' dir='ltr'>ὢν</span> <span class='ocrx_word' id='word_1_375' title='bbox 3126 2396 3471 2472; x_wconf 78' lang='grc' dir='ltr'>πλάσματος,</span> <span class='ocrx_word' id='word_1_376' title='bbox 3519 2401 3607 2455; x_wconf 81' lang='grc' dir='ltr'><strong>καὶ</strong></span> <span class='ocrx_word' id='word_1_377' title='bbox 3652 2407 3773 2456; x_wconf 78' lang='lat' dir='ltr'><strong>[Iu-</strong></span> 
     </span>
    </p>
   </div>
   <div class='ocr_carea' id='block_1_56' title="bbox 2101 2484 3767 2562">
    <p class='ocr_par' dir='ltr' id='par_1_56' title="bbox 2101 2484 3767 2562">
     <span class='ocr_line' id='line_1_56' title="bbox 2101 2484 3767 2562; baseline 0.002 -20"><span class='ocrx_word' id='word_1_378' title='bbox 2101 2488 2226 2560; x_wconf 84' lang='grc' dir='ltr'>τρὸς</span> <span class='ocrx_word' id='word_1_379' title='bbox 2268 2491 2364 2540; x_wconf 89' lang='grc' dir='ltr'><strong>τοῦ</strong></span> <span class='ocrx_word' id='word_1_380' title='bbox 2399 2484 2559 2552; x_wconf 80' lang='grc' dir='ltr'>ἰδίου,</span> <span class='ocrx_word' id='word_1_381' title='bbox 2600 2491 2709 2551; x_wconf 81' lang='grc' dir='ltr'>θεῖε</span> <span class='ocrx_word' id='word_1_382' title='bbox 2760 2487 2922 2562; x_wconf 56' lang='grc' dir='ltr'><strong>⁴Χόγε,</strong></span> <span class='ocrx_word' id='word_1_383' title='bbox 2974 2491 3071 2543; x_wconf 87' lang='grc' dir='ltr'><strong>τοῦ</strong></span> <span class='ocrx_word' id='word_1_384' title='bbox 3118 2491 3250 2543; x_wconf 89' lang='grc' dir='ltr'>ναοῦ</span> <span class='ocrx_word' id='word_1_385' title='bbox 3289 2489 3487 2562; x_wconf 73' lang='grc' dir='ltr'>ἑορτῆς</span> <span class='ocrx_word' id='word_1_386' title='bbox 3520 2489 3571 2544; x_wconf 80' lang='grc' dir='ltr'>ὲν</span> <span class='ocrx_word' id='word_1_387' title='bbox 3609 2488 3767 2562; x_wconf 73' lang='grc' dir='ltr'><strong>μέσῳ</strong></span> 
     </span>
    </p>
   </div>
   <div class='ocr_carea' id='block_1_57' title="bbox 2101 2573 3770 2653">
    <p class='ocr_par' dir='ltr' id='par_1_57' title="bbox 2101 2573 3770 2653">
     <span class='ocr_line' id='line_1_57' title="bbox 2101 2573 3770 2653; baseline 0.002 -23"><span class='ocrx_word' id='word_1_388' title='bbox 2101 2575 2459 2651; x_wconf 76' lang='grc' dir='ltr'>παῤῥησιάζει</span> <span class='ocrx_word' id='word_1_389' title='bbox 2511 2578 2646 2649; x_wconf 83' lang='grc'>(80)·</span> <span class='ocrx_word' id='word_1_390' title='bbox 2698 2576 2726 2630; x_wconf 83' lang='grc' dir='ltr'>ὁ</span> <span class='ocrx_word' id='word_1_391' title='bbox 2796 2573 3020 2648; x_wconf 72' lang='grc' dir='ltr'>μέλλων</span> <span class='ocrx_word' id='word_1_392' title='bbox 3070 2574 3129 2631; x_wconf 80' lang='grc' dir='ltr'><strong>ἐκ</strong></span> <span class='ocrx_word' id='word_1_393' title='bbox 3179 2584 3280 2646; x_wconf 84' lang='grc' dir='ltr'><strong>τῆς</strong></span> <span class='ocrx_word' id='word_1_394' title='bbox 3344 2575 3585 2653; x_wconf 78' lang='grc' dir='ltr'>πλευρᾶς</span> <span class='ocrx_word' id='word_1_395' title='bbox 3652 2585 3770 2648; x_wconf 83' lang='grc' dir='ltr'><strong>τῆς</strong></span> 
     </span>
    </p>
   </div>
   <div class='ocr_carea' id='block_1_58' title="bbox 2103 2664 3769 2743">
    <p class='ocr_par' dir='ltr' id='par_1_58' title="bbox 2103 2664 3769 2743">
     <span class='ocr_line' id='line_1_58' title="bbox 2103 2664 3769 2743; baseline 0.002 -24"><span class='ocrx_word' id='word_1_396' title='bbox 2103 2664 2381 2739; x_wconf 81' lang='grc' dir='ltr'>ἀχράντου</span> <span class='ocrx_word' id='word_1_397' title='bbox 2430 2664 2618 2738; x_wconf 80' lang='grc' dir='ltr'>ῥεῖθρα</span> <span class='ocrx_word' id='word_1_398' title='bbox 2677 2664 2937 2739; x_wconf 71' lang='grc' dir='ltr'>προχέειν</span> <span class='ocrx_word' id='word_1_399' title='bbox 3024 2665 3323 2743; x_wconf 67' lang='grc' dir='ltr'>ἀφθαρσίας</span> <span class='ocrx_word' id='word_1_400' title='bbox 3387 2669 3434 2703; x_wconf 83' lang='grc'>²⁰</span> <span class='ocrx_word' id='word_1_401' title='bbox 3491 2665 3609 2738; x_wconf 80' lang='grc' dir='ltr'><strong>δλῳ</strong></span> <span class='ocrx_word' id='word_1_402' title='bbox 3678 2671 3769 2740; x_wconf 74' lang='grc' dir='ltr'>τῷ</span> 
     </span>
    </p>
   </div>
   <div class='ocr_carea' id='block_1_59' title="bbox 2101 2749 3768 2833">
    <p class='ocr_par' dir='ltr' id='par_1_59' title="bbox 2101 2749 3768 2833">
     <span class='ocr_line' id='line_1_59' title="bbox 2101 2749 3768 2833; baseline 0.002 -25"><span class='ocrx_word' id='word_1_403' title='bbox 2101 2755 2320 2829; x_wconf 82' lang='grc' dir='ltr'>κόσμῳ,</span> <span class='ocrx_word' id='word_1_404' title='bbox 2349 2751 2438 2807; x_wconf 78' lang='grc' dir='ltr'><strong>νῦν</strong></span> <span class='ocrx_word' id='word_1_405' title='bbox 2477 2749 2748 2827; x_wconf 78' lang='grc' dir='ltr'>διψῶντας</span> <span class='ocrx_word' id='word_1_406' title='bbox 2803 2753 3043 2823; x_wconf 79' lang='grc' dir='ltr'>ποτίζεις</span> <span class='ocrx_word' id='word_1_407' title='bbox 3104 2753 3164 2809; x_wconf 72' lang='grc' dir='ltr'>ἐκ</span> <span class='ocrx_word' id='word_1_408' title='bbox 3212 2754 3448 2833; x_wconf 69' lang='grc' dir='ltr'>χειλὲων</span> <span class='ocrx_word' id='word_1_409' title='bbox 3500 2752 3768 2811; x_wconf 84' lang='grc' dir='ltr'>διδασκα-</span> 
     </span>
    </p>
   </div>
   <div class='ocr_carea' id='block_1_60' title="bbox 2105 2840 3767 2919">
    <p class='ocr_par' dir='ltr' id='par_1_60' title="bbox 2105 2840 3767 2919">
     <span class='ocr_line' id='line_1_60' title="bbox 2105 2840 3767 2919; baseline 0.002 -22"><span class='ocrx_word' id='word_1_410' title='bbox 2105 2843 2227 2904; x_wconf 83' lang='grc' dir='ltr'>Λίας</span> <span class='ocrx_word' id='word_1_411' title='bbox 2256 2843 2490 2916; x_wconf 81' lang='grc' dir='ltr'>νάματα,</span> <span class='ocrx_word' id='word_1_412' title='bbox 2522 2842 2609 2896; x_wconf 88' lang='grc' dir='ltr'><strong>καὶ</strong></span> <span class='ocrx_word' id='word_1_413' title='bbox 2653 2843 2680 2897; x_wconf 82' lang='grc' dir='ltr'>ὁ</span> <span class='ocrx_word' id='word_1_414' title='bbox 2730 2841 2985 2905; x_wconf 83' lang='grc' dir='ltr'>ἀσύνετος</span> <span class='ocrx_word' id='word_1_415' title='bbox 3034 2840 3213 2917; x_wconf 81' lang='grc' dir='ltr'>δῆμος</span> <span class='ocrx_word' id='word_1_416' title='bbox 3246 2843 3511 2918; x_wconf 78' lang='grc' dir='ltr'>θαυμάζει</span> <span class='ocrx_word' id='word_1_417' title='bbox 3543 2845 3664 2919; x_wconf 75' lang='grc' dir='ltr'>μὲν,</span> <span class='ocrx_word' id='word_1_418' title='bbox 3697 2845 3767 2901; x_wconf 74' lang='grc' dir='ltr'>οὐ</span> 
     </span>
    </p>
   </div>
   <div class='ocr_carea' id='block_1_61' title="bbox 2106 2928 3771 3010">
    <p class='ocr_par' dir='ltr' id='par_1_61' title="bbox 2106 2928 3771 3010">
     <span class='ocr_line' id='line_1_61' title="bbox 2106 2928 3771 3010; baseline 0.001 -23"><span class='ocrx_word' id='word_1_419' title='bbox 2106 2931 2364 3007; x_wconf 71' lang='grc' dir='ltr'>βούλεται</span> <span class='ocrx_word' id='word_1_420' title='bbox 2413 2931 2459 2968; x_wconf 81' lang='grc'>²¹</span> <span class='ocrx_word' id='word_1_421' title='bbox 2510 2928 2567 2986; x_wconf 73' lang='grc' dir='ltr'>δὲ</span> <span class='ocrx_word' id='word_1_422' title='bbox 2630 2935 2852 3007; x_wconf 80' lang='grc' dir='ltr'>γνῶναι,</span> <span class='ocrx_word' id='word_1_423' title='bbox 2922 2930 3007 2987; x_wconf 74' lang='grc' dir='ltr'><strong>ὅτι</strong></span> <span class='ocrx_word' id='word_1_424' title='bbox 3076 2936 3144 3007; x_wconf 84' lang='grc' dir='ltr'><strong>σῇ</strong></span> <span class='ocrx_word' id='word_1_425' title='bbox 3196 2932 3535 3010; x_wconf 70' lang='grc' dir='ltr'>ἐξείργασται</span> <span class='ocrx_word' id='word_1_426' title='bbox 3599 2934 3771 3010; x_wconf 77' lang='grc' dir='ltr'>σοφίᾳ</span> 
     </span>
    </p>
   </div>
   <div class='ocr_carea' id='block_1_62' title="bbox 2104 3016 3766 3096">
    <p class='ocr_par' dir='ltr' id='par_1_62' title="bbox 2104 3016 3766 3096">
     <span class='ocr_line' id='line_1_62' title="bbox 2104 3016 3766 3096; baseline 0.002 -20"><span class='ocrx_word' id='word_1_427' title='bbox 2104 3022 2278 3077; x_wconf 79' lang='grc' dir='ltr'>πάντα</span> <span class='ocrx_word' id='word_1_428' title='bbox 2307 3019 2397 3076; x_wconf 83' lang='grc' dir='ltr'><strong>καὶ</strong></span> <span class='ocrx_word' id='word_1_429' title='bbox 2440 3022 2721 3095; x_wconf 69' lang='grc' dir='ltr'>συνέχεται</span> <span class='ocrx_word' id='word_1_430' title='bbox 2763 3024 2831 3095; x_wconf 76' lang='grc' dir='ltr'><strong>σῇ</strong></span> <span class='ocrx_word' id='word_1_431' title='bbox 2863 3016 3208 3096; x_wconf 77' lang='grc' dir='ltr'>κυϐερνήσει.</span> <span class='ocrx_word' id='word_1_432' title='bbox 3261 3024 3336 3077; x_wconf 81' lang='grc' dir='ltr'>Σὺ</span> <span class='ocrx_word' id='word_1_433' title='bbox 3386 3022 3481 3077; x_wconf 77' lang='grc' dir='ltr'><strong>οὖν</strong></span> <span class='ocrx_word' id='word_1_434' title='bbox 3534 3020 3766 3095; x_wconf 86' lang='grc' dir='ltr'>δοξάσας</span> 
     </span>
    </p>
   </div>
   <div class='ocr_carea' id='block_1_63' title="bbox 2103 3108 3766 3191">
    <p class='ocr_par' dir='ltr' id='par_1_63' title="bbox 2103 3108 3766 3191">
     <span class='ocr_line' id='line_1_63' title="bbox 2103 3108 3766 3191; baseline 0.002 -26"><span class='ocrx_word' id='word_1_435' title='bbox 2103 3117 2182 3184; x_wconf 81' lang='grc' dir='ltr'><strong>τῷ</strong></span> <span class='ocrx_word' id='word_1_436' title='bbox 2226 3112 2425 3189; x_wconf 73' lang='grc' dir='ltr'>στέφει,</span> <span class='ocrx_word' id='word_1_437' title='bbox 2478 3112 2596 3179; x_wconf 72' lang='grc' dir='ltr'>Θεὶ,</span> <span class='ocrx_word' id='word_1_438' title='bbox 2647 3108 2909 3174; x_wconf 85' lang='grc' dir='ltr'>δεσπότας</span> <span class='ocrx_word' id='word_1_439' title='bbox 2957 3113 3190 3187; x_wconf 77' lang='grc' dir='ltr'>παλάμῃ</span> <span class='ocrx_word' id='word_1_440' title='bbox 3242 3133 3362 3184; x_wconf 93' lang='grc' dir='ltr'>σου,</span> <span class='ocrx_word' id='word_1_441' title='bbox 3416 3111 3655 3191; x_wconf 73' lang='grc' dir='ltr'>φύλαττε</span> <span class='ocrx_word' id='word_1_442' title='bbox 3685 3114 3766 3177; x_wconf 86' lang='grc' dir='ltr'><strong>εἰς</strong></span> 
     </span>
    </p>
   </div>
   <div class='ocr_carea' id='block_1_64' title="bbox 348 3184 1996 3278">
    <p class='ocr_par' dir='ltr' id='par_1_64' title="bbox 348 3184 1993 3251">
     <span class='ocr_line' id='line_1_64' title="bbox 348 3184 1993 3251; baseline 0 -11"><span class='ocrx_word' id='word_1_443' title='bbox 348 3184 553 3241; x_wconf 69' lang='lat' dir='ltr'><strong>media:</strong></span> <span class='ocrx_word' id='word_1_444' title='bbox 584 3186 951 3240; x_wconf 87' lang='lat' dir='ltr'><strong>Pentecostes</strong></span> <span class='ocrx_word' id='word_1_445' title='bbox 992 3186 1158 3251; x_wconf 82' lang='lat' dir='ltr'><strong>festo,</strong></span> <span class='ocrx_word' id='word_1_446' title='bbox 1189 3184 1447 3240; x_wconf 89' lang='lat' dir='ltr'><strong>dominis</strong></span> <span class='ocrx_word' id='word_1_447' title='bbox 1497 3199 1710 3240; x_wconf 76' lang='lat' dir='ltr'><strong>mensas</strong></span> <span class='ocrx_word' id='word_1_448' title='bbox 1760 3199 1993 3240; x_wconf 88' lang='lat' dir='ltr'><strong>accum-</strong></span> 
     </span>
    </p>
   </div>
   <div class='ocr_carea' id='block_1_65' title="bbox 2110 3184 3763 3278">
    <p class='ocr_par' dir='ltr' id='par_1_65' title="bbox 2110 3184 3763 3278">
     <span class='ocr_line' id='line_1_65' title="bbox 2110 3184 3763 3278; baseline 0.002 -24"><span class='ocrx_word' id='word_1_449' title='bbox 2110 3184 2376 3275; x_wconf 72' lang='grc' dir='ltr'>ἰνὲγερσιν</span> <span class='ocrx_word' id='word_1_450' title='bbox 2426 3200 2741 3273; x_wconf 87' lang='grc' dir='ltr'>Ῥωμαίων.</span> <span class='ocrx_word' id='word_1_451' title='bbox 2796 3224 2826 3253; x_wconf 82' lang='grc'><strong>››</strong></span> <span class='ocrx_word' id='word_1_452' title='bbox 2878 3201 3003 3276; x_wconf 75' lang='grc' dir='ltr'><strong>Χρὴ</strong></span> <span class='ocrx_word' id='word_1_453' title='bbox 3063 3184 3285 3273; x_wconf 65' lang='grc' dir='ltr'>εἷ’δέναι,</span> <span class='ocrx_word' id='word_1_454' title='bbox 3333 3184 3440 3257; x_wconf 45' lang='grc' dir='ltr'>δτι.</span> <span class='ocrx_word' id='word_1_455' title='bbox 3475 3202 3642 3277; x_wconf 79' lang='grc' dir='ltr'>ταύτῃ</span> <span class='ocrx_word' id='word_1_456' title='bbox 3690 3206 3763 3278; x_wconf 73' lang='grc' dir='ltr'><strong>τῇ</strong></span> 
     </span>
    </p>
   </div>
   <div class='ocr_carea' id='block_1_66' title="bbox 347 3271 1996 3366">
    <p class='ocr_par' dir='ltr' id='par_1_66' title="bbox 347 3271 1996 3340">
     <span class='ocr_line' id='line_1_66' title="bbox 347 3271 1996 3340; baseline -0.001 -10"><span class='ocrx_word' id='word_1_457' title='bbox 347 3271 642 3340; x_wconf 89' lang='lat' dir='ltr'><strong>bentibus,</strong></span> <span class='ocrx_word' id='word_1_458' title='bbox 674 3274 944 3330; x_wconf 88' lang='lat' dir='ltr'><strong>eumdem</strong></span> <span class='ocrx_word' id='word_1_459' title='bbox 974 3272 1152 3328; x_wconf 88' lang='lat' dir='ltr'><strong>ritum</strong></span> <span class='ocrx_word' id='word_1_460' title='bbox 1186 3276 1245 3328; x_wconf 91' lang='lat' dir='ltr'><strong>et</strong></span> <span class='ocrx_word' id='word_1_461' title='bbox 1275 3288 1496 3329; x_wconf 88' lang='lat' dir='ltr'><strong>morem</strong></span> <span class='ocrx_word' id='word_1_462' title='bbox 1528 3288 1595 3328; x_wconf 89' lang='lat' dir='ltr'><strong>ac</strong></span> <span class='ocrx_word' id='word_1_463' title='bbox 1625 3274 1685 3327; x_wconf 89' lang='lat' dir='ltr'><strong>in</strong></span> <span class='ocrx_word' id='word_1_464' title='bbox 1736 3274 1996 3329; x_wconf 89' lang='lat' dir='ltr'><strong>secunda</strong></span> 
     </span>
    </p>
   </div>
   <div class='ocr_carea' id='block_1_67' title="bbox 2110 3271 3761 3366">
    <p class='ocr_par' dir='ltr' id='par_1_67' title="bbox 2110 3271 3761 3366">
     <span class='ocr_line' id='line_1_67' title="bbox 2110 3271 3761 3366; baseline 0.002 -23"><span class='ocrx_word' id='word_1_465' title='bbox 2110 3271 2275 3363; x_wconf 62' lang='grc' dir='ltr'>ἑορτῇ</span> <span class='ocrx_word' id='word_1_466' title='bbox 2326 3291 2425 3357; x_wconf 78' lang='grc' dir='ltr'><strong>τῆς</strong></span> <span class='ocrx_word' id='word_1_467' title='bbox 2470 3271 3013 3361; x_wconf 68' lang='grc' dir='ltr'>Μεσοπεντηκοστῆς,</span> <span class='ocrx_word' id='word_1_468' title='bbox 3055 3289 3142 3346; x_wconf 80' lang='grc' dir='ltr'>ἐπὶ</span> <span class='ocrx_word' id='word_1_469' title='bbox 3190 3271 3291 3361; x_wconf 74' lang='grc' dir='ltr'>τῆς</span> <span class='ocrx_word' id='word_1_470' title='bbox 3338 3271 3761 3366; x_wconf 37' lang='grc' dir='ltr'>τραπέζης-τῶν</span> 
     </span>
    </p>
   </div>
   <div class='ocr_carea' id='block_1_68' title="bbox 346 3360 1257 3419">
    <p class='ocr_par' dir='ltr' id='par_1_68' title="bbox 346 3360 1257 3419">
     <span class='ocr_line' id='line_1_68' title="bbox 346 3360 1257 3419; baseline -0.003 0"><span class='ocrx_word' id='word_1_471' title='bbox 346 3360 741 3419; x_wconf 87' lang='lat' dir='ltr'><strong>renovationis</strong></span> <span class='ocrx_word' id='word_1_472' title='bbox 773 3361 914 3417; x_wconf 88' lang='lat' dir='ltr'><strong>feria</strong></span> <span class='ocrx_word' id='word_1_473' title='bbox 943 3361 1257 3418; x_wconf 84' lang='lat' dir='ltr'><strong>observari.</strong></span> 
     </span>
    </p>
   </div>
   <div class='ocr_carea' id='block_1_69' title="bbox 954 3648 1380 3707">
    <p class='ocr_par' dir='ltr' id='par_1_69' title="bbox 954 3648 1380 3707">
     <span class='ocr_line' id='line_1_69' title="bbox 954 3648 1380 3707; baseline -0.014 0"><span class='ocrx_word' id='word_1_474' title='bbox 954 3649 1191 3707; x_wconf 85' lang='lat' dir='ltr'><strong>CAPUT</strong></span> <span class='ocrx_word' id='word_1_475' title='bbox 1232 3648 1380 3706; x_wconf 89' lang='lat' dir='ltr'><strong>VIII.</strong></span> 
     </span>
    </p>
   </div>
   <div class='ocr_carea' id='block_1_70' title="bbox 854 3739 1477 3811">
    <p class='ocr_par' dir='ltr' id='par_1_70' title="bbox 854 3739 1477 3811">
     <span class='ocr_line' id='line_1_70' title="bbox 854 3739 1477 3811; baseline 0 -16"><span class='ocrx_word' id='word_1_476' title='bbox 854 3739 918 3795; x_wconf 81' lang='lat' dir='ltr'><strong>In</strong></span> <span class='ocrx_word' id='word_1_477' title='bbox 940 3742 1080 3811; x_wconf 74' lang='lat' dir='ltr'><strong>festo</strong></span> <span class='ocrx_word' id='word_1_478' title='bbox 1112 3740 1477 3795; x_wconf 71' lang='grc' dir='ltr'>Αδεεηδίοιιίε.</span> 
     </span>
    </p>
   </div>
   <div class='ocr_carea' id='block_1_71' title="bbox 420 3827 1999 3895">
    <p class='ocr_par' dir='ltr' id='par_1_71' title="bbox 420 3827 1999 3895">
     <span class='ocr_line' id='line_1_71' title="bbox 420 3827 1999 3895; baseline -0.003 -8"><span class='ocrx_word' id='word_1_479' title='bbox 420 3833 459 3887; x_wconf 93' lang='grc' dir='ltr'><strong>Ι.</strong></span> <span class='ocrx_word' id='word_1_480' title='bbox 492 3831 802 3887; x_wconf 91' lang='lat' dir='ltr'><strong>Sciendum</strong></span> <span class='ocrx_word' id='word_1_481' title='bbox 832 3833 943 3895; x_wconf 90' lang='lat' dir='ltr'><strong>est,</strong></span> <span class='ocrx_word' id='word_1_482' title='bbox 978 3830 1127 3885; x_wconf 85' lang='lat' dir='ltr'><strong>festo</strong></span> <span class='ocrx_word' id='word_1_483' title='bbox 1174 3828 1573 3894; x_wconf 82' lang='lat' dir='ltr'><strong>Ascensionis,</strong></span> <span class='ocrx_word' id='word_1_484' title='bbox 1605 3827 1745 3882; x_wconf 90' lang='lat' dir='ltr'><strong>dum</strong></span> <span class='ocrx_word' id='word_1_485' title='bbox 1781 3842 1999 3883; x_wconf 68' lang='lat' dir='ltr'><strong>mensa:</strong></span> 
     </span>
    </p>
   </div>
   <div class='ocr_carea' id='block_1_72' title="bbox 347 3916 2000 3988">
    <p class='ocr_par' dir='ltr' id='par_1_72' title="bbox 347 3916 2000 3988">
     <span class='ocr_line' id='line_1_72' title="bbox 347 3916 2000 3988; baseline -0.004 -12"><span class='ocrx_word' id='word_1_486' title='bbox 347 3920 572 3976; x_wconf 82' lang='lat' dir='ltr'><strong>domini</strong></span> <span class='ocrx_word' id='word_1_487' title='bbox 604 3918 981 3988; x_wconf 88' lang='lat' dir='ltr'><strong>accumbunt,</strong></span> <span class='ocrx_word' id='word_1_488' title='bbox 1014 3917 1248 3973; x_wconf 88' lang='lat' dir='ltr'><strong>eosdem</strong></span> <span class='ocrx_word' id='word_1_489' title='bbox 1299 3917 1442 3972; x_wconf 84' lang='lat' dir='ltr'><strong>ritus</strong></span> <span class='ocrx_word' id='word_1_490' title='bbox 1496 3931 1563 3973; x_wconf 91' lang='lat' dir='ltr'><strong>ac</strong></span> <span class='ocrx_word' id='word_1_491' title='bbox 1611 3916 1865 3971; x_wconf 86' lang='lat' dir='ltr'><strong>secundo</strong></span> <span class='ocrx_word' id='word_1_492' title='bbox 1915 3932 2000 3970; x_wconf 90' lang='lat' dir='ltr'><strong>re-</strong></span> 
     </span>
    </p>
   </div>
   <div class='ocr_carea' id='block_1_73' title="bbox 2106 3375 3761 3452">
    <p class='ocr_par' dir='ltr' id='par_1_73' title="bbox 2106 3375 3761 3452">
     <span class='ocr_line' id='line_1_73' title="bbox 2106 3375 3761 3452; baseline 0.002 -20"><span class='ocrx_word' id='word_1_493' title='bbox 2106 3375 2384 3434; x_wconf 81' lang='grc' dir='ltr'>δεσποτῶν</span> <span class='ocrx_word' id='word_1_494' title='bbox 2430 3377 2837 3450; x_wconf 67' lang='grc' dir='ltr'>καθεζομένων,</span> <span class='ocrx_word' id='word_1_495' title='bbox 2887 3381 2922 3447; x_wconf 79' lang='grc' dir='ltr'>ἡ</span> <span class='ocrx_word' id='word_1_496' title='bbox 2974 3377 3109 3450; x_wconf 76' lang='grc' dir='ltr'>αὕτη</span> <span class='ocrx_word' id='word_1_497' title='bbox 3151 3378 3298 3452; x_wconf 80' lang='grc' dir='ltr'>τάξις</span> <span class='ocrx_word' id='word_1_498' title='bbox 3337 3381 3429 3437; x_wconf 84' lang='grc' dir='ltr'><strong>καὶ</strong></span> <span class='ocrx_word' id='word_1_499' title='bbox 3461 3379 3761 3437; x_wconf 77' lang='grc' dir='ltr'>ἀκολουθία</span> 
     </span>
    </p>
   </div>
   <div class='ocr_carea' id='block_1_74' title="bbox 2101 3463 3754 3544">
    <p class='ocr_par' dir='ltr' id='par_1_74' title="bbox 2101 3463 3754 3544">
     <span class='ocr_line' id='line_1_74' title="bbox 2101 3463 3754 3544; baseline 0.001 -23"><span class='ocrx_word' id='word_1_500' title='bbox 2101 3468 2327 3543; x_wconf 90' lang='grc' dir='ltr'>γίνεται,</span> <span class='ocrx_word' id='word_1_501' title='bbox 2373 3468 2555 3532; x_wconf 83' lang='grc' dir='ltr'>καθὼς</span> <span class='ocrx_word' id='word_1_502' title='bbox 2602 3463 2691 3522; x_wconf 85' lang='grc' dir='ltr'>καί</span> <span class='ocrx_word' id='word_1_503' title='bbox 2732 3464 2784 3522; x_wconf 82' lang='grc' dir='ltr'>ἒν</span> <span class='ocrx_word' id='word_1_504' title='bbox 2839 3470 2911 3542; x_wconf 77' lang='grc' dir='ltr'><strong>τῇ</strong></span> <span class='ocrx_word' id='word_1_505' title='bbox 2962 3463 3185 3544; x_wconf 76' lang='grc' dir='ltr'>δευτέρᾳ</span> <span class='ocrx_word' id='word_1_506' title='bbox 3249 3473 3350 3536; x_wconf 84' lang='grc' dir='ltr'><strong>τῆς</strong></span> <span class='ocrx_word' id='word_1_507' title='bbox 3419 3467 3754 3541; x_wconf 84' lang='grc' dir='ltr'>διακαινησί-</span> 
     </span>
    </p>
   </div>
   <div class='ocr_carea' id='block_1_75' title="bbox 2110 3576 2239 3629">
    <p class='ocr_par' dir='ltr' id='par_1_75' title="bbox 2110 3576 2239 3629">
     <span class='ocr_line' id='line_1_75' title="bbox 2110 3576 2239 3629; baseline 0.031 -19"><span class='ocrx_word' id='word_1_508' title='bbox 2110 3576 2239 3629; x_wconf 88' lang='grc' dir='ltr'>μου.</span> 
     </span>
    </p>
   </div>
   <div class='ocr_carea' id='block_1_76' title="bbox 2746 3646 3193 3737">
    <p class='ocr_par' dir='ltr' id='par_1_76' title="bbox 2746 3646 3193 3737">
     <span class='ocr_line' id='line_1_76' title="bbox 2746 3646 3193 3737; baseline 0.002 -35"><span class='ocrx_word' id='word_1_509' title='bbox 2746 3647 3007 3702; x_wconf 79' lang='grc' dir='ltr'><strong>ΚΕΦΑΛ.</strong></span> <span class='ocrx_word' id='word_1_510' title='bbox 3174 3694 3193 3737; x_wconf 50' lang='grc' dir='ltr'>ι</span> 
     </span>
    </p>
   </div>
   <div class='ocr_carea' id='block_1_77' title="bbox 2501 3734 3375 3811">
    <p class='ocr_par' dir='ltr' id='par_1_77' title="bbox 2501 3734 3375 3811">
     <span class='ocr_line' id='line_1_77' title="bbox 2501 3734 3375 3811; baseline 0.003 -21"><span class='ocrx_word' id='word_1_511' title='bbox 2501 3736 2580 3808; x_wconf 77' lang='grc' dir='ltr'><strong>Τῇ</strong></span> <span class='ocrx_word' id='word_1_512' title='bbox 2622 3735 2791 3810; x_wconf 69' lang='grc' dir='ltr'>ἑορτῇ</span> <span class='ocrx_word' id='word_1_513' title='bbox 2815 3741 2920 3805; x_wconf 83' lang='grc' dir='ltr'>τῆς</span> <span class='ocrx_word' id='word_1_514' title='bbox 2960 3734 3375 3811; x_wconf 65' lang='grc' dir='ltr'>Ἀναληψίμου.</span> 
     </span>
    </p>
   </div>
   <div class='ocr_carea' id='block_1_78' title="bbox 2182 3819 3778 3899">
    <p class='ocr_par' dir='ltr' id='par_1_78' title="bbox 2182 3819 3778 3899">
     <span class='ocr_line' id='line_1_78' title="bbox 2182 3819 3778 3899; baseline 0.002 -22"><span class='ocrx_word' id='word_1_515' title='bbox 2182 3822 2253 3877; x_wconf 78' lang='grc' dir='ltr'><strong>Ᾱ“.</strong></span> <span class='ocrx_word' id='word_1_516' title='bbox 2304 3821 2522 3893; x_wconf 65' lang='grc' dir='ltr'>Ἱστίην,</span> <span class='ocrx_word' id='word_1_517' title='bbox 2575 3819 2659 3877; x_wconf 83' lang='grc' dir='ltr'><strong>ὅτι</strong></span> <span class='ocrx_word' id='word_1_518' title='bbox 2727 3824 2796 3895; x_wconf 75' lang='grc' dir='ltr'><strong>τῇ</strong></span> <span class='ocrx_word' id='word_1_519' title='bbox 2849 3822 3013 3896; x_wconf 70' lang='grc' dir='ltr'>ἒορτῇ</span> <span class='ocrx_word' id='word_1_520' title='bbox 3066 3829 3168 3891; x_wconf 85' lang='grc' dir='ltr'><strong>τῆς</strong></span> <span class='ocrx_word' id='word_1_521' title='bbox 3222 3823 3632 3899; x_wconf 83' lang='grc' dir='ltr'>Ἀναληψίμου,</span> <span class='ocrx_word' id='word_1_522' title='bbox 3678 3825 3778 3880; x_wconf 82' lang='grc' dir='ltr'>’ὀτε</span> 
     </span>
    </p>
   </div>
   <div class='ocr_carea' id='block_1_79' title="bbox 2107 3905 3774 3986">
    <p class='ocr_par' dir='ltr' id='par_1_79' title="bbox 2107 3905 3774 3986">
     <span class='ocr_line' id='line_1_79' title="bbox 2107 3905 3774 3986; baseline 0.003 -22"><span class='ocrx_word' id='word_1_523' title='bbox 2107 3905 2517 3983; x_wconf 77' lang='grc' dir='ltr'>ἀκουμϐίτωσιν</span> <span class='ocrx_word' id='word_1_524' title='bbox 2547 3910 2600 3965; x_wconf 74' lang='grc' dir='ltr'>οἱ</span> <span class='ocrx_word' id='word_1_525' title='bbox 2649 3908 2905 3965; x_wconf 83' lang='grc' dir='ltr'>δεσπόται</span> <span class='ocrx_word' id='word_1_526' title='bbox 2956 3911 3045 3966; x_wconf 82' lang='grc' dir='ltr'>ἐπὶ</span> <span class='ocrx_word' id='word_1_527' title='bbox 3096 3919 3200 3981; x_wconf 88' lang='grc' dir='ltr'><strong>τῆς</strong></span> <span class='ocrx_word' id='word_1_528' title='bbox 3229 3912 3529 3986; x_wconf 69' lang='grc' dir='ltr'>τραπέζης,</span> <span class='ocrx_word' id='word_1_529' title='bbox 3563 3914 3599 3983; x_wconf 77' lang='grc' dir='ltr'><strong>ἡ</strong></span> <span class='ocrx_word' id='word_1_530' title='bbox 3632 3913 3774 3985; x_wconf 85' lang='grc' dir='ltr'>αὐτή</span> 
     </span>
    </p>
   </div>
   <div class='ocr_carea' id='block_1_80' title="bbox 349 3997 1996 4077">
    <p class='ocr_par' dir='ltr' id='par_1_80' title="bbox 349 4002 1996 4071">
     <span class='ocr_line' id='line_1_80' title="bbox 349 4002 1996 4071; baseline -0.003 -7"><span class='ocrx_word' id='word_1_531' title='bbox 349 4007 680 4064; x_wconf 85' lang='lat' dir='ltr'><strong>novationis</strong></span> <span class='ocrx_word' id='word_1_532' title='bbox 711 4006 822 4071; x_wconf 90' lang='lat' dir='ltr'><strong>die,</strong></span> <span class='ocrx_word' id='word_1_533' title='bbox 856 4004 1082 4061; x_wconf 88' lang='lat' dir='ltr'><strong>scilicet</strong></span> <span class='ocrx_word' id='word_1_534' title='bbox 1111 4012 1237 4060; x_wconf 88' lang='lat' dir='ltr'><strong>tum</strong></span> <span class='ocrx_word' id='word_1_535' title='bbox 1271 4002 1719 4061; x_wconf 86' lang='lat' dir='ltr'><strong>acclamationes</strong></span> <span class='ocrx_word' id='word_1_536' title='bbox 1741 4003 1996 4059; x_wconf 88' lang='lat' dir='ltr'><strong>duarum</strong></span> 
     </span>
    </p>
   </div>
   <div class='ocr_carea' id='block_1_81' title="bbox 2110 3997 3775 4077">
    <p class='ocr_par' dir='ltr' id='par_1_81' title="bbox 2110 3997 3775 4077">
     <span class='ocr_line' id='line_1_81' title="bbox 2110 3997 3775 4077; baseline 0.002 -23"><span class='ocrx_word' id='word_1_537' title='bbox 2110 3998 2254 4069; x_wconf 81' lang='grc' dir='ltr'>τάξις</span> <span class='ocrx_word' id='word_1_538' title='bbox 2300 3999 2391 4053; x_wconf 83' lang='grc' dir='ltr'><strong>καὶ</strong></span> <span class='ocrx_word' id='word_1_539' title='bbox 2438 3997 2739 4054; x_wconf 83' lang='grc' dir='ltr'>ἀκολουθία</span> <span class='ocrx_word' id='word_1_540' title='bbox 2784 4001 2989 4074; x_wconf 89' lang='grc' dir='ltr'>γίνεται</span> <span class='ocrx_word' id='word_1_541' title='bbox 3039 4008 3143 4071; x_wconf 78' lang='grc' dir='ltr'>τῆς</span> <span class='ocrx_word' id='word_1_542' title='bbox 3191 3998 3447 4077; x_wconf 69' lang='grc' dir='ltr'>δευτέρας</span> <span class='ocrx_word' id='word_1_543' title='bbox 3499 4009 3600 4072; x_wconf 72' lang='grc' dir='ltr'>τῆς</span> <span class='ocrx_word' id='word_1_544' title='bbox 3650 4000 3775 4057; x_wconf 88' lang='grc' dir='ltr'>δια-</span> 
     </span>
    </p>
   </div>
   <div class='ocr_carea' id='block_1_82' title="bbox 348 4085 1996 4166">
    <p class='ocr_par' dir='ltr' id='par_1_82' title="bbox 348 4093 1996 4164">
     <span class='ocr_line' id='line_1_82' title="bbox 348 4093 1996 4164; baseline -0.004 -11"><span class='ocrx_word' id='word_1_545' title='bbox 348 4097 694 4162; x_wconf 83' lang='lat' dir='ltr'><strong>factionum,</strong></span> <span class='ocrx_word' id='word_1_546' title='bbox 724 4098 851 4149; x_wconf 88' lang='lat' dir='ltr'><strong>tum</strong></span> <span class='ocrx_word' id='word_1_547' title='bbox 880 4093 996 4149; x_wconf 87' lang='lat' dir='ltr'><strong>alia</strong></span> <span class='ocrx_word' id='word_1_548' title='bbox 1024 4093 1246 4162; x_wconf 90' lang='lat' dir='ltr'><strong>omnia,</strong></span> <span class='ocrx_word' id='word_1_549' title='bbox 1283 4109 1410 4164; x_wconf 69' lang='lat' dir='ltr'><strong>quae</strong></span> <span class='ocrx_word' id='word_1_550' title='bbox 1442 4109 1619 4163; x_wconf 89' lang='lat' dir='ltr'><strong>supra</strong></span> <span class='ocrx_word' id='word_1_551' title='bbox 1649 4107 1996 4148; x_wconf 86' lang='lat' dir='ltr'><strong>commemo-</strong></span> 
     </span>
    </p>
   </div>
   <div class='ocr_carea' id='block_1_83' title="bbox 2110 4085 3777 4166">
    <p class='ocr_par' dir='ltr' id='par_1_83' title="bbox 2110 4085 3777 4166">
     <span class='ocr_line' id='line_1_83' title="bbox 2110 4085 3777 4166; baseline 0.002 -23"><span class='ocrx_word' id='word_1_552' title='bbox 2110 4087 2463 4162; x_wconf 88' lang='grc' dir='ltr'>καινησίμου,</span> <span class='ocrx_word' id='word_1_553' title='bbox 2514 4085 2772 4157; x_wconf 90' lang='grc' dir='ltr'>δηλονότι</span> <span class='ocrx_word' id='word_1_554' title='bbox 2830 4090 2921 4144; x_wconf 84' lang='grc' dir='ltr'><strong>καὶ</strong></span> <span class='ocrx_word' id='word_1_555' title='bbox 2984 4089 3039 4144; x_wconf 72' lang='grc' dir='ltr'>αἱ</span> <span class='ocrx_word' id='word_1_556' title='bbox 3107 4090 3431 4166; x_wconf 85' lang='grc' dir='ltr'>ἆκτολογίαι</span> <span class='ocrx_word' id='word_1_557' title='bbox 3501 4097 3611 4147; x_wconf 84' lang='grc' dir='ltr'><strong>τῶν</strong></span> <span class='ocrx_word' id='word_1_558' title='bbox 3676 4088 3777 4147; x_wconf 80' lang='grc' dir='ltr'>δύο</span> 
     </span>
    </p>
   </div>
   <div class='ocr_carea' id='block_1_84' title="bbox 347 4176 1996 4256">
    <p class='ocr_par' dir='ltr' id='par_1_84' title="bbox 347 4181 1996 4254">
     <span class='ocr_line' id='line_1_84' title="bbox 347 4181 1996 4254; baseline -0.004 -12"><span class='ocrx_word' id='word_1_559' title='bbox 347 4187 627 4254; x_wconf 89' lang='lat' dir='ltr'><strong>ravimus,</strong></span> <span class='ocrx_word' id='word_1_560' title='bbox 650 4184 940 4240; x_wconf 82' lang='lat' dir='ltr'><strong>observari</strong></span> <span class='ocrx_word' id='word_1_561' title='bbox 966 4199 979 4251; x_wconf 90' lang='lat'><strong>;</strong></span> <span class='ocrx_word' id='word_1_562' title='bbox 1007 4183 1119 4238; x_wconf 90' lang='lat' dir='ltr'><strong>nisi</strong></span> <span class='ocrx_word' id='word_1_563' title='bbox 1140 4184 1294 4253; x_wconf 86' lang='lat' dir='ltr'><strong>quod</strong></span> <span class='ocrx_word' id='word_1_564' title='bbox 1306 4181 1506 4237; x_wconf 87' lang='lat' dir='ltr'><strong>Veneti</strong></span> <span class='ocrx_word' id='word_1_565' title='bbox 1528 4187 1667 4238; x_wconf 88' lang='lat' dir='ltr'><strong>tono</strong></span> <span class='ocrx_word' id='word_1_566' title='bbox 1690 4181 1929 4252; x_wconf 81' lang='lat' dir='ltr'><strong>obliquo</strong></span> <span class='ocrx_word' id='word_1_567' title='bbox 1955 4181 1996 4247; x_wconf 83' lang='grc' dir='ltr'>Ι,</span> 
     </span>
    </p>
   </div>
   <div class='ocr_carea' id='block_1_85' title="bbox 2110 4176 3777 4256">
    <p class='ocr_par' dir='ltr' id='par_1_85' title="bbox 2112 4176 3777 4256">
     <span class='ocr_line' id='line_1_85' title="bbox 2112 4176 3777 4256; baseline 0.002 -25"><span class='ocrx_word' id='word_1_568' title='bbox 2112 4181 2289 4251; x_wconf 82' lang='grc' dir='ltr'>μερῶν</span> <span class='ocrx_word' id='word_1_569' title='bbox 2340 4176 2431 4232; x_wconf 80' lang='grc' dir='ltr'><strong>καὶ</strong></span> <span class='ocrx_word' id='word_1_570' title='bbox 2475 4178 2669 4246; x_wconf 89' lang='grc' dir='ltr'>πάντα,</span> <span class='ocrx_word' id='word_1_571' title='bbox 2724 4179 2907 4241; x_wconf 87' lang='grc' dir='ltr'>καθὼς</span> <span class='ocrx_word' id='word_1_572' title='bbox 2969 4179 3316 4256; x_wconf 88' lang='grc' dir='ltr'>προείρηται.</span> <span class='ocrx_word' id='word_1_573' title='bbox 3363 4179 3517 4251; x_wconf 77' lang='grc' dir='ltr'>Πλὴν</span> <span class='ocrx_word' id='word_1_574' title='bbox 3571 4182 3624 4236; x_wconf 75' lang='grc' dir='ltr'>οἳ</span> <span class='ocrx_word' id='word_1_575' title='bbox 3676 4182 3777 4254; x_wconf 78' lang='grc' dir='ltr'>μὲν</span> 
     </span>
    </p>
   </div>
   <div class='ocr_carea' id='block_1_86' title="bbox 349 4264 1996 4345">
    <p class='ocr_par' dir='ltr' id='par_1_86' title="bbox 349 4271 1996 4345">
     <span class='ocr_line' id='line_1_86' title="bbox 349 4271 1996 4345; baseline -0.005 -12"><span class='ocrx_word' id='word_1_576' title='bbox 349 4277 586 4333; x_wconf 83' lang='lat' dir='ltr'><strong>dicant:</strong></span> <span class='ocrx_word' id='word_1_577' title='bbox 620 4297 649 4325; x_wconf 88' lang='grc'><strong>‹‹</strong></span> <span class='ocrx_word' id='word_1_578' title='bbox 683 4273 757 4329; x_wconf 91' lang='lat' dir='ltr'><strong>Ut</strong></span> <span class='ocrx_word' id='word_1_579' title='bbox 785 4286 1041 4345; x_wconf 86' lang='lat' dir='ltr'><strong>perenne</strong></span> <span class='ocrx_word' id='word_1_580' title='bbox 1089 4271 1311 4327; x_wconf 86' lang='lat' dir='ltr'><strong>ﬂumen</strong></span> <span class='ocrx_word' id='word_1_581' title='bbox 1361 4275 1437 4341; x_wconf 91' lang='lat' dir='ltr'><strong>te,</strong></span> <span class='ocrx_word' id='word_1_582' title='bbox 1470 4271 1690 4327; x_wconf 86' lang='lat' dir='ltr'><strong>fontem</strong></span> <span class='ocrx_word' id='word_1_583' title='bbox 1740 4285 1996 4339; x_wconf 86' lang='lat' dir='ltr'><strong>sacrum,</strong></span> 
     </span>
    </p>
   </div>
   <div class='ocr_carea' id='block_1_87' title="bbox 2110 4264 3775 4345">
    <p class='ocr_par' dir='ltr' id='par_1_87' title="bbox 2110 4264 3775 4344">
     <span class='ocr_line' id='line_1_87' title="bbox 2110 4264 3775 4344; baseline 0.002 -21"><span class='ocrx_word' id='word_1_584' title='bbox 2110 4268 2321 4323; x_wconf 77' lang='grc' dir='ltr'>Βὲνετοι</span> <span class='ocrx_word' id='word_1_585' title='bbox 2356 4265 2580 4343; x_wconf 71' lang='grc' dir='ltr'>λέγουσι</span> <span class='ocrx_word' id='word_1_586' title='bbox 2610 4268 2711 4336; x_wconf 81' lang='grc' dir='ltr'>τὴν</span> <span class='ocrx_word' id='word_1_587' title='bbox 2754 4269 2944 4344; x_wconf 78' lang='grc' dir='ltr'>φωνήρ</span> <span class='ocrx_word' id='word_1_588' title='bbox 2986 4264 3090 4344; x_wconf 74' lang='grc' dir='ltr'><strong>ἤχ.</strong></span> <span class='ocrx_word' id='word_1_589' title='bbox 3141 4266 3309 4344; x_wconf 83' lang='grc' dir='ltr'>πλαγ.</span> <span class='ocrx_word' id='word_1_590' title='bbox 3355 4271 3399 4324; x_wconf 84' lang='grc' dir='ltr'>α’</span> <span class='ocrx_word' id='word_1_591' title='bbox 3423 4289 3437 4303; x_wconf 90' lang='grc'><strong>·</strong></span> <span class='ocrx_word' id='word_1_592' title='bbox 3482 4295 3509 4322; x_wconf 86' lang='grc'><em>‹‹</em></span> <span class='ocrx_word' id='word_1_593' title='bbox 3538 4277 3625 4334; x_wconf 75' lang='grc' dir='ltr'>Ὠς</span> <span class='ocrx_word' id='word_1_594' title='bbox 3656 4270 3775 4326; x_wconf 85' lang='grc' dir='ltr'>ἀεί-</span> 
     </span>
    </p>
   </div>
   <div class='ocr_carea' id='block_1_88' title="bbox 348 4356 1996 4435">
    <p class='ocr_par' dir='ltr' id='par_1_88' title="bbox 348 4359 1996 4430">
     <span class='ocr_line' id='line_1_88' title="bbox 348 4359 1996 4430; baseline -0.007 -6"><span class='ocrx_word' id='word_1_595' title='bbox 348 4367 534 4424; x_wconf 90' lang='lat' dir='ltr'><strong>solam</strong></span> <span class='ocrx_word' id='word_1_596' title='bbox 570 4361 1007 4420; x_wconf 88' lang='lat' dir='ltr'><strong>sanctissimam</strong></span> <span class='ocrx_word' id='word_1_597' title='bbox 1040 4360 1138 4417; x_wconf 90' lang='lat' dir='ltr'><strong>Dei</strong></span> <span class='ocrx_word' id='word_1_598' title='bbox 1178 4360 1441 4430; x_wconf 85' lang='lat' dir='ltr'><strong>Matrem,</strong></span> <span class='ocrx_word' id='word_1_599' title='bbox 1470 4360 1790 4417; x_wconf 87' lang='lat' dir='ltr'><strong>Christiani</strong></span> <span class='ocrx_word' id='word_1_600' title='bbox 1838 4359 1996 4413; x_wconf 90' lang='lat' dir='ltr'><strong>inve-</strong></span> 
     </span>
    </p>
   </div>
   <div class='ocr_carea' id='block_1_89' title="bbox 2110 4356 3780 4435">
    <p class='ocr_par' dir='ltr' id='par_1_89' title="bbox 2113 4356 3780 4435">
     <span class='ocr_line' id='line_1_89' title="bbox 2113 4356 3780 4435; baseline 0.002 -24"><span class='ocrx_word' id='word_1_601' title='bbox 2113 4361 2253 4425; x_wconf 86' lang='grc' dir='ltr'>ζωον</span> <span class='ocrx_word' id='word_1_602' title='bbox 2318 4356 2560 4430; x_wconf 81' lang='grc' dir='ltr'>ῥεῖθρον,</span> <span class='ocrx_word' id='word_1_603' title='bbox 2634 4359 2823 4432; x_wconf 70' lang='grc' dir='ltr'>πηγὴν</span> <span class='ocrx_word' id='word_1_604' title='bbox 2897 4356 3052 4432; x_wconf 83' lang='grc' dir='ltr'>ἁγίαν</span> <span class='ocrx_word' id='word_1_605' title='bbox 3106 4359 3430 4435; x_wconf 85' lang='grc' dir='ltr'>Χριστιανοὶ</span> <span class='ocrx_word' id='word_1_606' title='bbox 3483 4359 3780 4435; x_wconf 74' lang='grc' dir='ltr'>εὑρηκότες</span> 
     </span>
    </p>
   </div>
   <div class='ocr_carea' id='block_1_90' title="bbox 346 4441 1996 4523">
    <p class='ocr_par' dir='ltr' id='par_1_90' title="bbox 346 4447 1996 4522">
     <span class='ocr_line' id='line_1_90' title="bbox 346 4447 1996 4522; baseline -0.006 -9"><span class='ocrx_word' id='word_1_607' title='bbox 346 4456 566 4512; x_wconf 90' lang='lat' dir='ltr'><strong>nimus.</strong></span> <span class='ocrx_word' id='word_1_608' title='bbox 599 4453 961 4509; x_wconf 81' lang='lat' dir='ltr'><strong>Veneremur</strong></span> <span class='ocrx_word' id='word_1_609' title='bbox 988 4454 1044 4506; x_wconf 90' lang='lat' dir='ltr'><strong>te</strong></span> <span class='ocrx_word' id='word_1_610' title='bbox 1078 4454 1354 4521; x_wconf 89' lang='lat' dir='ltr'><strong>tanquam</strong></span> <span class='ocrx_word' id='word_1_611' title='bbox 1388 4449 1717 4522; x_wconf 86' lang='lat' dir='ltr'><strong>Deiparam,</strong></span> <span class='ocrx_word' id='word_1_612' title='bbox 1750 4452 1808 4503; x_wconf 88' lang='lat' dir='ltr'><strong>et</strong></span> <span class='ocrx_word' id='word_1_613' title='bbox 1845 4447 1996 4503; x_wconf 90' lang='lat' dir='ltr'><strong>obte-</strong></span> 
     </span>
    </p>
   </div>
   <div class='ocr_carea' id='block_1_91' title="bbox 2110 4441 3783 4523">
    <p class='ocr_par' dir='ltr' id='par_1_91' title="bbox 2116 4445 3783 4523">
     <span class='ocr_line' id='line_1_91' title="bbox 2116 4445 3783 4523; baseline 0.002 -22"><span class='ocrx_word' id='word_1_614' title='bbox 2116 4446 2287 4518; x_wconf 86' lang='grc' dir='ltr'>μόνην</span> <span class='ocrx_word' id='word_1_615' title='bbox 2321 4447 2399 4516; x_wconf 71' lang='grc' dir='ltr'>σὲ,</span> <span class='ocrx_word' id='word_1_616' title='bbox 2431 4448 2530 4517; x_wconf 85' lang='grc' dir='ltr'><strong>τήν</strong></span> <span class='ocrx_word' id='word_1_617' title='bbox 2580 4447 2842 4523; x_wconf 85' lang='grc' dir='ltr'>πανάγιον</span> <span class='ocrx_word' id='word_1_618' title='bbox 2873 4450 2970 4501; x_wconf 90' lang='grc' dir='ltr'><strong>τοῦ</strong></span> <span class='ocrx_word' id='word_1_619' title='bbox 3012 4451 3152 4503; x_wconf 88' lang='grc' dir='ltr'>Θεοῦ</span> <span class='ocrx_word' id='word_1_620' title='bbox 3194 4450 3446 4523; x_wconf 67' lang='grc' dir='ltr'>Μητέρα,</span> <span class='ocrx_word' id='word_1_621' title='bbox 3488 4445 3783 4505; x_wconf 88' lang='grc' dir='ltr'>δυσωποῦ-</span> 
     </span>
    </p>
   </div>
   <div class='ocr_carea' id='block_1_92' title="bbox 1731 4572 2426 4631">
    <p class='ocr_par' dir='ltr' id='par_1_92' title="bbox 1731 4572 2426 4631">
     <span class='ocr_line' id='line_1_92' title="bbox 1731 4572 2426 4631; baseline 0.001 -3"><span class='ocrx_word' id='word_1_622' title='bbox 1731 4573 1974 4631; x_wconf 78' lang='lat' dir='ltr'><strong>VARI/E</strong></span> <span class='ocrx_word' id='word_1_623' title='bbox 2012 4572 2314 4629; x_wconf 83' lang='lat' dir='ltr'><strong>LECTION</strong></span> <span class='ocrx_word' id='word_1_624' title='bbox 2323 4573 2426 4629; x_wconf 88' lang='lat' dir='ltr'><strong>ES.</strong></span> 
     </span>
    </p>
   </div>
   <div class='ocr_carea' id='block_1_93' title="bbox 424 4695 3783 4777">
    <p class='ocr_par' dir='ltr' id='par_1_93' title="bbox 424 4695 3783 4777">
     <span class='ocr_line' id='line_1_93' title="bbox 424 4695 3783 4777; baseline 0.005 -36"><span class='ocrx_word' id='word_1_625' title='bbox 424 4707 539 4762; x_wconf 50' lang='lat' dir='ltr'><strong>to.&quot;</strong></span> <span class='ocrx_word' id='word_1_626' title='bbox 584 4707 679 4777; x_wconf 56' lang='grc' dir='ltr'>μὲν</span> <span class='ocrx_word' id='word_1_627' title='bbox 719 4725 836 4764; x_wconf 61' lang='grc' dir='ltr'><strong>σω,</strong></span> <span class='ocrx_word' id='word_1_628' title='bbox 878 4705 971 4762; x_wconf 68' lang='grc' dir='ltr'><strong>δά,</strong></span> <span class='ocrx_word' id='word_1_629' title='bbox 1050 4703 1094 4738; x_wconf 76' lang='grc'><strong>1⁸</strong></span> <span class='ocrx_word' id='word_1_630' title='bbox 1135 4699 1463 4775; x_wconf 83' lang='grc' dir='ltr'>δροσίζεσθε.</span> <span class='ocrx_word' id='word_1_631' title='bbox 1504 4701 1610 4753; x_wconf 88' lang='grc' dir='ltr'>Τοῦ</span> <span class='ocrx_word' id='word_1_632' title='bbox 1648 4719 1845 4771; x_wconf 85' lang='grc' dir='ltr'>πνευμ.</span> <span class='ocrx_word' id='word_1_633' title='bbox 1885 4721 1936 4755; x_wconf 89' lang='grc' dir='ltr'>τ.</span> <span class='ocrx_word' id='word_1_634' title='bbox 1978 4696 2104 4753; x_wconf 87' lang='grc' dir='ltr'>πόσ.</span> <span class='ocrx_word' id='word_1_635' title='bbox 2146 4696 2225 4755; x_wconf 81' lang='grc' dir='ltr'>ἐκ.</span> <span class='ocrx_word' id='word_1_636' title='bbox 2265 4720 2318 4759; x_wconf 85' lang='grc' dir='ltr'><strong>τ.</strong></span> <span class='ocrx_word' id='word_1_637' title='bbox 2356 4697 2410 4756; x_wconf 83' lang='grc' dir='ltr'>ἆ.</span> <span class='ocrx_word' id='word_1_638' title='bbox 2472 4699 2626 4772; x_wconf 85' lang='grc' dir='ltr'>πόμα</span> <span class='ocrx_word' id='word_1_639' title='bbox 2665 4697 2735 4753; x_wconf 79' lang='grc' dir='ltr'><strong>τὰ</strong></span> <span class='ocrx_word' id='word_1_640' title='bbox 2772 4695 2962 4770; x_wconf 82' lang='grc' dir='ltr'>πλήθη</span> <span class='ocrx_word' id='word_1_641' title='bbox 3005 4701 3160 4772; x_wconf 81' lang='lat' dir='ltr'><strong>conj-</strong></span> <span class='ocrx_word' id='word_1_642' title='bbox 3206 4702 3274 4759; x_wconf 83' lang='lat' dir='ltr'><strong>R.</strong></span> <span class='ocrx_word' id='word_1_643' title='bbox 3352 4700 3399 4739; x_wconf 65' lang='lat'><strong>&#39;9</strong></span> <span class='ocrx_word' id='word_1_644' title='bbox 3434 4722 3529 4757; x_wconf 85' lang='grc' dir='ltr'><strong>τον</strong></span> <span class='ocrx_word' id='word_1_645' title='bbox 3569 4718 3783 4774; x_wconf 89' lang='lat' dir='ltr'><strong>super-</strong></span> 
     </span>
    </p>
   </div>
   <div class='ocr_carea' id='block_1_94' title="bbox 355 4784 3781 4868">
    <p class='ocr_par' dir='ltr' id='par_1_94' title="bbox 355 4784 3781 4868">
     <span class='ocr_line' id='line_1_94' title="bbox 355 4784 3781 4868; baseline -0 -17"><span class='ocrx_word' id='word_1_646' title='bbox 355 4796 566 4866; x_wconf 82' lang='lat' dir='ltr'><strong>scripto</strong></span> <span class='ocrx_word' id='word_1_647' title='bbox 606 4802 642 4848; x_wconf 89' lang='grc' dir='ltr'>Δ</span> <span class='ocrx_word' id='word_1_648' title='bbox 683 4812 786 4868; x_wconf 84' lang='lat' dir='ltr'><strong>pro</strong></span> <span class='ocrx_word' id='word_1_649' title='bbox 822 4791 980 4850; x_wconf 89' lang='grc' dir='ltr'>τόνδε</span> <span class='ocrx_word' id='word_1_650' title='bbox 1036 4795 1185 4862; x_wconf 90' lang='lat' dir='ltr'><strong>cod.,</strong></span> <span class='ocrx_word' id='word_1_651' title='bbox 1246 4784 1399 4849; x_wconf 78' lang='lat' dir='ltr'><strong>unde</strong></span> <span class='ocrx_word' id='word_1_652' title='bbox 1454 4790 1522 4858; x_wconf 74' lang='grc' dir='ltr'>Β,</span> <span class='ocrx_word' id='word_1_653' title='bbox 1578 4787 1641 4843; x_wconf 74' lang='grc' dir='ltr'>τὰ</span> <span class='ocrx_word' id='word_1_654' title='bbox 1696 4786 1961 4863; x_wconf 89' lang='grc' dir='ltr'>δρομικὸν</span> <span class='ocrx_word' id='word_1_655' title='bbox 2018 4791 2172 4862; x_wconf 88' lang='lat' dir='ltr'><strong>conj.</strong></span> <span class='ocrx_word' id='word_1_656' title='bbox 2251 4790 2299 4825; x_wconf 83' lang='grc'><strong>²⁰</strong></span> <span class='ocrx_word' id='word_1_657' title='bbox 2336 4789 2598 4867; x_wconf 71' lang='grc' dir='ltr'>ἀφθοσίας</span> <span class='ocrx_word' id='word_1_658' title='bbox 2654 4790 2747 4861; x_wconf 64' lang='lat' dir='ltr'><strong>IL,</strong></span> <span class='ocrx_word' id='word_1_659' title='bbox 2788 4789 3053 4866; x_wconf 79' lang='grc' dir='ltr'>ἀφθασίας</span> <span class='ocrx_word' id='word_1_660' title='bbox 3095 4794 3248 4860; x_wconf 86' lang='lat' dir='ltr'><strong>cod.,</strong></span> <span class='ocrx_word' id='word_1_661' title='bbox 3288 4790 3577 4853; x_wconf 83' lang='grc' dir='ltr'>ἀθανασίας</span> <span class='ocrx_word' id='word_1_662' title='bbox 3617 4794 3781 4865; x_wconf 86' lang='lat' dir='ltr'><strong>conj.</strong></span> 
     </span>
    </p>
   </div>
   <div class='ocr_carea' id='block_1_95' title="bbox 357 4878 2336 4962">
    <p class='ocr_par' dir='ltr' id='par_1_95' title="bbox 357 4878 2336 4962">
     <span class='ocr_line' id='line_1_95' title="bbox 357 4878 2336 4962; baseline -0.005 -19"><span class='ocrx_word' id='word_1_663' title='bbox 357 4887 578 4956; x_wconf 85' lang='lat' dir='ltr'><strong>Leicb.,</strong></span> <span class='ocrx_word' id='word_1_664' title='bbox 619 4883 946 4962; x_wconf 71' lang='grc' dir='ltr'>ἀφθανασίας</span> <span class='ocrx_word' id='word_1_665' title='bbox 987 4886 1078 4941; x_wconf 88' lang='lat' dir='ltr'><strong>ed.</strong></span> <span class='ocrx_word' id='word_1_666' title='bbox 1154 4885 1197 4921; x_wconf 85' lang='grc'><strong>²¹</strong></span> <span class='ocrx_word' id='word_1_667' title='bbox 1245 4883 1431 4940; x_wconf 84' lang='lat' dir='ltr'><strong>Verba</strong></span> <span class='ocrx_word' id='word_1_668' title='bbox 1470 4878 1532 4936; x_wconf 78' lang='grc' dir='ltr'>οὗ</span> <span class='ocrx_word' id='word_1_669' title='bbox 1577 4879 1831 4955; x_wconf 79' lang='grc' dir='ltr'>βούλεται</span> <span class='ocrx_word' id='word_1_670' title='bbox 1871 4879 2044 4937; x_wconf 87' lang='grc' dir='ltr'>πάντα</span> <span class='ocrx_word' id='word_1_671' title='bbox 2084 4897 2201 4938; x_wconf 87' lang='lat' dir='ltr'><strong>om.</strong></span> <span class='ocrx_word' id='word_1_672' title='bbox 2245 4882 2336 4937; x_wconf 90' lang='lat' dir='ltr'><strong>ed.</strong></span> 
     </span>
    </p>
   </div>
   <div class='ocr_carea' id='block_1_96' title="bbox 1408 5023 2723 5084">
    <p class='ocr_par' dir='ltr' id='par_1_96' title="bbox 1408 5023 2723 5084">
     <span class='ocr_line' id='line_1_96' title="bbox 1408 5023 2723 5084; baseline -0.004 0"><span class='ocrx_word' id='word_1_673' title='bbox 1408 5026 1612 5084; x_wconf 82' lang='lat' dir='ltr'><strong>JOAN.</strong></span> <span class='ocrx_word' id='word_1_674' title='bbox 1651 5025 1788 5081; x_wconf 83' lang='lat' dir='ltr'><strong>JAC.</strong></span> <span class='ocrx_word' id='word_1_675' title='bbox 1834 5024 2101 5082; x_wconf 81' lang='lat' dir='ltr'><strong>REISKII</strong></span> <span class='ocrx_word' id='word_1_676' title='bbox 2138 5023 2723 5081; x_wconf 85' lang='lat' dir='ltr'><strong>COMMENTARIUS.</strong></span> 
     </span>
    </p>
   </div>
   <div class='ocr_carea' id='block_1_97' title="bbox 433 5148 3783 5226">
    <p class='ocr_par' dir='ltr' id='par_1_97' title="bbox 433 5148 3783 5226">
     <span class='ocr_line' id='line_1_97' title="bbox 433 5148 3783 5226; baseline 0 -19"><span class='ocrx_word' id='word_1_677' title='bbox 433 5153 550 5226; x_wconf 82' lang='lat'>(78)</span> <span class='ocrx_word' id='word_1_678' title='bbox 580 5153 715 5226; x_wconf 83' lang='lat' dir='ltr'><strong>Dies</strong></span> <span class='ocrx_word' id='word_1_679' title='bbox 743 5148 2012 5226; x_wconf 38' lang='lat' dir='ltr'><strong>vigesimaquintaaPascha,veljeria‘quar-</strong></span> <span class='ocrx_word' id='word_1_680' title='bbox 2122 5152 2253 5226; x_wconf 88' lang='lat' dir='ltr'><strong>sten</strong></span> <span class='ocrx_word' id='word_1_681' title='bbox 2292 5148 2662 5226; x_wconf 85' lang='lat' dir='ltr'><strong>in_terc_edens</strong></span> <span class='ocrx_word' id='word_1_682' title='bbox 2708 5150 2929 5226; x_wconf 75' lang='lat' dir='ltr'><strong>Pasc_ba</strong></span> <span class='ocrx_word' id='word_1_683' title='bbox 2973 5150 3296 5226; x_wconf 64' lang='lat' dir='ltr'><strong>diceretur;</strong></span> <span class='ocrx_word' id='word_1_684' title='bbox 3325 5158 3386 5226; x_wconf 79' lang='lat' dir='ltr'><strong>et</strong></span> <span class='ocrx_word' id='word_1_685' title='bbox 3415 5151 3543 5223; x_wconf 90' lang='lat' dir='ltr'><strong>ipsa</strong></span> <span class='ocrx_word' id='word_1_686' title='bbox 3575 5151 3783 5209; x_wconf 85' lang='lat' dir='ltr'><strong>Pente-</strong></span> 
     </span>
    </p>
   </div>
   <div class='ocr_carea' id='block_1_98' title="bbox 359 5217 3471 5297">
    <p class='ocr_par' dir='ltr' id='par_1_98' title="bbox 359 5217 3471 5297">
     <span class='ocr_line' id='line_1_98' title="bbox 359 5217 3471 5297; baseline -0.001 -18"><span class='ocrx_word' id='word_1_687' title='bbox 359 5229 419 5281; x_wconf 87' lang='lat' dir='ltr'><strong>ta</strong></span> <span class='ocrx_word' id='word_1_688' title='bbox 441 5217 449 5226; x_wconf 79' lang='grc'><em>’</em></span> <span class='ocrx_word' id='word_1_689' title='bbox 475 5217 833 5297; x_wconf 70' lang='lat' dir='ltr'><strong>septimaan</strong></span> <span class='ocrx_word' id='word_1_690' title='bbox 869 5217 1089 5293; x_wconf 66' lang='lat' dir='ltr'><strong>quarta:</strong></span> <span class='ocrx_word' id='word_1_691' title='bbox 1146 5229 1304 5297; x_wconf 71' lang='lat' dir='ltr'><strong>post_</strong></span> <span class='ocrx_word' id='word_1_692' title='bbox 1356 5223 1596 5297; x_wconf 89' lang='lat' dir='ltr'><strong>Pasc_h_a.</strong></span> <span class='ocrx_word' id='word_1_693' title='bbox 1652 5217 2005 5297; x_wconf 53' lang='lat' dir='ltr'><strong>[Upoél&#39;epgrc</strong></span> <span class='ocrx_word' id='word_1_694' title='bbox 2117 5225 2295 5297; x_wconf 66' lang='lat' dir='ltr'><strong>caste.</strong></span> <span class='ocrx_word' id='word_1_695' title='bbox 2328 5220 2541 5297; x_wconf 68' lang='lat' dir='ltr'><strong>Pascha</strong></span> <span class='ocrx_word' id='word_1_696' title='bbox 2572 5224 2781 5297; x_wconf 56' lang='lat' dir='ltr'><strong>resuta.</strong></span> <span class='ocrx_word' id='word_1_697' title='bbox 2816 5221 2947 5297; x_wconf 76' lang='lat' dir='ltr'><strong>Vid.</strong></span> <span class='ocrx_word' id='word_1_698' title='bbox 2981 5222 3066 5277; x_wconf 93' lang='lat' dir='ltr'><strong>Du</strong></span> <span class='ocrx_word' id='word_1_699' title='bbox 3100 5217 3294 5297; x_wconf 77' lang='lat' dir='ltr'><strong>Gange</strong></span> <span class='ocrx_word' id='word_1_700' title='bbox 3324 5222 3383 5278; x_wconf 90' lang='lat' dir='ltr'><strong>b.</strong></span> <span class='ocrx_word' id='word_1_701' title='bbox 3417 5217 3471 5277; x_wconf 56' lang='grc' dir='ltr'>πῖ.</span> 
     </span>
    </p>
   </div>
   <div class='ocr_carea' id='block_1_99' title="bbox 406 5288 3780 5366">
    <p class='ocr_par' dir='ltr' id='par_1_99' title="bbox 406 5288 3780 5366">
     <span class='ocr_line' id='line_1_99' title="bbox 406 5288 3780 5366; baseline 0 -18"><span class='ocrx_word' id='word_1_702' title='bbox 406 5288 1774 5366; x_wconf 55' lang='lat' dir='ltr'><strong>eoonévtnxoatﬁqmemora&#39;turGeorg.Monacbo</strong></span> <span class='ocrx_word' id='word_1_703' title='bbox 1798 5293 2005 5366; x_wconf 58' lang='lat' dir='ltr'><strong>p.556,</strong></span> <span class='ocrx_word' id='word_1_704' title='bbox 2188 5291 2303 5363; x_wconf 85' lang='lat'><strong>(79)</strong></span> <span class='ocrx_word' id='word_1_705' title='bbox 2351 5290 2582 5346; x_wconf 86' lang='lat' dir='ltr'><strong>Veteres</strong></span> <span class='ocrx_word' id='word_1_706' title='bbox 2618 5288 3324 5366; x_wconf 57' lang='lat' dir='ltr'><strong>Bléew__frequentabant</strong></span> <span class='ocrx_word' id='word_1_707' title='bbox 3362 5314 3377 5363; x_wconf 88' lang='lat'><strong>;</strong></span> <span class='ocrx_word' id='word_1_708' title='bbox 3410 5295 3539 5350; x_wconf 82' lang='lat' dir='ltr'><strong>novi</strong></span> <span class='ocrx_word' id='word_1_709' title='bbox 3580 5298 3780 5352; x_wconf 89' lang='lat' dir='ltr'><strong>autem</strong></span> 
     </span>
    </p>
   </div>
   <div class='ocr_carea' id='block_1_100' title="bbox 357 5317 3780 5438">
    <p class='ocr_par' dir='ltr' id='par_1_100' title="bbox 357 5317 3780 5438">
     <span class='ocr_line' id='line_1_100' title="bbox 406 5317 3780 5366; baseline 0 -18"><span class='ocrx_word' id='word_1_710' title='bbox 406 5317 1774 5366; x_wconf 68' lang='grc' dir='ltr'>εσοπεντηκοστηςωθωοτιιῐυτυθυτξς.ινιυωιιιυυ</span> <span class='ocrx_word' id='word_1_711' title='bbox 1799 5317 1853 5363; x_wconf 84' lang='lat' dir='ltr'><strong>p.</strong></span> <span class='ocrx_word' id='word_1_712' title='bbox 1876 5317 2005 5360; x_wconf 75' lang='grc' dir='ltr'>υυυ,</span> <span class='ocrx_word' id='word_1_713' title='bbox 2188 5317 2303 5363; x_wconf 72' lang='grc' dir='ltr'><strong>μυ)</strong></span> <span class='ocrx_word' id='word_1_714' title='bbox 2359 5317 2582 5346; x_wconf 72' lang='lat' dir='ltr'><strong>veteres</strong></span> <span class='ocrx_word' id='word_1_715' title='bbox 2618 5317 2804 5365; x_wconf 76' lang='grc' dir='ltr'><strong>ΡΛυε-ιν</strong></span> <span class='ocrx_word' id='word_1_716' title='bbox 2877 5317 3324 5363; x_wconf 76' lang='lat' dir='ltr'><strong>rrequentauam</strong></span> <span class='ocrx_word' id='word_1_717' title='bbox 3362 5317 3377 5363; x_wconf 87' lang='lat'><strong>;</strong></span> <span class='ocrx_word' id='word_1_718' title='bbox 3411 5317 3539 5350; x_wconf 72' lang='lat' dir='ltr'><strong>nov:</strong></span> <span class='ocrx_word' id='word_1_719' title='bbox 3580 5317 3780 5352; x_wconf 77' lang='lat' dir='ltr'><strong>autem</strong></span> 
     </span>
     <span class='ocr_line' id='line_1_101' title="bbox 357 5317 3780 5438; baseline -0 -16"><span class='ocrx_word' id='word_1_720' title='bbox 357 5317 468 5423; x_wconf 47' lang='lat' dir='ltr'><strong>{eo</strong></span> <span class='ocrx_word' id='word_1_721' title='bbox 499 5369 557 5423; x_wconf 92' lang='lat' dir='ltr'><strong>in</strong></span> <span class='ocrx_word' id='word_1_722' title='bbox 589 5387 654 5427; x_wconf 88' lang='lat' dir='ltr'><strong>ea</strong></span> <span class='ocrx_word' id='word_1_723' title='bbox 685 5369 1025 5424; x_wconf 82' lang='lat' dir='ltr'><strong>vulneratus</strong></span> <span class='ocrx_word' id='word_1_724' title='bbox 1056 5367 1242 5436; x_wconf 86' lang='lat' dir='ltr'><strong>ipsam</strong></span> <span class='ocrx_word' id='word_1_725' title='bbox 1273 5364 1585 5434; x_wconf 81' lang='lat' dir='ltr'><strong>abrogavit.</strong></span> <span class='ocrx_word' id='word_1_726' title='bbox 1616 5364 1796 5438; x_wconf 84' lang='lat' dir='ltr'><strong>_Ad_S.</strong></span> <span class='ocrx_word' id='word_1_727' title='bbox 1828 5363 2001 5438; x_wconf 69' lang='lat' dir='ltr'><strong>Mocii</strong></span> <span class='ocrx_word' id='word_1_728' title='bbox 2119 5379 2272 5438; x_wconf 55' lang='lat' dir='ltr'><strong>saepe</strong></span> <span class='ocrx_word' id='word_1_729' title='bbox 2303 5366 2360 5438; x_wconf 79' lang='lat' dir='ltr'><strong>et</strong></span> <span class='ocrx_word' id='word_1_730' title='bbox 2405 5369 2764 5438; x_wconf 70' lang='lat' dir='ltr'><strong>permutant.</strong></span> <span class='ocrx_word' id='word_1_731' title='bbox 2818 5364 2949 5419; x_wconf 91' lang='lat' dir='ltr'><strong>Vid.</strong></span> <span class='ocrx_word' id='word_1_732' title='bbox 2976 5363 3287 5438; x_wconf 17' lang='lat' dir='ltr'><strong>inemist.</strong></span> <span class='ocrx_word' id='word_1_733' title='bbox 3339 5382 3472 5438; x_wconf 86' lang='lat' dir='ltr'><strong>pag.</strong></span> <span class='ocrx_word' id='word_1_734' title='bbox 3525 5367 3630 5421; x_wconf 87' lang='lat'><strong>260</strong></span> <span class='ocrx_word' id='word_1_735' title='bbox 3683 5366 3780 5422; x_wconf 87' lang='lat' dir='ltr'><strong>ed.</strong></span> 
     </span>
    </p>
   </div>
   <div class='ocr_carea' id='block_1_101' title="bbox 356 5433 3240 5511">
    <p class='ocr_par' dir='ltr' id='par_1_101' title="bbox 356 5433 3240 5511">
     <span class='ocr_line' id='line_1_102' title="bbox 356 5433 3240 5511; baseline -0.001 -19"><span class='ocrx_word' id='word_1_736' title='bbox 356 5438 776 5497; x_wconf 81' lang='lat' dir='ltr'><strong>instituebatur</strong></span> <span class='ocrx_word' id='word_1_737' title='bbox 807 5458 862 5511; x_wconf 90' lang='lat' dir='ltr'><strong>p.</strong></span> <span class='ocrx_word' id='word_1_738' title='bbox 902 5439 1027 5494; x_wconf 82' lang='grc'>464.</span> <span class='ocrx_word' id='word_1_739' title='bbox 1060 5433 1453 5511; x_wconf 55' lang='grc' dir='ltr'>ῧὴγγεοεῑοωξί</span> <span class='ocrx_word' id='word_1_740' title='bbox 1482 5435 1668 5511; x_wconf 83' lang='lat' dir='ltr'><strong>oratio</strong></span> <span class='ocrx_word' id='word_1_741' title='bbox 1715 5434 1775 5489; x_wconf 90' lang='lat' dir='ltr'><strong>in</strong></span> <span class='ocrx_word' id='word_1_742' title='bbox 1827 5433 2009 5511; x_wconf 66' lang='lat' dir='ltr'><strong>quo-</strong></span> <span class='ocrx_word' id='word_1_743' title='bbox 2118 5433 2491 5511; x_wconf 33' lang='lat' dir='ltr'><strong>Ha’rduin._et</strong></span> <span class='ocrx_word' id='word_1_744' title='bbox 2520 5435 2764 5508; x_wconf 86' lang='lat' dir='ltr'><strong>ProcOp.</strong></span> <span class='ocrx_word' id='word_1_745' title='bbox 2797 5437 3113 5511; x_wconf 76' lang='lat' dir='ltr'><strong>Anecd._p.</strong></span> <span class='ocrx_word' id='word_1_746' title='bbox 3150 5437 3240 5492; x_wconf 81' lang='lat'><strong>85.</strong></span> 
     </span>
    </p>
   </div>
   <div class='ocr_carea' id='block_1_102' title="bbox 356 5503 3782 5581">
    <p class='ocr_par' dir='ltr' id='par_1_102' title="bbox 356 5503 3782 5581">
     <span class='ocr_line' id='line_1_103' title="bbox 356 5503 3782 5581; baseline 0 -18"><span class='ocrx_word' id='word_1_747' title='bbox 356 5514 730 5580; x_wconf 72' lang='grc' dir='ltr'>πεντηκοστὴν</span> <span class='ocrx_word' id='word_1_748' title='bbox 771 5503 1019 5567; x_wconf 74' lang='lat' dir='ltr'><strong>habetur</strong></span> <span class='ocrx_word' id='word_1_749' title='bbox 1072 5503 1218 5578; x_wconf 57' lang='lat' dir='ltr'><strong>apu&#39;d</strong></span> <span class='ocrx_word' id='word_1_750' title='bbox 1284 5506 1870 5581; x_wconf 78' lang='lat' dir='ltr'><strong>Lambeccium__cod.</strong></span> <span class='ocrx_word' id='word_1_751' title='bbox 1916 5506 2006 5574; x_wconf 80' lang='grc'><strong>40,</strong></span> <span class='ocrx_word' id='word_1_752' title='bbox 2190 5507 2306 5576; x_wconf 86' lang='grc'>(80)</span> <span class='ocrx_word' id='word_1_753' title='bbox 2340 5506 2435 5581; x_wconf 87' lang='lat' dir='ltr'><strong>E_st</strong></span> <span class='ocrx_word' id='word_1_754' title='bbox 2464 5503 2726 5581; x_wconf 66' lang='lat' dir='ltr'><strong>autpro&#39;</strong></span> <span class='ocrx_word' id='word_1_755' title='bbox 2756 5503 3110 5581; x_wconf 80' lang='grc' dir='ltr'>παρῥησιάδῃ</span> <span class='ocrx_word' id='word_1_756' title='bbox 3158 5524 3325 5581; x_wconf 14' lang='lat' dir='ltr'><strong>Amore</strong></span> <span class='ocrx_word' id='word_1_757' title='bbox 3368 5507 3587 5564; x_wconf 89' lang='lat' dir='ltr'><strong>librarii</strong></span> <span class='ocrx_word' id='word_1_758' title='bbox 3636 5528 3669 5576; x_wconf 85' lang='grc' dir='ltr'><strong>η</strong></span> <span class='ocrx_word' id='word_1_759' title='bbox 3722 5511 3782 5563; x_wconf 89' lang='lat' dir='ltr'><strong>et</strong></span> 
     </span>
    </p>
   </div>
   <div class='ocr_carea' id='block_1_103' title="bbox 360 5576 3777 5653">
    <p class='ocr_par' dir='ltr' id='par_1_103' title="bbox 360 5576 3777 5653">
     <span class='ocr_line' id='line_1_104' title="bbox 360 5576 3777 5653; baseline -0.001 -15"><span class='ocrx_word' id='word_1_760' title='bbox 360 5599 423 5653; x_wconf 75' lang='lat' dir='ltr'><strong>n.</strong></span> <span class='ocrx_word' id='word_1_761' title='bbox 446 5576 592 5653; x_wconf 79' lang='lat' dir='ltr'><strong>20.j&#39;</strong></span> <span class='ocrx_word' id='word_1_762' title='bbox 624 5576 697 5638; x_wconf 78' lang='lat' dir='ltr'><strong>Ut</strong></span> <span class='ocrx_word' id='word_1_763' title='bbox 728 5576 1252 5653; x_wconf 48' lang='lat' dir='ltr'><strong>Maeona-maceriae</strong></span> <span class='ocrx_word' id='word_1_764' title='bbox 1285 5580 1501 5634; x_wconf 88' lang='lat' dir='ltr'><strong>dicitur</strong></span> <span class='ocrx_word' id='word_1_765' title='bbox 1543 5576 1850 5653; x_wconf 78' lang='lat' dir='ltr'><strong>dimidiato</strong></span> <span class='ocrx_word' id='word_1_766' title='bbox 1908 5592 2009 5648; x_wconf 91' lang='lat' dir='ltr'><strong>pro</strong></span> <span class='ocrx_word' id='word_1_767' title='bbox 2117 5595 2166 5653; x_wconf 87' lang='grc' dir='ltr'><strong>ει</strong></span> <span class='ocrx_word' id='word_1_768' title='bbox 2199 5577 2532 5653; x_wconf 77' lang='lat' dir='ltr'><strong>promiscue</strong></span> <span class='ocrx_word' id='word_1_769' title='bbox 2583 5576 2882 5653; x_wconf 71' lang='lat' dir='ltr'><strong>habentis,</strong></span> <span class='ocrx_word' id='word_1_770' title='bbox 2908 5585 3025 5653; x_wconf 70' lang='lat' dir='ltr'><strong>aut</strong></span> <span class='ocrx_word' id='word_1_771' title='bbox 3067 5576 3404 5653; x_wconf 82' lang='lat' dir='ltr'><strong>atticismus</strong></span> <span class='ocrx_word' id='word_1_772' title='bbox 3433 5586 3563 5653; x_wconf 77' lang='lat' dir='ltr'><strong>est,</strong></span> <span class='ocrx_word' id='word_1_773' title='bbox 3602 5596 3777 5653; x_wconf 81' lang='lat' dir='ltr'><strong>quem</strong></span> 
     </span>
    </p>
   </div>
   <div class='ocr_carea' id='block_1_104' title="bbox 360 5648 3783 5726">
    <p class='ocr_par' dir='ltr' id='par_1_104' title="bbox 360 5648 3783 5726">
     <span class='ocr_line' id='line_1_105' title="bbox 360 5648 3783 5726; baseline 0 -20"><span class='ocrx_word' id='word_1_774' title='bbox 360 5648 636 5726; x_wconf 13' lang='grc' dir='ltr'>μέσηγτοῦ</span> <span class='ocrx_word' id='word_1_775' title='bbox 677 5651 965 5726; x_wconf 80' lang='grc' dir='ltr'>Πάσχατος</span> <span class='ocrx_word' id='word_1_776' title='bbox 1005 5650 1097 5705; x_wconf 83' lang='grc' dir='ltr'><strong>καὶ</strong></span> <span class='ocrx_word' id='word_1_777' title='bbox 1133 5653 1233 5726; x_wconf 73' lang='grc' dir='ltr'><strong>τῆς</strong></span> <span class='ocrx_word' id='word_1_778' title='bbox 1258 5653 1675 5726; x_wconf 59' lang='grc' dir='ltr'>βεντηκοστῆς,</span> <span class='ocrx_word' id='word_1_779' title='bbox 1718 5648 1799 5726; x_wconf 73' lang='lat' dir='ltr'><strong>ita</strong></span> <span class='ocrx_word' id='word_1_780' title='bbox 1828 5724 1835 5726; x_wconf 90' lang='lat'>_</span> <span class='ocrx_word' id='word_1_781' title='bbox 1862 5664 2011 5720; x_wconf 87' lang='lat' dir='ltr'><strong>quo-</strong></span> <span class='ocrx_word' id='word_1_782' title='bbox 2121 5652 2322 5726; x_wconf 71' lang='lat' dir='ltr'><strong>tamen</strong></span> <span class='ocrx_word' id='word_1_783' title='bbox 2362 5649 2423 5703; x_wconf 91' lang='lat' dir='ltr'><strong>in</strong></span> <span class='ocrx_word' id='word_1_784' title='bbox 2463 5649 2573 5705; x_wconf 89' lang='lat' dir='ltr'><strong>hoc</strong></span> <span class='ocrx_word' id='word_1_785' title='bbox 2621 5649 2860 5720; x_wconf 88' lang='lat' dir='ltr'><strong>quidem</strong></span> <span class='ocrx_word' id='word_1_786' title='bbox 2908 5648 3057 5707; x_wconf 90' lang='lat' dir='ltr'><strong>libro</strong></span> <span class='ocrx_word' id='word_1_787' title='bbox 3107 5651 3204 5707; x_wconf 82' lang='lat' dir='ltr'><strong>vix</strong></span> <span class='ocrx_word' id='word_1_788' title='bbox 3262 5648 3656 5723; x_wconf 67' lang='lat' dir='ltr'><strong>quesiverim,</strong></span> <span class='ocrx_word' id='word_1_789' title='bbox 3689 5651 3783 5708; x_wconf 80' lang='lat' dir='ltr'><strong>vix</strong></span> 
     </span>
    </p>
   </div>
   <div class='ocr_carea' id='block_1_105' title="bbox 358 5718 2458 5800">
    <p class='ocr_par' dir='ltr' id='par_1_105' title="bbox 358 5718 2458 5800">
     <span class='ocr_line' id='line_1_106' title="bbox 358 5718 2458 5800; baseline -0.001 -21"><span class='ocrx_word' id='word_1_790' title='bbox 358 5718 537 5800; x_wconf 42' lang='lat' dir='ltr'><strong>qua},</strong></span> <span class='ocrx_word' id='word_1_791' title='bbox 567 5722 704 5800; x_wconf 63' lang='grc' dir='ltr'>μέση</span> <span class='ocrx_word' id='word_1_792' title='bbox 727 5718 836 5800; x_wconf 68' lang='grc' dir='ltr'><strong>τοῦ</strong></span> <span class='ocrx_word' id='word_1_793' title='bbox 848 5723 1136 5797; x_wconf 54' lang='lat' dir='ltr'><strong>usque;</strong></span> <span class='ocrx_word' id='word_1_794' title='bbox 1152 5721 1390 5800; x_wconf 52' lang='lat' dir='ltr'><strong>dicitur:</strong></span> <span class='ocrx_word' id='word_1_795' title='bbox 1396 5737 1517 5800; x_wconf 81' lang='lat' dir='ltr'><strong>pro_</strong></span> <span class='ocrx_word' id='word_1_796' title='bbox 1528 5722 1732 5800; x_wconf 84' lang='lat' dir='ltr'><strong>eodem</strong></span> <span class='ocrx_word' id='word_1_797' title='bbox 1732 5718 2009 5800; x_wconf 59' lang='lat' dir='ltr'><strong>jntegro,</strong></span> <span class='ocrx_word' id='word_1_798' title='bbox 2119 5719 2458 5776; x_wconf 87' lang='lat' dir='ltr'><strong>admittam.</strong></span> 
     </span>
    </p>
   </div>
   <div class='ocr_carea' id='block_1_106' title="bbox 354 5791 2012 5869">
    <p class='ocr_par' dir='ltr' id='par_1_106' title="bbox 354 5791 2012 5869">
     <span class='ocr_line' id='line_1_107' title="bbox 354 5791 2012 5869; baseline -0.007 -12"><span class='ocrx_word' id='word_1_799' title='bbox 354 5791 459 5858; x_wconf 58' lang='lat' dir='ltr'><strong>a&#39;ut</strong></span> <span class='ocrx_word' id='word_1_800' title='bbox 486 5791 642 5869; x_wconf 74' lang='lat' dir='ltr'><strong>quod</strong></span> <span class='ocrx_word' id='word_1_801' title='bbox 674 5791 865 5854; x_wconf 85' lang='lat' dir='ltr'><strong>totum</strong></span> <span class='ocrx_word' id='word_1_802' title='bbox 896 5791 1126 5866; x_wconf 75' lang='lat' dir='ltr'><strong>tempus</strong></span> <span class='ocrx_word' id='word_1_803' title='bbox 1151 5794 1308 5850; x_wconf 87' lang='lat' dir='ltr'><strong>inter</strong></span> <span class='ocrx_word' id='word_1_804' title='bbox 1358 5791 1579 5850; x_wconf 83' lang='lat' dir='ltr'><strong>Pascha</strong></span> <span class='ocrx_word' id='word_1_805' title='bbox 1627 5795 1686 5848; x_wconf 89' lang='lat' dir='ltr'><strong>et</strong></span> <span class='ocrx_word' id='word_1_806' title='bbox 1732 5791 2012 5849; x_wconf 86' lang='lat' dir='ltr'><strong>Penteco-</strong></span> 
     </span>
    </p>
   </div>
  </div>
