4104 6432
325 431 449 492 233

1219 435 1322 497 DE
1363 437 1831 502 CERIMONIIS
1873 441 2108 505 AULE
2151 444 2624 513 ΒΥΖΑΝΤΙΝιΕ
2667 455 2817 516 LIB.
2863 457 2908 518 ῐ.

3655 464 3776 532 234

354 586 449 638 μεν
478 564 544 624 ὡς
570 565 876 637 Θεοτόκον,
908 567 1001 622 καὶ
1053 564 1370 640 ἒξαιτοῦμεν
1417 568 1646 643 στόματι
1705 573 1951 648 ἀσιγνςτῳ
1983 591 1997 607 ·

2120 581 2349 637 stamur
2378 597 2478 639 ore
2507 600 2812 658 nunquam
2843 587 3050 647 silente
3076 609 3089 648 :
3122 591 3232 650 alis
3262 598 3374 652 tua:
3404 598 3771 659 intercessio-

357 656 555 731 πτέρυξι
599 661 703 723 τῆς
752 662 859 726 σῆς
905 653 1200 733 πρεσϐείας
1230 659 1257 712 6
1290 655 1438 713 δεῖνα
1485 661 1573 714 καὶ
1607 661 1634 715 6
1668 657 1814 716 δεῖνα
1844 682 2001 730 περι-

1135 747 1196 804 Ὁ
1253 745 1578 811 ἀπελατικὸς
1611 748 1713 824 ἤχ.
1749 747 1811 804 δ”
1844 775 1872 801 «ι
1909 752 2001 820 Σὲ,

354 745 576 824 ρῦλαττε
610 742 781 821 μέχρι
811 746 1033 808 τέΑους.
1068 773 1096 798 ‹‹

2115 668 2218 762 ιιἱῖ
2236 670 2304 726 Ν.
2337 671 2716 762 perpetuo
2747 682 2927 734 tuere.
2953 702 2982 729 »
3013 683 3343 750 Apelaticus
3376 690 3497 744 toni
3532 691 3722 762 quarti
3748 708 3762 748 :

2115 779 2143 807 α
2174 758 2275 828 Te,
2309 760 2633 819 thalamum
2667 765 2906 836 Christi,
2939 785 3044 840 per
3069 786 3244 841 quam
3277 758 3600 833 secundum
3635 795 3762 835 car-

345 838 442 906 τὴν
500 833 750 890 παστάδα
806 841 908 892 τοῦ
969 837 1233 911 Χριστοῦ,
1267 835 1336 892 δι’
1364 839 1432 906 ἧς
1488 836 1704 912 ἔλαμψε
1760 839 1997 916 Χριστὸς

2109 863 2239 937 nem
2271 849 2534 906 Christus
2583 833 3260 929 hominibus-apparuit,
3297 864 3502 920 merito
3557 833 3759 937 populi

337 927 477 981 κατᾶ
526 925 699 1000 σάρκα
745 931 865 988 τοῖς
930 927 1174 1002 βροτοῖς,
1233 927 1482 1001 αἶνοῦμεν
1542 928 1670 983 λαοὶ
1722 929 1996 1000 ἓπαξίως·

332 1016 751 1084 Θεοτόκε,τοῦς
810 1013 1075 1078 δεσπότας
1133 1016 1206 1080 ὡς
1255 1024 1548 1094 φωστῆρας
1593 1019 1863 1094 περίσωζε
1921 1019 1997 1082 εἰς

327 1107 612 1182 ἀνέγερσιν
658 1110 760 1162 τοῦ
801 1106 1040 1180 κόσμου,
1069 1106 1160 1162 καὶ
1207 1108 1436 1165 Βενέτων
1485 1109 1563 1163 ἀεὶ
1618 1128 1675 1164 σε
1720 1111 1996 1181 κεκτημέ-

324 1219 434 1251 νων
464 1195 799 1272 κραταίωμα
854 1196 1132 1270 βοηθείας.
1169 1220 1197 1248 η
1228 1197 1296 1254 Οἱ
1336 1193 1394 1252 δὲ
1452 1197 1710 1270 Πράσινοι
1770 1197 1993 1273 λέγουσι

323 1287 429 1354 τήν
462 1287 653 1366 φωνήν
687 1284 857 1360 πλαγ.
891 1283 959 1340 δ’·
1001 1310 1027 1340 ι
1058 1287 1124 1343 Ἥ
1154 1287 1309 1364 πηγῆ
1340 1293 1442 1356 τῆς
1502 1291 1650 1357 ζωῆς
1676 1289 1991 1362 Ῥωμαίων,

327 1377 598 1448 Παρθένε,
662 1376 868 1449 Μήτηρ
927 1379 1062 1430 Θεοῦ
1128 1379 1226 1430 τοῦ
1283 1376 1490 1454 Λόγου,
1551 1379 1990 1453 συστρατήγησον

331 1467 479 1538 μόνη
509 1468 633 1526 τοῖς
666 1461 958 1525 δεσπόταις
990 1461 1041 1518 ἐν
1073 1469 1144 1538 τῇ
1175 1465 1448 1544 πορφύρᾳ,
1478 1469 1596 1527 τοῖς
1643 1460 1903 1521 λαϐοῦσιν
1934 1466 1992 1522 ἐκ

329 1560 430 1612 σοῦ
488 1556 553 1610 τὸ
615 1553 940 1630 στέφος,δτι
1000 1554 1156 1610 αὐτοί
1213 1575 1270 1610 σε
1309 1555 1593 1626 κέκτηνται
1650 1557 1786 1611 κατὰ
1816 1557 1991 1612 πάντα

329 1645 524 1719 θυρεὸν
558 1644 1000 1720 ἀπροσμάχητον
1033 1642 1086 1699 ἐν
1111 1647 1180 1718 τῇ
1213 1645 1484 1720 πορφύρᾳ.
1519 1669 1548 1696 ››
1579 1643 1762 1702 ’Ἄλλο
1793 1645 1894 1721 ἤχ.
1924 1643 1986 1706 δ’.

334 1757 362 1786 α
391 1736 736 1810 Καταφυγῆς
767 1731 965 1789 ἐλπίδα
1013 1733 1106 1788 καὶ
1164 1733 1437 1808 σωτηρίας
1493 1734 1582 1789 καὶ
1643 1733 1988 1808 ἀντιλήψεως

337 1824 491 1886 κλέος
548 1824 611 1878 σὶ
668 1825 770 1894 τήν
831 1824 1104 1898 πάναγνον
1155 1825 1201 1860 ³³
1258 1823 1578 1898 Χριστιανοὶ
1632 1825 1982 1898 κεκτημένοι,

2107 935 2441 997 laudamus.
2474 941 2739 1012 Deipara,
2773 945 3066 1016 dominos,
3101 955 3165 1003 ut
3214 949 3439 1007 lumina
3478 935 3570 1008 adi
3598 935 3756 1010 salu-

2103 1028 2220 1081 tem
2254 1028 2434 1096 orbis,
2465 1036 2521 1086 et
2550 1031 2903 1091 Venetorum
2953 1037 3058 1091 tibi
3108 1053 3339 1111 semper
3387 1043 3756 1102 addictorum

2105 1115 2283 1170 robur
2311 1122 2366 1173 et
2392 1120 2748 1188 praesidium,
2781 1139 3075 1180 conserva.
3099 1148 3127 1176 »
3151 1128 3371 1184 Prasini
3398 1130 3600 1187 dicunt
3621 1139 3758 1189 tono

2103 1203 2341 1276 obliquo
2367 1206 2481 1262 IV:
2507 1228 2532 1260 α
2557 1211 2704 1264 Fon
2739 1211 2867 1266 vita
2900 1212 3322 1285 Romanorum,
3347 1216 3542 1287 Virgo,
3577 1221 3759 1278 Mater

2102 1291 2205 1349 Dei
2250 1294 2443 1362 Verbi,
2488 1297 2608 1353 sola
2648 1315 2782 1355 cum
2824 1301 3078 1359 dominis
3123 1304 3179 1360 in
3235 1323 3496 1377 purpura
3543 1309 3754 1378 milita,

2101 1387 2259 1454 quod
2284 1386 2393 1459 ipsi
2415 1391 2472 1444 te
2493 1389 2551 1444 in
2574 1391 2871 1460 omnibus,
2888 1399 3164 1466 tanquam
3183 1396 3465 1455 invictum
3482 1401 3754 1472 clypeum

2099 1474 2160 1529 in
2211 1492 2468 1546 purpura
2515 1487 2875 1550 receperunt.
2933 1505 2952 1531 -
3000 1483 3166 1540 Alius
3214 1491 3351 1542 tono
3400 1489 3464 1544 ιν
3508 1505 3522 1544 :
3581 1510 3608 1542 ι
3653 1491 3757 1547 84

2099 1562 2432 1636 Christiani,
2477 1567 2574 1639 qui
2622 1573 2678 1624 te
2724 1570 3176 1641 sanctissimam,
3228 1573 3437 1648 refugii
3485 1593 3647 1650 spem
3699 1587 3759 1636 et

2099 1653 2296 1710 auxilii
2336 1655 2659 1729 salutisque
2705 1660 2952 1732 gloriam
3004 1665 3160 1719 nacti
3188 1681 3418 1722 'sumus
3465 1672 3750 1740 tanquam

2097 1743 2463 1814 praasidium,
2495 1762 2756 1812 oramus,
2809 1751 3158 1808 tutelaribus
3209 1751 3318 1809 alis
3372 1770 3469 1811 eos
3499 1756 3756 1813 circum-

2098 1832 2366 1889 ambiasl
2399 1835 2522 1891 Tua
2552 1836 2710 1892 enim
2759 1837 2995 1909 virtute,
3029 1841 3103 1897 ab
3153 1841 3426 1900 hostibus
3453 1845 3753 1904 victoriam

336 1913 646 1988 ἐξαιτοῦμεν
697 1913 775 1975 ὡς
837 1913 1061 1984 σκέπην,
1120 1909 1531 1988 πρεσϐευτικαῖς
1588 1914 1811 1988 περίεπε
1857 1911 1981 1970 πτέ·
2011 1942 2062 2010 Β
2100 1925 2418 1992 reportant.
2447 1942 2478 1972 »

329 2004 446 2078 ρυξι
478 2023 492 2037 ’
527 2003 588 2059 σε
619 2004 730 2080 γὰρ
759 2006 1048 2075 κέκτηνται
1102 2001 1259 2079 ἰσχὺν
1304 2007 1422 2060 κατ’
1459 2002 1674 2079 ἐχθρῶν
1722 2024 1985 2080 τροπαιο-

321 2095 514 2175 φόρον.
552 2117 582 2148 ι

391 2184 471 2242 Β’.
504 2181 732 2254 Ἰστέον,
767 2185 854 2238 ὅτι
904 2183 1075 2256 ταύτῃ
1129 2186 1199 2256 τῇ
1257 2184 1419 2258 ἐορτῆ
1463 2182 1698 2259 γίνονται
1728 2183 1785 2238 αἱ
1815 2180 1985 2264 δοχαὶ

318 2271 517 2335 οὕτως’
552 2269 704 2348 δοχὴ
739 2273 783 2328 α’
815 2267 1008 2343 ἔξωθεν
1039 2274 1141 2342 τῆς
1169 2273 1417 2347 καμάρας
1447 2276 1544 2327 τοῦ
1574 2267 1912 2344 ἐμϐόλου,ἔν
1935 2273 1982 2345 ᾧ

305 2362 400 2419 καὶ
459 2363 488 2417 6
546 2361 688 2418 κίων
751 2360 998 2418 ἵσταται.
1032 2363 1258 2437 Δέχεται
1318 2361 1490 2417 ἐκεῖσε
1543 2361 1571 2416 6
1622 2359 1980 2438 ὂημοκράτης

308 2455 420 2509 τῶν
449 2453 722 2521 Βενέτων,
754 2452 924 2527 ἤγουν
957 2452 986 2506 6
1018 2448 1338 2524 δομέστικος
1397 2455 1504 2506 τῶν
1563 2452 1807 2526 σχολῶν,
1844 2451 1980 2524 μετᾶ

306 2547 406 2597 τοῦ
468 2543 769 2617 περατικοῦ
829 2537 1015 2612 δήμου
1061 2543 1170 2595 τῶν
1230 2540 1485 2597 Βενέτων.
1519 2540 1671 2614 Δοχὴ
1733 2542 1780 2614 β’
1806 2540 1882 2603 εἷς
1911 2543 1975 2596 τὸ

319 2630 562 2706 ἀγωγὸν,
588 2633 648 2686 ἐν
681 2632 728 2702 ᾧ
755 2631 820 2686 τὸ
849 2626 997 2701 ὕδωρ
1045 2627 1210 2703 ἐκρεῖ.
1235 2629 1461 2706 Δέχεται
1510 2628 1684 2684 ἐκεῖσε
1733 2631 1762 2685 6
1805 2627 1977 2704 δημο-

328 2721 532 2792 κρᾶτῃ
561 2725 671 2778 τῶν
707 2719 1014 2795 ΙΙρασίνων,
1045 2718 1212 2794 ἤγουν
1254 2721 1282 2774 ὁ
1333 2713 1706 2780 ἐκσκούϐιτος.
1740 2721 1891 2796 Δοχή
1925 2726 1977 2796 γ’

339 2810 418 2872 εἷς
444 2812 536 2864 τὸν
596 2811 739 2884 ἅγιον
794 2811 1038 2867 Μώκιον.
1075 2806 1299 2884 Δέχεται
1361 2807 1532 2864 ἐκεῖσε
1589 2810 1617 2864 6
1677 2806 1975 2885 δήμαρχος

334 2905 450 2955 τῶν
481 2901 712 2956 Βενὲτων
754 2900 878 2971 μετὰ
907 2903 1007 2953 τοῦ
1040 2895 1223 2969 δήμου
1253 2901 1351 2952 τοῦ
1399 2896 1619 2955 λευκοῦ.
1655 2899 1808 2973 Δοχὴ
1841 2896 1889 2953 δ’
1918 2900 1971 2954 ἐν

324 2995 411 3062 τῷ
449 2987 788 3061 Ἐξακιονῐῳ.
819 2990 1039 3064 Δέχεται
1065 2987 1236 3043 ἐκεῖσε
1275 2988 1304 3043 6
1336 2984 1630 3063 δήμαρχος
1673 2992 1780 3044 τῶν
1833 2994 1972 3064 Πρα-

311 3080 483 3135 σένων
544 3079 684 3152 μετᾶ
729 3083 820 3134 τοῦ
867 3077 1055 3152 δήμου
1087 3081 1184 3133 τοῦ
1215 3078 1459 3152 ῥουσίου.
1492 3079 1643 3154 Δοχή
1679 3084 1716 3134 ε’
1745 3078 1822 3141 ε”ς
1874 3081 1965 3135 τὸν

300 3168 653 3247 Ξηρό).οφον
685 3167 901 3243 ἀντικρὺ
923 3172 1020 3224 τοῦ
1051 3167 1342 3244 εῦκτηρίου
1366 3171 1463 3222 τοῦ
1495 3167 1651 3243 ἁγίου
1702 3167 1961 3224 Καλλινί-

301 3277 420 3315 κου.
458 3260 693 3334 Δέχεται
723 3259 942 3312 κάκεῖσε
973 3257 1002 3312 6
1034 3254 1328 3332 δήμαρχος
1384 3259 1493 3312 τῶν
1547 3259 1778 3313 Βενέτων
1828 3259 1962 3331 μετὰ

304 3351 390 3404 καὶ
437 3353 540 3403 τοῦ
592 3344 778 3420 δήμου
827 3351 925 3402 τοῦ
974 3345 1195 3402 λευκοῦ.
1230 3347 1381 3419 Δοχὴ
1426 3346 1471 3410 ς’
1517 3346 1592 3408 εἰς
1647 3347 1740 3402 τὸν
1801 3349 1962 3408 Βοῦν.

301 3438 530 3512 Δέχεται
565 3437 741 3492 ἐκεῖσε
768 3437 798 3492 6
845 3433 1206 3509 δημοκράτης
1231 3435 1342 3490 τῶν
1395 3436 1696 3508 Πρασίνων,
1728 3438 1897 3512 ἤγουν
1938 3439 1967 3494 6

301 3523 635 3600 δομέστικος
666 3529 777 3581 τῶν
811 3518 1202 3582 ἐκσκουόίτων.
1237 3523 1390 3598 Δοχὴ
1424 3528 1466 3592 ζ’
1494 3522 1572 3585 εἷς
1603 3524 1669 3579 τὰ
1710 3525 1758 3569 ³³
1789 3528 1969 3599 Ἀμα-

303 3621 565 3690 στριανοῦ
595 3617 732 3688 (81).
769 3615 997 3690 Δέχεται
1028 3613 1199 3668 ἐκεῖσε
1227 3614 1256 3668 6
1300 3609 1659 3686 δημοκράτης
1705 3619 1816 3668 τῶν
1867 3621 1965 3670 Βε-

303 3708 493 3774 νέτων,
527 3704 704 3780 ἤγουν
737 3705 766 3759 6
800 3700 1124 3775 δομέστικος
1171 3707 1279 3758 τῶν
1332 3703 1571 3778 σχολῶν.
1608 3705 1760 3781 Δοχὴ
1807 3705 1859 3774 η’
1889 3702 1966 3767 εἷς

307 3797 364 3852 τὸ
417 3791 826 3864 Φιλαδέλφιον.
858 3791 1364 3872 ’Υποστρειρόμενος
1418 3794 1447 3846 6
1507 3788 1802 3866 δήμαρχος
1855 3797 1964 3848 τῶν

304 3885 544 3942 Βενέτων
612 3883 752 3957 μετὰ
807 3887 904 3936 τοῦ
956 3880 1138 3954 δήμου
1194 3884 1291 3936 τοῦ
1339 3877 1558 3947 λευκοῦ,
1591 3886 1740 3936 ποιεῖ
1795 3880 1968 3937 ἐκεῖσε

310 3972 501 4048 δοχὴν.
539 3975 698 4052 Δοχὴ
733 3974 776 4028 θ’
801 3972 879 4033 εἰς
907 3972 1002 4026 τὸν
1029 3972 1265 4046 Ταῦρον.
1300 3970 1528 4046 Δέχεται
1558 3968 1726 4025 ἐκεῖσε
1756 3971 1785 4026 6
1817 3967 1884 4042 δή
1895 3993 1966 4044 μ-

309 4084 480 4141 αρχος
536 4068 653 4118 τῶν
705 4061 988 4136 ιιρασίνων
1039 4059 1172 4133 μετᾶ
1214 4063 1314 4114 τοῦ
1363 4056 1546 4131 δήμου
1586 4063 1686 4113 τοῦ
1723 4059 1964 4134 ρουσὶου.

305 4156 462 4228 Δοχὴ
502 4160 535 4207 ι’
569 4151 621 4207 ἐν
675 4155 755 4223 τῷ
803 4153 1078 4228 φουρνικῷ
1126 4152 1233 4203 τῶν
1288 4147 1630 4220 ἀρτοπωλῶν
1682 4149 1776 4205 ²³“.
1813 4149 1967 4204 Ύπο-

302 4245 681 4321 στρενρὸμενος
730 4241 758 4295 6
807 4236 1100 4318 δήμαρχος
1184 4242 1291 4293 τῶν
1353 4237 1634 4312 Πρασίνων
1696 4239 1829 4311 μετὰ
1869 4243 1966 4294 τοῦ

300 4330 488 4404 δήμου
519 4335 620 4386 τοῦ
656 4327 905 4405 ῥουσίου,
937 4333 1087 4383 ποιεῖ
1117 4327 1290 4383 ἐκεῖαε
1322 4325 1516 4402 δοχήν.
1534 4329 1692 4406 Λοχὴ
1731 4329 1796 4382 ια’
1816 4325 1869 4383 ἐν
1887 4333 1967 4400 τῷ

306 4425 481 4498 #4?-
543 4418 1048 4496 Ὑποστρεφόμενος
1107 4417 1134 4471 ὁ
1186 4413 1482 4490 δήμαρχος
1527 4420 1635 4471 τῶν
1689 4415 1970 4491 Ηρασίνων

314 4510 452 4581 μετα
475 4512 572 4564 τοῦ
603 4505 790 4578 δήμου
819 4509 917 4562 τοῦ
949 4505 1172 4580 ῥουσίου
1203 4509 1353 4560 ποιεῖ
1381 4504 1553 4559 ἐκεῖσε
1585 4501 1783 4580 δοχήν.
1811 4507 1965 4583 Δοχή

1993 3305 2045 3372 C

2164 2187 2235 2245 II.
2267 2187 2580 2246 Sciendum
2612 2194 2722 2258 est,
2753 2191 2863 2249 hoc
2911 2194 3060 2252 festo
3110 2197 3402 2270 principes
3449 2201 3526 2257 ita
3557 2202 3742 2275 excipi

2090 2276 2293 2334 solere.
2319 2278 2514 2336 Prima
2547 2283 2799 2354 receptio
2823 2283 2888 2338 fit
2906 2290 3069 2340 extra
3088 2301 3376 2344 cameram
3403 2290 3463 2345 in
3492 2292 3738 2363 porticu,

2090 2367 2189 2422 ubi
2222 2372 2280 2423 et
2307 2368 2586 2426 columna
2614 2377 2751 2428 stat.
2783 2373 2887 2429 Hic
2935 2373 3204 2446 princeps
3251 2377 3598 2436 Venetorum
3635 2399 3735 2438 seu

2086 2455 2446 2514 domesticus
2475 2459 2808 2517 scholarum
2840 2477 2973 2518 cum
2995 2465 3233 2522 Venetis
3255 2468 3440 2524 adest.
3467 2468 3738 2540 Receptio

2084 2547 2345 2602 secunda
2369 2549 2438 2602 ad
2472 2548 2910 2620 aquaeductum,
2944 2568 3049 2624 per
3076 2570 3249 2626 quem
3297 2573 3452 2629 aqua
3495 2559 3685 2616 efﬂuit
3717 2576 3731 2614 :

2084 2639 2202 2690 stat
2229 2635 2307 2690 ibi
2340 2635 2613 2708 princeps
2643 2636 3018 2696 Prasinorum
3052 2659 3152 2698 seu
3186 2645 3509 2703 excubitor.
3543 2647 3737 2705 Tertia

2084 2723 2143 2778 in
2176 2723 2236 2779 S.
2269 2723 2458 2794 Mocii,
2492 2725 2592 2780 ubi
2626 2727 2970 2784 Venetorum
3003 2729 3277 2787 tribunus
3323 2750 3458 2789 cum
3508 2737 3722 2807 papulo

2084 2811 2215 2867 albo
2246 2813 2430 2868 adest.
2463 2814 2681 2878 Quarta
2710 2817 2769 2870 in
2802 2816 3127 2887 Exacionio,
3162 2820 3260 2875 ubi
3291 2821 3564 2878 tribunus
3593 2824 3734 2880 Pra-

2083 2900 2344 2956 sinorum
2377 2917 2507 2958 cum
2540 2903 2788 2960 factione
2817 2921 3008 2962 russa.
3041 2907 3256 2972 Quinta
3285 2910 3346 2965 in
3395 2911 3731 2984 Xerolopho

2081 3005 2112 3045 e
2161 2995 2396 3062 regione
2443 2991 2634 3048 sacelli
2682 2994 2736 3048 S.
2787 2994 3050 3050 Callinici
3093 3012 3108 3052 :
3161 3002 3278 3054 stat
3326 2999 3408 3055 ibi
3457 3000 3732 3058 tribunus

2079 3079 2455 3136 Prasinorum
2487 3097 2620 3136 cum
2654 3081 2868 3154 populo
2899 3082 3053 3143 albo.
3085 3086 3258 3142 Sexta
3288 3087 3345 3144 in
3372 3090 3495 3144 foro
3520 3090 3728 3148 Bovis:

2077 3165 2158 3222 ibi
2192 3167 2465 3239 princeps
2497 3168 2870 3227 Prasinorum
2903 3188 3001 3228 seu
3036 3173 3397 3231 domesticus
3429 3178 3731 3235 excubito-

2083 3273 2237 3313 rum.
2281 3256 2541 3329 Septima
2583 3257 2640 3313 in
2676 3259 2797 3315 l'oro
2827 3261 3197 3319 Amastriano
3233 3280 3246 3320 :
3279 3270 3395 3320 stat
3426 3265 3502 3322 ibi
3541 3267 3730 3322 Vene-

2081 3351 2274 3401 torum
2309 3347 2578 3418 princeps
2607 3363 2708 3404 seu
2739 3349 3096 3406 domesticus
3128 3352 3482 3409 scholarum.
3515 3357 3733 3412 Octava

2077 3434 2136 3489 in
2188 3434 2592 3507 Philadelphia
2643 3453 2656 3492 :
2711 3444 3002 3494 revertens
3054 3439 3408 3500 Venetorum
3456 3443 3732 3500 tribunus

2079 3539 2209 3579 cum
2262 3525 2476 3596 populo
2527 3524 2656 3581 albo
2705 3525 2784 3581 ibi
2832 3527 3126 3599 principes
3175 3531 3407 3603 excipit.
3460 3531 3627 3588 Nona
3671 3533 3730 3589 in

2078 3613 2268 3668 Tauro
2297 3630 2310 3669 :
2337 3615 2434 3668 ubi
2465 3615 2748 3670 tribunus-
2769 3616 3137 3673 Prasinorum
3167 3635 3300 3674 cum
3330 3621 3545 3692 populo
3569 3637 3732 3678 russo

2076 3704 2258 3759 adest.
2292 3705 2524 3760 Decima
2554 3705 2613 3760 in
2661 3707 2883 3763 fornice
2929 3707 3214 3778 pistorum
3248 3726 3261 3764 :
3296 3719 3595 3769 revertens
3625 3713 3729 3767 tri-

2075 3793 2270 3848 bunus
2321 3793 2719 3863 Prasinorum,
2773 3813 2912 3852 cum
2963 3797 3171 3869 populo
3221 3815 3392 3854 russo
3443 3802 3734 3871 principes

2076 3881 2311 3954 excipit.
2347 3882 2663 3941 Undecima
2715 3886 2772 3941 in
2807 3888 2927 3942 l'oro
2962 3903 2975 3942 :
3009 3893 3306 3942 revertens
3352 3890 3731 3944 Prasinorum

2077 3972 2370 4040 tribunus,
2404 3989 2536 4027 cum
2574 3974 2790 4045 populo
2824 3991 2990 4031 russo
3015 3983 3224 4048 praesto
3246 3985 3350 4033 est.
3386 3981 3733 4034 Duodecimn

2076 4059 2137 4115 in
2173 4060 2433 4132 praetorio
2466 4077 2480 4116 :
2514 4067 2629 4117 stat
2661 4063 2743 4118 ibi
2773 4063 3049 4119 tribunus
3078 4064 3427 4122 Venetorum
3462 4083 3594 4122 cum
3630 4084 3731 4139 po-

2078 4150 2214 4220 pulo
2247 4150 2398 4204 albo.
2433 4149 2671 4206 Decima
2700 4153 2870 4207 tertia
2899 4152 2959 4208 in
2993 4154 3208 4209 l‘ornice
3231 4154 3372 4210 Milii
3400 4173 3413 4211 :
3440 4167 3733 4212 revertens

2076 4239 2352 4293 tribunus
2381 4236 2736 4295 Venetorum
2790 4255 2924 4296 cum
2983 4243 3202 4314 populo
3251 4243 3384 4300 albo
3435 4246 3731 4316 principes

2078 4326 2310 4398 excipit.
2337 4328 2459 4382 Non
2493 4329 2693 4398 procul
2726 4330 2862 4385 inde
2895 4331 3165 4400 princeps
3204 4331 3604 4400 Prasinorum,
3627 4350 3729 4388 seu

2079 4416 2402 4484 excubitor,
2447 4432 2581 4471 cum
2634 4419 2972 4473 transitoria
3021 4419 3269 4474 factione
3315 4420 3574 4485 Prasina,
3625 4437 3730 4476 nec

2081 4521 2295 4578 magno
2326 4506 2517 4577 spatio
2547 4505 2851 4576 interji-cto
2885 4511 3178 4563 revertens
3220 4507 3594 4562 Prasinorum
3628 4510 3732 4562 tri-

305 4600 382 4674 ιβ¹
412 4597 465 4653 ἐν
495 4604 577 4671 τῷ
608 4598 954 4672 πραιτωρίῳ.
987 4594 1213 4670 Δέχεται
1245 4593 1414 4649 ἐκεῖσε
1446 4594 1474 4648 6
1523 4589 1815 4670 δήμαρχος
1857 4598 1969 4648 τῶν

2088 4595 2278 4650 bunus
2307 4609 2438 4651 cum
2482 4595 2692 4666 populo
2725 4611 2919 4661 russo,
2951 4602 3087 4650 ante
3133 4595 3428 4652 Achilleas
3471 4595 3732 4653 thermas

299 4689 546 4746 Βενέτων
579 4687 718 4762 μετὰ
766 4690 864 4742 τοῦ
912 4682 1094 4758 δήμου
1139 4687 1238 4738 τοῦ
1269 4680 1489 4739 λευκοῦ.
1522 4685 1675 4758 Δοχὴ
1712 4683 1776 4758 ιγ’
1802 4680 1855 4736 έν
1883 4687 1964 4756 τῷ

2088 4686 2152 4740 ad
2187 4689 2412 4756 portam
2447 4684 2679 4740 Meletes
2728 4685 2913 4741 adest.
2949 4686 3294 4741 Venetorum
3346 4692 3538 4741 autem
3573 4687 3731 4757 prin-

293 4783 582 4859 φουρνικῷ
630 4781 728 4832 τοῦ
777 4773 1003 4833 Μιλίου.
1055 4773 1556 4853 Ὑποστρειρόμενος
1593 4773 1621 4827 6
1673 4769 1969 4850 δήμαρχος

291 4874 407 4924 τῶν
443 4867 681 4924 Βενέτων
720 4866 856 4939 μετᾶ
884 4868 981 4920 τοῦ
1012 4861 1195 4937 δήμου
1223 4867 1322 4918 τοῦ
1355 4863 1575 4930 λευκοῦ,
1607 4868 1754 4917 ποιεῖ
1796 4864 1968 4918 ἐκεῖσε

302 4957 504 5034 δοχήν.
548 4955 649 5014 Καὶ
698 4954 866 5011 πάλιν
921 4955 1056 5027 μετὰ
1100 4952 1295 5028 μικρὸν
1341 4955 1442 5020 τῆς
1490 4950 1750 5022 τοιαύτης
1789 4949 1970 5026 δοχῆς

2077 4789 2214 4845 ceps
2263 4789 2365 4828 seu
2417 4773 2769 4828 domesticus
2818 4771 3151 4829 scholarum
3210 4789 3342 4830 cum
3393 4776 3730 4833 transitorio

2053 4863 2432 4918 Venetorum
2481 4862 2694 4934 pOpulo
2746 4862 2807 4918 in
2857 4862 3129 4919 cancellis
3187 4864 3418 4920 chalces
3477 4881 3575 4921 eos
3633 4881 3730 4920 ex-

2080 4953 2242 5023 cipit.

306 5046 526 5121 ὂέγεται
583 5048 612 5102 6
673 5043 1027 5120 δημοκράτης
1083 5047 1192 5099 τῶν
1241 5041 1540 5113 Πρασίνων,
1571 5041 1740 5116 ἤγουν
1800 5041 1828 5096 6
1885 5035 2264 5106 ἐκσιυΰϐιτος,
2327 5038 2461 5112 μετὰ
2513 5041 2612 5094 τοῦ
2667 5044 2961 5113 περατικοῦ
3019 5039 3203 5116 δήμου
3259 5046 3368 5098 τῶν
3423 5042 3727 5118 Πρασίνων,

299 5111 408 5194 κρέξ
460 5136 634 5194 πάλιν
699 5111 1081 5210 μετὰ-μικρὸν
1133 5111 1676 5210 ὑποστρεφόμενοςΙὸ
1722 5127 2016 5207 δήμαρχος
2058 5134 2167 5186 τῶν
2217 5111 2496 5204 Ιὶραίσίνων
2549 5129 2682 5201 μετᾶ
2710 5111 2812 5184 του
2844 5127 3028 5203 δήμου
3056 5111 3154 5186 τοῦ
3186 5130 3430 5208 ῥουσίου,
3475 5111 3726 5188 ποιοῦσιν

296 5227 474 5284 ἐκεῖσε
535 5225 713 5302 δοχὴν
773 5224 995 5300 ἀντικρὺ
1049 5226 1148 5278 τοῦ
1178 5220 1491 5300 ’Δχιλλέως
1530 5220 1668 5296 πρὸς
1713 5220 1812 5289 τὴν
1857 5219 2042 5292 πύλην
2089 5221 2187 5288 τῆς
2240 5215 2515 5288 Μελέτης,
2545 5218 2635 5272 καὶ
2688 5216 2854 5273 πάλιν
2908 5219 3042 5292 μετὰ
3092 5220 3286 5295 μικρὸν
3333 5227 3433 5290 τῆς
3463 5221 3724 5289 τοιαύτης

1677 5347 1918 5404 VARIE
1958 5343 2365 5404 LECTIONES.

374 5474 422 5511 ³³
452 5472 724 5546 πανάγεον
777 5477 843 5526 ut
888 5484 1069 5540 supra
1110 5468 1266 5539 conj.
1299 5465 1494 5523 Leich.
1572 5463 1620 5499 ’3
1649 5462 1725 5524 εἰς
1772 5462 1839 5518 τὰ
1887 5463 1980 5533 R.,
2013 5459 2090 5522 εἰς
2136 5461 2265 5517 cod.
2296 5477 2588 5534 superscr.
2618 5480 2670 5531 τ,
2698 5459 2776 5524 εἰς
2818 5459 2910 5517 τὸν
2943 5463 3036 5520 ed.
3111 5463 3182 5498 ²⁹⁶
3211 5460 3573 5538 ἀρτοπωλίων
3603 5465 3735 5523 cod.

1354 5589 1554 5649 JOAN.
1598 5588 1744 5646 JAC.
1785 5587 2054 5646 BEISKII
2093 5584 2692 5644 COMMENTARIUS.

377 5733 492 5808 (81)
539 5732 793 5808 Quando
843 5727 1182 5808 cmnobiu'n
1232 5726 1494 5808 indjcare
1527 5723 1750 5808 .volunt
1795 5717 1975 5808 Graeci

307 5791 527 5865 ab‘héc
547 5791 645 5864 ‘vel
675 5806 780 5862 illo
816 5805 1108 5858 structum
1151 5807 1250 5857 aut
1303 5795 1772 5860 denominatum,
1815 5791 1978 5846 adhi-

625 5938 913 5998 ΡΑτιιοι..
960 5925 1072 5987 Gs.
1117 5927 1300 5989 CXII.

2087 5717 2229 5800 bent
2259 5724 2540 5800 neutrum
2583 5719 2808 5800 plurale
2843 5719 3054 5800 ,τεῇ-,ιιι
3097 5719 3166 5776 τὰ
3203 5720 3623 5800 Ἀμαστριανοῦ,
3671 5722 3738 5777 τὰ

2091 5793 2328 5863 Ναρσοῦ,
2359 5791 2424 5844 τὰ
2455 5787 2774 5864 Ὀλυϐρῖου,
2803 5787 3076 5848 θιανὶά.
3111 5809 3242 5865 pag.
3276 5787 3402 5853 102.
