4104 6424
366 414 482 477 ⁸181

1241 417 1345 479 DE
1387 417 1856 481 CERIMONIIS
1900 420 2138 483 AULE
2180 423 2653 489 BYZANTIN/E
2696 427 2845 488 LIB.
2894 427 2940 486 Ι.

3712 394 3830 486 28:

396 544 595 621 πρέφει
824 546 965 619 πρὸς
1023 544 1087 601 τὸ
1148 543 1423 604 ἰκτελέσαι
1468 548 1592 618 τὴν,
1634 548 1779 604 θείαν
1810 548 2059 626 λειτουρ-

2179 573 2520 631 gynaeceum
2549 560 2888 618 narthecem
2909 559 3107 627 intrat,
3132 559 3390 631 dumque
3412 560 3482 617 ad
3526 560 3830 618 sinistrum

406 638 537 715 γὶαν,
567 631 681 689 ὁδὶ
719 633 987 710 βασιλεὺς
1030 631 1308 711 διέρχεται
1353 635 1443 692 διὰ
1486 641 1584 693 τοῦ
1629 638 1949 713 γυναικίτου
1974 641 2066 695 καὶ

400 727 676 800 ἐξέρχεται
736 723 821 785 εἷς
872 724 969 779 τὸν
1012 726 1277 800 νάρθηκα,
1303 726 1391 781 καὶ
1439 725 1690 790 ἐκκλίνας
1729 729 1867 805 πρὸς
1911 728 1975 783 τὸ
2014 729 2065 801 ἐξ

395 814 682 890 ἀριστερᾶς
743 815 913 888 μέρος
979 818 1077 868 τοῦ
1154 815 1447 891 λουτῆρος,
1499 817 1553 871 οἱ
1626 816 1721 891 μέν
1780 818 2065 893 πατρίκιοι

390 906 637 961 ῗττανται
688 900 884 977 ἔξωθεν
922 910 1026 974 τῆς
1061 904 1242 973 πύλης
1299 911 1395 962 τοῦ
1442 906 1686 983 κοχλιοΰ
1718 909 1787 979 ⁸⁷,
1840 910 2067 985 ὑπερευ-

388 996 629 1070 κὸμενοι
674 994 769 1050 τὸν
823 992 1075 1070 βασιλέα.
1127 996 1188 1052 Ὁ
1220 993 1276 1051 δὲ
1335 995 1591 1072 βασιλεὺς
1637 995 2066 1074 δηριγευόμενος

395 1086 509 1142 ὕπὸ
539 1091 653 1140 τῶν
700 1083 992 1160 ἀρχόντων
1036 1089 1134 1140 τοῦ
1166 1081 1586 1157 κουϐουκλείου,
1629 1088 2064 1164 σπαθαροκανδι-

386 1170 578 1230 ϐάτων
626 1172 717 1228 καὶ
759 1171 847 1228 ἐπὶ
885 1178 994 1229 τῶν
1026 1173 1312 1229 οίκειακῶν
1379 1178 1495 1249 (69)
1542 1176 1633 1232 καὶ
1672 1181 1779 1233 τῶν
1820 1177 1909 1234 ἐπὶ
1965 1183 2062 1235 τοῦ

388 1258 716 1340 μαγλαόίου
763 1263 853 1319 καὶ
920 1260 1160 1333 λοιπῶν,
1226 1260 1512 1341 ἂνὲρχεται
1582 1263 1673 1321 διὰ
1735 1272 1833 1323 τοῦ
1893 1269 2063 1325 αὐτοῦ

393 1355 695 1431 ἀριστεροῦ
735 1351 976 1428 κοχλιοῦ
1004 1355 1118 1426 (70)
1150 1352 1203 1409 ἰν
1260 1359 1383 1418 τοῖς
1433 1361 1652 1419 σεπτοῖς
1706 1376 2063 1434 κατηχουμε-

389 1445 593 1515 νείοις,
616 1445 686 1499 τὰ
718 1441 775 1499 δὶ
807 1441 957 1518 βῆλα
976 1445 1024 1480 ⁵⁸
1066 1444 1135 1499 τὰ
1170 1442 1489 1519 κρεμαμένα
1521 1445 1575 1501 ὗν
1617 1452 1737 1509 τοῖς
1776 1468 2063 1524 κατηχου-

389 1534 641 1610 μενείοις
710 1532 1069 1609 σιλεντιάριοι
1143 1538 1363 1590 ποιοῦσι
1440 1539 1585 1610 (71),
1639 1538 1730 1592 καὶ
1804 1539 2056 1603 ἀπελθὼν

380 1627 609 1681 ἵσταται
641 1623 695 1680 ἂν
744 1628 863 1686 τοῖς
914 1619 1111 1695 δεξιοῖς
1163 1626 1373 1699 μέρεσι,
1433 1622 1557 1690 ἔνθα
1612 1624 1839 1691 εἷ’θισται
1906 1629 2058 1701 αὐτῷ

380 1716 507 1779 καθ’
564 1715 804 1785 ἑκάστην
855 1712 1176 1788 προέλευσιν
1235 1714 1510 1786 ἳστασθαι,
1560 1717 1647 1771 καὶ
1722 1714 1874 1772 τελεῖ
1958 1720 2057 1790 τὴν

386 1805 532 1859 θείαν
568 1802 950 1879 λειτουργίαν,
982 1803 1037 1858 oi
1076 1800 1133 1858 δὲ
1175 1824 1452 1879 πατρικιοι
1501 1805 1593 1860 καὶ
1653 1807 1705 1860 o't
1755 1810 2051 1885 στρατηγοὶ

2179 646 2505 720 baptisterii
2555 650 2711 708 latus
2768 649 3042 719 declinat,
3109 649 3335 721 patricii
3393 655 3553 708 extra
3600 660 3826 722 portam

2176 738 2425 795 cochleae
2473 739 2667 796 fausta
2722 738 3061 811 imperatori
3125 746 3508 811 apprecantes
3567 742 3823 799 adstant.

2173 829 2282 892 Qui
2339 846 2373 885 a
2432 830 2714 901 praefectis
2777 828 3031 886 cubiculi
3102 828 3712 901 spatharocandidatis
3770 835 3828 889 et

2173 917 2530 987 domesticis,
2554 923 2681 976 tum
2715 918 3138 976 manuclavatis
3169 917 3514 990 oratorisque
3546 922 3821 992 stipatus,

2174 1023 2275 1080 per
2312 1009 2573 1065 eamdem
2604 1009 2908 1065 sinistram
2931 1007 3250 1077 cochleam,
3272 1009 3343 1064 ad
3374 1013 3539 1081 septa
3559 1010 3823 1067 catechu-

2174 1110 2347 1151 mena
2376 1094 2520 1166 abit,
2551 1096 2696 1152 dum
2732 1095 2968 1152 interim
2998 1094 3303 1152 silentiarii
3346 1097 3403 1152 in
3446 1099 3825 1154 catechume-

2173 1183 2266 1240 nis
2288 1182 2409 1241 vela
2428 1186 2819 1256 suspendunt,
2852 1190 2909 1241 et
2936 1192 3237 1257 postquam
3275 1201 3342 1241 eo
3375 1185 3555 1253 venit,
3586 1186 3648 1242 in
3679 1188 3822 1243 dex-

2172 1273 2280 1330 tris
2319 1273 2612 1345 partibus,
2646 1274 2746 1331 ubi
2777 1274 2837 1330 in
2872 1274 3123 1346 singulis
3158 1275 3637 1347 processionibus
3668 1280 3824 1334 stare

2171 1366 2338 1435 solet,
2367 1364 2659 1435 subsistit,
2697 1379 3042 1437 sacramque
3078 1362 3374 1435 liturgiam
3412 1362 3685 1434 celebrat,
3716 1381 3818 1436 pa-

2169 1453 2325 1510 tricii
2354 1469 2487 1511 vero
2536 1456 2593 1509 et
2627 1452 2868 1525 strategi
2912 1458 3040 1524 post
3071 1450 3481 1523 imperatorem
3532 1467 3632 1524 per
3662 1469 3823 1509 eam-

2169 1544 2301 1600 dem
2344 1542 2640 1600 cochleam
2682 1542 2944 1613 veniunt,
2986 1543 3083 1598 47
3119 1545 3178 1598 et
3211 1557 3241 1599 e
3289 1541 3521 1611 regione
3559 1543 3821 1609 sacrarii,

2168 1633 2269 1688 ubi
2299 1634 2475 1689 etiam
2517 1631 2941 1688 antimensium
2990 1630 3459 1703 imperatorium,
3491 1629 3553 1686 in
3591 1646 3707 1704 quo
3761 1632 3821 1688 in

2165 1721 2459 1794 ejusmodi
2508 1720 2983 1793 processionibus
3024 1721 3343 1792 imperator
3387 1720 3821 1779 communicare

2164 1810 2335 1880 solet,
2369 1810 2695 1882 repositum
2729 1814 2838 1876 est,
2874 1810 3222 1866 subsistunt.

385 1889 647 1970 ἔρχονται
713 1888 934 1958 ὄπισθεν
993 1897 1091 1949 τοῦ
1152 1892 1423 1970 βασιλέως
1483 1891 1573 1950 διὰ
1617 1899 1716 1951 τοῦ
1772 1897 1942 1952 αὐτοῦ
1998 1896 2263 1978 ωχλιοῦ,
2314 1899 2406 1953 καὶ
2458 1894 2709 1952 ’ἵστανται
2773 1894 3023 1951 ἀπᾶναντι
3090 1899 3187 1950 τοῦ
3254 1894 3635 1970 θυσιασπρίου,
3694 1890 3815 1961 ἔνθα

378 1985 465 2038 καὶ
503 1984 573 2037 τὸ
608 1981 905 2058 βασιλικὸν
938 1981 1241 2056 ἀντιμίσιον
1272 1983 1577 2061 πρόκειται,
1613 1984 1666 2040 ἐν
1700 1985 1747 2058 ᾧ
1778 1985 1867 2041 καὶ
1898 1993 2155 2044 κοινωνεῖ
2180 1989 2208 2044 6
2244 1985 2498 2064 βασιλεὺς
2531 1986 2581 2042 ἂν
2614 1991 2736 2048 ταῖς
2767 1985 3045 2048 τοιαύταις
3085 1984 3493 2061 προελεύσεσιν.

448 2075 512 2143 ζ’.
548 2067 982 2135 Καταλαϐόντος
1022 2070 1079 2129 δὶ
1119 2078 1217 2129 τοῦ
1254 2078 1448 2149 καιροῦ
1494 2081 1597 2145 τῆς
1656 2076 1801 2140 θείας
1847 2096 2044 2131 κοινω-

2228 2078 2318 2137 Vl.
2351 2080 2640 2151 Tempore
2690 2082 2882 2135 autem
2913 2094 3089 2134 sacra
3121 2075 3554 2134 communionis
3596 2076 3818 2135 instan-

374 2162 513 2232 νίας,
546 2162 899 2238 ἀπέρχονται
931 2160 1286 2237 σιλεντιάριοι
1318 2160 1416 2219 δύο
1457 2164 1564 2219 ἀπὸ
1608 2162 1929 2235 κελεύσεως,
1959 2167 2051 2221 καὶ

386 2249 836 2327 προσκαλοῦνται
886 2251 982 2307 τὸν
1030 2252 1402 2329 πατριάρχην,
1453 2252 1543 2308 καὶ
1594 2254 1622 2308 6
1680 2255 2054 2331 πατριάρχης,

385 2341 916 2415 παρακρατοιῖμενος
976 2342 1061 2397 ὑπ’
1112 2342 1314 2413 αὐτῶν,
1362 2342 1685 2419 ἀνέρχεται,
1743 2346 1833 2401 καὶ
1882 2346 2053 2402 ἀπανο

376 2436 544 2488 τῶσιν
598 2429 776 2487 αὐτὸν
850 2430 904 2487 ἐν
957 2435 1038 2504 τῷ
1092 2435 1190 2487 τοῦ
1237 2431 1475 2508 γοχλιοῦ
1527 2435 1865 2509 πληρώματι
1915 2438 2050 2509 (72),

371 2525 545 2594 ἡνίκα
579 2521 787 2598 μὶλλει
831 2522 1177 2597 είσέρχεσθαι
1235 2520 1288 2579 ἐν
1329 2528 1448 2587 τοῖς
1498 2530 1716 2588 σεπτοῖς
1765 2546 2055 2605 κατηχου-

372 2615 642 2688 μσνιίοις,
668 2612 723 2668 οἶ
756 2610 864 2668 τοῦ
892 2607 1289 2668 κουϐουκΑείου
1326 2614 1611 2690 ἄρχοντες.
1637 2614 1738 2673 Καὶ
1789 2613 2047 2670 εἰσελθὼν

377 2701 431 2758 ἰν
460 2708 583 2765 τοῖς
612 2699 1120 2777 κατηχουμενείοις
1171 2702 1199 2757 6
1247 2704 1622 2779 πατριάρχης,
1654 2703 1977 2779 προτίθησιν
2006 2704 2053 2743 ⁸9

387 2812 456 2845 τα
487 2790 644 2867 δῶρα
670 2791 723 2847 ἰν
754 2797 839 2864 τῷ
889 2789 1164 2867 βασιλικῷ
1210 2790 1526 2867 ἀντιμισίῳ,
1559 2795 1587 2848 ὀ
1646 2792 1703 2850 6‘s
1752 2796 2047 2870 πραιπόσι-

398 2900 495 2941 τος
526 2879 769 2936 ἀπελθὼν
821 2881 958 2955 μετὰ
1009 2883 1119 2935 τῶν
1162 2879 1445 2958 ἀρχόντων
1477 2886 1575 2938 τοῦ
1631 2878 2048 2953 κουϐουκλείου,

403 2968 795 3042 προσκαλεῖται
836 2970 925 3026 τὸν
973 2969 1226 3046 βασιλέα,
1250 2971 1341 3027 καὶ
1382 2972 1471 3027 ὑπ’
1528 2971 1701 3028 αὐτῶν
1758 2971 2051 3051 δηριγευό·

405 3079 573 3131 μενος
620 3059 650 3114 6
707 3058 973 3133 βαςιλεὺς,
1038 3060 1358 3140 ἁπὲρχεται,
1415 3061 1508 3118 καὶ
1556 3068 1809 3119 κοινωνεῖ
1855 3063 1914 3119 ἑκ
1942 3068 2047 3120 τῶν

408 3152 509 3203 τοῦ
555 3148 895 3225 πατριάρχου
935 3153 1163 3226 χειρῶν,
1215 3150 1332 3206 εἶτα
1388 3150 1689 3228 εἰσέρχεται
1750 3150 1896 3209 ἔνδον
1955 3156 2052 3208 τοῦ

399 3236 571 3310 δεειοῦ
596 3237 801 3315 βήλου,
838 3239 931 3296 καὶ
980 3242 1260 3311 καθέζεται
1308 3239 1482 3298 ἐκεῖσε
1522 3241 1611 3299 ἐπὶ
1662 3241 1911 3314 σελλίου,
1965 3244 2055 3318 μέ-

386 3350 513 3409 χρις
544 3330 606 3385 ἂν
638 3332 1053 3402 κοινωνήσωσιν
1099 3330 1161 3386 ἐκ
1186 3336 1297 3387 τῶν
1327 3331 1426 3388 τοῦ
1463 3333 1812 3410 πατριάρχοῦ
1845 3338 2052 3409 χειρῶν

370 3418 657 3527 Ῠτρίκιοί
685 3440 747 3475 τε
766 3420 861 3527 καὶ
886 3419 1194 3527 ςστρατηγοὶ
1228 3422 1365 3494 μετᾶ
1394 3425 1502 3477 τῶν
1558 3421 1773 3478 λοιπῶν
1824 3428 1932 3477 τῶν
1987 3421 2037 3493 ἐξ
2072 3459 2115 3527 C

364 3508 550 3575 ἔθους.
584 3512 713 3575 Εἴθ’
762 3510 940 3573 οὕτως
978 3509 1256 3591 ἐξέρχεται
1305 3513 1334 3567 6
1395 3511 1676 3588 βασιλεὺς,
1724 3514 1814 3568 καὶ
1862 3534 2036 3585 προσ-

362 3602 712 3671 κυνήσαντες
734 3599 1040 3678 ἀμφότεροι
1072 3599 1360 3673 ἀλλήλους
1390 3602 1420 3656 6'
1449 3623 1507 3658 τε
1554 3601 1810 3678 βασιλεὺς
1867 3603 1956 3657 καὶ
2011 3603 2039 3656 6

362 3687 759 3763 πατριάρχης,
806 3688 835 3742 6
880 3689 974 3761 μὶν
1034 3688 1291 3764 βασιλεὺς
1338 3688 1638 3767 ἀπέρχεται
1690 3689 1743 3746 ἰν
1785 3691 1831 3763 ᾧ
1888 3688 2042 3763 τόπῳ

373 3775 589 3832 ὲκτελεῖ
616 3778 723 3847 τὴν
754 3776 903 3841 θείαν
961 3777 1325 3855 λειτουργίαν,
1375 3780 1450 3844 ὡς
1502 3780 1846 3857 προὲφημεν,
1898 3780 1925 3835 6
1984 3776 2042 3835 δὶ

371 3866 738 3941 πατριάρχης
770 3864 1094 3941 κατέρχεται
1122 3867 1419 3942 πληρῶσαι
1458 3869 1557 3937 τὴν
1591 3869 1735 3925 θείαν
1790 3866 2040 3946 λειτουρ-

373 3954 518 4031 γίαν,
582 3954 683 4010 καὶ
732 3951 1091 4026 διασώζουσιν
1151 3956 1314 4012 αὐτὸν
1373 3958 1425 4011 οἱ
1491 3961 1589 4013 τοῦ
1640 3953 2040 4014 κουϐουκλείου

369 4041 642 4120 ἄρχοντες
708 4043 877 4122 μέχρι
922 4048 1021 4101 τοῦ
1048 4046 1243 4119 τόπου,
1267 4044 1323 4102 ἒν
1370 4046 1416 4119 ᾧ
1458 4047 1549 4102 καὶ
1592 4046 1910 4119 ἀπήντησαν
1942 4047 2040 4103 αὗ-

2165 2172 2242 2239 te,
2275 2168 2392 2225 duo
2432 2166 2742 2235 silentiarii
2781 2184 2814 2222 a
2858 2166 3132 2223 mandato
3176 2168 3417 2230 abeunt.
3463 2170 3521 2222 et
3572 2165 3819 2238 patriar-

2165 2258 2331 2315 cham
2383 2259 2685 2325 advocant,
2723 2257 2844 2330 qui,
2888 2258 2960 2313 ab
2990 2257 3137 2329 ipsis
3180 2257 3451 2330 stipatus,
3484 2256 3815 2328 adscendit,

2164 2348 2331 2420 eique
2354 2348 2608 2421 praefecti
2633 2346 2890 2404 cubiculi
2911 2346 2970 2402 in
2995 2345 3360 2418 plenitudine
3381 2345 3652 2411 cochleas,
3670 2346 3813 2403 dum

2163 2448 2327 2511 septa
2357 2438 2915 2495 catechumenorum
2945 2436 3175 2509 ingredi
3222 2436 3366 2503 vult,
3397 2436 3629 2492 obviam
3676 2453 3813 2508 pro-

2160 2529 2393 2586 cedunt.
2428 2531 2551 2595 Quo
2582 2544 2717 2585 cum
2758 2528 3091 2601 patriarcha
3124 2527 3403 2599 pervenit,
3436 2527 3811 2598 imperatorio

2161 2618 2514 2675 antimensio
2554 2634 2720 2675 sacra
2767 2617 2922 2673 dona
2960 2618 3212 2689 imponit
3243 2632 3257 2671 :
3291 2616 3637 2689 praepositus
3677 2632 3813 2673 vero

2161 2723 2291 2765 cum
2326 2707 2615 2779 praefectis
2637 2704 2888 2762 cubiculi
2922 2705 3066 2774 abit,
3091 2711 3144 2762 et
3176 2705 3586 2777 imperatorem
3617 2710 3807 2776 vocat,

2160 2796 2257 2868 qui
2282 2797 2355 2852 ab
2379 2796 2525 2867 ipsis
2546 2795 2801 2867 stipatus
2843 2795 3018 2862 venit,
3063 2799 3120 2849 et
3150 2811 3219 2849 ex
3250 2794 3594 2866 patriarcha
3626 2793 3812 2850 mani-

2160 2888 2271 2943 bus
2302 2889 2724 2951 communicat,
2750 2890 2953 2957 postea
2972 2884 3238 2941 dextrum
3264 2883 3457 2939 velum
3482 2884 3809 2956 ingressus,

2160 2977 2239 3031 ibi
2286 2977 2347 3032 in
2381 2974 2527 3032 sella
2556 2975 2799 3045 assidet,
2834 2991 3017 3046 usque
3047 2975 3187 3028 dum
3225 2973 3451 3045 patricii
3484 2978 3541 3029 et
3571 2975 3809 3046 strategi

2160 3082 2295 3122 cum
2335 3065 2580 3133 ceteris,
2615 3065 2832 3136 quibus
2866 3080 2993 3121 mos
3031 3068 3140 3133 est,
3188 3079 3415 3120 sacram
3457 3064 3813 3120 communio-

2166 3171 2300 3211 nem
2332 3171 2362 3210 e
2396 3153 2737 3224 patriarchas
2768 3152 3046 3209 manibus
3078 3167 3372 3224 accepere.
3407 3153 3493 3207 Ita
3525 3167 3660 3208 mox
3699 3152 3809 3209 im-

2163 3250 2394 3316 perator
2424 3242 2764 3315 regreditur,
2798 3251 2852 3297 et
2886 3250 3193 3314 postquam
3234 3241 3362 3313 ipse
3389 3245 3447 3297 et
3484 3239 3810 3312 patriarcha

2162 3351 2221 3392 se
2254 3339 2459 3389 mutuo
2496 3331 2851 3397 salutarunt,
2882 3330 2956 3386 ad
2985 3346 3117 3386 eum
3163 3329 3378 3399 locum,
3412 3329 3511 3386 ubi
3549 3329 3807 3385 divinam

2160 3422 2484 3494 liturgiam,
2519 3422 2603 3477 uti
2654 3420 2936 3488 diximus,
2978 3419 3254 3487 celebrat,
3292 3419 3434 3488 abit,
3476 3416 3808 3490 patriarcha

2156 3517 2349 3569 autem
2383 3512 2454 3567 ad
2488 3510 2904 3583 complendum
2938 3525 3167 3566 sacrum
3199 3507 3452 3565 ofﬁcium
3483 3508 3805 3579 descendit,

2152 3601 2571 3658 comitantibus
2601 3599 2799 3672 ipsum
2821 3598 3081 3656 cubiculi
3110 3599 3423 3671 praefectis,
3449 3598 3524 3654 ad
3552 3614 3685 3655 eum
3722 3598 3807 3653 lo-

2152 3707 2288 3748 cum
2346 3705 2548 3762 usque,
2606 3689 2729 3761 ubi,
2789 3704 2925 3744 cum
2985 3688 3349 3757 ascenderat,
3404 3687 3633 3743 obviam
3690 3685 3806 3758 ipsi

2152 3786 2573 3854 processerant,
2608 3779 2744 3835 inde
2774 3780 2889 3835 duo
2910 3777 3215 3835 silentiarii
3246 3792 3381 3833 eum
3413 3777 3485 3832 ad
3522 3775 3806 3848 templum

2151 3870 2525 3927 comitantur.
2558 3872 2796 3924 Peracto
2840 3867 3036 3923 divino
3078 3865 3292 3933 ollicio,
3333 3864 3656 3935 imperator
3705 3880 3805 3934 per

2149 3960 2295 4029 loca,
2334 3974 2462 4026 qua
2497 3960 2631 4013 ante
2664 3955 3089 4013 catechumena
3118 3960 3276 4022 sunt,
3299 3958 3356 4009 et
3386 3968 3490 4024 per
3526 3953 3805 4009 interiora

2151 4049 2223 4105 ad
2267 4046 2551 4120 palatium
2603 4062 2637 4102 a
2683 4045 2801 4102 Deo
2858 4048 3177 4114 servatum,
3219 4044 3375 4116 quod
3434 4041 3659 4098 scilicet
3715 4040 3797 4096 ibi

1732 4147 1974 4204 VARle
2012 4144 2425 4204 LECTIONES.

431 4235 481 4272 π
514 4231 764 4310 κοχλίου
804 4236 896 4294 ed.
972 4236 1018 4273 ⁸³
1068 4233 1217 4311 βῆλα
1259 4234 1329 4294 τὰ
1377 4236 1750 4314 χρεμμάμενα
1798 4240 1951 4309 cod.,
2003 4237 2152 4315 βῆλα
2203 4230 2656 4310 κατακρεμαμίνα
2699 4237 2817 4307 ed.,
2892 4235 2939 4273 ⁸9
2977 4232 3301 4310 προτίθησιν
3334 4235 3402 4292 R.
3436 4233 3794 4307 προστίθησιν

358 4327 499 4385 cod.
536 4330 598 4383 et
628 4326 723 4385 ed.

1424 4418 1623 4477 JOAN.
1664 4419 1808 4479 JAC.
1851 4420 2087 4479 RESKII
2137 4417 2723 4477 COMMENTARIUS.

420 4517 559 4599 ,(68)
606 4515 896 4599 Beqpirqt
928 4517 1342 4599 fortealiquis
1374 4519 1680 4599 ante__hoc_
1714 4521 1973 4599 verbum,
2007 4521 2036 4599 ὁ
2068 4525 2115 4592 D
2146 4519 2359 4599 Athon.
2393 4536 2449 4591 p.
2494 4520 2597 4599 1:10
2628 4516 2980 4599 disputans,
3018 4518 3172 4574 idem
3218 4531 3349 4573 esse
3389 4514 3792 4588 τραπεζοποιὸς

381 4588 477 4662 μὲν
496 4605 510 4655 ;
542 4590 646 4662 sed
662 4588 822 4662 solet
850 4589 1061 4662 Noster
1080 4589 1140 4645 id
1180 4588 1466 4662 omittere.
1499 4590 1719 4647 Similis
1758 4595 1921 4649 locus
1950 4588 2038 4650 est
2068 4588 2104 4592 ⁷
2147 4597 2321 4662 atque

373 4675 431 4736 p._
454 4660 677 4736 Ωδμ]ὺί
714 4657 1159 4736 ιῃ-(ο-ιπιδίδωσι
1187 4664 1268 4733 τῷ
1299 4658 1520 4736 βασιλεῖ
1552 4679 1785 4736 quoque
1802 4663 1977 4736 deest
2004 4664 2034 4719 ὁ

362 4729 487 4802 μέν.
522 4732 683 4813 Sunt
720 4731 860 4789 alibi
910 4748 1146 4806 quoque
1196 4729 1354 4807 apud
1407 4729 1705 4792 Nostrum'
1737 4734 1837 4791 alii
1884 4736 2033 4794 tales

362 4803 542 4859 multi
565 4802 705 4859 loci.

358 4818 542 4860 mum
565 4818 705 4861 ιοοι.

425 4876 557 4946 (69)
580 4874 671 4931 Ita
692 4890 923 4950 quoque
943 4874 1099 4950 clare
1119 4877 1281 4950 dant.
1301 4874 1403 4945 M.;
1423 4877 1593 4950 credo
1613 4881 1809 4950 tamen
1831 4876 2029 4950 legen-

356 4944 506 5021 dn’m
536 4944 679 5021 esse
704 4944 797 5000 ἱιαί
826 4944 971 5021 i‘t__;:t
1028 4948 1140 5001 τῶν
1171 4944 1321 5021 ⁸οῒδιη
1356 4944 1421 5021 et,
1450 4948 1724 5021 quidquid
1760 4949 1842 5005 ibi
1876 4944 2028 5007 idest

358 5019 821 5093 dmsticorun}.
854 5014 925 5075 Et
947 5038 1001 5073 τι
1031 5035 1136 5092 pro
1166 5016 1197 5073 ὅ
1223 5038 1277 5074 τι
1308 5014 1546 5093 utrique
1586 5014 1842 5088 Gracia,
1867 5037 2025 5078 novre

356 5095 416 5145 et
443 5090 663 5155 veteri,
697 5090 976 5147 usitatum
1009 5090 1116 5148 est.

430 5162 555 5233 (‘70)
578 5161 677 5237 Sic
704 5167 782 5237 Μ.
814 5162 1041 5237 Ubiqu_e
1062 5167 1393 5237 constanter
1428 5163 1735 5235 (edebatur
1769 5160 2033 5237 κοχλίου)

346 5250 381 5287 a
436 5226 818 5310 nominativo
844 5305 854 5310 _
884 5226 1168 5310 ιιόχλιὲῐιις,⁸
1208 5226 1507 5310 contracto
1552 5226 2036 5310 exuttoxlt't‘iptoc',

344 5306 692 5380 cochlearia,
725 5299 1483 5380 ευὺίηιθῖἶὶεοξᾲνάθαθμος.
1517 5311 1596 5364 De
1627 5306 1729 5364 illa
1752 5299 1947 5364 Tomis
1978 5299 2038 5365 in

347 5379 412 5437 ἇς
436 5381 755 5453 ,gontracta
787 5393 858 5434 ex
890 5376 1059 5453 ἀριοξ
1077 5377 1218 5453 alibi
1253 5376 1406 5434 dico.

423 5449 546 5522 (7t)
572 5448 788 5522 Dicunt
808 5445 939 5522 novi
965 5450 1147 5506 Graeci
1177 5454 1358 5503 ποιεῖν
1390 5447 1461 5505 τὰ
1503 5445 1651 5522 βῆλα
1683 5466 1787 5522 pro
1815 5467 2034 5521 curare,

354 5520 625 5578 attollere
654 5526 713 5578 et
746 5520 1081 5591 demittere,
1121 5522 1409 5578 adducere
1433 5526 1488 5591 et
1504 5520 2032 5591 reducereﬂecur;

354 5593 676 5665 ritAdictio
736 5609 874 5665 pag.
934 5590 1381 5649 178’Similiter
1435 5590 1669 5665 ἐποίησα
1730 5590 1818 5646 ἐπὶ
1874 5592 2033 5648 πέντε

350 5662 589 5743 ἡμέρας,
612 5663 680 5719 τὰ
724 5662 883 5743 ﬁlia
924 5665 1025 5743 τοῦ
1066 5665 1219 5743 ναοῦ,
1242 5666 1478 5743 furaci
1506 5663 1825 5743 luminaria
1864 5667 2033 5722 eccle-

348 5734 597 5811 sjziest
618 5734 775 5811 apud
808 5734 1101 5811 Cyrillum
1123 5734 1584 5811 Scythopolitan.
1614 5736 1671 5793 in
1694 5736 1808 5811 vita
1842 5743 2031 5811 mscta

352 5752 483 5803 nae,
506 5752 597 5795 est
618 5752 775 5811 apud
808 5752 1101 5809 uynunm
1123 5752 1195 5792 ac
1235 5752 1337 5793 tno
1417 5752 1584 5793 ιιιειι.
1614 5752 1671 5793 nn
1693 5752 1808 5821 vna
1842 5752 2024 5794 macta

352 5808 418 5866 8.
467 5809 658 5869 Saba.
696 5809 932 5868 Locum
982 5806 1161 5865 habet
1195 5752 1273 5866 ἕο
1322 5752 1521 5880 ﬁnge
1549 5824 1604 5866 v.
1647 5826 1822 5883 φωτα.
1857 5810 2024 5867 Cont'.

2341 4589 2723 4661 τραπεζοκύμο
2732 4589 2777 4660 ξ,
2810 4597 3037 4647 curator
3061 4604 3281 4646 merum.

2217 4609 2321 4662 que
2341 4612 2370 4646 τ
2445 4609 2777 4661 πεςοκυμος,
2810 4609 3037 4647 curator
3061 4609 3281 4646 mensas.

2217 4664 2330 4736 (η)
2467 4664 2786 4736 ﬂagrante?
2817 4662 3136 4736 cochlearia.
3167 4661 3276 4736 Sed
3309 4658 3602 4736 quomodo
3633 4664 3794 4736 puta-

2145 4732 2240 4791 tur
2260 4734 2357 4791 ille
2377 4732 2516 4792 ﬁnis
2531 4735 2558 4789 ?
2576 4734 2757 4790 Estne
2788 4734 3029 4806 ultimus
3051 4734 3268 4806 gradus
3298 4732 3695 4806 descendenti,
3714 4748 3792 4806 an

2142 4822 2413 4863 summus
2434 4805 2824 4863 ascendenti?
2852 4806 3020 4863 Certe
3048 4803 3358 4877 utrobique
3385 4803 3590 4877 ﬁnitur
3609 4803 3791 4871 scala,

2140 4882 2261 4935 tam
2295 4878 2355 4934 in
2388 4894 2644 4949 summo,
2667 4893 2843 4949 quam
2870 4877 2929 4933 in
2952 4876 3231 4949 imo.Sed
3263 4876 3361 4949 res
3376 4876 3521 4949 tanti
3544 4891 3659 4949 non
3680 4883 3789 4945 est,

2138 4954 2205 5005 ut
2249 4951 2420 5006 anxie
2462 4951 2533 5007 de
2562 4948 2637 5005 ea
2670 4948 2989 5020 quaeratur.
3025 4948 3199 5004 Infra.
3253 4965 3309 5019 p.
3339 4948 3411 5002 60
3438 4951 3496 5002 et
3531 4948 3623 5020 6_5,
3673 4964 3790 5003 non

2137 5026 2331 5093 potest
2362 5021 2482 5077 haec
2507 5018 2907 5093 dictio'aliter,
2931 5037 3108 5092 quam
3125 5020 3211 5093 _de
3240 5018 3426 5093 gradu
3457 5018 3663 5091 accipi,
3687 5020 3791 5093 qui

2155 5092 2530 5150 descendenti
2564 5092 2811 5148 ultimus
2841 5090 2963 5160 est,
2983 5101 3081 5148 aut
3120 5090 3293 5163 imus.
3326 5090 3602 5147 Attamen
3630 5108 3687 5163 p.
3720 5092 3789 5146 90

2151 5164 2383 5237 videtur
2413 5164 2608 5237 potius
2638 5180 2917 5237 summus
2944 5179 3091 5220 esse.
3123 5162 3247 5218 Non
3278 5164 3422 5237 adeo
3462 5162 3660 5219 recens
3688 5166 3792 5219 aut

2149 5235 2283 5293 vilis
2302 5241 2393 5293 est
2411 5231 2675 5292 vocabuli
2696 5231 2980 5309 πλήρωμα
3003 5251 3147 5291 usus
3181 5252 3282 5309 pro
3310 5236 3459 5309 ﬁnis,
3485 5240 3550 5290 ut
3570 5239 3790 5309 veteres

2149 5312 2206 5363 et
2235 5309 2531 5381 elegantes
2553 5324 2790 5381 quoque
2808 5304 3085 5381 auctores
3097 5322 3169 5381 _e_o
3186 5304 3568 5381 abstinerent.
3589 5304 3786 5381 Philo-

2146 5373 2537 5452 strat,p.604.
2553 5373 2762 5452 sect-3.
2778 5378 2883 5434 lin.
2898 5380 2954 5447 5,
2976 5380 3067 5437 ed.
3084 5376 3274 5435 Olear.
3296 5377 3385 5452 Ἐς
3414 5373 3787 5452 τὸὲπληρωμα

2143 5456 2245 5518 τῆς
2290 5449 2599 5522 ἀκροάσεως
2643 5451 2843 5522 habes,
2893 5454 2993 5506 sub
3043 5452 3221 5522 ﬁnem,
3246 5449 3634 5522 pralectionis,
3677 5453 3787 5522 aut

2142 5518 2561 5607 disputationis,
2581 5528 2640 5607 et
2668 5520 2916 5607 πληροῦν
2945 5522 3020 5607 είς
3043 5518 3327 5607 ’ρμςραλοη
3349 5519 3655 5607 complere,
3676 5520 3784 5576 hoc

2142 5541 2561 5605 azspmquoms,
2581 5541 2640 5579 οι
2668 5541 2916 5651 πΛηρουν
2945 5541 3020 5583 εις
3053 5541 3327 5607 ομςραΛον,
3349 5541 3655 5603 compare,
3676 5541 3783 5576 I100

2139 5595 2447 5673 esttinire,
2468 5596 2785 5673 tandem}
2832 5596 3004 5673 ireAet
3033 5595 3319 5673 desinere,
3352 5592 3783 5673 mnumbtlmim

2136 5667 2282 5722 dixit
2326 5664 2611 5739 Aristides
2642 5671 2685 5721 t.
2729 5667 2775 5723 Ι.
2812 5684 2871 5739 p.
2913 5666 3005 5722 99.
3047 5667 3105 5720 7.
3146 5665 3237 5722 ed.
3278 5663 3553 5736 Anglig.;
3596 5678 3648 5716 v.
3694 5666 3777 5718 Du

2135 5739 2324 5811 Cange
2353 5754 2401 5795 ν.
2436 5738 2737 5811 Complere.
