4104 6372
381 308 500 370 295

1433 299 1952 366 CONSTANTINI
1998 300 2710 366 PORPHYROGENITI

3679 306 3805 368 296

382 441 522 508 tica,
579 439 889 510 ipsumque
943 436 1016 492 ad
1073 437 1128 493 S.
1201 435 1606 508 Christopbori
1667 434 2024 493 conducunt.

2142 433 2206 488 τὰ
2258 432 2308 503 ἐξ
2360 430 2514 495 ἔθους
2561 436 2657 488 τοῦ
2706 428 2930 508 μέρους,
2975 429 3228 488 ἀποκινεῖ
3285 431 3382 506 μὶν
3435 433 3462 487 ὁ
3512 431 3796 510 βασιλεὺς,

384 527 696 586 Sciendum
731 529 840 595 est,
871 525 1164 598 principes
1196 526 1445 582 duarum
1488 525 1811 581 factionum
1846 529 2033 580 trans-

381 618 685 676 itoriarum
717 620 774 672 et
814 616 1083 673 tribunos
1112 615 1387 687 politicaa,
1445 615 1710 687 singulos
1750 630 1853 686 pro
1913 612 2034 669 suis

381 707 754 776 factionibus,
787 706 846 762 in
879 706 1070 779 prima
1097 709 1330 763 tantum
1363 705 1714 779 receptione,
1774 720 1892 760 non
1925 719 2032 759 au-

381 804 498 856 tem
530 798 591 855 in
621 797 865 868 caeteris,
897 796 1162 854 libellum
1193 797 1460 864 tradere;
1493 795 1777 851 hocenim
1808 797 2030 850 tantum

381 887 564 946 semel
594 887 720 944 ﬁeri
769 887 936 943 solet.
971 886 1196 942 Politici
1249 886 1480 942 Venetae
1511 884 1784 941 factionis
1841 883 2031 954 impe-

381 983 633 1036 ratorem
667 978 725 1033 in
757 976 814 1032 S.
845 974 1248 1048 Cbristopbori
1269 975 1586 1047 excipiunt,
1623 973 1724 1029 ubi
1755 971 2030 1028 tribunus

382 1065 720 1141 imperatori
743 1063 1008 1122 libellum
1031 1063 1132 1119 dat
1157 1079 1171 1118 :
1200 1064 1468 1134 actisque
1490 1061 1698 1129 ﬁnitis,
1719 1060 2034 1131 imperator

382 1157 521 1226 abit,
555 1171 731 1228 quem
762 1153 936 1211 factio
967 1153 1324 1220 conducens,
1382 1151 1665 1220 dromica,
1700 1149 1746 1206 si
1771 1147 2030 1220 jusserit,

379 1253 438 1305 et
458 1245 744 1321 apelatica
772 1244 993 1301 recitat.
1039 1243 1158 1301 Hoc
1205 1241 1450 1315 singulas
1507 1241 1787 1298 factiones
1844 1239 2028 1311 impe-

379 1340 632 1393 ratorem
664 1335 1036 1397 comitantes,
1067 1333 1127 1387 in
1158 1332 1287 1402 eius
1327 1330 1656 1402 receptione
1686 1328 2020 1385 observant.

381 1425 634 1497 Populus
664 1422 1013 1480 transitoria
1034 1421 1302 1478 factionis
1329 1421 1584 1477 Prasinee
1617 1419 2030 1492 imperatorem

383 1515 455 1572 ad
490 1515 551 1571 S.
583 1511 805 1586 Olybrii
833 1511 1070 1582 excipit,
1104 1511 1379 1583 princeps
1401 1510 1529 1580 ejus
1559 1507 1820 1565 libellum
1851 1506 2030 1563 tradit

380 1605 695 1676 ipsumque
725 1603 798 1658 ad
831 1599 1316 1673 philadelpbium,
1353 1599 1450 1656 ubi
1479 1597 1816 1655 transitoria
1843 1595 2030 1652 Vene-

380 1696 577 1749 torum
630 1691 804 1747 factio
834 1690 1022 1758 adest,
1053 1689 1350 1746 conducit.
1392 1689 1522 1744 Hec
1575 1701 1708 1743 eum
1749 1686 1808 1742 in
1842 1684 2031 1758 phila-

383 1782 620 1856 delpbio
678 1781 893 1853 excipit
937 1785 995 1837 et
1047 1795 1236 1852 usque
1279 1780 1351 1835 ad
1382 1779 1657 1836 Prasinos
1689 1777 1940 1851 politicae
1972 1777 2030 1832 in

388 1872 650 1928 modium
685 1871 868 1939 ducit,
906 1887 938 1924 a
969 1869 1183 1941 quibus
1217 1867 1279 1924 in
1337 1868 1532 1925 modio
1589 1867 1892 1939 excipitur,
1929 1865 2031 1921 ubi

382 1960 660 2018 tribunus
681 1958 1022 2030 imperatori
1055 1957 1320 2014 libellum
1343 1957 1543 2028 tradit,
1575 1960 1632 2013 et
1661 1955 1939 2014 omnibus
1971 1957 2034 2010 ut

383 2065 564 2121 supra
592 2049 814 2105 dictum
846 2051 937 2104 est
967 2047 1243 2120 peractis,
1277 2047 1348 2102 ad
1380 2051 1634 2118 taurum,
1669 2045 1766 2102 ubi
1803 2043 2033 2115 politica

380 2140 731 2196 Venetorum
758 2136 954 2205 factio,
984 2151 1118 2193 eum
1143 2136 1428 2208 perducit.
1465 2134 1597 2190 Haec
1619 2134 2032 2207 imperatorem

383 2226 445 2284 in
475 2230 642 2283 tauro
672 2225 887 2297 excipit
907 2230 965 2281 et
987 2223 1061 2280 ad
1111 2225 1384 2281 tabernas
1425 2225 1734 2296 pistorum,
1795 2223 1893 2280 ubi
1924 2240 2033 2296 po-

381 2317 545 2375 litica
574 2317 746 2373 factio
776 2315 1149 2372 Prasinorum
1183 2313 1368 2383 adest,
1419 2315 1678 2384 deducit,
1739 2331 1866 2386 qum
1897 2329 2032 2370 eum

383 2407 446 2464 in
477 2408 600 2464 foro
638 2404 987 2462 transitoria
1039 2403 1304 2462 factionis
1353 2403 1628 2471 Prasinas,
1671 2405 1730 2460 in
1772 2404 2034 2461 substru-

384 2499 577 2556 ctione
608 2497 757 2554 milii
797 2496 1046 2570 politicas
1089 2495 1363 2552 factionis
1403 2493 1650 2551 Prasinaa
1707 2495 1936 2568 excipit.
1967 2495 2032 2550 in

381 2587 666 2661 zeuxippo
689 2602 820 2644 cum
852 2583 1192 2642 transitoria
1213 2587 1571 2641 Venetorum
1596 2584 1789 2653 factio,
1822 2584 2035 2640 deinde

384 2679 444 2734 in
476 2676 696 2748 chalce,
729 2676 962 2747 excipit.
995 2675 1126 2730 Mox
1172 2689 1377 2731 omnes
1423 2673 1672 2746 pedibus
1727 2674 2032 2743 incedunt,

383 2768 546 2825 solus
577 2769 894 2839 imperator
924 2781 1074 2837 equo
1103 2763 1360 2831 vehitur,
1391 2772 1446 2819 et
1477 2763 1614 2819 inde
1653 2764 1727 2819 ab
1759 2764 2037 2820 omnibus

383 2858 636 2929 stipatus
657 2863 720 2912 ut
750 2855 969 2911 dictum
1019 2862 1128 2924 est,
1158 2870 1258 2924 per
1290 2853 1546 2910 cortinas
1576 2869 1766 2926 usque
1823 2855 1894 2910 ad
1951 2854 2038 2909 in-

383 2947 658 3003 teriorem
678 2961 953 3018 magnam
987 2949 1216 3017 portam
1274 2944 1705 3013 excubitorum,
1753 2943 1851 2999 ubi
1883 2943 2037 3000 scri-

385 3034 595 3090 barum
627 3033 913 3104 promotio
935 3031 1292 3097 instituitur,
1308 3030 1540 3101 transit,
1571 3047 1722 3102 equo
1737 3031 2039 3106 descendit

383 3138 603 3196 perque
631 3121 910 3178 excubias
931 3123 1068 3176 ante
1097 3123 1214 3175 tres
1235 3119 1563 3176 consistorii
1598 3125 1792 3190 portas
1833 3121 2034 3190 dispo-

2147 522 2300 578 αὐτοὶ
2333 520 2390 578 δὲ
2421 523 2474 578 οἱ
2501 527 2598 578 τοῦ
2632 523 2832 599 μέρους
2860 523 3297 598 προπορεύονται
3317 519 3592 598 ἔμπροσθε
3612 523 3662 558 ⁷⁸⁷
3683 526 3801 598 (95)

2145 616 2242 667 τοῦ
2276 610 2565 688 βασιλέως,
2618 611 2869 686 λέγοντες
2919 608 3177 687 δρομικὰ,
3211 611 3256 667 εἷ
3298 611 3354 667 δὲ
3386 611 3596 668 κελεύει
3629 614 3656 668 6
3691 613 3804 690 βα-

2146 701 2330 764 σιλεὺς
2395 701 2485 758 καὶ
2551 700 2876 773 ἀπελατικὰ,
2964 701 3335 772 ἆποσώζοντες
3402 702 3495 758 τὸν
3568 701 3802 778 βασιλέα

2147 791 2313 870 μέχρι
2359 795 2457 846 τοῦ
2502 791 2657 868 ἁγίου
2699 789 3108 866 Χριστοφόρου.
3145 791 3264 866 Χρή
3293 789 3351 847 δὲ
3381 788 3602 861 εἰδέναι,
3628 791 3713 848 ὅτι
3745 794 3802 848 οἱ

2146 875 2490 952 δημοκράται
2540 882 2647 933 τῶν
2705 875 2800 933 δύο
2854 883 3034 953 μερῶν
3083 883 3190 933 τῶν
3244 883 3550 950 περατικῶν
3596 880 3683 935 καὶ
3737 881 3799 935 οἱ

2146 965 2430 1042 δήμαρχοι
2495 973 2596 1038 τῆς
2653 966 2969 1040 πολιτικῆς,
3024 965 3250 1030 ἕκαστος
3307 967 3483 1024 αὐτῶν
3542 969 3679 1025 κατᾶ
3735 969 3802 1025 τὸ

2147 1055 2309 1133 μέρος
2341 1057 2545 1125 αὐτῶν,
2578 1056 2630 1112 έν
2671 1059 2741 1132 τῇ
2785 1059 2832 1113 α’
2880 1055 3031 1137 δοχῇ
3073 1055 3378 1113 ἐπιδιδόασι
3412 1053 3803 1133 λιϐελλάριον,

2143 1144 2194 1201 έν
2229 1143 2286 1202 δὲ
2313 1151 2431 1208 ταῖς
2463 1145 2689 1210 λοιπαῖς
2731 1143 2929 1222 δοχαῖς
2959 1141 3293 1224 λιὸελλάρια
3331 1147 3435 1202 οὐκ
3464 1145 3798 1205 ἐπιδιδόασι.

2141 1235 2278 1309 πρὸς
2310 1234 2445 1304 ἅπαξ
2495 1235 2596 1310 γὰρ
2630 1238 2791 1292 τοῦτο
2840 1235 2930 1291 καὶ
2982 1236 3173 1309 μόνον.
3223 1237 3288 1294 Ἥ
3321 1233 3379 1291 δὲ
3408 1236 3671 1307 πολιτικὴ
3697 1239 3804 1292 τοῦ

2143 1326 2346 1400 μέρους
2374 1328 2483 1379 τῶν
2514 1324 2748 1381 Βενέτων
2799 1325 2936 1399 μετὰ
2982 1325 3074 1380 καὶ
3112 1329 3209 1381 τοῦ
3259 1322 3555 1401 δημάρχου
3602 1323 3806 1402 δέχον-

2139 1435 2226 1469 ται
2257 1414 2349 1469 τὸν
2384 1411 2614 1489 βασιλέα
2658 1413 2711 1468 έν
2755 1417 2837 1486 τῷ
2886 1415 3027 1488 ἁγίῳ
3075 1415 3458 1493 Χριστοφόρῳ,
3491 1414 3580 1469 καὶ
3612 1412 3805 1470 ἐπιδί-

2143 1503 2308 1561 δωσιν
2341 1507 2368 1560 ὁ
2401 1503 2692 1580 δήμαρχος
2711 1509 2792 1579 τῷ
2815 1504 3035 1582 βασιλεῖ
3065 1502 3449 1582 λιόελλάριον,
3479 1507 3798 1574 τελέσαντες

2142 1593 2199 1650 δὲ
2227 1597 2294 1650 τὰ
2332 1592 2487 1664 ἄκτα,
2516 1595 2762 1652 ἀποκινεῖ
2808 1596 2836 1650 6
2888 1594 3165 1672 βασιλεὺς,
3199 1597 3262 1652 τὸ
3302 1593 3361 1652 δὲ
3395 1595 3558 1674 μέρος
3592 1595 3796 1654 διασώ-

2141 1690 2218 1754 ζει
2275 1682 2370 1739 τὰν
2429 1684 2679 1760 βασιλέα,
2743 1683 2998 1759 λέγοντες
3067 1681 3378 1762 ἔμπροσθεν
3445 1685 3705 1764 δρομικὰ,
3745 1686 3792 1743 εἰ

2139 1771 2373 1843 κελεύει,
2433 1773 2523 1828 καὶ
2575 1771 2897 1829 ἀπελατικά·
2950 1778 3114 1830 τοῦτο
3175 1773 3231 1831 δέ
3286 1776 3436 1832 τελεῖ
3477 1777 3531 1832 ἓν
3572 1774 3804 1834 ’ἑκαστον

2145 1862 2308 1936 μέρος
2337 1859 2389 1917 ἐν
2421 1865 2490 1937 τῇ
2521 1863 2691 1918 αὐτοῦ
2723 1860 2868 1938 δοχῇ
2900 1863 2968 1922 ⁷⁸.
3021 1865 3389 1935 Διασώζοντες
3417 1867 3508 1922 τὸν
3546 1864 3802 1942 βασιλέα,

2143 1948 2398 2026 δέχονται
2452 1951 2623 2008 ἐκεῖσε
2671 1956 2778 2008 τῶν
2823 1958 3127 2027 περατικῶν
3185 1959 3362 2030 μερῶν
3425 1957 3710 2032 Πρασίνων
3776 1957 3806 2012 6

2143 2039 2273 2102 λαὸς
2315 2041 2408 2097 τὸν
2445 2039 2672 2117 βασιλέα
2718 2040 2773 2097 έν
2823 2049 2944 2105 τοῖς
2988 2047 3086 2098 τοῦ
3137 2040 3456 2122 Ὀλυϐρίου,
3498 2047 3589 2102 καὶ
3622 2044 3806 2102 ἐπιδί-

2143 2126 2306 2184 δωσιν
2358 2130 2387 2185 6
2444 2128 2802 2204 δημοκράτης
2858 2135 2939 2205 τῷ
3001 2131 3221 2208 βασιλεῖ
3274 2130 3656 2212 λιόελλαριον,
3711 2135 3808 2192 καὶ

2142 2217 2468 2290 διασώζουσι
2517 2221 2610 2276 τὸν
2667 2220 2893 2298 βασιλέα
2945 2223 3113 2298 μέχρι
3162 2227 3262 2280 τοῦ
3293 2223 3660 2308 φιλαδελφίου
3689 2231 3804 2282 τῶν

2140 2313 2444 2385 περατικῶν
2481 2315 2663 2384 μερῶν
2705 2316 2814 2366 τῶν
2864 2311 3119 2372 Βενέτων.
3171 2316 3272 2371 Καὶ
3319 2312 3538 2390 δέχεται
3572 2317 3599 2372 6
3631 2337 3808 2394 περα-

2143 2399 2292 2462 τικὸς
2325 2395 2504 2472 δῆμος
2531 2403 2642 2454 τῶν
2675 2400 2910 2456 Βενίτων
2939 2401 3031 2458 τὸν
3066 2403 3296 2477 βασιλέα
3324 2401 3376 2459 έν
3407 2409 3490 2478 τῷ
3521 2403 3803 2464 Φιλαδελ-

2143 2489 2274 2564 φίῳ,
2326 2486 2656 2558 διασώζουσι
2700 2487 2758 2545 δὲ
2800 2487 2903 2554 ἔως
2943 2497 3055 2548 τῶν
3103 2493 3384 2568 Πρασίνων
3431 2501 3534 2564 τῆς
3574 2495 3800 2552 πολιτι-

2141 2585 2243 2649 κῆς
2292 2582 2389 2633 τοῦ
2439 2577 2658 2653 μοδίου,
2716 2581 2806 2635 καὶ
2874 2578 3129 2657 δέχονται
3185 2584 3278 2638 τὸν
3343 2583 3572 2659 βασιλέα
3623 2585 3670 2640 έν
3718 2590 3800 2658 τῷ

2148 2665 2348 2742 μοδίῳ,
2397 2669 2488 2723 καὶ
2536 2666 2850 2725 έπιδίδωσιν
2893 2671 2921 2726 6
2965 2668 3259 2752 δήμαρχος
3311 2670 3669 2753 λιόιλλάριον
3719 2671 3803 2750 τῷ

2149 2755 2388 2832 βασιλεῖ,
2434 2756 2526 2812 καὶ
2572 2757 2886 2824 τελέσαντες
2932 2760 3158 2830 ἅπαντα,
3193 2762 3268 2824 ὡς
3298 2763 3644 2840 προείρηται,
3678 2761 3810 2821 δια-

2148 2847 2384 2916 σώζουσι
2413 2846 2506 2901 τὸν
2542 2846 2770 2922 βασιλέα
2805 2851 2974 2924 μέχρι
3003 2851 3099 2905 τοῦ
3136 2851 3339 2927 ταύρου
3377 2860 3481 2923 τῆς
3507 2853 3810 2925 πολιτικῆς

2145 2941 2242 2992 τοῦ
2278 2935 2477 3010 μέρους
2522 2942 2630 2992 τῶν
2683 2939 2936 2998 Βενέτων.
2989 2939 3092 2998 Καὶ
3141 2938 3396 3018 δέχονται
3443 2945 3537 3000 τὸν
3579 2943 3817 3020 βασιλέα

2148 3025 2200 3080 ἐν
2256 3030 2337 3098 τῷ
2390 3026 2574 3100 ταύρῳ
2631 3027 2722 3082 καὶ
2765 3025 3122 3098 διασώζουσιν
3155 3029 3258 3094 ἓως
3299 3037 3406 3087 τῶν
3458 3033 3816 3107 ἆρτοπολίων

2145 3117 2246 3180 τῆς
2299 3113 2595 3180 πολιτικῆς
2647 3120 2746 3171 τοῦ
2807 3116 3007 3192 μέρους
3046 3122 3154 3174 τῶν
3215 3120 3517 3196 Πρασίνων,
3576 3122 3667 3178 καὶ
3724 3121 3813 3180 6i-

380 3191 525 3269 sitas
581 3209 702 3267 abit
757 3213 1058 3265 senatores
1100 3208 1289 3264 fausta
1334 3207 1671 3279 imperatori
1728 3211 2031 3281 precantes

2142 3204 2334 3260 χονται
2364 3206 2458 3260 τὸν
2494 3204 2722 3281 βασιλέα
2769 3204 2820 3262 έν
2866 3191 2945 3280 τῷ
2993 3208 3148 3285 φύρῳ
3180 3191 3287 3266 τῶν
3320 3191 3627 3287 περατικῶν
3658 3214 3810 3290 Πρα-

382 3301 758 3358 subsistunt:
801 3300 851 3354 is
882 3315 1016 3354 vero
1070 3298 1326 3353 mediam
1359 3301 1589 3369 portam
1640 3297 1711 3353 ad
1745 3298 2032 3370 templum

381 3390 618 3446 Domini
665 3389 974 3444 ducentem
1031 3386 1382 3459 ingreditur,
1417 3387 1512 3442 ubi
1547 3388 1767 3458 patricii
1797 3391 1856 3442 et
1886 3393 2034 3445 stra-

376 3479 518 3551 tegi,
551 3478 653 3549 qui
710 3482 768 3532 et
807 3476 922 3548 ipsi
977 3478 1171 3532 fausta
1226 3475 1566 3548 imperatori
1619 3481 2030 3549 apprecantur,

377 3568 613 3624 adsunt.
647 3568 768 3633 Quo
799 3581 1018 3622 teneam
1053 3568 1280 3637 portam
1315 3564 1512 3634 templi
1547 3565 1773 3621 Domini
1807 3567 2032 3637 ingres-

378 3671 466 3721 so,
499 3653 839 3710 cubicularii
861 3653 1073 3724 januas
1104 3652 1302 3708 statim
1365 3653 1650 3709 claudunt
1689 3658 1746 3708 et
1776 3653 2030 3726 impera-

377 3743 490 3800 tori
522 3744 872 3812 acclamant,
905 3741 1008 3815 qui
1053 3745 1373 3813 postquam
1423 3742 1773 3814 prepositus
1833 3748 2028 3815 togam

378 3850 482 3891 seu
514 3834 722 3891 tiaram
753 3851 790 3890 a
827 3833 1018 3905 capite
1073 3832 1204 3902 ejus
1249 3832 1526 3902 dempsit,
1577 3831 1773 3901 intrat,
1807 3835 1901 3890 5|
1954 3833 2027 3890 ad

376 3929 612 3981 sanctas
636 3924 850 3994 januas
871 3921 1138 3978 subsistit
1167 3926 1225 3976 et
1255 3925 1542 3992 precatur.
1589 3921 1712 3986 Quo
1743 3922 1895 3978 facto
1927 3939 2030 3994 per

377 4013 667 4085 porticum
689 4010 895 4083 templi
930 4010 1024 4067 Dei
1058 4010 1449 4080 bemicyclum
1473 4009 1780 4067 triconcbii
1815 4027 2027 4084 perque

375 4093 665 4166 porticum
726 4092 1116 4164 quadraginta
1164 4096 1501 4147 sanctorum
1561 4109 1802 4148 aureum
1857 4094 2028 4148 tricli-

375 4183 541 4239 nium
607 4183 806 4250 intrat,
869 4181 967 4236 ubi
1031 4179 1369 4236 cubicularii
1428 4197 1630 4238 omnes
1677 4186 1920 4239 stantes.
1960 4185 2026 4239 In

371 4275 555 4330 multa
591 4272 834 4343 bonaque
861 4279 1129 4343 tempora,
1163 4270 1495 4342 imperatori
1521 4269 1871 4342 acclamant,
1891 4288 2027 4330 mox

374 4361 781 4435 egrediuntur.

2144 3293 2325 3366 σίνων,
2358 3293 2410 3348 έν
2432 3298 2512 3366 τῷ
2545 3292 2827 3369 πλακωτῷ
2855 3297 2901 3333 ⁷9
2928 3300 3044 3370 (97)
3089 3303 3186 3354 τοῦ
3230 3298 3421 3374 μιλίου
3449 3308 3552 3373 τῆς
3582 3303 3804 3360 πολιτι-

2141 3385 2242 3452 κῆς
2278 3381 2478 3457 μέρους
2506 3387 2614 3440 τῶν
2674 3384 2976 3458 Πρασίνων,
3009 3383 3266 3457 δέξωνται
3325 3391 3418 3446 τὸν
3485 3390 3708 3465 βασιλέα
3739 3391 3794 3447 έν

2141 3472 2220 3544 τῷ
2252 3471 2526 3545 ζευξίππῳ
2570 3477 2680 3528 τῶν
2729 3479 3035 3550 περατικῶν
3085 3482 3264 3554 μερῶν
3308 3480 3563 3550 Βενέτων,
3597 3477 3792 3554 δέχον-

2139 3582 2225 3616 ται
2277 3562 2368 3617 τὸν
2420 3559 2650 3637 βασιλέα
2697 3561 2749 3618 ἔν
2797 3567 2868 3631 τῇ
2909 3565 3119 3642 χαλκῇ.
3172 3569 3270 3622 Καὶ
3312 3569 3508 3633 εὐθέως
3537 3569 3793 3638 πεζεύου-

2141 3669 2222 3703 σιν
2270 3651 2382 3722 (98)
2432 3651 2681 3720 ἅπαντες,
2737 3651 2825 3707 καὶ
2875 3653 3022 3726 μένει
3060 3649 3294 3733 ἔφιππος
3345 3677 3508 3730 μονος
3561 3658 3588 3711 6
3637 3657 3801 3732 βασι-

2140 3737 2289 3802 λεύς·
2323 3741 2567 3806 κάκεῖθεν
2599 3739 3025 3820 δηριγευόμενος
3068 3745 3173 3801 ὑπὸ
3221 3747 3462 3817 πάντων,
3495 3747 3572 3810 ὡς
3603 3747 3801 3821 προεί-
3847 3799 3852 3803 .

2139 3849 2323 3905 ρηται,
2367 3829 2641 3910 διέρχεται
2696 3829 2784 3888 διὰ
2826 3837 2936 3889 τῶν
2985 3835 3252 3910 κορτίνων
3302 3839 3467 3914 μέχρι
3511 3845 3613 3908 τῆς
3645 3834 3800 3894 ἔνδον

2141 3919 2392 3998 μεγάλης
2420 3919 2605 3992 πύλης
2633 3926 2742 3977 τῶν
2775 3920 3165 3998 ἰκσκουόίτων,
3212 3925 3264 3982 έν
3311 3927 3348 4002 ᾗ
3379 3929 3588 4004 γίνεται
3623 3931 3658 3999 ἡ
3689 3933 3802 3984 τῶν

2138 4005 2436 4081 σκριϐόνων
2485 4005 2763 4086 προϐολὴ,
2805 4012 2896 4069 καὶ
2935 4013 3146 4084 πεζεύει
3177 4013 3351 4072 ἐκεῖσε
3385 4019 3480 4073 καὶ
3519 4014 3803 4093 διέρχεται

2137 4095 2229 4153 διὰ
2273 4103 2380 4154 τῶν
2431 4095 2798 4156 έκσκουϐίτων
2848 4095 3154 4178 ἔμπροσθεν
3205 4111 3321 4161 τῶν
3384 4111 3556 4180 τριῶν
3607 4105 3804 4163 πυλῶν

2135 4191 2232 4243 τοῦ
2261 4190 2676 4264 κονσιστωρίου,
2723 4189 2941 4264 μένουσι
2992 4189 3050 4248 δὶ
3099 4192 3210 4249 ἐκεῖ
3253 4195 3305 4250 οἱ
3357 4201 3457 4266 τῆς
3488 4195 3806 4272 συγκλήτου

2141 4278 2574 4352 ὑπερευχόμενοι
2625 4279 2716 4335 τὸν
2763 4278 3011 4354 βασιλέα,
3061 4281 3153 4337 καί
3202 4283 3508 4360 εἷ’σέρχεται
3559 4286 3586 4341 6
3643 4287 3809 4360 βασιο

2133 4363 2260 4430 λεὺς
2288 4368 2387 4437 τὴν
2441 4366 2607 4440 μέσην
2656 4366 2837 4441 πύλην
2895 4372 2997 4440 τὴν
3053 4373 3367 4448 εἰσάγουσαν
3400 4374 3447 4410 3"
3493 4376 3634 4450 πρὸς
3688 4378 3798 4446 τὴν

371 4447 663 4540 ἐκκλησίαν
687 4451 787 4540 τού
813 4446 1039 4540 Κυρίου,
1076 4446 1306 4540 μένουσι
1357 4443 1423 4540 δέ
1458 4444 1645 4540 ’ἐκεῖσε
1699 4448 1752 4502 o't
1807 4450 2084 4525 πατρίκιοι
2140 4454 2232 4509 καὶ
2290 4455 2344 4510 οἱ
2401 4456 2699 4532 στρατηγοὶ
2760 4443 3194 4535 ὑπερευχόμενοι
3245 4462 3338 4517 καὶ
3386 4443 3548 4518 αὐτοὶ.
3579 4463 3674 4518 τὸν
3709 4443 3808 4540 βα-

373 4539 546 4597 σιλέα.
599 4540 696 4596 Καὶ
747 4535 1088 4600 εἰσελθόντος
1136 4540 1235 4592 τοῦ
1283 4535 1552 4612 βασίλέως
1607 4538 1682 4600 εἷς
1736 4541 1835 4610 τὴν
1893 4540 2112 4616 χαλκῆν
2167 4543 2351 4616 πύλην
2397 4549 2495 4601 τοῦ
2545 4547 2775 4622 Κυρίου,
2823 4547 3098 4606 κλείουσιν
3149 4551 3347 4617 εὐθέως
3398 4552 3494 4616 τὰς
3535 4535 3807 4628 θύρας-οἱ

1729 4697 1970 4754 VARIIE
2013 4700 2426 4760 LECTIONES.

445 4810 488 4847 ⁷⁷
520 4804 835 4885 ἕμπρωσθεν
870 4813 963 4871 ed.
1039 4810 1084 4847 ’³⁸
1117 4808 1286 4889 δοχῇ,
1320 4806 1461 4868 διασ.
1511 4831 1562 4869 τ.
1617 4811 1865 4885 βασιλέα.
1917 4809 2181 4892 Δέχονται
2230 4819 2327 4876 ed.
2409 4815 2458 4852 7”
2506 4816 2705 4892 πλάκῳ
2755 4823 2837 4893 τῷ
2882 4821 2973 4878 ed.
3051 4820 3099 4860 ⁸ο
3128 4820 3311 4896 πύλην
3353 4824 3670 4902 εἰσάγουσαν
3701 4827 3803 4884 ed.

1431 4961 1638 5022 JOAN.
1669 4967 1811 5023 JAC.
1849 4966 2112 5026 REISKII
2145 4970 2730 5030 COMMENTARIUS.

450 5090 569 5161 (95)
625 5089 718 5146 Sic
769 5088 847 5144 M.
908 5105 1034 5163 qua;
1117 5104 1271 5163 saepe
1321 5090 1553 5163 exhibet
1609 5091 1758 5163 tales
1808 5093 2030 5152 formas

380 5158 608 5232 absque
638 5178 690 5238 Υ,
742 5158 966 5238 vocum
1011 5158 1315 5238 ἀπελαξικᾲ
1345 5169 1403 5218 et
1450 5158 1692 5238 δρομικὰ
1753 5164 1901 5238 fines
1931 5184 2029 5236 per

377 5231 793 5306 compendium
827 5231 1091 5306 littera-5
1150 5235 1347 5306 simile,
1369 5231 1617 5306 scriptas
1676 5231 2035 5295 exhibebant

379 5305 629 5380 caedem,
653 5309 719 5360 ut
748 5304 995 5360 dubium
1028 5306 1125 5374 sit,
1158 5304 1590 5377 singularis,an
1615 5306 1858 5378 pluralis
1889 5326 2031 5380 prae-

377 5375 513 5432 ferri
544 5378 768 5432 debeat.

451 5447 563 5519 (96)
596 5447 997 5523 construenda
1037 5448 1120 5504 sic
1159 5452 1296 5523 sunt
1339 5449 1514 5505 verba
1573 5449 1742 5520 paulo
1774 5451 2035 5523 implica-

376 5519 548 5594 tiora,
592 5519 770 5594 μέχρι
823 5523 931 5594 τῶν
980 5520 1320 5594 ’περατικῶν
1389 5519 1589 5594 μερῶνί
1624 5523 1734 5594 τῶν
1793 5519 2033 5578 Βενέτων

377 5593 486 5642 τῶν
517 5587 616 5666 τοᾷ
669 5587 1294 5666 ’Φιλαδελφίουξωᾳιιε
1339 5587 1410 5648 ad
1460 5587 1744 5649 Peratica:
1802 5595 1929 5666 [seu
1958 5597 2032 5666 ri-

377 5611 486 5642 των
517 5611 616 5643 του
677 5611 924 5646 φιΛαοεΑ
975 5611 1079 5659 ιου,
1118 5611 1294 5664 usque
1339 5611 1410 5648 aa
1461 5611 1744 5649 rerauca:
1802 5611 1929 5666 [seu
1958 5611 2027 5653 ri-

377 5663 607 5735 penses]
635 5669 886 5720 catervas
930 5611 1271 5735 ίῗενιειοναηι,
1315 5679 1439 5735 qua:
1468 5668 1616 5720 stant
1645 5666 1704 5721 in
1737 5665 2027 5724 Philadel-

2136 5097 2314 5182 phia;
2339 5100 2496 5182 Idem
2531 5115 2761 5182 quoque
2822 5105 3139 5161 tenendum
3188 5107 3258 5182 de
3315 5107 3571 5166 dictione
3623 5104 3797 5182 μέχρι

2139 5169 2511 5244 meracae»,
2543 5169 2685 5244 διψᾷ
2705 5190 2831 5244 qua
2863 5191 2997 5232 mox
3027 5178 3301 5235 occurrit.

2213 5241 2325 5321 (97)
2357 5239 2658 5321 Πλακωτὸν
2692 5239 2919 5321 videtur
2947 5249 3121 5304 solum
3164 5263 3292 5306 esse
3332 5253 3556 5321 magnis
3594 5251 3800 5321 tabulis

2139 5315 2327 5368 saxeis
2347 5319 2463 5391 aut
2492 5319 2818 5391 marmorei;
2859 5319 3333 5391 (Quadersteincn)
3361 5315 3618 5379 etfalum.
3652 5320 3804 5376 Πλά-

2140 5403 2232 5468 ξξς
2269 5385 2426 5441 enim
2487 5392 2622 5468 sunt
2651 5385 3023 5468 tabulae'latte
3054 5400 3110 5468 et
3157 5385 3331 5450 vastae
3372 5411 3582 5452 saxea.
3627 5398 3716 5452 Ita
3737 5412 3797 5468 p.

2292 5459 2683 5532 μαρμαρωτὸν,
2752 5461 2925 5534 locus,
3006 5464 3186 5521 solum
3254 5482 3602 5523 marmorum
3653 5456 3803 5524 stra-

2162 5543 2278 5584 um.

2208 5599 2326 5682 (98)
2355 5601 2793 5682 AntaChalcen
2825 5621 2963 5682 ergo
3021 5607 3448 5682 descenderant
3501 5625 3572 5666 ex
3601 5611 3797 5682 equis,

2139 5677 2238 5742 qui
2279 5677 2692 5744 imperatorem
2726 5677 3137 5748 procedentem
3189 5681 3248 5738 in
3279 5684 3536 5753 equestri
3575 5677 3802 5758 pompa
