4104 6374
393 307 508 367 303

1446 294 1981 358 CONSTANTINI
2024 291 2732 354 PORPHYROGENITI

3685 291 3809 352 306

389 455 522 496 vero
565 453 664 493 seu
722 432 1074 492 monasterio
1124 431 1431 502 prefectus
1470 429 1606 486 thus
1645 432 1702 486 et
1740 429 2038 500 unguenta

2170 424 2242 480 τὸν
2278 422 2524 500 βασιλέα,
2556 425 2720 494 ἡνίκα
2756 421 2945 497 ἐξέλθῃ
2974 424 3054 479 τῶ
3092 419 3449 498 ἱπποδρόμῳ.
3501 421 3608 478 Καὶ
3655 419 3815 494 ἔξελ-

392 530 580 584 fcrens
609 530 666 582 et
695 532 826 581 ante
858 524 1266 595 imperatorem
1300 520 1638 587 incensans,
1671 517 1906 590 excipit.
1930 516 2039 580 Qui

389 614 810 672 catechumena
825 612 1151 684 ingressus,
1168 609 1349 666 cereis
1367 613 1500 664 ante
1522 607 1846 664 sacrarium
1867 619 2042 676 super

393 693 780 768 imperatoriis
852 693 1035 763 portis
1091 690 1374 760 accensis,
1420 697 1724 760 precatur:
1778 692 2042 756 precatus

393 790 584 842 autem
636 785 696 839 in
749 783 999 839 oratorio
1047 781 1439 837 Sanctissimae
1493 779 1751 848 Dciparas
1783 778 1842 831 in
1891 780 2044 831 cate-

395 873 720 942 cbumenis,
753 888 947 928 cereos
986 870 1243 926 accendit
1274 873 1332 924 et
1370 868 1448 923 ibi
1481 883 1715 938 quoque
1755 869 2042 937 precatur,

393 967 596 1034 postea
625 977 921 1034 egressus,
950 961 1009 1014 in
1043 957 1410 1016 emincntiori
1448 965 1612 1028 parte
1643 954 1906 1022 sacrarii,
1949 953 2044 1010 ubi

396 1053 458 1108 in
472 1051 726 1122 singulis
742 1045 1769 1120 processionibusstaredivinumque
1786 1043 2044 1100 ofﬁcium

396 1147 686 1206 celebrare
748 1145 917 1214 solet,
979 1144 1267 1214 subsistit,
1326 1147 1383 1200 et
1435 1143 1514 1201 ibi
1564 1157 1796 1215 quoque
1851 1157 2047 1199 cereos

399 1237 680 1296 accendit.

2150 515 2258 578 θὼν
2290 515 2318 568 6
2353 512 2611 589 βασιλεὺς
2649 513 2700 568 έν
2733 517 2813 585 τῷ
2843 510 3200 586 ἱπποδρόμῳ,
3232 509 3666 589 δηριγευόμενος
3711 511 3815 566 ὗπὶ

2151 603 2328 658 αὐτῶν
2376 603 2590 660 πάντων
2629 603 2720 658 καὶ
2766 607 2879 657 τῶν
2925 601 3366 678 προειρημένων,
3401 598 3678 676 διέρχεται
3723 598 3822 655 διὰ

2152 696 2249 746 τοῦ
2279 690 2656 766 ἱπποδρόμου,
2679 692 2746 748 τὰ
2769 690 2825 747 δὲ
2855 691 3044 764 πλήθη
3077 696 3186 747 τῶν
3217 687 3411 766 ὄχλων
3453 688 3708 746 ’ίστανται
3757 688 3818 744 έν

2151 786 2230 854 τῷ
2263 779 2596 857 ἱπποδρόμω
2635 783 3074 862 ὑπερευχόμενοι
3105 782 3196 836 τὸν
3231 779 3478 857 βασιλέα.
3517 779 3621 838 Καὶ
3671 777 3826 834 διελ-

2155 872 2262 926 θὼν
2295 873 2323 926 6
2374 871 2632 948 βασιλεὺς
2670 869 3096 947 δηριγευόμενος
3145 871 3248 927 ὑπὸ
3299 870 3537 941 πάντων,
3570 867 3660 924 διὰ
3706 873 3825 924 τῶν

2155 959 2404 1016 παλαιῶν
2474 961 2852 1032 ἀσηκρητειῶν
2921 960 3218 1037 ἀπέρχεται
3295 959 3349 1016 έν
3406 965 3489 1033 τῷ
3564 964 3677 1032 ναῷ
3717 963 3824 1015 τοῦ

2155 1051 2342 1128 Ἀγίου
2376 1053 2625 1128 Σεργίου.
2655 1051 2970 1114 Μέλλοντος
3011 1049 3070 1108 δέ
3098 1055 3195 1107 τοῦ
3250 1048 3520 1126 βασιλέως
3564 1049 3826 1126 εἰσέρχεο

2160 1143 2278 1196 σθαι
2330 1140 2382 1196 έν
2419 1147 2536 1203 τοῖς
2591 1141 3080 1217 κατηχουμενίοις,
3113 1141 3366 1215 μένουσιν
3422 1135 3525 1210 ἔξω
3573 1145 3671 1210 τῆς
3711 1138 3832 1194 1:6-

2159 1229 2265 1301 λης
2315 1231 2592 1306 πντρίκιοι
2658 1231 2748 1286 καὶ
2805 1231 3127 1307 στρατηγοὶ,
3161 1231 3189 1286 6
3253 1227 3310 1286 δὲ
3360 1231 3668 1306 ἡγούμενος
3720 1232 3830 1286 τοῦ

396 1327 561 1383 αὐτοῦ
590 1330 721 1380 ναοῦ
759 1323 972 1400 δέχεται
1008 1324 1178 1379 ἐκεῖσε
1205 1321 1295 1379 τὸν
1342 1321 1568 1398 βασιλέα
1619 1321 1724 1376 ὰπὸ
1773 1324 1875 1386 τῆς
1921 1321 2126 1392 πύλης,
2181 1321 2461 1396 βαστάζων
2519 1322 2783 1398 θυμιατὸν
2835 1323 2924 1377 καὶ
2996 1323 3208 1396 θυμιῶν
3247 1324 3327 1394 (7)
3360 1315 3664 1394 ἔμπροσθεν
3722 1323 3832 1376 τοῦ

403 1415 688 1490 βασιλέως.
742 1416 803 1472 Ὀ
863 1413 919 1468 δὲ
982 1411 1262 1488 βασιλεὺς,
1314 1410 1573 1466 εἰσελθὼν
1631 1409 1683 1465 ἐν
1733 1415 1851 1472 τοῖς
1904 1410 2392 1485 κατηχουμενίοις,
2454 1411 2607 1468 ἅπτει
2694 1413 2900 1487 κηροὺς
2966 1410 3222 1467 ἀπέναντι
3278 1407 3374 1465 τοῦ
3433 1409 3833 1486 θυσιαστηρίου

400 1506 625 1581 ὕπερθεν
681 1508 788 1558 τῶν
852 1503 1154 1578 βασιλικῶν
1213 1499 1404 1556 πυλῶν
1464 1503 1552 1555 καὶ
1616 1496 1834 1575 εὔχεται
1884 1497 2100 1554 ἐκεῖσε·
2161 1499 2450 1574 εὐξάμενος
2500 1499 2556 1557 δὶ
2623 1501 2675 1557 έν
2723 1506 2805 1574 τῷ
2871 1497 2984 1557 ὅντι
3047 1504 3156 1556 τῶν
3223 1503 3301 1575 (8)
3364 1499 3834 1575 κατηχουμενίων

398 1595 674 1667 εὐκτηρίῳ
730 1600 832 1663 τῆς
879 1591 1194 1666 Ὺπεραγίας
1244 1590 1534 1659 Θεοτόκου,
1582 1591 1718 1663 ἅψας
1773 1586 1832 1643 δὲ
1878 1588 2094 1644 κάκεῖσε
2141 1588 2346 1663 κηροὺς
2394 1591 2484 1645 καὶ
2542 1589 2832 1664 εὐξάμενος
2891 1588 3192 1669 ἐξέρχεται,
3236 1589 3329 1645 καὶ
3383 1587 3597 1645 ἵσταται
3645 1587 3696 1643 έν
3739 1593 3830 1660 τῷ

397 1687 837 1759 παρακυμπτικῷ
871 1685 945 1756 (9)
975 1686 1073 1736 τοῦ
1106 1679 1519 1754 θυσιαστηρίου,
1552 1677 1606 1733 ἐν
1638 1679 1683 1751 ᾦ
1715 1677 1943 1742 εἷ’θισται
1975 1677 2121 1751 αὐτῷ
2153 1680 2271 1734 καθ’
2303 1680 2531 1751 ἑκάστην
2565 1679 2885 1756 προέλευσιν
2931 1678 3184 1744 ’ίστασθαι
3244 1678 3335 1734 καὶ
3385 1676 3624 1734 ἐκτελεῖν
3647 1678 3688 1714 ³⁸
3717 1678 3821 1746 τὴν

399 1772 540 1827 θείαν
576 1771 942 1845 λειτουργίαν,
975 1767 1133 1825 ἅπτει
1169 1766 1228 1824 δὲ
1258 1768 1473 1824 κάκεῖσε
1503 1768 1736 1842 κηρούς.

471 1881 573 1936 53
604 1880 671 1934 ΙΙ.
704 1881 988 1951 Tempore
1027 1882 1221 1934 autem
1264 1895 1441 1934 sacrae
1481 1875 1914 1933 communionis
1955 1893 2054 1932 sa-

2230 1877 2302 1933 B'.
2337 1879 2434 1950 Τῷ
2464 1874 2521 1932 δὲ
2550 1881 2726 1954 καιρῷ
2771 1883 2873 1946 τῆς
2923 1875 3068 1940 θείας
3110 1875 3405 1938 κοινωνίας
3457 1873 3750 1950 ἀνέρχεταί
3803 1875 3836 1929 6

402 1971 755 2026 cerdoscum
772 1969 1012 2040 reliquis
1027 1967 1257 2024 clericis
1282 1968 1524 2035 accedit,
1549 1967 1814 2022 divinum
1843 1982 2059 2022 munus

401 2061 670 2127 atterens,
713 2075 830 2130 quo
871 2058 1066 2126 allato,
1118 2057 1439 2128 imperator
1489 2056 1963 2114 communionem
1999 2056 2059 2110 in

405 2149 659 2204 oratorio
709 2148 942 2218 accipit,
993 2153 1051 2202 et
1102 2163 1374 2219 egressus
1428 2146 1804 2202 metatorium
1858 2145 2059 2201 intrat.

407 2242 722 2311 Postquam
761 2253 896 2292 vero
943 2235 1222 2291 omnibus
1280 2235 1656 2291 cubiculariis
1702 2251 1864 2291 sacra
1908 2249 2064 2290 com-

406 2329 612 2386 munio
653 2325 953 2399 impertita
995 2330 1103 2392 est,
1147 2325 1476 2380 sacerdotes
1515 2323 1751 2394 abeunt,
1784 2339 2062 2379 veneran-

409 2421 549 2475 dum
581 2417 803 2473 donum
844 2415 903 2470 in
946 2414 1322 2481 antimensio,
1361 2413 1517 2484 quod
1559 2417 1693 2468 ante
1741 2413 2061 2468 sacrarium

407 2524 586 2579 supra
617 2503 1018 2576 imperatorias
1041 2504 1261 2574 januas
1293 2507 1400 2571 est,
1431 2507 1744 2574 reponunt,
1777 2506 1834 2557 et
1875 2518 2064 2557 arces-

407 2597 505 2653 siti
553 2614 586 2650 a
632 2594 1050 2652 ceremoniario
1110 2592 1360 2664 patricii,
1411 2593 1648 2663 strategi
1699 2595 1755 2647 et
1803 2597 2063 2660 senatus,

407 2684 867 2750 communicant,
901 2681 1228 2738 sacerdotes
1259 2681 1331 2736 ad
1387 2681 1776 2753 peragendam
1809 2681 2065 2736 divinam

410 2774 707 2846 liturgiam
733 2773 967 2828 abeunt.
987 2770 1106 2834 Quo
1138 2771 1308 2836 facto,
1340 2770 1659 2840 imperator
1682 2785 1780 2841 per
1801 2769 2068 2825 catechu-

411 2879 583 2920 mena
604 2862 950 2933 digreditur,
985 2864 1042 2916 et
1062 2863 1370 2931 postquam
1395 2875 1454 2914 se
1476 2861 1546 2915 ad
1583 2858 1902 2915 triclinium
1926 2875 2066 2915 con-

412 2951 568 3020 tulit,
602 2965 734 3004 cum
763 2949 990 3016 amicis,
1024 2964 1166 3019 quos
1205 2947 1392 3002 vocari
1415 2948 1680 3018 jusserit,
1721 2949 2066 3004 venerandae

412 3056 627 3096 mensae
661 3054 779 3094 suae
817 3037 1054 3094 assidet.
1091 3038 1156 3094 Ut
1188 3054 1220 3093 a
1250 3037 1511 3092 convivio
1557 3039 1823 3109 surrexit,
1864 3037 2064 3094 tzitza-

412 3130 569 3186 cium
612 3128 826 3198 induit,
870 3132 928 3183 et
967 3144 999 3182 a
1039 3125 1307 3183 cubiculo
1348 3127 1658 3199 praefectis,
1700 3127 2068 3183 manclavitis

412 3237 479 3276 ac
527 3218 767 3292 reliquis
821 3217 1109 3273 ministris
1169 3217 1435 3290 stipatus,
1498 3234 1599 3289 per
1647 3217 2067 3274 catechumena

409 3309 642 3380 transit,
677 3307 1010 3378 hegumeno
1056 3309 1190 3362 ante
1246 3306 1658 3378 imperatorem
1701 3307 1772 3362 ad
1834 3311 2060 3378 portam

413 3414 598 3469 usque
629 3396 1183 3454 catechumenorum
1209 3397 1569 3452 incensante.
1594 3395 1911 3468 Egressum
1931 3396 2065 3451 inde

413 3491 833 3560 imperatorem
867 3485 1093 3557 patricii
1125 3490 1178 3542 et
1200 3487 1436 3558 strategi
1470 3487 1528 3541 in
1564 3502 1630 3542 ea
1660 3490 1847 3559 porta,
1872 3486 1929 3542 in
1955 3503 2067 3558 qua

413 3579 472 3634 in
525 3577 763 3633 introitu
814 3575 1190 3648 imperatoris
1237 3580 1663 3647 remanserant,
1713 3575 2007 3648 excipiunt
2049 3591 2064 3631 :

414 3667 512 3738 qui
553 3683 586 3722 a
629 3665 920 3738 praedictis
951 3667 1151 3721 eodem
1186 3665 1391 3720 ordine
1429 3665 1680 3737 stipatus
1714 3689 1728 3733 ,
1772 3682 1873 3736 per
1911 3665 2066 3720 anti-

413 3774 595 3830 quum
627 3767 914 3812 secretum
938 3764 991 3811 et
1014 3755 1232 3811 circum
1257 3756 1519 3819 discedit,
1548 3756 1803 3828 patriciis
1835 3757 2064 3812 interim

414 3849 481 3902 ad
510 3847 666 3920 scyla
690 3846 1150 3902 subsistentibus
1183 3846 1482 3916 faustaque
1513 3845 1562 3900 ci
1591 3848 2062 3917 apprecantibus.

414 3938 555 3994 Inde
604 3955 735 3993 cum
789 3935 1056 3992 cubiculo
1089 3934 1393 4007 praefectis,
1427 3935 1829 3992 cerimoniario
1878 3942 1935 3992 et
1986 3939 2068 3992 si-

413 4027 694 4083 lentiariis
709 4026 911 4082 transit
927 4025 1240 4080 triclinium
1253 4025 1598 4080 Justiniani.
1614 4026 2067 4084 Cerimoniarius

415 4122 611 4172 autem
643 4132 776 4171 cum
810 4115 1150 4171 silentiariis
1183 4119 1378 4170 manet
1407 4116 1465 4170 in
1507 4121 1674 4187 porta
1711 4115 1978 4185 lausiaci,
2011 4122 2070 4173 et

412 4207 607 4261 fausta
638 4208 1018 4277 apprecantes
1050 4203 1405 4260 comitantur
1433 4228 1447 4272 ;
1478 4208 1677 4276 postea
1709 4221 1741 4260 a
1775 4206 2068 4277 praefectis

411 4296 666 4352 cubiculi
692 4295 1087 4366 stipatus,per
1120 4293 1464 4366 tripetonem
1485 4309 1725 4350 aureum
1751 4294 2068 4351 triclinium

409 4384 738 4458 Ingreditur
785 4388 859 4452 et,
894 4386 1067 4439 exuto
1100 4382 1386 4452 tzitzacio,
1418 4383 1760 4438 veneranda
1793 4391 1845 4439 et
1875 4399 2066 4440 aurea

2173 1964 2346 2040 ἱερεὺς
2383 1966 2514 2041 μετᾶ
2560 1967 2647 2021 καὶ
2684 1965 2896 2022 λοιπῶν
2932 1966 3146 2042 ἱερέων,
3169 1964 3491 2046 προσφέρων
3530 1965 3593 2019 τὸ
3641 1964 3841 2036 τίμιον

2179 2050 2375 2131 δῶρον,
2415 2057 2504 2111 καὶ
2555 2054 2900 2121 εἰσελθόντος
2944 2060 3041 2112 τοῦ
3088 2055 3278 2131 ἱερέως
3333 2054 3467 2129 μετὰ
3495 2057 3591 2109 τοῦ
3638 2055 3832 2128 τιμίου

2173 2142 2380 2220 δώρου,
2439 2152 2692 2202 κοινωνεῖ
2749 2147 2778 2202 6
2841 2145 3095 2220 βασιλεὺς
3153 2145 3205 2200 έν
3253 2144 3334 2218 τῷ
3393 2144 3690 2218 εὖκτηρίῳ,
3742 2143 3840 2198 καὶ

2171 2231 2408 2302 ἐξελθὼν
2457 2234 2768 2311 εἰσέρχεται
2817 2235 2872 2290 έν
2928 2239 3008 2308 τῷ
3055 2234 3412 2309 μητατωρίῳ.
3449 2235 3842 2303 Κοινωνησαν-

2172 2343 2259 2386 τες
2312 2321 2368 2379 δὶ
2408 2325 2498 2380 καὶ
2550 2327 2601 2380 οἱ
2641 2329 2736 2381 τοῦ
2783 2323 3183 2380 κουϐουκλείου
3213 2321 3462 2391 ἅπαντες,
3495 2317 3839 2396 ἀπέρχονται

2175 2413 2226 2468 οἱ
2257 2414 2422 2487 ἱερεῖς
2453 2415 2546 2469 καὶ
2576 2416 2892 2488 προτιθέασι
2923 2415 2985 2470 τὸ
3015 2414 3200 2488 τίμιον
3231 2412 3408 2488 δῶρον
3460 2411 3512 2468 ἰν
3561 2416 3641 2484 τῷ
3682 2412 3842 2466 ἀντι-

2179 2502 2344 2575 μισίῳ
2400 2506 2481 2576 τῷ
2531 2498 2644 2559 ὄντι
2693 2503 2944 2560 ἀπέναντι
3001 2507 3098 2559 τοῦ
3157 2501 3551 2577 θυσιαστηρίου
3603 2499 3828 2575 ὕπερθεν

2173 2595 2281 2646 τῶν
2318 2591 2618 2668 βασιλικῶν
2650 2593 2862 2662 πυλῶν,
2891 2594 2982 2650 καὶ
3033 2592 3471 2668 προσκληθέντες
3522 2593 3572 2647 οἱ
3626 2590 3826 2665 πατρί-

2173 2702 2308 2748 κιοι,
2357 2683 2656 2759 στρατηγοί
2705 2704 2762 2739 τε
2800 2685 2893 2739 καὶ
2941 2686 2975 2754 ἠ
3027 2681 3343 2759 σύγκλητος
3388 2682 3538 2756 παρὰ
3582 2685 3678 2736 τοῦ
3726 2687 3830 2749 τῆς

2172 2771 2554 2837 καταστάσεως
2612 2778 2958 2842 κοινωνοῦσι,
3009 2775 3102 2828 καὶ
3151 2774 3252 2828 εἶθ’
3297 2771 3471 2835 οὕτως
3533 2771 3840 2846 κατέρχονο

2173 2881 2260 2916 ται
2311 2863 2361 2917 οἱ
2412 2863 2576 2937 ἱερεῖς
2615 2863 2753 2939 πρὸς
2801 2864 2863 2919 τὸ
2903 2862 3176 2918 ἐκτελέσαι
3224 2864 3324 2931 τὴν
3374 2861 3518 2926 θείαν
3569 2860 3844 2936 λειτουρ-

2173 2950 2318 3028 γίαν.
2353 2952 2450 3008 Καὶ
2497 2956 2597 3022 τῆς
2655 2953 2800 3016 θείας
2853 2952 3199 3030 λειτουργίας
3255 2951 3628 3022 τελεσθείσης,
3687 2948 3843 3028 διέρ-

2177 3061 2333 3119 χεται
2366 3041 2394 3095 6
2430 3041 2685 3116 βασιλεὺς
2719 3040 2807 3097 διὰ
2837 3047 2944 3098 τῶν
2984 3043 3464 3118 κατηχουμενίων,
3496 3041 3588 3097 καὶ
3636 3040 3845 3098 κατελ-

2177 3131 2282 3185 θὼν
2318 3129 2370 3185 ἐν
2397 3135 2478 3203 τῷ
2499 3129 2785 3206 τρικλίνῳ,
2819 3131 3096 3202 καθέζεται
3130 3131 3218 3187 ἐπὶ
3272 3138 3375 3202 τῆς
3422 3130 3587 3187 αὐτοῦ
3644 3131 3844 3204 τιμίας

2175 3221 2451 3294 τραπέζης
2512 3220 2646 3294 μετά
2692 3220 2781 3276 καὶ
2834 3220 3036 3299 φίλων,
3081 3222 3156 3276 ὧν
3202 3217 3261 3276 ἂν
3335 3217 3532 3295 κελευῃ
3583 3217 3839 3276 καλέσαι.

2180 3311 2536 3384 Κραματίσας
2594 3307 2651 3364 6‘s
2708 3311 2801 3365 καὶ
2861 3312 3110 3376 ἀναστὰς,
3150 3305 3546 3385 περιϐάλλεται
3603 3310 3666 3365 τὸ
3723 3316 3846 3380 τζι-

2173 3400 2418 3469 τζάκιον,
2448 3399 2538 3454 καὶ
2584 3396 3017 3476 δηριγευόμενος
3081 3401 3186 3455 ὑπὸ
3239 3405 3350 3456 τῶν
3398 3399 3680 3476 ἀρχόντων
3736 3404 3845 3454 τοῦ

2174 3485 2589 3563 κουϐουκλείου,
2621 3485 2983 3568 μαγλαϐιτῶν
3034 3511 3093 3545 τε
3121 3489 3213 3545 καὶ
3260 3489 3475 3546 λοιπῶν
3523 3489 3830 3558 οίκειακῶν,

2179 3578 2462 3656 διέρχεται
2521 3579 2609 3636 διὰ
2653 3585 2762 3635 τῶν
2807 3580 3291 3655 κατηχουμενίων.
3324 3581 3385 3638 Ὀ
3429 3576 3482 3634 δὲ
3517 3577 3830 3654 ἡγούμενος

2178 3675 2347 3744 θυμιᾷ
2395 3665 2706 3746 ἔμπροσθεν
2759 3674 2857 3725 τοῦ
2909 3670 3183 3744 βασιλέως
3231 3671 3401 3748 μέχρι
3457 3674 3560 3738 τῆς
3617 3665 3844 3740 65:106-

2179 3781 2277 3834 σης
2307 3761 2354 3798 ⁸⁷
2384 3760 2567 3832 πύλης
2617 3765 2724 3816 τῶν
2771 3761 3231 3836 κατηχουμενίων
3275 3761 3342 3816 ⁸³.
3379 3757 3729 3831 Έξελθόντος
3780 3754 3845 3812 δὲ

2173 3854 2270 3906 τοῦ
2306 3847 2577 3928 βασιλέως
2608 3851 2707 3920 τήν
2760 3849 2926 3918 αὐτὴν
2983 3849 3187 3921 πύλην,
3223 3849 3481 3926 δέχονται
3531 3849 3690 3903 αὐτὸν
3739 3867 3846 3902 πα·

2175 3939 2374 4016 τρίκιοι
2424 3939 2514 3994 καὶ
2583 3939 2877 4014 στρατηγοὶ
2926 3938 2978 3993 έν
3029 3943 3096 4013 τῇ
3139 3940 3280 4014 αὐτῇ
3333 3937 3508 4013 πύλῃ,
3560 3936 3613 3992 έν
3661 3938 3700 4008 ᾗ
3748 3937 3848 3992 καὶ

2178 4028 2388 4104 ἔμειναν
2423 4030 2474 4084 έν
2501 4031 2571 4102 τῇ
2603 4028 2793 4101 είσόεῳ
2840 4031 2937 4082 τοῦ
2986 4027 3282 4104 βασιλέως,
3329 4028 3421 4084 καὶ
3472 4025 3847 4102 δηριγευόμε-

2177 4140 2267 4182 νος
2299 4121 2327 4175 6
2361 4117 2618 4193 βασιλεὺς
2651 4119 2754 4174 ὑπὸ
2783 4122 2890 4173 τῶν
2941 4117 3358 4193 προειρημένων
3405 4117 3542 4174 κατὰ
3589 4118 3690 4186 τὴν
3741 4116 3847 4172 αὖ-

2176 4211 2276 4278 τὴν
2322 4209 2494 4279 τάξιν,
2528 4204 2808 4285 διέρχεται
2849 4205 2938 4262 διὰ
2985 4212 3094 4262 τῶν
3142 4205 3392 4263 παλαιῶν
3456 4208 3844 4282 ἀσηκρητειῶν

2178 4299 2266 4354 καὶ
2297 4302 2396 4354 τοῦ
2427 4295 2799 4371 ἱπποδρόμου,
2835 4297 2886 4351 οἱ
2920 4295 2978 4352 δὲ
3013 4297 3292 4371 πατρίκιοι
3347 4295 3600 4370 μένουσιν
3649 4294 3727 4357 είς
3776 4293 3845 4351 τὶ

2180 4385 2374 4460 σκῦλα,
2435 4386 2862 4462 ὑπερευχόμενοι
2923 4389 3018 4442 τὸν
3084 4384 3330 4462 βασιλέα.
3387 4385 3495 4442 Καὶ
3554 4385 3662 4440 ἀπὸ
3727 4387 3846 4440 τῶν

409 4493 627 4534 mensae
651 4493 772 4532 suae
793 4491 929 4532 cum
965 4475 1194 4543 amicis,
1228 4490 1371 4545 quos
1400 4490 1466 4529 eo
1493 4474 1589 4530 die
1612 4474 2059 4546 invitarijussit,

2172 4477 2352 4534 ’ἐκεῖσε
2403 4473 2836 4554 δηριγευόμενος
2883 4476 2911 4529 6
2974 4475 3230 4550 βασιλεὺς
3263 4475 3366 4530 ὑπὸ
3395 4478 3504 4530 τῶν
3550 4472 3848 4550 ἀρχόντων

409 4569 644 4626 assidet.
693 4568 761 4624 Et
802 4566 908 4622 hoc
948 4564 1376 4622 observandum
1419 4567 1526 4633 est,
1569 4564 1960 4637 patriarcham
1999 4582 2065 4624 eo

2175 4571 2271 4623 τοῦ
2327 4560 2723 4622 κουϐουκλείου
2779 4564 2869 4619 καὶ
2916 4568 3014 4620 τοῦ
3065 4567 3165 4635 τῆς
3225 4565 3633 4636 καταστάκεως,
3700 4563 3848 4636 μετὰ

1782 4721 2016 4780 VARI/ﬁ
2055 4724 2462 4783 LECTIONES.

483 4864 530 4900 εδ
559 4865 648 4920 καὶ
686 4860 864 4920 τελεῖν
894 4865 985 4922 ed.
1061 4862 1109 4898 ⁸⁷
1139 4861 1374 4940 ἀγοὺσης
1397 4862 1488 4921 ed.
1566 4861 1615 4898 ⁸³
1650 4864 2088 4940 κατηχουμένων
2120 4869 2248 4928 cod.

1465 5027 1666 5086 JOAN.
1697 5027 1844 5085 JAC.
1881 5029 2146 5087 REISKII
2174 5027 2766 5088 COMMENTARIUS.

483 5173 558 5245 (7)
590 5169 1032 5245 Latinicondire
1069 5171 1354 5228 ecclesiam
1395 5187 1498 5242 pro
1538 5172 1735 5245 θυμιᾷν
1763 5172 2057 5244 dicebant,

410 5243 604 5300 ut‘est
653 5244 710 5299 in
762 5243 897 5298 0rd.
953 5243 1194 5299 Roman.
1245 5261 1302 5316 p.
1357 5245 1463 5299 217
1515 5252 1572 5300 et
1614 5243 1895 5317 deinceps
1945 5243 2062 5302 fre?-

451 5323 670 5372 uenter.

407 5333 670 5388 quenter.

477 5390 552 5460 (8)
585 5390 667 5443 Ita
715 5387 790 5442 M.
819 5411 834 5454 ;
867 5386 916 5442 si
953 5386 1175 5458 integer
1203 5385 1391 5454 locus,
1423 5383 1912 5460 subintellivwc.

477 5458 554 5532 (9)
602 5463 711 5532 Pro
770 5462 1184 5530 παρακοπτικῷ,
1254 5476 1416 5516 more
1473 5458 1801 5514 Graecorum
1855 5475 2056 5516 recen-

404 5531 575 5596 tium,
619 5531 717 5602 qui
761 5551 800 5601 μ
830 5533 1047 5601 ubique
1088 5533 1380 5603 ingerunt,
1423 5532 1483 5584 in
1521 5535 1781 5603 fenestra,
1822 5547 1949 5602 quae.
1993 5533 2056 5586 in

402 5604 870 5676 sacriﬁcatorium
891 5603 1120 5674 despicit
1157 5602 1189 5658 ε
1215 5603 1666 5676 catechumeniis.
1701 5602 1845 5659 Nam
1885 5621 2057 5676 παρα-

402 5673 623 5730 κύπτειν
696 5679 786 5731 est
839 5673 1167 5747 prospicere.
1244 5678 1314 5730 Et
1371 5673 1550 5744 igitur
1616 5673 2051 5749 παρακυπτικόν,

2169 5175 2622 5247 prospectort'um,
2659 5175 2822 5230 locus
2873 5174 3030 5230 unde
3073 5173 3448 5246 prospicitur.
3510 5172 3842 5242 Pacbyme-

2170 5262 2264 5316 res
2322 5246 2457 5316 ΙΙΧ,
2495 5247 2554 5316 9,
2605 5245 2702 5306 τὰς
2761 5247 2866 5300 τῶν
2927 5243 3253 5316 οἰκημάτων
3314 5246 3730 5316 παρακοπτικὰς
3779 5245 3840 5316 ἐξ

2170 5264 2264 5302 res
2322 5264 2437 5312 1I.\,
2495 5264 2554 5309 ν,
2605 5265 2702 5306 τας
2761 5265 2866 5300 των
2927 5264 3253 5318 οικηματων
3314 5264 3730 5319 παρακοπτικας
3779 5264 3840 5316 εξ

2170 5315 2342 5392 ρπτῆς
2405 5315 2637 5371 πλίνθου
2683 5315 2784 5392 καὶ
2831 5315 3051 5373 τιτάνου
3116 5313 3664 5392 παρῳκοδομημένας
3732 5317 3843 5374 ha-

2168 5389 2285 5462 bet,
2332 5391 2601 5458 fenestras
2658 5390 2948 5462 domorum
2995 5406 3067 5446 ex
3121 5389 3267 5462 cocto
3315 5389 3515 5462 latere
3542 5395 3597 5446 et
3660 5405 3842 5462 gypso

2165 5461 2499 5530 adiﬁcatas,
2545 5463 2700 5534 apud
2743 5461 2826 5534 Du
2868 5463 3060 5534 Gange
3089 5461 3227 5534 iCPli
3267 5461 3481 5519 Christ.
3524 5462 3593 5525 ll.
3641 5461 3709 5534 p.
3737 5462 3842 5530 68,

2165 5537 2436 5606 antepen.
2471 5532 2569 5606 Yet
2595 5538 2687 5589 est
2715 5533 2890 5590 etiam
2925 5532 3310 5606 mmniannm,
3344 5532 3670 5606 projectum
3694 5547 3840 5592 cum

2164 5605 2439 5732 gﬁzgstra.
2473 5604 2596 5672 Yid,
2636 5606 2706 5661 ad
2750 5621 2808 5680 p.
2854 5606 2979 5678 142,
3027 5605 3124 5662 ubi
3169 5604 3462 5678 plura'de’
3496 5606 3606 5664 hoc
3649 5606 3839 5665 verbo

2207 5692 2314 5734 nco.
