4104 6408
326 256 443 318 323
1398 247 1928 316 CONSTANTINI
1974 245 2680 308 PORPHYROGENITI
3616 250 3743 312 32gl

315 389 610 446 scribones
641 397 695 444 et
735 387 1107 443 mandatores
1159 403 1294 444 cum
1344 386 1523 459 virgis
1559 385 1706 450 suis,
1757 397 1951 438 omnes

2079 395 2267 451 χοντες
2297 380 2395 431 τοῠ
2433 371 2930 432 κουκουϐουκλείου
2965 377 3101 449 μετά
3128 378 3306 446 πάσης
3345 384 3447 447 τῆς
3486 376 3746 452 συγκλή-

314 479 726 550 imperatorem
759 477 1034 549 utrinque
1056 477 1378 533 ambientes
1406 493 1420 543 ;
1453 476 1512 531 in
1546 474 1737 531 medio
1761 487 1951 529 eorum

2072 489 2188 534 του,
2243 470 2536 544 φοροῦντες
2588 466 2747 540 σαγία
2790 463 3046 538 ἀληθινὰ,
3096 466 3414 522 ἱππεύουσιν
3467 462 3568 538 ἔξω
3621 473 3736 522 τῶν

317 565 625 625 silentiarii
655 569 927 638 quatuor,
960 567 1154 639 virgas
1207 583 1416 623 aureas
1448 564 1698 638 gemmis
1729 563 1951 619 ornatas

2071 555 2353 632 κορτίνων,
2395 555 2484 610 καὶ
2535 555 2686 610 οὗτοι
2732 554 2824 628 μὲν
2878 555 2958 635 ἐφ’
3002 555 3187 612 ἳππων
3222 554 3605 632 δηριγεύοντες
3636 558 3736 612 τὸν

315 659 632 730 gestantes,
657 656 999 726 procedunt.

2078 644 2302 721 βασιλέα
2354 645 2489 718 μετᾶ
2533 642 2911 719 σιλεντιαρίων
2961 646 3048 700 καὶ
3097 645 3466 721 ἀποεπάρχων
3509 647 3597 700 καὶ
3630 650 3736 701 τοῦ

311 753 412 816 τῆς
461 745 840 809 καταστάσεως
887 744 1250 823 διερχομένου
1301 746 1352 802 ἐν
1404 748 1482 818 τῷ
1537 745 1685 819 μὲσῳ
1735 740 1825 797 καὶ
1875 741 2139 801 ἱστῶντος
2190 739 2289 807 τήν
2322 735 2668 813 προέλευσιν,
2701 737 2752 791 οἳ
2796 733 2852 790 δὲ
2881 733 3036 805 πεζδὶ
3098 738 3149 791 οἱ
3208 735 3590 813 δηριγεύοντες
3639 738 3740 793 τὸν

318 835 545 912 βασιλέα
587 836 720 892 εἰσὶν
782 837 974 892 οὗτοι·
1041 835 1331 911 σπαθάριοι
1406 835 1757 909 βαστάζοντες
1825 827 2134 905 διστράλια,
2187 831 2483 905 φοροῦντες
2551 828 2641 880 καὶ
2696 826 2764 881 τὰ
2829 826 3121 900 σκουτάρια
3168 826 3363 898 αὐτῶν,
3413 825 3742 884 κανδιδάτον

313 927 667 1001 βαστάζοντες
724 926 958 1000 ὁμοίως,
1005 921 1299 1001 σκρίϐωνες
1361 925 1449 980 καὶ
1516 921 1853 998 μανδάτορες
1917 919 2275 994 βαστάζοντες
2344 919 2411 971 τά
2482 914 2672 992 βεργία
2733 914 2928 986 αὐτῶν,
2995 915 3191 978 πάντες
3259 914 3317 972 δὲ
3380 915 3530 973 οὗτοι
3592 917 3744 974 ἔνθεν

304 1014 520 1071 κάκεῖσε
568 1012 923 1092 δηριγεῦουσι
970 1016 1062 1070 τὸν
1114 1013 1362 1092 βασιλέα,
1406 1013 1456 1068 ἐν
1511 1009 1568 1067 δὲ
1610 1015 1691 1083 τῷ
1746 1008 1894 1083 μέσῳ
1961 1007 2136 1062 άύτῶν
2207 1004 2562 1080 σιλεντιάριοι
2626 1003 2900 1079 τέσσαρες,
2961 1007 3321 1080 βαστάζοντες
3378 1012 3557 1084 χρυσᾶ
3615 1005 3742 1062 διά-

306 1102 435 1160 λιθα
470 1105 679 1180 βεργία,
714 1109 1010 1182 φοροῦντες
1046 1103 1208 1181 σαγία
1237 1103 1498 1170 ἀληθινά.

378 1198 446 1253 Il.
471 1199 557 1253 Ab
581 1197 674 1253 his
703 1199 1208 1268 omnibuspartim
1241 1195 1430 1268 equis,
1465 1193 1681 1267 partim
1717 1191 1951 1265 pedibus

2143 1187 2219 1244 B'.
2289 1185 2722 1261 Δηριγευόμενος
2773 1183 2830 1241 δὲ
2874 1186 2961 1241 ὑπ’
3011 1185 3185 1240 αὐτῶν
3231 1186 3450 1242 πάντων
3498 1187 3526 1242 6
3579 1189 3737 1263 βασι-

309 1287 589 1342 euntibus
646 1287 897 1358 stipatus
945 1287 1280 1358 imperator,
1317 1301 1414 1355 per
1441 1285 1654 1351 forum,
1701 1287 1951 1348 taurum,

2070 1275 2196 1339 λεὺς
2237 1277 2340 1332 ὑπὸ
2369 1296 2428 1332 τε
2457 1281 2634 1345 πεζῶν
2664 1276 2754 1330 καὶ
2790 1273 3070 1352 ἐφίππων,
3103 1274 3383 1351 διέρχεται
3415 1274 3505 1332 διὰ
3539 1299 3599 1332 τε
3626 1283 3734 1334 τοῦ

305 1374 800 1447 philadelphium,
847 1375 1034 1431 forum
1072 1374 1252 1446 bovis,
1285 1371 1672 1445 xer010phum
1705 1375 1762 1426 et
1785 1369 1951 1425 hexa-

2071 1369 2240 1445 φόρου
2271 1367 2361 1421 καὶ
2416 1370 2514 1421 τοῦ
2570 1365 2799 1442 ταύρου,
2846 1370 2942 1422 τοῦ
2997 1364 3384 1446 φιλαδελφίου,
3434 1371 3530 1423 τοῦ
3574 1369 3729 1444 βοὸς,

305 1465 562 1522 cionium
615 1464 848 1521 transit.
917 1466 1227 1536 Postquam
1294 1481 1425 1519 vero
1473 1463 1532 1517 in
1575 1460 1829 1527 trivium,
1864 1457 1951 1513 ubi

2066 1461 2164 1510 τοῦ
2195 1455 2508 1535 ξηρολόφου
2537 1455 2628 1510 καὶ
2679 1459 2776 1510 τοῦ
2821 1455 3144 1527 ἑξακιονίου.
3179 1452 3521 1513 Καταλαϐὼν
3567 1456 3626 1513 δὲ
3672 1457 3729 1514 ἐν

309 1553 592 1626 templum
635 1555 686 1608 S.
750 1553 996 1625 apostoli
1040 1553 1297 1609 Onesimi
1330 1555 1505 1607 situm
1538 1558 1645 1617 est,
1678 1547 1951 1622 pervenit,

2067 1549 2136 1620 τῇ
2170 1544 2394 1618 τριόδῳ,
2428 1543 2556 1608 ἔνθα
2586 1545 2613 1599 6
2645 1545 2771 1607 ναὸς
2817 1549 2914 1601 τοῦ
2961 1545 3156 1622 “Avien
3199 1545 3544 1603 Ἀποστόλου
3575 1548 3733 1619 Ὀνη-

302 1644 670 1699 dextrorsum
699 1643 1037 1710 deﬂectens,
1066 1659 1167 1715 per
1183 1643 1240 1698 S.
1261 1642 1464 1697 Jacobi
1497 1641 1683 1697 Persa:
1706 1637 1920 1694 transit
1947 1661 1951 1705 ς

2073 1635 2262 1709 σίμου,
2314 1634 2512 1690 ἐκνεύει
2572 1633 2716 1706 δεξιᾷ
2772 1635 2862 1690 καὶ
2909 1633 3186 1711 διέρχεται
3251 1634 3340 1691 διὰ
3389 1637 3486 1692 τοῦ
3538 1638 3724 1714 Ἀγίου

304 1732 441 1789 inde
459 1733 740 1804 templum
770 1737 826 1788 S.
854 1732 1125 1805 martyris
1158 1732 1326 1788 Mocii
1353 1733 1517 1804 petit.
1551 1730 1652 1787 60
1674 1727 1962 1801 Baptistc-

306 1821 456 1879 rium
491 1830 686 1879 autem
719 1822 1044 1895 ingressus,
1069 1821 1169 1877 ubi
1201 1822 1274 1877 ad
1289 1821 1476 1877 scalas
1507 1817 1801 1876 narthecis
1833 1833 1962 1889 per-

304 1911 465 1968 venit
493 1910 696 1983 ibique
729 1927 940 1968 manus
972 1911 1134 1980 lavit,
1195 1927 1299 1981 per
1355 1908 1692 1965 narthecem
1723 1905 1957 1975 transit,

304 1998 538 2070 patricii
559 2002 755 2055 autem
779 2006 832 2053 et
856 1997 1099 2070 strategi
1121 2014 1253 2053 cum
1287 2001 1487 2052 senatu
1523 2010 1699 2068 prope
1728 1997 1957 2066 portam

300 2087 365 2145 in
388 2087 683 2144 cochleam
717 2087 1023 2144 ducentem
1056 2088 1378 2152 adstantes,
1411 2085 1602 2141 fausta
1623 2080 1958 2154 imperatori

303 2193 373 2237 eo
424 2196 538 2250 quo
616 2177 875 2234 diximus
955 2177 1129 2233 modo
1188 2179 1595 2247 apprecantur.
1644 2172 1867 2229 Deinde
1923 2188 1957 2227 a

303 2267 592 2338 praefectis
637 2265 906 2323 cubiculo
938 2273 992 2322 et
1022 2263 1416 2337 imperatoriis
1462 2261 1776 2332 ministris,
1810 2259 1954 2317 ceri-

301 2357 589 2414 moniario
638 2361 694 2412 et
760 2354 1102 2411 silentiariis
1160 2354 1411 2422 cinctus,
1489 2369 1590 2424 per
1653 2350 1950 2408 cochleam

299 2447 583 2513 ascendit,
644 2444 900 2517 etpaulo
959 2444 1030 2499 ad
1089 2444 1393 2500 sinistram
1460 2441 1788 2508 declinans,
1850 2456 1953 2512 per

299 2535 718 2593 catechumena
751 2533 1043 2590 narthecis
1058 2534 1127 2588 ad
1152 2549 1328 2589 suum
1360 2530 1700 2588 cubiculum
1716 2530 1947 2594 transit,

301 2625 456 2696 quod
492 2625 814 2696 ingressus,
840 2622 1191 2679 dibetesium
1225 2622 1424 2676 allium
1461 2624 1664 2687 mutat,
1690 2617 1946 2675 eunuchi

294 2711 743 2785 protospatharii
802 2711 1089 2768 dibetesia
1162 2709 1292 2767 alba
1343 2713 1398 2766 et
1447 2709 1664 2765 sabana
1693 2711 1943 2778 mutant,

289 2819 548 2875 suosque
569 2801 1027 2876 spathobaculos
1049 2805 1106 2858 et
1121 2799 1365 2872 spathas
1387 2802 1701 2870 gestantes,
1729 2815 1762 2853 a
1779 2802 1942 2870 tergo

289 2892 682 2965 imperatoris,
705 2895 769 2948 ut
818 2891 965 2962 ipsis
993 2907 1118 2947 mos
1145 2893 1254 2956 est,
1291 2888 1633 2960 procedunt.
1685 2886 1944 2943 Cerimo-

2069 1720 2330 1784 Ἰακώϐου
2379 1729 2474 1780 τοῦ
2526 1725 2754 1800 Περσοψ
2809 1725 2914 1779 ἀπὸ
2957 1721 3012 1779 δὲ
3065 1729 3173 1780 τῶν
3212 1723 3383 1780 ἐκεῖσε
3423 1726 3728 1801 εἰσέρχεται

2066 1811 2119 1868 ἐν
2169 1819 2249 1886 τῷ
2297 1818 2479 1886 σεπτῷ
2508 1817 2620 1884 ναῷ
2648 1816 2744 1868 τοῦ
2787 1813 2976 1891 Ἀγίου
3014 1813 3290 1889 μάρτυρος
3320 1814 3573 1873 Μωκίου.
3605 1815 3735 1872 Εἰσ-

2066 1904 2240 1959 ελθὼν
2286 1901 2344 1958 δὲ
2386 1904 2413 1958 ὁ
2463 1901 2719 1978 βασιλεὺς
2751 1901 2801 1957 ἐν
2829 1909 2910 1975 τῷ
2954 1901 3188 1979 λουτῆρι
3221 1905 3312 1959 καὶ
3353 1901 3582 1960 διελθὼν
3630 1905 3732 1979 μὲ-

2063 2014 2161 2071 χρι
2207 1997 2315 2049 τῶν
2355 1990 2674 2070 γραδηλίων
2707 1997 2814 2048 τῶν
2847 1992 3228 2069 ἀνερχομένων
3272 1993 3326 2049 ὲν
3355 1998 3437 2068 τῷ
3461 1997 3726 2071 νάρθηκι,

2062 2084 2278 2140 κάκεῖσε
2343 2082 2662 2156 νιψάμενος,
2741 2079 3021 2158 διέρχεται
3100 2081 3190 2138 διὰ
3246 2088 3342 2139 τοῦ
3415 2085 3723 2159 νάρθηκος,

2062 2175 2274 2238 στάντες
2326 2170 2385 2228 δὶ
2441 2175 2492 2228 o't
2550 2174 2828 2248 πατρίκιοι
2885 2173 2974 2228 καὶ
3054 2174 3354 2250 στρατηγοὶ
3424 2177 3562 2248 μετᾶ
3618 2198 3726 2249 της

2061 2262 2371 2340 συγκλήτου
2429 2260 2664 2333 πλησὶον
2738 2269 2840 2332 τῆς
2896 2263 3225 2339 εἶσαγούσης
3272 2262 3456 2336 πύλης
3517 2266 3595 2328 εἰς
3625 2267 3724 2322 τὸν

2057 2351 2317 2429 κοχλίάν,
2361 2350 2687 2430 ἐπεύχονται
2716 2353 2808 2407 τὸν
2855 2352 3105 2426 βασιλέα,
3147 2350 3372 2417 ἕκαστος
3415 2356 3593 2410 αὐτῶν
3637 2357 3715 2420 ὡς

2055 2442 2397 2519 προείρηται.
2433 2443 2489 2496 Ὀ
2523 2438 2578 2496 δὲ
2621 2441 2874 2516 βασιλεὺς
2923 2439 3349 2517 δηριγέυόμενος
3383 2445 3484 2500 ὑπὸ
3514 2465 3572 2499 τε
3602 2449 3711 2500 τῶν

2053 2531 2334 2606 ἀρχόντων
2361 2534 2459 2585 τοῦ
2488 2525 2884 2585 κουϐουκλείου
2917 2531 3004 2585 καὶ
3041 2530 3342 2607 βασιλικῶν
3387 2533 3692 2603 οἷκειακῶν,

2050 2626 2148 2676 τοῦ
2176 2623 2276 2690 τῆς
2304 2620 2681 2682 καταστάσεως
2719 2640 2777 2674 τε
2832 2622 2922 2675 καὶ
2972 2619 3370 2695 σιλεντιαρίων,
3414 2622 3694 2698 ἀνέρχεται

2052 2706 2142 2764 διὰ
2187 2713 2284 2764 τοῦ
2332 2707 2592 2784 κοχλίου,
2659 2709 2748 2763 καὶ
2818 2710 3015 2785 μικρὸν
3069 2708 3324 2774 ἐκκλίνας
3395 2711 3706 2788 ἀριστερὸν,

2051 2795 2327 2872 διέρχεται
2363 2794 2451 2852 διὰ
2486 2802 2595 2852 τῶν
2635 2799 3096 2872 κατηχουμενίων
3148 2803 3242 2854 τοῦ
3289 2802 3564 2876 νάρθηκος
3613 2802 3709 2858 καὶ

2048 2886 2353 2962 εἰσέρχεται
2440 2886 2516 2949 εἷς
2589 2887 2682 2943 τὸν
2733 2893 2972 2942 κοιτῶνα
3051 2887 3236 2959 αὐτοῦ,
3295 2890 3384 2944 καὶ
3439 2889 3704 2957 εἰσελθὼν

291 2981 516 3037 niarius
547 2981 850 3052 ingressus
881 2979 1252 3050 [impositum
1301 2981 1518 3043 monet,
1549 2981 1783 3048 tempus
1815 2992 1942 3046 pro-

2057 2976 2392 3033 ἀπαλλάσσει
2424 2971 2745 3047 διϐητήσιον
2793 2977 3018 3053 ἅσπρον,
3060 2979 3111 3034 οἱ
3162 2977 3220 3033 δὲ
3268 2978 3525 3053 εὐνοῦμοι
3557 3002 3715 3056 πρωο

291 3069 573 3126 cessionis
591 3085 722 3124 cum
741 3067 1069 3141 patriarcha
1085 3067 1328 3136 instare,
1355 3066 1508 3139 quod
1537 3065 1938 3137 isimperatori

291 3159 536 3216 indicat.
568 3160 690 3226 Quo
722 3173 752 3214 e
783 3155 1051 3213 cubiculo
1083 3173 1189 3212 suo
1227 3156 1287 3213 in
1320 3155 1732 3212 catechumena
1771 3171 1946 3225 super

2051 3065 2406 3141 τοσπαθάριοι
2459 3067 2502 3102 ¹⁰
2549 3064 2957 3121 ὑπαλλάσσουσι
3029 3062 3326 3138 διϐητησια
3368 3066 3548 3146 ἅσπρα
3615 3072 3714 3127 καὶ

2053 3150 2282 3209 σαϐάνια
2335 3157 2462 3227 (35),
2518 3155 2868 3230 βαστάζοντες
2917 3155 3007 3211 καὶ
3051 3155 3118 3212 τὰ
3171 3153 3550 3215 σπαθοϐάκλια
3606 3162 3715 3216 αὐ-

1646 3252 1892 3308 VARUE
1933 3253 2349 3312 LECTIONES.

363 3359 407 3395 ιο
437 3355 764 3431 ἆσπαθάριοι
795 3356 888 3412 ed.
921 3358 978 3413 et
1007 3354 1092 3411 sic
1121 3353 1399 3426 deinceps
1441 3352 1661 3424 ubique

1344 3450 1547 3507 JOAN.
1587 3449 1731 3506 JAC.
1775 3449 2038 3508 REISKII
2080 3451 2675 3509 COMMENTARIUS.

293 3551 593 3612 consertae,
630 3546 731 3598 aut
763 3541 1096 3614 margaritis
1147 3541 1516 3614 intermixtis.
1577 3541 1699 3596 Non
1736 3540 1936 3614 infre-

291 3633 478 3688 quens
509 3615 702 3688 smalti
732 3612 1269 3688 ctam—altiti‘operis
1325 3613 1542 3688 mentio
1600 3612 1937 3688 apud_scri-

292 3682 490 3758 ptores
514 3686 685 3743 medii
707 3686 831 3758 mvi.
857 3685 1019 3742 Conf.
1040 3682 1131 3740 Du
1154 3686 1346 3758 Gange
1377 3684 1484 3758 h_ac
1506 3699 1641 3758 voce
1664 3683 1721 3738 in
1747 3682 1940 3758 G_loss.

295 3751 415 3815 Lat.
477 3766 530 3814 et
578 3759 638 3814 in
696 3757 891 3813 Graeco
924 3773 991 3829 4v.
1046 3751 1318 3829 Σμάγδοξ.
1358 3755 1485 3829 _lta
1536 3755 1693 3810 enim
1760 3754 1941 3829 Graeci

294 3831 612 3886 eﬂ'erebant
659 3846 760 3896 pro
810 3827 1052 3898 σμάλτος
1095 3821 1554 3898 δι’σμαγδόννειν
1616 3843 1718 3898 pro
1771 3822 1946 3896 σμαλ-

292 3904 438 3955 τοῦν.
473 3901 714 3956 Fallitur
737 3905 929 3955 tamen
944 3901 1031 3954 vir
1053 3900 1276 3964 doctus,
1308 3898 1466 3953 illam
1500 3913 1696 3953 vocem
1722 3915 1755 3952 a
1773 3898 1944 3954 multo

290 3973 382 4028 vel
409 3974 584 4029 malta
616 3978 898 4040 repetens,
948 3988 1074 4042 quae
1106 3970 1449 4042 architectis
1482 3969 1664 4025 solida
1692 3975 1943 4042 mentum

289 4048 474 4101 notet.
505 4041 798 4099 Maltahuc
827 4059 941 4098 non
965 4040 1233 4112 pertinet.
1251 4041 1518 4097 Estenim
1541 4041 1794 4096 Arabica:
1827 4040 1940 4097 ori-

293 4115 485 4188 ginis:
524 4116 699 4170 mala-t
750 4119 916 4170 notat
940 4122 1201 4170 caemento
1231 4113 1579 4188 consolidare
1609 4129 1849 4188 murum,
1884 4115 1942 4168 et

292 4184 471 4242 inata!
510 4194 859 4254 armentum,
894 4189 951 4241 et
987 4201 1160 4241 omne
1191 4184 1503 4255 malagma,
1529 4185 1683 4255 quod
1719 4190 1940 4240 struem

292 4258 558 4329 lapidum
581 4257 923 4321 consolidat,
939 4262 1326 4327 coagmentat.
1341 4257 1614 4329 Smaltum
1640 4261 1833 4312 autem
1851 4259 1941 4311 est

291 4327 698 4456 Ggrmalnicum
719 4329 1084 4397 vocabulum,
1118 4329 1389 4400 liquatum
1415 4327 1507 4384 vel
1537 4329 1806 4398 liquorem
1837 4343 1938 4400 χυ-

299 4421 339 4456 ιι
375 4419 493 4456 vno
523 4419 652 4456 ans.

298 4410 402 4475 μόν
420 4410 652 4475 notans.

361 4410 900 4543 laﬁgliirlﬁlligatur,
934 4471 1072 4543 quid
1118 4470 1238 4528 sint
1295 4469 1566 4544 χυμευταὶ
1615 4467 1786 4531 λίθων
1812 4487 1945 4596 χρρ-
1974 4401 2018 4466 D

361 4541 653 4596 χολλῆτων
702 4546 761 4596 in
812 4543 912 4596 illo
963 4543 1261 4596 Anastasii
1339 4543 1594 4596 Sinnius.
1646 4541 1799 4596 quod
1913 4556 1944 4596 ιι

293 4541 653 4614 σοκολλήτων
702 4534 762 4600 in
812 4534 912 4598 illo
951 4534 1261 4614 'Anastasii
1299 4534 1594 4614 "Sinnius,
1646 4541 1799 4612 quod

290 4617 486 4689 Cange
515 4609 612 4689 ad
647 4614 941 4689 χειμευτόν
975 4614 1149 4689 citat:
1203 4611 1264 4666 οὐ
1316 4612 1422 4689 γᾲρ
1471 4609 1536 4680 δὴ
1591 4609 1946 4689 χρυσοχρους

290 4635 486 4689 uange
515 4635 587 4673 aa
692 4635 941 4687 ειμευτον
975 4635 1149 4670 cum:
1203 4635 1264 4666 ou
1316 4635 1422 4686 γαρ
1471 4635 1536 4680 οη
1591 4635 1945 4684 χρυσοχοους

285 4688 438 4761 me;
478 4687 570 4761 καὶ
599 4635 930 4761 λῶουργοὺς
969 4684 1060 4761 καὶ
1091 4683 1410 4761 ,χειμευτάς
1447 4679 1945 4761 χρυσῇοκολλήτων

292 4753 465 4841 λίίξων
517 4753 914 4841 ἀπεργάσασθαι
945 4753 1328 4841 ’.βουλομένη
1352 4757 1396 4841 ἡ.
1445 4753 1656 4841 ξραφή¹
1680 4753 1783 4841 καὶ.
1819 4774 1946 4808 παι-

297 4826 529 4906 δεύουσα
556 4826 722 4883 ταῦτά
755 4849 909 4906 φησι.
944 4826 1094 4885 Sunt
1128 4826 1333 4906 procul
1365 4826 1542 4906 dubio
1566 4826 1944 4906 coloratores,

298 4902 579 4982 tinctores
607 4898 1014 4982 gemmarum;
1072 4898 1229 4956 unde
1270 4898 1666 4982 constat,_illa
1711 4915 1946 4982 quoque

297 4977 568 5041 tempora
608 4970 838 5029 novisse
870 4978 1026 5028 artes
1065 4987 1328 5043 gemmas
1385 4970 1772 5043 adulterandi.
1833 4971 1946 5024 Χυ-

304 5043 407 5114 μός
427 5042 644 5099 Οτωοὶε
673 5044 959 5114 liquorem
989 5041 1314 5100 coloratum
1349 5043 1410 5098 in
1442 5041 1859 5114 specienotat;
1893 5050 1949 5099 et

297 5113 437 5187 quia
461 5115 709 5188 chymiaa
739 5113 850 5171 hoc
879 5131 1030 5186 opus
1055 5119 1142 5188 est
1177 5115 1550 5188 metallorum
1569 5113 1948 5188 aliarumque

298 5186 500 5243 rerum
531 5186 754 5243 colores
778 5187 1137 5256 producendi
1167 5192 1224 5242 et
1252 5187 1539 5256 mutandi,
1568 5186 1700 5240 hinc
1732 5201 1947 5242 nomen

298 5261 408 5314 arti
434 5259 658 5315 mansit
709 5259 861 5328 quod
896 5258 1107 5314 Arabes
1137 5275 1243 5313 suo
1274 5258 1516 5315 articulo
1555 5258 1611 5312 al
1642 5262 1946 5323 auxerunt,

301 5331 460 5386 unde
491 5329 786 5402 alchymia
828 5333 1092 5402 nataest.
1133 5329 1259 5386 Vid.
1310 5330 1398 5387 Du
1457 5329 1650 5402 Gange
1670 5345 1721 5382 ν.
1756 5330 1951 5402 Inqui-

299 5402 593 5470 malizare,
627 5398 781 5472 quod
831 5399 979 5456 nihil
1009 5401 1166 5473 aliud
1200 5410 1308 5467 est,
1334 5418 1506 5473 quam
1542 5398 1948 5473 ἐγχυματίζειν.

375 5475 504 5531 Νοιι
551 5473 1027 5529 confundendum
1078 5472 1184 5528 hoc
1213 5472 1368 5543 opus
1389 5490 1520 5529 cum
1553 5488 1725 5543 Opere
1756 5473 1827 5528 de
1859 5473 1952 5527 ni-

293 5546 475 5617 gello,
511 5545 800 5602 caelatura
823 5545 1039 5617 specie,
1064 5559 1239 5617 quam
1271 5546 1444 5601 credo
1468 5544 1683 5601 Graecis
1716 5546 1954 5617 ignora-

294 5615 421 5689 tum
461 5633 704 5689 prorsus
729 5615 925 5673 fuisse.
962 5615 1402 5689 Vid.Ciampin.
1435 5618 1794 5689 Monument.
1830 5616 1951 5689 νει,

294 5692 338 5749 ι.
377 5688 425 5761 Ι,
463 5684 523 5764 p.
554 5691 644 5763 35,
679 5694 736 5746 et
765 5691 849 5746 Du
884 5690 1076 5762 Cauge
1096 5704 1152 5746 ν.
1182 5684 1464 5761 Nigellum
1507 5693 1564 5744 et
1617 5684 1825 5760 Μέλαν,
1857 5688 1957 5744 ubi

2047 3545 2242 3596 tamen
2276 3540 2338 3594 τὸ
2371 3539 2566 3615 μέλαν,
2593 3541 2744 3615 quod
2779 3541 3162 3615 Theophanes
3187 3549 3243 3601 et
3263 3545 3549 3603 Cedrenus
3573 3562 3699 3602 ms-

2056 3623 2308 3678 moranl,
2341 3630 2475 3669 cum
2513 3613 2625 3686 hoc
2654 3613 2866 3683 nigello
2899 3613 3133 3686 prorsus
3167 3617 3311 3673 nihil
3349 3619 3516 3674 habet
3545 3635 3705 3674 com-

2056 3700 2255 3754 mune,
2288 3686 2386 3740 sed
2437 3691 2526 3740 est
2574 3683 2852 3755 glastum,
2897 3683 3053 3757 quod
3103 3688 3444 3746 vulneribus
3489 3706 3594 3745 acu
3643 3691 3706 3744 in

2054 3772 2227 3833 carne
2257 3757 2782 3833 laetisinfricatur,
2815 3761 2871 3833 et
2903 3759 2987 3833 sic
3022 3758 3230 3833 sligma
3262 3761 3415 3816 facit.
3452 3761 3610 3833 Opus
3640 3761 3715 3817 de

2054 3828 2268 3900 nigello
2290 3829 2521 3884 videtur
2546 3844 2670 3884 esse
2687 3828 2885 3884 tabula
2908 3828 3228 3901 illaIsiaca,
3249 3833 3414 3904 vulgo
3431 3828 3716 3889 Be'mbina

2053 3899 2230 3956 dicta.
2257 3899 2496 3956 Taurini
2529 3905 2848 3956 asservata.
2874 3917 2940 3956 ex
2985 3901 3121 3956 illis.
3156 3920 3283 3956 ama
3315 3906 3386 3956 de
3433 3921 3501 3956 ea
3541 3905 3716 3956 Κενε-

2053 3905 2230 3967 dicta,
2257 3905 2496 3956 Taurini
2529 3905 2848 3966 asservata,
2874 3917 2940 3956 ex
2985 3905 3121 3970 illis,
3156 3920 3283 3974 qua)
3315 3906 3386 3959 de
3433 3921 3501 3960 ea
3541 3905 3716 3976 Keys-

2050 3969 2205 4026 lerus
2235 3975 2276 4026 t.
2311 3971 2332 4025 Ι
2367 3971 2564 4026 Itiner.
2604 3987 2736 4042 pag-
2762 3972 2864 4026 194
2887 3973 3108 4028 retulit.
3135 3975 3327 4030 Liceat
3353 3976 3496 4031 mihi
3520 3977 3716 4032 adhuc

2052 4058 2236 4097 unum
2274 4043 2496 4117 locum_
2517 4042 2630 4117 huc
2671 4045 3104 4117 quodammodo
3156 4048 3541 4117 pertinentem
3585 4047 3721 4102 illu-

2051 4119 2255 4186 strare.
2289 4113 2430 4186 Citat
2465 4113 2551 4168 Du
2584 4115 2780 4186 Gange
2813 4116 2868 4170 in
2900 4133 2952 4171 ν.
2987 4113 3170 4172 Macer:
3195 4117 3311 4174 haec
3339 4135 3368 4174 ε
3411 4117 3718 4174 Doubleto:

2053 4185 2338 4260 Leprhqnap
2377 4185 2451 4260 du
2499 4201 2596 4256 roy
2640 4185 2698 4240 S.
2724 4185 2935 4255 ’Louis,
2985 4187 3122 4243 dans
3166 4189 3341 4260 lequel
3385 4192 3431 4245 il
3479 4191 3722 4257 beuvor‘t,

2048 4259 2156 4328 [ait
2194 4257 2261 4311 de
2293 4256 2497 4332 Δηιαάνιι
2533 4273 2659 4332 aveo
2687 4273 2785 4313 son
2826 4261 3104 4332 convercle
3142 4256 3417 4316 (le—meme
3460 4264 3724 4332 malie‘re,

2049 4327 2229 4400 garny
2269 4327 2396 4383 d’un
2425 4327 2568 4416 .pjed
2596 4328 2847 4416 d’argenl
2885 4330 3038 4396 dore“,
3062 4340 3130 4416 _el
3159 4332 3360 4416 dfqu
3384 4334 3582 4416 niceluy
3617 4327 3718 4416 Ιιαξ

2051 4417 2180 4483 na_p,
2227 4416 2305 4454 au
2350 4399 2552 4455 milieu
2594 4399 2667 4455 du
2716 4401 2871 4469 lond,
2915 4418 2991 4457 un
3041 4405 3212 4460 émail
3260 4405 3322 4461 de
3360 4405 3520 4473 demy
3545 4399 3712 4461 ’νοηὰ

2054 4472 2213 4546 ζαιιίό
2237 4472 2301 4526 de
2332 4473 2498 4546 ﬂeurs
2527 4471 2592 4526 de
2622 4472 2857 4546 lysd’or
2893 4475 2932 4528 ὰ
2970 4475 3166 4546 champ
3214 4475 3422 4531 d’azur.
3461 4478 3722 4532 Vocabu-

2057 4543 2406 4627 lumﬂradre
2437 4543 2885 4627 estArabicum,
2919 4547 3101 4614 madr,
3129 4543 3364 4627 plebem
3405 4547 3491 4604 vel
3530 4548 3720 4604 bolum

2057 4615 2502 4691 significans,_et
2523 4615 2583 4691 in
2606 4616 2796 4691 specie
2820 4616 2982 4672 illam
3016 4615 3503 4688 praestantiorem,
3528 4635 3558 4676 e
3591 4636 3709 4691 qua

2057 4686 2397 4759 porcellana:
2429 4687 2596 4759 ﬁunt.
2629 4687 2740 4742 Sed
2775 4686 3108 4759 pergamus.

2127 4759 2244 4828 (35)
2271 4758 2528 4826 Sabana,
2561 4756 2988 4824 linteafsud—ori
3020 4765 3076 4815 et
3115 4759 3390 4818 sordibus
3435 4762 3598 4819 faciei
3633 4767 3722 4818 at-

2059 4827 2173 4900 que
2205 4845 2490 4907 manuum
2525 4827 3136 4907 abstergend_is.__‘_/id_._
3160 4834 3244 4887 Du
3274 4833 3480 4907 ~Gange
3519 4836 3716 4892 Gloss.

2059 4907 2326 4980 utroque.
2360 4901 2626 4980 Heinecc.
2652 4903 2764 4980 _Ill,_
2791 4903 2913 4980 138.
2947 4902 3014 4980 Ni
3043 4903 3233 4980 fallor,
3267 4905 3382 4974 jam
3412 4901 3554 4980 alibi
3576 4923 3724 4980 _mo-_

2059 4972 2183 5036 nui,
2216 4989 2415 5045 vocem
2450 4972 2601 5027 hanc
2633 4974 2892 5045 Arabicae
2925 4973 3170 5045 originis
3196 4972 3324 5032 esse
3353 4977 3496 5033 mihi
3539 4977 3722 5032 videri

2059 5047 2289 5118 saoyc‘m,
2319 5042 2386 5098 τὰ
2415 5042 2975 5118 ποτεθησαυρισμὲνα,
3005 5042 3070 5099 τὰ
3101 5044 3356 5118 ἀπόθετα,
3389 5067 3423 5104 a
3452 5052 3576 5115 δᾶη,
3610 5065 3718 5104 cu-

2058 5115 2315 5191 stodgvil,
2336 5117 2655 5186 praesertim
2689 5115 2908 5191 vestem
2943 5118 3000 5191 in
3033 5134 3167 5175 arca
3196 5136 3228 5174 a
3267 5115 3527 5191 pulvere,
3563 5121 3726 5177 fumo

2058 5196 2112 5243 et
2143 5187 2753 5263 sOrdibuscor2tacj.t_us2
2786 5187 3078 5257 Βαστόἱζειν
3090 5187 3344 5263 θιφορὲῖν
3359 5192 3725 5248 soletNosler

2059 5275 2211 5332 sape
2237 5260 2508 5332 jungere,
2540 5259 2758 5332 etillud
2793 5263 3031 5332 quidem
3065 5262 3204 5317 dicit
3233 5259 3306 5319 de
3337 5265 3518 5320 armis
3551 5269 3609 5320 et
3638 5280 3726 5320 re-

2060 5330 2194 5397 bus,
2228 5330 2566 5404 quazimanu
2597 5330 3164 5404 librata—gestantur,
3198 5338 3259 5389 ut
3289 5334 3590 5404 dextralia,
3627 5335 3716 5390 vel

2061 5419 2298 5477 secures
2346 5403 2655 5477 dextrales,
2689 5403 2891 5477 hastae
2951 5405 3038 5460 vel
3095 5404 3475 5471 hallebardre,
3523 5403 3719 5477 virgae,

2061 5473 2266 5545 quales
2311 5479 2448 5530 sunt
2503 5475 2874 5552 ostiariorum
2919 5479 3150 5552 ;φορεῖν
3195 5487 3387 5535 autem
3432 5480 3503 5535 de
3540 5473 3719 5552 rebus

2062 5553 2328 5620 usurpal,
2361 5563 2488 5620 quae
2521 5547 2579 5602 in
2614 5551 2672 5603 et
2711 5548 2781 5604 ab
2814 5548 2950 5620 ipso
2979 5547 3234 5620 corpore
3265 5555 3570 5618 gestantur
3608 5551 3719 5607 de-

2063 5619 2382 5692 pendentes
2413 5617 2617 5692 e_loro,
2642 5623 2744 5675 aut
2771 5619 3032 5692 aliunde,
3065 5617 3132 5676 ut
3157 5617 3392 5692 gladius
3422 5641 3454 5680 e
3483 5621 3721 5681 balthea

2061 5690 2418 5763 dependens.
2438 5689 2546 5746 Vix
2571 5707 2827 5764 unquam
2860 5691 2973 5748 vidi
3001 5689 3268 5750 Nostrum
3301 5693 3460 5754 hunc
3492 5711 3721 5755 morem
