4104 6442
352 281 479 344 3‘25

1278 294 1380 357 DE
1419 293 1871 357 CERIMONIIS
1914 290 2160 356 AULJE
2199 292 2680 355 ΒΥΖΑΝΤΙΝιΕ
2723 293 2872 356 LIB.
2920 297 2970 356 Ι.

3737 302 3855 364 326

368 422 502 486 τῶν,
562 424 888 497 φοροῦντες
951 422 1044 478 καὶ
1106 426 1180 481 τά
1236 426 1434 483 σπαθία
1508 425 1709 499 αὐτῶν,
1765 423 2074 502 διέρχονται

2189 427 2581 500 imperatoriis
2611 427 2793 499 portis
2826 427 3115 500 ingresso,
3145 429 3455 487 vestitores
3487 431 3715 489 intrant
3748 442 3850 490 tu-

391 509 603 564 Βπισθεν
638 514 751 565 τοῦ
802 512 1119 589 βασιλέως,
1168 516 1243 578 ὡς
1290 515 1516 572 εἴθισται
1546 515 1753 574 αὐτοῖς.
1786 515 1847 573 Ὀ
1888 512 1946 569 δὲ
1983 520 2082 584 τῆς

412 599 783 661 καταστάσεως
830 601 1105 667 εἰσελθὼν
1147 601 1314 675 δηλοῖ
1358 610 1437 678 τῷ
1482 602 1852 680 πραιποσίτῳ,
1894 603 1969 664 ὡς
2000 603 2084 659 ’ὁτι

423 690 620 768 ἤγγισεν
662 690 694 744 6
748 691 957 766 καιρὸς
1003 695 1107 757 τῆς
1159 690 1323 763 λιτῆς
1373 694 1510 767 μετά
1564 697 1662 749 τοῦ
1715 693 2084 769 πατριάρχου,

426 777 529 837 ὁδὶ
554 778 931 856 πραιπόσιτος
972 781 1236 846 εἰσελθὼν
1284 780 1451 855 δηλοῖ
1479 788 1558 857 τῷ
1608 782 1845 859 βασιλεῖ.
1886 785 1997 839 Τοῦ
2029 778 2087 837 δὶ

420 868 692 947 βασιλέως
732 868 1059 944 ἐξελθόντος
1104 870 1167 928 ἐκ
1200 877 1299 929 τοῦ
1349 877 1614 936 κοιτῶνος
1661 870 1832 927 αὒτοῦ
1873 871 1924 927 ἐν
1966 876 2084 934 τοῖς

411 961 891 1036 κακηχουμενίοις
943 962 1172 1038 ὕπερθεν
1222 967 1330 1019 τῶν
1382 961 1693 1038 βασιλικῶν
1732 959 1945 1033 πυλῶν,
1976 960 2080 1016 εἶσ-

412 1051 681 1127 έρχονται
729 1052 783 1107 οἱ
832 1054 1167 1129 βεστήτορες
1214 1053 1302 1109 καὶ
1352 1052 1771 1109 ὑπαλλάσσουσι
1808 1054 1908 1122 τὴν
1940 1048 2086 1126 χλα-

410 1139 539 1197 νίδα
588 1142 689 1197 τὸν
747 1140 1002 1217 βασιλέα,
1040 1143 1113 1197 τὰ
1160 1140 1219 1198 δὶ
1266 1141 1439 1198 ἐκεῖσε
1484 1143 1800 1219 κρεμάμενα
1851 1140 1998 1216 βῆλα
2029 1138 2081 1194 ἐν

406 1235 534 1294 τοῖς
580 1231 1061 1305 κατηχουμενίοις
1108 1226 1558 1308 κουϐικουλάριοι
1589 1235 1861 1290 ποιοῦσιν,
1895 1228 2081 1301 Ἐξελ-

408 1320 579 1384 θόντα
615 1317 676 1375 δὶ
702 1321 797 1375 τὸν
838 1318 1069 1395 βασιλέα
1094 1319 1156 1376 ἐκ
1191 1324 1300 1377 τῶν
1345 1320 1535 1397 βήλων
1581 1322 1672 1377 καὶ
1708 1317 2079 1397 δηριγευόμε-

403 1430 497 1464 νον
523 1411 571 1446 ίί
608 1410 721 1464 ὑπὸ
748 1414 859 1464 τῶν
890 1408 1178 1485 ἀρχόντων
1230 1414 1327 1466 τοῦ
1374 1405 1793 1481 κουϐουκλείου,
1826 1407 2078 1484 δέχονται

410 1499 589 1555 ἐκεῖσε
641 1494 751 1570 ἔξω
801 1502 901 1553 τοῦ
960 1498 1140 1573 βήλου
1191 1499 1471 1575 πατρίκιοί
1516 1520 1577 1555 τε
1626 1499 1718 1554 καὶ
1761 1499 2078 1573 στρατηγοὶ,

410 1592 493 1646 καὶ
546 1590 813 1653 πεσόντες
872 1588 1256 1666 προσκυνοῦσι,
1319 1591 1410 1646 καὶ
1458 1591 1601 1646 νεύει
1646 1592 1674 1646 6
1717 1588 2080 1667 πραιπόσιτος

403 1680 513 1736 ἄπο
541 1678 859 1744 κελεύσεως
887 1680 979 1735 τὸν
1030 1686 1130 1750 τῆς
1172 1679 1569 1751 καταστάσεως,
1618 1680 1866 1743 κάκεῖνος
1901 1676 2074 1755 λέγει’

2195 516 2509 589 nicamque
2537 515 2976 589 imperatoriam
3010 520 3260 587 mutant,
3289 517 3409 575 vela
3442 524 3634 577 autem
3667 522 3726 577 in
3759 539 3851 579 ca-

2194 606 2560 663 techumenis
2588 605 2931 662 cubicularii
2961 609 3332 679 suspendunt
3372 626 3795 685 egressumque
3818 629 3849 669 e

2196 696 2338 753 velis
2369 696 2778 769 imperatorem
2812 699 2869 753 et
2902 713 2934 752 a
2964 698 3249 768 praefectis
3272 698 3540 757 cubiculo
3562 701 3846 774 stipatum

2196 785 2424 859 patricii
2456 791 2512 842 et
2551 786 2787 857 strategi
2828 794 2987 842 extra
3015 786 3205 842 velum
3248 788 3547 861 excipiunt
3575 795 3633 846 et
3663 808 3845 864 prono

2194 875 2254 931 in
2305 879 2525 931 terram
2564 875 2728 930 vultu
2774 875 3023 931 adorant
3056 891 3069 930 :
3106 879 3451 948 praepositus
3491 896 3524 934 a
3564 882 3844 937 mandato

2195 964 2604 1023 cerimoniario
2639 965 2872 1036 signum
2908 966 3005 1022 dat
3034 968 3090 1021 et
3121 966 3264 1021 dicit
3296 983 3309 1021 :
3339 987 3367 1016 ιι
3396 966 3668 1036 δυθειεςι
3706 969 3791 1025 illi
3827 989 3841 1027 :

2195 1077 2223 1105 ι(
2254 1054 2318 1111 In
2350 1053 2536 1110 multa
2576 1054 2845 1126 bonaque
2881 1059 3167 1125 tempora,
3196 1079 3222 1110 ››
3256 1055 3603 1113 acclamant.
3638 1059 3728 1114 Sic
3770 1060 3842 1114 ab

2193 1144 2468 1201 omnibus
2496 1143 2727 1200 tunicas
2757 1143 2949 1199 aureis
2982 1147 3302 1215 segmenlis
3332 1146 3701 1217 gestantibus
3732 1150 3844 1203 sti-

2193 1239 2385 1306 patus,
2427 1250 2530 1306 per
2570 1233 2862 1289 cochleam
2905 1233 3223 1305 descendit,
3260 1235 3360 1291 ubi
3402 1236 3593 1308 ipsum
3636 1255 3841 1295 rursus

2192 1324 2251 1378 in
2284 1322 2644 1394 plenitudine
2673 1324 2802 1394 ejus
2824 1323 3054 1395 patricii
3078 1327 3134 1379 et
3149 1324 3383 1396 strategi
3407 1341 3541 1383 cum
3566 1326 3840 1385 universo

2190 1416 2398 1469 senatu
2449 1412 2766 1483 excipiunt,
2810 1417 2867 1468 et
2906 1416 3212 1483 postquam
3268 1429 3471 1471 omnes
3510 1413 3569 1470 in
3620 1419 3838 1474 terram

2188 1499 2583 1572 prociderunt,
2626 1498 2971 1571 praepositus
3013 1516 3047 1555 a
3094 1500 3361 1555 mandato
3405 1500 3724 1558 silentiario
3757 1503 3839 1560 si-

2186 1605 2364 1660 gnum
2413 1589 2550 1657 dat;
2602 1587 2697 1644 hic
2741 1588 2885 1644 dicit
2925 1604 2940 1644 :
2991 1608 3015 1637 ι
3055 1587 3303 1659 Jubete;
3358 1612 3386 1640 »
3435 1589 3547 1663 ipsi
3598 1591 3835 1664 pariter.

2188 1699 2217 1730 ιι
2252 1679 2314 1733 In
2346 1676 2531 1733 multa
2562 1677 2830 1749 bonaque
2859 1682 3130 1750 tempora,
3157 1700 3185 1729 »
3222 1680 3270 1735 ei
3305 1680 3654 1738 acclamant.

406 1796 437 1823 ιι
467 1770 814 1827 Κελεύσατε·
850 1795 879 1823 ιι
926 1771 1082 1826 αὐτοὶ
1136 1768 1195 1825 δὶ
1239 1770 1633 1849 ὑπερεύχονται
1680 1771 1766 1842 τὸ,
1821 1794 1849 1821 ιι
1894 1769 1989 1831 Εἰς
2040 1766 2288 1830 πολλοὺς
2337 1767 2427 1823 καὶ
2478 1766 2718 1844 ἀγαθοὺς
2750 1767 3002 1843 χρόνους.
3039 1790 3065 1821 ‹
3100 1768 3197 1825 Καὶ
3244 1766 3670 1848 δηιριγευόμενος
3730 1774 3835 1830 ὑπὸ

410 1861 619 1917 πάντων
649 1861 973 1939 φορούντων
1005 1861 1075 1915 τὰ
1102 1855 1456 1937 χρυσόταϐλα
1494 1862 1673 1916 αύοῶν
1708 1856 1989 1939 χλανίδια,
2022 1857 2345 1936 κατέρχεται
2384 1857 2476 1911 τὸν
2529 1854 2789 1935 κοχλιᾶν,
2823 1857 2913 1912 καὶ
2964 1855 3220 1936 δέχονται
3269 1860 3430 1914 αὐτὸν
3477 1860 3641 1916 πάλιν
3693 1863 3837 1918 ἐκεῖ-

409 1972 486 2022 σε,
526 1952 712 2027 ἤγουν
761 1950 815 2005 ἐν
864 1955 948 2023 τῷ
992 1950 1330 2027 πληρώματι
1373 1951 1472 2005 τοῦ
1518 1947 1784 2026 κοχλιοῦ,
1815 1949 2097 2023 πατρίκιοι
2146 1968 2204 2003 τε
2250 1945 2339 2001 καὶ
2401 1945 2698 2022 στρατηγοί
2745 1948 2836 2001 σὺν
2890 1947 3034 2021 πάσῃ
3073 1951 3144 2021 τῇ
3209 1946 3524 2022 συγκλήτῳ,
3565 1951 3654 2005 καὶ
3695 1954 3834 2007 πάν-

395 2063 505 2098 των
561 2043 872 2113 πεσόντων,
914 2039 1051 2096 νεύει
1094 2041 1124 2096 6
1172 2040 1534 2114 πραιπόσιτος
1581 2041 1688 2095 ἀπὸ
1735 2039 2034 2102 κελεύσεως
2081 2042 2161 2111 τῷ
2205 2038 2576 2115 σιλεντιαρίῳ,
2605 2038 2855 2101 κάκεῖνος
2905 2037 3077 2115 λέγει’
3117 2063 3144 2092 ιι
3198 2039 3498 2097 Κελεύσατε
3531 2061 3544 2075 ’
3596 2068 3625 2097 ››
3676 2044 3831 2102 αὐτοὶ

393 2128 453 2187 ὂὶ
479 2130 896 2209 ὑπερεύχονται
924 2148 938 2162 ·
977 2152 1005 2182 ιι
1038 2129 1133 2191 Εἰς
1164 2127 1417 2191 πολλοὺς
1449 2128 1539 2183 καὶ
1570 2127 1808 2204 ἂγαθοὺς
1836 2129 2093 2204 χρόνους.
2130 2150 2159 2179 ››

474 2222 545 2276 Γ.
596 2218 1050 2294 Δηριγευόμενος
1097 2216 1155 2274 δὲ
1202 2219 1230 2273 6
1275 2216 1530 2295 βασιλεὺς
1578 2218 1687 2273 ἀπὸ
1734 2222 1843 2273 τῶν
1875 2216 2068 2292 ἔκεῖσε,

2253 2219 2349 2275 ΙΙΙ.
2389 2220 2492 2275 His
2542 2219 2958 2277 comitantibus
2998 2220 3317 2294 imperator
3356 2239 3458 2295 per
3489 2225 3830 2285 narthecem

411 2308 683 2386 διέρχεται
736 2307 831 2364 διὰ
879 2313 979 2363 τοῦ
1027 2306 1321 2384 νάρθηκος,
1368 2310 1459 2363 καὶ
1508 2305 1737 2379 ἐξελθὼν
1778 2308 1879 2378 τήν
1912 2305 2071 2363 οὖσαν

404 2399 625 2474 ἄντικρυ
688 2404 805 2455 τῶν
878 2396 1181 2474 βασιλικῶν
1242 2396 1434 2453 πυλῶν
1491 2400 1590 2452 τοῦ
1651 2395 1891 2473 μεγάλου
1938 2399 2069 2451 ναοῦ

392 2489 604 2560 πύλην,
672 2486 1013 2562 κατέρχεται
1070 2488 1138 2542 τὰ
1183 2483 1480 2561 γραδήλια,
1548 2485 1639 2541 καὶ
1698 2484 1947 2548 ἐκκλίνας
2015 2485 2064 2555 ἐξ

382 2582 709 2653 ἂριπιρᾶς,
753 2575 1042 2652 ἒξέρχεται
1067 2578 1168 2646 τήν
1200 2574 1406 2649 πύλην,
1455 2574 1525 2630 δι’
1554 2575 1622 2645 ἧς
1651 2573 1885 2639 εἴθισται
1915 2575 2064 2647 αὐτῷ

386 2672 503 2725 καθ’
556 2669 800 2737 εκάστην
847 2665 1177 2740 προέλευσιν
1224 2662 1559 2741 διέρχεσθαι,
1605 2664 1696 2720 καὶ
1728 2665 1935 2735 ἀπαντᾷ
1963 2665 2063 2733 τὴν

395 2757 562 2829 λιτὴν
612 2756 668 2813 ὲν
713 2758 784 2829 τῇ
836 2757 1003 2830 μέσῃ,
1054 2754 1142 2810 καὶ
1181 2753 1323 2829 ἃψας
1371 2753 1577 2829 γηροὺς
1613 2754 1704 2809 καὶ
1746 2750 2060 2827 εῧξάμενος,

404 2852 707 2921 προσκυνεῖ
742 2847 835 2901 τὸν
882 2845 1073 2919 τίμιον
1124 2844 1214 2901 καὶ
1273 2844 1544 2914 ζωοποιὸν
1587 2846 1818 2919 σταυρὸν
1863 2842 1953 2897 καὶ
1999 2843 2061 2897 τὸ

407 2934 693 3010 ἄχραντον
737 2934 1083 3011 Βύαγγὲλιον,
1127 2933 1243 2990 εἶτα
1298 2934 1768 3008 προσκυνήσαντες
1826 2931 2063 3008 ἀμφότε-

396 3044 515 3101 ροι,
569 3023 608 3079 6'
660 3044 719 3078 τε
749 3023 993 3099 βασιλεὺς
1021 3022 1114 3079 καὶ
1163 3024 1191 3078 6
1239 3023 1610 3098 πατριάρχης,
1644 3019 1919 3097 διέρχεται
1958 3014 2061 3095 ἔμ-

392 3114 639 3189 προσθεν
699 3119 799 3181 τῆς
862 3111 1047 3183 λιτῆς,
1108 3108 1540 3186 δηριγευόμενος
1599 3109 1703 3165 61:6
1758 3113 1866 3165 τῶι
1922 3109 2059 3165 κατᾶ

398 3206 710 3274 συνήθειαν,
757 3200 847 3258 διὰ
890 3206 991 3259 τοῦ
1038 3200 1331 3277 λουτῆρος,
1388 3201 1481 3256 καὶ
1542 3197 1786 3256 ἀνελθὼν
1829 3202 1898 3256 τὰ
1944 3198 2058 3255 εἷσ-

399 3295 592 3367 άγοντα
640 3289 927 3368 γραδήλια
974 3290 1029 3346 ἐν
1069 3296 1148 3363 τῷ
1190 3290 1445 3365 νάρθηκι,
1486 3289 1787 3365 εἰσέρχεται
1838 3286 1914 3351 εἷς
1962 3288 2055 3343 τὸν

388 3382 546 3439 αὐτὸν
596 3384 855 3459 νάρθηκα
903 3382 995 3436 καὶ
1042 3379 1322 3450 καθέζεται
1366 3379 1455 3435 ἐπὶ
1495 3377 1721 3434 σελλίου
1762 3382 1971 3455 χρυσοῦ
2003 3376 2054 3447 ἐξ

380 3477 677 3551 ἀριστερᾶς
737 3481 843 3544 τῆς
893 3473 1220 3549 εἰσαγούσης
1277 3473 1385 3528 ἀπὸ
1451 3476 1561 3528 τῶν
1612 3471 1825 3547 βάθρων
1884 3472 2055 3545 μέσης

2179 2309 2412 2374 transit,
2436 2316 2489 2365 et
2519 2325 2549 2365 e
2579 2318 2744 2383 porta
2774 2310 2971 2382 magni
2995 2310 3195 2384 templi
3219 2312 3606 2383 imperatoriis
3636 2318 3831 2373 obver-

2178 2414 2245 2454 sa
2275 2398 2573 2471 prodiens,
2606 2416 2708 2472 per
2743 2401 2955 2469 gradus
2987 2401 3305 2473 descendit,
3343 2406 3401 2459 et
3431 2405 3499 2459 ad
3534 2404 3827 2463 sinistram

2175 2486 2499 2557 declinans,
2544 2504 2644 2559 per
2672 2494 2921 2561 portam,
2956 2507 3057 2561 per
3088 2507 3262 2561 quam
3309 2493 3504 2564 egredi
3536 2493 3595 2549 in
3636 2501 3829 2551 omni-

2174 2578 2287 2633 bus
2312 2577 2780 2647 processionibus
2801 2578 2968 2655 solet,
2993 2577 3128 2646 exit,
3158 2579 3218 2634 in
3247 2581 3436 2635 media
3467 2582 3825 2653 processioni

2174 2667 2447 2735 occurrit,
2490 2672 2547 2722 et
2577 2683 2709 2722 cum
2743 2667 2922 2723 cereis
2954 2666 3301 2724 ardentibus
3332 2677 3620 2741 precatus,
3654 2690 3826 2730 vene-

2173 2756 2416 2811 randam
2457 2759 2514 2811 et
2541 2755 2831 2811 viviticam
2874 2772 3101 2812 crucem
3145 2762 3528 2829 sanctumque
3566 2765 3822 2834 Evange-

2172 2843 2316 2899 lium
2348 2842 2572 2900 adorat.
2610 2842 2923 2914 Postquam
2962 2860 3095 2901 vero
3136 2844 3453 2917 imperator
3492 2851 3550 2904 et
3580 2850 3823 2920 patriar-

2172 2932 2282 2989 cha
2312 2948 2376 2988 se
2407 2931 2654 2990 invicem
2685 2934 3027 3000 adorarunt,
3060 2933 3156 2989 ille
3188 2951 3319 2990 cum
3355 2935 3601 2993 solemni
3634 2938 3818 2995 comi-

2170 3029 2290 3079 tatu
2343 3038 2443 3093 per
2474 3021 2881 3093 baptisterium
2930 3028 3065 3079 ante
3106 3024 3531 3095 processionem
3588 3029 3816 3095 transit,

2168 3115 2225 3168 et
2271 3118 2579 3183 postquam
2632 3127 2734 3183 per
2781 3109 2995 3167 scalam
3045 3114 3337 3169 narthecia
3385 3116 3667 3186 ascendit,
3715 3118 3811 3173 οι

2165 3201 2361 3274 ipsum
2394 3199 2728 3258 narthecem
2760 3199 2942 3256 intrat
2968 3200 3167 3273 ibique
3190 3203 3261 3258 ad
3283 3202 3586 3260 sinistram
3611 3205 3814 3263 medim

2167 3292 2367 3361 porte,
2412 3304 2538 3357 quae
2587 3304 2620 3343 a
2668 3286 2846 3343 scalis
2892 3287 3071 3357 ducit,
3119 3288 3178 3345 in
3230 3288 3369 3345 sella
3418 3308 3594 3347 aurea
3632 3293 3814 3364 sedet,

2166 3394 2356 3450 usque
2386 3377 2525 3432 dum
2559 3376 2891 3450 patriarcha
2926 3395 3060 3433 cum
3096 3379 3466 3450 processione
3494 3381 3810 3454 advenerit,

2165 3472 2530 3540 exspectans.
2582 3468 2701 3532 Quo
2747 3466 2917 3535 facto,
2967 3468 3111 3524 dum
3158 3470 3486 3526 veneranda
3532 3487 3669 3527 crux
3713 3488 3815 3544 per

373 3565 592 3636 πύλης,
625 3562 1009 3639 ἐκδεχόμενος
1056 3562 1253 3637 μέχρις
1304 3560 1365 3617 ἂν
1414 3557 1699 3636 καταλάϐῃ
1729 3562 1757 3616 6
1788 3560 2049 3637 πατριάρ-

2175 3556 2467 3613 sinistram
2502 3561 2727 3626 portam
2769 3555 2934 3612 scalae
2976 3557 3316 3630 ingressura
3346 3567 3454 3626 est,
3486 3562 3676 3632 surgit
3704 3560 3814 3618 im-

378 3676 487 3733 χης
518 3654 667 3729 μετᾶ
700 3653 889 3722 λιτῆς.
920 3653 1022 3709 Καὶ
1064 3652 1259 3707 τούτου
1299 3650 1593 3727 γινομένου
1622 3650 1711 3706 καὶ
1747 3648 2054 3725 μέλλοντος

384 3750 475 3799 τοῦ
533 3743 738 3817 τιμίου
798 3746 1032 3816 σταυροῦ
1092 3741 1432 3817 εἶσέρχεσθαι
1479 3743 1580 3811 τὴν
1628 3740 1908 3815 εὐώνυμον
1946 3744 2056 3797 τῶν

386 3833 716 3910 γραόηλίων
774 3830 981 3903 πύλην,
1033 3830 1308 3887 ἀνίσταται
1358 3832 1387 3886 6
1444 3829 1720 3907 βασιλεὺς,
1756 3830 1848 3886 καὶ
1896 3828 2054 3887 ἀνελ-

389 3925 572 3985 θέντος
605 3927 713 3977 τοῦ
745 3921 1093 3997 πατριάρχου
1123 3921 1190 3977 τὰ
1217 3917 1517 3996 γραδήλια,
1549 3920 1848 3996 ἂπέρχεται
1891 3921 1919 3975 6
1955 3920 2055 3996 βα-

390 4012 574 4074 σιλεὺς
617 4011 761 4084 μετᾶ
806 4014 906 4065 τοῦ
952 4010 1322 4086 πατριάρχου,
1366 4010 1458 4065 καὶ
1509 4010 1553 4047 ¹²
1593 4006 1841 4064 ἵστανται
1872 4008 2054 4089 ἀμφό-

383 4122 539 4177 τεροι
572 4100 627 4157 ἐν
663 4104 746 4173 τῷ
779 4096 925 4172 ούδῷ
958 4102 1004 4137 ¹³
1044 4103 1153 4155 τῶν
1208 4097 1508 4174 βασιλικῶν
1536 4098 1748 4168 πυλῶν,
1780 4098 1870 4153 καὶ
1902 4099 1929 4153 ὁ
1961 4099 2055 4172 μὲν

384 4191 660 4268 βασιλεὺς
694 4190 833 4265 ἅψας
859 4188 1065 4265 κηροὺς
1097 4186 1341 4264 εὔχεται,
1373 4189 1401 4245 6
1434 4186 1493 4245 δὲ
1525 4188 1875 4265 πατριάρχης
1906 4186 2056 4245 τελεῖ

376 4284 485 4352 τήν
539 4280 718 4356 εὐχὴν
774 4286 875 4349 τῆς
932 4275 1147 4334 εἰσόδου
1201 4285 1303 4348 τῆς
1354 4280 1501 4344 θείας
1549 4278 1913 4354 λειτουργίας,
1963 4278 2054 4333 καὶ

381 4371 690 4444 εὐξάμενος
723 4370 751 4424 6
786 4367 1041 4446 βασιλεὺς
1071 4366 1355 4425 ἐπιδίδωσι
1394 4369 1463 4425 τὰ
1509 4367 1678 4444 κηρία
1704 4369 1785 4441 τῷ
1815 4389 2056 4443 πραιπο-

392 4462 549 4532 σίτῳ·
580 4458 935 4529 τελεσθείσης
969 4456 1027 4513 δὶ
1055 4457 1145 4514 καὶ
1190 4466 1292 4528 τῆς
1344 4458 1519 4534 εὐχῆς
1554 4461 1619 4529 1⁸,
1672 4462 1964 4533 προσκυνεῖ
1991 4457 2053 4513 τὸ

398 4550 669 4623 ἄχραντον
724 4545 1061 4625 Εὖαγγέλιον
1124 4546 1214 4603 καὶ
1261 4546 1354 4603 τὸν
1408 4546 1594 4620 τίμιον
1650 4548 1898 4622 σταυρόν.
1948 4546 2055 4604 Καὶ

400 4633 809 4711 ἐπιλαϐομένου
836 4642 933 4692 τοῦ
969 4635 1243 4711 βασιλέως
1271 4642 1372 4707 τῆς
1421 4638 1612 4712 χειρὸς
1650 4637 1748 4692 τοῦ
1789 4636 2054 4712 πατριάρ-

391 4748 521 4802 χου,
555 4726 876 4802 διέρχονται
922 4727 1084 4799 μέσον
1133 4728 1231 4781 τοῦ
1277 4730 1409 4781 ναοῦ
1455 4727 1545 4781 καὶ
1595 4723 1683 4781 διὰ
1730 4728 1829 4795 τῆς
1878 4722 2052 4795 δεξιᾶς

2169 3650 2415 3719 perator,
2449 3650 2505 3700 et
2538 3646 2887 3701 ascendente
2920 3647 3245 3717 patriarcha
3288 3665 3390 3721 per
3425 3649 3667 3718 scalam,
3700 3651 3813 3707 im-

2166 3740 2394 3808 perator
2423 3751 2556 3791 cum
2591 3734 2923 3807 patriarcha
2955 3738 3191 3803 recedit,
3224 3743 3281 3793 et
3311 3740 3481 3795 ambo
3514 3741 3570 3796 in
3613 3740 3816 3799 limine

2162 3824 2668 3900 imperatoriarum
2705 3829 2999 3895 portarum
3042 3827 3392 3897 subsistunt,
3426 3828 3522 3883 ubi
3562 3830 3816 3903 impera-

2162 3920 2253 3974 tor
2282 3914 2516 3987 quidem
2564 3930 2699 3969 cum
2730 3914 2995 3970 accensis
3026 3917 3207 3971 cereis
3246 3920 3532 3988 precatur,
3567 3919 3814 3991 patriar-

2162 4005 2276 4062 cha
2315 4013 2507 4059 autem
2540 4016 2737 4073 preces
2776 4001 3050 4058 introitus
3080 4004 3262 4060 divini
3292 4006 3466 4062 ofﬁcii
3500 4008 3723 4076 recitat,
3758 4014 3814 4065 et

2163 4101 2430 4166 precatus
2479 4091 2795 4163 imperator
2823 4107 3017 4148 cereos
3048 4095 3358 4165 praeposito
3390 4096 3567 4152 tradit
3600 4114 3612 4152 :
3650 4097 3813 4153 finita

2163 4182 2516 4257 precatione,
2562 4183 2829 4236 sanctum
2876 4181 3252 4253 Evangelium
3302 4200 3365 4240 ac
3417 4188 3811 4244 venerandam

2164 4288 2393 4329 crucem
2434 4270 2656 4325 adorat.
2689 4267 2822 4325 Mox
2854 4270 3240 4343 patriarcham
3278 4290 3451 4330 manu
3506 4277 3814 4348 prehendit

2164 4377 2399 4435 unaque
2429 4376 2559 4415 cum
2592 4374 2658 4413 c0
2701 4373 2799 4429 per
2852 4360 3106 4417 medium
3138 4363 3421 4435 templum
3456 4368 3513 4420 et
3542 4367 3811 4423 dextrum

2164 4451 2431 4509 ambonis
2475 4448 2631 4504 latus
2676 4448 2893 4505 soleam
2943 4449 3144 4517 intrat,
3178 4455 3236 4507 et
3265 4454 3335 4508 ad
3368 4469 3559 4509 sacras
3596 4453 3811 4523 januas

2164 4540 2475 4613 progressi,
2506 4540 2837 4613 patriarcha
2876 4537 3224 4605 sacrarium,
3270 4558 3431 4612 aeque
3461 4558 3527 4597 ac
3558 4543 3811 4614 impera-

2162 4638 2273 4702 tor,
2326 4634 2636 4703 postquam
2688 4632 2958 4701 precatus
3013 4631 3102 4707 est
3149 4633 3207 4683 et
3256 4644 3452 4686 cereos
3502 4631 3810 4703 praeposito

2167 4721 2349 4788 dedit,
2394 4720 2740 4792 ingreditur.
2792 4716 3127 4775 Sacrarium
3184 4716 3545 4791 ingressuro,
3595 4724 3811 4777 metro-

380 4816 632 4892 πλαγίας
665 4820 762 4871 τοῦ
812 4810 1069 4888 ἅμὸωνος
1116 4814 1460 4894 εἰσέρχονται
1508 4817 1562 4871 ἒν
1611 4818 1681 4890 τῇ
1728 4813 1931 4886 σωλέᾳ,
1962 4812 2086 4884 καὶ,

2175 4811 2357 4888 politae
2387 4813 2625 4865 sanctas
2648 4809 2862 4878 juanas
2898 4823 2999 4878 pro
3034 4823 3192 4861 more
3222 4806 3528 4878 inclinant,
3562 4814 3619 4866 et
3648 4814 3810 4881 post-

383 4906 747 4962 ἀπελθόντων
781 4902 949 4983 μέχρι
993 4908 1101 4961 τῶν
1149 4904 1291 4981 ἁγίω
1322 4906 1523 4980 θυρῶν,
1571 4905 1599 4961 6
1653 4905 1746 4979 μὲν
1780 4904 2046 4981 πατριάρ-

2158 4918 2337 4977 quam
2369 4915 2569 4955 cruces
2598 4898 2681 4955 eis
2714 4897 2918 4953 afﬁxas
2941 4896 3225 4965 adoravit,
3251 4899 3573 4954 sacrarium
3608 4899 3807 4968 intrat,

1757 5054 2001 5111 VARi/E
2039 5049 2450 5109 LECTIONES.

462 5186 506 5222 ιι
538 5179 993 5259 δηρέγευομὲριίων⁸
1012 5180 1165 5259 c0d_.,
1199 5185 1253 5239 et
1285 5198 1417 5238 mox
1449 5176 1703 5259 δέχονται
1734 5180 1893 5236 αὑτὸν
1926 5178 2006 5236 ἐκ.
2086 5179 2132 5217 ¹²
2161 5178 2227 5233 τὰ
2258 5172 2535 5252 γραδήλια
2557 5204 2623 5215 —-
2652 5172 3021 5248 πατριάρχου,
3054 5172 3142 5227 καὶ
3173 5190 3290 5232 om.
3323 5175 3414 5231 ed.
3493 5176 3538 5212 1³
3580 5178 3648 5250 τῇ
3700 5173 3811 5250 ὁδῷ

384 5257 473 5312 ed.
561 5250 698 5308 η’δὲ
727 5250 827 5322 τῆξ
858 5250 1028 5327 εὐχῆς
1057 5256 1147 5309 ed.

1421 5402 1626 5459 JOAN.
1666 5401 1814 5459 JAC.
1857 5400 2128 5457 REISKII
2167 5392 2763 5456 COMMENTARIUS.

376 5533 673 5601 deserere.
712 5526 888 5584 Paulo
930 5529 1068 5583 ante
1106 5529 1304 5601 tamen
1339 5542 1396 5599 p.
1437 5525 1645 5601 59,_ait
1691 5525 2044 5601 βαστάζοντεξ

377 5597 698 5678 ὃιστράλια,
758 5600 1058 5678 φοροῦντι-ς
1106 5594 1197 5678 ani
1246 5594 1656 5678 :6:cx._00:a'pta
1691 5594 1906 5678 αὐτῶν,
1950 5598 2047 5678 ubi

382 5668 911 5750 exarandum
941 5670 1213 5724 videatur
1244 5668 1355 5726 dici
1404 5668 1675 5728 debuisse
1716 5670 1785 5726 de
1816 5672 1999 5727 scutis
2034 5686 2048 5739 ;

2159 5523 2274 5581 nisi
2305 5523 2449 5577 forte
2472 5533 2797 5594 non_manu
2831 5534 2898 5574 ea
2921 5517 3359 5594 libraverint,et
3378 5520 3590 5580 librata
3619 5527 3811 5594 gesta-

2160 5595 2368 5661 verint,
2403 5592 2501 5648 sed
2533 5607 2563 5647 e
2594 5588 2733 5646 loris
2760 5590 3153 5663 dependentia
3181 5608 3249 5649 ex
3279 5593 3564 5653 humeris.
