4104 6396
326 271 440 330 327

1403 265 1934 329 CONSTANTINI
1981 265 2678 328 PORPHYROGENITI

3623 259 3750 320 328

324 403 711 474 precatusque
738 399 1050 454 instratum
1077 397 1228 454 sacri
1256 396 1476 466 altaris,
1507 402 1572 453 ut
1592 399 1763 467 solet,
1781 403 1966 456 mutat

2085 417 2196 474 χης
2230 397 2533 473 εἰσέρχεται
2579 394 2656 457 εἷς
2703 395 2766 448 τὸ
2821 391 3230 466 θυσιαστήριον,
3291 389 3320 444 6
3379 386 3437 443 δί
3480 389 3745 466 βασιλεὺς

323 491 492 561 eique
524 487 933 560 apocombium
965 487 1230 558 imponit,
1263 491 1474 544 etcum
1510 487 1838 559 patriarcha
1871 504 1973 559 per

327 579 594 635 dextrum
626 575 864 632 sacrarii
905 574 1058 632 latus
1088 576 1158 632 ad
1201 581 1432 632 sanctas
1464 578 1682 648 januas
1721 576 1971 633 bematis

325 666 594 724 discedit.
629 670 852 724 Interea
899 667 1228 739 patriarcha
1275 667 1349 724 ad
1379 667 1792 724 celebrandum
1826 667 1970 723 divi-

324 775 466 815 num
501 757 758 813 ofﬁcium
800 757 861 814 in
893 757 1147 814 sacrario
1179 761 1397 827 manet,
1428 757 1746 831 imperator
1775 761 1970 814 autem

322 847 459 903 inde
515 862 811 920 egressus,
867 864 966 918 per
1025 847 1177 904 latus
1223 848 1479 920 gynaecei
1537 849 1769 918 transit,
1830 848 1971 904 dum

323 937 553 993 interim
604 935 834 1008 patricii
879 946 1039 993 extra
1083 941 1308 1010 portam
1343 937 1590 994 cochleae
1637 953 1771 993 cum
1821 942 1972 994 stra-

321 1026 491 1100 tegis,
524 1026 955 1094 cerimoniario,
997 1027 1338 1083 silentiariis
1395 1035 1448 1083 et
1506 1031 1734 1099 senatu,
1781 1028 1973 1084 fausta

323 1113 659 1184 imperatori
691 1114 1164 1185 apprecantibus,
1196 1115 1455 1172 adstant.

2084 486 2375 562 εὒξάμενος
2418 489 2508 543 καὶ
2558 484 2779 549 ἐπιδοὺς
2828 483 2908 557 τῷ
2956 482 3303 560 πραιποσίτῳ
3345 479 3474 545 τοὺς
3504 483 3738 554 κηροὺς⁹

2083 575 2405 652 εἰσέρχεται·
2455 576 2643 633 Ἠνίκα
2692 573 2750 629 δὲ
2803 572 2995 647 μέλλει
3050 572 3386 648 εἰσέρχεσθαι
3422 570 3497 632 είς
3541 571 3603 624 τὸ
3636 572 3739 624 θυ-

2083 670 2423 743 σιαστήριον,
2473 666 2852 743 ἐπιρῥέπουσιν
2914 665 2966 719 οἱ
3028 661 3432 738 μητροπολῖται
3480 663 3617 717 κατᾶ
3670 660 3740 717 τὸ

2081 751 2198 819 ἔθος
2229 759 2295 812 τὰ
2326 759 2452 832 ’ὰγια
2485 755 2643 831 θόρια
2696 756 2832 830 πρὸς
2882 755 2974 810 τὸν
3026 752 3273 830 βασιλέα,
3306 751 3394 806 καὶ
3424 753 3742 826 προσκυνή-

2081 867 2175 908 σας
2227 846 2254 900 6
2310 846 2564 921 βασιλεὺς
2606 847 2734 909 τοὺς
2783 845 2862 899 ἐπ’
2912 843 3102 904 αὐταῖς
3139 842 3527 917 πεπαρμένους
3573 861 3745 896 σταυ-

2083 934 2234 1008 ροὺς,
2283 936 2588 1011 εἰσέρχεται
2633 936 2708 998 εἷς
2761 936 2824 989 τὸ
2864 935 3270 1008 θυσιαστήριον,
3314 931 3404 988 καὶ
3449 931 3751 1005 εὐξάμενος

2083 1023 2398 1096 ὑπαλλάξας
2450 1027 2548 1096 τὴν
2596 1025 2752 1100 ἂγίαν
2804 1023 3096 1098 τράπεζαν,
3148 1023 3221 1084 ὡς
3287 1021 3512 1078 εἴθισται
3564 1020 3745 1093 αὐτῷ,

2080 1114 2291 1185 τίθησιν
2325 1115 2409 1170 ἐπ’
2440 1115 2579 1189 αὐτῇ
2627 1108 2978 1187 ἀποκόμϐιον
3024 1113 3115 1168 ναὶ
3161 1110 3434 1188 διέρχεται
3473 1109 3608 1184 μετᾶ
3634 1116 3741 1166 τοῦ

321 1199 665 1278 πατριάρχου
705 1198 794 1256 διὰ
839 1207 940 1271 τῆς
989 1199 1232 1278 πλαγίας
1279 1207 1376 1257 105
1426 1201 1813 1275 Θυσιαστηρίου
1863 1201 1922 1258 ἐκ
1971 1200 2160 1275 δεξιῶν
2214 1207 2381 1281 μέχρι
2429 1210 2538 1260 τῶν
2600 1204 2769 1282 ἁγίων
2837 1206 3014 1278 θυρῶν
3067 1207 3164 1258 105
3233 1204 3507 1277 βήματος.
3559 1201 3658 1256 Καὶ
3707 1202 3740 1256 ὁ

322 1290 419 1364 μὲν
461 1290 814 1364 πατριάρχης
865 1289 1011 1364 μένει
1061 1289 1111 1345 ἐν
1157 1294 1236 1362 τῷ
1285 1291 1656 1366 θυσιαστηρίῳ
1700 1291 1838 1367 πρὸς
1887 1291 1950 1347 τὸ
1997 1291 2274 1348 ἐκτελέσαι
2321 1295 2422 1364 τήν
2473 1293 2619 1357 θείαν
2670 1293 3038 1368 Λειτουργίαν,
3090 1293 3117 1346 ὁ
3169 1287 3225 1345 δὲ
3279 1288 3534 1365 βασιλεὺς
3581 1287 3745 1360 ἐξελ-

315 1380 423 1444 θὼν
480 1378 539 1434 ἐκ
579 1383 677 1434 τοῦ
727 1380 1116 1454 θυσιαστηρίου
1164 1377 1438 1456 διέρχεται
1493 1377 1580 1434 διὰ
1628 1386 1728 1449 τῆς
1778 1379 2019 1456 πλαγίας
2064 1385 2160 1436 105
2217 1382 2549 1457 γυναικίτου,
2583 1383 2636 1438 οἱ
2686 1380 2744 1437 δὲ
2792 1382 3070 1458 πατρίκιοι
3099 1378 3352 1436 τίστανται
3396 1373 3589 1451 ἔξωθεν
3637 1384 3746 1448 τῆς

313 1466 492 1536 πύλης
544 1471 642 1530 τῆς
697 1467 1018 1544 εἷσαγούσης
1061 1468 1137 1532 εἷς
1185 1470 1277 1524 τὸν
1328 1467 1565 1544 κοχλιὰν
1622 1469 1756 1543 μετὰ
1804 1474 2149 1548 στρατηγῶν,
2199 1479 2299 1542 τῆς
2345 1473 2722 1532 καταστάσεώς
2774 1492 2830 1527 τε
2877 1472 2969 1526 καὶ
3020 1468 3420 1543 σιλεντιαρίων,
3457 1467 3590 1542 μετὰ
3634 1475 3743 1539 τῆς

315 1557 624 1634 συγκλήτου
656 1558 1089 1634 ὓπερευχόμενοι
1119 1558 1211 1613 τὸν
1247 1557 1497 1633 βασιλέα.

387 1648 480 1703 IV.
515 1648 637 1714 Hic,
675 1666 708 1704 a
739 1649 1023 1721 prefectis
1055 1649 1310 1705 cubiculi
1344 1652 1400 1706 et
1430 1648 1823 1721 imperatoriis
1856 1649 1966 1704 mi-

2085 1649 2090 1655 ’
2147 1652 2219 1706 Δ’.
2270 1653 2328 1708 Ὀ
2379 1648 2435 1705 δὲ
2483 1651 2759 1726 βασιλεὺς,
2807 1649 3232 1728 δηριγευόμενος
3265 1648 3369 1704 ὑπὸ
3399 1669 3456 1703 τε
3495 1653 3603 1704 τῶν
3631 1647 3730 1724 ἀρ-

316 1737 522 1794 nistris
571 1738 848 1810 stipatus,
882 1755 982 1810 per
1025 1743 1311 1796 secretam
1362 1737 1660 1795 cochleam
1705 1739 1969 1796 ascendit

311 1833 368 1883 et
397 1826 707 1901 capellam,
740 1827 838 1884 ubi
868 1831 924 1884 et
954 1828 1212 1884 divinam
1242 1827 1542 1902 liturgiam
1575 1828 1846 1900 celebrat,
1878 1827 1970 1884 in-

310 1917 594 1989 greditur,
627 1917 851 1990 ibique,
875 1918 924 1974 si
956 1918 1066 1990 ipsi
1100 1917 1306 1990 placet,
1332 1917 1753 1991 patriarcham,
1780 1935 1970 1992 usque

313 2009 457 2063 dum
480 2010 736 2080 tempus,
755 2023 871 2079 quo
894 2024 1106 2065 mensae
1129 2008 1443 2078 accumbit,
1459 2007 1968 2082 appropinquavit,

315 2100 614 2170 exspectat
648 2113 663 2153 :
694 2097 786 2153 sin
821 2096 1039 2166 minus,
1071 2113 1175 2170 per
1213 2097 1681 2166 catechumenia,
1715 2115 1748 2154 a
1797 2097 1970 2153 dictis

316 2186 588 2258 stipatus,
621 2187 834 2242 transit
859 2203 1154 2258 suumque
1191 2186 1525 2243 cubiculum
1557 2187 1722 2258 petit.
1749 2193 1972 2259 Appro-

312 2274 640 2348 pinquante
689 2275 933 2332 convivii
967 2279 1254 2348 tempore,
1290 2276 1498 2332 iisdem
1531 2275 1968 2343 comitantibus,

309 2382 340 2422 e
371 2366 646 2423 cubiculo
668 2367 742 2424 ad
765 2366 1230 2436 catechumenia,
1253 2367 1357 2422 ubi
1385 2375 1439 2422 et
1457 2367 1792 2424 veneranda
1815 2383 1974 2423 men-

314 2471 380 2512 sa
409 2473 517 2512 sua
548 2461 688 2525 stat,
727 2455 1010 2529 procedit.
1039 2457 1139 2513 02
1177 2455 1488 2512 Invitatum
1539 2458 1609 2512 ad
1645 2457 1970 2513 convivium

316 2545 712 2616 patriarcham
761 2545 1012 2618 preteeti
1045 2544 1313 2603 cubiculo
1354 2563 1486 2602 cum
1527 2545 1899 2603 cubiculariis
1940 2562 1973 2602 a

318 2635 596 2690 mandato
627 2633 686 2691 in
719 2635 971 2701 cochlea,
1000 2652 1100 2706 per
1129 2651 1305 2707 quam
1341 2636 1597 2706 primum
1630 2635 1969 2708 imperator,

319 2728 632 2794 antequam
682 2725 1073 2797 processionis
1121 2731 1358 2796 tempus
1397 2729 1655 2795 venerat,
1690 2729 1971 2781 ascende-

317 2817 431 2884 rat,
455 2814 751 2885 excipiunt
772 2829 1026 2886 eumque
1049 2829 1153 2886 per
1179 2814 1601 2871 catechumena
1632 2815 1928 2871 adducunt
1955 2830 1969 2868 :

320 2903 624 2975 ingressus
671 2919 804 2960 cum
837 2904 1189 2975 imperatore
1218 2908 1511 2960 versatur.
1545 2905 1766 2960 lntrant
1796 2903 1971 2960 etiam

316 2993 650 3048 sacerdotes
680 2999 732 3048 et
765 2992 1022 3049 stichum
1066 2992 1312 3060 faciunt,
1343 2996 1695 3065 acceptoque
1719 2993 1970 3065 patriar-

315 3082 436 3140 chm
485 3083 845 3156 omophorio,
891 3088 1143 3154 exeunt;
1193 3084 1507 3156 imperator
1546 3089 1603 3140 et
1647 3084 1971 3156 patriarcha

313 3187 529 3228 mensa:
560 3172 841 3229 assident.
867 3173 973 3240 Qui
1005 3177 1316 3244 postquam
1348 3173 1550 3241 semel,
1574 3178 1640 3229 ut
1667 3173 1808 3245 ipsis
1841 3190 1968 3231 mos

313 3265 421 3329 est,
454 3264 660 3335 potum
705 3277 1032 3334 sumpsere,
1068 3262 1287 3317 intrant
1336 3261 1530 3329 amici,
1579 3262 1968 3334 omnibusque

313 3365 531 3407 mensa
579 3350 792 3406 ritibus
840 3349 1102 3420 servatis,
1151 3353 1398 3422 surgunt
1445 3353 1503 3406 et
1544 3351 1964 3422 egrediuntur;

311 3455 447 3496 mox
487 3439 805 3513 imperator
841 3455 1072 3511 quoque
1121 3441 1178 3494 et
1208 3437 1557 3510 patriarcha,
1590 3438 1692 3511 qui
1741 3453 1968 3495 reman-

310 3531 528 3597 serant,
551 3545 583 3584 a
605 3529 887 3597 convivio,
913 3532 1216 3599 postquam
1241 3527 1433 3583 adhuc
1457 3527 1636 3584 semel
1661 3528 1959 3598 biberunt,

309 3623 579 3690 surgunt.
629 3619 726 3674 Sic
785 3620 1164 3689 posteaquam
1216 3632 1278 3672 se
1325 3615 1572 3672 invicem
1623 3617 1959 3684 adorarunt,

307 3706 639 3778 patriarcha
691 3706 1005 3778 egreditur,
1035 3722 1210 3776 quem
1267 3705 1341 3760 ad
1391 3706 1606 3762 dictam
1666 3705 1960 3762 cochleam

309 3796 568 3867 praefecti
595 3794 861 3852 cubiculo
892 3795 1248 3851 conducunt.
1275 3794 1600 3867 Imperator
1629 3811 1660 3850 a
1692 3795 1962 3852 cubiculo

309 3884 594 3955 praefectis
648 3888 705 3940 et
762 3883 1152 3954 imperatoriis
1213 3883 1500 3939 ministris
1559 3884 1833 3956 stipatus,
1886 3885 1957 3940 ad

308 3989 483 4028 suum
528 3972 868 4030 cubiculum
899 3972 1035 4041 abit,
1069 3980 1300 4044 tempus
1338 3973 1727 4046 processionis
1758 3991 1960 4046 exspe-

307 4066 494 4140 ctans.
545 4064 667 4128 Quo
720 4061 1243 4135 appropinquante,
1293 4079 1323 4120 e
1383 4063 1650 4122 cubiculo
1719 4082 1826 4121 suo
1886 4065 1956 4121 ad

306 4151 726 4209 catechumcna
748 4167 926 4224 super
946 4153 1353 4224 imperatorias
1377 4157 1570 4225 portas
1593 4154 1734 4223 abit,
1759 4154 1959 4227 ibique

304 4247 543 4311 vestem,
571 4257 747 4312 quam
781 4241 886 4298 hoc
918 4241 1158 4299 induere
1190 4241 1333 4300 festo
1365 4243 1527 4313 solet,
1562 4244 1780 4300 sumit:
1815 4262 1957 4316 prae-

307 4331 532 4402 positus
562 4331 768 4387 tiaram
804 4331 982 4402 capiti
1015 4332 1137 4402 ejus
1167 4331 1438 4404 imponit,
1471 4332 1595 4405 ipse
1623 4350 1654 4388 a
1687 4333 1955 4391 cubiculo

2083 1741 2300 1815 χόντιυν
2342 1745 2438 1796 105
2468 1737 2861 1797 κουϐουκλείου
2907 1741 2995 1795 καὶ
3047 1746 3155 1795 τῶν
3211 1736 3510 1816 βασιλικῶν
3539 1739 3740 1794 οἰκεια-

2081 1833 2216 1901 κῶν,
2248 1829 2534 1906 ἀνέρχεται
2567 1828 2656 1885 διὰ
2700 1836 2796 1885 105
2834 1835 3102 1904 μυστικοῦ
3148 1828 3390 1908 κοχλιοῦ
3441 1828 3531 1882 καὶ
3562 1827 3742 1900 εἰσερ-

2082 1940 2237 1995 χεται
2271 1919 2348 1985 είς
2392 1921 2455 1976 τὸ
2502 1921 2920 1996 παρακυπτικὸν
2983 1923 3120 1994 (36),
3179 1917 3306 1984 ἔνθα
3333 1918 3421 1974 καὶ
3460 1920 3559 1987 τὴν
3593 1919 3748 1973 θείαν

2083 2006 2429 2086 λειτουργίαν
2486 2009 2656 2065 τελεῖ·
2717 2009 2806 2064 καὶ
2866 2010 2912 2064 εί
2972 2011 3068 2083 μὲν
3125 2007 3338 2064 κελεύει
3377 2010 3404 2063 6
3453 2005 3742 2084 βασιλεὺς,

2082 2096 2365 2174 ἐκδέχεται
2417 2097 2586 2154 ἐκεῖσε
2633 2100 2724 2154 τὸν
2774 2099 3146 2175 πατριάρχην,
3203 2094 3398 2173 μέχρις
3449 2096 3508 2152 ἃν
3566 2117 3742 2152 κατα-

2083 2182 2227 2261 λάϐῃ
2259 2191 2357 2242 105
2388 2183 2716 2260 ἆκουμϐίσαι
2750 2190 2865 2261 (37)
2895 2187 3056 2242 αὐτὸν
3103 2186 3155 2242 ἐν
3207 2191 3274 2261 τῇ
3305 2185 3563 2262 τραπέζῃ,
3598 2185 3649 2240 εἷ’
3683 2181 3742 2240 δὲ

2086 2277 2161 2350 μή
2195 2296 2280 2352 γε,
2309 2273 2584 2354 διέρχεται
2609 2273 2698 2332 διὰ
2725 2281 2835 2332 τῶν
2864 2274 3348 2353 κατηχουμενίων,
3375 2273 3736 2352 δηριγευόμε-

2082 2385 2173 2426 νος
2231 2365 2333 2420 ὑπὸ
2404 2370 2512 2420 τῶν
2570 2366 2978 2441 πρειρημένων,
3039 2365 3129 2421 καὶ
3189 2365 3485 2440 ἀπέρχεται
3545 2363 3596 2418 ἐν
3656 2369 3737 2437 τῷ

2081 2457 2304 2509 κοιτῶνι
2339 2452 2521 2509 αὐτοῦ.
2564 2453 2754 2512 Ἢνίκα
2804 2452 2861 2510 δὶ
2906 2449 3190 2528 καταλάϐῃ
3221 2455 3249 2509 ὁ
3277 2457 3374 2509 τοῦ
3416 2453 3735 2526 κλητωρίου

2082 2542 2290 2618 καιρὸς,
2339 2541 2615 2618 ἐξέρχεται
2656 2544 2683 2596 ὁ
2737 2541 2996 2618 βασιλεὺς
3046 2542 3152 2597 ἀπὸ
3199 2546 3294 2598 τοῦ
3342 2546 3604 2604 κοιτῶνος
3629 2540 3725 2594 αὖ·

2080 2634 2198 2701 τοῦ,
2235 2629 2664 2708 δηριγευόμενος
2697 2632 2784 2687 ὑπ’
2817 2631 3012 2702 αὐτῶν,
3059 2631 3150 2686 καὶ
3197 2632 3500 2710 ἀπέρχεται
3531 2630 3583 2686 ἒν
3611 2635 3728 2692 τοῖς

2081 2721 2567 2795 κατηχουμενίοις,
2618 2719 2670 2775 ἐν
2715 2723 2796 2784 οἷς
2839 2721 2928 2776 καὶ
2977 2723 3012 2790 ἠ
3064 2722 3225 2795 τιμία
3255 2722 3494 2796 τράπεζα
3517 2718 3738 2775 ’ίσταται

2083 2810 2272 2866 αὐτοῦ.
2334 2814 2432 2865 Καὶ
2491 2807 2559 2879 δή
2617 2805 3026 2872 καταλαϐόντος
3083 2815 3182 2866 τοῦ
3239 2810 3589 2886 πατριάρχου
3629 2808 3741 2865 ἀπὸ

2081 2898 2501 2974 προσκλήσεως,
2547 2897 2798 2974 δέχονται
2850 2897 3008 2954 αὐτὸν
3053 2896 3322 2974 ἄρχοντες
3353 2903 3452 2954 105
3487 2893 3737 2954 κουϐου-

2081 2987 2273 3042 κλείου
2319 2987 2455 3061 μετά
2495 2984 2972 3064 κουϐικουλαρίων
3008 2989 3050 3024 ³⁵
3089 2987 3195 3044 ἀπὸ
3242 2987 3544 3048 κελεύσεως
3575 2986 3628 3043 ἐν
3657 2993 3743 3061 τῷ

2081 3077 2310 3153 κοχλιᾷ,
2358 3076 2428 3133 δι’
2478 3079 2540 3134 οὗ
2581 3078 2816 3148 ἀνῆλθεν
2860 3080 2887 3136 6
2933 3077 3192 3154 βασιλεὺς
3236 3078 3288 3134 ἐν
3339 3079 3585 3155 πρώτοις
3632 3081 3746 3156 πρὸ

2077 3173 2175 3224 105
2226 3166 2553 3224 καταλαϐεῖν
2605 3170 2706 3238 τήν
2776 3167 2960 3242 λιτὴν,
3015 3169 3106 3226 καὶ
3155 3171 3522 3249 ἀποφέρουσιν
3572 3170 3740 3226 αὐτὸν

2077 3255 2165 3312 διὰ
2195 3259 2302 3312 τῶν
2331 3259 2792 3337 κατηχουμένων,
2823 3262 2912 3314 καὶ
2955 3258 3214 3315 εἰσελθὼν
3248 3261 3457 3316 ἑνοῦται
3504 3263 3584 3334 τῷ
3630 3262 3731 3337 βα-

2075 3345 2241 3403 σιλεῖ.
2275 3345 2634 3421 Εἰσέρχονται
2683 3345 2741 3402 δὲ
2796 3348 2886 3402 καὶ
2937 3349 2990 3403 οἱ
3039 3350 3201 3424 ἱερεῖς
3248 3349 3338 3404 καὶ
3378 3354 3598 3405 ποιοῦσι
3632 3351 3731 3406 τὸν

2075 3435 2291 3511 στίχον,
2316 3436 2406 3491 καὶ
2440 3431 2696 3500 λαϐόντες
2747 3437 2799 3492 οἱ
2837 3437 2992 3493 αὐτοὶ
3041 3440 3206 3513 ἱερεῖς
3236 3443 3337 3494 105
3378 3438 3722 3515 πατριάρχου

2071 3525 2134 3581 τὸ
2165 3526 2508 3606 ὠμοφόριον,
2537 3524 2875 3602 ἐξέρχονται,
2907 3528 2998 3582 καὶ
3037 3528 3358 3598 καθέζονται
3399 3528 3714 3606 ἀμφότεροι,

2071 3613 2102 3670 6'
2158 3635 2215 3669 τε
2278 3614 2531 3691 βασιλεὺς
2578 3615 2668 3670 καὶ
2729 3617 2757 3670 6
2808 3620 3185 3693 πατριάρχης,
3241 3616 3292 3673 ἒν
3342 3621 3410 3692 τῇ
3454 3615 3714 3692 τραπέζῃ.

2072 3705 2315 3759 Πιόντων
2346 3701 2403 3760 δὲ
2434 3705 2508 3766 ὡς
2557 3701 2786 3760 εἷ’θισται
2824 3705 3008 3769 αὐτοῖς
3057 3706 3192 3782 πρὸς
3243 3708 3401 3780 ἅπαξ,
3450 3705 3730 3784 εἰσέρχον-

2066 3815 2154 3849 ται
2189 3795 2240 3848 οἱ
2273 3791 2447 3874 φίλοι,
2499 3795 2592 3848 καὶ
2639 3795 2817 3866 πάσης
2867 3802 2968 3865 τῆς
3017 3799 3112 3851 τοῦ
3161 3800 3456 3871 τραπεζίου
3498 3795 3731 3852 ἀκολου-

2069 3883 2185 3948 θίας
2257 3883 2623 3956 τελεσθείσης.
2692 3883 3006 3941 ἀνίστανται
3066 3887 3154 3942 καὶ
3234 3885 3570 3966 ἐξέρχονται,
3628 3885 3722 3942 καὶ

2071 3975 2219 4047 μένει
2251 3975 2278 4029 6
2314 3973 2569 4048 βασιλεὺς
2603 3974 2738 4049 μετᾶ
2781 3980 2879 4030 105
2927 3977 3275 4052 πατριάρχου
3305 3975 3358 4032 έν
3393 3981 3473 4050 τῷ
3501 3976 3737 4048 κλητω-

2069 4063 2190 4138 ρίῳ,
2221 4065 2439 4126 πιόντες
2482 4061 2538 4118 δὲ
2585 4063 2753 4120 πάλιν
2789 4064 3090 4144 ἀμφότεροι
3122 4067 3257 4142 πρὸς
3288 4065 3448 4137 ἃπαξ,
3480 4065 3733 4122 ἀνίσταν-

2065 4173 2174 4210 ται.
2215 4153 2356 4210 Εἶτα
2401 4156 2870 4228 προσκυνήσαντες
2917 4153 3206 4227 ἀλλήλους
3239 4155 3269 4210 6"
3297 4177 3356 4212 τε
3381 4158 3429 4192 ίδ
3472 4157 3733 4233 βασιλεὺς

2065 4241 2206 4298 καὶὸ
2234 4243 2606 4320 πατριάρχης,
2639 4245 2668 4299 6
2716 4245 2811 4317 μὲν
2859 4245 3211 4325 πατριάρχης
3258 4244 3563 4323 ἐξέρχεται,
3611 4243 3736 4301 δια-

2066 4333 2302 4402 σώζουσι
2356 4331 2413 4388 δὲ
2443 4334 2607 4390 αὐτὸν
2654 4335 2918 4413 ἄρχοντες
2969 4339 3067 4390 105
3123 4331 3522 4391 κουϐουκλείου
3555 4336 3730 4412 μέχρι

305 4421 580 4493 stipatus,
603 4418 817 4476 dictam
842 4420 1262 4477 occidentalem
1297 4420 1594 4477 cochleam
1628 4423 1806 4493 subit,
1839 4440 1961 4479 om-

2077 4427 2165 4478 τοῦ
2194 4420 2603 4498 προειρημένου
2646 4422 2913 4499 κοχλιοιὶ
2960 4428 3021 4483 ⁸0
3073 4422 3128 4480 δὲ
3163 4424 3416 4500 βασιλεὺς
3449 4423 3734 4502 δηριγευόο

302 4526 405 4566 nes
461 4525 594 4567 vero
650 4510 710 4565 in
771 4510 928 4581 sagis
988 4511 1299 4582 purpureis
1357 4511 1416 4566 in
1476 4511 1750 4568 narthece
1798 4519 1955 4568 extra

299 4599 550 4657 cochleae
582 4603 809 4673 portam
852 4615 972 4656 una
1011 4615 1145 4656 eum
1187 4599 1472 4672 praefectis
1511 4599 1786 4658 cubiculo
1817 4618 1951 4660 eum

2068 4533 2227 4586 μενος
2258 4513 2362 4568 ὑπὸ
2391 4517 2500 4568 τῶν
2544 4512 2828 4590 ἀρχόντων
2873 4518 2972 4570 105
3003 4510 3398 4571 κουϐουκλείου
3435 4518 3524 4571 καὶ
3563 4518 3728 4591 βασι-

2064 4600 2236 4657 λικῶν
2286 4601 2602 4677 οἶκειακῶν,
2651 4601 2950 4679 ἀπέρχεται
3017 4602 3071 4660 ἐν
3119 4609 3204 4678 κῷ
3244 4609 3474 4661 κοιτῶνι
3525 4605 3722 4679 αὐτοῦ,

1649 4766 1892 4824 VARIIE
1933 4768 2235 4827 LECTION
2242 4770 2349 4828 ES.

374 4886 419 4923 ⁸⁵
446 4880 922 4964 κουϐικουλαρίων
954 4891 1021 4949 Β..
1054 4909 1123 4950 ex
1151 4891 1496 4966 compendio
1528 4893 1678 4963 cod.,
1709 4886 2176 4970 κουϐικουλαρίου
2208 4897 2302 4953 ed.
2379 4894 2426 4930 1⁸
2453 4914 2512 4949 τε
2543 4911 2662 4953 om.
2695 4896 2787 4953 ed.

1312 5036 1512 5094 JOAN.
1551 5037 1694 5097 JAC.
1739 5038 2010 5097 REISKII
2052 5040 2650 5098 COMMENTARIUS.

348 5193 486 5276 _(36)
535 5194 722 5276 supra
762 5196 902 5276 jam?
929 5198 1016 5270 egi
1061 5200 1129 5276 de
1168 5199 1278 5256 hac
1306 5201 1618 5276 Avoce._Cl.
1669 5201 1961 5276 interpres

305 5263 397 5348 hic
425 5263 714 5348 capellam
741 5263 931 5348 vertit,
964 5263 1120 5344 Quod
1155 5289 1270 5348 non
1301 5273 1648 5348 improbem.
1682 5263 1960 5348 Quamvis

305 5341 460 5394 enim
515 5341 748 5417 proprie
788 5341 1104 5417 fenestram,
1145 5344 1300 5417 and:
1354 5341 1600 5416 prospici
1654 5353 1706 5402 et
1754 5345 1960 5417 despici

304 5410 850 5492 queal,_signiﬁcet,_
877 5410 1098 5492 procul;
1127 5415 1315 5492 dubio,
1354 5410 1548 5492 tamen
1588 5417 1668 5472 ibi
1714 5410 1955 5492 capella,

304 5486 803 5558 oratoripm__erat,
836 5486 895 5541 in
929 5503 1041 5558 quo
1073 5487 1393 5558 imperator
1423 5487 1618 5544 divino
1647 5486 1828 5544 cultui
1860 5504 1957 5544 va-

298 5559 478 5608 caret.
517 5553 706 5631 Fa_cile
739 5555 848 5631 hoc
878 5553 1188 5631 intelligat,
1221 5559 1323 5630 qui
1367 5560 1694 5631 Lipsienses
1726 5564 1957 5631 nostras

300 5638 500 5681 sacras
522 5626 673 5683 aedes
705 5637 757 5683 et
788 5629 846 5684 in
879 5630 950 5686 iis
981 5626 1327 5687 numerosas
1345 5626 1598 5704 capellas
1619 5630 1849 5688 viderit.
1877 5633 1957 5689 De

2071 5203 2310 5276 capellis
2338 5203 2456 5260 vid.
2480 5202 2566 5276 Du
2597 5202 2791 5276 Gange
2819 5204 3006 5261 Gloss.
3041 5205 3162 5276 Lat.
3197 5205 3256 5263 h.
3290 5223 3344 5262 ν.

2142 5271 2264 5352 (37)-
2295 5273 2509 5352 8011.Μὸ
2557 5271 2885 5352 καιρὸξτοῦ
2927 5271 3496 5352 ἆκουμϐίσαιηαυιο
3537 5278 3730 5352 καιρὸς
3779 5289 3781 5292 ‘

2071 5341 2210 5423 ᾤστε
2241 5341 2596 5423 ἀκουμϐίσαι.
2632 5341 2699 5390 ὲ-
2731 5341 3086 5420 Frequenter
3117 5351 3247 5406 novi
3269 5341 3470 5423 'Grasci
3493 5353 3591 5404 105
3621 5341 3728 5423 pro

2069 5414 2209 5494 ᾤστε
2231 5414 2454 5494 ponunt
2490 5420 2560 5475 ad
2597 5435 2817 5494 morem
2854 5414 3187 5477 sanctorum
3215 5414 3730 5494 evangelistartim,

2067 5490 2187 5546 imo
2223 5491 2418 5562 potius
2437 5492 2973 5565 vetustissimorum
2997 5498 3054 5565 et
3076 5490 3428 5565 optimorum
3453 5490 3730 5562 quorum;

2067 5577 2184 5639 que
2200 5559 2544 5639 auctorum,
2563 5564 2666 5635 qui
2697 5559 2836 5617 ὥστε
2867 5568 2970 5622 aut
2996 5559 3151 5619 ἕνεκα
3173 5559 3730 5639 subintelligendum

2026 5663 2028 5665 >
2065 5633 2372 5690 omittunt.
