4104 6392
405 403 518 466 331
1479 391 1999 454 CONSTANTINI
2041 388 2745 455 POBPHYROGENITI
3704 378 3836 440 332

407 536 505 593 ubi
554 547 689 590 eum
739 526 1077 585 transitoria
1113 523 1490 581 Prasinorum
1533 524 1707 580 factio
1759 524 2028 596 excipite

2214 545 2221 574 ν
2254 529 2332 598 τῷ
2369 520 2547 598 μοδίῳ
2585 520 2675 577 καὶ
2727 518 3056 588 διασώζουσι
3113 517 3278 592 μέχρι
3323 517 3418 570 τοῦ
3461 511 3686 587 ταύρου,
3726 511 3835 566 κᾶ-

405 625 477 681 ad
507 619 860 692 zeuxippum
903 615 1242 672 comitatur.
1287 613 1511 669 Politici
1544 613 1771 670 Prasini
1821 613 1882 670 in
1923 632 2026 672 zeu

2213 619 2344 678 εῖθεν
2371 614 2432 668 τὸ
2467 610 2628 686 μέρος
2657 613 2755 680 τῆς
2787 607 3082 676 πολιτικῆς
3117 610 3225 662 τῶν
3278 603 3515 660 Βενέτων
3568 598 3834 671 διασώζει

403 714 580 786 xippo
610 713 913 780 exceptum
952 706 1025 762 ad
1057 703 1294 761 cbalcen
1324 704 1568 772 ducunt,
1601 702 1703 759 ubi
1733 719 1867 759 eum
1898 707 2024 760 tran

2212 704 2343 780 ,έχρι
2384 709 2492 761 τῶν
2544 699 2912 778 ἀρτοπολίων.
2972 699 3093 757 Εἴθ’
3135 697 3309 758 οὕτως
3363 694 3449 786 τὸη
3490 704 3654 786 μέρος
3713 697 3833 786 τῶν

405 782 604 859 sit-cria
660 801 1015 855 Venetorum
1067 792 1303 865 exeipit,
1352 799 1406 848 et
1464 793 1548 848 sie
1598 796 1798 864 postea
1854 809 2026 851 omne

2214 794 2455 869 [ρασίνων
2495 792 2746 862 διασώζει
2793 791 2959 867 μέχρι
2999 793 3097 844 τοῦ
3157 787 3348 866 φόρου·
3401 785 3496 849 εἶθ⁶
3545 782 3718 845 οὕτως
3762 784 3835 838 τὸ

402 890 655 965 pedibus
693 885 1037 958 procedunt,
1070 882 1233 940 solus
1271 881 1588 954 imperator
1617 897 1771 954 equo
1803 881 2023 939 vehitui

2219 886 2340 959 έρος
2375 890 2482 940 τῶν
2523 881 2756 941 Βενέτων
2796 888 2898 950 τῆς
2945 876 3240 947 πολιτικῆς
3295 874 3461 951 μέχρι
3512 877 3608 930 τοῦ
3660 893 3837 950 πραι-

403 979 609 1051 τωρίου
664 977 752 1032 καὶ
802 974 968 1030 πάλιν
1023 976 1122 1028 τοῦ
1185 970 1396 1045 μιλίου·
1461 971 1626 1045 μέρος
1685 971 1924 1027 Βενέτων
1996 981 2100 1044 τῆς
2182 972 2476 1044 πολιτικῆς
2552 973 2718 1049 μέχρι
2788 978 2890 1042 τῆς
2964 969 3213 1045 καμάρας
3285 971 3382 1023 τοῦ
3449 965 3663 1039 μιλίου·
3728 971 3840 1035 τῆς

405 1068 702 1139 πολιτικῆς
750 1067 814 1122 τὸ
863 1065 1028 1138 μέρος
1073 1066 1183 1117 τῶν
1234 1059 1460 1116 Βενέτων
1508 1057 1763 1136 δέχονται
1811 1063 1901 1116 τὸν
1976 1063 2204 1138 βασιλέα
2270 1065 2320 1120 έν
2378 1069 2456 1137 τῷ
2525 1062 2719 1137 μιλίῳ,
2769 1063 2942 1140 ’ἤγουν
2980 1059 3032 1115 ἐν
3081 1063 3152 1134 τῇ
3196 1055 3435 1133 καμάρᾳ,
3480 1056 3572 1111 καὶ
3629 1052 3842 1111 διασώ-

411 1166 561 1229 ζουσι
615 1158 783 1231 μέχρι
823 1157 920 1209 τοῦ
974 1153 1365 1227 μαρμαρωτοῦ·
1415 1153 1524 1204 τῶν
1569 1155 1880 1224 περατικῶν
1933 1156 2112 1228 μερῶν
2165 1152 2444 1228 Πρασίνων
2495 1149 2746 1228 δέχονται
2794 1150 2886 1205 τὸν
2952 1145 3178 1225 βασιλέα
3233 1145 3284 1200 ἐν
3335 1149 3415 1218 τῷ
3477 1143 3844 1221 μαρμαίρωτῷ

403 1249 498 1304 καὶ
531 1245 860 1313 διασώζουσι
895 1242 1062 1316 μέχρι
1103 1243 1202 1294 τοῦ
1252 1237 1566 1308 ζιυξίππου·
1618 1245 1719 1308 τῆς
1766 1237 2065 1311 πολιτικῆς
2117 1243 2182 1296 τὸ
2240 1241 2404 1317 μέρος
2447 1246 2553 1296 τῶν
2599 1239 2880 1314 Πρασίνων
2934 1234 3188 1316 δέχονται
3234 1235 3327 1291 τὸν
3379 1233 3607 1310 βασιλέα
3656 1233 3710 1289 έν
3759 1237 3848 1304 τῷ

409 1334 688 1406 ζευξίππῳ
717 1332 808 1387 καὶ
859 1327 1188 1398 διασώζουσι
1241 1323 1410 1402 μέχρι
1457 1329 1558 1392 τῆς
1606 1325 1849 1402 χαλκῆς,
1893 1335 2002 1384 τιῖν
2054 1335 2365 1406 περατικῶν
2422 1333 2602 1407 μερῶν
2655 1329 2894 1386 Βενέτων
2944 1323 3197 1401 δέχονται
3243 1325 3338 1379 τὸν
3391 1323 3617 1401 βασιλέα
3667 1319 3721 1378 ἐν
3773 1325 3850 1395 τῇ

421 1424 635 1502 χαλκῇ,
664 1421 756 1477 καὶ
787 1419 886 1475 εἷθ’
912 1416 1084 1480 οὕτως
1116 1415 1432 1485 πεζεύουσιν
1470 1413 1718 1486 ἅπαντες,
1752 1416 1842 1472 καὶ
1878 1419 2031 1490 μένει
2055 1412 2294 1494 ἔφιππος
2330 1420 2500 1493 μόνος
2531 1419 2558 1473 6
2591 1416 2874 1493 βασιλεύς.

477 1513 576 1570 Vi.
618 1510 934 1570 Sciendum
973 1513 1079 1578 est,
1123 1522 1605 1578 unamquamque
1653 1507 1969 1564 factionem
2014 1510 2072 1565 in

2261 1511 2322 1578 ζ’.
2375 1507 2579 1564 Ἰστέον
2629 1505 2708 1577 δὲ,
2754 1507 2838 1562 ὅτι
2889 1501 2943 1560 ἓν
2996 1501 3222 1560 ἕκαστον
3300 1503 3462 1576 μέρος
3523 1499 3574 1557 ἐν
3645 1501 3848 1574 ἑκάστῃ

408 1602 616 1677 quavis
665 1599 998 1672 receptione
1041 1599 1169 1654 aeta
1217 1594 1481 1651 solennia
1525 1596 1794 1666 recitare,
1843 1597 1903 1652 in
1936 1613 2029 1669 pro

2224 1598 2364 1654 ὐτῶν
2398 1595 2544 1673 δοχῇ
2577 1593 2728 1674 λέγει
2774 1597 2841 1652 τὰ
2889 1595 3027 1651 κατὰ
3071 1594 3357 1665 συνήθειαν
3409 1591 3566 1665 ἇκτα,
3600 1588 3652 1646 έν
3683 1591 3740 1646 δὲ
3770 1595 3845 1664 τῇ

405 1709 580 1750 oessu
653 1704 790 1747 vero
858 1688 1113 1757 hymnos
1173 1682 1491 1752 dromicos,
1543 1689 1601 1740 et
1651 1685 1702 1740 si
1759 1685 2026 1757 imperati

2231 1689 2494 1761 ροπομπῇ
2538 1683 2686 1762 λέγει
2745 1678 3052 1759 ἔμπροσθεν
3116 1681 3374 1756 δρομικὰ,
3435 1679 3480 1735 εἰ
3536 1683 3680 1754 τύχῃ
3730 1678 3845 1734 ἀπὸ

408 1780 680 1854 jusserit,
715 1777 891 1836 etiam
937 1774 1274 1848 apelaticos,
1304 1788 1532 1829 canere.
1567 1775 1706 1831 Inde
1733 1774 2029 1848 imperato}

2229 1774 2510 1850 ελεύσεως,
2569 1772 2717 1848 λέγει
2773 1774 2864 1828 καὶ
2914 1773 3299 1834 ἀπελατικοῦς.
3359 1771 3613 1826 Κάκεῖθεν
3682 1765 3850 1843 δηρι-

418 1838 490 1927 ab
531 1838 828 1937 omnibus,
859 1838 1060 1923 ϐίοι
1090 1838 1270 1936 supra
1301 1864 1632 1936 expositum
1659 1868 1770 1935 est,
1803 1838 2039 1937 stipatur

2230 1868 2486 1942 ευόμενος
2525 1867 2553 1922 6
2597 1866 2852 1943 βασιλεὺς
2895 1867 2998 1921 ὑπὸ
3056 1867 3296 1938 πάντων,
3361 1865 3436 1929 ὡς
3490 1862 3851 1940 προείρηται,

414 1979 518 2034 por
564 1959 823 2017 cortinas
863 1956 934 2012 ad
977 1953 1318 2011 interiorem
1368 1953 1777 2010 excubitorum
1829 1959 2035 2026 portan

2230 1959 2473 2038 ιέρχεται
2515 1955 2606 2013 διὰ
2643 1964 2750 2013 τῶν
2792 1961 3056 2035 κορτινῶν
3112 1957 3279 2032 μέχρι
3309 1961 3408 2026 τῆς
3462 1953 3610 2011 ἔνδον
3662 1953 3851 2026 πύλης

419 2050 520 2106 ubi
556 2047 898 2104 soribonum
925 2042 1214 2117 promotio
1245 2041 1599 2113 instituitur,
1632 2043 1961 2116 digreditur
1991 2047 2040 2101 a1

2226 2052 2297 2103 ῶν
2341 2042 2735 2119 έκσκουϐίτων,
2787 2047 2840 2102 ἐν
2985 2047 3195 2123 γίνεται
3264 2048 3299 2116 ἡ
3358 2047 3466 2101 τῶν
3524 2039 3844 2119 πριὸώνων

416 2156 529 2210 que
575 2139 634 2194 in
682 2135 887 2192 eadem
918 2133 1174 2206 pedibus
1213 2147 1400 2204 usque
1446 2132 1520 2188 ad
1578 2135 1700 2190 tres
1752 2134 2037 2191 consistor

2237 2132 2470 2213 ροϐολῆ,
2512 2137 2564 2192 έν
2609 2135 2665 2192 δὲ
2702 2140 2771 2210 τῇ
2815 2137 2950 2210 αὐτῇ
2999 2134 3149 2210 πύλῃ
3203 2134 3412 2206 πεζεύει
3481 2137 3508 2190 6
3571 2133 3856 2212 βασιλεὺς,

419 2237 638 2302 portas,
683 2225 786 2283 ubi
817 2239 952 2282 eum
993 2231 1289 2280 senatores
1318 2221 1532 2279 faustis
1562 2223 2040 2282 acclamationibu

2235 2225 2430 2289 ιελθὼν
2464 2223 2633 2300 μέχρι
2678 2228 2787 2280 τῶν
2832 2230 2997 2300 τριῶν
3046 2223 3236 2280 πυλῶν
3285 2229 3382 2280 τοῦ
3431 2223 3856 2299 κονσιστωρίου·

423 2317 744 2389 excipiunt,
799 2313 1084 2386 procedit.
1131 2313 1458 2384 Imperator
1518 2313 1776 2369 mediam
1837 2318 2044 2386 portan

2245 2312 2420 2370 ἐνουσι
2453 2310 2508 2368 δὲ
2553 2313 2724 2369 ἐκεῖσε
2775 2314 2826 2369 οἱ
2875 2316 2979 2379 τῆς
3030 2311 3362 2388 συγκλήτου,
3425 2313 3862 2390 ὑπερευχόμενοι

424 2409 498 2463 ad
552 2403 841 2478 templum
898 2401 1130 2460 Domini
1189 2403 1517 2472 ducentem,
1572 2401 1922 2474 ingreditur,
1987 2405 2045 2460 ul

2240 2403 2290 2458 ὸν
2347 2401 2596 2478 βασιλέα,
2645 2405 2707 2460 Ὀ
2761 2400 2819 2458 δὲ
2863 2400 3122 2477 βασιλεὺς
3180 2401 3484 2479 εἰσέρχεται
3537 2404 3638 2472 τήν
3681 2402 3861 2475 μέσην

429 2495 660 2568 patricii
687 2498 747 2550 et
771 2491 1032 2564 strategi,
1059 2491 1267 2548 faustis
1302 2491 1741 2564 precationibus
1769 2508 1904 2549 eum
1930 2508 2050 2550 exc!

2240 2491 2384 2564 ύλην
2418 2495 2554 2568 πρὸς
2586 2493 2676 2549 τὸν
2728 2495 2852 2548 ναὸν
2897 2497 2995 2548 τοῦ
3036 2493 3254 2569 Κυρίου,
3306 2492 3396 2547 καὶ
3449 2492 3692 2567 μένουσιν
3741 2491 3861 2546 ἐκεῖ

430 2585 608 2656 ιιιιιι-ἰ,
658 2585 894 2642 adsunt.
946 2584 1304 2655 Imperatore
1346 2597 1563 2638 eaeam
1616 2587 1846 2655 portam
1887 2588 2045 2656 temp

2231 2581 2483 2656 πατρίκιοι
2543 2582 2632 2636 γαί
2693 2583 3016 2658 στρατηγοὶ,
3069 2583 3504 2658 ὑπερευχόμενοι
3556 2581 3640 2635 καὶ
3693 2579 3852 2634 αὐτοὶ

429 2673 662 2729 1),ιιιιίιιί
707 2673 994 2745 ingresso,
1046 2669 1390 2728 cubicularii
1429 2671 1650 2742 januas
1697 2671 1983 2729 claudunt
2035 2690 2050 2728 ε

2244 2669 2435 2743 μοίως.
2477 2673 2584 2726 Τοῦ
2627 2669 2682 2725 δὲ
2738 2670 3009 2746 βασιλέως
3067 2670 3406 2736 εἰσελθόντος
3473 2670 3571 2740 τήν
3635 2665 3859 2744 χαλκῆν

431 2766 626 2819 inusta
654 2762 707 2818 ei
735 2767 1146 2834 apprecantur,
1181 2760 1302 2830 qui,
1344 2764 1659 2833 postquam
1691 2761 1902 2818 tiaram
1936 2781 1969 2818 a
1999 2780 2052 2820 ca

2251 2761 2388 2831 ὕλην
2416 2765 2513 2816 τοῦ
2547 2760 2774 2837 Κυρίου,
2810 2761 3006 2825 εὐθέως
3038 2759 3288 2816 κλείουσι
3330 2760 3426 2824 τὰς
3463 2759 3629 2835 Θῦρας
3670 2758 3724 2814 οἱ
3761 2763 3867 2812 τοῦ

433 2853 552 2926 pite
565 2852 694 2923 ejus
715 2850 1066 2923 prapositus
1085 2849 1558 2921 dempsit,intrat
1577 2852 1881 2926 sacrisque
1897 2854 2054 2924 janui

2250 2845 2602 2906 ουϐουκλείου
2633 2851 2723 2905 καὶ
2769 2849 3161 2927 ὑπερεύχονται
3195 2851 3286 2905 τὸν
3332 2848 3582 2924 βασιλέα,
3631 2847 3724 2903 καὶ
3771 2857 3871 2903 λα-

434 2941 652 3008 adstat,
713 2954 848 2996 cum
893 2937 1079 2995 cereis
1127 2953 1260 2993 vero
1321 2938 1585 2994 accensis
1640 2943 1934 3010 precatus,
1995 2958 2055 3013 pe

2250 2938 2394 3001 ὄντος
2424 2943 2521 2994 τοῦ
2552 2940 2915 3015 πραιποσίτου
2948 2941 3046 3009 τήν
3076 2940 3264 3016 τιάραν
3313 2941 3360 2975 ²⁴
3399 2938 3506 2995 ἀπὸ
3545 2944 3648 3008 τῆς
3697 2959 3871 3015 κεφα-

435 3027 669 3084 Domini
711 3026 968 3098 porticus
1015 3025 1228 3081 transit
1265 3030 1323 3081 et
1362 3026 1752 3098 bemicyolum
1786 3029 2048 3086 triconch

2255 3033 2312 3098 ἧς
2339 3033 2436 3085 τοῦ
2471 3029 2763 3106 βασιλέως,
2797 3029 3102 3108 εἰσέρχεται
3135 3031 3161 3085 ὀ
3200 3029 3459 3106 βασιλεὺς
3507 3029 3601 3084 καὶ
3650 3027 3876 3084 ἳσταται

436 3115 785 3189 ingreditur.
818 3114 928 3171 Per
955 3118 1297 3172 sanctorum
1327 3119 1520 3170 autem
1554 3115 1948 3188 quadraginta
1975 3135 2057 3190 ρο]

2258 3122 2513 3192 ιπροσθεν
2566 3125 2672 3175 τῶν
2725 3121 2896 3195 ἁγίων
2951 3124 3150 3196 θυρῶν,
3208 3120 3347 3195 ἅψας
3397 3117 3454 3174 δὲ
3505 3120 3715 3196 κηροὺς
3783 3120 3879 3174 καὶ

435 3207 591 3263 ticus
641 3209 1067 3276 transgressus,
1112 3219 1356 3259 aureum
1397 3203 1720 3259 triclinium
1768 3204 1967 3274 intrat,
2000 3209 2056 3262 ul

2262 3210 2526 3282 ὶξάμενος,
2560 3207 2839 3286 διέρχεται
2875 3208 2962 3266 διὰ
3000 3214 3108 3265 τῶν
3145 3203 3476 3266 διαϐατικῶν
3518 3213 3622 3265 τοῦ
3661 3209 3883 3285 Κυρίου

436 3294 786 3355 cubicularii
814 3309 1021 3350 omnes
1050 3293 1355 3349 adstantes
1376 3292 1714 3365 imperatori
1737 3297 2057 3353 acciamant

2268 3298 2306 3353 1i
2369 3298 2670 3374 εἰσέρχεται
2739 3299 2789 3354 ἐν
2855 3305 2935 3372 τῷ
3003 3299 3324 3374 ἡμικυκλίῳ
3386 3301 3485 3355 τοῦ
3551 3299 3889 3374 τρικόγχου.

446 3407 476 3436 ‹‹
513 3386 575 3440 in
619 3383 804 3440 multa
842 3384 1114 3454 bonaque
1144 3389 1414 3453 tempora
1454 3383 1819 3454 majestatem
1851 3391 2067 3444 vestra:

2273 3388 2460 3445 ιελθὼν
2495 3389 2551 3446 δὲ
2582 3387 2671 3446 διὰ
2699 3395 2808 3446 τῶν
2842 3387 3170 3446 διαϐατικῶν
3200 3394 3307 3445 τῶν
3355 3389 3526 3466 ἁγίων
3576 3390 3651 3464 μ’,
3701 3389 3894 3465 εἰσέρ-

443 3473 599 3531 Deus
629 3472 893 3540 inducat,
925 3493 954 3522 ››
985 3475 1042 3527 et
1070 3471 1479 3543 egrediuntur.

2266 3500 2374 3534 εται
2405 3477 2458 3533 ἐν
2486 3485 2566 3552 τῷ
2599 3479 3064 3556 χρυσοτρικλίνῳ,
3107 3479 3197 3535 καὶ
3240 3481 3459 3542 στάντες
3507 3479 3557 3533 οἱ
3603 3481 3700 3532 τοῦ
3748 3498 3887 3536 κου,

455 3557 750 3617 δουριλείου
781 3561 1013 3622 ἅπαντες
1042 3556 1095 3613 έν
1127 3563 1207 3630 νῷ
1237 3557 1683 3634 χρυσοτρικλίνῳ
1715 3561 2110 3641 ὑπερεύχονται
2136 3568 2232 3624 τὸν
2268 3567 2515 3645 βασιλέα·
2554 3593 2578 3626 e
2614 3569 2706 3632 Εἰς
2758 3569 3005 3632 πολλοὺς
3037 3569 3126 3624 καὶ
3154 3569 3386 3646 ἀγαθοὺς
3415 3567 3640 3646 χρόνους
3671 3567 3700 3621 6
3738 3566 3888 3629 Θεὸς

450 3650 650 3726 ἀγάγοι
683 3651 784 3720 τὴν
819 3647 1104 3724 βασιλείαν
1136 3648 1314 3722 ὑμῶν,
1347 3671 1375 3701 ››
1407 3650 1497 3704 καὶ
1529 3648 1865 3726 ἐξέρχονται.

512 3742 633 3798 VII.
685 3742 862 3798 Porro
911 3740 1239 3798 notandum
1285 3744 1395 3810 est,
1448 3747 1590 3813 quot
1641 3744 2005 3816 receptiones
2052 3747 2112 3804 in

2298 3750 2368 3807 Ζ’.
2406 3755 2496 3805 Δεῖ
2526 3748 2719 3806 εἰδέναι
2749 3749 2838 3806 καὶ
2870 3753 3053 3822 τοῦτο,
3085 3749 3186 3805 ἀνὰ
3215 3748 3400 3806 πόσων
3444 3745 3632 3824 δοχῶν
3682 3743 3895 3822 δέχον-

455 3832 566 3888 hac
599 3831 970 3903 processione
1009 3847 1044 3886 a
1085 3829 1439 3886 factionibus
1487 3831 1890 3890 instituantur.
1943 3836 2076 3891 Prin

2270 3860 2311 3892 ιι
2345 3839 2412 3893 τὰ
2447 3839 2582 3914 μέρη
2619 3839 2670 3895 έν
2703 3841 2870 3914 ταύτῃ
2899 3843 2966 3914 τῇ
3017 3838 3357 3914 προελεύσει.
3409 3839 3470 3895 Ὀ
3519 3835 3891 3913 δημοκράτης

459 3939 592 3992 ceps
628 3921 979 3977 Venetorum
1021 3936 1129 3977 ceu
1186 3919 1548 3978 domesticus
1595 3923 1928 3980 scholarum
1980 3943 2080 3982 cur

2275 3934 2331 3982 ὒν
2362 3928 2618 3999 Βενέτων,
2651 3930 2820 4004 ἤγουν
2851 3930 2878 3984 6
2912 3925 3233 4003 δομέστικος
3281 3933 3392 3984 τῶν
3443 3924 3696 4004 σχολῶν,
3749 3927 3896 4001 μετὰ

457 4012 792 4066 transitoria
842 4011 1088 4066 factione
1125 4009 1346 4066 Veneta
1386 4015 1504 4066 tres
1537 4012 1896 4083 reeeptiones
1925 4015 2065 4071 facit

2268 4021 2320 4071 )6
2351 4022 2643 4093 περατικοῦ
2672 4019 2839 4074 αὐτου
2871 4015 3051 4092 δήμου
3078 4023 3184 4074 τῶν
3219 4015 3458 4076 Βενέτων
3513 4013 3734 4092 δέχεται
3790 4014 3889 4072 δο-

458 4098 732 4170 princeps
768 4099 1148 4154 Prasinorum
1190 4116 1294 4156 seu
1327 4099 1629 4156 excubitor
1667 4117 1801 4158 cum
1832 4105 2079 4160 transito

2270 4107 2329 4169 ἀς
2378 4115 2542 4182 τρεῖς·
2596 4108 2623 4162 6
2678 4103 3035 4184 δημοκράτης
3092 4112 3203 4164 τῶν
3259 4107 3565 4182 Ιῐρασίνων,
3622 4102 3801 4180 ἤγουν
3861 4107 3890 4161 ὁ

459 4187 543 4242 ria
583 4203 689 4243 sua
727 4186 976 4243 factione
1015 4187 1167 4244 duas
1199 4204 1213 4255 ;
1255 4187 1533 4244 tribunus
1573 4187 1926 4247 Venetorum
1981 4209 2080 4248 cur

2263 4193 2597 4266 μισκοῦὄιτος,
2635 4199 2770 4271 μετὰ
2800 4201 2896 4253 τοῦ
2927 4201 3221 4273 περατικοῦ
3272 4196 3438 4252 αὐτοῦ
3485 4193 3668 4271 δήμου
3723 4193 3884 4274 δέχε-

455 4276 672 4348 populo
701 4275 833 4333 albo
863 4277 1225 4348 receptiones
1257 4281 1477 4348 septem
1508 4277 1788 4335 instituit.
1819 4281 2076 4337 Tribunu

2262 4306 2311 4339 αι
2347 4282 2517 4361 δοχᾶς
2560 4283 2677 4342 δύο.
2727 4287 2788 4343 Ὀ
2833 4283 3127 4364 δήμαρχος
3163 4289 3272 4342 τῶν
3312 4285 3551 4342 Βενέτων
3610 4285 3748 4358 μετᾶ
3785 4287 3883 4338 τοῦ

451 4365 817 4422 Praainorum
840 4381 976 4420 cum
1010 4365 1224 4436 populo
1255 4382 1426 4422 russo
1449 4368 1807 4437 reoeptiones
1828 4371 2072 4442 quinqui

2270 4376 2409 4447 ήμου
2435 4380 2532 4430 τοῦ
2564 4379 2759 4430 λευκοῦ
2793 4371 3010 4450 δέχεται
3061 4373 3232 4451 δοχάς
3280 4375 3433 4432 ἑπτά.
3484 4375 3546 4432 Ὀ
3588 4371 3891 4450 δήμαρχος

451 4455 743 4513 Numerus
773 4454 1042 4512 omnium
1075 4457 1478 4528 receptionum
1505 4455 1681 4512 XVII.

2275 4468 2331 4519 ὒν
2366 4465 2646 4540 Πρασίνων
2691 4464 2826 4538 μετᾶ
2863 4469 2961 4520 τοῦ
3013 4462 3196 4541 δήμου
3251 4467 3342 4521 τοῦ
3394 4463 3616 4542 ῥουσίου
3662 4460 3896 4538 δέχεται

2227 4549 2397 4628 δοχὰς
2430 4554 2487 4615 ε’,
2521 4555 2698 4628 Ὁμοῦ
2733 4551 2920 4630 δοχῶν
2957 4555 3042 4624 ιζ’.

1050 4616 1284 4674 CAPUT
1324 4617 1531 4674 XVIII.
2295 4616 2335 4628 "
2593 4616 2603 4628 '

2295 4616 2335 4628 ’“
2593 4616 2603 4628 ’
2806 4616 3102 4702 ’ῑςεφλι
3144 4644 3254 4702 IH‘.

458 4707 812 4767 Obseruando
853 4709 918 4764 in
934 4711 1105 4792 “festo
1145 4709 1832 4792 cyproceuionasancta:
1880 4713 2115 4781 Christi,
2148 4714 2196 4780 D
2225 4737 2363 4792 Ὅσα

963 4731 1105 4789 [qua
1145 4731 1586 4791 “procreatum!
1626 4731 1832 4768 rancus
1880 4731 2115 4781 unnm,
2148 4731 2196 4780 υ
2225 4737 2363 4792 "om
2424 4731 2506 4789 δεῖ

923 4781 1023 4837 Det
1051 4785 1248 4845 nostri,
1280 4782 1650 4837 Ascensionis.
2322 4814 2423 4864 τῆς
2456 4807 2542 4864 ἀγ,

2276 4737 2363 4792 )σα
2424 4731 2506 4789 δεῖ
2561 4757 2634 4790 πα
2674 4732 2999 4812 αφυλάττειν
3049 4738 3119 4810 τῇ
3179 4736 3343 4810 ἑορτῇ
3404 4736 3492 4789 καὶ
3562 4732 3897 4859 ¹ιγτιροελεύσει

2322 4814 2423 4864 τῆς
2456 4807 2606 4864 ἁγίας
2638 4755 2876 4864 ϐίοιποῦ
2906 4811 3004 4862 τοῦ
3032 4811 3168 4861 Θεοῦ
3199 4809 3362 4864 ἡμῶν
3399 4805 3566 4862 Ἀναλ
3597 4809 3784 4864 Abeo);

1232 4819 1248 4845 θ
1280 4819 1570 4836 novaret-Dva
1580 4819 1650 4837 ισο

2322 4814 2423 4876 τῆς
2456 4807 2606 4881 ἁγίας
2638 4805 2876 4881 Χριστοῦ
2906 4811 3004 4862 τοῦ
3032 4805 3168 4861 Θεοῦ
3199 4805 3362 4882 ἡμῶν
3399 4805 3784 4880 Ἀναλῆψεως.

525 4889 820 4948 Prodeunt
864 4903 1072 4944 omnes
1103 4885 1360 4943 ministri
1401 4894 1688 4945 nocturno
1735 4893 1999 4964 tempore
2050 4895 2112 4952 in

2297 4897 2378 4951 A‘.
2417 4894 2792 4971 [Ιροέρχονται
2840 4895 3070 4957 ἅπαντες
3121 4896 3173 4951 οἱ
3224 4892 3490 4971 ἄρχοντες
3537 4893 3786 4969 ἐννύχιοι
3845 4892 3898 4950 ἐν

457 4978 744 5050 palatium
767 4976 1192 5048 scaramangiis
1206 4975 1419 5044 induti,
1439 4981 1497 5034 et
1517 4978 1568 5034 si
1581 4978 1750 5050 jubet
1769 4981 1849 5038 im
1856 4988 2078 5054 perato:

2275 4989 2303 5058 ρ
2333 4985 2586 5057 παλατίῳ
2615 4985 2721 5040 ἀπὸ
2754 4985 3208 5061 σκαραμαγγίων,
3242 4985 3333 5039 καὶ
3385 4983 3434 5038 εἷ
3477 4982 3691 5039 κελεύει
3726 4984 3754 5037 6
3789 4983 3896 5059 βα-

459 5067 706 5125 navibus
729 5082 834 5138 pro
860 5080 1020 5121 more
1037 5063 1216 5136 abire,
1240 5067 1439 5122 statim
1466 5081 1602 5122 cum
1631 5067 1727 5138 iis,
1753 5085 1902 5141 quos
1920 5073 2080 5144 jubet

2272 5073 2407 5138 ,λεὺς
2434 5076 2686 5132 ἀπελθεῖν
2720 5073 2810 5130 διὰ
2849 5079 2944 5130 τοῦ
2989 5074 3163 5138 πλοὸς
3215 5077 3328 5149 (41)
3380 5075 3516 5130 κατὰ
3565 5075 3893 5145 συνήθειαν,

1812 5217 2057 5278 VARIZE
2098 5223 2519 5286 LECTIONES.

531 5333 578 5369 ²⁴
609 5330 829 5408 στιάραν
862 5331 994 5390 cod.

1513 5461 1710 5521 JOAN.
1750 5462 1882 5522 JAC
1921 5467 2179 5528 BEISKII
2219 5472 2812 5532 COMMENTARIUS.

498 5599 637 5685 .(tp)
667 5593 1158 5685 Jamihabuitnus
1201 5593 1289 5685 bis
1316 5594 1420 5682 vel
1455 5599 1544 5652 ter
1585 5597 1918 5685 elliptica‘m.
1950 5603 2104 5685 banc
2212 5608 2482 5685 urbanam
2529 5615 2748 5685 partem
2807 5609 3075 5681 factionis
3118 5610 3506 5680 Prasinorum,
3543 5611 3887 5668 Venetorum

454 5661 774 5752 dictiopem
802 5684 906 5742 pro
937 5666 989 5752 οξ
1023 5668 1126 5752 τῆς
1158 5661 1461 5752 πολιτικῆς
1491 5661 1736 5752 μερίδοξ,
1767 5673 1858 5752 Vel
1893 5661 2102 5752 ἀγέλης

455 5744 544 5801 vel
594 5735 842 5812 πλήθύᾱς
893 5742 991 5794 τοῦ
1051 5735 1247 5811 μέρους
1275 5743 1384 5792 τῶν
1418 5735 1728 5813 Πρασίνων,
1754 5745 1847 5801 illi
1875 5735 1973 5818 qu't'
2027 5735 2103 5806 ἀεὶ
2211 5735 2233 5752 ’ί
2256 5735 2535 5825 (Ηγείο
2568 5769 2776 5828 nempe
2806 5755 3066 5815 formant
3096 5754 3230 5815 novi
3266 5753 3446 5814 ϐυθοὶ
3475 5752 3822 5828 genitivum
3855 5772 3886 5810 a
