4104 6416
366 444 488 505 335

1443 432 1970 496 CONSTANTINI
2013 431 2720 494 PORPHYROGENITI

3677 428 3803 487 336

368 580 647 636 mandato
668 575 902 648 signum
927 571 1334 631 cerimoniario
1357 571 1458 627 dat
1487 576 1545 626 et
1565 570 1711 626 dicit
1740 586 1754 624 :
1789 592 1816 618 «
1848 568 2028 625 Jube-

2158 566 2236 620 ιιιαῖ
2269 563 2522 641 δέχονται
2553 565 2716 620 αὐτὸν
2741 561 2912 618 ἐκεῖσε
2941 561 3000 617 οἵ
3031 583 3090 618 τε
3129 561 3411 636 πατρίκιοι
3461 559 3553 614 καὶ
3601 568 3806 635 στρατ-

369 675 464 737 te;
492 690 519 717 »
535 667 617 722 illi
637 683 651 722 :
672 663 1536 733 «Inmultabonaquelempora.
1557 682 1584 710 ››
1600 657 2032 726 Inde,cubiculi

381 756 668 829 praefectis
687 759 746 809 et
776 758 979 809 senatu
1010 750 1447 818 comitantibus,
1474 765 1575 822 per
1595 749 1916 813 cochleam,
1934 763 2037 818 per

373 863 548 918 quam
602 844 967 910 ascenderat,
1030 856 1234 896 rursus
1291 839 1614 906 descendit,
1674 839 1850 910 inque
1907 838 2035 907 ejus

373 933 636 990 inferiori
669 936 833 1004 parte
865 929 1092 1002 patricii
1121 933 1179 984 et
1215 928 1457 1000 strategi
1493 944 1613 983 una
1652 943 1785 983 cum
1829 933 2032 982 senatu

373 1041 507 1081 eum
537 1022 856 1092 excipiunt,
877 1024 934 1075 et
957 1035 1162 1074 rursus
1195 1017 1366 1089 signo
1400 1018 1471 1072 ab
1495 1016 1846 1088 imperatore
1880 1032 2034 1085 prae—

375 1111 566 1182 posito
601 1112 756 1176 dato,
791 1109 842 1165 is
873 1107 1192 1164 silentiario
1221 1106 1448 1167 annuit.
1485 1106 1586 1178 qui
1647 1105 1790 1161 dicit
1824 1120 1838 1158 :
1873 1126 1900 1154 ‹‹
1940 1103 2044 1160 Ju-

373 1201 503 1256 bcte
526 1220 541 1270 ;
567 1222 596 1250 »
620 1197 774 1255 atilli
803 1215 816 1254 :
843 1198 944 1252 66
982 1218 1010 1247 ι(
1045 1199 1108 1253 In
1140 1195 1329 1252 multa
1367 1195 1638 1267 bonaque
1675 1198 1964 1265 tempora,
2007 1215 2035 1243 ››

375 1288 707 1360 imperatori
749 1287 1096 1342 acclamant.
1139 1284 1267 1352 Qui,
1326 1284 1473 1356 ipsis
1521 1282 1967 1348 comitantibus,
2009 1298 2040 1338 e

378 1384 549 1450 porta
572 1375 899 1448 baptisterii
929 1373 1249 1446 egreditur,
1282 1375 1423 1428 dum
1457 1371 1901 1428 cerimoniarius
1933 1387 2035 1443 pro

377 1484 540 1523 more
562 1467 670 1539 ipsi
695 1465 982 1522 acclamat
1007 1481 1020 1519 :
1049 1485 1074 1516 α
1100 1462 1357 1534 Caplate,
1381 1463 1637 1529 Domini,
1662 1482 1690 1511 ››
1725 1461 2042 1532 statimque

379 1572 512 1611 eum
537 1556 813 1610 tribunus
840 1553 1192 1608 Venetorum
1225 1567 1323 1607 seu
1356 1551 1712 1606 domesticus
1742 1551 2036 1606 sholarum

381 1661 514 1700 cum
557 1643 681 1700 suis
721 1642 955 1714 excipit,
988 1642 1160 1712 eique
1199 1658 1232 1695 a
1271 1640 1675 1696 cerimoniario
1729 1641 2040 1709 adductus,

380 1749 581 1789 cruces
602 1748 633 1788 e
664 1731 813 1787 rosis
843 1735 1142 1786 contextae
1174 1731 1378 1786 tradit:
1413 1730 1586 1801 paulo
1609 1733 1739 1800 post
1771 1730 2043 1801 princeps

382 1821 736 1876 Venetorum
760 1825 819 1876 et
849 1820 976 1891 ipse
998 1836 1030 1873 a
1050 1817 1457 1875 cerimoniario
1487 1818 1800 1884 adductus,
1843 1833 2042 1874 cruces

2145 655 2270 727 ηγοὶ
2348 656 2452 709 ἀπὸ
2527 648 2931 729 γρυσοτάϐλων
3012 648 3335 726 χλανιδίων,
3390 649 3482 703 καὶ
3523 646 3806 718 πεσόντες,

2143 744 2279 800 νεύει
2315 747 2343 799 6
2374 744 2734 820 πραιπόσιτος
2764 744 2868 798 ὰπὸ
2916 741 3216 803 κελεύσεως
3257 745 3338 812 τῷ
3385 746 3483 808 τῆς
3529 740 3809 794 καταστά-

2146 854 2280 895 σεως
2311 835 2400 888 καὶ
2433 832 2598 908 λέγει’
2638 857 2665 885 ‹‹
2697 831 3020 890 Κελεύσατε·
3066 855 3094 882 ››
3145 829 3302 885 αὐτοὶ
3355 825 3411 882 δὲ
3463 828 3806 906 ὑπερεύχ⁰ν“

2143 945 2253 979 ταιο
2284 949 2311 975 ‹‹
2345 925 2436 986 Εἰς
2484 923 2729 985 πολλοὺς
2778 925 2868 978 καὶ
2912 923 3146 998 ἀγαθοὺς
3189 922 3446 998 χρόνους.
3483 945 3510 972 ››
3562 919 3665 977 Καὶ
3698 917 3806 990 δη-

2148 1017 2501 1092 ριγευόμενος
2530 1016 2636 1070 ἀπὸ
2665 1017 2771 1070 τῶν
2810 1015 2981 1070 ἐκεῖσε
3016 1015 3119 1070 ὑπό
3157 1034 3217 1068 τε
3240 1018 3348 1068 τῶν
3378 1011 3664 1087 ἀρχόντων
3702 1017 3806 1066 τοῦ

2146 1101 2540 1160 κουὸουκλείου
2583 1107 2671 1160 καὶ
2723 1113 2824 1175 τῆς
2870 1103 3204 1180 συγκλήτου,
3252 1102 3576 1177 κατέρχεται
3616 1099 3685 1155 δι’
3738 1103 3809 1156 οὗ

2147 1195 2237 1251 καὶ
2264 1193 2466 1264 ἀνῆλθε
2495 1194 2758 1269 κοχλιοῦ,
2791 1195 2877 1249 καὶ
2916 1191 3170 1267 δέχονται
3218 1193 3384 1247 πάλιν
3442 1191 3496 1246 ἐν
3524 1195 3604 1264 τῷ
3642 1190 3813 1261 πλη-

2151 1283 2366 1357 ρώματι
2405 1285 2501 1336 τοῦ
2541 1279 2778 1357 κοχλιοῦ
2820 1283 2871 1335 οἳ
2932 1301 2990 1335 τε
3039 1279 3321 1353 πατρίκιοι
3362 1279 3453 1334 καὶ
3503 1280 3818 1352 στρατηγοὶ

2151 1372 2264 1444 ἅμα
2303 1375 2370 1445 τῇ
2413 1370 2730 1445 συγκλήτῳ,
2790 1370 2880 1426 καὶ
2940 1367 3108 1424 πάλιν
3165 1364 3349 1424 λαϐὼν
3391 1373 3562 1440 νεῦμα
3605 1369 3631 1423 6
3663 1388 3816 1441 πρα-

2151 1462 2378 1522 πὸσιτος
2429 1461 2575 1535 παρὰ
2620 1464 2720 1514 τοῦ
2775 1457 3066 1534 βασιλέως,
3114 1459 3253 1513 νεύει
3301 1463 3383 1530 τῷ
3433 1455 3819 1532 σιλεντιαρίῳ,

2151 1549 2397 1612 κάκεῖνος
2434 1548 2604 1622 λέγει·
2656 1574 2683 1602 ‹‹
2719 1547 3042 1606 Κελεύσατε’
3081 1571 3109 1600 ››
3154 1547 3310 1604 αύτοὶ
3360 1544 3420 1602 δὲ
3474 1547 3820 1622 ὑπερεύχον-

2151 1660 2238 1694 ται
2277 1639 2369 1694 τὸν
2416 1634 2663 1694 ϐασιλέα·
2723 1663 2749 1689 ‹‹
2793 1637 2888 1699 Εἰς
2941 1636 3192 1699 πολλοὺς
3234 1637 3324 1691 καὶ
3379 1634 3614 1710 ἀγαθοὺς
3669 1636 3816 1711 χρό-

2152 1749 2300 1790 νους,
2351 1753 2379 1781 ››
2440 1730 2544 1784 Καὶ
2607 1726 3032 1803 δηριγευὸμενος
3093 1725 3184 1780 ὑπ’
3235 1727 3413 1780 αὐτῶν
3456 1727 3484 1779 6
3528 1725 3808 1801 βασιλεὺς,

2153 1815 2431 1895 ἐξερχεται
2467 1819 2567 1888 τήν
2603 1815 2786 1887 πύλην
2832 1821 2928 1870 τοῦ
2975 1815 3270 1890 λουτῆρος,
3318 1819 3622 1892 φωνοῦντος
3671 1816 3812 1870 κατὰ

384 1912 433 1966 ei
452 1910 836 1967 etiasciculos
853 1909 1086 1979 ﬂorum,
1105 1913 1170 1964 ut
1184 1909 1408 1964 dictum
1422 1916 1530 1977 est,
1543 1908 1734 1975 oﬂ'ert,
1758 1925 1874 1980 quo
1891 1908 2042 1964 facto

2158 1906 2214 1960 τὸ
2247 1907 2474 1977 σύνηθες
2507 1911 2604 1962 τοῦ
2629 1913 2730 1975 τῆς
2769 1906 3150 1967 καταπάσεῶς
3190 1906 3275 1975 τὸ,
3329 1928 3356 1955 ‹‹
3390 1905 3661 1975 Καπλάτε,
3709 1905 3812 1960 Δόο

2476 1996 2490 2008 .
2531 1993 2577 2008 κ.
2823 1993 2897 2008 η,
3041 1995 3054 2008 .
3116 1991 3140 2008 ,ς
3354 1993 3363 2008 .
3553 1998 3580 2008 -
3654 1999 3692 2008 .,
3763 1993 3775 2008 .

386 2002 646 2056 notarius
671 2000 944 2055 factionis
957 1999 1086 2068 ejus
1111 1998 1340 2054 iambos
1365 1998 1493 2053 festi
1517 1997 1762 2053 orditur.
1781 1997 1844 2052 In
1875 2003 2041 2055 exte-

384 2092 520 2148 riori
546 2097 710 2162 porta
732 2091 1006 2147 tribunus
1026 2090 1402 2145 Prasinorum
1425 2105 1529 2144 seu
1553 2088 1920 2145 domesticus
1953 2105 2044 2144 ex-

385 2181 720 2238 cubitorum
753 2181 935 2243 adest,
961 2179 1060 2250 qui
1092 2195 1125 2232 a
1154 2177 1561 2233 cerimoniario
1595 2178 1905 2248 adductus,
1937 2176 2042 2232 im-

387 2269 638 2339 peratori
661 2285 862 2324 cruces
883 2283 912 2322 e
937 2266 1084 2323 rosis
1109 2270 1406 2322 contextus
1433 2271 1489 2322 et
1513 2266 1683 2322 ﬂores
1714 2267 1925 2322 odoros
1957 2267 2040 2322 of-

385 2358 514 2414 fert.
528 2359 821 2414 Postremo
835 2357 1108 2412 tribunus
1124 2356 1501 2411 Prasinorum
1517 2356 1929 2428 imperatorem
1947 2372 2040 2412 ex-

387 2447 551 2518 cipit,
576 2447 898 2517 eademque
932 2462 1058 2516 quas
1090 2445 1280 2499 cmteri
1315 2444 1670 2499 munuscula
1702 2445 1816 2515 ipsi
1837 2446 2034 2501 tradit.

2159 2017 2315 2068 μηνι,
2352 1996 2494 2050 »καὶ
2527 1993 2746 2070 δέχεται
2787 1993 2981 2056 εὐθέως
3035 1995 3062 2049 6
3113 1991 3474 2069 δημοκράτης
3513 1998 3618 2048 τῶν
3650 1993 3807 2049 Βενὲ-

2151 2110 2282 2158 των,
2316 2090 2488 2164 ἤγουν
2522 2089 2549 2142 6
2582 2085 2903 2161 δομέστικος
2930 2091 3038 2142 τῶν
3087 2085 3335 2162 σχολῶν,
3386 2087 3472 2142 καὶ
3512 2084 3802 2142 ἐπιδίδωσι

2151 2182 2230 2250 τῷ
2264 2177 2481 2253 βασιλεῖ
2521 2178 2891 2252 κρατούμενος
2928 2179 2970 2212 ³⁸
3015 2177 3118 2230 ὑπὸ
3148 2180 3248 2232 τοῦ
3298 2178 3344 2212 ²⁹
3389 2180 3486 2242 τῆς
3533 2177 3806 2231 καταστά-

2155 2287 2313 2336 σεως,
2348 2266 2611 2341 σταυροὺς
2646 2262 3046 2339 ῥοδοπλόκους,
3078 2264 3170 2318 καὶ
3205 2266 3320 2336 μετ’
3355 2264 3544 2340 ὀλίγον
3587 2261 3814 2338 δὲγεται

2153 2356 2180 2410 6
2209 2353 2502 2430 δήμαρχος
2536 2361 2641 2410 τῶν
2679 2353 2934 2421 Βενέτων,
2986 2351 3361 2427 κρατούμενος
3405 2350 3462 2406 δὲ
3508 2354 3599 2407 καὶ
3649 2352 3816 2415 αύτὸς

2151 2445 2253 2502 ὑπὸ
2318 2449 2416 2499 τοῦ
2481 2451 2582 2514 τῆς
2646 2443 3046 2511 καταστάσεως,
3107 2439 3392 2496 ἐπιδίδωσι
3447 2447 3529 2514 τῷ
3589 2440 3818 2517 βασιλεῖ

317 2597 324 2604 _
388 2535 650 2607 σταυροὺς
700 2533 789 2587 καὶ
835 2529 1102 2607 ὀσφράδια
1151 2533 1288 2604 (46),
1339 2531 1415 2594 ὡς
1462 2531 1808 2606 προείρηται,
1857 2532 1947 2587 καὶ
2019 2534 2217 2600 εὐθέως
2278 2534 2505 2608 ἄρχεται
2555 2534 2584 2587 6
2649 2531 2902 2608 νοτάριος
2961 2535 3059 2586 τοῦ
3126 2531 3294 2588 αὐτοῦ
3363 2529 3560 2605 μέρους
3624 2529 3815 2606 λέγειν

384 2621 513 2684 τοὺς
556 2617 791 2694 ἰάμϐους
821 2629 920 2689 τῆς
952 2621 1170 2693 ἑορτῆς.
1197 2621 1283 2676 Ἐν
1338 2619 1396 2674 ὀὶ
1442 2623 1510 2693 τῇ
1559 2615 1659 2692 ἔξω
1715 2620 1862 2695 πύλῃ
1917 2619 2137 2698 δέχεται
2189 2625 2216 2678 6
2263 2620 2617 2698 δημοκράτης
2665 2628 2774 2677 τῶν
2825 2620 3128 2697 Πρασίνων,
3178 2617 3351 2696 ἤγουν
3403 2622 3432 2676 6
3481 2618 3803 2693 δομέστικος

384 2714 492 2764 τῶν
543 2705 936 2781 ἐκσκουϐίτων,
997 2705 1285 2763 ἐπιδίδωσι
1331 2705 1387 2762 δὲ
1437 2710 1527 2763 καὶ
1578 2709 1737 2772 αὐτὸς
1786 2715 1866 2782 τῷ
1917 2713 2134 2786 βασιλεῖ
2183 2713 2549 2786 κρατούμενος
2602 2712 2706 2767 61:6
2751 2715 2848 2766 τοῦ
2906 2717 3006 2780 τῆς
3073 2709 3471 2777 καταστάσεως,
3540 2712 3806 2782 σταυροὺς

388 2796 772 2870 ῥοδοπλόκους
802 2800 892 2853 καὶ
927 2795 1217 2876 ὀσφράδια.
1255 2797 1387 2852 Εἶτα
1413 2795 1633 2873 δέχεται
1679 2799 1707 2853 6
1758 2796 2050 2875 δήμαρχος
2099 2805 2210 2856 τῶν
2260 2801 2560 2874 Πρασίνων,
2609 2799 2895 2856 ἐπιδίδωσι
2935 2797 2991 2856 δὲ
3039 2800 3130 2856 καὶ
3175 2799 3336 2862 αὐτὸς
3383 2804 3464 2871 τῷ
3496 2797 3716 2873 βασιλεῖ
3736 2822 3817 2862 ως

392 2887 484 2941 καὶ
517 2889 568 2942 οἱ
600 2889 707 2964 πρὸ
739 2887 924 2946 αύτοῦ.

464 2978 565 3032 III.
591 2980 646 3033 Is
670 2977 974 3050 paululum
1001 2995 1032 3032 a
1054 2978 1434 3034 Prasinorum
1461 2979 1711 3035 factione
1733 2980 2050 3048 digressus,

392 3085 425 3123 a
465 3082 646 3137 supra
685 3067 1025 3122 memoratis
1052 3069 1325 3136 stipatus,
1360 3068 1790 3139 processionem
1836 3069 2052 3140 excipit

391 3170 649 3227 cumque
699 3155 880 3212 cereis
932 3156 1195 3212 accensis
1250 3173 1447 3211 coram
1499 3159 1827 3213 veneranda
1878 3175 2051 3217 cruce

391 3249 663 3315 precatur
683 3248 741 3299 et
761 3249 1029 3299 sanctum
1054 3244 1436 3316 Evangelium
1459 3261 1525 3301 ac
1545 3245 1734 3317 ipsam
1767 3263 2047 3304 veneran-

391 3301 528 3392 dam
571 3349 802 3388 crucem
847 3334 1071 3388 adorat.
1104 3333 1171 3388 Et
1209 3301 1314 3400 sic,
1348 3301 1658 3404 postquam
1702 3351 1764 3391 se
1797 3301 2046 3393 invicem
2083 3301 2126 3367 Ο

392 3423 712 3478 adorarunt
756 3421 1124 3494 osculatique
1164 3427 1316 3489 sunt,
1360 3423 1674 3494 imperator
1719 3423 2049 3492 revertitur,

394 3516 451 3567 et
472 3528 505 3566 a
529 3510 818 3581 praefectis
842 3509 1132 3580 cubiculo,
1159 3510 1443 3582 patriciis,
1468 3511 1736 3582 strategis
1757 3520 1811 3568 et
1841 3519 2048 3571 senatu

397 3603 669 3671 stipatus,
714 3601 1143 3671 processionem
1196 3601 1483 3672 praecedit,
1531 3617 1748 3672 perque
1797 3603 2052 3660 mediam

395 3688 723 3760 baptisterii
769 3695 992 3760 portam
1034 3690 1352 3759 digressus,
1396 3690 1733 3746 narthecem
1777 3690 1959 3748 intrat
1997 3696 2055 3750 et

396 3779 457 3834 in
489 3777 628 3833 sella
659 3779 845 3848 sedet,
870 3794 1056 3849 usque
1077 3779 1217 3833 dum
1242 3777 1534 3849 precessio
1557 3795 1690 3834 cum
1726 3779 2056 3852 patriarcha

395 3867 612 3935 veniat,
640 3872 1003 3938 exspectans.
1031 3870 1156 3934 Qua
1186 3867 1474 3934 veniente,
1509 3868 1819 3939 imperator
1847 3870 2052 3942 surgit,

398 3965 452 4012 et
474 3961 780 4028 postquam
811 3973 875 4013 se
896 3956 1142 4013 invicem
1168 3959 1488 4014 adorarunt
1508 3958 1874 4029 osculatique
1895 3965 2054 4030 sunt,

398 4045 614 4100 abeunt
659 4049 716 4102 et
760 4046 818 4101 in
868 4046 959 4101 via
990 4045 1496 4119 imperatoriarum
1530 4053 1832 4120 portarum
1863 4049 2058 4106 subsi-

2237 2983 2310 3039 I".
2344 2981 2449 3038 Καὶ
2484 2982 2676 3054 μικρὸν
2714 2977 3020 3049 ὑπεξελθὼν
3069 2980 3096 3034 ὁ
3141 2978 3399 3054 βασιλεὺς
3433 2978 3541 3034 ἀπὸ
3575 2982 3675 3049 τῆς
3724 2978 3821 3036 60-

2166 3071 2274 3143 χῆς
2302 3072 2410 3125 τῶν
2444 3069 2754 3146 Πρασίνων,
2779 3067 3211 3144 δηριγευόμενος
3245 3069 3348 3123 ὑπὸ
3399 3074 3512 3124 τῶν
3563 3069 3826 3146 ἀνωτέρω

2165 3159 2490 3232 εἰρημένων,
2545 3157 2763 3234 δέχεται
2822 3160 2922 3227 τήν
2973 3160 3158 3229 Λιτήν,
3220 3159 3309 3213 καὶ
3366 3157 3510 3231 διψάς
3595 3162 3828 3235 κηροὺς,

2165 3244 2385 3322 εὔχεται
2433 3247 2487 3302 ἒν
2535 3253 2613 3320 τῷ
2662 3247 2831 3321 τιμίῳ
2880 3252 3094 3321 στατρῷ
3163 3248 3251 3303 καὶ
3313 3253 3608 3322 προσκυνεῖ
3655 3249 3718 3304 τό
3767 3271 3827 3304 τε

2164 3337 2437 3414 ἄχραντον
2471 3335 2804 3414 Εύαγγέλιον
2847 3337 2936 3392 καὶ
2990 3336 3148 3392 αὐτὸν
3198 3336 3290 3390 τὸν
3332 3337 3522 3410 τίμιον
3564 3340 3820 3413 σταυρόν.

2165 3425 2262 3480 Καὶ
2322 3425 2416 3480 εἶθ’
2471 3427 2644 3487 οὕτως
2694 3430 3091 3498 προσκυνοῦσιν
3148 3424 3446 3502 ἀμφότεροι
3503 3423 3820 3495 ἀλλήλους,

2164 3513 2256 3570 καὶ
2306 3515 2699 3588 ἀσπασάμενοι,
2735 3513 3057 3592 ὑποστρέφει
3110 3515 3138 3568 6
3194 3511 3469 3588 βασιλεὺς,
3513 3513 3603 3566 καὶ
3654 3510 3826 3586 δηρι-

2165 3603 2461 3681 γευόμενος
2491 3603 2593 3659 ὑπὸ
2617 3609 2726 3659 τῶν
2759 3603 3043 3678 ἀρχόντων
3092 3607 3192 3658 τοῦ
3238 3598 3654 3673 κουϐουκλείου,
3699 3622 3821 3656 πα-

2165 3695 2390 3768 τρικίων
2422 3715 2480 3748 τε
2504 3691 2595 3748 καί
2625 3696 2951 3768 στρατηγῶν
2991 3692 3081 3746 καὶ
3132 3699 3232 3762 τῆς
3286 3690 3622 3766 συγκλήτου,
3672 3686 3831 3765 διερ-

2168 3803 2327 3859 χεται
2369 3781 2672 3857 ἔμπροσθεν
2708 3789 2810 3851 τῆς
2867 3780 3048 3851 λιτῆς,
3107 3782 3196 3836 καὶ
3261 3779 3518 3844 εἰσελθὼν
3575 3777 3665 3834 διὰ
3720 3787 3833 3849 τῆς

2175 3871 2342 3945 μέσης
2373 3870 2556 3941 πύλης
2585 3876 2682 3927 τοῦ
2714 3871 3011 3946 λουτῆρος,
3045 3870 3350 3945 εἰσέρχεται
3381 3871 3434 3925 ἐν
3462 3873 3540 3940 τῷ
3586 3868 3832 3943 νάρθηκι

2169 3962 2259 4016 καὶ
2307 3959 2582 4030 καθέζεται
2655 3959 2742 4015 ἐπὶ
2809 3957 3035 4016 σελλίου
3085 3961 3437 4034 προσμένων,
3501 3957 3701 4033 μέχρις
3765 3957 3832 4012 ἄν

2171 4043 2452 4122 καταλάϐῃ
2481 4049 2516 4117 ἡ
2550 4045 2678 4116 λιτὴ
2713 4047 2848 4122 μετᾶ
2873 4051 2971 4102 τοῦ
3017 4047 3380 4121 πατριάρχου.
3434 4045 3530 4099 Καὶ
3583 4043 3830 4100 καταλα-

1773 4174 2007 4230 VARIZE
2045 4174 2349 4232 LECTION
2359 4176 2461 4234 ES.

469 4263 516 4340 {3
545 4257 831 4340 ἐπιδίδωσι
864 4295 931 4303 ——
962 4262 1330 4336 κρατούμενος
1369 4265 1522 4336 conj.
1558 4265 1780 4334 Leich.,
1821 4260 2128 4319 ἐπιδιδοῦσι
2159 4297 2227 4308 -
2256 4265 2618 4340 κρατούμενοι
2649 4267 2776 4324 cod.
2853 4265 2900 4301 '9
2934 4264 3036 4319 ὑπὸ
3064 4266 3162 4318 τοῦ
3194 4263 3350 4334 conj.
3386 4262 3478 4332 R.,
3520 4260 3610 4315 61:'
3651 4257 3819 4314 αὐτοῦ

398 4337 529 4394 cod.
562 4339 621 4392 et
650 4335 743 4392 ed.

1437 4444 1642 4502 JOAN.
1684 4444 1829 4501 JAC.
1874 4445 2142 4502 REISKII
2185 4445 2780 4506 COMMENTARIUS.

471 4573 584 4646 (46)
631 4565 965 4646 Ὀσφράὸιαη
1003 4570 1128 4646 Mos
1172 4570 1677 4646 _bic_imperat9ri
1728 4571 1805 4646 in_
1844 4572 2052 4646 diebus

399 4641 923 4713 festis'procedenti
948 4641 1257 4698 fasciculos
1289 4641 1500 4698 {lorum
1533 4643 1809 4699 olferendi
1841 4661 1876 4699 a
1903 4644 2058 4700 Grie-

402 4714 490 4770 cis
528 4714 601 4768 ad
640 4713 892 4770 Venetos
933 4715 1210 4782 manavit,
1252 4714 1582 4769 Graecorum
1623 4713 1762 4768 olim
1806 4716 2059 4772 vasallos

403 4794 456 4838 et
489 4785 700 4858 socios,
725 4788 953 4858 etapud
979 4802 1078 4840 eos
1101 4785 1292 4858 adhuc
1318 4785 1559 4841 obtinet.
1582 4784 1688 4858 Die
1711 4802 1921 4858 nempe
1953 4792 2060 4842 As-

405 4855 694 4940 censionis
737 4855 984 4940 Claristi,
1015 4873 1129 4940 quo
1175 4857 1520 4939 Venetorum
1562 4857 1699 4940 duit,
1742 4863 1807 4912 ut
1849 4855 2056 4940 notum

406 4930 515 4990 est,
549 4927 727 4981 maris
766 4927 1044 4999 Adriatici
1083 4927 1396 4999 imperium
1440 4927 1770 4996 reipublicm
1801 4946 1921 4986 suae
1959 4931 2058 4987 de-

406 5001 668 5077 sponsat,
705 4998 1036 5077 patriarcha
1064 4998 1380 5077 Qradensis
1419 4999 1551 5054 duci
1584 5000 1644 5055 in
1677 5016 1834 5056 mare
1866 5005 2060 5058 evecto

405 5067 716 5123 fasciculos
746 5068 978 5138 florum,
1002 5071 1105 5126 sed
1135 5075 1256 5126 arte
1287 5073 1596 5136 factorum,
1620 5088 1735 5127 non
1768 5078 1923 5129 terra
1949 5090 2062 5128 na-

405 5142 655 5216 torum,_
681 5147 1043 5216 praesentat.__
1075 5142 1389 5216 Keyslerus
1434 5145 1492 5198 in
1553 5143 1856 5216 Itinerario
1923 5161 2055 5216 pag.

409 5209 570 5284 1098,
609 5209 695 5264 sic
732 5221 964 5284 narrat:
1001 5209 1333 5284 Untefweges
1370 5213 1571 5268 kommt
1607 5214 1706 5270 der
1748 5209 2055 5283 Patria'rcli,

403 5282 647 5354 cpelclier
667 5299 743 5336 an
762 5281 969 5338 diesem
991 5289 1217 5354 Morgen
1237 5281 1378 5341 auch
1400 5287 1579 5340 einem
1597 5287 1747 5340 alter:
1781 5281 2060 5342 Gebrauch

405 5352 507 5406 der
545 5351 634 5407 die
677 5357 930 5422 maessige
969 5351 1266 5410 Lebehsart
1303 5357 1402 5411 der
1442 5356 1774 5412 Geistlichen
1805 5374 1907 5413 von
1936 5373 2058 5413 ver-

363 5491 370 5497 _
405 5440 695 5497 geugenen
735 5425 923 5480 Zeiten
969 5428 1108 5482 noch
1151 5430 1206 5482 in
1253 5427 1543 5482 Andenken
1587 5429 1803 5496 erhzlt,
1835 5433 1895 5484 in
1937 5431 2059 5485 dem

404 5495 758 5570 Klosterder
806 5498 1346 5570 Olivetanermcnche
1383 5503 1488 5570 auf
1533 5500 1629 5555 der
1673 5495 1815 5556 Insel
1854 5502 1905 5556 S.
1954 5503 2060 5556 He-

408 5567 683 5642 lenami!
725 5569 1181 5642 Castanien_und
1228 5567 1464 5626 [Vasser
1508 5571 1759 5626 tractiret
1806 5574 2056 5642 worden,

406 5636 568 5713 nebst
589 5641 768 5713 einem
792 5642 990 5713 _Thez'le
1017 5640 1116 5697 der
1145 5642 1386 5712 Clerisey
1417 5645 1636 5712 aufdas
1666 5636 2054 5713 Bucentorum,

406 5712 521 5787 and
547 5710 838 5787 bescihenpki
855 5713 960 5770 den
983 5715 1120 5787 Doge
1141 5713 1295 5787 nebat
1317 5710 1414 5787 der
1442 5710 1707 5787 Signoria
1734 5717 1836 5771 mit
1865 5710 2056 5773 kz‘mstl

408 5781 520 5838 lich
554 5785 908 5854 verfertigten
942 5781 1174 5842 Bluinen
1201 5784 1330 5841 oder
1357 5781 1647 5858 Bouq'uets,
1678 5787 1880 5846 welche
1905 5787 2056 5846 dies:

2088 4577 2133 4642 D
2165 4575 2405 4648 hernae}:
2461 4578 2557 4648 bay
2617 4575 2776 4648 ihrer
2830 4573 3209 4644 Zuritckkunft
3265 4588 3340 4648 an
3393 4573 3520 4640 gate
3575 4566 3834 4648 Ιζζειριάσ

2168 4647 2441 4703 schicken.
2464 4639 2630 4703 Ferte
2660 4647 2797 4703 inde
2826 4660 3060 4716 quoque
3091 4639 3347 4700 manavit
3371 4639 3496 4697 mos
3518 4639 3673 4696 sedis
3706 4639 3832 4695 Ro-

2173 4735 2360 4774 manas
2380 4735 2571 4774 rosam
2588 4733 2824 4774 auream
2844 4719 2903 4772 in
2922 4716 3226 4772 Dominica
3248 4717 3458 4770 Lartare
3472 4727 3833 4767 consecran-

2172 4791 2252 4858 di,
2285 4807 2458 4861 quam
2502 4807 2653 4861 papa
2693 4791 2821 4857 fert,
2853 4787 3233 4861 etcardinali
3269 4787 3346 4861 de
3371 4783 3677 4861 comitatu
3699 4782 3837 4861 eui-

2171 4854 2320 4916 δέω·
2340 4854 2533 4931 regive
2561 4854 2659 4915 a'ut
2689 4854 2937 4931 principi
2959 4859 3111 4914 dono
3136 4857 3332 4931 mittit,
3355 4857 3436 4931 de
3448 4871 3566 4925 qua
3583 4854 3705 4931 vid.
3725 4855 3827 4931 pu

2171 4878 2306 4916 nam
2340 4879 2400 4917 re
2446 4878 2533 4916 we
2561 4878 2659 4915 aut
2689 4878 2937 4931 ριίηοιρι
2959 4878 3111 4914 nono
3136 4878 3332 4928 ωιιιιι,
3355 4878 3426 4911 ne
3448 4878 3566 4925 qua
3586 4878 3705 4908 για.
3735 4878 3827 4909 υιι

2170 4932 2362 5004 Gange
2402 4878 2593 4988 gloss.
2637 4932 2762 4987 Lat.
2803 4947 2858 4987 ν.
2899 4931 3056 5004 Rosa.
3082 4927 3357 5004 Libellus
3380 4925 3675 5004 _Fasconi_s
3716 4925 3838 4981 Co-

2171 4997 2334 5060 mitie
2352 5004 2790 5074 Andegavensis
2810 5003 2967 5074 apud
2989 5001 3355 5057 Holstenium
3373 4997 3606 5074 Collect.
3627 4998 3772 5052 Rom
3787 5014 3832 5053 .:

2174 5077 2274 5131 Ubi
2304 5076 2447 5131 mihi
2475 5068 2664 5146 ﬂiirem
2698 5068 2954 5142 aureum,
2990 5089 3151 5144 quem
3179 5089 3354 5146 manu
3386 5068 3624 5146 gerebat,
3660 5084 3838 5146 quem

2171 5162 2266 5216 ego
2320 5146 2384 5202 ob
2431 5140 2758 5202 memoriam
2803 5153 2856 5202 et
2903 5140 3151 5201 umbram
3204 5143 3360 5199 illius
3419 5143 3638 5216 Osanna
3692 5140 3835 5211 [seu

2175 5213 2470 5275 Dominica
2503 5218 2857 5289 Palmarum]
2887 5217 3289 5289 smpeﬁmilit'
3306 5287 3313 5289 ξ
3338 5213 3582 5289 meisque
3611 5227 3836 5289 {noceat

2170 5290 2383 5362 scribus
2455 5289 2810 5362 deferendum
2839 5281 3185 5362 “constitui:
3212 5287 3355 5342 Vide
3413 5281 3567 5362 infra
3623 5281 3834 5362 Nostri

2171 5377 2228 5432 p.
2259 5361 2376 5428 100,
2402 5363 2502 5417 ubi
2522 5354 2848 5434 imperator
2877 5359 3211 5434 SabbaloS.
3235 5357 3456 5434 Lazari,
3478 5371 3582 5411 seu
3613 5355 3710 5425 qui
3746 5354 3837 5411 fe-

2170 5431 2328 5488 stum
2379 5431 2716 5504 Palmarum
2763 5433 3055 5504 praecedit,
3101 5431 3317 5485 dicitur
3354 5432 3508 5504 inter
3548 5442 3832 5504 proceres

2169 5504 2429 5591 singulos
2475 5503 2574 5591 ἀνᾲ
2616 5493 2952 5591 ’ξνὸίβαίρὲ
2998 5493 3226 5591 ἔχοχτος
3266 5493 3829 5591 ’φοιὶθικρφυλλαβαὶ

2168 5568 2434 5652 σάμψυχα
2463 5576 2568 5652 *καὶ
2596 5572 2770 5652 ’ἕτερα
2796 5568 2987 5652 ἐύώδῃ
3029 5568 3188 5642 ἕνθη,
3235 5568 3329 5652 οίά
3359 5571 3387 5624 6
3422 5568 3547 5652 τύτε
3584 5568 3827 5643 παρέχει

2166 5643 2668 5723 καὶρὸς”.ςὶηριιιο.ς
2708 5643 3019 5723 fasciculos
3065 5661 3094 5702 θ
3141 5647 3318 5723 ramis
3383 5643 3725 5723 palmarum,
3776 5650 3838 5698 et

2167 5713 2338 5778 her'ba
2377 5713 2672 5790 maicrana
2701 5713 2753 5776 et
2781 5719 2917 5775 aliis
2952 5713 3415 5787 suaveolentibur,
3456 5713 3650 5788 qualia
3679 5721 3832 5771 tem-

2163 5808 2267 5865 pus
2293 5796 2468 5866 ferat,
2491 5792 2838 5849 distribuere.
