4104 6402
349 421 475 480 337

1229 418 1330 479 DE
1374 417 1830 480 GERIMONIIS
1874 418 2112 480 AULJE
2153 416 2631 480 BYZANTINAE
2674 419 2820 478 LIB.
2868 418 2914 478 Ι.

3658 422 3775 480 338

349 548 562 621 ϐούσης
606 554 710 620 τῆς
759 547 944 619 λιτῆς,
997 547 1272 605 ἀνίσταται
1319 549 1348 604 6
1399 547 1676 623 βασιλεὺς,
1707 550 1798 604 καὶ
1827 569 1998 622 προσ-

2111 554 2296 620 stunt,
2321 550 2416 606 ubi
2449 551 2781 622 imperator,
2815 554 3123 622 postquam
3154 567 3350 608 cereos
3381 569 3414 607 a
3445 554 3756 624 praeposito

352 643 682 712 κυνήσαντες
737 638 1041 716 ἀμφότεροι
1098 638 1190 693 καὶ
1246 638 1615 712 ἀσπασάμενοι
1678 639 2008 714 ἀπέρχονται

347 733 441 788 καὶ
490 730 735 785 ἵστανται
785 728 836 783 ἐν
883 732 964 801 τῷ
1013 725 1159 801 οὐδῷ
1197 729 1244 765 ³ο
1287 732 1394 784 τῶν
1440 727 1740 802 βασιλικῶν
1791 727 2000 797 πυλῶν,

344 821 441 878 καὶ
471 816 662 878 λαϐὼν
695 818 906 894 κηροὺς
937 820 1083 894 παρά
1126 823 1224 874 106
1270 818 1630 895 πραιποσίτου
1663 820 1690 874 6
1724 817 2002 894 βασιλεὺς,

343 912 566 985 εἱίχεται
620 909 817 974 ἐκεῖσε,
868 909 896 962 6
947 905 1004 962 δὲ
1049 905 1396 983 πατριάρχης
1444 904 1654 962 ἑκτελεῖ
1698 908 1796 975 τήν
1831 906 2001 982 εὐχὴν

339 1008 443 1069 τῆς
492 995 712 1054 εἰσόδου
758 1003 862 1066 τῆς
910 995 1055 1058 θείας
1103 995 1465 1070 λειτουργίας.
1517 995 1826 1069 Εὐξάμενος
1873 992 1930 1050 δὲ
1973 997 2002 1050 6

347 1087 632 1166 βασιλεὺς,
691 1083 981 1142 ἐπιδίδωσι
1039 1086 1166 1149 τοὺς
1219 1084 1427 1162 κηροὺς
1487 1089 1566 1157 τῷ
1629 1085 1998 1158 πραιποσίτῳ,

344 1181 587 1238 κάκεῖνος
646 1181 725 1248 τῷ
787 1182 892 1245 τῆς
941 1174 1340 1243 καταστάσεως,
1389 1174 1480 1229 καὶ
1526 1172 1846 1234 τελέσαντος
1903 1178 2000 1229 τοῦ

350 1269 689 1344 πατριάρχου
745 1266 849 1334 τήν
909 1265 1100 1340 εὐχήν,
1177 1269 1474 1337 προσκυνεῖ
1531 1264 1559 1318 6
1624 1261 1876 1338 βασιλεὺς
1934 1265 1996 1318 τὸ

354 1358 614 1432 ἄχραντον
677 1351 1018 1430 Εὐαγγέλιον
1076 1354 1166 1409 καὶ
1221 1354 1311 1408 τὸν
1366 1352 1550 1426 τίμιον
1609 1353 1857 1429 σταυρὸν,
1906 1351 1996 1408 καί

351 1443 744 1518 ἐπιλαϐόμενος
791 1448 893 1510 τῆς
943 1445 1131 1520 χειρὸς
1177 1443 1273 1500 106
1321 1443 1668 1518 πατριάρχου
1715 1446 1804 1498 καὶ
1836 1440 1997 1519 δηρι-

340 1536 634 1610 γευόμενος
691 1535 798 1589 ὑπὸ
846 1538 954 1590 τῶν
1000 1533 1413 1608 προειρημένων
1457 1534 1696 1600 πάντων,
1743 1529 1994 1610 διέρχον.

330 1648 417 1681 ται
452 1623 765 1700 ἀμφότεροι
801 1625 965 1696 μέσον
996 1619 1085 1677 διὰ
1129 1625 1225 1676 τοῦ
1273 1625 1404 1677 ναοῦ
1451 1620 1541 1676 καὶ
1574 1618 1664 1675 διὰ
1687 1627 1787 1691 τῆς
1821 1618 1993 1691 δεξιᾶς

329 1715 576 1788 πλαγίας
625 1717 726 1767 106
773 1707 1055 1784 ἄμϐωνος,
1105 1711 1443 1786 εἰσέρχονται
1501 1709 1823 1788 ἀμφότεροι,
1866 1710 1896 1766 6'
1935 1732 1992 1766 τε

339 1803 600 1880 βασιλεὺς
648 1801 738 1858 καὶ
797 1802 825 1857 ὁ
881 1800 1251 1876 πατριάρχης,
1283 1799 1334 1855 ἕν
1373 1804 1442 1873 τῇ
1476 1798 1656 1871 σωλέᾳ
1682 1800 1774 1855 καὶ
1804 1801 1860 1854 οἱ
1891 1799 1992 1876 ἄρ-

2121 639 2365 711 aeeepit,
2386 644 2675 710 precatur,
2693 639 3026 711 patriarcha
3048 656 3246 712 preces
3267 641 3538 698 introitus
3558 641 3768 699 divinas

2116 726 2370 802 liturgize
2403 730 2616 786 fundit.
2653 729 2990 801 Imperator,
3023 734 3335 800 postquam
3359 736 3628 800 precatus
3660 736 3766 795 est,

2115 834 2312 874 cereos
2374 818 2700 888 praeposito,
2764 817 2858 874 hic
2925 818 3378 875 cerimoniarum
3453 821 3767 892 magistro,

2115 906 2311 974 tradit,
2343 911 2404 964 et
2432 911 2742 978 postquam
2766 906 3102 978 patriarcha
3124 922 3323 978 preces
3355 907 3562 975 ﬁnivit,
3587 910 3769 980 impe-

2113 999 2272 1052 rator
2302 1002 2743 1053 sacrosanctum
2809 995 3189 1067 Evangelium
3256 1012 3322 1052 ac
3379 998 3764 1052 venerandam

2110 1101 2344 1141 crucem
2379 1085 2586 1140 adorat
2618 1101 2630 1139 :
2669 1099 2963 1156 manuque
2994 1085 3338 1156 patriarchas
3373 1085 3685 1156 prehensa,
3709 1091 3766 1141 et

2109 1175 2183 1230 ab
2205 1173 2482 1229 omnibus
2504 1180 2636 1229 ante
2654 1174 2826 1230 dictis
2846 1173 3062 1244 stipati,
3078 1189 3181 1244 per
3205 1173 3458 1229 medium
3481 1173 3763 1244 templum

2109 1269 2165 1320 et
2195 1264 2467 1319 dextrum
2501 1261 2770 1319 ambonis
2798 1261 2954 1318 latus
2985 1262 3255 1334 digressi,
3288 1263 3544 1334 utrique,
3579 1264 3763 1334 impe-

2107 1361 2264 1409 rator
2323 1357 2380 1409 et
2435 1352 2790 1424 patriarcha,
2851 1351 3068 1408 soleam
3126 1352 3352 1408 intrant
3413 1368 3428 1408 :
3489 1353 3761 1408 cubiculo

2106 1449 2300 1501 autem
2337 1443 2589 1516 praefecti
2638 1459 2705 1499 ac
2753 1443 2958 1514 reliqui
3003 1446 3164 1498 extra
3210 1442 3431 1499 soleam
3487 1443 3760 1514 utrinque

2105 1535 2425 1602 adstantes,
2468 1536 2728 1588 manent.
2773 1533 2869 1587 07
2919 1533 3238 1604 Postquam
3285 1549 3421 1590 vero
3454 1533 3526 1588 ad
3567 1549 3760 1588 sacras

2095 1624 2316 1694 januas
2347 1638 2678 1694 pervenere,
2702 1621 3034 1694 patriarcha
3067 1621 3388 1676 sacrarium
3419 1621 3618 1689 intrat,
3653 1621 3758 1676 im-

2103 1716 2332 1784 perator
2363 1713 2434 1767 ad
2479 1715 2714 1767 sanctas
2756 1713 2974 1782 januas
3017 1712 3314 1778 subsistit,
3345 1711 3444 1766 ubi
3486 1727 3618 1766 cum
3660 1726 3753 1765 ac-

2101 1801 2296 1857 censis
2343 1799 2524 1857 cereis
2569 1807 2859 1872 precatur,
2895 1799 3444 1871 eisqueprasposito
3482 1799 3750 1867 redditis,

339 1914 529 1970 χοντες
568 1897 673 1948 τοῦ
720 1885 1138 1960 κουϐουκλείου,
1183 1890 1236 1944 οἱ
1285 1888 1343 1945 δὲ
1391 1888 1579 1944 λοιποὶ
1614 1888 1860 1962 μένουσιν
1891 1887 1991 1960 ἔξω

2101 1907 2299 1948 sacras
2325 1891 2539 1960 januas
2569 1891 2794 1959 adorat,
2820 1893 3017 1960 postea
3047 1888 3367 1945 sacrarium
3391 1889 3561 1944 intrat
3582 1887 3753 1943 ﬂexo.

331 1989 431 2051 τῆς
495 1980 717 2042 σωλέας
783 1980 1012 2042 ἑστῶτες
1077 1978 1219 2044 ἔνθεν
1285 1979 1524 2038 κάκεῖσε.
1591 1977 1872 2041 Ἐλθόντες
1935 1976 1992 2034 δὲ

325 2072 498 2147 μέχρι
529 2075 646 2126 τῶν
693 2070 863 2145 ἁγίων
912 2074 1112 2146 θυρῶν,
1144 2071 1172 2124 6
1207 2069 1303 2142 μὲν
1352 2069 1702 2146 πατριάρχης
1733 2068 1986 2143 εἰσέρχε-

312 2181 400 2216 ται
431 2160 510 2222 εἷς
556 2161 626 2214 τὸ
687 2165 1102 2233 θυσιαστήριον,
1157 2155 1186 2212 6'
1240 2178 1298 2213 τε
1358 2155 1612 2234 βασιλεὺς
1639 2154 1854 2212 ’ίσταται
1886 2155 1985 2230 ἔμ-

319 2261 546 2324 προσθεν
580 2251 695 2304 τῶν
747 2249 918 2324 ἁγίων
973 2249 1172 2322 θυρῶν,
1221 2246 1310 2301 καὶ
1359 2245 1497 2320 ἆψας
1526 2247 1732 2320 κηροὺς
1760 2244 1981 2320 εὔχεται

312 2340 403 2392 καὶ
451 2335 780 2393 ἐπιδίδωσιν
825 2336 1024 2399 αὐτοὺς
1070 2340 1150 2409 τῷ
1197 2337 1570 2412 πραιποσίτῳ,
1600 2335 1692 2390 καὶ
1739 2354 1983 2410 προσκυ-

2102 1996 2215 2050 que
2247 1995 2397 2052 genu
2437 1982 2698 2034 sanctam
2738 1977 2999 2033 tabulam
3032 1981 3359 2045 veneratus,
3396 1977 3448 2033 ei
3478 1992 3747 2048 apocom-

2097 2068 2264 2124 bium
2295 2066 2566 2139 imponit,
2596 2070 2653 2122 et
2683 2082 2715 2122 e
2744 2066 3000 2123 sacrario
3031 2082 3321 2139 egressus,
3353 2080 3486 2122 eum
3518 2063 3749 2120 solenni

2097 2159 2376 2215 comitatu
2408 2173 2510 2230 per
2541 2157 2810 2213 dextrum
2841 2156 3047 2229 templi
3077 2155 3230 2212 latus
3268 2154 3588 2226 digreditur
3617 2171 3746 2226 per-

2093 2263 2209 2320 que
2237 2248 2452 2303 dictam
2475 2245 2771 2302 cochleam
2799 2244 2874 2300 ad
2895 2245 3337 2301 catechumenia
3356 2243 3479 2301 abit
3499 2247 3556 2299 et
3574 2243 3745 2300 solito

2089 2335 2217 2393 loco
2240 2339 2506 2392 sanctam
2537 2335 2836 2406 liturgiam
2864 2332 3140 2391 celebrat.

301 2433 471 2501 νήσας
524 2429 630 2491 τάς
691 2427 852 2503 ἁγίας
912 2428 1098 2504 θύρας,
1157 2428 1464 2503 εἰσέρχεται
1515 2427 1591 2490 εἰς
1646 2427 1708 2482 τὸ
1768 2429 2150 2502 θυσιαστήριον
2209 2425 2301 2481 καὶ
2358 2429 2655 2500 προσκυνεῖ
2699 2431 2801 2494 τῆν
2859 2423 3011 2498 ἁγίαν
3067 2425 3332 2498 τράπεζαν
3377 2425 3465 2478 καί
3497 2421 3746 2494 ἐπιτίθη-

291 2543 376 2576 σιν
431 2520 520 2577 ἐπ⁷
572 2521 722 2594 αὐτῇ
777 2514 1147 2592 ἀποκόμϐιον,
1206 2521 1297 2575 καὶ
1349 2519 1586 2591 ἐξεΛθὼν
1641 2518 1702 2574 ἐκ
1749 2524 1846 2574 106
1897 2519 2307 2592 θυσιαστηρίου,
2361 2513 2794 2591 δηριγευόμενος
2836 2515 2940 2569 ὑπὸ
2986 2519 3092 2568 τῶν
3147 2514 3199 2585 ἐξ
3246 2511 3424 2587 ἔθους,
3466 2511 3743 2590 διέρχεται

298 2611 394 2668 διὰ
441 2616 543 2668 106
586 2609 769 2682 δεξιοῦ
818 2613 1018 2686 μέρους
1056 2615 1156 2666 106
1197 2616 1329 2667 ναοῦ
1379 2611 1472 2666 καὶ
1521 2609 1808 2686 ἀνέρχεται
1857 2606 1945 2664 διὰ
1993 2612 2091 2665 106
2134 2608 2542 2681 προειρημένου
2592 2605 2832 2680 κοχλιοῦ
2879 2605 2930 2659 ἐν
2973 2611 3090 2667 τοῖς
3131 2604 3621 2679 κατηχουμενίοις,
3653 2607 3744 2660 καὶ

309 2704 560 2758 ἀπελθὼν
588 2702 743 2758 τελεῖ
771 2703 827 2757 ἐν
857 2707 939 2775 τῷ
970 2701 1264 2777 εἰθισμένῳ
1292 2703 1449 2775 τόπῳ
1477 2703 1576 2772 τὴν
1608 2701 1752 2765 θείαν
1785 2699 2156 2776 λειτουργίαν.

399 2794 470 2849 A'.
497 2796 604 2850 Καὶ
641 2793 690 2849 ἒν
726 2797 806 2866 τῷ
836 2797 1012 2869 καιρῷ
1055 2800 1155 2864 τῆς
1206 2794 1350 2858 θείας
1380 2793 1667 2855 κοινωνίας
1698 2791 1970 2848 ἀποστέλ-

322 2879 410 2935 λει
465 2883 494 2935 6
540 2884 885 2955 πραιπόσιτος
926 2882 1034 2938 ἀπὸ
1081 2881 1381 2939 κελεύσεως
1432 2880 1848 2956 σιλεντιαρίους,
1880 2879 1970 2935 καὶ

318 2969 755 3044 προσκαλοῦνται
803 2974 898 3028 τὸν
963 2972 1332 3048 πατριάρχην,
1385 2971 1477 3027 καὶ
1535 2970 1820 3049 ἀνέρχεται
1880 2967 1971 3023 διὰ

312 3063 412 3114 τοῦ
442 3060 610 3116 αὐτοῦ
639 3065 894 3137 κοχλιοῦ,
929 3061 1021 3116 καὶ
1074 3059 1306 3126 διελθὼν
1354 3058 1444 3115 διὰ
1476 3064 1585 3116 τῶν
1612 3064 1969 3134 κατηχουμε-

303 3150 460 3221 νίων,
521 3150 822 3228 ἀπέρχεται
882 3149 935 3206 ἐν
990 3155 1071 3224 τῷ
1127 3153 1345 3223 συνήθει
1383 3152 1561 3224 τόπῳ,
1600 3145 1726 3205 ἔνθα
1771 3150 1862 3204 καὶ
1904 3150 1966 3204 τὸ

303 3241 648 3314 ἀντιμίσιον,
681 3242 772 3297 καὶ
825 3247 1081 3297 κοινωνεῖ
1125 3242 1153 3296 6
1203 3239 1467 3303 Βασιλεὺς
1513 3239 1574 3296 έκ
1601 3243 1709 3295 τῶν
1735 3244 1834 3295 106
1863 3261 1964 3294 πα-

2151 2809 2250 2865 IV.
2291 2808 2576 2878 Tempore
2615 2822 2790 2862 sacrm
2836 2805 3267 2881 communionis
3317 2807 3665 2876 praepositus
3705 2823 3740 2863 a

2081 2897 2357 2953 mandato
2389 2895 2742 2952 silentiarios
2776 2895 2978 2964 mittit,
3010 2894 3108 2965 qui
3140 2893 3528 2964 patriarcham
3561 2894 3736 2950 advo-

2074 2990 2212 3042 cant
2241 3005 2255 3055 ;
2289 2985 2340 3042 is
2389 3002 2491 3056 per
2539 2986 2801 3041 eamdem
2833 2983 3132 3040 cochleam
3192 2983 3478 3048 ascendit,
3513 3000 3734 3056 perque

2078 3073 2522 3131 catechumenia
2551 3073 2875 3146 digressus,
2906 3074 2977 3129 ad
3008 3071 3202 3129 locum
3237 3078 3602 3144 consuetum,
3636 3073 3735 3129 ubi

2075 3164 2498 3220 antimensium
2529 3162 2848 3236 repositum
2879 3168 2986 3233 est,
3012 3161 3292 3234 procedit,
3315 3163 3414 3218 ubi
3437 3179 3468 3218 e
3493 3163 3737 3234 patriar-

2075 3253 2196 3309 cha
2229 3253 2502 3309 manibus
2527 3254 2837 3324 imperator
2869 3251 3303 3319 communicat;
3337 3267 3472 3306 mox
3493 3251 3738 3322 patriar-

301 3331 582 3406 τριάρχου
613 3335 846 3406 χειρῶν,
896 3331 989 3386 καὶ
1039 3331 1140 3396 εἶθ’
1187 3330 1363 3393 οὕτως
1394 3328 1692 3404 ἀπέρχεται
1775 3349 1971 3404 πατρι-

2089 3341 2183 3397 :ha
2215 3341 2355 3408 abit,
2383 3347 2438 3397 et.
2470 3341 2703 3414 utrique
2733 3341 2794 3396 in
2828 3339 3182 3397 antimensio
3205 3344 3338 3395 ante
3361 3349 3610 3410 portam,
3635 3341 3734 3396 ubi

302 3421 515 3495 ἀρχης,
547 3421 640 3474 καὶ
675 3421 926 3476 ἳστανται
971 3420 1018 3455 ³1
1062 3419 1114 3474 έν
1164 3423 1245 3491 τῷ
1294 3418 1583 3491 ἆντιμισίῳ
1612 3421 1691 3490 τῷ
1719 3413 1834 3472 ὄντι
1867 3417 1969 3473 ἀπ·-

300 3509 485 3564 έναντι
529 3516 634 3578 τῆς
677 3508 884 3580 πύλης,
935 3506 986 3563 ἐν
1033 3509 1079 3580 ᾧ
1128 3511 1239 3580 (47)
1295 3508 1489 3582 ἀριστᾷ
1515 3510 1584 3580 τῇ
1615 3507 1754 3580 αὐτῇ
1789 3506 1969 3581 ἡμέρᾳ

299 3599 328 3653 6
374 3596 664 3673 βασιλεὺς,
713 3597 805 3653 καὶ
852 3601 1199 3653 κοινωνοῦσιν
1255 3596 1429 3652 ἐκεῖσε
1476 3597 1528 3650 οἱ
1577 3596 1823 3666 συνήθεις
1871 3594 1972 3668 ἄρ-

299 3707 524 3762 χοντες,
580 3688 674 3742 καὶ
728 3687 825 3741 εἶθ’
883 3687 1058 3749 οὕτως
1105 3689 1430 3760 κατέρχεται
1478 3686 1506 3740 6
1547 3685 1896 3760 πατριάρχης
1925 3687 1971 3720 ⁸³

297 3781 445 3850 πρὸς
496 3777 560 3831 τὸ
602 3773 882 3832 ’ἐκτελέσαι
933 3778 1036 3846 τήν
1087 3775 1231 3840 θείαν
1280 3773 1641 3850 λειτουργίαν.
1674 3775 1736 3831 Ὀ
1776 3771 1835 3828 δὲ
1867 3775 1970 3848 βα-

306 3865 501 3927 σιλεὺς
558 3866 862 3939 ἀπέρχεται
912 3863 1002 3920 διὰ
1046 3870 1145 3920 106
1196 3862 1503 3938 τρικλίνου,
1553 3863 1604 3918 έν
1650 3864 1695 3935 ᾧ
1755 3863 1967 3937 ἀριστᾷ,

308 3957 400 4011 καὶ
451 3955 768 4030 εἰσέρχεται
815 3955 867 4010 ἐν
912 3956 992 4028 τῷ
1034 3959 1255 4010 κοιτῶνι
1294 3954 1482 4012 αὐτοῦ.
1527 3952 1880 4024 Τελεσθείσης
1913 3950 1972 4008 δὲ

310 4051 408 4113 τῆς
477 4043 628 4107 θείας
704 4041 1072 4121 λειτουργίας,
1131 4042 1561 4100 ἀποστέλλονται
1618 4041 1968 4117 σιλεντιάριοι

310 4134 455 4209 παρά
494 4137 598 4188 106
640 4133 1008 4208 πραιποσίτου
1066 4133 1172 4189 ἀπὸ
1219 4131 1542 4201 κελεύσεως,
1590 4132 1682 4187 καὶ
1721 4152 1970 4206 προσκα-

302 4222 534 4278 λοῦνται
588 4221 682 4277 τὸν
732 4224 1103 4298 πατριάρχην.
1148 4226 1208 4281 ‘O
1256 4219 1314 4278 δὲ
1362 4222 1710 4298 πατριάρχης
1742 4221 1970 4296 ἀνέρχε-

294 4334 411 4383 ται,
473 4311 850 4385 κρατούμενος
915 4311 1020 4368 ὑπὸ
1084 4316 1195 4368 τῶν
1264 4309 1664 4386 σιλεντιαρίων,
1725 4307 1816 4365 διὰ
1870 4314 1966 4365 τοῦ

291 4399 720 4477 προειρημένου
769 4399 1012 4479 κοχλιοῦ
1059 4402 1149 4456 καὶ
1200 4400 1504 4476 εἰσέρχεται
1565 4399 1617 4454 έν
1678 4404 1796 4461 τοῖς
1837 4419 1967 4454 κατ-

295 4489 697 4567 ηχουμενίοις,
729 4489 945 4544 κάκεῖσε
986 4489 1182 4564 μικρὸν
1233 4489 1690 4565 προσμείναντος»
1721 4487 1968 4564 εῖσέρχε·

288 4603 387 4638 ται
421 4583 451 4636 ὁ
479 4579 842 4654 πραιπόσιτος
897 4579 988 4634 καὶ
1039 4577 1208 4650 δηλοῖ
1235 4583 1313 4652 τῷ
1370 4578 1608 4655 βασιλεῖ,
1638 4579 1726 4633 καὶ
1776 4572 1964 4632 λαϐὼν

286 4677 474 4744 νεῦμα
518 4668 667 4744 παρά
710 4674 808 4724 τοῦ
857 4669 1151 4745 βασιλέως,
1204 4666 1478 4747 ἐξέρχεται
1532 4669 1666 4741 μετά
1710 4671 1818 4723 τῶν
1868 4665 1963 4738 ἀρ·
1996 4700 2044 4766 D

280 4762 518 4836 χὸντων
577 4761 678 4812 106
741 4751 1162 4824 κουϐουκλείου,
1229 4757 1320 4811 καὶ
1378 4755 1816 4831 προσκαλοῦνται
1871 4757 1963 4813 τὸν

283 4847 680 4924 πατριάρχην,
713 4847 803 4900 καὶ
832 4843 1044 4901 ένοῦται
1089 4850 1170 4917 τῷ
1216 4844 1434 4920 βασιλεῖ
1475 4844 1526 4900 ἐν
1557 4850 1638 4918 τῷ
1665 4845 1956 4921 τρικλίνῳ,

290 4935 346 4992 ἒν
459 4936 554 4991 καὶ
587 4935 650 4991 τὸ
682 4933 997 5011 κλητώριον
1027 4936 1381 5008 ἡτοίμασται,
1426 4935 1516 4990 καὶ
1562 4935 1824 4991 εἰπόντων
1864 4938 1957 4993 τὸν

301 5026 512 5101 στίχον,
551 5025 912 5100 ὑπεξέρχεται
968 5023 1168 5100 μιλρὸν
1204 5025 1230 5079 6
1261 5024 1610 5102 πατριάρχης
1640 5024 1728 5080 καὶ
1759 5021 1961 5082 ἐκϐάλ-

297 5113 380 5170 λει
422 5117 487 5171 τὸ
551 5114 880 5189 ὠμοιρόριον
937 5113 1128 5183 αὐτοῦ,
1183 5115 1443 5176 ὡσαύτως
1498 5115 1648 5168 καὶὸ
1707 5114 1964 5189 βασιλεὺς

290 5201 564 5263 ἐκϐάλλει
603 5205 668 5260 τὸ
726 5202 912 5280 σαγίον
971 5202 1158 5260 αὐτοῦ.
1210 5203 1309 5258 Καὶ
1365 5203 1678 5274 καθέζονται
1728 5204 1963 5283 ἀμφότε-

2081 3431 2191 3487 hoc
2259 3430 2352 3486 die
2416 3431 2732 3502 imperator
2787 3429 3119 3486 convivium
3178 3429 3318 3500 agit,
3376 3429 3734 3498 subsistunt,

2080 3523 2138 3576 et
2186 3535 2290 3591 pro
2337 3534 2497 3575 more
2529 3519 2784 3591 praafecti
2831 3516 3086 3573 cubiculi
3127 3516 3589 3587 communicant,
3620 3534 3735 3589 quo

2078 3608 2250 3676 facto,
2274 3607 2604 3679 patriarcha
2625 3608 2696 3663 ad
2719 3607 2976 3663 divinam
2998 3605 3298 3678 liturgiam
3324 3606 3735 3676 perficiendam

2079 3713 2143 3754 se
2191 3696 2493 3754 convertit.
2539 3697 2860 3768 Imperator
2907 3702 3098 3752 autem
3147 3711 3248 3764 per
3296 3693 3643 3763 triclinium,
3676 3696 3736 3750 in

2080 3802 2197 3858 quo
2227 3791 2512 3854 emnatur,
2544 3786 2861 3858 egreditur,
2895 3789 2951 3842 et
2985 3800 3161 3840 suum
3203 3783 3538 3839 cubiculum
3571 3784 3736 3854 petit.

2078 3874 2286 3932 Divina
2335 3875 2580 3947 liturgia
2636 3876 2820 3944 ﬁnita,
2872 3872 3230 3930 silentiarios
3292 3871 3642 3943 praepositus
3701 3890 3735 3928 a

2079 3965 2355 4020 mandato
2408 3965 2607 4032 mittit,
2658 3964 2760 4035 qui
2810 3961 3202 4033 patriarcham
3255 3965 3575 4018 arcessant.
3615 3965 3672 4016 Is
3704 3978 3738 4016 a

2079 4053 2420 4110 silentiariis
2463 4052 2698 4116 ductus,
2741 4068 2840 4125 per
2873 4051 3085 4106 dictam
3132 4049 3432 4106 cochleam
3468 4052 3736 4107 ascendit

2078 4146 2135 4199 et
2183 4142 2606 4198 catechumena
2650 4141 2852 4209 intrat,
2909 4141 3006 4197 ubi
3057 4147 3371 4212 postquam
3422 4138 3730 4212 paululum

2078 4231 2452 4302 exspectavit,
2476 4229 2846 4302 praepositus,
2870 4229 3204 4301 imperatori
3235 4228 3296 4284 id
3327 4229 3730 4296 nuntiaturus,

2082 4318 2431 4389 ingreditur,
2479 4317 2766 4388 signoque
2795 4316 2867 4372 ab
2899 4317 3244 4388 imperatore
3281 4316 3436 4381 dato,
3469 4331 3602 4370 eum
3633 4329 3729 4370 cu-

2078 4406 2258 4464 biculi
2283 4405 2571 4478 praefectis
2593 4405 2903 4476 egreditur,
2927 4409 2992 4460 ut
3013 4404 3402 4475 patriarcham
3428 4403 3726 4468 advocent,

2075 4496 2178 4568 qui
2207 4494 2277 4550 ad
2309 4495 2720 4566 imperatorem
2752 4494 2812 4548 in
2834 4509 2900 4549 eo
2932 4491 3211 4558 triclinio,
3247 4490 3346 4546 ubi
3378 4489 3554 4546 etiam
3585 4506 3726 4546 con-

2074 4583 2296 4640 vivium
2340 4587 2610 4654 paratum
2645 4591 2752 4652 est,
2786 4580 3028 4648 accedit,
3070 4579 3167 4634 ubi
3199 4578 3382 4635 sticho
3414 4579 3593 4648 dicto,
3626 4596 3727 4650 pa-

2075 4672 2334 4728 triarcha
2365 4671 2670 4742 paululum
2702 4671 2954 4726 discedit
2983 4684 3276 4740 suumque
3315 4668 3725 4740 omopborium

2078 4779 2181 4818 seu
2229 4761 2550 4831 humerale,
2581 4776 2743 4832 aeque
2791 4775 2858 4816 ac
2901 4759 3221 4830 imperator
3269 4773 3478 4829 sagum
3527 4775 3727 4828 suum,

2069 4851 2329 4923 deponit.
2344 4850 2509 4905 Tunc
2528 4849 2701 4905 ambo
2723 4864 2935 4904 mensa
2959 4848 3405 4914 aceumbunt,et
3426 4851 3727 4918 postquam

2069 4940 2250 4997 semel
2283 4939 2579 5004 biberunt,
2611 4937 2783 4993 amici
2817 4937 3063 5002 intrant,
3085 4941 3144 4992 et
3176 4934 3260 4991 sic
3292 4950 3524 5008 quoque
3553 4935 3728 4992 factio

2070 5033 2312 5100 utraque
2351 5028 2412 5083 in
2454 5027 2867 5099 baptisterium
2908 5025 3232 5090 descendit,
3273 5029 3349 5094 et,
3382 5025 3730 5096 imperatore

2069 5116 2400 5174 convivium
2423 5116 2773 5183 celebrante,
2797 5115 2911 5186 ipsi
2927 5119 3241 5170 consuetas
3275 5113 3727 5170 acclamationes

2072 5205 2409 5272 ordiuntur,
2448 5205 2716 5278 cibisque
2754 5201 2972 5272 allatis,
3024 5201 3338 5275 imperator
3385 5203 3728 5274 apocombia

1637 5306 1876 5364 νΑΗιΑι
1914 5305 2320 5363 LECTIONES.

351 5410 402 5446 3°
443 5407 497 5463 ἐν
529 5411 601 5483 τῇ
644 5404 758 5481 ὁδῷ
789 5407 886 5464 ed.
961 5404 1006 5441 “
1031 5402 1246 5458 ’ίσταται
1279 5403 1407 5461 eod.
1483 5403 1532 5439 ³³
1563 5405 1787 5462 Verba:
1840 5404 1868 5457 6
1919 5401 2269 5477 πατριάρχης
2321 5432 2391 5445 --
2436 5399 2528 5456 καὶ
2573 5399 2884 5477 εἰσέρχεται
2933 5403 3152 5460 absunt
3198 5400 3270 5458 ab
3311 5401 3429 5470 ed.,
3460 5401 3596 5458 add.
3630 5401 3721 5470 3.,

271 5504 340 5560 in
376 5509 504 5560 not.

1338 5586 1538 5643 JOAN.
1581 5588 1731 5642 JAC.
1776 5586 2046 5643 REISKII
2084 5584 2685 5642 COMMENTARIUS.

363 5692 476 5757 (4⁸7)
509 5693 594 5748 Ita
625 5690 704 5748 M.
741 5692 799 5746 et
821 5687 1018 5761 potest
1044 5682 1344 5756 explicari.
1382 5683 1469 5738 Ἐν
1495 5679 1541 5752 ᾧ
1572 5687 1734 5740 notat
1763 5684 1861 5738 ubi
1887 5682 2170 5756 temporis
2199 5680 2288 5738 vel
2319 5679 2454 5737 loci.
2487 5679 2888 5736 Nihilominus
2918 5683 3116 5736 tamen
3137 5679 3306 5734 credo
3324 5679 3420 5730 τοῦ
3439 5673 3720 5748 τρικλίνου

289 5783 596 5842 excidisse.
