4104 6426
333 404 454 466 847

1406 403 1940 467 CONSTANTlNI
1982 401 2679 468 POBPHYBOGENITI

3633 401 3752 462 348

338 538 452 594 cha
497 534 818 592 sacrarium
861 531 1032 590 oratii
1069 533 1266 593 Sancti
1304 534 1462 603 Elim,
1495 538 1652 609 quod
1682 537 1744 594 in
1773 539 1978 594 eadem

2108 538 2321 600 ἳπαντες
2376 537 2428 591 oi
2482 541 2584 606 τῆς
2638 533 3004 610 συγκλήτου),
3053 534 3144 588 καὶ
3195 531 3402 609 γίνεται
3453 533 3488 602 ἡ
3528 532 3752 590 εἰωθυῖα

341 626 501 683 Nova
531 621 786 680 Ecclesia
824 629 932 691 est,
971 639 1076 694 pro
1127 639 1287 681 more
1320 625 1622 697 ingressis,
1666 627 1991 698 patriarcha

343 715 567 788 primus
615 712 834 781 intrat;
884 711 982 767 το
1022 712 1246 768 domini
1284 729 1416 772 vero
1454 723 1615 772 extra
1651 732 1848 773 sacras
1887 718 1984 788 ja-

343 821 491 861 nuas
540 801 859 870 constituti,
889 816 1085 859 cereos
1124 819 1156 858 ιι
1199 804 1504 876 praeposito
1543 806 1842 878 accipiunt
1869 810 1986 863 ter-

344 909 456 966 que
507 909 659 965 genu
708 891 854 947 ﬂexo
904 892 975 947 ad
1024 892 1206 949 Deum
1256 899 1587 965 precantur.
1639 897 1768 952 Mox
1798 901 1990 953 orato-

339 983 493 1040 rium
525 981 772 1053 ingressi
797 983 930 1039 ante
951 981 1150 1037 omnia
1169 998 1365 1040 sacras
1387 984 1619 1053 januas,
1643 987 1841 1056 postea
1856 1001 1989 1042 sau-

343 1077 505 1130 ctum
532 1070 734 1128 altaris
764 1070 1076 1128 instratum
1107 1075 1165 1128 et
1194 1072 1510 1145 repositam
1539 1073 1621 1130 ibi
1643 1075 1831 1130 sancti
1863 1091 1991 1147 pro-

345 1161 531 1234 phetae
553 1165 774 1218 vestem
797 1158 1154 1231 osculantur,
1172 1164 1229 1218 et
1249 1161 1614 1233 apocombio,
1634 1179 1809 1219 sacrae
1833 1179 1992 1219 men-

343 1266 421 1306 sas
468 1249 738 1320 imposito
795 1263 896 1320 per
938 1248 1170 1306 bemata
1225 1255 1553 1320 transeunt,
1597 1259 1652 1308 et
1699 1253 1880 1310 cereis
1926 1252 1988 1308 in

343 1337 596 1410 singulis
645 1338 979 1398 bematibus
1029 1339 1316 1409 accensis,
1373 1340 1618 1396 instrata
1675 1357 1776 1412 pro
1833 1357 1992 1397 more

347 1427 700 1485 osculantur.
759 1427 862 1484 Per
931 1443 1265 1500 gynaeceum
1330 1429 1528 1501 ipsum
1593 1434 1992 1499 transeuntes,

345 1533 537 1575 cereos
577 1517 646 1573 ad
697 1516 951 1588 efﬁgiem
1011 1516 1230 1585 Basilii,
1275 1517 1643 1590 imperatoris
1692 1519 1990 1576 Christum

343 1605 620 1677 amantis,
669 1605 1019 1676 accendunt,
1061 1610 1118 1662 et
1153 1606 1278 1663 vale
1325 1608 1669 1678 patriarchas
1708 1608 1886 1680 dicto,
1919 1612 1991 1668 ad

344 1698 541 1754 locum
565 1695 954 1762 elevatiorem,
979 1696 1080 1752 ubi
1110 1700 1340 1754 orantes
1369 1698 1718 1767 consistunt,
1751 1701 1991 1771 abeunt,

345 1787 483 1844 inde
525 1784 600 1842 ad
650 1784 1010 1856 nartheoem,
1060 1785 1158 1856 qui
1206 1803 1384 1858 prope
1425 1804 1585 1844 mare
1632 1805 1733 1845 seu
1784 1807 1991 1848 cavum

343 1891 646 1932 recessum
693 1889 876 1931 sacrae
923 1889 1136 1930 mensas
1170 1884 1276 1943 est,
1310 1876 1409 1932 ubi
1450 1876 1608 1934 sellae
1655 1879 1856 1950 positae
1894 1895 1990 1935 ve-

344 1966 587 2037 lumque
608 1980 986 2036 suspensum.
1012 1965 1341 2035 discedunt,
1365 1971 1552 2024 vestes
1582 1984 1724 2026 suas
1741 1973 1992 2038 mutant,

345 2057 402 2110 et
432 2054 616 2110 sancti
644 2052 938 2126 Evangelii
957 2053 1268 2111 lectionem
1291 2061 1710 2129 exspectantes,
1736 2058 1994 2127 adstant,

346 2144 718 2214 acceptisque
757 2159 790 2199 a
827 2143 1157 2214 praepositis
1189 2145 1390 2213 cereis,
1434 2151 1704 2204 sanctum
1735 2147 1998 2219 Evange-

345 2233 496 2290 lium
529 2231 797 2288 audiunt.
830 2231 1022 2289 Finita
1049 2237 1310 2301 extensa,
1343 2234 1666 2304 consident,
1698 2243 1752 2292 et
1782 2252 1996 2294 mensa:

346 2321 656 2394 praefectus
709 2336 844 2376 cum
885 2319 1246 2378 tricliniariis
1300 2323 1372 2378 ad
1430 2323 1762 2381 convivium
1812 2325 1996 2393 ducit,

347 2411 506 2483 quod
550 2410 676 2480 ipe
723 2424 976 2482 magnus
1022 2410 1334 2480 imperator
1363 2412 1614 2470 ordinat.
1663 2413 1753 2469 Sic
1799 2419 1999 2486 postea

348 2498 572 2556 domini
603 2503 827 2556 secreto
864 2515 969 2572 per
996 2501 1270 2557 eumdem
1316 2501 1650 2560 narthecem
1693 2506 1752 2560 et
1790 2504 1999 2576 mysti—

351 2604 483 2646 cum
527 2605 861 2657 ascensum,
894 2589 992 2660 qui
1032 2590 1113 2648 ibi
1153 2594 1260 2658 est,
1295 2607 1512 2663 perque
1549 2593 1819 2662 superius
1848 2593 1996 2651 sola-

343 2680 498 2735 rium
548 2680 808 2751 ejusdem
853 2679 1145 2735 narthecia
1199 2680 1270 2735 ad
1320 2679 1601 2752 palatium
1658 2683 1994 2742 discedunt.

341 2766 652 2823 Sciendum
681 2771 788 2836 est,
822 2766 1198 2839 imperatores
1228 2767 1337 2823 hoc
1369 2768 1515 2824 festo
1544 2768 1604 2824 in
1652 2771 1992 2828 mutatoriis

343 2872 564 2912 mensae
592 2857 867 2911 assidere.

2097 625 2516 696 ἐκκλθσιαστικὴ
2548 623 2851 680 ἀκολουθία
2891 629 2992 692 τῆς
3025 619 3259 680 εἰσόδου.
3293 624 3418 680 Τῶν
3448 620 3506 677 δὲ
3555 621 3753 678 δεσπο-

2097 721 2204 772 τῶν
2224 717 2361 772 κατὰ
2402 716 2464 770 τὸ
2514 713 2709 778 εἰωθὸς
2758 712 3036 768 εἰσιόντων
3083 713 3221 786 μετά
3255 715 3352 766 τοῦ
3399 711 3751 788 πατρεάρχου

2100 805 2174 868 εἱς
2211 806 2273 861 τὸ
2314 807 2694 878 θυσιαστήριον
2747 805 2854 875 (61)
2921 805 3018 858 τοῦ
3077 800 3366 877 εὐκτηρίου
3412 806 3510 856 τοῦ
3557 800 3751 878 Ἀγίου

2099 891 2292 950 Ἤλιοῦ
2322 901 2422 963 τῆς
2455 893 2622 962 αὐτῆς
2665 891 2800 954 Νέας
2854 888 3205 961 Ἐκκλησίας,
3257 892 3284 945 ὁ
3347 891 3443 964 μὶν
3484 891 3752 966 πατριάρ-

2099 1003 2209 1058 χης
2246 984 2686 1060 προεισέρχεται,
2721 981 2772 1036 οἱ
2804 978 2865 1035 δὶ
2912 977 3189 1050 δεσπόται,
3229 981 3509 1053 ἱστάμενοι
3560 978 3753 1050 ἔξωθεν

2096 1078 2206 1130 τῶν
2237 1072 2401 1148 ἁγίων
2433 1074 2636 1147 θυρῶν,
2670 1065 3018 1144 λαμϐάνουσι
3041 1071 3246 1143 κηροὺς
3287 1068 3393 1124 ἀπὸ
3431 1074 3540 1124 τῶν
3588 1090 3758 1144 πραι-

2101 1162 2364 1230 ποσίτων,
2417 1161 2508 1216 καὶ
2558 1157 2647 1214 διὰ
2692 1166 2794 1228 τῆς
2841 1163 3067 1233 τρισσῆς
3111 1160 3532 1230 προσκυνήσεως
3582 1159 3763 1214 ἀπευ-

2101 1254 2424 1330 χαριοτοῦσι
2453 1251 2534 1321 τῷ
2566 1253 2702 1320 Θεῷ.
2735 1249 2867 1305 Εἶτα
2907 1247 3287 1323 εἰσερχόμενοι
3337 1246 3392 1304 ἓν
3439 1251 3518 1320 τῷ
3567 1250 3764 1304 θυσια-

2102 1339 2328 1414 στηρίῳ,
2378 1338 2430 1394 ἐν
2477 1339 2719 1413 πρώτοις
2780 1338 2875 1410 μὲν
2930 1336 3252 1406 ἀσπάζονται
3300 1338 3369 1392 τὰ
3409 1339 3539 1412 ἅγια
3571 1338 3758 1411 θύρια,

2102 1431 2214 1485 εἶτα
2243 1430 2342 1497 τήν
2373 1434 2474 1497 τῆς
2515 1429 2668 1504 ἁγίας
2715 1426 2988 1502 τραπέζης
3036 1423 3262 1496 ἐνδυτην
3314 1427 3404 1481 καὶ
3441 1428 3542 1496 τήν
3583 1425 3763 1482 ἐκεῖσε

2101 1518 2470 1590 ἀποκειμένην
2509 1520 2606 1572 τοῦ
2648 1517 2808 1591 ἁγίου
2857 1517 3144 1592 προφήτου
3207 1513 3500 1588 μηλωτήν,
3531 1516 3624 1570 καὶ
3669 1537 3759 1572 τι-

2101 1607 2274 1668 θέντες
2306 1600 2650 1679 ἀποκόμϐιον
2677 1603 2767 1660 ἐπὶ
2796 1611 2896 1673 τῆς
2935 1606 3097 1682 ἁγίας
3155 1604 3449 1678 τραπέζης,
3501 1601 3754 1684 διέρχον-

2103 1717 2190 1751 ται
2224 1694 2314 1750 δίά
2353 1699 2460 1751 τῶν
2524 1694 2786 1769 βημάτων
2838 1696 2974 1768 (62),
3007 1695 3265 1755 ἅπτοντες
3310 1693 3516 1767 κηροὺς
3550 1700 3669 1760 καθ’
3695 1693 3752 1752 ’ἐν

2101 1783 2327 1841 ἕκαστον
2387 1787 2565 1859 βῆμα,
2624 1782 2993 1856 ἀσπαζόμενοι
3040 1783 3180 1838 κατά
3224 1783 3285 1839 τὸ
3317 1782 3507 1845 εἰωθὸς
3535 1782 3629 1844 τὰς
3671 1782 3756 1839 ἔνο

2105 1870 2286 1934 δυτάς.
2343 1872 2443 1927 Καὶ
2497 1869 2851 1950 διερχόμενοι
2891 1868 2983 1926 διὰ
3036 1876 3134 1926 τοῦ
3192 1869 3358 1926 αὐτοῦ
3419 1871 3756 1947 γυναικίτου,

2106 1964 2335 2018 ἅπτουσι
2385 1962 2590 2036 κηροὺς
2638 1960 2714 2022 εἷς
2761 1961 2861 2029 τήν
2921 1960 3099 2016 εἰκόνα
3150 1958 3440 2016 Βασιλείου
3496 1961 3604 2032 (63)
3659 1965 3758 2016 τοῦ

2107 2051 2472 2131 φιλοχρίστου
2513 2051 2808 2121 Δεσπότου,
2857 2050 2948 2104 καὶ
2997 2047 3195 2112 εὐθέως
3245 2048 3756 2128 ἀποχαιρετίζοντες

2103 2142 2196 2198 τὸν
2229 2140 2604 2216 πατριάρχην,
2648 2138 2990 2214 εἰσέρχονται
3021 2137 3074 2195 ἐν
3113 2143 3196 2211 τῷ
3245 2138 3418 2194 ἐκεῖσε
3460 2159 3760 2213 προσευχα-

2108 2227 2209 2304 δίῳ
2240 2233 2374 2302 (64),
2413 2229 2658 2285 κάκεῖθεν
2710 2221 3050 2290 ἐκϐαίνοντες
3107 2227 3183 2289 εἷς
3225 2227 3318 2282 τὸν
3369 2228 3506 2303 πρός
3535 2229 3634 2296 τήν
3665 2230 3760 2282 θά-

2109 2318 2307 2375 λασσαν
2351 2322 2467 2392 (65)
2513 2320 2780 2394 νάρθηκα,
2813 2315 2865 2371 ἐν
3004 2317 3095 2372 καὶ
3150 2317 3218 2372 τὰ
3276 2314 3470 2373 σελλία
3519 2315 3768 2372 ’ίστανται

2107 2410 2199 2465 καὶ
2254 2408 2318 2464 τὸ
2373 2406 2547 2483 βῆλον
2589 2407 2878 2483 κρέμαται,
2929 2404 3344 2462 ἀπαλλάσσουσι
3414 2406 3510 2469 τάς
3558 2407 3766 2462 ἑαυτῶν

2110 2497 2402 2576 χΛανιδας,
2449 2498 2540 2554 καὶ
2598 2497 2838 2554 ἵστανται
2903 2494 3256 2572 ἐκδεχόμενοι
3310 2497 3410 2566 τήν
3457 2501 3555 2553 τοῦ
3601 2496 3764 2570 ἁγίου

2111 2587 2457 2664 ΕὐαγγεΛίου
2506 2585 2828 2662 ἀνάγνωσιν,
2889 2585 2987 2641 εἷθ’
3027 2584 3200 2645 οὕτως
3243 2580 3618 2659 λαμϐάνοντες
3658 2606 3766 2655 κη-

2111 2681 2238 2754 ροὺς
2297 2678 2443 2752 παρὰ
2495 2681 2604 2732 τῶν
2649 2677 3046 2751 πραιποσίτων,
3106 2675 3365 2730 ἀκούουσι
3435 2677 3532 2730 τοῦ
3613 2674 3774 2749 ἀγίου

2112 2766 2477 2844 Εὐαγγελίου.
2528 2765 2676 2823 Μετά
2733 2763 2790 2820 δὲ
2839 2766 2938 2835 τὴν
3005 2763 3274 2821 ἀπόλυσιν
3350 2770 3451 2834 τῆς
3525 2763 3777 2827 ἐκτενοῦς

2106 2857 2445 2928 καθέζονται,
2488 2856 2577 2912 καὶ
2653 2855 2856 2931 εἰσάγει
2902 2856 2930 2910 ὁ
2984 2862 3084 2924 τῆς
3131 2855 3411 2928 τραπέζης
3476 2855 3617 2926 μετά
3675 2852 3773 2908 καὶ

338 2949 449 3005 τῶν
498 2942 838 3018 ἀρτοκλινῶν
894 2944 956 3000 τὸ
999 2943 1337 3019 κλητώριον,
1387 2946 1475 3001 καὶ
1532 2952 1746 3022 στοιχεῖ
1797 2947 1924 3004 αὐτὸ
1985 2950 2012 3005 ὁ
2066 2949 2234 3025 μέγας
2298 2943 2580 3021 βασιλεὺς,
2639 2945 2727 3000 καὶ
2778 2945 2874 3009 εἶθ’
2923 2942 3096 3000 σῦτως
3135 2944 3185 2998 οἱ
3234 2940 3490 2998 δεσπόται
3523 2940 3781 3018 διέρχον-

348 3055 437 3089 ται
497 3039 771 3106 μυστικῶς
833 3031 922 3088 διὰ
960 3038 1055 3090 τοῦ
1084 3035 1256 3090 αὐτοῦ
1294 3036 1564 3111 νάρθηκος
1603 3037 1695 3092 καὶ
1748 3042 1844 3094 τοῦ
1895 3039 2069 3095 ἐκεῖσε
2129 3040 2392 3110 μυστικοῦ
2441 3028 2760 3105 ἀναϐασίου,
2789 3033 2880 3088 καὶ
2913 3031 3004 3089 διὰ
3054 3037 3150 3089 τοῦ
3207 3032 3483 3088 ἂνωτάτου
3539 3032 3785 3102 ἡλιακοῦ

347 3126 445 3177 τοῦ
503 3122 673 3180 αὐτοῦ
729 3123 999 3197 νάρθηκος
1057 3121 1395 3198 εἰσέρχονται
1451 3127 1504 3180 οἱ
1563 3123 1819 3182 δεσπόται
1877 3127 1954 3188 εἷς
2010 3128 2071 3183 τὸ
2130 3127 2416 3181 παΛάτιον.
2473 3125 2694 3198 Ἰστέον,
2755 3123 2840 3178 ὅτι
2893 3123 3064 3196 ταύτῇ
3123 3130 3190 3192 τῆ
3253 3123 3416 3198 ἑορτῇ
3476 3123 3611 3196 μετά
3662 3126 3777 3176 τῶν

352 3211 674 3287 ἀλλαξίμων
705 3211 1018 3281 καθέζονται
1041 3213 1093 3266 οἱ
1126 3210 1377 3267 δεσπόται
1409 3213 1496 3268 ἐπὶ
1537 3213 1830 3290 τραπέζης.

986 3302 1213 3360 CAPUT
1243 3303 1364 3362 XX.

2747 3304 3012 3360 ΚΕΦΑΛ.
3045 3303 3121 3360 K'.

351 3395 550 3468 Mensis
604 3392 737 3468 Maii
767 3391 962 3468 primo
1019 3394 1261 3468 encgznia
1308 3395 1467 3450 Nova;
1511 3395 1796 3452 ecclesias:
1837 3401 1890 3452 et
1937 3397 1995 3454 de

2115 3394 2261 3466 Μηνὶ
2303 3393 2469 3468 Μαΐῳ
2514 3395 2561 3448 α’
2609 3392 2676 3450 τὰ
2730 3393 2975 3468 ἐγκαίνια
3023 3400 3123 3462 τῆς
3184 3393 3344 3468 Νέας,
3405 3389 3502 3468 ὅσα
3544 3388 3626 3446 δεῖ
3668 3411 3778 3446 πα-

423 3465 733 3560 1·ῇὶόέερῗὶ
738 3462 886 3560 Δ[ἐτειο
915 3464 1289 3520 εησωηίονυγη
1317 3469 1485 3523 Novas
1511 3468 1719 3536 Magna:
1750 3468 1995 3525 Ecclesia

2187 3462 2546 3560 ραφυλάττεῖν
2623 3469 2693 3538 τῇ
2769 3462 2959 3560 ’ἑορτῆ
3062 3469 3172 3520 τῶν
3278 3462 3564 3540 ἐγκαινίων
3665 3468 3771 3531 τῆς

2217 3539 2254 3560 Y!
2348 3540 2395 3560 Qu
2429 3541 2533 3560 [orn
2568 3535 2774 3560 Il,__!',\,
2818 3559 2827 3560 κ
2881 3535 3037 3560 l1,,,,\,
3077 3537 3187 3560 ,I,-_
3217 3536 3266 3560 An

425 3535 804 3592 observandis.

427 3628 470 3681 Ι.
504 3625 700 3681 Pridie
739 3624 914 3680 unius
956 3625 1070 3680 diei
1103 3625 1321 3682 domini
1354 3628 1682 3700 prepositis
1720 3627 2003 3696 indicant,

356 3723 625 3771 senatum
658 3730 891 3770 omnem
915 3713 1158 3770 mutatis
1179 3715 1436 3770 vestibus
1464 3717 1728 3787 sequenti
1761 3718 1853 3774 die
1885 3736 2007 3790 pro-

357 3821 659 3862 cessurum
683 3820 809 3861 esse
841 3821 854 3861 :
891 3821 1017 3878 quis
1050 3809 1354 3876 postquam
1380 3805 1594 3875 illuxit,
1618 3806 1772 3864 circa
1805 3807 2003 3864 horam

357 3894 674 3952 secundam
723 3894 1069 3950 matutinam
1121 3893 1464 3966 praepositos
1515 3896 1732 3952 intrare
1773 3897 2004 3968 jubent,

358 4001 471 4056 quo
503 3985 674 4050 facto,
705 3999 835 4038 cum
873 3982 1076 4056 paucis
1115 3983 1494 4041 cubiculariis
1536 4001 1652 4042 una
1692 4001 1822 4042 cum
1859 4002 2010 4058 papa

357 4078 414 4130 et
476 4073 858 4148 hetaeriarcha
899 4073 1137 4140 abeunt,
1195 4080 1249 4129 et
1287 4073 1682 4145 patriarcham
1728 4092 1862 4132 cum
1900 4093 2012 4133 me-

356 4161 646 4234 tropolitis
689 4165 744 4217 et
776 4159 997 4234 reliquo
1027 4161 1158 4233 ejus
1188 4161 1381 4218 ofﬁcio
1409 4161 1728 4220 adducunt.
1763 4163 1873 4230 Qui
1910 4181 2012 4238 per

2238 3535 2324 3601 ἑὰς
2347 3540 2395 3574 39
2426 3541 2537 3612 (66)
2568 3535 2830 3612 Μεγάλης
2855 3535 3187 3607 Ἐκκλησίας
3217 3536 3284 3590 ⁴⁰.

2184 3631 2269 3686 A"
2307 3628 2420 3702 Πρὸ
2482 3629 2608 3700 μιᾶς
2653 3625 2862 3698 ἡμέρας
2913 3623 3228 3679 κελεύουσιν
3276 3625 3328 3678 οἱ
3372 3619 3624 3678 δεσπόται
3651 3623 3773 3682 τοῖς

2115 3715 2516 3791 πραιποσίτοις,
2548 3713 2834 3789 προελθεῖν
2864 3712 2951 3769 ἐπὶ
2995 3717 3060 3788 τῇ
3114 3711 3300 3788 αὔριον
3353 3713 3487 3785 μετὰ
3544 3707 3774 3780 ἀλλαξία

2118 3827 2234 3879 μων
2281 3809 2452 3860 πᾶσαν
2503 3804 2601 3872 τήν
2652 3802 2988 3878 σύγκπητον,
3035 3801 3124 3856 καὶ
3171 3806 3240 3877 τῇ
3269 3797 3436 3866 ἔωθεν
3470 3800 3595 3875 περὶ
3627 3798 3776 3874 ὥραν

2117 3893 2364 3968 δευτέραν
2398 3892 2712 3949 κελεύουσιν
2744 3893 2795 3947 οἱ
2830 3889 3086 3948 δεσπόται
3121 3891 3378 3947 εἰσελθεῖν
3431 3890 3560 3952 τούς
3612 3908 3785 3962 πραι-

2116 3983 2398 4049 ποσίτους,
2431 3981 2521 4037 καὶ
2555 3979 2622 4050 δὴ
2655 3982 2865 4037 τούτων
2896 3979 3253 4045 εἷσελθόντων
3290 3981 3426 4053 μετά
3448 3978 3539 4033 καὶ
3574 3977 3787 4053 ὀλίγων

2117 4077 2214 4128 τοῦ
2267 4066 2686 4144 κουϐουκλείου,
2749 4072 3084 4146 ἀπέρχονται
3146 4071 3261 4143 ἅμα
3317 4072 3416 4124 τοῦ
3458 4069 3636 4123 παπία
3687 4068 3790 4121 καὶ

2119 4165 2215 4218 τοῦ
2274 4160 2679 4238 έταιρειάρχου,
2741 4160 2829 4216 καὶ
2892 4159 3170 4234 εἰσάγουσι
3251 4159 3345 4215 τὸν
3429 4155 3792 4232 πατριάρχην

1720 4289 1957 4344 VARLE
1996 4287 2410 4344 LECTIONES.

426 4390 473 4429 ³9
501 4387 637 4451 Νέας
663 4405 780 4447 om.
813 4388 907 4446 ed.
984 4386 1030 4423 ‘°
1058 4389 1266 4444 ΣΧΟΛ.
1299 4386 1512 4456 Ἰστὲον,
1545 4387 1628 4441 δτι
1658 4386 1748 4440 καὶ
1780 4383 1915 4456 αὕτη
1948 4388 1983 4455 ἡ
2017 4386 2176 4461 ἑορτὴ
2203 4383 2598 4460 ἐκαινουργήθη
2637 4382 2724 4441 ἐπὶ
2759 4383 3054 4440 Βασιλείου
3087 4379 3369 4440 δεσπότου.

1389 4515 1584 4574 JOAN.
1625 4515 1769 4573 JAC.
1811 4513 2071 4572 REISKII
2111 4511 2712 4572 COMMENTARIUS.

357 4632 593 4689 elesiam
625 4635 681 4688 et
711 4631 1000 4700 Deiparan
1032 4628 1208 4685 Phari
1229 4625 1505 4693 Bucoleo,
1536 4629 1760 4700 portus,
1787 4625 2015 4700 medius
2047 4630 2094 4695 ι)

2196 4625 2330 4701 (fit)
2353 4624 2597 4701 Videtur
2639 4619 3043 4701 προσευχάδιον
3075 4624 3287 4701 cellula
3331 4625 3535 4697 fuisse,
3567 4628 3794 4701 ligneis

358 4709 712 4759 recensetur.
740 4695 930 4759 Photii
953 4702 1278 4758 orationem
1307 4701 1366 4755 in
1389 4695 1606 4754 Novam
1641 4696 1948 4768 ecclesiam
1983 4713 2016 4768 a
2126 4695 2367 4752 clathris
2387 4697 2636 4763 munita,
2661 4695 3254 4768 quales—adsingulas
3276 4695 3792 4757 sanctorum'ima-

359 4775 573 4829 Basilio
594 4791 699 4829 suo
729 4780 993 4844 tempore
1024 4778 1311 4844 structam
1342 4769 1528 4844 edidit
1560 4767 1914 4844 Lambecius
1939 4767 2009 4823 ad

359 4845 561 4900 Ccdin.
597 4862 652 4915 p.
696 4846 817 4913 187,
841 4839 997 4901 unde
1028 4845 1258 4916 repetiit
1289 4842 1594 4898 Bandurus
1621 4839 1766 4910 imp.
1789 4839 2011 4896 Orient.

358 4917 402 4972 Ι.
427 4932 506 4972 νι.
531 4933 591 4972 n.
615 4917 740 4972 117.
772 4933 936 4972 seca.

388 4956 402 4972 .
427 4932 506 4981 vx,
531 4933 591 4982 p.
615 4919 740 4982 117,
772 4933 936 4982 seqq.

431 4934 506 4981 v1,
579 4934 936 4988 .111,seqq.

431 4934 669 5060 (61))Ex
714 4988 820 5042 hoc
865 4995 986 5043 loco
1043 4991 1198 5060 patet
1249 4984 1712 5060 unumquodque
1756 4983 2014 5039 orarium

357 5055 621 5129 qualium
646 5059 705 5114 in
730 5076 844 5113 nua
863 5055 1185 5130 eademque
1205 5055 1646 5130 ecclesia—plura
1671 5061 1859 5123 erant,
1881 5071 2013 5125 par-

361 5127 445 5186 tes
474 5130 730 5186 ecclesiae
761 5147 969 5186 omnes
998 5127 1292 5199 habuisse,
1325 5136 1392 5186 ut
1422 5127 1784 5194 narthecem,
1812 5141 2008 5196 naum,

358 5201 877 5258 Sacriﬁcatorium.

427 5273 540 5341 (62)
573 5277 715 5329 Cum
760 5275 948 5329 dicata
979 5278 1134 5330 esset
1173 5273 1297 5329 haec
1326 5269 1574 5328 ecclesia
1605 5268 1872 5342 pluribus
1904 5286 2008 5326 nu-

356 5345 639 5411 minibus,
661 5347 888 5402 Christo
918 5345 1223 5412 Salvatori,
1251 5345 1529 5414 Deipare,
1552 5341 2010 5414 Archistratego,

353 5422 409 5471 8.
443 5416 702 5484 Nicolao,
735 5421 791 5474 8.
836 5417 990 5488 Elite,
1022 5416 1312 5473 debebant
1358 5413 1601 5471 totidem
1643 5413 1898 5488 oratoria
1949 5414 2009 5470 in

354 5502 446 5572 ea,
471 5493 527 5614 ct
545 5491 610 5573 in
646 5484 1000 5564 unoquoque
1022 5489 1257 5562 singula
1279 5489 1507 5543 hamata
1537 5501 1638 5542 seu
1663 5484 2010 5541 sacriﬁcato-

354 5576 445 5614 ria
501 5576 681 5614 uisse.

354 5576 445 5617 ι-ιο.
477 5576 681 5616 IUISSB.

427 5633 542 5705 (63)
590 5632 662 5705 Ut
708 5634 1027 5691 conditoris
1085 5631 1361 5688 ecclesiis.
1411 5629 1894 5705 Sclebant__enim
1945 5629 2007 5684 in

354 5699 614 5778 ecclesiis
645 5704 931 5778 imagines
964 5706 1331 5778 conditorum
1365 5701 1670 5778 collocare.
1695 5699 1829 5755 Vid.
1863 5704 2006 5755 Bac-

352 5777 510 5832 chin.
544 5776 615 5832 ad
645 5772 861 5850 Agnell.
897 5777 1158 5836 Pontiﬂc.
1193 5775 1450 5831 Ravenn.
1484 5789 1542 5846 p.
1571 5772 1662 5826 68.

2168 4768 2292 4824 ines
2317 4768 2566 4837 singulae
2595 4774 2783 4836 erant,
2817 4767 3043 4823 similes
3073 4769 3470 4840 confessoriis,
3504 4778 3606 4826 aut
3634 4789 3791 4828 con-

2147 4839 2497 4909 essionibus,
2522 4841 2620 4895 ubi
2645 4840 2974 4896 sacerdotes
2995 4840 3393 4897 confessiones
3421 4839 3688 4909 audiunt,
3713 4844 3790 4901 in

2125 4911 2480 4967 nostrarium
2539 4916 2597 4967 et
2646 4911 3098 4967 Romanensium
3157 4912 3440 4969 ecclesiis.
3500 4915 3629 4971 Vid.
3688 4914 3788 4974 Du

2121 4986 2326 5057 Gange
2343 4983 2539 5057 Gloss.
2563 4983 2623 5057 h.
2653 4999 2706 5038 ν.
2739 4982 3012 5057 Quaedam
3048 4987 3246 5038 tamen
3277 5001 3501 5057 eorum,
3533 5003 3658 5057 quis
3689 4986 3784 5043 ibi

2122 5052 2280 5128 citat,
2306 5054 2762 5128 lceanvidentur
2801 5055 3028 5123 docere,
3059 5052 3462 5128 προσευχάδιον
3495 5052 3623 5115 esse
3652 5075 3789 5114 sca-

2123 5125 2555 5201 bellahumilia
2576 5129 2686 5181 sub
2708 5132 3043 5201 sanctorum
3076 5125 3432 5201 imaginibus
3465 5131 3672 5201 posita,
3702 5135 3787 5188 ad

2122 5214 2248 5268 quae
2282 5198 2634 5270 inﬁrmiores
2682 5214 2875 5269 genua
2905 5197 3223 5254 flectebant"
3244 5197 3569 5270 precantes.
3617 5202 3786 5262 Talia

2120 5277 2260 5324 sunt
2276 5268 2544 5345 scabella
2573 5268 2936 5345 nostratibus
2968 5270 3086 5345 aris
3110 5268 3392 5345 apposita,
3416 5274 3488 5328 ad
3523 5290 3651 5344 quae
3680 5290 3785 5345 ge-

2119 5357 2240 5396 nua
2256 5340 2436 5414 rtlectu
2447 5346 2528 5414 nt,
2560 5341 2662 5414 qui
2692 5340 3167 5414 communionem
3182 5340 3524 5414 accipiunt.

2191 5413 2304 5483 (65)
2350 5410 2702 5488 Quane—hic
2750 5410 2992 5488 θάλασσα
3039 5410 3428 5488 signiﬁcetur,
3487 5420 3589 5472 aut
3643 5417 3782 5488 quis

2121 5484 2330 5539 horum
2361 5484 2670 5541 verborum
2704 5501 2916 5540 sensus
2947 5485 3044 5550 sit,
3082 5484 3262 5542 fateor
3292 5502 3386 5542 me
3418 5484 3660 5544 nescire.

2190 5555 2475 5629 (66))Ntac
2525 5557 2750 5612 addunt
2779 5559 2850 5611 M.
2886 5561 3076 5612 Recte.
3108 5556 3234 5629 Non
3265 5559 3420 5614 enim
3462 5560 3534 5615 de
3563 5559 3776 5629 Magna

2116 5627 2376 5683 Ecclesia
2415 5630 2499 5683 sic
2550 5629 2755 5704 dicta,_
2783 5645 2886 5683 seu
2918 5628 3257 5704 _Sopb_ia,
3317 5631 3377 5686 in
3425 5630 3536 5688 hoc
3579 5627 3772 5704 capite

2117 5714 2310 5755 sermo
2333 5705 2442 5767 est,
2475 5703 2574 5756 sed
2609 5701 2679 5756 de
2709 5699 2884 5757 Neva.
2918 5699 3044 5757 Vid.
3081 5699 3133 5773 p7.
3165 5700 3256 5756 7i.

2450 5983 2480 5998 θ’
