4104 6410
315 421 442 484 349

1189 418 1293 479 DE
1335 413 1796 479 CERIMONIIS
1835 416 2077 479 AULE
2116 416 2596 479 BYZANTINE
2637 417 2787 479 LIB.
2837 421 2887 478 Ι.

3637 421 3758 482 350

316 554 458 626 μετὰ
512 551 744 607 καὶτῶν
795 547 1228 625 μητροπολιτῶν
1280 549 1372 606 καὶ
1420 551 1521 615 τῆς
1575 548 1778 619 λοιπῆς
1818 547 2018 618 αὐτοῦ,

2109 550 2361 622 porticus
2381 548 2694 607 triconchii
2715 549 3041 622 ingressus,
3054 553 3114 608 in
3127 566 3354 609 camera
3365 552 3564 610 Sancti
3574 553 3756 612 Theo-

310 641 522 712 τάξεως
554 641 626 699 “.
659 639 764 698 Kal
792 642 895 694 τοῦ
923 637 1270 714 πατριάρχου
1317 637 1709 714 εἴσερχομίνου
1758 635 1848 693 διὰ
1873 641 1984 693 τῶν

313 727 656 788 διαϐατικῶν
705 733 805 784 τοῦ
859 728 1192 804 τρικόγχου,
1244 726 1466 804 ἔρχεται
1514 728 1602 782 καὶ
1650 728 1884 798 κάθηται
1926 726 1980 783 ἔν

309 823 387 893 τῇ
414 821 640 895 καμάρᾳ
672 820 719 857 ⁴³
749 820 861 893 (67)
918 821 1014 873 τόῦ
1044 818 1236 893 ’Λγίου
1284 815 1594 893 Θεοδώρου,
1623 817 1839 873 κᾶκεῖσε
1886 838 1980 873 πε-

313 905 689 984 ριϐάλλονται
746 907 843 971 τὶς
901 908 1107 962 ἑαυτῶν
1155 904 1446 982 χλανίδας,
1494 906 1584 962 καὶ
1627 904 1983 982 ἐξερχόμενοι

313 995 514 1070 ἔξωθεν
545 1001 645 1054 τοῦ
679 995 864 1073 βήλου
908 998 1009 1066 τῆς
1040 995 1210 1060 αὐτῆς
1239 993 1490 1070 καμάρας
1529 991 1795 1051 ’ίστανται.
1825 997 1892 1053 Oi
1926 992 1984 1052 δὲ

315 1086 678 1162 πραιπόσιτοι
738 1084 1095 1162 ἆξερχόμενοι
1155 1083 1431 1161 εἰσάγουσι
1481 1084 1575 1139 τὸν
1633 1083 1983 1160 πατριάρχην

323 1179 379 1233 οἱ
408 1175 466 1232 δὲ
499 1173 758 1232 δεσπόται
802 1179 1001 1230 τοῦτον
1050 1172 1189 1230 κατὰ
1234 1173 1297 1227 τὸ
1348 1171 1542 1234 είωθὺς
1591 1172 1980 1247 ἀσπαζόμενοι,

330 1267 638 1335 καθίζονται
698 1268 818 1336 μετ’
865 1262 1034 1318 αὐτοῦ
1073 1261 1126 1317 ἐν
1169 1266 1249 1334 τῷ
1297 1260 1748 1337 χρυσοτρικλίνῳ
1787 1263 1981 1337 μικρὸν

337 1377 414 1427 τι,
443 1355 532 1410 καὶ
591 1353 795 1416 εὒθᾶως
863 1351 1071 1427 γίνεται
1139 1352 1564 1426 μεταστάσιμον,
1614 1351 1704 1407 καὶ
1772 1353 1824 1407 oi
1887 1352 1982 1426 μὶν

337 1445 624 1522 μάγιστροι
678 1442 774 1499 καὶ
826 1441 1123 1498 ἀνθύπατοι
1179 1442 1271 1496 καὶ
1318 1441 1596 1510 πατρίκιοι
1650 1441 1740 1496 καὶ
1790 1439 1985 1498 λοιποὶ

333 1533 699 1610 συγκΛητικοὶ
760 1533 1127 1607 κατὶρχονται
1175 1529 1230 1586 ἐν
1277 1535 1358 1604 τῷ
1412 1529 1642 1606 νάρθηκι
1694 1537 1794 1602 τῆς
1843 1531 1984 1594 Νέας

320 1620 596 1699 Μεγάλης
629 1620 989 1693 Ἐκκλησίας,
1022 1622 1073 1676 cl
1105 1618 1162 1676 δὲ
1187 1624 1286 1676 τοῦ
1315 1615 1711 1676 κουϐουκλείου
1759 1621 1988 1684 ἅπαντες

318 1711 648 1788 διέρχονται
681 1708 774 1766 διὰ
801 1715 900 1768 τοῦ
959 1707 1274 1786 ὡρολογίου
1329 1711 1422 1766 καὶ
1451 1710 1498 1747 ⁸³
1547 1715 1646 1766 τοῦ
1686 1730 1987 1786 χρυσοτρι-

320 1801 515 1859 κλίνου
563 1803 659 1858 καὶ
703 1808 807 1872 τῆς
851 1801 1103 1876 καμάρας
1150 1803 1248 1856 τοῦ
1295 1799 1529 1857 πανθέου
1569 1801 1660 1857 καὶ
1686 1806 1785 1858 τοῦ
1811 1799 1988 1878 φύλα-

2093 639 2223 696 dcri
2271 639 2455 707 sedet,
2507 641 2603 696 τι
2657 638 2888 696 tunicas
2917 656 3055 696 suas
3092 641 3335 698 comites
3375 643 3504 714 ejus
3546 641 3629 700 ibi
3661 643 3751 701 in.

2093 730 2304 799 duunt,
2337 732 2394 787 et
2421 736 2584 786 extra
2616 728 2816 786 velum
2836 729 2964 800 ejus
2995 745 3238 786 camera
3269 731 3579 804 progressi,
3611 734 3754 790 sub-

2091 823 2331 879 sistunt.
2403 818 2709 892 Prapositi
2791 822 2989 877 autem
3055 819 3296 892 egressi,
3356 822 3749 893 patriarcham

2089 910 2412 980 adducunt,
2443 925 2618 982 quem
2666 907 2894 966 domini
2935 925 3038 980 pro
3085 925 3246 967 more
3293 909 3563 979 osculati,
3612 928 3748 970 cum

2093 1015 2161 1056 eo
2187 998 2497 1072 paululum
2526 998 2588 1055 in
2617 1014 2795 1055 aureo
2825 997 3080 1054 triclinio
3111 998 3438 1070 consident,
3460 1002 3520 1055 et
3549 999 3751 1056 statim

2094 1088 2349 1160 receptio
2378 1087 2728 1155 instituitur,
2751 1090 2810 1143 et
2839 1087 3111 1159 magistri
3141 1087 3403 1159 quidem.
3437 1104 3756 1160 proconsu-

2092 1179 2200 1247 les,
2224 1177 2453 1250 patricii
2483 1184 2540 1234 et
2567 1177 2760 1234 cateri
2781 1180 3087 1234 senatores
3116 1176 3178 1233 in
3209 1177 3553 1236 narthecem
3581 1178 3752 1235 Nova

2095 1269 2321 1341 Magna
2337 1266 2609 1324 Ecclesia
2631 1265 3000 1323 descendunt
3017 1283 3032 1336 ;
3049 1266 3392 1325 cubicularii
3405 1282 3541 1324 vero
3554 1283 3760 1324 omnes

2096 1374 2200 1430 per
2250 1357 2619 1431 horologium
2676 1371 3037 1428 aureumque
3079 1356 3426 1424 triclinium,
3457 1373 3754 1415 cameram

2096 1446 2337 1520 panthei
2378 1451 2436 1504 et
2479 1445 2806 1502 custodiam
2847 1448 3178 1515 transeunt,
3223 1461 3370 1518 eque
3410 1446 3757 1520 monothyro

2095 1537 2343 1610 egressi,
2366 1536 2440 1593 ad
2469 1535 2752 1607 templum
2775 1535 3001 1592 Sancta
3033 1535 3290 1608 Deipara
3313 1536 3483 1608 phari
3513 1536 3753 1593 abeunt.

2099 1625 2329 1684 Domini
2366 1632 2670 1700 surgentes
2702 1623 2830 1683 sine
2862 1641 3075 1697 pompa
3105 1640 3222 1682 una
3251 1641 3388 1682 cum
3420 1625 3758 1697 patriarcha

2098 1733 2201 1789 per
2220 1715 2456 1789 longam
2479 1715 2768 1785 porticum
2800 1714 3056 1772 cubiculi
3087 1715 3162 1771 ad
3188 1715 3477 1787 templum
3497 1715 3757 1773 Sanctis-

2098 1807 2259 1863 sima
2295 1806 2551 1878 Deipara
2582 1804 2750 1876 phari
2780 1805 3015 1874 abeunt,
3046 1811 3101 1862 et
3127 1804 3239 1876 ipsi
3270 1805 3501 1876 quidem
3529 1805 3586 1862 in
3620 1821 3757 1860 nar-

327 1913 440 1961 κος,
497 1892 594 1947 καὶ
646 1886 990 1952 ἆκόαίνοντες
1038 1891 1101 1946 τὸ
1155 1891 1471 1966 μννόθυρον,
1532 1889 1748 1949 ἀπίασιν
1797 1889 1849 1947 ἰν
1907 1895 1987 1964 τῷ

2109 1896 2269 1952 thece
2324 1894 2682 1960 subsistunt,
2736 1891 3067 1967 patriarcha
3121 1908 3256 1949 vero
3312 1893 3376 1950 in
3432 1893 3756 1950 oratorium

325 1986 434 2054 ναῷ
455 1989 558 2050 τῆς
625 1981 948 2058 Ὑπεραγίας
1011 1980 1278 2036 Θεοτόκου
1326 1984 1422 2034 τοῦ
1453 1977 1652 2059 φᾶρου,
1685 1981 1775 2036 καὶ
1808 1982 1860 2035 οἱ
1897 1981 1989 2054 μὲν

324 2070 592 2128 δεσπόται
624 2071 984 2145 ἀνίστάμενοι
1017 2069 1352 2146 εἰσέρχονται
1414 2070 1550 2144 μετὰ
1580 2074 1680 2125 τοῦ
1736 2071 1997 2147 πατριάρ-

323 2181 429 2237 χου
492 2166 784 2236 μυστικῶς
835 2158 926 2216 διὰ
961 2164 1060 2216 τοῦ
1122 2160 1408 2236 μάκρωνος
1464 2157 1561 2217 τοῦ
1610 2165 1873 2224 κοιτῶνος
1919 2161 1994 2222 εἷς

338 2255 428 2306 τὸν
454 2254 581 2306 ναὸν
618 2253 727 2321 τὴς
759 2249 1078 2326 Ὑπεραγίας
1104 2250 1372 2306 Θεοτόκου
1409 2255 1508 2307 τοῦ
1567 2250 1764 2326 φάρου,
1821 2250 1908 2306 καὶ
1944 2252 1997 2306 oi

338 2339 597 2399 δεσπόται
635 2339 884 2397 ἵστανται
916 2337 972 2394 ἐν
1029 2340 1108 2412 τῷ
1155 2340 1408 2414 νάρθηκι,
1459 2341 1488 2395 ὁ
1538 2337 1597 2398 δὶ
1645 2340 1997 2416 πατριάρχης

333 2433 646 2508 εἰσέρχεται
719 2430 799 2494 εἰς
853 2430 915 2485 τὸ
972 2431 1391 2505 ξθυσιαστήριον,
1450 2428 1540 2485 καὶ
1585 2436 1686 2500 τῆς
1745 2429 1996 2493 εἷωθυίας

330 2524 510 2602 εὐχῆς
537 2517 916 2592 τελουμένης,
949 2518 1294 2594 ἀπάρχονται
1338 2519 1390 2574 οἱ
1433 2517 1635 2594 ψάλται
1681 2519 1745 2575 τὸ
1791 2519 2000 2596 τροπά-

335 2631 475 2687 ριον·
512 2613 542 2666 ὁ
577 2607 640 2665 δδ
683 2607 1038 2684 πατριάρχης
1093 2607 1454 2688 ἐξερχόμενος
1511 2610 1617 2665 ἀπὸ
1661 2613 1761 2666 τοῦ
1811 2620 2000 2673 θυσιαο

2108 1986 2310 2052 intrat,
2343 1982 2713 2054 solemnique
2754 1982 3084 2056 precatione
3115 1986 3369 2054 peracta,
3401 1982 3599 2054 psalta
3637 1985 3762 2038 tro-

2109 2075 2342 2148 parium
2384 2072 2694 2145 incipiunt.
2749 2072 2969 2130 Deinde
3016 2071 3350 2146 patriarcha
3397 2088 3468 2128 ex
3505 2072 3759 2129 oratorio

2109 2180 2403 2237 egressus,
2437 2166 2710 2220 sanctum
2739 2161 3121 2234 Evangelium
3152 2166 3408 2235 gestans,
3431 2166 3631 2234 portas
3656 2161 3764 2218 im-

2109 2253 2424 2319 peratorias
2471 2251 2820 2325 ingreditur,
2851 2251 3214 2308 subdiacono
3257 2267 3491 2308 crucem
3523 2267 3763 2324 proces-

2109 2343 2397 2401 slonaiem
2428 2343 2670 2410 ferente,
2705 2341 2929 2398 domini
2958 2346 3178 2411 autem,
3215 2341 3396 2399 cereis
3437 2359 3471 2398 a
3509 2341 3766 2414 patrisr-

2109 2434 2222 2490 oha
2278 2433 2554 2505 acceptis,
2611 2439 2696 2488 ter
2751 2447 2886 2489 cum
2945 2432 3093 2505 ipsis
3145 2433 3328 2490 Deum
3384 2432 3653 2498 adorant,
3711 2437 3768 2488 et

2110 2522 2492 2595 Evangelium
2543 2537 2910 2593 crucemque,
2960 2537 2994 2578 a
3036 2521 3397 2580 subdiacono
3456 2520 3768 2591 incensati,

2111 2612 2474 2670 osculantur.

340 2703 591 2777 στηρίοο.
646 2701 931 2778 βαστάζων
976 2700 1039 2756 τὸ
1091 2701 1240 2775 ἅγιον
1288 2699 1653 2779 Εὐαγγίλιον,
1700 2699 1921 2780 ἔρχεται
1961 2700 2038 2764 είς
2081 2702 2179 2764 τὰς
2232 2701 2521 2777 βασιλικὰς
2576 2701 2772 2771 πύλας,
2825 2699 3087 2771 δηλονότι
3125 2705 3223 2755 τοῦ
3273 2697 3633 2758 ὑποδιακόνου
3677 2699 3770 2774 βα-

352 2794 634 2859 στάζοντος
681 2789 774 2845 τὸν
836 2787 1115 2846 λιτανικὸν
1174 2790 1422 2865 σταυρὸν,
1484 2791 1536 2845 οἱ
1595 2787 1652 2845 δὲ
1711 2787 1968 2846 δεσπόται
2029 2785 2370 2863 λαμϐάνουσι
2429 2790 2578 2866 παρᾶ
2621 2795 2730 2847 τῶν
2767 2788 3142 2864 πραιποσίτων
3171 2787 3398 2864 κηροὺς,
3428 2788 3520 2844 καὶ
3551 2785 3641 2845 διὰ
3668 2793 3768 2856 τῆς

352 2887 580 2953 τριστῆς
624 2880 749 2952 μετὰ
792 2883 906 2935 τῶν
955 2881 1141 2953 κηρῶν
1190 2882 1614 2953 προσκυνήσεως
1663 2879 2129 2955 ἀπευχαριστοῦσι
2185 2885 2266 2953 τῷ
2323 2886 2462 2954 Θεῷ,
2502 2881 2592 2937 καὶ
2642 2881 2968 2950 ἀσπάζονται
3002 2878 3066 2934 τό
3095 2899 3154 2934 τε
3184 2877 3522 2955 Εὑαγγὲλιον
3554 2878 3766 2937 καὶτὸν

354 2969 608 3044 σταυρὸν,
639 2971 966 3042 θυμιώμενοι
1003 2969 1106 3025 ὑπὸ
1136 2973 1233 3025 τοῦ
1265 2967 1542 3026 διακόνου.

420 3066 500 3116 Β’.
535 3058 632 3114 Καὶ
685 3056 1206 3136 παρακρατοόμενος
1265 3060 1293 3114 ὁ
1341 3057 1597 3134 βασιλεύς
1634 3060 1739 3116 ὑπὸ
1771 3063 1868 3116 τοῦ
1898 3079 2001 3116 πα-

2188 3062 2260 3119 ΙΙ.
2296 3066 2620 3135 Imperator
2647 3079 2682 3118 a
2712 3060 3043 3135 patriarcha
3073 3063 3462 3130 sustentatus,
3496 3074 3528 3116 e
3553 3061 3773 3132 templo

319 3151 621 3226 ’τριάρχου
649 3147 1062 3224 ἓξὲρχεταιᾶπὸ
1105 3156 1208 3219 τῆς
1253 3147 1572 3221 ἐκκλησίας,
1606 3150 1696 3204 καὶ
1747 3148 2002 3221 ἐξιόντων

337 3242 445 3310 τὴν
475 3238 664 3311 πύλην
696 3241 798 3309 τήν
842 3237 1132 3315 ἒξάγουσαν
1167 3239 1245 3302 εἰς
1288 3240 1381 3295 τὸν
1422 3237 1656 3309 ἡλιακὸν
1687 3239 1758 3312 ⁴⁴,
1783 3233 2006 3312 λαμϐά-

336 3349 523 3384 νουσιν
555 3329 611 3384 οἱ
641 3325 903 3384 δεσπόται
947 3329 1096 3402 παρά
1131 3331 1240 3384 τῶν
1285 3327 1664 3404 πραιποσίτων
1721 3327 1888 3399 κηρία
1920 3327 2005 3384 λι-

336 3419 564 3474 τανίκια
609 3419 688 3487 ⁸³,
746 3418 838 3472 καὶ
903 3415 1212 3492 διέρχονται
1271 3416 1642 3481 λιτανεύοντες
1699 3416 1788 3472 διὰ
1839 3419 2005 3491 μέσου

337 3513 441 3563 τοῦ
492 3508 738 3576 ἡλιακοῦ
795 3507 886 3562 καὶ
942 3510 1042 3561 τοῦ
1102 3511 1378 3562 στενωποῦ
1423 3510 1520 3561 τοῦ
1565 3506 1894 3581 μονοθύρου,
1915 3507 2005 3561 καὶ

339 3598 715 3673 κατέρχονται
771 3597 836 3651 τὸ
890 3590 1224 3651 καταϐάσιον
1279 3601 1376 3651 τοῦ
1446 3593 1862 3672 βουκολέοντος,
1913 3597 2006 3651 καὶ

342 3685 662 3747 ἰχνεύοντες
697 3681 862 3756 δεξιᾷ,
885 3685 1248 3760 κατέρχονται
1274 3685 1410 3758 πρὸς
1466 3683 1560 3740 τὸν
1605 3684 1855 3759 νάρθηκα
1908 3690 2010 3754 τῆς

339 3775 486 3838 Nic:
544 3772 882 3845 Ἑκκλησίας
935 3773 1130 3847 (ἐκεῖσε
1187 3773 1289 3851 γὰρ
1345 3771 1592 3830 ’ίστανται
1636 3775 1692 3828 οἱ
1736 3780 1838 3844 τῆς
1880 3795 2006 3850 συγ-

341 3862 619 3936 κλήτου),
647 3863 742 3918 καὶ
799 3861 997 3934 γίνεται
1045 3865 1081 3933 ἡ
1125 3862 1427 3927 ἀκολουθία
1473 3869 1573 3933 τῆς
1630 3861 1846 3918 εἰσόδου
1899 3866 2006 3918 τῶν

341 3951 664 4030 ἰγκαινίων.
696 3957 816 4008 Σῶν
848 3950 906 4008 δὲ
936 3950 1210 4008 δεσποτῶν
1255 3953 1390 4008 κατᾶ
1438 3952 1500 4008 τὸ
1559 3951 1752 4016 εἰωθὸς
1812 3952 2006 4008 εἷσιόνο

342 4063 453 4098 των
478 4041 623 4113 μετὰ
641 4045 738 4096 τοῦ
769 4043 1112 4117 πατριάρχου
1145 4041 1223 4104 εἰς
1279 4041 1344 4097 τὸ
1384 4043 1786 4118 θυσιαστήριον,
1819 4043 1847 4096 ὁ
1911 4042 2004 4115 μὲν

347 4131 712 4208 πατριάρχης
735 4131 1176 4209 προεισέρχεται,
1212 4132 1263 4186 oi.
1293 4129 1351 4186 δὲ
1395 4128 1674 4198 δεσπόται,
1727 4129 2007 4204 ἱστάμενοι

343 4217 546 4291 ἔξωθεν
591 4223 702 4274 τῶν
741 4219 914 4294 ἁγίων
957 4222 1154 4294 θυρῶν,
1213 4217 1558 4294 λαμϐάνουσι
1616 4220 1745 4284 τοὺς
1801 4219 2012 4295 κηροὺς

345 4310 502 4386 παρὰ
548 4313 663 4364 τῶν
720 4309 1096 4384 πραιποσίτων
1146 4310 1239 4366 καὶ
1286 4309 1374 4366 διὰ
1421 4319 1522 4382 τῆς
1583 4314 1812 4387 τρισσῆς
1876 4313 2012 4386 μετὰ

2115 3151 2431 3224 egreditur,
2487 3155 2546 3208 et
2593 3156 2903 3224 postquam
2961 3167 3065 3222 per
3112 3154 3342 3220 portam
3381 3149 3455 3205 ad
3497 3147 3775 3206 solarium

2115 3241 2428 3299 ducentem
2469 3240 2758 3306 exierunt,
2789 3239 3016 3297 domini
3063 3255 3260 3296 cereos
3307 3236 3775 3311 processionales

2117 3347 2152 3386 a
2181 3331 2514 3404 prapositis
2543 3330 2862 3403 accipiunt,
2895 3333 2952 3387 et
2977 3329 3041 3385 in
3073 3328 3445 3400 processicne
3492 3344 3596 3400 per
3647 3342 3772 3383 me-

2116 3421 2277 3477 dium
2323 3421 2610 3478 solarium
2664 3419 3088 3492 angustiasque
3136 3417 3471 3492 monothyri
3507 3417 3772 3475 abeunt:

2118 3514 2315 3581 postea
2344 3525 2448 3582 per
2480 3511 2830 3566 descensum
2873 3507 3241 3566 bucoleontis
3283 3507 3573 3581 progressi
3612 3510 3671 3563 et
3709 3507 3779 3563 ad

2119 3600 2383 3657 dextram
2419 3616 2482 3656 se
2514 3599 2889 3668 inclinantes,
2920 3600 2992 3654 ad
3025 3599 3364 3655 narthecem
3395 3598 3565 3655 Nova
3595 3597 3780 3656 eccle-

2118 3690 2219 3747 sia
2253 3707 2316 3746 se
2345 3690 2677 3758 conferunt,
2711 3688 2811 3745 ubi
2845 3695 3142 3746 senatores
3170 3689 3408 3756 adsunt,
3440 3691 3497 3744 et
3522 3687 3781 3746 ofﬁcium

2123 3779 2404 3836 introitus
2453 3779 2850 3836 encaniorum
2899 3777 3243 3834 celebratur.
3275 3775 3540 3832 Dominis
3584 3780 3780 3832 autem

2118 3884 2254 3926 cum
2289 3867 2628 3940 patriarcha
2658 3866 2980 3924 sacrarium
3012 3882 3116 3938 pro
3139 3880 3300 3921 more
3330 3863 3636 3934 ingressis,
3677 3881 3775 3935 pa-

2117 3959 2378 4016 triarcha
2423 3958 2718 4030 praecedit,
2752 3958 2974 4013 domini
3013 3959 3210 4012 autem
3259 3961 3423 4013 extra
3465 3970 3658 4012 sacras
3679 3955 3778 4028 ja-

2117 4065 2271 4105 nuas
2292 4048 2620 4117 constituti,
2637 4061 2833 4103 cereos
2853 4062 2888 4101 a
2907 4045 3239 4118 praepositis
3254 4044 3781 4116 accipiunt,terqne

2119 4153 2271 4210 genu
2304 4137 2450 4193 ﬂexo
2481 4135 2667 4192 Deum
2699 4136 2966 4201 adorant,
2994 4151 3126 4192 mox
3153 4133 3476 4191 sacrarium
3501 4133 3775 4208 ingressi,

2121 4225 2312 4298 primo
2351 4225 2591 4297 quidem
2624 4241 2822 4281 sacras
2844 4225 3084 4296 januas,
3113 4224 3322 4281 deinde
3364 4239 3595 4280 sacrum
3625 4221 3777 4280 alta-

2124 4316 2205 4372 ris
2225 4314 2544 4370 instratum
2576 4313 2943 4382 osculantur,
2976 4317 3034 4369 et
3063 4313 3406 4385 apocomhic
3433 4311 3581 4368 inibi
3607 4327 3780 4381 repo-

340 4405 456 4455 τῶν
517 4403 708 4475 κηρῶν
755 4402 1174 4474 προσκυνήσεως
1233 4401 1705 4477 ἆπευχαριστοῦσι
1753 4406 1834 4475 τῷ
1866 4405 2005 4474 Θεῴ⁶

368 4490 394 4508 Ἰ·
554 4489 569 4508 9
725 4484 747 4508 -Ι
969 4489 983 4508 9
1108 4495 1137 4506 ο
1207 4492 1232 4508 Λ
1517 4492 1528 4508 s
1663 4490 1675 4508 9
1853 4495 1882 4507 υ

2125 4407 2259 4472 silc,
2288 4419 2394 4478 per
2431 4405 2685 4472 bemata,
2717 4403 2902 4460 cereis
2932 4403 2992 4461 in
3032 4418 3390 4475 unoquoque
3428 4402 3653 4459 bemate
3681 4417 3782 4457 ac-

341 4490 464 4545 εἶτα
524 4484 906 4565 εἰσερχόμενοι
964 4489 1017 4545 ἐν
1070 4495 1149 4563 τῷ
1207 4492 1601 4566 θυσιαστηρίῳ,
1660 4490 1713 4546 ἒν
1771 4495 2013 4566 πρῶτοις

2125 4496 2342 4563 censis,
2365 4495 2699 4563 discedunt,
2725 4509 2889 4550 saera
2911 4493 3158 4549 instrata
3187 4509 3290 4565 pro
3322 4507 3484 4548 more
3512 4491 3780 4548 osculan-

344 4583 442 4655 μὲν
473 4579 806 4660 ἀσπάξονται
847 4582 910 4637 τὸ
961 4583 1090 4660 ἅγια
1132 4583 1313 4658 θόρια,
1373 4583 1492 4639 εἶτα
1550 4585 1649 4652 τήν
1709 4586 1807 4652 τῆς
1854 4583 2014 4658 ἁγίας

341 4669 629 4743 τραπέζης
672 4667 919 4740 ἐνδυτὴν,
950 4671 1042 4726 καὶ
1081 4673 1319 4734 τιθέντες
1376 4668 1726 4748 ἅπὸκόμϐιον
1775 4672 1864 4728 ἐπὶ
1913 4678 2014 4742 τῆς

344 4758 507 4833 ἁγίας
592 4757 885 4832 τραπέζης,
974 4756 1292 4835 διέρχονται
1362 4758 1453 4815 διά
1526 4767 1636 4816 τῶν
1724 4761 2013 4834 βημάτων,

349 4846 620 4907 ἆπτοντες
649 4847 854 4919 κηροὺς
883 4849 1001 4911 καθ’
1027 4845 1122 4903 ἕνα
1177 4849 1400 4904 ’ἑκαστον
1439 4853 1549 4924 (67)
1608 4851 1784 4927 βῆμα,
1844 4850 2017 4905 ἂσπά-

2127 4593 2245 4652 tur,
2277 4601 2496 4658 perque
2525 4599 2863 4656 gynaceum
2893 4581 3162 4654 digressi,
3193 4597 3390 4638 cereos
3419 4581 3491 4635 ad
3523 4580 3778 4654 efﬁgiem

2123 4674 2340 4742 Basilii,
2381 4673 2752 4747 imperatoris
2790 4673 3088 4730 Christum
3121 4671 3398 4740 amantis,
3443 4671 3541 4728 72
3570 4686 3780 4728 accen-

2126 4765 2294 4831 dunt,
2349 4764 2659 4836 statimque
2695 4761 2819 4820 vale
2861 4761 3204 4834 patriarcha
3244 4761 3420 4830 dicto,
3458 4760 3654 4818 locum
3684 4777 3783 4818 ex-

2126 4854 2372 4922 celsum,
2423 4853 2525 4910 ubi
2568 4856 2803 4912 orantes
2843 4856 3001 4908 stare
3044 4851 3251 4914 solent.
3295 4855 3517 4924 petunt,
3551 4851 3686 4906 inde
3717 4850 3788 4908 ad

355 4938 581 5010 ζόμενοι
614 4937 751 4991 κατὰ
776 4938 840 4992 τὸ
866 4935 1056 5002 εἰωθὸς
1081 4939 1177 5000 τὰς
1226 4937 1464 5009 ἐνδυτᾶς,
1511 4940 1600 4996 καὶ
1661 4938 2018 5017 διερχόμενοι

2128 4943 2464 5000 narthecem
2516 4959 2695 5016 prope
2746 4959 2905 4998 mare
2953 4940 3160 4998 altaris
3207 4942 3554 5009 ascendunt,
3589 4939 3687 4997 ubi
3734 4949 3790 4996 et

363 5022 445 5079 δια
484 5030 586 5082 τοῦ
636 5024 974 5100 γυναικίτου,
1035 5021 1264 5084 ἅπτουσι
1312 5029 1518 5105 κηροὺς
1581 5030 1656 5092 εἰς
1705 5033 1802 5102 τήν
1836 5029 2018 5086 εἰκόνα

2130 5032 2288 5090 sella
2321 5037 2482 5090 stant
2511 5037 2567 5090 et
2596 5032 2791 5090 velum
2822 5047 3184 5105 suspensum
3207 5037 3317 5103 est,
3345 5045 3608 5103 suasque
3634 5030 3790 5087 tuni-

1729 5160 1965 5218 VARLE
2005 5159 2311 5218 LECTION
2319 5161 2422 5219 ES.

420 5273 472 5309 ⁴¹
505 5271 714 5356 Eli-Qa.
749 5272 971 5356 Ἰστὲον,
999 5272 1104 5356 ⁹ξ’)τι
1151 5275 1180 5331 ὁ
1231 5274 1641 5356 ῥεφερενγδάρ-ιος
1698 5274 1868 5349 δηλοῖ
1898 5276 2000 5356 ⁸τιῖρ
2057 5276 2234 5348 παπίᾳ
2286 5279 2394 5356 τὴν
2429 5274 3176 5356 TOB_ﬂ¢19t&9XOD‘a?tEW.
3255 5276 3302 5314 ⁴¹
3331 5276 3578 5356 καμάρᾳ,
3615 5275 3789 5356 ξὶιιιδε.

346 5345 447 5401 hic
480 5346 770 5432 excidisse
799 5351 970 5432 putat
999 5345 1262 5432 R.,.qua
1298 5345 1372 5421 pf
1407 5345 1532 5432 12‘2"
1554 5345 1858 5432 leguntur,
1895 5345 2033 5408 inde
2081 5369 2114 5407 a
2161 5345 2316 5432 vers.

2407 5393 2420 5440 ,
2469 5351 2567 5440 to?
2598 5345 3073 5440 χρυσοτρξκλίνου
3087 5345 3291 5438 usque
3313 5345 3496 5440 adj'vf
3517 5345 3602 5420 12,
3632 5345 3686 5401 ἐν
3716 5349 3786 5422 τῇ

344 5417 598 5490 καμάρᾳ.
675 5417 722 5454 ⁴⁸
748 5415 840 5472 καὶ
873 5426 1006 5475 ante
1033 5421 1130 5473 τοῦ
1152 5415 1639 5494 ’χρυσοτρικλίνοιῖ
1655 5415 1966 5480 delendum
1998 5439 2123 5480 esse
2156 5429 2341 5496 putat,
2371 5415 2436 5479 R.
2515 5419 2560 5456 ⁸⁸
2587 5415 2654 5475 τδ
2678 5417 2778 5490 ἠλ.
2809 5415 2900 5478 ed.
2978 5422 3023 5458 “
3052 5415 3304 5476 λιταῦιχὰ
3334 5422 3424 5478 ed.

1354 5539 1558 5599 JOAN.
1596 5541 1740 5598 JAC.
1785 5542 2044 5598 REISKll
2084 5539 2686 5599 COMMENTARIUS.

427 5653 543 5726 (67)
575 5657 658 5712 Ita
690 5653 888 5712 solent
907 5654 1040 5727 novi
1071 5655 1252 5711 Graci
1288 5656 1498 5727 solace
1531 5675 1634 5727 pro
1655 5659 1772 5712 καθ’
1798 5651 1851 5712 ἔν
1896 5655 2020 5714 ἕκα-

361 5725 775 5819 στονζξδειῆιιες⁵
795 5743 852 5797 p.
1025 5727 1272 5800 legimus
1295 5727 1378 5819 τίδ’
1409 5725 1473 5782 δά
1512 5725 1681 5819 aptis,
1730 5727 1899 5819 ἤγρρν
1926 5731 2020 5819 ῃτὸ

362 5798 686 5874 σκοντάριον
742 5796 1107 5871 βαστάζουσιν
1172 5799 1496 5871 σπαρθάριοι
1548 5796 1680 5856 ’δύο
1737 5796 1852 5856 καθ’
1926 5796 2022 5856 ἕνα

2129 5661 2258 5732 (pro
2313 5658 2430 5712 καθ’
2471 5656 2552 5730 ἓν)
2592 5653 2836 5724 ἕκαστος,
2880 5659 3169 5731 Spathariz'
3201 5657 3308 5715 duo
3354 5663 3555 5728 gerunt
3591 5669 3783 5711 arma:

2129 5747 2224 5787 seu
2252 5734 2488 5802 scutum,
2518 5733 2896 5804 unusquisque
2923 5748 3120 5788 unum.
