4104 6412
342 408 457 468 351

1405 404 1928 468 CONSTANTINI
1972 402 2665 468 PORPHYROGENITI

3645 413 3768 471 352

351 555 449 596 cas
476 543 735 609 mutant,
765 545 818 596 et
840 539 986 596 sacri
1015 539 1308 611 Evangelii
1332 538 1642 595 lectionem
1673 542 1994 610 exspectan-

2121 535 2412 592 Βασιλείου
2465 538 2562 590 τοῦ
2621 535 2992 610 φιλοχρίστου
3051 534 3335 608 δεσπότου,
3406 539 3498 593 καὶ
3571 539 3770 598 εὐθέως

355 634 462 698 tes,
521 630 776 696 adstant,
811 645 1011 700 quam,
1059 643 1258 684 cereos
1311 645 1344 683 a
1391 627 1718 700 praepositis
1765 627 2006 682 traditos

363 734 542 774 manu
575 721 864 787 tenentes,
897 718 1255 774 auscultant.
1291 715 1484 772 Finita
1514 725 1773 783 extensa,
1808 716 2006 772 consi-

363 809 520 876 dent,
553 809 856 879 prtefectus
877 823 1093 863 mensas
1125 823 1259 862 cum
1290 805 1648 862 tricliniariis
1678 804 2005 861 convivium

361 903 550 968 parat,
599 897 754 970 quod
804 898 930 970 ipse
970 913 1221 969 magnus
1258 895 1573 967 imperator
1612 894 1862 950 ordinat.
1913 893 2008 950 Sic

360 987 582 1042 domini
603 1003 704 1058 per
723 988 997 1042 eumdem
1027 985 1362 1042 narthecem
1395 992 1448 1040 et
1476 988 1760 1040 secretam
1792 981 2008 1038 scalam

360 1090 576 1147 perque
621 1076 900 1132 solarium
940 1075 1212 1147 superius
1252 1075 1360 1129 soli
1409 1072 1677 1145 digressi,
1730 1071 2008 1144 palatium

357 1165 600 1220 intrant.
625 1165 942 1221 Sciendum
977 1169 1086 1232 est,
1119 1165 1441 1219 secundum
1475 1162 1649 1233 hujus
1679 1161 1791 1217 diei
1823 1162 1999 1217 ritum

356 1257 414 1308 et
434 1253 631 1309 Sancti
649 1253 947 1310 Michaelis
970 1253 1181 1308 festum
1203 1260 1402 1309 octavo
1427 1252 1641 1307 mensis
1656 1251 2000 1308 Novembris

354 1340 578 1397 instuiti
612 1342 814 1399 solere.
861 1343 963 1398 ubi
1023 1342 1467 1405 observandum,
1511 1342 1619 1397 hoc
1666 1339 2001 1412 archangeli

354 1431 566 1486 festum
596 1429 655 1485 in
688 1431 939 1487 oratorio
962 1431 1186 1504 templi,
1207 1431 1402 1487 Sancti
1431 1431 1654 1487 scilicet
1674 1428 2000 1496 Michaelis,

357 1521 450 1576 die
479 1521 634 1578 dicto
665 1522 966 1580 celebrari.

2117 623 2630 699 ἀποχαιρετίζοντες
2697 625 2790 679 τὸν
2863 625 3240 701 πατριάρχην,
3313 628 3652 706 εἰσέρχονται
3722 630 3776 686 έν

2117 718 2196 786 τῷ
2228 713 2399 769 ἐκεῖσε
2445 710 2854 789 προσευχαδίῳ,
2902 715 3147 780 κάκεῖθεν
3195 711 3530 781 ἐκϐαίνοντες
3569 720 3646 781 εἰς
3683 721 3781 775 τὸν

2116 804 2253 879 πρὸς
2303 805 2405 873 τὴν
2465 801 2739 858 θάλασσαν
2788 805 3055 878 νάρθηκα,
3105 803 3158 859 έν
3209 807 3254 878 ᾧ
3301 807 3392 861 καὶ
3460 808 3528 862 τά
3575 805 3774 865 σελλία

2111 893 2359 949 ’ίστανται
2412 895 2502 949 καὶ
2549 895 2611 948 τὸ
2668 892 2842 968 βῆλον
2895 894 3184 968 κρέμαται,
3216 895 3306 950 καὶ
3345 895 3769 954 ἀπαλλάσσουσι

2116 984 2213 1045 τὰς
2245 985 2449 1037 ἑαυτῶν
2501 980 2794 1057 χλανίδας,
2840 984 2930 1038 καὶ
2977 982 3228 1038 ’ίστανται
3278 983 3636 1060 ἐκδεχόμενοι
3665 991 3769 1058 τὴν

2115 1076 2212 1127 τοῦ
2245 1071 2402 1149 ἁγίου
2434 1068 2778 1147 Εὗαγγελίου
2822 1072 3148 1147 ἀνάγνωσιν
3200 1075 3296 1138 εἶθ’
3345 1074 3518 1138 οὕτως
3552 1072 3778 1150 λαμϐά-

2111 1185 2292 1224 νοντες
2336 1163 2541 1236 κηροῦς
2588 1165 2734 1237 παρά
2778 1167 2883 1218 τῶν
2936 1164 3336 1238 πραιποσίτων,
3381 1163 3640 1221 ἀκούουσι
3671 1170 3774 1221 τοῦ

2113 1254 2271 1328 ἁγίου
2311 1251 2677 1330 Εὐαγγελίου.
2728 1253 2875 1308 Μετά
2925 1250 2983 1307 δὲ
3026 1255 3127 1323 τήν
3176 1252 3441 1309 ἀπόλυσιν
3493 1262 3596 1324 τῆς
3629 1253 3781 1310 ἐκτε-

2110 1347 2236 1405 νοῦς
2286 1340 2457 1418 εὐχῆς
2504 1342 2846 1412 καθέζονται,
2896 1341 2986 1396 καὶ
3036 1341 3242 1419 εἰσάγει
3275 1344 3302 1398 ὁ
3345 1349 3446 1413 τῆς
3491 1348 3776 1418 τραπέζης

2115 1435 2251 1504 μετά
2280 1430 2370 1485 καὶ
2415 1435 2523 1485 τῶν
2569 1431 2909 1506 ἀρτοκλινῶν
2962 1431 3023 1485 τὸ
3069 1430 3404 1507 κλητώριον,
3437 1433 3526 1486 καὶ
3560 1439 3783 1508 στοιχεῖ

2111 1521 2244 1576 αὐτὸ
2275 1522 2302 1575 ὁ
2339 1520 2510 1594 μέγας
2572 1520 2848 1595 βασιλεύς.
2912 1521 3011 1576 Καὶ
3054 1521 3151 1576 εἶθ’
3213 1520 3384 1583 οὕτως
3428 1525 3480 1577 οἱ
3513 1520 3777 1578 δεσπόται

358 1607 672 1685 διέρχονται
707 1617 980 1686 μυστικῶς
1040 1610 1130 1666 διὰ
1183 1616 1281 1668 τοῦ
1337 1612 1503 1667 αὐτοῦ
1545 1612 1817 1686 νάρθηκος
1874 1611 1964 1665 καὶ
2014 1615 2112 1666 τοῦ
2165 1616 2426 1684 μυστικοῦ
2478 1605 2790 1681 ὰναϐασίου,
2841 1611 2930 1666 καὶ
2981 1608 3070 1666 διὰ
3097 1617 3195 1667 τοῦ
3225 1611 3504 1668 ἀνωτάτου
3535 1611 3776 1682 ἡλιακοῦ

354 1697 452 1754 τοῦ
501 1700 666 1755 αὐτοῦ
733 1703 1007 1777 νάρθηκος
1072 1701 1414 1778 εἰσέρχονται
1463 1701 1539 1763 εἷς
1587 1701 1650 1754 τὸ
1705 1699 1993 1758 παλάτιον.
2055 1703 2172 1777 Χρή
2235 1699 2452 1770 εἰδέναι,
2504 1701 2586 1754 δτι
2636 1700 2777 1755 κατά
2822 1703 2921 1770 τήν
2971 1701 3116 1774 τάξιν
3167 1701 3368 1772 ταύτης
3417 1709 3516 1772 τῆς
3571 1703 3773 1778 ἑορτῆς

354 1789 439 1843 καὶ
503 1790 595 1844 τὸν
655 1791 826 1846 τύπον
888 1789 1217 1848 ἐπιτελεῖται
1275 1792 1365 1846 καὶ
1422 1795 1457 1861 ἡ
1514 1792 1674 1866 ἑορτή
1724 1795 1822 1845 τοῦ
1880 1790 2328 1866 ἀρχιστρατήγου
2391 1789 2522 1863 μηνὶ
2580 1788 2882 1864 Νοεμϐρίῳ
2940 1793 2990 1861 η’
3047 1792 3158 1863 (68)
3215 1789 3432 1848 Εἷδέναι
3465 1790 3523 1846 δὲ
3553 1789 3653 1863 δεῖ,
3689 1793 3778 1849 ὅτι

350 1883 517 1953 ταύτῃ
550 1883 620 1953 τῇ
651 1880 813 1956 ἑορτῇ
870 1883 967 1938 τοῦ
1023 1883 1472 1960 ἀρχιστρατήγου
1530 1880 1581 1937 ἐν
1637 1886 1718 1954 τῷ
1775 1881 2046 1954 εὐκτηρίῳ
2100 1883 2196 1936 τοῦ
2245 1884 2398 1951 ναοῦ,
2456 1877 2628 1954 ἤγουν
2685 1884 2783 1935 τοῦ
2843 1881 3312 1959 ἀρχιστρατήγου,
3373 1881 3700 1938 ἐπιτελεῖται
3732 1885 3768 1952 ἡ

340 1968 566 2041 τοιαύτη
600 1973 761 2048 ἑορτή
772 2016 786 2030 .

951 2066 1182 2122 CAPUT
1221 2067 1371 2122 XXI.
1415 2104 1418 2108 η

391 2155 718 2212 Obervanda
746 2157 804 2210 in
831 2156 970 2226 ferto
991 2161 1043 2212 et
1068 2157 1414 2227 processione
1439 2154 1632 2210 Sancti
1653 2151 1940 2209 Demetrii.

415 2327 464 2386 Ι.
495 2328 688 2386 Pridie
717 2327 897 2384 unius
939 2324 1054 2382 diei
1083 2323 1304 2383 domini
1348 2321 1677 2396 praepositis
1707 2319 1994 2386 indicant,

348 2421 444 2477 die
481 2423 760 2490 sequente
805 2431 936 2472 cum
977 2412 1270 2470 allaximis
1327 2419 1598 2468 senatum
1656 2409 1995 2468 universum

348 2511 605 2585 prodire,
647 2523 820 2564 mane
857 2509 1054 2561 autem
1086 2504 1242 2560 circa
1271 2503 1472 2558 horam
1503 2501 1816 2558 secundam
1851 2515 1996 2571 prea-

350 2600 575 2672 positos
603 2597 830 2670 ingredi
870 2595 1103 2667 jubent,
1136 2609 1252 2663 quo
1287 2592 1461 2659 facto,
1492 2607 1625 2648 cum
1659 2589 1862 2662 paucis
1892 2605 1994 2644 cu-

341 2688 662 2756 biculariis,
679 2703 828 2759 papa
839 2699 888 2741 et
905 2681 1281 2740 betteriarcha
1292 2681 1591 2748 abeunt,et
1603 2677 1992 2750 patriarcham

341 2795 474 2834 cum
511 2776 901 2849 metrOpolitis
945 2781 1000 2831 et
1029 2772 1256 2844 reliquo
1288 2773 1417 2842 ejus
1449 2770 1642 2828 ofﬁcio
1673 2769 1994 2825 adducunt.

343 2868 451 2934 Qui
498 2883 604 2938 per
645 2865 935 2938 porticum
976 2861 1260 2918 triconchi
1305 2862 1630 2933 ingressus,
1665 2859 1724 2914 in
1765 2873 1997 2914 camera

342 2957 503 3013 aurei
533 2954 796 3024 triclinii,
821 2970 948 3025 qua;
982 2951 1251 3025 proxima
1281 2949 1534 3023 pantbeo
1565 2953 1674 3016 est,
1708 2947 1992 3004 considet.

344 3045 645 3118 Praepositi
692 3048 886 3100 autem
936 3042 1182 3113 ingressi
1221 3039 1673 3112 imperatoribus
1719 3037 1846 3108 ejus
1896 3037 1994 3092 ad-

340 3140 582 3191 ventum
631 3131 927 3198 nuntiant,
959 3130 1057 3200 qui
1088 3133 1361 3200 surgunt,
1390 3134 1444 3184 et
1473 3142 1769 3183 cameram
1799 3123 1995 3180 Sancti

341 3223 629 3280 Theodori
683 3220 957 3292 ingressi,
993 3219 1220 3276 tunicas
1259 3233 1395 3272 suas
1434 3216 1708 3283 induunt,
1739 3218 1796 3269 et
1835 3220 1995 3270 extra

339 3313 532 3369 velum
549 3313 680 3382 ejus
691 3326 937 3366 camera:
948 3307 1451 3379 egressi,adstant.
1462 3308 1687 3360 Interea
1701 3301 1996 3374 praepositi

339 3401 735 3475 patriarcham
769 3399 1088 3464 adducunt,
1122 3412 1296 3467 quem
1329 3393 1548 3451 domini
1581 3409 1683 3464 pro
1715 3408 1876 3447 more
1907 3407 1993 3446 os-

341 3491 614 3546 culantur
662 3497 716 3544 et
767 3485 1070 3558 paululum
1121 3486 1182 3540 in
1225 3499 1398 3540 aureo
1447 3482 1700 3538 triclinio
1750 3497 1884 3537 cum
1925 3496 1992 3536 eo

339 3579 660 3648 consident,
694 3577 990 3646 rebusque
1020 3575 1301 3630 omnibus
1322 3574 1466 3628 bene
1498 3570 1803 3638 ordinatis,
1837 3587 1984 3642 pre-

339 3667 517 3738 positi
549 3667 794 3733 intrant,
816 3663 1071 3720 dominis
1099 3662 1161 3716 id
1189 3659 1532 3728 nuntiaturi,
1560 3659 1660 3731 qui
1688 3658 1985 3714 confestim

339 3772 473 3812 cum
533 3754 866 3827 patriarcha
923 3759 1194 3824 surgunt,
1252 3755 1310 3806 et
1361 3750 1474 3804 ritu
1533 3747 1678 3820 ipsis
1736 3746 1986 3804 solemni

339 3847 579 3918 egressi,
611 3861 713 3917 per
741 3843 1114 3915 tripetonem,
1149 3841 1496 3906 lausiacum,
1525 3837 1982 3902 Justinianeum,

339 3937 534 4010 scycla
563 3942 620 3992 et
643 3935 959 3992 exteriores
990 3933 1268 3991 Marciani
1297 3933 1556 4005 porticus
1587 3935 1984 3998 transeuntes,

339 4029 656 4084 oratorium
680 4026 873 4082 Sancti
894 4026 1068 4094 Petri,
1101 4026 1256 4096 quod
1297 4024 1378 4078 ibi
1408 4023 1588 4079 situm
1617 4027 1724 4092 est,
1760 4027 1982 4092 petunt.

2021 2066 2070 2131 B

2707 2062 2972 2118 ΚΕΦΑΛ.
3007 2063 3136 2118 KA'.

2101 2150 2242 2206 ’Όσα
2281 2147 2364 2204 δεῖ
2393 2147 2834 2225 παραφυλάττειν
2870 2155 2939 2224 τῇ
2991 2151 3152 2225 ἑορτῇ
3184 2151 3275 2206 καὶ
3306 2150 3619 2228 προελεύσει
3649 2157 3749 2207 τοῦ

2557 2236 2752 2316 Ἁγίου
2800 2240 3128 2314 Δημητρίου
3159 2243 3293 2315 (69).

2176 2328 2252 2386 Δ’.
2288 2329 2402 2402 Πρὸ
2437 2332 2564 2401 μιᾶς
2619 2329 2834 2402 ἡμέρας
2880 2327 3198 2385 κελεύουσιν
3250 2332 3303 2386 οἱ
3354 2329 3607 2387 δεσπόταί
3640 2338 3767 2397 τοῖς

2105 2417 2489 2490 πραιποσίτοις
2520 2421 2618 2472 τοῦ
2666 2415 2954 2490 προελθεῖν
3001 2418 3089 2473 ἐπὶ
3133 2419 3232 2488 τὴν
3264 2422 3377 2494 (70)
3408 2417 3594 2495 αὔριον
3628 2423 3768 2494 μετά

2105 2504 2423 2578 ἀλλαξίμων
2457 2507 2556 2576 τὴν
2592 2505 2900 2582 σύγκλητον
2950 2513 3148 2577 πᾶσαν,
3199 2509 3287 2563 διαὶ
3331 2512 3400 2582 τῇ
3437 2507 3603 2565 ἕωθεν
3636 2511 3765 2584 περὶ

2106 2590 2222 2668 ὥρα
2271 2591 2520 2670 δευτέραν
2566 2593 2880 2649 κελεύουσιν
2929 2597 2980 2649 οἱ
3032 2593 3289 2652 δεσπόται
3338 2595 3603 2652 εἰσελθεῖν
3633 2597 3770 2662 τοὺς

2105 2682 2522 2757 πραιποσίτους,
2553 2684 2641 2738 καὶ
2684 2680 2750 2752 δὴ
2803 2683 3011 2739 τούτων
3045 2682 3426 2757 εἰσελθόντων,
3461 2687 3598 2760 μετά
3647 2686 3772 2743 ὀλί-

2106 2793 2220 2846 γων
2266 2777 2363 2828 τοῦ
2416 2767 2815 2828 κουϐουκλείου
2867 2773 3223 2850 ἀπέρχονται,
3266 2774 3380 2849 ’ἁμα
3427 2779 3524 2831 τοῦ
3581 2778 3771 2833 παπία

2104 2863 2195 2918 καὶ
2239 2867 2338 2918 τοῦ
2387 2863 2794 2938 έταιρειάρχου,
2833 2863 2923 2918 καὶ
2977 2863 3249 2940 εἰσάγουσι
3279 2866 3372 2920 τὸν
3412 2867 3774 2943 πατριάρχην

2109 2951 2242 3025 μετά
2270 2952 2360 3006 καὶ
2390 2956 2497 3006 τῶν
2536 2952 2965 3025 μητροπολιτῶν
2997 2954 3088 3008 καὶ
3118 2957 3217 3019 τῆς
3251 2953 3462 3024 λοιπῆς
3501 2956 3546 2992 ⁴⁶
3589 2956 3766 3011 αὐτοῦ

2103 3040 2324 3110 τᾶξεως.
2375 3039 2474 3095 Καὶ
2522 3045 2622 3095 τοῦ
2670 3040 3018 3116 πατριάρχου
3075 3043 3490 3117 εἰσερχομένου,
3533 3042 3622 3100 διὰ
3651 3049 3768 3100 τῶν

2106 3125 2436 3184 διαϐατικῶν
2494 3133 2590 3183 τοῦ
2646 3132 2953 3206 τρικόγχου
3009 3131 3334 3207 εἰσέρχεται,
3385 3133 3476 3188 καὶ
3525 3135 3767 3204 κάθηται

2105 3218 2156 3273 έν
2201 3222 2270 3292 τῇ
2318 3221 2538 3293 καμάρᾳ
2584 3222 2681 3273 τοῦ
2731 3221 3191 3295 χρυσοτρικλίνου
3229 3221 3298 3295 τῇ
3348 3220 3484 3298 οὔσῃ
3527 3225 3665 3299 πρὸς
3695 3226 3766 3279 τὸ

2102 3306 2350 3364 πάνθεον.
2411 3310 2478 3365 Οἱ
2539 3305 2596 3362 δὲ
2649 3310 3001 3383 πραιπόσιτοι
3063 3311 3440 3387 εἰσερχόμένοι
3497 3312 3765 3390 ἀναγγέλ·

2105 3396 2261 3451 λουσι
2317 3402 2434 3458 τοῖς
2493 3391 2779 3459 δεσπόταις
2834 3399 2934 3467 τήν
2995 3403 3091 3454 τοῦ
3155 3403 3501 3477 πατριάρχου
3551 3401 3756 3475 ἄφιξιν,

2102 3487 2192 3541 καὶ
2243 3485 2441 3550 εὐθέως
2498 3485 2805 3543 ἀνίστανται
2865 3490 2916 3543 οἱ
2977 3487 3234 3546 δεσπόται
3280 3491 3372 3546 καὶ
3417 3490 3750 3566 εἰσέρχονται

2096 3575 2147 3630 έν
2180 3581 2248 3650 τῇ
2281 3577 2500 3651 καμάρᾳ
2533 3581 2632 3631 τοῦ
2675 3577 2864 3653 Ἀγίου
2896 3577 3208 3654 Θεοδώρου,
3238 3581 3452 3636 κάκεῖσε
3480 3575 3752 3655 περιϐάλ-

2098 3663 2285 3720 λονται
2318 3666 2413 3727 τάς
2459 3667 2661 3721 ἑαυτῶν
2706 3666 3003 3745 χλανίδας,
3035 3671 3127 3724 καὶ
3177 3669 3529 3746 ἐξερχόμενοι
3560 3665 3751 3744 ἔξωθεν

2093 3758 2190 3808 τοῦ
2244 3754 2422 3830 βήλου
2470 3761 2573 3824 τῆς
2618 3756 2788 3825 αὐτῆς
2820 3759 3071 3834 καμάρας
3101 3759 3372 3816 ἳστανται.
3405 3761 3472 3817 Οἱ
3504 3757 3562 3815 δὲ
3590 3780 3758 3832 πραι-

2093 3845 2315 3899 πόσιτοι
2346 3844 2698 3922 ἐξερχόμενοι
2731 3845 3004 3922 εἰσάγουσι
3055 3850 3148 3903 τὸν
3183 3851 3558 3925 πατριάρχην·
3593 3851 3650 3904 οἱ
3691 3846 3756 3905 δὲ

2096 3931 2352 3988 δεσπόται
2395 3939 2586 3988 τοῦτον
2634 3935 2771 3989 κατά
2815 3936 2878 3989 τὸ
2928 3936 3120 4000 εἶ’ωθὸς
3169 3939 3561 4012 ἀσπαζόμενοι,
3621 3941 3758 3993 καθ-

2095 4022 2308 4092 έζονται
2344 4024 2454 4095 μετ’
2489 4021 2655 4077 αὐτοῦ
2687 4022 2774 4078 ἐπὶ
2806 4029 2903 4079 τοῦ
2945 4025 3412 4100 χρυσοτρικλίνου
3451 4029 3643 4102 μικρόν
3672 4049 3757 4096 τι,

336 4114 427 4171 καὶ
460 4113 549 4170 ὅτε
577 4117 749 4169 πάντα
799 4112 980 4175 καλῶς
1033 4111 1471 4187 εὖτρεπισθῶσιν,
1519 4109 1854 4186 εἰσέρχονται
1901 4111 1951 4164 οἱ
2009 4112 2365 4186 πραιπόσιτοι
2415 4109 2709 4180 δηλοῦντες
2755 4118 2872 4175 τοῖς
2923 4111 3230 4185 δεσπόταις,
3280 4116 3369 4171 καὶ
3420 4116 3614 4177 εὐθέως
3664 4117 3762 4172 ἀν-

335 4205 579 4259 ίστανται
613 4204 664 4258 οἱ
697 4199 949 4258 δεσπόται
987 4202 1120 4274 μετά
1148 4204 1246 4254 τοῦ
1277 4201 1646 4275 πατριάρχου,
1696 4197 1783 4253 καὶ
1835 4197 2180 4274 ἐξερχόμενοι
2229 4200 2365 4255 κατὰ
2413 4201 2505 4255 τὸν
2553 4196 2786 4264 εἰωθότα
2828 4204 3049 4266 τούτοις
3088 4204 3282 4272 τύπον,
3317 4201 3632 4280 διέρχονται
3663 4204 3766 4262 διὰ

332 4299 432 4349 τοῦ
461 4294 795 4369 τριπέτωνος
827 4291 917 4345 καὶ
945 4295 1042 4346 τοῦ
1076 4292 1372 4344 λαυσιακοῦ
1401 4291 1492 4345 καὶ
1522 4292 1617 4343 τοῦ
1648 4289 2031 4343 Ἰουστινιανοῦ
2060 4287 2149 4342 καὶ
2192 4293 2299 4344 τῶν
2351 4287 2568 4344 σκύλων
2615 4290 2705 4345 καὶ
2748 4295 2854 4346 τῶν
2890 4289 2990 4361 ἔξω
3024 4288 3352 4348 διαϐατικῶν
3384 4298 3480 4349 τοῦ
3511 4297 3769 4369 Μαρκια-

335 4388 452 4451 νοῦ,
485 4383 573 4436 καὶ
605 4382 942 4456 ἀπέρχονται
975 4379 1027 4434 ἐν
1058 4384 1138 4452 τῷ
1169 4379 1339 4434 ἐκεῖσε
1369 4378 1643 4452 εὐκτηρίῳ
1674 4381 1770 4432 τοῦ
1800 4376 1988 4451 Ἀγίου
2021 4378 2362 4433 Ἀποστόλου
2396 4379 2622 4453 Πέτρου.

411 4475 506 4529 13
543 4475 615 4530 Il.
651 4473 964 4529 Sciendum
1016 4475 1127 4533 est.
1177 4469 1435 4526 dominis
1474 4485 1605 4524 cum
1649 4468 1981 4539 patriarcha
2015 4470 2057 4534 Ι)

329 4582 400 4620 ex
440 4581 614 4619 aureo
655 4562 911 4618 triclinio
957 4559 1422 4632 procedentibus,
1462 4565 1597 4613 ante
1627 4563 1826 4629 portas
1859 4559 1981 4627 ejus

331 4662 630 4722 argenteas
661 4652 966 4708 eunuchos
1017 4649 1512 4721 protospatharios
1541 4653 1597 4703 et
1630 4647 1981 4717 logothetam

329 4758 535 4797 cursus
565 4742 782 4812 publici
814 4757 946 4799 cum
981 4738 1452 4812 protoscriniario
1506 4742 1564 4793 et
1594 4737 1780 4808 primo
1818 4745 1976 4792 nota-

2162 4469 2232 4523 B'.
2270 4468 2484 4535 Ἰστέον,
2545 4469 2653 4536 ὅτι,
2712 4474 2820 4524 τῶν
2879 4467 3151 4526 δεσποτῶν
3205 4471 3580 4549 ἐξερχομένων
3639 4473 3760 4530 ἀπὸ

2091 4561 2186 4610 τοῦ
2217 4557 2680 4632 γ-ρυσοτρικλίνου
2716 4559 2851 4632 μετά
2880 4561 2970 4614 καὶ
3013 4565 3110 4616 τοῦ
3159 4565 3529 4638 πατριάρχου,
3560 4561 3756 4618 ’ίσταν-

2092 4667 2145 4700 αι
2198 4646 2418 4720 ἀντικρὺ
2465 4652 2574 4702 τῶν
2622 4647 2870 4724 ἀργυρῶν
2921 4649 3111 4704 πυλῶν
3155 4655 3251 4706 τοῦ
3283 4651 3760 4726 χρυσοτρικλίνου

2089 4735 2141 4789 οἱ
2186 4734 2436 4810 εὐνοῦχοι
2486 4740 2993 4812 πρωτοσπαθάριοι,
3046 4739 3075 4794 δ
3123 4761 3180 4796 τε
3239 4739 3543 4816 λογοθέτης
3574 4743 3618 4778 ⁴⁷
3645 4745 3762 4797 τοῦ

1705 4887 1954 4944 νΑΡιΙίΕ
1995 4887 2407 4945 LECTIONES.

403 5015 450 5050 ‘3
479 5012 699 5076 λοιποῖς
729 5017 818 5072 ed.
896 5015 941 5052 ‘7
971 5017 999 5069 ὁ
1031 5015 1224 5092 λογοθ.
1257 5015 1348 5072 ed.

1331 5141 1530 5197 JOAN.
1571 5141 1714 5197 JAC.
1758 5141 2026 5197 REISKII
2064 5139 2655 5199 COMMENTARIUS.

401 5270 516 5340 (68)
538 5266 980 5354 Atquinrubric'a
1013 5268 1359 5354 marginalis
1386 5267 1448 5322 in
1478 5271 1554 5323 M.
1582 5267 1684 5354 dat
1710 5266 1986 5354 hanc’no:

333 5337 658 5412 tam,p'r,vi
707 5337 1002 5412 Νοεμορίῳ
1057 5339 1101 5392 α’
1147 5337 1254 5393 τοῦ
1314 5339 1813 5413 Ἀρχιστρατήγου.
1872 5339 1981 5394 Sed

331 5417 548 5468 rectius
579 5413 732 5483 quod
767 5412 822 5466 in
859 5421 1009 5466 textu
1042 5419 1148 5467 est.

402 5486 515 5555 (69)
559 5480 617 5539 SI
656 5484 979 5539 Demetrius
1024 5483 1177 5554 apud
1229 5483 1458 5538 Grecos
1509 5497 1720 5553 magno
1768 5481 1843 5555 i_n_
1877 5480 1981 5536 ho-

328 5552 466 5611 nore
497 5552 607 5622 est,
646 5564 701 5610 et
730 5556 883 5610 inter
925 5552 1210 5626 martyres
1232 5555 1544 5626 militares,
1577 5552 1687 5626 seu
1726 5552 1978 5609 militum

327 5633 603 5698 patronos
632 5635 687 5682 et
717 5628 1004 5698 bellorum
1037 5624 1397 5698 praesideset
1420 5625 1478 5679 in
1514 5625 1726 5698 pugnis
1755 5627 1976 5696 adjuto-

328 5716 419 5755 res
451 5703 775 5771 reputatur.
795 5697 865 5752 V.
893 5697 1133 5771 Cedren.
1159 5711 1292 5771 pag.
1314 5697 1532 5771 7118.0.
1555 5697 1714 5754 Idem
1744 5713 1977 5769 quoque

325 5789 385 5843 p.
409 5767 537 5838 744,
561 5772 645 5827 ait
673 5787 859 5843 aegros
890 5768 1081 5825 sanari
1103 5767 1350 5840 cupidos
1381 5767 1455 5824 ad
1484 5769 1613 5838 ejus
1636 5767 1974 5842 sepulcrum

2095 5266 2250 5345 apud
2291 5265 3186 5345 Thessalonicamconfluxisse.
3220 5273 3350 5326 Vid.
3387 5273 3615 5329 Heinec.
3655 5278 3761 5345 IlI,

2267 5343 2330 5419 et
2376 5339 2546 5419 Go_ar.
2582 5343 2654 5419 ad
2687 5342 2983 5419 Codin._p.
3026 5345 3224 5419 6§,_n.
3267 5345 3432 5419 29in
3463 5346 3653 5419 Nostri
3694 5337 3760 5419 p:

2093 5409 2215 5490 mg
2241 5416 2420 5490 patet,
2453 5410 2608 5490 haud
2645 5419 2848 5490 procul
2883 5409 3306 5490 fanq‘Deiparie
3337 5417 3508 5472 Phari
3537 5409 3754 5490 fuisse,

2092 5486 2148 5561 et
2179 5481 2264 5535 Du
2314 5483 2507 5561 Gange
2537 5486 2606 5539 ad
2645 5481 2804 5561 Alex.
2853 5502 2909 5556 p.
2959 5487 3086 5561 259.
3136 5481 3221 5561 in
3247 5493 3501 5544 extremo
3536 5481 3760 5561 angulo

2091 5551 2478 5628 Propontidis,
2511 5571 2542 5610 e
2572 5559 2807 5628 regione
2835 5551 3083 5626 Scutari,
3114 5557 3377 5614 collocat.

2161 5625 2272 5703 (70)
2306 5630 2364 5684 F.
2390 5624 2477 5682 ἐπὶ
2507 5631 2600 5700 τῇ,
2635 5624 2699 5686 iit
2721 5646 2924 5700 supra,
2946 5629 3050 5686 sed
3072 5624 3330 5686 Valterum
3364 5647 3596 5703 quoque
3624 5650 3744 5690 non

2088 5700 2330 5756 malum.
