4158 6426
343 356 461 417 359

1411 348 1940 412 CONSTANTINI
1985 348 2698 415 PORPHYROGENITI

3642 355 3759 419 360

345 487 604 546 medium
623 483 906 555 templum
929 482 1051 538 abit
1072 481 1457 554 dextramque
1487 481 1753 553 umbonis
1774 485 1999 554 partem

2113 479 2418 549 κατελθὼν,
2478 481 2784 559 εἰσέρχεται
2834 480 2922 539 διὰ
2966 489 3069 554 τῆς
3128 483 3377 560 μεγάλης
3431 485 3615 556 πύΛης
3661 492 3759 543 τοῦ

350 594 452 650 per
497 573 713 631 soleam
761 571 1105 643 ingreditur,
1155 572 1415 644 patriciis
1471 571 1700 628 interim
1743 570 1803 626 in
1844 570 2001 628 solea

347 664 640 722 stantibus
670 677 931 733 suosque
958 674 1156 718 cereos
1186 660 1570 732 gestantibus.

2111 570 2404 644 νάρθηκος,
2434 571 2527 627 καὶ
2566 573 2662 635 τὰς
2698 569 2986 647 βασιλικὰς
3017 572 3199 638 πύλας
3226 570 3574 642 καταλαϐὼν,
3602 574 3762 631 ’ἱστα-

2108 679 2221 723 ται,
2272 657 2495 723 ἐπιδοὺς
2538 664 2619 733 τῷ
2670 661 3017 737 πραιποσίτῳ
3064 661 3279 738 κηρίον,
3330 664 3463 739 ὅπερ
3519 662 3760 744 κατέχει,

344 772 433 807 και
483 745 639 825 ἔτερα
702 749 828 819 παρ’
887 747 1054 803 αὐτοῦ
1110 742 1295 803 λαϐὼν
1354 747 1446 803 καὶ
1507 747 1823 821 εὐξάμενος,
1882 743 2194 802 ἐπιδίδωσιν
2252 749 2389 804 αὐτὰ
2425 754 2506 823 τῷ
2545 750 2914 825 πραιποσίτῳ,
2952 753 2981 806 6
3023 749 3082 807 δὲ
3135 751 3509 827 πραιπόσιπος
3544 758 3626 826 τῷ
3662 742 3765 824 τῆς

339 841 732 901 καταστάσιως.
799 839 1031 895 ’Έπειτα
1095 834 1361 911 λαμϐάνει
1418 837 1481 893 τὸ
1540 836 1840 893 λιτανίκιον
1898 836 2064 892 αὑτοῦ
2119 835 2286 892 πάλιν
2351 838 2499 913 παρὰ
2561 843 2658 895 τοῦ
2714 841 3100 916 πραιποσίτου,
3140 841 3233 897 καὶ
3279 844 3661 917 προσκυνήσας
3700 844 3765 898 τὸ

343 931 611 1008 ἄχραντον
671 922 1033 1001 Εὗαγγέλιον,
1092 922 1370 1002 διέρχεται
1429 926 1568 999 μετὰ
1616 929 1715 981 τοῦ
1765 925 2113 1001 πατριάρχου
2173 925 2333 999 μέσον
2395 931 2493 983 τοῦ
2549 932 2703 997 ναοῦ,
2761 927 2852 983 καὶ
2910 926 2962 983 έν
3015 933 3133 991 τοῖς
3195 928 3392 1002 δεξιοῖς
3437 928 3622 1004 μέρεσι
3666 934 3766 986 τοῦ

344 1013 604 1093 ἅμϐώνος
641 1014 942 1092 εἷσέρχεται
1001 1010 1093 1070 διὰ
1145 1020 1247 1086 τῆς
1307 1011 1539 1086 σωλέας,
1597 1018 1707 1071 τῶν
1748 1013 2050 1091 πατρικίων
2093 1014 2341 1072 ἑστώτων
2382 1017 2461 1080 εἰς
2497 1017 2597 1087 τήν
2636 1016 2866 1089 σωλέαν,
2906 1017 2997 1073 καὶ
3059 1018 3437 1094 βασταζόντων
3473 1020 3540 1074 τὰ
3580 1020 3765 1077 αὗτῶθ

342 1106 533 1184 κηρία.

422 1202 493 1257 ΙΙ.
545 1200 861 1272 Imperator
890 1200 1086 1255 autem
1117 1198 1189 1254 ad
1222 1213 1417 1255 sacras
1460 1198 1672 1270 ianuas
1702 1196 1997 1255 constitu~

345 1295 459 1358 tus,
493 1305 724 1348 cereum
769 1304 943 1346 suum
975 1287 1288 1361 praeposito
1320 1288 1499 1345 tradit
1531 1287 1798 1360 aliosque
1826 1287 1899 1343 ab
1930 1301 1997 1343 eo

341 1384 547 1453 sumit,
597 1387 655 1440 et
684 1390 813 1455 post
843 1398 1043 1456 preces
1076 1381 1192 1454 ipsi
1223 1382 1410 1439 reddit
1455 1398 1470 1437 :
1518 1382 1839 1438 sacrarium
1894 1381 1998 1437 in-

341 1488 607 1546 gressus,
657 1470 989 1528 veneranda
1030 1470 1191 1543 ligna
1240 1471 1468 1537 adorat,
1522 1470 1737 1527 deinde
1768 1486 1872 1543 per
1900 1486 1996 1525 so-

345 1559 499 1617 leam
531 1574 824 1627 reversus,
855 1559 1104 1632 gradum
1136 1558 1370 1615 tertium
1400 1565 1501 1615 aut
1529 1561 1806 1631 quartum
1851 1573 2000 1631 quo-

342 1666 462 1723 que
492 1649 764 1706 ambonis
789 1628 1075 1715 ascendit,
1106 1655 1163 1705 et
1191 1647 1298 1717 ibi,
1329 1628 1567 1705 cereum
1591 1651 1823 1717 tenens,
1857 1628 2001 1702 sub-
2031 1628 2079 1694 Β

341 1736 504 1795 sistit
544 1754 558 1795 :
593 1737 861 1794 cubiculo
907 1738 1162 1811 prefecti
1211 1736 1273 1793 in
1320 1737 1477 1794 solea
1516 1753 1713 1794 coram
1757 1737 2004 1809 impera-

343 1830 493 1895 tore,
542 1828 798 1884 eunuchi
829 1827 1289 1901 protospatharii
1339 1827 1400 1884 in
1449 1826 1689 1885 sinistro
1732 1826 2005 1884 ambonis

346 1917 529 1975 latere
560 1920 620 1976 in
654 1936 918 1989 scamno,
952 1918 1316 1977 manclavita
1362 1936 1512 1991 pone
1541 1936 1641 1977 eos
1670 1919 1732 1978 in
1764 1919 2007 1977 sinistra

342 2016 509 2078 parte
550 2009 819 2066 umbonis
862 2009 1214 2081 subsistunt,
1262 2010 1540 2082 quoniam
1590 2026 1763 2067 nemo
1807 2024 2004 2067 coram

342 2096 698 2169 imperatore
743 2099 978 2171 prodire
1020 2104 1229 2171 potest.
1272 2100 1612 2157 Patriarcha
1649 2116 1782 2157 eum
1830 2116 2007 2157 vene-

346 2188 552 2244 randis
614 2186 795 2260 lignis
856 2187 1169 2245 ambonem
1216 2189 1500 2262 ingresso,
1550 2190 1868 2261 imperator
1913 2207 2005 2249 ce-

345 2292 518 2333 reum
565 2292 742 2332 suum
782 2277 1277 2348 processionalem
1327 2278 1639 2351 praeposito
1689 2279 1891 2349 tradit,
1951 2284 2007 2336 et

343 2364 479 2423 aliis
528 2366 979 2438 supplicationis
1017 2368 1289 2439 acceptis,
1331 2383 1468 2425 cum
1518 2368 1666 2440 ipsis
1712 2369 2002 2438 subsistit,

340 2454 527 2511 donec
575 2454 845 2512 exaltatio
893 2454 1085 2512 crucis
1117 2456 1178 2512 in
1219 2462 1473 2529 quatuor
1503 2457 1769 2515 ambonis
1809 2457 2003 2514 lateri-

341 2545 457 2603 bus
507 2546 659 2602 facta
715 2555 820 2603 est.
873 2546 1080 2603 Postea
1128 2546 1311 2604 cereis
1368 2547 1686 2620 praeposito
1754 2547 2002 2606 redditis

340 2634 533 2704 ambo,
556 2634 876 2708 imperator
898 2641 959 2693 et
980 2635 1336 2708 patriarcha,
1362 2654 1464 2710 per
1479 2638 1705 2695 soleam
1727 2636 2000 2710 digressi,

331 2723 660 2779 sacrarium
693 2722 939 2792 intrant,
972 2723 1327 2781 venerandis
1364 2723 1541 2797 lignis
1571 2723 1652 2781 ibi
1695 2724 1999 2796 expositis,

334 2815 393 2868 et
446 2815 758 2884 postquam
811 2816 1083 2883 precatus
1140 2811 1461 2885 imperator
1516 2816 1606 2871 est
1652 2813 1999 2886 lignumque

332 2902 735 2957 venerandum
803 2901 1089 2972 adoravit,
1122 2918 1226 2975 per
1281 2903 1524 2959 sacrarii
1586 2901 1996 2975 obliquitatem

2180 1196 2257 1254 B'.
2310 1197 2371 1254 Ὁ
2422 1194 2480 1252 δὲ
2521 1194 2780 1273 βασιλεὺς
2833 1196 3136 1274 ἔμπροσθεν
3186 1204 3296 1255 τῶν
3345 1197 3519 1275 ἆγίων
3581 1201 3764 1275 θυρῶν

2106 1284 2296 1355 ἑστὼς,
2330 1282 2614 1341 έπισίδωσι
2650 1291 2731 1359 τῷ
2767 1287 3113 1363 πραιποσίτῳ
3140 1288 3204 1344 τὸ
3229 1284 3374 1343 ’ἴδιον
3421 1288 3642 1364 κηρίον,
3672 1288 3767 1345 καὶ

2104 1368 2262 1447 ἕτερα
2307 1375 2432 1447 παρ’
2485 1374 2650 1430 αὐτοῦ
2706 1372 2893 1432 λαϐὼν
2939 1379 3030 1433 καὶ
3083 1376 3395 1451 εὐξάμενος,
3444 1374 3765 1433 ἐπιδίδωσιν

2104 1464 2243 1519 αὐτὰ
2270 1464 2442 1537 αὐτῷ,
2488 1466 2577 1520 καὶ
2627 1466 2706 1529 εἷς
2746 1466 2810 1521 τὸ
2853 1469 3234 1541 θυσιαστήριον
3263 1466 3546 1538 εἰσελθὼν,
3576 1469 3670 1523 καὶ
3697 1468 3769 1524 τὰ

2104 1553 2266 1627 τίμια
2309 1554 2445 1624 ξύλα
2492 1559 2893 1630 προσκυνήσας,
2944 1557 3246 1633 ἐξερχεται,
3278 1557 3381 1621 εἶθ’
3420 1556 3596 1623 οὕτως
3627 1558 3764 1614 ὑπό-

2109 1647 2339 1719 στρεψας
2395 1641 2484 1700 διὰ
2548 1651 2649 1715 τῆς
2692 1644 2923 1715 σωλέας,
2973 1645 3256 1723 ἀνέρχεται
3318 1645 3501 1722 τρίτον
3566 1646 3764 1723 βάθρον

2111 1730 2209 1788 τοῦ
2266 1729 2520 1807 ἅμϐωνος
2576 1735 2612 1803 ἤ
2671 1735 2761 1790 καὶ
2817 1737 3095 1811 τέταρτον,
3152 1736 3244 1791 καὶ
3293 1738 3509 1793 ἳσταται
3567 1736 3765 1805 ἐκεῖσε,

2112 1826 2325 1898 κρατῶν
2361 1824 2424 1878 τὸ
2461 1824 2678 1900 κηρίον*
2724 1826 2776 1879 οἱ
2824 1822 2882 1881 δὲ
2925 1830 3024 1881 τοῦ
3070 1820 3466 1881 κουϐουκλείου
3496 1825 3766 1906 ἄρχοντες

2107 1910 2356 1969 ’ίστανται
2415 1911 2467 1968 έν
2520 1917 2589 1987 τῇ
2649 1913 2832 1986 σωλέᾳ
2888 1914 3115 1970 ἐνώπιον
3155 1920 3254 1971 τοῦ
3297 1914 3589 1991 βασιλέως,
3623 1917 3675 1970 οἱ
3706 1915 3767 1973 δὶ

2115 2003 2372 2080 εὐνοῦχοι
2409 2008 2888 2082 πρωτοσπαθάριοι
2935 2006 2986 2079 ἐξ
3031 2007 3318 2082 εὐωνύμου
3360 2012 3458 2063 τοῦ
3505 2005 3758 2083 ἅμϐωνος

2114 2093 2192 2157 εἰς
2221 2095 2284 2150 τὸ
2316 2097 2574 2170 σκάμνον,
2623 2097 2674 2151 οἱ
2724 2094 2781 2151 δὲ
2818 2101 2916 2153 τοῦ
2963 2092 3278 2172 μαγλαϐίου
3328 2098 3507 2153 ὀπισω
3535 2104 3636 2154 τῶν
3669 2098 3758 2154 εύ-

2112 2184 2332 2261 νούχων
2371 2184 2896 2260 πρωτοσπαθαρίων,
2935 2186 3053 2242 ’ἶσον
3098 2190 3194 2242 τοῦ
3235 2189 3519 2263 ἂριστὲροῦ
3564 2188 3761 2264 μέρους

2112 2278 2210 2328 τοῦ
2242 2270 2524 2347 ἄμϐωνος,
2557 2272 2646 2330 διὰ
2674 2275 2738 2331 τὸ
2789 2277 2866 2350 μὴ
2914 2272 3177 2332 διοδεύειν
3225 2278 3351 2332 τινὰ
3387 2276 3619 2333 ἐνώπιον
3665 2282 3765 2334 τοῦ

2118 2362 2409 2438 βασιλέως.
2460 2367 2573 2421 Τοῦ
2621 2362 2678 2420 δὲ
2723 2365 3072 2440 πατριάρχου
3118 2364 3444 2428 ἀνελθόντος
3497 2366 3631 2441 μετᾶ
3657 2371 3769 2422 τῶν

2110 2453 2311 2526 τιμίων
2346 2452 2523 2526 ξύλων
2554 2454 2631 2516 εἷς
2675 2455 2765 2509 τὸν
2816 2450 3065 2527 ἂμϐωνα,
3098 2452 3414 2511 ἐπιδίδωσιν
3444 2456 3472 2511 6
3505 2454 3766 2531 βασιλεὺς

2110 2540 2173 2596 τὸ
2220 2541 2516 2597 λιτανίκιον
2569 2541 2735 2596 αὐτοῦ
2775 2542 2970 2617 κηρίον
3019 2546 3098 2615 τῷ
3144 2543 3512 2619 πραιποσίτῳ,
3545 2546 3635 2600 καὶ
3666 2543 3767 2600 λα-

2112 2627 2221 2686 ϐὼν
2270 2630 2428 2705 ’ἑτερα
2468 2637 2569 2700 τῆς
2619 2638 2956 2707 προσευχῆς,
3002 2631 3216 2688 ’ίσταται
3272 2635 3388 2706 μετ’
3429 2634 3629 2703 αὐτῶν,
3659 2630 3766 2696 ἕως

2109 2713 2169 2771 ἂν
2205 2717 2397 2792 ὑψώσῃ
2430 2715 2481 2771 έν
2512 2722 2630 2782 τοῖς
2659 2717 2909 2793 τέσσαρσι
2948 2718 3131 2793 μέρεσι
3171 2722 3268 2774 τοῦ
3316 2714 3599 2792 ἅμϐωνος.
3634 2720 3769 2776 Εἶτα

2109 2803 2329 2868 ἐπιδοὺς
2372 2807 2400 2861 ὁ
2436 2805 2689 2882 βασιλεὺς
2717 2806 2851 2869 τοὺς
2879 2809 3085 2884 κηροὺς
3114 2811 3194 2880 τῷ
3224 2808 3592 2882 πραιποσίτῳ,
3633 2829 3770 2864 κατ-

2110 2893 2365 2971 έρχονται
2414 2895 2715 2972 ἀμφότεροι
2767 2894 2859 2952 διὰ
2902 2904 3005 2967 τῆς
3054 2897 3288 2966 σωλέας,
3337 2897 3369 2952 δ
3415 2919 3474 2954 τε
3508 2895 3773 2973 βασιλεὺς

333 2992 655 3064 egreditur,
706 3007 956 3064 eumque
1004 2992 1339 3066 patriarcha
1395 3010 1586 3067 usque
1643 2994 1715 3051 ad
1761 3010 1994 3052 sacrum

2113 2986 2197 3042 καὶ
2248 2987 2276 3041 ὁ
2324 2986 2702 3065 πατριάρχης,
2751 2988 2842 3043 καὶ
2897 2985 3241 3066 εἰσέρχονται
3271 2988 3348 3050 εἷς
3376 2988 3440 3043 τὸ
3473 2990 3770 3061 θυσιαστή-

332 3078 554 3135 fontem
604 3080 787 3137 ducit.
840 3081 945 3138 Ubi
998 3086 1312 3154 postquam
1362 3099 1426 3139 se
1466 3084 1715 3140 invicem
1745 3083 1992 3141 osculati

331 3177 492 3237 sunt,
543 3170 861 3244 imperator
891 3188 1027 3229 cum
1059 3174 1432 3245 processione
1462 3191 1566 3248 per
1591 3192 1827 3246 parvam
1861 3191 1994 3247 por-

330 3266 450 3315 tam
518 3259 769 3328 chalces,
828 3259 925 3317 ubi
999 3262 1174 3318 factio
1242 3263 1510 3331 Prasina,
1577 3262 1993 3335 imperatorem

333 3364 519 3419 usque
539 3348 685 3405 dum
706 3349 942 3405 transiit
962 3351 1223 3423 signans,
1253 3367 1358 3407 nec
1380 3351 1696 3424 quidquam
1720 3356 1998 3424 praeterea

334 3435 580 3506 faciens,
621 3438 810 3507 adest,
851 3436 1201 3511 ingreditur.
1253 3444 1592 3513 Ingressum
1636 3440 1697 3496 in
1752 3440 1997 3497 chalcen

336 3524 684 3582 Venetorum
736 3526 910 3584 factio
939 3528 1001 3583 in
1040 3528 1244 3585 dextro
1273 3526 1514 3585 triclinii
1544 3529 1724 3587 latere
1762 3529 1995 3603 excipit,

338 3613 683 3687 eodemque,
718 3630 834 3688 quo
883 3615 1111 3673 Prasini
1161 3618 1335 3675 modo
1379 3617 1593 3690 signat.
1627 3622 1735 3675 Per
1763 3617 1997 3676 scholas

335 3702 548 3759 deinde
597 3711 652 3761 et
708 3705 983 3762 excubias
1047 3706 1371 3779 digressus,
1422 3723 1526 3779 per
1577 3708 1996 3765 consistorium

332 3790 477 3859 abit,
510 3791 610 3848 ubi
642 3799 886 3852 senatus
911 3795 1119 3863 adstat,
1143 3795 1512 3868 imperatori:
1539 3817 1569 3847 «
1593 3798 1658 3853 In
1692 3796 1876 3854 multa
1895 3797 1999 3853 bo-

337 3897 531 3953 naque
581 3889 864 3955 tempora,
896 3905 925 3936 »
960 3884 1296 3942 acelamans
1325 3902 1340 3942 :
1372 3902 1478 3958 per
1495 3886 1802 3958 onopoden
1825 3890 1996 3943 tran-

334 3974 602 4028 seuntem
664 3974 1109 4031 cerimoniarius
1178 3991 1311 4032 cum
1353 3975 1721 4044 silentiariis,
1806 3976 1999 4034 fausta

338 4061 688 4130 precaturis,
748 4062 981 4135 excipit,
1031 4066 1187 4136 quod
1228 4065 1387 4122 idem
1431 4066 1661 4138 patricii
1718 4067 1779 4123 in
1838 4074 2001 4124 sleno

341 4148 584 4206 faciunt.
626 4151 931 4210 Postremo
960 4169 1063 4226 per
1091 4162 1441 4225 augusteum
1471 4154 1753 4227 palatium
1799 4155 1997 4229 ingre-

342 4238 523 4308 ditur,
576 4240 674 4296 ubi
715 4256 918 4298 omnes
963 4258 1232 4315 proceres
1281 4245 1626 4302 mutatorias
1675 4245 1998 4317 deponunt,

2104 3098 2246 3154 ριον,
2286 3078 2709 3153 προτιθεμήνων
2759 3081 2867 3132 τῶν
2916 3076 3117 3151 τιμίων
3148 3075 3350 3151 ξύλων,
3400 3076 3493 3133 καὶ
3538 3083 3637 3134 τοῦ
3672 3081 3772 3153 βα-

2106 3166 2304 3229 σιλέως
2334 3164 2629 3238 εὐξαμένου
2668 3166 2759 3220 καὶ
2809 3168 3284 3241 προσκυνήσαντος
3315 3166 3383 3221 τὰ
3418 3167 3581 3240 τίμια
3611 3166 3768 3237 ξύλα,

2106 3256 2384 3334 ἐξέρχεται
2434 3252 2523 3310 διὰ
2576 3259 2674 3310 τοῦ
2731 3254 2972 3331 πλαγίου
3047 3261 3145 3311 τοῦ
3214 3254 3628 3329 θυσιαστηρίου,
3676 3257 3770 3312 καὶ

2107 3341 2363 3413 διασώζει
2394 3345 2556 3399 αὐτὸν
2594 3345 2621 3400 6
2672 3344 3022 3421 πατριάρχης
3072 3346 3243 3424 μέχρι
3287 3349 3386 3402 τοῦ
3419 3346 3573 3422 ἁγίου
3605 3344 3767 3421 φρέα-

2106 3454 2217 3497 τος.
2254 3434 2483 3491 Κὰκεῖσε
2526 3432 2817 3505 ἀλλήλους
2862 3433 3260 3508 ἀσπασάμενοι,
3298 3436 3327 3490 ὁ
3363 3435 3457 3508 μὲν
3499 3431 3760 3511 βασιλεὺς

2110 3523 2247 3596 μετᾶ
2303 3529 2405 3593 τῆς
2449 3520 2829 3597 προελεύσεως
2884 3521 3191 3599 εῗσέρχεται
3249 3520 3339 3578 διὰ
3404 3529 3501 3593 τῆς
3562 3527 3755 3598 μικρᾶς

2106 3612 2292 3685 πύλης
2322 3620 2425 3683 τῆς
2453 3612 2693 3688 χαλκῆς,
2716 3612 2770 3668 ἐν
2799 3615 2838 3685 ᾖ
2862 3612 3078 3669 ’ἰσταται
3113 3616 3278 3689 μέρος
3322 3618 3433 3669 τῶν
3483 3611 3757 3688 Πρασίνων

2106 3704 2199 3758 καὶ
2230 3703 2654 3783 κατασφραγίζει
2708 3704 2801 3759 τὸν
2861 3702 3109 3780 βασιλέα,
3159 3701 3263 3767 ἕως
3314 3703 3375 3760 ἂν
3431 3700 3636 3778 διέλθῃ,
3676 3703 3766 3758 καὶ

2110 3787 2262 3849 οὐδέν
2295 3789 2478 3867 ἕτερον
2523 3797 2695 3850 ποιεῖ.
2749 3794 2861 3850 Τοῦ
2911 3791 2970 3848 δέ
3012 3794 3060 3831 ⁵³
3111 3792 3381 3869 βασιλέως
3432 3791 3775 3856 εἰσελθόντος

2110 3882 2187 3945 εἷς
2218 3883 2320 3953 τήν
2355 3880 2598 3961 χαλκῆν,
2633 3879 2849 3957 δέχεται
2881 3883 3046 3939 αὐτὸν
3100 3883 3264 3958 μέρος
3308 3887 3417 3938 τῶν
3446 3878 3683 3940 Βενέτων
3717 3879 3774 3936 ἐν

2107 3976 2189 4045 τῷ
2220 3968 2382 4045 δεξιῷ
2434 3971 2589 4049 μέρει
2645 3976 2744 4027 τοῦ
2801 3970 3085 4047 τρικλίνου
3134 3974 3272 4047 (78),
3321 3970 3411 4027 καὶ
3460 3990 3779 4050 κατασφρα-

2110 4063 2253 4140 γίζει
2280 4062 2372 4118 τὸν
2407 4060 2656 4136 βασιλέα,
2693 4064 2749 4119 δν
2781 4063 2989 4137 τρόπον
3036 4063 3127 4119 καὶ
3167 4065 3220 4118 οἱ
3268 4064 3553 4140 Πράσινον
3586 4063 3684 4125 τὰς
3716 4059 3781 4116 δὲ

2113 4149 2325 4231 οχολᾶς
2353 4151 2443 4208 καὶ
2482 4152 2549 4209 τὰ
2578 4148 2907 4210 ἇκσκούϐιτα
2947 4151 3202 4222 διελθὼν,
3234 4154 3531 4229 ἀπέρχεται
3561 4152 3652 4207 διὰ
3678 4155 3783 4206 τοῦ

2110 4242 2523 4319 κονσιστωρίου,
2557 4244 2648 4299 καὶ
2705 4246 2849 4317 μένει
2909 4246 2944 4314 ἡ
2994 4243 3306 4322 σύγκλητος
3362 4241 3554 4315 ἐκεῖσε,
3616 4242 3791 4317 ὑπερ-

336 4331 398 4384 et
430 4327 490 4383 in
542 4330 971 4404 scaramangiis
1019 4336 1280 4389 manent.
1339 4333 1437 4389 78
1468 4333 1767 4391 Processio
1798 4337 1995 4391 autem

2113 4330 2382 4407 ευχομένη
2439 4334 2533 4388 τὸν
2585 4332 2833 4408 βασιλέα·
2884 4357 2911 4387 ‹‹
2960 4319 3354 4396 ΕίςὝπολλοὺς
3399 4332 3489 4387 καὶ
3541 4330 3787 4407 ἀγαθοὺς

340 4415 506 4474 nulla
532 4433 597 4475 eo
628 4418 722 4475 die
754 4421 826 4476 ad
861 4421 1145 4493 palatium
1178 4422 1529 4479 instituitur.

2113 4420 2372 4496 χρόνους,
2407 4447 2429 4478 ι
2469 4420 2759 4488 διελθόντα
2808 4420 2865 4478 δὲ
2910 4425 3002 4479 τὸν
3050 4421 3312 4492 ὀνόποδα,
3347 4419 3565 4501 δέχεται
3614 4420 3786 4477 αὐτὸν

337 4507 366 4562 6
404 4513 503 4577 τῆς
558 4510 939 4573 καταστάσεως
1002 4513 1136 4585 μετὰ
1190 4516 1296 4567 τῶν
1358 4512 1755 4587 σιλεντιαρίων,
1813 4513 1904 4569 καὶ
1963 4512 2118 4569 αὐτοὶ
2179 4513 2611 4590 ὑπερωχὸμενοι
2651 4516 2743 4571 τὸν
2789 4512 3043 4590 βασιλέα,
3086 4516 3139 4569 οἱ
3180 4514 3237 4570 δὲ
3283 4513 3563 4590 πατρίκιοι
3596 4513 3675 4574 εἷς
3714 4510 3787 4566 τὸ

340 4597 522 4651 στενὸν
558 4598 647 4653 καὶ
691 4598 847 4655 αὐτοὶ
889 4599 1100 4673 ὁμοίως
1137 4604 1378 4657 ποιοῦσι.
1421 4602 1520 4656 Καὶ
1579 4600 1809 4657 διελθὼν
1873 4599 1964 4657 διὰ
2021 4605 2119 4656 τοῦ
2182 4600 2520 4677 αύγουστέως
2563 4603 2871 4679 εἰσέρχεται
2909 4604 2989 4666 εὶς
3025 4603 3088 4658 τὸ
3127 4601 3420 4673 παλάτιον,
3451 4601 3540 4656 καὶ
3573 4600 3787 4663 εὐθέως

343 4683 787 4743 ἀπαλλάσσουσιν
827 4691 878 4744 οἱ
910 4689 1171 4766 ἄρχοντες
1212 4692 1406 4766 πάντες
1443 4691 1513 4760 ⁵4,
1542 4693 1635 4745 καὶ
1670 4692 1918 4765 μένουσιν
1963 4691 2070 4746 ἀπὸ
2110 4690 2556 4769 σκαραμαγγίων.
2605 4694 2728 4771 Χρή
2777 4689 2834 4748 δὲ
2873 4693 2919 4730 ⁸⁵
2951 4690 3169 4764 εἰδέναι,
3211 4690 3297 4747 ὅτι
3328 4696 3398 4767 τῇ
3430 4689 3566 4767 αὒτῇ
3596 4689 3790 4766 ἡμέρᾳ

341 4771 668 4849 προέλευσις
698 4778 797 4834 οὐκ
827 4778 1151 4856 εἰσέρχεται.

943 4870 1178 4928 CAPUT
1216 4872 1411 4930 XXIII.

342 4955 705 5034 Obseruando
747 4958 809 5013 in
855 4962 999 5034 festo
1026 4961 1116 5018 die
1152 4965 1203 5018 et
1238 4961 1585 5034 processimus
1629 4976 1803 5020 sacra
1852 4962 2009 5020 Chri-

487 5028 582 5097 sti,
603 5031 705 5085 Dei
733 5028 931 5099 nostri,
955 5028 1272 5090 Nativitau‘s
1297 5034 1600 5091 secundum
1617 5050 1861 5093 carnem.

2733 4874 2994 4931 ΚΕΦΛΛ.
3031 4875 3161 4931 Kl“.

2117 4964 2261 5020 Ὅσα
2310 4959 2396 5051 δεῖ
2431 4962 2893 5051 ,παραφυλάττειν
2929 4967 3017 5051 ..τῇ
3092 4964 3254 5051 ἑορτῇ
3300 4963 3405 5050 grai
3461 4958 3784 5050 «posls’ﬁast

2189 5033 2542 5177 ἔῆςΙήάγίαξ
2573 5033 2810 5109 Χριστοῦ
2863 5039 2961 5091 τοῦ
2993 5033 3162 5091 ’Θεού
3206 5033 3369 5109 ἡμῶν
3427 5033 3564 5088 κατὰ
3611 5033 3787 5107 σάρκα

2232 5126 2302 5161 ενε
2362 5126 2517 5169 σεως.

418 5195 467 5251 Ι.
493 5194 825 5252 Procedunt
845 5212 1047 5254 omnes
1070 5198 1128 5254 in
1154 5200 1488 5258 mutatoriis
1510 5199 1584 5256 ad
1612 5197 1999 5271 hemicyclum

2190 5199 2265 5253 A'.
2319 5195 2696 5271 Προέρχονται
2741 5195 2973 5259 ἅπαντες
3021 5194 3371 5272 ῆλλαγμένοι
3418 5194 3473 5250 ἐν
3523 5198 3603 5266 τῷ
3637 5195 3783 5266 ἡμι-

346 5282 595 5355 apsidis,
637 5283 893 5358 patricii,
926 5286 1273 5346 cubicularii
1318 5295 1376 5348 et
1406 5289 1695 5364 supremis
1744 5286 1999 5345 muneri-

2118 5283 2334 5359 κυκλίῳ
2380 5292 2484 5356 τῆς
2532 5283 2749 5361 ἀψίδος,
2812 5290 3103 5367 φοροῦντες
3153 5286 3211 5342 οἱ
3259 5284 3538 5360 πατρίκιοι
3587 5282 3677 5338 καὶ
3730 5282 3782 5336 οἱ

1724 5403 1967 5460 νΑΡιΙίΕ
2004 5400 2418 5461 LECTIONES.

419 5505 469 5543 4’
498 5503 558 5564 δὲ
587 5526 708 5567 om.
741 5509 833 5569 ed.
908 5510 959 5547 5‘
986 5511 1178 5576 πάντες
1207 5530 1327 5572 om.
1355 5516 1447 5572 ed.
1526 5513 1576 5550 ⁵⁵
1605 5509 1662 5569 δὲ
1692 5531 1810 5571 om.
1852 5512 1985 5571 cod.

1407 5623 1605 5680 JOAN.
1645 5623 1789 5680 JAC.
1831 5620 2096 5681 REISKII
2132 5620 2731 5681 COMMENTARIUS.

420 5724 536 5799 (78)
571 5728 737 5801 Hunc
774 5724 967 5788 locum
997 5745 1205 5789 sanam
1240 5743 1372 5788 esse
1410 5745 1527 5787 non
1559 5728 1839 5802 spondeo.
2130 5712 2139 5719 ’
