4158 6378
337 292 460 352 365

1214 294 1312 354 DE
1354 291 1810 355 CERIMONIIS
1857 289 2092 352 AULJE
2131 294 2622 360 BYZANTINxE
2666 303 2818 364 LIB.
2869 307 2918 365 Ι.

3649 313 3766 376 366

334 417 640 498 πρίόωνες
675 419 974 496 μέλλοντες
1005 417 1394 498 προϐληθῆναι
1423 426 1470 462 ⁸⁷
1499 427 1567 499 τῇ
1621 425 1767 495 τάξει
1805 422 1993 496 ταύτῃ,

2109 425 2458 520 ingreditur,
2491 431 2550 488 in
2583 439 2752 506 porta
2781 443 2836 492 et
2874 439 3193 513 strongylo,
3218 442 3320 497 ubi
3351 459 3494 500 crux
3528 452 3580 501 et
3609 445 3774 520 logo-

331 515 564 574 στάντος
616 515 718 566 τοῦ
759 509 1035 585 βασιλέως
1099 512 1261 586 μέσον
1303 522 1402 584 τῆς
1455 513 1659 586 πύλης,
1709 511 1909 588 εἰσάγει
1966 511 1994 566 6

330 601 663 676 δομέσκικος
683 607 792 656 τῶν
821 597 1188 658 έκσκουϐίτων
1241 603 1332 658 καὶ
1365 606 1392 658 ὁ
1435 612 1536 674 τῆς
1594 603 1991 673 καταστάσεως,

328 697 658 768 κρατοῦντες
727 692 818 747 τὸν
887 687 1186 766 σκρίϐωνα.
1248 695 1350 751 Καὶ
1402 689 1587 750 λαϐὼν
1649 695 1676 749 6
1737 689 1994 768 βασιλεὺς

327 782 479 857 παρᾶ
507 787 604 836 τοῦ
637 780 1002 856 πραιποσίτου
1034 783 1097 836 τὸ
1133 783 1351 858 βεργίον
1401 787 1538 858 (82),
1570 780 1855 839 ἐπιδίδωσι
1912 779 1990 853 τῷ

2105 515 2277 610 thetae
2318 523 2512 592 stant;
2543 523 2620 579 ibi
2653 542 2885 598 quoque
2933 545 3130 585 cer-cos
3159 533 3444 600 accendit,
3478 515 3766 610 stansque

2104 605 2164 660 in
2196 611 2479 682 strongyli
2527 630 2780 682 camera,
2826 619 2876 673 si
2923 619 3021 690 qui
3072 623 3316 679 comites
3368 625 3606 698 adsunt,
3654 605 3760 700 qui

2102 700 2428 766 promoveri
2461 701 2681 773 volunt,
2712 706 2796 760 eis
2829 706 2920 761 his
2944 709 3280 768 cerimoniis
3315 730 3523 770 novam
3558 717 3761 790 digni-

2103 787 2282 842 tatern
2327 789 2623 860 impertire
2655 794 2820 850 solet.

324 867 633 948 σκρίϐωνι·
695 873 814 926 εἶτα
881 868 1070 927 λαϐὼν
1133 873 1197 928 τὸ
1258 875 1501 949 βεργίον,
1547 873 1842 949 ἀπέρχεται
1893 871 1984 925 καὶ
2045 869 2256 928 ἵσταται
2316 874 2368 930 ἐν
2426 885 2492 954 τῇ
2561 881 2704 952 τάξει
2761 885 2945 944 αὐτοῦ.
2991 888 3092 944 Καὶ
3160 890 3438 947 κατελθὼν
3493 895 3558 948 τὸ
3620 895 3760 970 μέγα

323 961 634 1018 ποῦλπιτον
702 962 730 1016 δ
792 960 1050 1038 βασιλεὺς
1097 961 1184 1016 καὶ
1235 962 1312 1026 εἰς
1369 965 1466 1026 τὰς
1506 963 1717 1043 σχολὰς
1759 958 2016 1022 εἴσελθὼν
2073 955 2224 1016 ἔνδον
2277 971 2380 1036 τῆς
2437 967 2618 1041 πύλης
2651 971 2728 1035 εἰς
2785 975 2846 1028 τὸ
2905 977 3267 1055 στρογγύλον,
3310 979 3494 1038 ἒνΘαὸ
3527 955 3755 1060 στα-ορδς

317 1049 540 1107 ἵσταται
589 1051 684 1106 καὶ
739 1051 793 1106 oi
848 1055 952 1105 τοῦ
994 1050 1339 1126 λογοθεσίου,
1371 1054 1524 1108 ἅπτει
1572 1053 1786 1108 κάκεῖσε
1823 1047 2055 1124 κηρῡὺς,
2088 1050 2177 1106 καὶ
2229 1055 2355 1116 στὰς
2387 1057 2459 1128 ,ἐν
2506 1063 2574 1134 τῇ
2616 1063 2834 1137 καμάρᾳ
2880 1047 2980 1120 tofi
3028 1047 3393 1145 στρογγύλου,
3437 1072 3482 1128 εἰ
3519 1071 3616 1148 μέν
3658 1047 3760 1130 eiut

325 1141 567 1214 κύμητες
601 1141 652 1194 οἱ
687 1137 986 1212 μέλλοντες
1027 1137 1433 1216 προϐληθῆναι,
1461 1137 1876 1218 προϐάλλονται
1909 1137 2106 1201 οὕτως.

403 1233 480 1291 1".
511 1235 819 1308 Κρατοῦσιν
863 1233 894 1286 6'
940 1253 1000 1287 τε
1031 1230 1358 1305 δομέστικος
1409 1238 1518 1290 τῶν
1563 1233 1788 1313 σχολῶν
1819 1233 1906 1288 καὶ
1960 1235 1988 1289 ὁ

339 1325 442 1388 τῆς
469 1321 840 1384 καταστάσεως
869 1321 962 1376 τὸν
1009 1320 1282 1394 μέλλοντα
1315 1318 1702 1399 προϐληθῗὶναι
1747 1321 1986 1396 κόμητκν

336 1411 430 1468 καί
463 1409 668 1486 ἄγουσιν
712 1411 878 1468 αὑτὸν
937 1413 1074 1486 πρὸς
1111 1413 1203 1468 τὸν
1238 1411 1468 1490 βασιλέα
1501 1433 1512 1446 ·
1550 1415 1578 1470 6
1610 1411 1668 1469 δὲ
1726 1412 1986 1489 βασιλεὺς

329 1496 520 1557 λαϐὼν
555 1501 699 1577 παρᾶ
727 1505 827 1556 τοῦ
885 1501 1249 1574 πραιποσίτου
1281 1503 1568 1579 ὠρατίωνα
1621 1505 1758 1577 (83),
1808 1501 1984 1558 ἐπιδί-

321 1587 492 1646 δωσιν
543 1589 714 1662 αύτῷ,
747 1589 1048 1667 ἀπέρχεται
1086 1593 1176 1647 καὶ
1219 1590 1436 1649 ’ίσταται
1477 1593 1529 1648 έν
1585 1596 1654 1667 τῇ
1693 1593 1836 1664 τάξει
1896 1591 1986 1647 αύ-

313 1685 414 1736 τοῦ
437 1700 452 1712 ·
488 1679 707 1753 ὁμοίως
745 1678 802 1736 δὲ
841 1681 928 1737 ἐάν
962 1681 1066 1737 εἰσι
1097 1683 1186 1738 κέὶ
1218 1680 1533 1756 δομέστικοι
1574 1685 1608 1752 ἢ
1651 1683 1737 1738 καὶ
1771 1685 1986 1758 προτή·

2173 1237 2270 1294 ΙΙΙ.
2305 1243 2673 1302 Domesticus
2713 1249 3047 1307 scholarum
3090 1257 3146 1309 et
3177 1254 3624 1314 cerimoniarius
3657 1275 3758 1315 co-

2101 1329 2304 1418 mitem
2337 1337 2794 1403 promovendum
2825 1340 3226 1412 suscipiuntet
3245 1345 3315 1400 ad
3340 1345 3756 1418 imperatorem

2099 1417 2354 1476 ducunt:
2375 1424 2476 1494 qui
2509 1435 2802 1498 acceptam
2826 1447 2859 1485 a
2877 1433 3188 1502 praeposito
3208 1417 3533 1492 orationem
3569 1437 3620 1493 ei
3641 1442 3759 1494 tra-

2098 1508 2208 1574 dit,
2242 1515 2378 1569 tunc
2410 1515 2526 1570 abit
2552 1521 2608 1571 et
2638 1517 2830 1576 locum
2860 1537 3034 1577 suum
3083 1529 3351 1596 occupat.
3386 1527 3675 1584 Similiter
3704 1527 3757 1584 sl

2096 1599 2400 1658 domestici
2434 1609 2536 1660 aut
2567 1613 2921 1677 protectores
2970 1614 3348 1682 promovendi
3390 1624 3550 1688 sunt,
3582 1634 3616 1672 a
3645 1616 3754 1674 do-

2095 1689 2336 1746 mestico
2367 1690 2706 1750 scholarum
2739 1701 2796 1752 et
2838 1697 3247 1756 cerimoniario
3277 1701 3497 1774 stipati,
3531 1705 3604 1759 ad
3637 1705 3752 1760 im-

317 1791 532 1844 κτωρες
574 1768 876 1843 μέλλοντες
908 1767 1318 1846 προϐληθὴναι,
1348 1772 1718 1847 κρατούμενοι
1771 1773 1874 1828 ὑπό
1925 1793 1982 1828 τε

2101 1782 2420 1850 peratorcm
2473 1779 2793 1851 ducuntur,
2855 1785 2952 1839 78
3012 1787 3110 1856 qui
3162 1767 3372 1844 allatas
3418 1767 3750 1847 a'caniclei

323 1865 420 1916 τοῦ
449 1858 792 1933 δομεστίκου
822 1866 932 1916 τῶν
966 1860 1187 1936 σχολῶν
1220 1864 1307 1918 καὶ
1331 1866 1428 1918 τοῦ
1457 1870 1558 1932 τῆς
1589 1863 1986 1934 καταστάσεως,

324 1949 542 2024 ἄγονται
577 1949 720 2024 πρὸς
748 1951 843 2006 τὸν
879 1947 1127 2023 βασιλέα,
1161 1952 1188 2006 6
1223 1948 1278 2006 δὲ
1313 1951 1567 2028 βασιλεὺς
1611 1946 1796 2008 λαϐὼν
1846 1951 1993 2025 παρὰ

317 2043 416 2093 τοῦ
466 2038 796 2094 κανικλείου
850 2039 916 2094 τὰ
965 2041 1010 2076 ⁵⁸
1060 2040 1280 2118 χαρτία,
1311 2041 1404 2096 οἶα
1450 2045 1556 2096 τῶν
1607 2040 1991 2108 ὑπάτων,ἐπι-

325 2125 518 2184 δίδωσι
550 2133 676 2193 τοῖς
706 2123 1206 2203 προϐαλλομένοις,
1239 2129 1329 2185 καὶ
1389 2130 1713 2194 ἀπελθόντες
1741 2129 1991 2186 ’ίστανται

329 2218 382 2274 ἓν
415 2221 665 2294 τῇτάξει
729 2217 906 2274 αὐτῶν
932 2219 1000 2278 ⁵³.
1031 2219 1088 2272 Ὀ
1145 2217 1202 2274 δὲ
1264 2217 1519 2294 βασιλεὺς
1570 2217 1848 2296 διέρχεται
1903 2217 1992 2276 διὰ

327 2314 436 2366 τῶν
465 2307 720 2386 σχολῶν,
753 2309 844 2364 καὶ
895 2309 946 2364 ἐν
992 2313 1060 2384 τῇ
1105 2309 1328 2385 πέμπτῃ
1374 2310 1560 2390 σχολῇ
1609 2311 1802 2386 ἐλθὼν,
1835 2313 1988 2367 ἅπτει

324 2401 496 2456 ἐκεῖσε
547 2401 630 2464 εἰς
688 2401 782 2455 τὸν
841 2401 1069 2476 σταυρὸν
1122 2401 1351 2476 κηροὺς,
1400 2401 1490 2456 καὶ
1541 2403 1763 2464 στάντος
1821 2401 1990 2457 αύτοό

321 2489 374 2546 ἐν
406 2495 477 2566 τῇ
518 2497 627 2559 τῆς
675 2492 938 2563 πέμπτης
991 2489 1208 2566 σχολῆς
1260 2489 1434 2566 πύλῃ,
1469 2488 1686 2570 δέχεται
1745 2493 1902 2548 αὐτὸν
1961 2493 1989 2548 ὁ

321 2581 624 2656 περατικὸς
681 2575 859 2652 δῆμος
892 2580 939 2616 ⁶⁰
979 2583 1084 2636 τῶν
1145 2579 1372 2655 σχολῶν
1428 2581 1518 2636 καὶ
1579 2578 1860 2636 ἐπιδίδωσι
1910 2583 1989 2654 τῷ

332 2669 552 2742 βασιλεῖ
583 2671 613 2725 6
666 2667 992 2742 δομέστικος
1038 2675 1146 2724 τῶν
1186 2669 1408 2746 σχολῶν
1458 2665 1840 2746 λιϐελλάριον,
1873 2673 1900 2728 6
1934 2671 1992 2727 δέ

347 2756 598 2828 βασιλεὺς
635 2753 827 2812 δίδωσι
887 2762 966 2830 τῷ
1021 2757 1392 2831 πραιποσίτῳ,
1437 2759 1464 2813 ὁ
1517 2759 1573 2814 δὲ
1629 2761 1990 2834 πραιπόσιτος

349 2839 797 2920 κουῦικουλαρίῳ,
831 2847 920 2900 καὶ
952 2851 1050 2902 τοῦ
1082 2844 1408 2920 δομεστίκου
1440 2847 1530 2902 καὶ
1587 2853 1684 2904 τοῦ
1741 2855 1842 2918 τῆς
1891 2869 1992 2904 κα-

347 2935 650 2996 ταστάσεως
703 2937 938 2992 στάντων
970 2934 1024 2990 ἐν
1055 2941 1134 3008 τῷ
1185 2935 1342 3010 τόπῳ
1383 2937 1579 3008 αὐτῶν,
1614 2937 1990 3018 εύςρημούντος

337 3023 430 3080 καί
487 3027 584 3080 τοῦ
631 3022 806 3098 δήμου
836 3027 928 3082 τὸν
984 3024 1234 3101 βασιλέα,
1269 3027 1296 3081 6
1340 3023 1666 3100 δομέστικος
1697 3033 1804 3084 τῶν
1863 3049 1993 3104 σχο·

2099 1869 2366 1938 praefecto
2398 1869 2650 1938 chartas,
2684 1871 2929 1944 iis,quas
2961 1875 3232 1932 consules
3263 1879 3752 1950 accipiunt,simi-

2097 1955 2204 2024 les,
2237 1959 2566 2016 candidatis
2596 1961 2798 2028 tradit,
2829 1963 2942 2032 ipsi
2987 1963 3270 2021 abeuntes
3301 1966 3361 2022 in
3393 1984 3500 2024 suo
3543 1969 3748 2027 ordine

2097 2047 2450 2104 consistunt.
2487 2049 2810 2120 Imperator
2839 2069 2942 2123 per
2971 2053 3204 2112 scholas
3235 2055 3556 2128 digressus,
3583 2063 3748 2130 post-

2097 2153 2270 2208 quam
2304 2138 2570 2208 quintam
2591 2139 3050 2212 intravit,cereos
3075 2142 3158 2199 ibi
3181 2144 3237 2199 in
3263 2162 3434 2202 cruce
3454 2149 3743 2216 accendit,

2097 2231 2464 2298 stantemque
2521 2227 2580 2283 in
2640 2239 2806 2302 porta
2860 2231 3074 2288 scholae
3134 2233 3354 2305 quintae
3405 2237 3747 2292 transitoria

2096 2315 2426 2372 scholarum
2443 2318 2615 2374 factio
2633 2320 3004 2392 excipit,earu
3016 2338 3190 2396 mque
3208 2325 3567 2382 domesticus
3581 2323 3746 2382 lihel-

2095 2403 2218 2460 lum
2253 2405 2607 2474 imperatori,
2641 2407 2692 2462 is
2723 2409 3055 2482 praeposito,
3091 2413 3435 2484 prapositus
3457 2414 3746 2472 cubicula-

2097 2493 2182 2550 rio
2215 2495 2410 2564 tradit,
2439 2500 2497 2550 et
2526 2497 2846 2560 domestico
2869 2516 2934 2554 ac
2964 2499 3369 2558 cerimoniario
3391 2502 3452 2559 in
3481 2503 3606 2560 loco
3638 2521 3744 2561 suo

2096 2585 2454 2653 constitulis,
2487 2589 2544 2640 et
2577 2586 2824 2642 factione
2855 2587 3193 2660 imperatori
3221 2591 3602 2660 acclamante,
3635 2595 3742 2649 do-

2096 2673 2374 2730 mesticus
2421 2673 2752 2730 scholarum
2801 2677 2996 2733 tunica
3044 2694 3152 2734 sua
3202 2681 3513 2752 variegata,
3563 2697 3742 2752 quam

2096 2765 2462 2836 gerit,crucis
2494 2765 2728 2837 signum
2753 2766 2888 2822 facit
2918 2773 3226 2839 postquam
3249 2769 3420 2826 factio
3451 2771 3745 2827 solemnes

2097 2854 2545 2912 acclamationes
2565 2855 2916 2927 pcregit,per
2946 2856 3178 2912 scholas
3208 2858 3746 2931 transit,digressus

2097 2961 2200 3016 per
2230 2943 2521 3011 scholas,e
2553 2961 2762 3015 magna
2786 2951 2949 3018 porta
2980 2945 3209 3002 chalces
3243 2948 3748 3021 procedit,perque

2103 3034 2356 3090 mediam
2409 3035 2720 3100 transiens,
2756 3041 3104 3106 augusteam
3155 3035 3356 3092 intrat.
3391 3039 3465 3093 At
3513 3037 3749 3111 reliquae

331 3111 446 3168 λῶν
475 3115 906 3191 κατασφραγίζει
959 3115 1094 3188 μετᾶ
1130 3118 1230 3186 τῆς
1279 3123 1528 3192 χροακῆς
1567 3119 1678 3190 (84)
1709 3116 1875 3174 αἰ)τοῦ
1925 3121 1991 3188 ’ἧς

2101 3129 2295 3194 partes
2325 3124 2650 3180 transitorii
2683 3124 3054 3180 Prasinorum
3079 3141 3146 3181 ac
3167 3125 3520 3184 Venetorum
3553 3127 3752 3198 populi

327 3207 490 3282 φορεῖ
519 3201 811 3278 χλανίδος·
856 3205 956 3258 Καὶ
1003 3207 1099 3260 τοῦ
1149 3201 1330 3276 δήμου
1381 3203 1758 3268 ἐκτελέσαντος
1805 3207 1898 3270 τὰς
1939 3209 1989 3282 ἐξ

325 3289 486 3354 ἔθους
541 3293 847 3370 εὐφημίας,
876 3291 1154 3370 διέρχεται
1221 3291 1310 3349 διὰ
1367 3299 1474 3348 τῶν
1517 3291 1740 3372 σχολῶν
1778 3297 1869 3352 καὶ
1911 3297 1992 3368 ἐξ·

323 3380 554 3456 ἔρχεται
609 3383 710 3450 τήν
753 3381 1005 3458 μεγάλην
1053 3381 1236 3454 πύλην
1295 3389 1398 3452 τῆς
1441 3381 1681 3458 χαλκῆς,
1727 3385 1840 3440 εἶτα
1906 3385 1988 3442 δι-

323 3468 538 3526 οδεύων
604 3465 696 3526 διὰ
747 3478 849 3541 τῆς
912 3471 1101 3545 μέσης,
1134 3471 1443 3547 εἰσέρχεται
1494 3470 1582 3528 διὰ
1638 3477 1734 3528 τοῦ
1793 3473 1991 3552 αὔγου-

2102 3217 2160 3270 et
2187 3213 2326 3284 ipsa;
2356 3213 2702 3284 acclamant,
2727 3213 3060 3286 libellisque
3082 3215 3484 3284 traditis,dum
3517 3217 3750 3284 signum

2103 3303 2296 3358 crucis
2329 3301 2846 3373 iaciunt,princeps
2877 3302 3250 3358 Prasinorum
3275 3321 3409 3362 cum
3437 3305 3751 3361 factionum

2105 3391 2356 3447 tribunis
2389 3391 2586 3446 omnia
2617 3408 2682 3446 eo
2706 3391 3108 3462 ordine,qucm
3141 3393 3497 3450 domesticus
3527 3393 3758 3452 schola-

2106 3497 2170 3536 ru
2184 3497 2238 3534 m
2271 3479 2544 3548 servavit,
2578 3480 2823 3552 peragit.

321 3561 584 3622 πίω-θος.
619 3560 688 3618 Αἱ
747 3556 806 3616 δὲ
854 3558 1046 3615 λοιπαὶ
1105 3557 1270 3638 δοχαὶ
1321 3564 1420 3615 τοῦ
1467 3565 1760 3636 περατικοῦ
1803 3559 1983 3636 δήμου
2023 3571 2130 3622 τῶν
2173 3564 2451 3640 Πρασίνων
2501 3563 2590 3620 καὶ
2642 3563 2823 3639 δήμου
2864 3571 2970 3621 τῶν
3003 3565 3238 3624 Βενέτων
3267 3567 3358 3624 καὶ
3389 3568 3541 3624 αὐτοὶ
3595 3567 3763 3646 εὔφη..

327 3653 520 3721 μοῦσι,
549 3649 640 3703 καὶ
691 3645 1027 3712 ἐπιδιδόντες
1057 3649 1123 3704 τὰ
1155 3645 1506 3724 λιϐελλάρια,
1539 3654 1820 3713 ποιοῦντες
1857 3653 1948 3708 καὶ
1980 3653 2222 3730 σταυρία,
2249 3655 2276 3710 ὁ
2323 3651 2682 3728 δημοκρέτης
2722 3659 2831 3710 τῶν
2882 3657 3163 3729 Πρασίνων
3214 3655 3304 3711 καὶ
3353 3658 3406 3711 oi
3456 3655 3550 3711 δύο
3611 3645 3758 3732 δήμ-

321 3757 496 3813 αρχοι
521 3742 634 3792 τῶν
672 3741 852 3812 μερῶν
886 3736 1196 3794 ἐκτελοῦσιν
1228 3739 1438 3794 ἅπαντα
1467 3737 1808 3809 ἀκολούθως,
1841 3741 1900 3796 ’ὸν
1937 3744 2140 3819 τρόπον
2174 3743 2263 3798 καὶ
2304 3745 2331 3798 6
2364 3741 2686 3816 δομέστικος
2718 3749 2825 3798 τῶν
2856 3743 3078 3820 σχολῶν
3108 3743 3422 3816 ἐξετέλεσεν.

395 3829 472 3884 Δ’.
509 3827 618 3884 Καὶ
649 3825 992 3890 εἷσελθὸντος
1013 3831 1114 3882 τοῦ
1148 3827 1420 3902 βασιλέως
1451 3829 1558 3904 πρὸ
1587 3833 1685 3885 τοῦ
1725 3831 1992 3906 νάρθηκος

2176 3835 2268 3891 IV.
2299 3836 2654 3906 Imperatore
2682 3839 2814 3890 ante
2863 3835 3199 3891 narthecem
3249 3837 3400 3891 intra
3430 3837 3625 3892 velum
3661 3835 3758 3893 in-

323 3911 479 3974 ’ένδον
523 3920 624 3971 τοῦ
673 3917 879 3990 βήλου,
920 3913 1189 3990 λαμϐάνει
1220 3916 1250 3972 6'
1277 3917 1651 3992 πραιπὸσιτος
1682 3919 1746 3974 τὸ
1779 3921 1996 3993 στέμμα

2103 3941 2328 3996 gresso,
2363 3925 2707 3996 prapositus
2742 3940 3014 3979 coronam
3057 3941 3091 3979 a
3141 3925 3328 3996 capite
3377 3925 3754 3994 imperatoris

335 4006 432 4064 ἀπὸ
483 4015 593 4076 τῆς
651 4006 897 4086 κεφαλῆς
934 4011 1031 4062 τοῦ
1093 4007 1388 4083 βασιλέως,
1421 4008 1730 4085 εἰσέρχεται
1770 4011 1797 4066 ὁ
1843 4013 1996 4086 βασι-

2105 4015 2307 4080 demit,
2332 4013 2428 4085 qui
2463 4013 2798 4069 narthecem
2825 4013 3004 4069 intrat
3033 4018 3090 4069 et
3110 4031 3143 4070 a
3175 4013 3504 4086 patriarcha
3535 4015 3758 4087 excipi-

335 4095 453 4158 λεύς
489 4096 545 4152 ἐν
577 4100 660 4168 τῷ
687 4098 938 4170 νάρθηκι,
971 4095 1060 4152 καὶ
1103 4095 1324 4172 δέχεται
1354 4097 1518 4152 αὐτὸν
1561 4100 1589 4153 ὁ
1623 4103 1992 4176 πατριάρχης,

2102 4107 2217 4167 tur,
2254 4103 2372 4166 ubi.
2407 4109 2716 4175 postquam
2753 4119 2812 4158 se
2843 4103 3090 4160 invicem
3123 4103 3446 4161 adorarunt
3475 4105 3756 4162 osculati-

329 4187 442 4242 εἶτα
505 4187 977 4262 προσκυνήσαντες
1055 4183 1344 4257 ἀλλήλους
1429 4185 1518 4242 καὶ
1595 4187 1992 4262 ἀσπασάμενοι,

2104 4208 2216 4263 que
2248 4200 2407 4260 sunt,
2441 4192 2714 4248 manibus
2754 4193 2982 4262 junctis
3016 4193 3086 4248 ad
3119 4193 3525 4265 imperatorias
3559 4199 3756 4264 portas

320 4277 702 4352 κρατήσαντες
746 4272 1014 4346 ἀλλήλων
1061 4275 1157 4336 τὰς
1216 4280 1428 4350 χεῖρας,
1462 4273 1776 4352 διέρχονται
1821 4273 1988 4352 μέχρι

2101 4281 2428 4350 discedunt,
2464 4282 2562 4338 ubi
2595 4281 2916 4355 imperator
2945 4287 3137 4351 stans,
3169 4299 3363 4340 cereos
3387 4284 3671 4348 accendit,
3697 4287 3756 4339 et

319 4371 434 4422 τῶν
502 4362 807 4428 βασιλικῶν
883 4363 1100 4436 πυλῶν,
1155 4363 1370 4420 κάκεῖσε
1455 4366 1581 4428 στὰς
1636 4367 1663 4422 6
1733 4365 1991 4442 βασιλεὺς

2104 4369 2372 4441 precibus
2401 4369 2676 4426 introitus
2700 4370 2904 4426 divina
2929 4369 3180 4443 liturgiaa
3205 4373 3580 4441 peractis,eos
3611 4387 3754 4443 prae-

319 4455 494 4511 ἇπτει
531 4451 766 4526 κηροὺς,
798 4453 888 4508 καὶ
918 4456 1016 4508 τοῦ
1082 4455 1427 4534 πατριάρχου
1481 4452 1854 4516 έκτελέσαντος
1893 4457 1990 4524 τὴν

2105 4460 2316 4532 posito,
2351 4459 2400 4515 is
2437 4459 2836 4515 cerimoniario
2869 4460 3064 4515 tradit.
3107 4465 3180 4516 At
3226 4465 3537 4532 postquam
3567 4461 3756 4532 impe—

315 4545 508 4626 εὐχὴν
537 4551 644 4614 τῆς
685 4541 896 4599 εἰσόδου
936 4547 1036 4610 τῆς
1085 4545 1232 4608 θείας
1283 4543 1644 4618 Λειτουργίας,
1677 4542 1991 4602 ἐπιδίδωσιν

2108 4554 2268 4605 rator
2297 4555 2566 4606 sanctum
2599 4548 2975 4622 Evangelium
3024 4550 3324 4607 osculatus
3353 4554 3462 4620 est,
3496 4567 3598 4623 per
3630 4566 3760 4607 me-

313 4635 348 4690 6
385 4633 658 4712 βασιλεὺς
691 4639 770 4706 τῷ
825 4632 1178 4710 πραιποσίτῳ
1206 4634 1335 4698 τοὺς
1380 4635 1610 4708 κηροὺς,
1642 4636 1732 4692 καὶ
1762 4636 1790 4690 6
1830 4657 1994 4711 πραι-

2107 4635 2271 4694 dium
2303 4640 2586 4710 templum
2636 4645 2690 4693 et
2728 4637 3138 4711 obliquitatem
3187 4637 3456 4694 ambonis
3504 4639 3757 4695 soleam-

315 4725 558 4788 πόσιτος
617 4727 698 4796 τῷ
753 4730 852 4794 τῆς
909 4722 1304 4786 καταστάσεως.
1367 4725 1466 4780 Καὶ
1517 4726 1894 4800 ἀσπασάμενος
1963 4726 1992 4781 6

2104 4743 2217 4800 quo
2250 4728 2572 4802 digressus,
2622 4744 2814 4786 cereos
2845 4745 2877 4784 a
2927 4727 3232 4800 prmposito
3283 4727 3486 4800 sumit,
3535 4743 3757 4802 eosque

1694 4879 1940 4937 VARLE
1979 4879 2398 4940 LECTIONES.

405 5023 448 5058 ⁵³
489 5017 910 5106 προϐληθῆναι,
941 5026 1010 5096 τῇ
1041 5023 1191 5106 τοὶζει
1247 5023 1415 5106 ταύτῃ
1455 5021 1636 5106 στάντ.
1671 5027 1760 5082 ed.
1867 5025 1909 5061 ⁵⁸
1938 5023 2002 5080 τὰ
2033 5041 2146 5082 om.
2181 5027 2272 5084 ed.
2375 5025 2422 5061 ⁵9
2461 5026 2660 5106 ἑαυτῶν
2699 5028 2791 5085 ed.
2895 5027 2940 5064 ⁸ο
2970 5026 3106 5102 Post
3145 5022 3327 5100 δῆμος
3381 5027 3447 5084 R.
3481 5027 3764 5088 excidisse

333 5102 496 5170 putat
525 5093 642 5151 τῶν
671 5093 910 5151 Βενέτων
944 5093 1080 5168 μετᾶ
1107 5095 1193 5150 καὶ
1235 5099 1332 5151 τού
1360 5093 1708 5169 δομεστίκου.

1401 5253 1606 5310 JOAN.
1649 5254 1794 5311 JAC.
1839 5254 2101 5310 REISKII
2140 5253 2706 5310 COMMENTARIUS

2183 5373 2292 5444 (83)
2325 5372 2470 5444 Quid
2500 5371 2610 5429 hoc
2641 5373 2736 5440 sit,
2773 5373 2954 5444 fateor
2984 5387 3073 5428 me
3106 5373 3392 5438 ignorare,
3427 5374 3487 5444 et
3521 5387 3594 5426 ne
3625 5387 3772 5444 con-

2108 5443 2339 5516 jectura
2362 5443 2596 5516 quidem
2631 5443 2988 5512 assequiﬁst
3011 5445 3244 5514 quidem
3268 5444 3454 5516 oratio
3477 5443 3770 5516 interdum

2117 5511 2270 5571 idem
2322 5511 2494 5582 atque
2543 5515 2689 5570 liber
2739 5511 3000 5586 precum,
3030 5511 3434 5570 breviarium.
3485 5511 3618 5586 Yid.
3652 5513 3772 5586 _Du

2115 5587 2304 5651 Cach
2344 5586 2536 5640 Gloss.
2571 5583 2752 5640 Latin.
2785 5587 2894 5641 Sed
2930 5587 3072 5650 quid
3103 5587 3211 5643 hoc
3243 5587 3313 5642 ad
3352 5583 3677 5640 comitem?

2186 5659 2301 5732 (84)
2335 5657 2475 5714 Vide
2509 5665 2626 5714 not.
2661 5659 2731 5714 ad
2767 5675 2896 5732 pag.
2931 5661 3055 5714 3.33.

399 5379 516 5449 (82)
554 5376 696 5431 Erat
725 5389 864 5442 ergo
893 5373 1058 5449 virga
1085 5373 1377 5449 egribonis
1418 5371 1812 5449 insigne_,_quo
1843 5387 2001 5449 acce-

329 5442 426 5518 pto
459 5442 823 5520 dignitatem
853 5442 1188 5520 obibat._T6
1233 5442 1582 5520 στρογγύλον.
1607 5445 1837 5520 videtur
1866 5445 2006 5520 trdi—

325 5514 556 5576 ﬁcium"
581 5518 828 5589 aliquod
885 5517 1218 5589 rotundum
1271 5514 1486 5589 notare.
1522 5514 1739 5589 Οἱίτοῦ
1788 5515 2008 5589 A9100:-

327 5589 448 5646 δίου
483 5597 648 5660 sunt,
685 5587 788 5662 qui
825 5588 898 5642 ad
949 5591 1216 5644 aerarium
1265 5593 1322 5644 et
1349 5587 1790 5659 dispositionem
1843 5587 2004 5659 logo-

329 5666 502 5724 theta:
535 5662 870 5738 pertinent.
