4158 6416
423 347 540 408 367
1492 344 1640 409 CON
1652 339 1986 406 STANTIN
1996 341 2022 399 Ι
2066 333 2772 398 PORPHYROGENITI
3722 341 3842 402 368

425 488 698 560 precatus
726 482 940 541 iterum
964 481 1275 557 praposito
1301 479 1725 550 reddit,deinde
1755 473 2056 534 sacrarium

2195 467 2449 545 βασιλεὺς
2499 468 2561 524 τὸ
2608 465 2884 544 ἄχραντον
2938 466 3301 544 Εὐαγγέλιον,
3333 468 3653 547 εἷσέρχεταιξ
3684 471 3845 545 μέσον

426 555 630 645 intrat,
688 574 888 645 ibique
936 555 1053 629 duo
1084 555 1333 628 instrata
1380 587 1546 627 sacro
1590 567 1758 625 altari
1805 564 2056 637 imponit

2189 555 2277 615 διὰ
2306 563 2403 614 τοῦ
2433 562 2582 629 ναοῦ,
2604 559 2693 613 καὶ
2731 555 2821 612 διά
2847 564 2946 628 τῆς
2997 557 3239 636 πλαγίας
3289 563 3387 614 τοῦ
3436 555 3696 635 ἄμϐωνος
3755 563 3843 618 καὶ

428 644 696 739 duosque
721 644 921 720 sacros
944 661 1154 719 calices
1175 662 1536 733 totidemque
1557 659 1751 715 discos
1780 660 1837 712 et
1867 654 2056 710 fascia:

2182 655 2285 719 τῆς
2346 648 2587 712 σωλαίας
2642 644 2899 718 διελθὼν,
2946 647 3162 703 ἳσταται
3227 647 3459 705 ἐνώπιον
3518 654 3625 705 τῶν
3682 651 3848 727 ἁγίων

427 732 663 815 Domini
697 753 1024 818 osculatus,
1058 756 1362 823 acceptum
1397 732 1772 822 aprseposito
1803 760 2056 817 apocom-

2183 741 2382 812 θυρῶν,
2415 738 2507 793 καὶ
2560 732 2746 791 λαϐὼν
2809 757 2975 813 κηρια
3034 737 3137 792 άπὸ
3194 741 3291 792 τοῦ
3330 738 3699 813 πραιποσίτου
3751 741 3843 796 καὶ

431 847 593 903 bium
627 845 685 900 in
715 859 881 899 sacra
913 858 1117 898 mensa
1146 841 1397 912 reponit,
1446 854 1659 910 perque
1688 836 1845 891 latus
1878 836 2069 889 heme-

426 937 505 994 tis
525 934 894 992 metatorium
917 931 1180 1003 petit,ubi
1195 931 1371 986 etiam
1393 922 2073 985 cereosaccendit.Finito

428 1033 631 1085 sancto
661 1021 1021 1093 ofﬁcio,dum
1050 1035 1218 1075 sacra
1244 1018 1563 1074 transitura
1583 1012 2070 1086 sunt,egreditur,

426 1134 463 1174 a
507 1112 771 1190 patriciis
817 1109 1157 1180 caeterisque
1206 1106 1492 1179 prazfectis
1536 1105 1808 1176 stipatus,
1852 1116 2073 1175 perque

424 1206 578 1263 latus
608 1198 814 1273 templi
844 1215 933 1268 eo,
982 1196 1080 1253 ubi
1123 1212 1348 1264 cereus,
1390 1210 1563 1267 quem
1596 1197 1930 1267 gestaturus
1960 1194 2069 1258 est,

421 1299 561 1362 stat,
594 1290 844 1359 σείετο
876 1292 933 1344 et
963 1302 1094 1342 cum
1126 1286 1197 1342 ad
1230 1301 1365 1341 eum
1395 1284 1588 1341 locum
1623 1282 2073 1356 pervenit,sena-

418 1389 578 1442 tores
603 1382 878 1451 utrinque
907 1375 1369 1446 subsistunt,per
1400 1390 1548 1446 quos
1581 1372 1805 1428 medios
1838 1370 2065 1427 transit.

418 1462 931 1545 Appropinquanti
963 1463 1300 1537 imperatori
1330 1462 1663 1535 lampadem
1700 1477 1803 1517 seu
1835 1476 2067 1516 cereum

418 1578 595 1621 suum
629 1557 983 1631 praepositus
1012 1552 1211 1622 tradit,
1242 1568 1357 1623 quo
1379 1550 1853 1623 accepto,iterum
1886 1564 2066 1605 rever-

416 1652 585 1718 titur,
617 1665 650 1704 a
683 1643 969 1719 praefectis
1002 1642 1278 1714 stipatus,
1330 1644 1458 1712 post
1488 1656 1655 1712 quos,
1688 1655 1855 1695 sacra
1893 1637 2065 1693 comi-

414 1747 569 1807 tans,
602 1734 880 1810 procedit,
914 1747 1133 1804 perque
1177 1729 1400 1787 soleam
1450 1730 1751 1800 digressus
1782 1731 1839 1782 et
1887 1743 2065 1799 prape

2183 824 2494 899 εὒξάμενος,
2559 822 2874 882 ἐπιδίδωσιν
2948 824 3085 881 αὐτὰ
3140 826 3304 881 πάλιν
3360 831 3439 899 τῷ
3494 829 3843 903 πραιποσίτῳ

2179 916 2269 970 καὶ
2321 915 2626 992 εἷσέρχεται
2684 912 2835 970 ἔνδον
2876 914 2953 970 εἷς
3005 918 3068 970 τὸ
3128 916 3536 992 θυσιαστήριον,
3583 917 3675 972 καὶ
3733 919 3842 996 ὑφ-

2178 1002 2351 1060 απλοῖ
2379 1003 2430 1059 ἐν
2462 1007 2531 1078 τῇ
2561 1003 2687 1078 ἁγίᾳ
2714 1006 2956 1079 τραπέζῃ
2992 1000 3087 1059 δύο
3120 1003 3711 1079 είλιτὰ,ἀσπαζόμενος
3735 1004 3837 1063 δύο

2176 1093 2298 1168 ἱερᾶ
2325 1095 2568 1166 ποτήρια
2597 1092 2689 1147 καὶ
2722 1090 2817 1148 δύο
2850 1092 3029 1166 ἱεροὺς
3061 1093 3108 1132 οι
3143 1089 3362 1156 δίσκους
3412 1094 3504 1149 καὶ
3552 1095 3620 1149 τά
3664 1096 3839 1172 σπάρ-

2171 1203 2308 1257 γανα
2336 1187 2433 1237 τοῦ
2478 1185 2677 1259 Κυρίου
2712 1203 2723 1215 ⁸
2760 1184 2876 1239 εἶτα
2908 1178 3096 1238 λαϐὼν
3155 1183 3261 1239 ἀπὸ
3319 1189 3416 1240 τοῦ
3471 1185 3837 1260 πραιποσίτου

2173 1267 2516 1347 ἀποκόμϐιον
2552 1273 2579 1328 6
2615 1272 2899 1348 βασιλεὺς,
2924 1272 3136 1344 τίθησιν
3164 1274 3299 1330 αὐτὸ
3339 1273 3393 1329 ἐν
3423 1279 3493 1349 τῇ
3542 1275 3669 1350 ἁγίᾳ
3712 1295 3837 1352 τρα-

2175 1369 2311 1439 πέζῃ
2337 1366 2426 1420 καὶ
2470 1364 2744 1440 ἐξέρχεται
2776 1361 2866 1419 διὰ
2902 1371 3003 1435 τῆς
3035 1366 3279 1441 πλαγίας
3300 1369 3397 1421 τοῦ
3431 1367 3706 1441 βήματος,
3743 1368 3834 1423 καί

2176 1453 2482 1532 εἰσέρχεται
2542 1453 2620 1517 εἷς
2669 1454 2733 1509 τὸ
2794 1455 3170 1530 μητατώριον,
3229 1456 3414 1510 ἄπτων
3462 1455 3682 1513 κάκεῖσε
3738 1478 3838 1529 κηο

2176 1545 2325 1622 ρούς.
2369 1544 2720 1620 Τελουμένης
2779 1542 2835 1601 δέ
2892 1552 2990 1616 τῆς
3048 1546 3194 1611 θείας
3250 1546 3615 1624 λειτουργίας,
3672 1550 3836 1619 ἡνίκα

2178 1635 2447 1711 μέλλουσι
2487 1637 2554 1693 τά
2593 1637 2719 1711 ἅγια
2767 1635 3101 1713 διέρχεσθαι,
3152 1636 3427 1717 ἐξέρχεται
3469 1639 3497 1693 6
3550 1637 3830 1715 βασιλεὺς,

2173 1724 2597 1803 δηριγευόμενος
2629 1724 2733 1781 ὑπό
2762 1746 2821 1781 τε
2841 1730 2946 1780 τῶν
2983 1727 3287 1801 πατρικίων
3335 1726 3426 1781 καὶ
3477 1726 3689 1783 λοιπῶν
3731 1727 3827 1803 ἄρα

415 1844 614 1887 sacras
635 1825 850 1897 januas
872 1822 1249 1889 constitutus,
1274 1817 1585 1891 praposito
1607 1833 1841 1873 cereum
1862 1818 2061 1885 tradit,

414 1915 516 1991 qui
537 1929 672 1970 eum
702 1908 1110 1983 suprasoleam
1138 1923 1316 1979 prope
1337 1905 1756 1976 sacrasjanuas
1790 1904 2056 1975 reponit;

412 2006 732 2076 imperator
759 2015 917 2068 vero,
950 2014 1127 2071 prope
1153 2012 1285 2053 eum
1322 1995 1705 2063 constitutus,
1736 1998 2056 2067 exspectat,

408 2096 549 2152 dum
580 2107 746 2148 sacra
774 2089 1108 2162 precedent,
1141 2102 1321 2160 seque
1364 2085 1614 2142 invicem
1644 2084 1967 2157 imperator
2002 2089 2060 2141 et

406 2180 739 2257 patriarcha
769 2179 1032 2235 adorant.

2174 1818 2411 1893 χόντων,
2445 1816 2535 1871 καὶ
2576 1816 2901 1891 κατέρχεται
2960 1814 3051 1872 διὰ
3096 1822 3199 1885 τῆς
3249 1814 3490 1894 πλαγίας
3538 1821 3634 1873 τοῦ
3676 1822 3827 1888 ναοῦ,

2170 1905 2260 1961 καὶ
2290 1904 2609 1981 ἀπέρχεται,
2644 1899 2764 1959 ἔνθα
2794 1902 3013 1960 ’ίσταται
3079 1905 3141 1961 τὸ
3199 1906 3410 1981 κηρίον,
3445 1905 3577 1983 ὅπερ
3632 1905 3825 1980 μέλλει

2173 1994 2429 2070 βαστάξαι
2461 1996 2530 2062 ⁸¹,
2560 1994 2651 2049 καὶ
2700 1994 3109 2065 πλησιάσαντος
3166 1998 3263 2050 τοῦ
3308 1993 3578 2069 βασιλέως
3614 1995 3689 2058 εἷς
3728 1998 3818 2053 τὸν

2167 2085 2360 2154 τόπον,
2416 2084 2467 2139 ἐν
2524 2085 2569 2156 ᾦ
2621 2080 2838 2138 ’ίσταται
2894 2085 2958 2139 τὸ
3017 2085 3212 2156 κηρίον
3273 2084 3463 2155 αὐτοῦ,
3513 2084 3721 2142 ’ίσταται
3780 2090 3814 2158 ἡ

2171 2171 2481 2247 σύγκλητος
2534 2170 2676 2227 ἔνθεν
2736 2171 3004 2240 κάκεῖθεν,
3035 2173 3125 2227 καὶ
3182 2170 3459 2249 διέρχεται
3513 2174 3668 2249 μέσον
3723 2176 3817 2232 αῦ-

400 2256 531 2329 τῶν.
563 2268 663 2326 Καὶ
724 2266 1129 2338 πλησιάσαντος
1157 2266 1227 2339 τῇ
1272 2259 1523 2338 λαμπάδι
1573 2261 1761 2330 αὐτοῦ,
1801 2258 1970 2339 ἤγουν
2007 2265 2087 2335 τῷ
2142 2262 2343 2337 κηρίῳ,
2394 2256 2666 2335 λαμϐάνει
2696 2261 2841 2334 ξαύτὸ
2900 2263 2927 2317 6
2975 2263 3333 2337 πραιπόσιτοθ
3392 2264 3482 2318 καὶ
3541 2261 3830 2321 ἐπιδίδωσι

400 2365 484 2435 τῷ
543 2357 781 2436 βασιλεῖ,
812 2355 902 2409 καὶ
963 2349 1147 2409 λαϐὼν
1193 2351 1345 2421 αὐτὸ,
1394 2350 1548 2416 αὖθις
1600 2349 1946 2430 ὑποστρέφει,
1998 2351 2386 2424 ὁψικευόμενος
2446 2350 2549 2405 ὑπὸ
2595 2354 2705 2406 τῶν
2764 2349 3069 2426 ἀρχόντων,
3129 2351 3219 2405 καὶ
3280 2350 3560 2432 διέρχεται
3612 2354 3829 2409 ὄπισθεν

402 2448 604 2517 αὐτῶν,
647 2444 915 2521 ὄψικεόων
962 2444 1028 2498 τά
1067 2436 1219 2518 ἅγια,
1263 2441 1355 2496 καὶ
1404 2437 1682 2516 διέρχεται
1740 2437 1830 2495 διὰ
1876 2442 1977 2505 τῆς
2024 2437 2292 2507 σωλαίας,
2340 2439 2431 2494 καὶ
2477 2444 2586 2495 τῶν
2634 2438 2798 2515 ἁγίων
2850 2444 3025 2514 θυρῶν
3068 2438 3308 2511 πλησίον
3354 2440 3667 2516 γενόμενος,
3710 2442 3829 2499 ἑπι-

401 2535 597 2594 δίδωσι
653 2535 716 2589 τὸ
771 2531 965 2608 κηρίον
1004 2532 1050 2569 “
1094 2535 1174 2603 τῷ
1222 2529 1591 2605 πραιποσίτῳ,
1639 2530 1668 2584 6
1727 2525 1785 2583 δὲ
1824 2528 2189 2604 πραιπόσιτος
2241 2529 2455 2599 τίθησιν
2515 2527 2646 2583 αὐτὸ
2703 2526 2886 2583 ἐπάνω
2942 2529 3043 2598 τῆς
3101 2528 3366 2599 σωλαίας,
3423 2528 3660 2601 πλησίον
3719 2536 3827 2587 τῶν

401 2624 573 2703 ἁγίων
622 2627 825 2699 θυρῶν,
856 2621 948 2677 καὶ
991 2618 1227 2691 πλησίον
1280 2619 1448 2674 αὐτοῦ
1498 2618 1667 2680 ἑστὼς
1727 2618 1756 2672 6
1805 2615 2082 2693 βασιλεὺς,
2113 2614 2396 2693 ἐκδέχεται
2451 2616 2650 2690 ἐκεῖσε,
2677 2614 2786 2681 ἕως
2833 2615 2892 2673 ἂν
2941 2616 3199 2683 διέλθωσι
3248 2618 3317 2675 τὰ
3346 2620 3602 2697 ἅγια,καὶ
3651 2642 3825 2697 προσ·

400 2718 649 2772 κυνοῦσιν
681 2712 984 2791 ἀμφότεροι
1015 2707 1326 2780 ἀλλήλους,
1351 2708 1381 2763 6'
1418 2727 1477 2763 τε
1511 2705 1767 2784 βασιλεὺς
1796 2706 1887 2763 καὶ
1919 2707 1947 2762 6
1981 2707 2354 2783 πατριάρχης.

474 2805 546 2865 ν.
578 2803 683 2862 Ille
695 2818 896 2860 rursus
908 2801 981 2858 ad
1002 2802 1312 2857 metatoriu
1324 2815 1378 2854 m
1393 2797 1532 2865 abit,
1550 2803 1756 2855 etcum
1774 2797 2061 2855 solemnia

405 2895 608 2952 oscula
655 2888 1055 2965 impertienda
1102 2892 1261 2956 sunt,
1294 2903 1502 2944 rursus
1533 2887 1678 2955 abit,
1710 2894 1765 2943 et
1810 2886 2060 2960 patriar-

413 2983 606 3050 cham,
640 2978 1061 3053 metropolitas,
1092 2977 1416 3051 episcopos,
1448 2977 1749 3048 praefectos
1780 2976 2059 3042 ecclesia),

412 3082 467 3131 et
497 3072 761 3140 clericos,
796 3069 898 3142 qui
947 3085 1050 3141 pro
1082 3083 1243 3124 more
1286 3067 1556 3123 osculum
1590 3067 1661 3122 ab
1713 3067 2060 3134 imperatore

2242 2798 2317 2855 E'.
2351 2798 2673 2875 Ἀπέρχεται
2721 2796 2891 2853 πάλιν
2931 2798 2960 2854 6
3005 2796 3262 2874 βασιλεὺς
3312 2799 3388 2862 εἷς
3444 2798 3507 2855 τό
3569 2803 3825 2875 μητατώ-

2172 2903 2311 2960 ρεον·
2345 2886 2509 2955 ἡνίκα
2552 2883 2611 2941 δὲ
2658 2884 2856 2962 ἐγγίσει
2894 2887 2921 2942 6
2962 2886 3274 2962 ἀσπασμὸς,
3305 2886 3580 2965 ἐξέρχεται
3631 2889 3823 2960 πάλιν,

2169 2974 2259 3029 καὶ
2311 2974 2562 3031 ἀπελθὼν
2617 2975 2912 3047 ἀσπάζεται
2962 2977 3055 3032 τὸν
3111 2977 3481 3054 πατριάρχην,
3535 3001 3824 3051 μητροπο-

2171 3061 2325 3126 λίτας
2353 3085 2413 3119 τε
2449 3063 2539 3120 καὶ
2573 3063 2902 3127 ἐπισκόπους
2943 3064 3215 3142 ἄρχοντάς
3249 3088 3310 3123 τε
3357 3073 3458 3137 τῆς
3491 3069 3825 3139 Ἐκκλησίας

412 3162 728 3234 accipiunt,
759 3173 919 3230 asque
941 3174 1009 3214 ac
1030 3158 1138 3213 tria
1165 3155 1526 3228 baptisteria,
1550 3155 1874 3223 osculatur,
1908 3159 1965 3210 et
1992 3171 2056 3211 eo

2168 3152 2258 3209 καὶ
2290 3152 2590 3228 κληρικοῦς
2620 3153 2747 3216 τοὺς
2780 3153 2829 3224 ἐξ
2862 3152 3016 3218 ἔθους
3060 3154 3472 3231 ἀσπαζομένους
3513 3158 3607 3213 τὸν
3664 3160 3822 3233 βασι-

408 3253 558 3323 loco,
591 3249 693 3308 ubi
719 3263 944 3323 agapen
976 3248 1318 3320 proceribus
1348 3246 1695 3302 distribuere
1727 3246 2051 3313 solet,con-

407 3342 675 3407 stitutus,
708 3337 961 3411 patricii,
994 3337 1235 3408 strategi
1267 3340 1325 3392 et
1370 3333 1678 3391 domestici
1728 3334 2054 3406 primisque

403 3428 616 3489 ofﬁciis
645 3425 1122 3495 admoli,tribuni
1154 3424 1477 3482 factionum
1499 3428 1556 3479 et
1584 3423 2050 3490 cerimoniarius,

402 3534 611 3577 omnes
641 3517 845 3575 ordine
878 3515 1427 3585 suo,adorant,eum
1459 3513 1802 3569 osculantur
1827 3529 2052 3585 suoque

401 3607 461 3666 iu
496 3609 621 3665 loco
641 3611 701 3664 et
730 3605 983 3663 statione
1009 3605 1083 3661 ab
1107 3608 1355 3677 utroque
1385 3602 1563 3659 latere
1589 3607 1865 3670 astant,et
1895 3609 2054 3675 post-

403 3714 581 3771 quam
611 3696 752 3752 dicti
784 3711 988 3752 omnes
1020 3693 1435 3765 imperatorem
1468 3691 1712 3749 osculali
1746 3700 1903 3761 sunt,
1928 3694 2052 3764 ipse

404 3793 463 3845 et
510 3784 843 3859 patriarcha
888 3798 953 3840 se
992 3782 1239 3838 invicem
1289 3781 1535 3837 adorant
1584 3785 1641 3837 et
1689 3780 2046 3839 osculantur.

404 3875 625 3935 Deinde
674 3873 991 3945 imperator
1039 3886 1246 3926 rursus
1277 3870 1349 3925 ad
1400 3871 1765 3926 metatorium
1814 3870 1955 3937 abit,
1995 3875 2053 3926 et

406 3965 604 4022 divina
633 3961 1044 4020 communione
1067 3959 2051 4032 appropinquante,cerimouiarius

406 4052 807 4128 praepositum,
866 4049 1216 4124 praepositus
1289 4047 1704 4121 imperatorem
1753 4049 2045 4116 admonet,

406 4143 508 4215 qui
549 4158 583 4199 a
613 4141 782 4197 dictis
814 4139 1060 4212 stipatus
1090 4141 1147 4195 et
1185 4153 1364 4210 prope
1394 4137 1787 4209 patriarcham
1819 4138 2049 4193 consti-

403 4237 589 4299 tutus,
623 4234 686 4286 ut
716 4228 867 4285 sacri
900 4227 1160 4300 corporis
1185 4230 1243 4281 et
1272 4224 1582 4298 sanguinis
1617 4225 1841 4282 Domini
1869 4226 2049 4283 nostri

397 4324 535 4378 Jesu
570 4320 785 4378 Christi
818 4319 1113 4391 particeps
1144 4316 1267 4383 fiat,
1299 4316 1415 4371 duo
1447 4316 1667 4371 ostiarii
1698 4316 2049 4373 dominicale

393 4409 697 4468 evolutum
748 4411 969 4474 tenent,
1012 4407 1137 4478 ipse
1170 4406 1446 4461 manibus
1495 4404 1620 4460 suis
1648 4407 2047 4462 venerandum

389 4502 610 4558 donum
646 4497 963 4572 accipiens,
995 4494 1300 4552 osculatur
1332 4494 1743 4566 patriarcbam,
1776 4503 1828 4550 ct
1861 4512 1893 4550 a
1924 4495 2046 4567 pul-

387 4591 507 4663 pito
538 4587 905 4645 descendens
939 4584 1119 4657 idque
1140 4588 1230 4639 ter
1256 4598 1430 4640 cruce
1451 4583 2045 4655 signans,communi-

388 4683 501 4733 cat.
532 4678 628 4733 Sic
658 4678 729 4733 ad
762 4676 917 4732 idem
951 4673 1246 4746 pulpitum
1275 4672 1560 4735 escendit,
1594 4673 1818 4728 ostiarii
1850 4672 2041 4729 domi-

388 4764 580 4821 nicale
610 4763 998 4832 revolvunt,et
1024 4777 1190 4819 sacro
1210 4760 1345 4817 vino
1377 4777 1409 4816 a
1429 4760 1765 4833 patriarcha
1784 4770 2040 4835 accepto,

393 4852 534 4921 abit,
575 4860 628 4908 et
679 4856 993 4924 postquam
1045 4857 1317 4923 precatus
1366 4854 1477 4917 est,
1528 4864 1589 4906 se
1638 4850 1886 4907 invicem
1937 4853 2044 4907 ad-

2164 3241 2284 3313 λέα,
2316 3242 2527 3310 ὁμοίως
2593 3243 2684 3298 καὶ
2742 3243 2864 3319 τρία
2912 3266 3258 3324 φωτισματα,
3307 3246 3400 3301 καὶ
3452 3246 3679 3309 στάντος
3725 3253 3822 3304 τοῦ

2167 3328 2435 3406 βασιλέως
2468 3330 2520 3387 ἐν
2567 3337 2645 3405 τῷ
2699 3334 2877 3405 τόπῳ,
2908 3330 2961 3388 ἐν
2995 3334 3041 3406 ᾧ
3084 3332 3316 3389 ε’ίθισται
3376 3334 3536 3390 αὐτὸν
3589 3337 3822 3392 πάντοτε

2163 3415 2371 3475 διδόναι
2421 3421 2519 3490 τήν
2567 3419 2782 3495 ἀγάπην
2856 3427 2976 3486 τοῖς
3029 3421 3321 3498 ἄρχουσιν,
3365 3423 3704 3499 εἰσέρχονται
3762 3428 3814 3480 οἱ

2161 3509 2461 3584 πατρίκιοι,
2494 3509 2793 3586 στρατηγοί
2840 3531 2900 3566 τε
2951 3512 3042 3566 καὶ
3090 3509 3429 3584 δομέστικοι,
3485 3511 3571 3566 καὶ
3631 3513 3682 3566 οἱ
3742 3515 3807 3568 τὰ

2159 3604 2351 3673 πρῶτα
2404 3599 2627 3679 ὀφφίκια
2662 3595 3010 3677 κατέχοντες,
3042 3602 3093 3656 οἱ
3143 3598 3430 3679 δήμαρχοι
3485 3601 3573 3657 καὶ
3632 3603 3659 3657 6
3706 3609 3805 3671 τῆς

2157 3688 2553 3753 καταστάσεως,
2587 3685 2809 3751 ἅπαντες
2844 3686 2901 3744 δὲ
2930 3689 3078 3745 οὗτοι
3113 3690 3251 3745 κατᾶ
3287 3691 3382 3753 τὰς
3433 3687 3569 3752 ἰδίας
3629 3689 3806 3745 αὐτῶν

2156 3777 2332 3848 τάξεις
2384 3781 2828 3851 προσκυνοῦντες,
2899 3779 3225 3848 ἀσπάζονται
3274 3780 3365 3834 καὶ
3420 3778 3667 3835 ’ίστανται
3735 3779 3812 3842 είς

2157 3876 2253 3928 τάς
2304 3863 2444 3930 ἰδίας
2492 3866 2669 3922 αὐτῶν
2712 3867 2890 3937 τάξεις
2928 3887 2985 3923 τε
3024 3868 3114 3922 καὶ
3171 3868 3384 3930 στάσεις
3427 3867 3574 3932 ἔνθεν
3628 3868 3822 3924 κάκεῖ-

2160 3975 2237 4026 σε,
2270 3955 2358 4009 καὶ
2411 3956 2544 4028 μετὰ
2590 3956 2651 4010 τὸ
2690 3954 3026 4020 ἀσπάσασθαι
3062 3956 3155 4013 τὸν
3194 3955 3423 4033 βασιλέα
3451 3957 3658 4022 πάντας
3686 3957 3819 4021 τοὺς

2157 4042 2586 4120 προβρηθέντας,
2627 4050 3026 4120 προσκυνοῦσιν
3081 4047 3381 4125 ἀμφότεροι
3446 4044 3738 4118 ἀλλήλους
3791 4048 3825 4103 6'

2155 4155 2214 4190 τε
2267 4132 2521 4205 βασιλεὺς
2570 4134 2660 4189 καὶ
2710 4135 2739 4189 6
2796 4136 3170 4212 πατριάρχης.
3205 4134 3377 4191 Πάλιν
3437 4136 3739 4216 ἀπέρχεται
3792 4139 3821 4193 6

2160 4223 2419 4301 βασιλεὺς
2451 4224 2527 4286 εἷς
2556 4224 2618 4280 τὸ
2655 4227 3028 4300 μητατώριον,
3056 4225 3147 4281 καὶ
3176 4232 3278 4297 τῆς
3327 4226 3474 4291 θείας
3530 4227 3819 4289 κοινωνίας

2156 4309 2595 4383 καταλαϐούσης,
2624 4313 2651 4367 ὁ
2681 4316 2784 4382 τῆς
2812 4315 3189 4378 καταστάσεως
3235 4313 3405 4387 δηλοῖ
3450 4320 3530 4390 τῷ
3563 4336 3810 4390 πραιπο-

2157 4404 2311 4477 σίτῳ,
2348 4404 2438 4458 καὶ
2494 4403 2523 4458 6
2581 4403 2946 4478 πραιπόσιτος
2982 4408 3063 4477 τῷ
3115 4405 3355 4481 βασιλεῖ,
3401 4407 3491 4460 καὶ
3534 4404 3820 4481 ἐξέρχεται

2159 4490 2585 4568 δηριγευόμενος
2629 4493 2733 4547 ὑπὸ
2781 4496 2890 4548 τῶν
2939 4493 3384 4569 προειρημένων,
3428 4493 3520 4549 καὶ
3578 4492 3823 4565 πλησίον

2150 4588 2247 4640 τοῦ
2298 4584 2648 4659 πατριάρχου
2679 4583 2970 4659 γενόμενος
3027 4586 3168 4660 πρὸς
3222 4587 3286 4641 τὸ
3338 4594 3669 4656 κοινωνῆσαι
3718 4590 3823 4642 τοῦ

2154 4673 2431 4749 ἀχράντου
2499 4672 2757 4745 σώματος
2827 4674 2919 4729 καὶ
2997 4672 3229 4748 αἵματος
3453 4679 3553 4732 τοῦ
3610 4676 3823 4751 Κυρίου

2153 4762 2315 4833 ἡμῶν
2340 4759 2521 4829 Ἰησοῦ
2552 4760 2821 4833 Χριστοῦ,
2865 4759 3125 4836 κρατοῦσι
3155 4758 3252 4817 δύο
3286 4760 3555 4839 ὀστιάριοι
3593 4758 3829 4833 δουμνι-

2150 4847 2343 4905 κάλιον
2379 4850 2492 4921 (86)
2521 4847 2883 4923 ἡπλωμένον,
2918 4852 3008 4906 καὶ
3041 4848 3334 4926 δεξάμενος
3374 4852 3436 4908 τὸ
3482 4851 3666 4926 τίμιον
3702 4849 3826 4907 δῶ-

1762 4975 2009 5033 νΑΗιιΕ
2048 4973 2437 5035 LECTIONES

463 5087 506 5135 εί
537 5084 605 5140 τὰ
634 5080 730 5139 δύο
774 5083 893 5157 ἱερὰ
924 5104 1047 5141 ποτ.
1080 5084 1170 5140 καὶ
1200 5082 1327 5146 τοὺς
1360 5078 1455 5138 δύο
1488 5084 1643 5156 conj.
1676 5084 1742 5142 Β.
1819 5084 1868 5120 ⁸⁸
1899 5085 2161 5159 βαστάσαι
2192 5084 2284 5141 ed.
2362 5082 2410 5119 ⁸⁸
2440 5081 2519 5137 τὼ
2552 5082 2731 5158 κηρίω
2769 5085 2898 5141 cod.

1438 5203 1635 5261 JOAN.
1675 5203 1826 5262 JAC.
1869 5205 2121 5263 BEISKII
2159 5202 2749 5262 COMMENTARIUS.

457 5329 572 5404 (85)
609 5330 738 5404 ’[De
784 5328 1372 5404 communionesub
1406 5338 1651 5404 utraque
1700 5338 1753 5385 et
1802 5331 2035 5404 quando

380 5401 661 5474 abrogata
694 5401 869 5474 fuerit
898 5417 948 5458 ν.
998 5415 1130 5472 pag.
1162 5402 1241 5474 6:3
1264 5401 1398 5474 0rd.
1434 5402 1601 5457 Rom.
1646 5402 1930 5474 ,puntinex
1980 5407 2038 5459 et

381 5488 476 5530 rex
498 5472 748 5531 Francia;
772 5473 985 5545 prirent
1002 5472 1274 5545 ensemble
1293 5473 1365 5530 du
1385 5476 1517 5545 pain
1546 5477 1596 5529 et
1620 5472 1689 5527 du
1712 5473 1809 5528 vin
1841 5474 2035 5529 bénits.

376 5549 659 5619 Mezeray,
693 5544 937 5613 Abrégé,
974 5559 1029 5615 p.
1064 5544 1189 5619 3%5.
1226 5544 1526 5619 Κοντακίου
1559 5546 1790 5619 ueteris,
1828 5546 2036 5619 inquo

375 5615 671 5698 habenth
719 5632 925 5698 preces
967 5615 1329 5698 quaedamin
1376 5617 1637 5698 Ecclesia
1829 5617 2032 5698 solitas,

377 5689 694 5764 descriptio
720 5686 935 5748 'exstat
982 5686 1041 5744 in
1091 5686 1505 5745 Montt‘auconii
1556 5686 1834 5747 Biblioth.
1890 5687 2032 5747 Mss.

2146 5330 2302 5405 inter
2348 5328 2577 5405 codices
2623 5330 2903 5405 Crasserii
2952 5331 3348 5391 Leodicensis.
3403 5332 3828 5405 Depictusibi

2146 5399 2477 5472 patriarcha
2523 5400 2858 5467 imperatori
2905 5418 3131 5459 sacram
3177 5399 3650 5461 communidncm
3699 5403 3829 5460 im-

2145 5472 2424 5545 pertirens.
2463 5489 2516 5540 p.
2549 5472 2726 5544 603.]‘

2218 5544 2639 5637 (Eii-)‘A‘plpgret
2669 5560 2795 5637 esse
2846 5545 3148 5629 sudarium
3198 5546 3295 5637 vel
3343 5562 3830 5637 mappamuquo

2145 5630 2379 5691 sacrum
2420 5615 2637 5691 Christi
2687 5633 2899 5688 corpus
2950 5620 3217 5691 excipere
3245 5624 3303 5677 et
3346 5615 3549 5691 secum
3580 5615 3832 5679 deferre

2145 5688 2386 5745 domum
2443 5686 2711 5746 solebant
2757 5686 3290 5749 communicantes.
3323 5690 3447 5757 Quo
3478 5691 3550 5749 de
3597 5692 3720 5749 ritu
3754 5709 3827 5749 ν.
