4158 6392
385 433 509 491 369

1241 426 1339 485 DE
1385 422 1838 485 CERIMONHS
1900 423 2132 486 AUL/E
2179 426 2647 487 BYZANTlN/E
2695 427 2837 487 LIB.
2885 424 2935 485 Ι.

3690 417 3808 476 3Ἰο

382 585 480 638 ρον
539 562 590 615 ἐν
648 564 768 620 ταῖς
810 555 1001 635 χερσὶν
1050 557 1240 627 αὐτοῦ,
1280 554 1574 624 ἀσπάζεται
1623 576 1714 609 τον
1764 555 2038 630 πατριάρ-

2156 563 2346 615 orant.
2367 559 2587 615 Deinde
2610 573 2900 627 reversus,
2919 555 3282 613 metatoriam
3299 551 3644 623 intrat,etibi
3666 566 3804 606 cum

378 672 517 728 χην,
551 651 639 706 καί
696 649 760 703 τὸ
818 644 1132 702 ποῦλπιτου
1190 642 1471 700 κατελθὼν
1505 647 1552 681 ⁸⁸
1607 644 1696 698 καὶ
1747 643 2040 720 σφραγίσας

376 743 440 798 ἐκ
469 743 682 815 τρίτου,
709 743 966 794 κοινωνεῖ
1001 738 1069 793 τὸ
1104 737 1259 812 ἅγιον
1294 732 1491 810 δῶρον.
1521 735 1636 800 Εἴθ’
1686 734 1863 797 οὕτως
1895 736 2048 810 ἀνέρ-

377 851 539 908 χεται
570 832 634 886 τὸ
665 829 798 884 αὐτὸ
828 825 1162 893 πούλπιτον,
1193 825 1281 880 καὶ
1340 824 1679 903 ὑφαπλοῦσιν
1741 826 1797 878 οἱ
1865 824 2049 879 ὀστιά-

375 943 488 996 ριοι
546 922 609 976 τὸ
671 915 1070 992 δουμνικάλιον
1132 915 1414 984 ὑποκάτω,
1473 915 1561 969 καὶ
1616 908 1799 968 λάϐὼν
1851 915 1913 968 τὸ
1953 919 2046 968 νᾶ-

378 1032 455 1084 μα
481 1013 531 1048 ⁸⁵⁸
579 1011 695 1084 (87)
745 1008 893 1082 παρὰ
940 1009 1038 1061 τοῦ
1095 1006 1469 1083 πατριάρχου,
1549 1002 1896 1083 κατέρχεται,
1956 1004 2044 1059 καὶ

379 1101 676 1173 εὐξάμενος
734 1098 1133 1172 προσκυνοῦσιν
1193 1094 1499 1172 ἀμφότεροι
1557 1090 1868 1163 ἀλλήλους,
1930 1094 2048 1149 εἶτα

382 1187 692 1261 ὑποστρέψα
751 1183 1057 1258 εἰσέρχεται
1117 1182 1194 1243 εἷς
1261 1182 1323 1236 τὸ
1397 1180 1747 1256 μητατώριον
1798 1186 1888 1234 καῖ
1917 1201 2047 1255 κρα-

395 1281 609 1348 ματίζει
643 1273 771 1346 μετᾶ
808 1277 918 1328 τῶν
961 1271 1265 1346 πατρικίων
1323 1271 1415 1324 καὶ
1466 1269 1674 1326 λοιπῶν
1733 1269 2041 1344 ἀρχόντων,

395 1364 494 1425 οὕς
526 1366 584 1418 ἅν
616 1362 854 1436 κελεύσῃ
899 1363 1032 1419 Εἶτα
1075 1355 1470 1436 περιϐάλλεται
1531 1356 1622 1414 διὰ
1676 1363 1781 1413 τῶν
1845 1360 2038 1434 βεστη-

390 1453 571 1528 τάρων
601 1454 700 1522 τὴν
722 1448 953 1527 χλανίδα
984 1451 1175 1522 αὐτοῦ,
1225 1450 1315 1504 καὶ
1355 1447 1567 1504 κελεύει
1615 1452 1695 1520 τῷ
1751 1449 2040 1521 πραιποσί-

381 1563 464 1614 τῳ
519 1539 990 1614 προσκαλέσασθαι
1046 1537 1139 1594 τόν
1198 1537 1568 1612 πατριάρχην,
1626 1535 1716 1590 καὶ
1767 1534 2040 1612 διέρχεται

365 1631 511 1704 μετὰ
539 1635 639 1686 ττῦ
673 1627 944 1706 βασιλέως
981 1625 1092 1692 ’ἕως
1134 1632 1235 1683 τοῦ
1275 1626 1469 1703 Ἀγίου
1507 1627 1774 1700 Φρέατος,
1824 1627 2039 1681 κάκεῖσε

361 1721 594 1782 στάντος
644 1723 744 1774 τοῦ
805 1717 1097 1792 βασιλέως,
1150 1715 1336 1785 κράζει
1381 1714 1668 1790 ὁᾶργυρος
1689 1714 1816 1777 τοὺς
1849 1716 2040 1771 εἰωθό-

2153 648 2417 719 patriciis
2448 655 2505 705 et
2534 647 2776 719 reliquis
2799 645 3084 703 ministris
3111 642 3452 718 quosjussit
3475 638 3804 698 convivium

2161 737 2433 794 celebrat.
2469 737 2677 794 Postea
2707 736 2910 793 tunica
2938 753 3046 792 sua
3074 753 3107 790 a
3137 732 3511 790 vestitoribus
3541 729 3808 795 indutus,

2161 829 2558 898 praepositum,
2601 832 2664 883 ut
2694 827 3094 900 patriarcham
3135 825 3396 892 advocet,
3422 822 3607 893 jubet,
3638 820 3811 892 isque

2158 932 2290 972 cum
2326 917 2657 988 patriarcha
2689 917 2760 973 ad
2793 917 3075 973 Sanctum
3120 915 3367 971 Puteum
3394 911 3534 980 abit,
3565 908 3666 965 ubi
3688 909 3804 965 im-

2156 1015 2418 1078 peratore
2449 1007 2788 1075 constituto,
2821 1005 3196 1080 argentarius
3223 1019 3345 1072 eos,
3377 999 3479 1073 qui
3509 1016 3652 1056 auro
3684 999 3808 1070 ple-

2157 1111 2264 1152 nas
2309 1112 2620 1152 crumenas
2663 1095 2925 1168 accipere
2970 1095 3183 1162 solent,
3235 1091 3479 1148 indicat.
3520 1089 3623 1145 80
3652 1087 3808 1152 Quae

2153 1202 2224 1242 ex
2237 1185 2554 1258 argentarii
2578 1202 2752 1241 manu
2775 1181 3427 1257 acceptas,prtepositus
3444 1178 3807 1250 imperatori,

2155 1274 2206 1330 is
2239 1291 2387 1346 quos
2409 1275 2777 1347 argentarius
2809 1275 3038 1343 recitat,
3068 1272 3273 1342 tradit,
3302 1275 3360 1326 et
3377 1285 3508 1327 cum
3539 1267 3696 1322 intra
3714 1281 3808 1322 ve-

2152 1364 2276 1420 lum
2308 1381 2441 1420 cum
2474 1365 2760 1436 praefectis
2785 1364 3055 1420 cubiculo
3077 1362 3378 1435 ingressus
3397 1362 3509 1428 est,
3531 1355 3807 1429 praeposi-

2153 1458 2250 1509 tus
2280 1470 2552 1510 coronam
2575 1454 2916 1526 patriarchae
2940 1453 3140 1520 tradit,
3171 1452 3274 1522 qui
3304 1465 3434 1506 eam
3464 1445 3805 1518 imperatori

2153 1543 2426 1614 imponit,
2460 1548 2664 1615 postea
2693 1543 2806 1614 ipsi
2840 1559 3048 1615 panem
3082 1540 3452 1597 benedictum
3483 1537 3672 1602 otl‘ert,
3700 1551 3802 1607 pro

2151 1649 2264 1702 quo
2281 1632 2712 1704 apocombium,
2734 1649 2766 1687 a
2780 1631 3090 1705 praeposito
3105 1648 3172 1687 su
3185 1634 3438 1703 mptum,
3459 1624 3803 1701 patriarcha

2153 1721 2353 1786 donat.
2387 1720 2479 1776 hic
2509 1721 2623 1792 ipsi
2655 1720 2996 1777 sufﬁmenta
3025 1720 3144 1778 dat.

366 1838 461 1879 τας
521 1811 831 1888 λαμϐάνειν
891 1816 960 1870 τά
1015 1819 1194 1889 χρυσᾶ
1256 1809 1596 1872 Βαλαντίδια.
1649 1813 1705 1866 Ὀ
1754 1811 1845 1867 οῦν
1904 1813 2264 1888 πραιπόσιτος
2313 1810 2612 1888 λαμϐάνων
2644 1815 2705 1871 ἐκ
2733 1820 2832 1871 τοῦ
2889 1814 3123 1891 ἀργύρου
3179 1815 3245 1870 τὰ
3306 1808 3648 1887 βαλαντίδια,
3682 1810 3799 1865 im-

367 1902 556 1962 δίδωσι
587 1907 670 1977 τῷ
702 1903 940 1980 βασιλεῖ,
991 1905 1018 1959 6
1077 1900 1132 1958 δὲ
1205 1901 1461 1977 βασιλεὺς
1520 1900 1762 1975 δίδωσιν,
1808 1905 1903 1966 οὕς
1935 1903 2122 1974 κράζει
2163 1905 2192 1959 6
2239 1902 2499 1980 ἄργυρος,
2550 1907 2641 1960 καὶ
2678 1904 2938 1961 εἰσελθὼν
2989 1901 3140 1961 ἔνδον
3186 1908 3283 1962 τοῦ
3318 1902 3501 1979 βήλου
3534 1899 3795 1974 μετὰτῶν

357 2002 456 2054 τοῦ
512 1993 918 2053 κουϐουκλείου
976 1995 1287 2071 ἀρχόντων,
1347 1992 1662 2050 ἐπιδίδωσιν
1722 1997 1749 2051 6
1815 1997 2177 2071 πραιπόσιτος
2231 1997 2295 2051 τὸ
2353 1996 2568 2071 στέμμα
2634 2002 2718 2071 τῷ
2768 1997 3110 2072 πατριάρχῃ,
3163 1995 3412 2055 κάκεῖνος
3474 1992 3653 2070 στέφει
3697 1992 3791 2046 τὸν

355 2087 616 2164 βασιλέα,
661 2086 752 2142 καί
790 2088 884 2142 εἶθ’
944 2087 1120 2149 οὕτως
1168 2083 1482 2141 ἐπιδίδωσιν
1543 2087 1570 2140 6
1638 2086 1984 2162 πατριάρχης
2053 2084 2304 2161 εὐλογίας
2353 2087 2431 2160 τῷ
2474 2088 2713 2162 βασιλεῖ,
2774 2089 2881 2142 εἶεα
2919 2083 3106 2143 λαϐὼν
3162 2088 3190 2142 6
3231 2083 3488 2162 βασιλεὺς
3519 2082 3665 2159 παρὰ
3693 2084 3790 2138 τοῦ

359 2177 733 2252 πραιποσίτου
768 2177 1136 2251 ἀποκόμβιον,
1168 2173 1483 2230 ἀντιδίδωσι
1512 2179 1591 2246 τῷ
1620 2175 1956 2251 πατριάρχῃ,
1992 2177 2020 2230 6
2055 2173 2113 2232 δὲ
2141 2177 2493 2253 πατριάρχης
2525 2174 2836 2234 ἀντιδίδωσι
2865 2181 2944 2250 τῷ
2979 2174 3207 2253 βασιλεῖ’
3228 2174 3478 2232 ἀλειπτά.

442 2269 503 2336 ς.
556 2267 661 2324 Καὶ
709 2264 1002 2336 ἀλλήλους
1061 2264 1455 2338 ἀσπασάμενοι,
1487 2263 1762 2340 ἐξέρχεται
1804 2266 1832 2318 6
1867 2265 2026 2339 βασι-

2206 2267 2306 2323 VI.
2337 2270 2480 2324 Post
2529 2273 2732 2325 mutua
2775 2268 2974 2326 oscula
3023 2269 3338 2340 imperator
3365 2280 3659 2340 egressus,
3691 2277 3790 2319 ex-

373 2353 504 2419 λεὺς
533 2356 622 2411 καὶ
651 2354 874 2410 ’ίσταται
906 2353 1007 2428 ἔξω
1035 2361 1136 2425 τῆς
1171 2352 1354 2424 πύλης
1394 2359 1494 2409 τοῦ
1541 2354 1729 2431 Ἀγίου
1783 2354 2024 2430 Φρέατος

352 2453 460 2515 τῆς
518 2445 820 2521 ἐξαγούσης
871 2444 948 2506 εἷς
1006 2447 1094 2498 τὸν
1136 2439 1400 2515 ἔμϐολον,
1432 2443 1648 2500 κάκεῖσε
1679 2441 1895 2519 δέχεται
1927 2444 2026 2499 αὐ-

347 2535 447 2592 τὸν
477 2536 545 2590 τὸ
581 2534 749 2610 μέρος
775 2538 884 2589 τῶν
938 2533 1200 2600 Βενέτων,
1254 2537 1553 2609 φοροῦντος
1601 2538 1698 2588 τοῦ
1729 2533 2044 2609 δημάρχου’

352 2621 604 2703 χλανίδα
625 2623 873 2691 Βένετον,
905 2622 1000 2678 καὶ
1048 2621 1472 2696 ἀκτολογοῦσιν,
1524 2621 1600 2684 ὠς
1651 2621 1880 2687 εἰθισται
1927 2622 2024 2676 αὖ·

362 2719 507 2781 τοῖς,
565 2714 939 2792 εὐφημοῦντες
995 2712 1084 2766 τὸν
1148 2711 1402 2787 βασιλέα,
1461 2711 1669 2784 ὁμοίως
1721 2713 1811 2766 καὶ
1842 2712 1898 2766 οἱ
1926 2715 2024 2767 τοῦ

379 2807 679 2876 περατικοῦ
725 2800 904 2875 δήμου
962 2798 1308 2876 δημοκράται
1367 2799 1458 2856 καὶ
1518 2801 1547 2856 6
1598 2798 1888 2875 δήμαρχος
1917 2804 2024 2854 τῶν

377 2892 666 2965 Πρασίνων
720 2897 872 2949 τοῦτο
928 2890 1210 2948 ἐκτελοῦσι
1260 2892 1399 2947 κατὰ
1456 2893 1556 2960 τήν
1617 2891 1762 2960 τάξιν
1819 2890 2020 2946 αὐτῶν.

374 2981 479 3035 Καὶ
522 2979 675 3042 αὖθις
707 2978 968 3056 διέρχεται
1001 2979 1094 3037 διὰ
1121 3002 1180 3037 τε
1208 2983 1254 3019 ⁸⁵
1271 2984 1379 3036 τῶν
1402 2980 1624 3057 σχολῶν
1647 2979 1737 3035 καὶ
1769 2983 1876 3036 τῶν
1909 2978 2025 3034 ἐκσ-

367 3064 668 3140 κουϐίτων,
698 3069 904 3126 κάκεῖσε
929 3071 1149 3126 ἳσταται
1195 3072 1230 3140 ὴ
1293 3069 1600 3146 σύγκλητος
1651 3068 1703 3124 έν
1761 3073 1840 3141 τῷ
1896 3089 2022 3124 κον-

362 3158 667 3234 σιστωρίῳ,
698 3157 952 3235 λέγουσα.
978 3185 1006 3212 ‹‹
1037 3159 1132 3223 Εἰς
1164 3157 1412 3222 πολλοὺς
1457 3159 1547 3214 καὶ
1601 3157 1838 3234 ἀγαθοὺς
1887 3158 2024 3234 χρό-

359 3268 520 3316 νους,
553 3272 583 3300 »
605 3249 693 3304 καὶ
726 3251 983 3322 μένουσιν
1015 3248 1208 3318 ἐκεῖσε,
1239 3247 1318 3310 εἰς
1352 3246 1408 3303 δὲ
1453 3248 1546 3303 τὸν
1579 3245 1814 3302 ὀνόποδα
1875 3245 2024 3322 μένει

357 3339 387 3392 6
435 3344 540 3408 τῆς
589 3339 968 3402 καταστάσεως
1024 3339 1162 3413 μετὰ
1210 3335 1593 3412 σιλεντιαρίων
1648 3334 2022 3413 ὑπερευχόμεο

353 3448 442 3483 νοι
503 3428 596 3483 καὶ
655 3428 812 3485 αὐτοὶ
868 3430 960 3484 τὸν
1024 3427 1274 3504 βασιλέα.
1306 3428 1370 3482 Οἱ
1430 3425 1487 3482 δὲ
1533 3427 1811 3500 πατρίκιοι
1848 3427 1938 3482 καὶ
1970 3429 2023 3482 οἱ

352 3517 661 3592 στρατηγοὶ
687 3515 931 3574 ἳστανεαι
963 3517 1041 3581 εἰς
1087 3518 1150 3573 τὸ
1197 3516 1402 3587 στενὸν,
1452 3517 1664 3590 ὁμοιως
1721 3517 2026 3594 ὑπερευχό-

2138 2361 2228 2415 tra
2269 2363 2498 2431 portam
2543 2358 2706 2415 Sacri
2735 2359 2920 2427 Putei,
2971 2375 3101 2430 qum
3150 2358 3220 2414 ad
3255 2357 3544 2431 porticum
3595 2355 3778 2421 ducit,

2139 2447 2410 2504 subsistit
2441 2458 2494 2504 et
2526 2448 2606 2505 ibi
2649 2465 2785 2506 eum
2817 2449 2992 2505 factio
3029 2447 3270 2512 Veneta,
3314 2445 3484 2516 cujus
3514 2443 3789 2499 tribunus

2135 2535 2501 2610 chlamydem
2535 2537 2824 2594 Venetam
2862 2541 3072 2609 gestat,
3116 2534 3350 2607 excipit,
3398 2538 3456 2590 et
3498 2549 3600 2604 pro
3632 2546 3790 2588 more

2135 2630 2266 2681 acta
2310 2625 2564 2683 celebrat
2597 2631 2656 2682 et
2683 2627 2986 2695 acclamat,
3039 2625 3193 2698 quod
3227 2624 3402 2680 etiam
3438 2621 3784 2679 transitoria:

2135 2714 2408 2770 factionis
2437 2715 2732 2786 principes
2763 2720 2820 2770 et
2849 2714 3226 2770 Prasinorum
3265 2713 3540 2768 tribunus
3571 2725 3786 2766 secun-

2135 2803 2274 2858 dum
2299 2803 2558 2860 ordinem
2585 2819 2759 2859 suum
2793 2803 3032 2860 faciunt.
3061 2805 3418 2875 Imperatore
3451 2815 3653 2857 rursus
3683 2813 3784 2872 per

2134 2891 2363 2947 scholas
2394 2897 2448 2948 et
2465 2908 2604 2948 excu
2619 2892 2745 2948 bias
2766 2893 3148 2965 digrediente,
3181 2899 3419 2948 senatus
3449 2889 3530 2945 ibi
3561 2889 3618 2945 in
3650 2904 3786 2945 con-

2135 2984 2368 3040 sistorio
2415 2985 2598 3051 adest,
2646 2985 2890 3042 dicens:
2938 3005 2964 3038 α
3015 2984 3081 3041 In
3114 2983 3301 3041 multa
3349 2984 3621 3054 bonaque
3649 2988 3788 3038 tem-

2135 3089 2298 3144 pora,
2333 3096 2363 3124 »
2395 3078 2452 3130 et
2490 3073 2573 3129 ibi
2604 3079 2825 3140 manet,
2866 3072 3318 3130 cerimoniarius
3347 3089 3484 3129 vero
3516 3077 3574 3128 et
3603 3070 3782 3127 silen-

2133 3163 2289 3217 tiarii
2321 3162 2383 3218 in
2417 3162 2704 3234 on0podio
2749 3163 3099 3234 subsistunt,
3131 3169 3188 3220 et
3234 3162 3567 3235 imperatori
3598 3160 3790 3218 accla-

2135 3259 2336 3307 mant:
2390 3252 2619 3324 patricii
2658 3268 2795 3309 vero
2843 3261 2898 3308 et
2949 3253 3187 3326 strategi
3238 3252 3299 3308 in
3344 3256 3511 3308 steno
3562 3255 3788 3307 stantes

2134 3356 2297 3413 isque
2329 3357 2393 3396 ac
2426 3348 2667 3398 senatus
2698 3342 3026 3398 acclamant
3054 3346 3112 3397 et
3139 3341 3220 3397 ibi
3240 3343 3586 3413 {remanent
3616 3339 3786 3396 Cubi-

2135 3429 2376 3486 culariis
2408 3447 2542 3487 vero
2593 3435 2942 3504 augusteum
2993 3430 3300 3504 ingressis,
3338 3434 3397 3486 et
3424 3430 3494 3486 ad
3539 3431 3783 3486 formam

2137 3519 2343 3575 littera:
2387 3520 2435 3575 ΙΙ
2477 3521 2797 3588 stantibus,
2847 3521 3200 3592 imperatore
3245 3519 3538 3586 veniente,
3588 3519 3786 3577 statim

357 3628 547 3681 μενοι,
599 3605 783 3682 ὥσπερ
833 3610 870 3678 ἡ
927 3605 1262 3684 σύγκλητος,
1348 3607 1437 3662 καὶ
1517 3606 1760 3680 μένουσιν
1831 3603 2020 3661 ἐκεῖσε.

2142 3623 2360 3681 magna:
2384 3613 2558 3680 portae
2575 3609 2846 3681 augustei
2863 3609 3242 3678 clauduntur,
3259 3614 3316 3666 et
3337 3609 3506 3680 signo
3529 3617 3787 3682 accepto,

349 3701 475 3752 Τῶν
506 3693 568 3751 δὶ
595 3700 693 3752 τοῦ
721 3691 1128 3752 κουϐουκλείου
1185 3693 1537 3752 εἰσελθόντων
1577 3695 1654 3757 εἰς
1694 3695 1784 3750 τὸν
1831 3693 2028 3768 αὔγου-

351 3787 482 3843 στέα
541 3787 635 3842 καὶ
702 3789 938 3843 στάντων
995 3784 1152 3858 δίκην
1201 3786 1300 3844 τοῦ
1358 3793 1402 3843 Π
1456 3785 1761 3862 στοιχείου,
1806 3785 2024 3840 καὶτοῦ

356 3875 640 3952 βασιλέως
674 3877 1041 3945 εἰσελθόντος,
1083 3879 1283 3940 εὐθέως
1322 3879 1377 3932 αἱ
1413 3876 1647 3954 μεγάλαι
1699 3874 1871 3931 πύλαι
1927 3875 2026 3932 τοῦ

361 3967 712 4044 αὖγουστέως
753 3965 1170 4046 ἄσφαλίζονται,
1201 3967 1292 4023 καὶ
1343 3961 1527 4022 Λαϐὼν
1566 3970 1741 4040 νεῦμα
1802 3967 1830 4020 6
1863 3986 2028 4041 πραι-

370 4055 616 4129 πὶσιτος,
650 4055 797 4132 λέγει
828 4059 1113 4131 Ῥωμαϊκῇ
1147 4052 1440 4130 διαλέκτῳ
1479 4079 1503 4110 α
1540 4055 1629 4111 Βίτ
1663 4057 1799 4130 (88)’
1828 4079 1856 4109 ›)
1886 4055 2029 4110 ἀπο-

362 4145 566 4218 κριθεὶς
605 4143 667 4201 δὶ
687 4151 793 4200 τῶν
825 4151 923 4202 τοῦ
944 4141 1338 4202 κουϐουκλείου
1369 4146 1450 4208 τῖς
1481 4144 1645 4221 λέγει’
1682 4169 1712 4196 ‹‹
1745 4143 1970 4214 Καλῶς,
1997 4167 2026 4196 ››

356 4234 449 4288 καὶ
481 4235 536 4289 οἱ
568 4238 668 4290 τοῦ
715 4231 1114 4290 κουϐουκλείου
1163 4234 1548 4309 ἀποκριθέντες
1605 4231 1831 4307 λέγουσι
1885 4235 2027 4288 Ῥω-

361 4323 573 4394 μαϊστί·
605 4349 634 4378 ι(
691 4324 924 4400 ’Πλθὲσῃ
976 4326 1252 4398 μούκτους
1308 4323 1500 4387 ἔννους
1553 4322 1960 4402 φιλληκῆσιμε.
1996 4344 2025 4373 ››

361 4410 484 4467 Εἶθ’
515 4413 691 4476 οὕτως
724 4413 1032 4489 εἰσέρχεται
1064 4415 1092 4469 6
1154 4412 1410 4489 βασιλεὺς
1456 4414 1532 4475 εἷς
1582 4414 1644 4468 τὸ
1695 4413 2026 4486 ὁκτάγωνον,

357 4500 453 4555 καὶ
507 4497 781 4564 λαϐόντος
817 4508 917 4559 τοῦ
963 4502 1329 4578 πραιποσίτου
1387 4503 1452 4558 τὸ
1511 4501 1730 4575 στέμμα
1791 4502 1896 4556 ἀπὸ
1927 4509 2030 4572 τῆς

351 4589 606 4667 κεφαλῆς
664 4595 761 4646 τοῦ
821 4590 1114 4668 βασιλέως,
1169 4592 1510 4668 εἰσέρχονται
1571 4593 1622 4646 οἱ
1699 4591 2028 4666 βεστήτορες

349 4681 451 4736 καὶ
511 4678 924 4737 ἀπαλλάσσουσι
975 4684 1070 4752 τήν
1136 4678 1372 4756 χλανίδα
1431 4679 1617 4740 αὐτοῦ.
1677 4681 1797 4744 Εἶθ’
1845 4678 2021 4742 οὕτως
2082 4679 2387 4756 εἶσέρχεται
2447 4677 2522 4741 εἰς
2578 4679 2672 4734 τὸν
2749 4682 2988 4734 κοιτῶνα
3070 4679 3258 4734 αὐτοῦ.

2138 3697 2486 3768 praepositus
2527 3696 2732 3769 lingua
2783 3697 3048 3755 Romana
3093 3697 3270 3755 dicit:
3320 3719 3350 3749 ‹‹
3403 3697 3516 3764 Fit,
3551 3717 3580 3748 ››
3633 3715 3791 3755 unus

2139 3790 2337 3842 autem
2396 3803 2427 3842 e
2486 3786 2862 3844 cubiculariis
2904 3803 2918 3843 :
2971 3809 3000 3839 «
3045 3786 3219 3855 Bene,
3270 3809 3298 3838 ››
3349 3787 3538 3843 caeteri
3587 3785 3788 3859 lingua

2138 3875 2396 3931 Romana
2447 3877 2846 3948 respondent:
2900 3898 2929 3927 «
2974 3877 3174 3933 Venias
3225 3876 3282 3931 in
3332 3874 3550 3932 multos
3599 3891 3788 3931 annos

2141 3963 2501 4020 felicissime.
2532 3986 2560 4015 »
2592 3965 2686 4021 Sic
2728 3969 3040 4037 postquam
3089 3965 3408 4036 imperator
3434 3968 3787 4036 octagonum

2138 4053 2399 4123 intravit,
2431 4056 2772 4126 praepositus
2821 4071 3094 4111 coronam
3140 4070 3171 4110 e
3211 4053 3396 4124 capite
3425 4055 3553 4125 ejus
3584 4053 3790 4124 demit,

2141 4149 2196 4198 et
2241 4143 2547 4198 vestitores
2595 4142 2842 4213 ingressi
2891 4143 3151 4199 tunicam
3198 4146 3325 4213 ejus
3373 4148 3622 4210 mutant,
3660 4158 3790 4199 mox

2139 4230 2479 4286 cubiculum
2513 4249 2686 4288 suum
2717 4233 2876 4304 petit,
2909 4233 3066 4288 unde
3087 4248 3361 4305 egressus
3391 4232 3711 4298 accumbit,
3733 4235 3792 4286 et

2139 4335 2383 4390 surgens
2413 4335 2554 4391 sago
2587 4337 2690 4376 suo
2740 4320 3005 4376 induitur
3033 4327 3110 4390 et,
3156 4322 3517 4377 manclavilis
3547 4325 3605 4376 et
3633 4319 3794 4375 cubi-

2138 4411 2378 4470 culariis
2412 4411 2853 4478 comitantibus,
2885 4410 3161 4482 palatium
3203 4411 3403 4467 intrat.
3435 4408 3789 4467 Cubicularii

2138 4503 2199 4559 in
2249 4518 2428 4558 aureo
2482 4502 2734 4557 triclinio
2793 4506 3036 4568 stantes,
3096 4503 3350 4558 dicunt:
3413 4522 3441 4552 «
3480 4502 3544 4556 In
3605 4497 3793 4556 multa

2141 4594 2413 4664 bonaque
2442 4597 2727 4662 tempora,
2755 4612 2779 4644 ι
2814 4598 2870 4646 et
2900 4607 3102 4646 omnes
3133 4589 3374 4646 domum
3408 4591 3645 4646 abeunt.

3345 4677 3477 4734 Εἶτα
3557 4675 3788 4749 ἐξελθὼν

355 4765 712 4843 ἀκουμϐίζει,
776 4773 868 4828 καὶ
925 4772 1155 4835 ἀναστὰς
1204 4766 1597 4848 περιϐάλλεται
1665 4772 1727 4827 τὸ
1795 4769 1982 4847 σαγίον
2051 4769 2240 4843 αὐτοῦ,
2299 4771 2390 4826 καὶ
2430 4765 2860 4846 δηριγευόμενος
2923 4770 3027 4827 ὑπὸ
3077 4791 3136 4826 τε
3186 4774 3283 4826 τοῦ
3344 4766 3654 4848 μαγλαϐίου
3700 4777 3788 4833 καὶ

354 4866 468 4916 τῶν
519 4864 620 4915 τοῦ
665 4857 1084 4935 κουϐουκλείου,
1139 4860 1441 4938 εἰσέρχεται
1499 4861 1576 4924 εἰς
1621 4863 1683 4917 τὸ
1741 4860 2029 4917 παλάτιοψ
2064 4862 2117 4916 οἱ
2175 4858 2232 4916 δὲ
2279 4863 2382 4916 τοῦ
2444 4855 2859 4931 κουϐουκλείου,
2904 4863 3118 4924 στάντες
3176 4859 3228 4917 έν
3278 4865 3360 4935 τῷ
3389 4862 3794 4941 χρυσοτρικλί-

365 4970 465 5022 νῳ,
497 4950 726 5027 λέγουσι
753 4953 836 5008 τὸ·
878 4975 904 5008 0
935 4951 1030 5014 Εἰς
1062 4949 1312 5016 πολλοὺς
1339 4953 1430 5008 καὶ
1452 4951 1685 5028 ἀγαθοὺς
1715 4951 1976 5028 χρόνους,
2008 4975 2037 5004 ››
2068 4951 2160 5008 καὶ
2187 4952 2468 5028 ἀναχωρεῖ
2494 4951 2721 5016 ἕκαστος
2752 4953 2826 5015 εἰς
2856 4952 2950 5008 τὸν
2982 4952 3132 5010 οἰκον
3163 4951 3351 5011 αὐτοῦ.

1750 5080 1994 5137 VARIZE
2033 5080 2420 5139 LECTIONES

436 5197 482 5234 “
523 5196 820 5267 ἀσπάζεται
853 5230 920 5244 -
953 5196 1234 5255 κατελθὼν
1267 5216 1384 5258 om.
1414 5200 1507 5257 ed.

1594 5197 1641 5234 ⁸⁸
1667 5199 1731 5253 τὸ
1756 5199 1904 5270 νὰμα
1933 5200 2090 5270 cod.,
2118 5198 2208 5253 τὸν
2241 5199 2354 5271 ἅμα
2393 5199 2485 5256 ed.

2562 5199 2609 5236 ⁸ο
2645 5219 2703 5255 τε
2725 5217 2813 5257 om
2843 5201 2935 5258 ed.

1416 5324 1612 5383 JOAN.
1645 5325 1790 5385 JAC.
1826 5325 2092 5384 REISKII
2126 5325 2724 5383 COMMENTARIUS.

368 5428 460 5505 Du
493 5429 691 5505 Gange
720 5431 777 5484 et
808 5428 1040 5484 Habert.
1087 5426 1361 5505 Hodi_e_ir_x
1393 5427 1808 5505 communione
1839 5432 2037 5505 nostra
2067 5430 2113 5495 1)
2145 5425 2315 5482 ristia
2355 5431 2758 5505 consecratum
2810 5424 2873 5505 -r_6_
2923 5423 3344 5505 τίμιον-δῶρον·
3371 5434 3428 5486 et
3473 5429 3574 5498 τήν
3608 5429 3798 5505 τιμίᾳν

367 5500 457 5572 ιὰ,
478 5499 731 5572 scabella
760 5517 872 5556 arae
905 5505 1200 5572 pratense
1229 5497 1354 5554 bini
1375 5497 1672 5572 scholares
1690 5499 1856 5572 pueri
1880 5504 2034 5555 stare

369 5571 594 5637 solent,
627 5571 763 5644 hinc
783 5569 946 5628 illinc
966 5569 1212 5644 singuli,
1233 5573 1292 5644 et
1311 5569 1820 5644 praetenderegsubg
1838 5575 2033 5628 mento

373 5643 870 5702 communicantis
929 5642 1050 5700 tate
1071 5641 1478 5714 idaminicale,
1540 5658 1612 5699 ne
1669 5641 1884 5714 hostia,
1935 5649 2032 5700 aut

376 5718 550 5786 gutta
572 5714 695 5771 vini
723 5715 784 5772 in
816 5722 1036 5774 terram
1067 5713 1321 5770 decidat.

449 5785 569 5861 (87)
597 5787 782 5844 Greci
811 5789 1103 5854 recentes,
1125 5787 1194 5842 ut
1224 5798 1436 5854 corpus
1467 5784 1682 5843 Christi
1711 5785 1773 5843 in
1803 5784 2031 5863 Euchae

2145 5497 2462 5584 προσφοράν
2494 5497 2812 5584 appellant,
2832 5499 2918 5584 ita
2947 5497 3246 5584 appellant
3271 5497 3799 5584 v_in_umthnsec_ra~

2144 5569 2788 5652 Eum‘vapanjaticgm.
2832 5569 3109 5644 Exempla
3147 5571 3321 5629 habet
3349 5579 3437 5631 Du
3469 5573 3660 5646 Gange
3703 5575 3793 5631 Gl.

2147 5641 2245 5698 Gr.
2280 5641 2339 5698 h.
2372 5656 2448 5707 v.,
2473 5641 2573 5696 ubi
2604 5641 2720 5697 vid.
3014 5641 3032 5644 “
3474 5681 3479 5686 .

2219 5713 2335 5784 (88)
2364 5711 2494 5770 Vid.
2529 5715 2650 5770 not.
2687 5711 2783 5769 ad.
2816 5730 2874 5785 p.
2908 5714 2998 5770 42.
