4158 6406
409 461 524 520 3η

1282 455 1381 516 DE
1438 455 1908 518 GERIMONHS
1956 455 2190 517 AULIE
2232 455 2714 525 ΒΥΖΑΜΝΤᾹΞ
2757 467 2902 528 LIB.
2953 469 3001 527 Ι.

3730 466 3847 528 378

403 596 591 664 νεῦμα
629 590 656 643 ὁ
687 589 1080 664 πραιπόσιτος,
1133 586 1282 664 λέγει
1334 593 1450 648 τοῖς
1500 587 1752 663 ἱερεῦσιν,
1785 587 1934 649 ὅπως
1974 586 2073 663 ἄρ-

2185 590 2441 647 ofﬁcium
2467 600 2674 665 praeter
2694 599 2970 670 patricios
2992 603 3049 656 et
3080 598 3468 658 cubicularios
3500 615 3568 658 ea
3597 618 3840 676 vespera

403 681 610 752 ξωνται
638 684 747 748 τῆς
778 679 924 736 θείας
959 675 1306 752 λειτουργίας
1359 676 1436 740 εἲς
1462 679 1553 731 τὸν
1586 677 1712 730 ναὸν
1745 680 1842 731 τοῦ
1872 675 2067 750 Ἀγίου

2181 681 2528 737 mutatorias
2557 683 2772 740 induit.

404 769 711 847 Στεφάνου,
764 767 817 823 ἐν
878 769 924 840 ᾤ
984 768 1013 823 6
1072 766 1341 843 ἁγιασμὸς
1388 765 1647 821 τελεῖται.
1711 765 1804 828 El:
1847 762 1903 820 δὲ
1956 765 2050 820 τὸν
2107 765 2413 841 αὐγουστέα
2444 772 2524 842 (1)
2565 773 2658 826 καὶ
2698 771 2774 836 εἷς
2821 774 2884 829 τὸ
2933 775 3325 850 κονσιστώριον
3371 774 3738 833 ἀλλάσσουσιν
3785 779 3838 833 οἱ

395 863 687 931 πατρίκιοι
755 858 846 914 καὶ
910 857 1094 933 μόνον·
1143 861 1214 932 τῇ
1253 856 1356 932 γὰρ
1425 856 1623 932 ἐσπέρᾳ
1680 853 1855 931 ἐκείνῃ
1916 853 2057 912 ἄλλο
2128 855 2383 936 ὀφφίκιον
2441 861 2545 916 οὐκ
2600 861 2886 934 ἂλλάσσει,
2930 864 2974 920 εἷ
3036 867 3113 939 μή
3173 867 3225 922 οἱ
3282 867 3559 944 πατρίκιοι
3618 869 3707 924 καὶ
3774 869 3838 925 τὸ

396 947 824 1006 κουϐοὖκλειον.

475 1043 550 1098 Β’.
585 1041 647 1098 Ὁ
680 1037 738 1095 δὲ
772 1038 1032 1114 βασιλεὺς
1074 1044 1256 1115 φορῶν
1302 1038 1365 1094 τὸ
1413 1033 1741 1109 διϐητήσιον
1776 1039 1945 1094 αὐτοῦ
1975 1039 2066 1092 καὶ

401 1132 468 1184 16
497 1128 833 1200 τζιτζάκιον,
864 1129 1079 1183 ’ἰσταται
1111 1128 1186 1189 εἶς
1231 1130 1294 1184 16
1330 1127 1664 1202 ὀκτάγωνον,
1699 1126 1932 1182 ἐκτελῶν
1963 1129 2062 1196 τήν

411 1219 555 1284 θείαν
615 1217 984 1294 λειτουργίαν·
1044 1214 1388 1288 τελεσθείσης
1464 1214 1521 1272 δὲ
1591 1223 1690 1286 τῆς
1747 1217 1891 1278 θείας
1948 1214 2065 1270 λει-

419 1307 692 1384 τουργίας,
731 1307 1038 1383 εἰσέρχεται
1091 1309 1118 1362 6
1171 1307 1520 1382 πατριάρχοης
1565 1306 1642 1368 εἷς
1670 1306 1762 1360 τὸν
1799 1306 1926 1360 ναὸν
1966 1309 2065 1360 τοῦ

421 1401 606 1472 Ἀγίου
673 1397 966 1472 Στεφάνου,
1043 1398 1131 1452 καὶ
1205 1397 1504 1470 ἀρξαμένου
1590 1395 1758 1451 αὐτοῦ
1829 1393 2064 1450 ἐκτελεῖν

411 1489 510 1556 τήν
552 1486 799 1561 μεγάλην
831 1485 1007 1566 εὐχὴν
1047 1490 1143 1540 τοῦ
1193 1487 1483 1562 ἁγιασμοῦ,
1516 1481 1830 1540 ἐπιδίδωσιν
1865 1480 2062 1545 εὐθέως

402 1580 430 1632 6
464 1578 828 1648 πραιπόσιτος
867 1581 950 1649 τῷ
1003 1575 1221 1652 βασιλεῖ
1260 1577 1448 1652 κηρία,
1496 1575 1588 1631 καὶ
1627 1573 1840 1630 ’ίσταται
1893 1575 1920 1630 ὁ
1965 1575 2063 1649 βα-

397 1665 590 1729 σιλεὺς
623 1659 846 1730 ὄπισθέν
895 1667 995 1734 τῆς
1039 1659 1456 1739 κολυμϐήθρας,
1495 1660 1598 1727 ἕως
1638 1661 1697 1718 ἂν
1745 1661 1999 1736 ἐκτελέσῃ
2035 1662 2063 1718 ὁ

395 1755 763 1831 πατριάρχης
816 1755 1022 1809 ἅπασαν
1070 1756 1169 1822 τήν
1223 1755 1421 1830 εὐχὴν,
1463 1755 1514 1808 οἱ
1563 1751 1619 1808 δὲ
1661 1753 2063 1828 πρωτοσπαϐάο

393 1866 509 1920 ριοι
543 1846 601 1900 οἱ
634 1844 893 1920 εὐνοῦχοι
939 1841 1158 1907 ὄπισθεν
1207 1847 1304 1898 τοῦ
1357 1841 1627 1917 βασιλέως
1665 1844 1910 1898 ἳστανται
1953 1841 2062 1913 ἡλ-

2249 1040 2317 1096 ll.
2364 1043 2684 1114 Imperator
2725 1046 3005 1104 dibetesio
3037 1053 3093 1104 et
3116 1050 3380 1107 tzitzacio
3419 1066 3528 1106 suo
3559 1051 3831 1118 indutus,

2176 1128 2235 1183 in
2269 1132 2578 1204 ociangulo
2612 1139 2799 1201 stans,
2833 1153 3051 1192 sacram
3087 1135 3386 1210 liturgiam
3419 1139 3692 1206 celebrat,
3717 1156 3834 1212 qua

2178 1217 2366 1288 ﬁnita,
2415 1221 2747 1291 patriarcha
2793 1224 3080 1296 templum
3126 1231 3182 1281 S.
3233 1227 3510 1298 Stephani
3556 1229 3718 1300 petit,
3774 1232 3831 1284 et

2175 1311 2492 1379 postquam
2517 1327 2763 1383 magnas
2779 1330 2978 1385 preces
2994 1315 3449 1372 consecrationis
3466 1333 3708 1372 exorsus
3721 1322 3830 1385 est,

2175 1399 2520 1468 praepositus
2561 1400 2900 1472 imperatori
2941 1419 3138 1460 cereos
3178 1405 3379 1476 tradit,
3420 1407 3521 1477 qui
3566 1411 3697 1479 post
3747 1406 3832 1462 la-

2175 1487 2343 1544 brum
2377 1491 2725 1561 baptisterii,
2751 1509 2934 1565 usque
2959 1495 3100 1550 dum
3125 1496 3461 1568 patriarcha
3485 1513 3682 1568 preces
3710 1497 3834 1553 uni-

2172 1592 2367 1634 versas
2400 1579 2604 1650 ﬁnivit,
2629 1583 2918 1650 subsistit,
2940 1585 3392 1655 protospatharii
3425 1590 3618 1642 autem
3641 1601 3830 1642 eunu-

2174 1666 2269 1723 chi
2308 1683 2456 1738 pone
2495 1668 2909 1742 imperatorem
2953 1673 3010 1727 in
3044 1674 3398 1745 mutatoriis,
3435 1690 3598 1747 aeque
3633 1691 3698 1731 ac
3730 1690 3832 1746 pa-

2174 1755 2349 1824 tricii,
2399 1774 2592 1815 cereos
2642 1759 3048 1830 imperatorias
3095 1768 3380 1833 tenentes,
3431 1769 3644 1820 astant.
3694 1764 3832 1820 Pre-

2173 1846 2402 1901 catione
2431 1847 2618 1915 ﬁnita,
2643 1849 2958 1921 imperator
2988 1867 3136 1922 quos
3167 1855 3435 1907 tenuerat
3463 1867 3660 1908 cereos
3692 1868 3832 1924 prai-

399 1904 402 1920 ι
801 1901 840 1920 ι.
1079 1901 1097 1907 ν
1358 1901 1367 1917 ι
1614 1901 1625 1905 -
1976 1901 1986 1913 ι

399 1932 684 2010 λαγμένοι
742 1933 1004 1995 ὡσαύτως
1043 1933 1130 1986 καὶ
1172 1932 1224 1986 οἱ
1264 1932 1543 2006 πατρίκιοι
1593 1930 1866 1998 ἵστανται,
1925 1952 2056 2006 κρα-

2173 1933 2384 2005 posito,
2418 1935 2516 1991 hic
2548 1901 2973 2006 sacerdotibus,
2994 1901 3823 2012 ἐἶᾳὲὲῶ

391 2028 625 2086 τοῦντες
667 2022 877 2098 κηροὺς
911 2021 1252 2098 βασίλικους.
1286 2020 1648 2090 Τελεσθείσης
1701 2020 1759 2076 δὲ
1806 2029 1906 2092 τῆς
1957 2022 2054 2076 εὐ-

384 2121 524 2189 χῆς,
561 2109 886 2168 ἐπιδίδωσιν
955 2113 984 2166 6
1057 2111 1315 2186 βασιλεὺς
1381 2116 1462 2184 τῷ
1525 2110 1871 2186 πραιποσίτῳ
1920 2111 2053 2185 ἅπερ

383 2205 623 2278 κατέχει
653 2201 846 2276 κηρία,
905 2203 934 2256 6
991 2198 1048 2256 δὲ
1105 2200 1463 2277 πραιπόσιτος
1512 2207 1629 2263 τοῖς
1685 2201 1906 2276 ἱερεῦσι,
1965 2201 2055 2254 καὶ

386 2289 586 2350 λαϐὼν
633 2293 663 2348 6
709 2292 1061 2368 πατριάρχης
1111 2290 1372 2368 ἁγίασμα,
1423 2287 1634 2370 ἐπιχέει
1674 2289 1725 2346 ἐν
1769 2296 1885 2353 ταῖς
1926 2309 2056 2365 χερ-

388 2384 441 2438 σὶ
491 2386 597 2437 τοῦ
643 2381 939 2456 βασιλέως,
990 2381 1018 2434 6
1059 2376 1116 2435 δὲ
1159 2377 1416 2454 βασιλεὺς
1457 2379 1755 2454 νιψάμενος
1801 2381 1896 2443 τὰς
1933 2385 2054 2455 χεῖ-

391 2495 487 2549 ρας
519 2473 620 2529 καὶ
667 2475 773 2542 τήν
809 2470 1053 2546 κεφαλὴν
1099 2471 1328 2546 ἀλείψας
1375 2472 1464 2526 καὶ
1511 2472 1574 2528 τὸ
1616 2473 1933 2546 πρόσωπον,
1966 2472 2056 2527 καὶ

391 2564 438 2618 εἰ
495 2561 673 2631 θέλει,
732 2562 872 2617 πιὼν
924 2562 977 2631 ἐξ
1025 2559 1212 2630 αὐτοῦ,
1254 2561 1725 2637 προσκυνήσαντες
1755 2560 2055 2641 ἀμφότεροι

393 2651 692 2723 ἀλλήλους
732 2652 761 2705 6'
810 2671 870 2706 τε
904 2649 1161 2725 βασιλεὺς
1200 2649 1288 2704 καὶ
1333 2651 1361 2706 6
1402 2651 1772 2726 πατριάρχης,
1814 2653 2057 2727 ἀπέρχε-

402 2758 487 2791 ται
523 2738 622 2810 μὶν
673 2737 704 2792 6
760 2735 1019 2810 βασιλεὺς
1069 2734 1145 2797 εἲς
1191 2736 1282 2791 τὸν
1351 2741 1588 2792 κοιτῶνα
1627 2736 1814 2807 αὐτοῦ,
1843 2737 2058 2792 κάκεῖσε

415 2822 558 2880 ἔνδον
595 2831 687 2882 τοῦ
737 2825 918 2903 βήλου
985 2825 1156 2890 ἑστὼς
1209 2823 1496 2902 ἐκδέχεται
1551 2828 1647 2882 τὸν
1685 2829 2057 2908 πατριάρχην,

421 2914 530 2978 ’έως
587 2915 643 2971 ἂν
684 2919 779 2988 τὴν
823 2915 1127 2989 διακονίαν,
1181 2914 1352 2994 ἤγουν
1389 2922 1486 2974 τοῦ
1525 2917 1763 2994 έπιχέειν
1790 2921 1852 2976 τὸ
1894 2921 2058 2997 ἁγία-

422 3027 552 3079 agn,
592 3006 941 3083 ἐκπληρώσῃ,
983 3007 1059 3069 εί¹ς
1115 3027 1176 3062 τε
1221 3007 1348 3069 τοὺς
1407 3008 1750 3084 πατρικίους,
1817 3011 1906 3065 καὶ
1963 3015 2059 3066 τοῦ

404 3091 803 3153 κουϐουκλείου
864 3098 965 3171 (2),
1025 3095 1371 3172 στρατηγούς
1432 3118 1489 3152 τε
1549 3098 1637 3152 καὶ
1679 3096 2055 3173 δομεστίκους.

395 3187 508 3250 Εἶθ’
549 3187 698 3242 οὕτω
771 3188 965 3261 μηνύει
1021 3189 1050 3242 6
1108 3187 1471 3264 «parturientes
1520 3193 1600 3262 τῷ
1671 3187 1910 3265 βασιλεῖ,
1968 3192 2060 3246 καὶ

2167 2022 2538 2083 benedictam
2567 2027 2744 2083 sumit
2774 2028 2955 2100 inque
2984 2045 3196 2084 manus
3225 2031 3593 2101 imperatoris
3623 2029 3828 2085 infun-

2169 2113 2274 2181 dit,
2305 2117 2404 2186 qui
2447 2133 2659 2172 manus
2699 2116 2870 2184 lavat,
2902 2123 3082 2190 caput
3121 2118 3448 2190 faciemque
3487 2117 3738 2190 inungit,
3771 2123 3830 2176 et

2165 2203 2322 2272 inde,
2352 2206 2402 2260 si
2435 2205 2642 2277 placet,
2677 2206 2847 2262 bibit.
2883 2207 3199 2280 Postquam
3228 2224 3365 2264 vero
3395 2224 3456 2264 se
3489 2212 3691 2264 mutuo
3721 2208 3829 2264 im"

2167 2299 2401 2365 perator
2447 2299 2505 2350 et
2557 2296 2892 2368 patriarcha
2949 2298 3290 2368 adorarunt,
3337 2297 3435 2354 ille
3490 2298 3822 2355 cubiculum

2167 2399 2338 2440 suum
2374 2386 2535 2457 petit,
2577 2389 2636 2440 et
2667 2384 2744 2440 ibi
2794 2385 2947 2441 intra
2989 2387 3180 2443 velum
3227 2391 3584 2444 constitutus
3615 2403 3828 2459 exspe-

2169 2477 2306 2540 ctat,
2359 2474 2498 2530 dum
2562 2475 2894 2546 patriarcha
2948 2477 3208 2533 ofﬁcium
3267 2493 3430 2548 aqum
3481 2477 3824 2546 benedictae,

2170 2561 2454 2634 patriciis,
2495 2563 2896 2632 cubiculariis,
2932 2565 3202 2639 strategis
3234 2571 3292 2622 et
3335 2567 3675 2623 domesticis
3720 2567 3829 2622 im-

2168 2652 2507 2723 pertienda,
2539 2653 2870 2709 celebravit.
2899 2655 2988 2710 Sic
3020 2655 3371 2726 praepositus
3408 2656 3824 2728 imperatorem

2169 2742 2466 2811 admonet,
2509 2741 2860 2814 signumque
2900 2744 3211 2815 praeposito
3251 2745 3372 2812 dat,
3414 2744 3515 2815 qui
3555 2760 3829 2816 egressus

2169 2828 2567 2902 patriarcham
2601 2829 2676 2885 ad
2705 2829 3012 2887 ecclesiam
3045 2835 3230 2899 vocat,
3257 2839 3312 2886 et
3343 2836 3611 2903 uterque,
3639 2832 3828 2904 impe-

2170 2924 2329 2976 rator
2385 2924 2442 2975 et
2499 2919 2853 2992 patriarcha,
2894 2919 2953 2974 in
3014 2920 3390 2992 octangulum
3445 2921 3826 2991 conveniunt,

2171 3008 2270 3064 ubi
2321 3007 2419 3064 hic
2467 3007 2552 3063 illi
2604 3024 2816 3079 panem
2857 3008 3232 3065 benedictum
3272 3009 3464 3075 offert,
3509 3009 3829 3082 imperator

2171 3103 2366 3156 autem
2430 3102 2734 3169 sumptum
2790 3115 2823 3153 a
2881 3098 3192 3171 preposito
3246 3098 3662 3170 apocombium
3722 3115 3825 3170 pa-

2172 3188 2433 3246 triarchas
2464 3187 2660 3244 tradit.

393 3274 589 3333 δίδωσι
652 3283 828 3352 νεῦμα
881 3283 962 3351 τῷ
1018 3279 1390 3356 πραιποσίτῳ,
1457 3281 1705 3343 κάκεῖνος
1773 3279 2003 3352 ἐξελθὼν
2059 3280 2454 3358 προσκαλεῖται
2529 3277 2623 3333 τὸν
2678 3277 3028 3352 πατριάρχην
3111 3277 3162 3333 ἐν
3240 3281 3310 3352 τῇ
3387 3277 3675 3349 ἐκκλησιᾳ,
3735 3278 3826 3334 καὶ

388 3368 645 3425 ένοῦνται
707 3369 1008 3446 ἀμφότεροι
1066 3369 1096 3423 ’ὁ
1160 3390 1219 3424 τε
1281 3367 1536 3444 βασιλεὺς
1593 3368 1684 3424 καί
1741 3371 1768 3424 ὁ
1827 3372 2178 3449 πατριάρχης
2238 3369 2291 3425 ἐν
2343 3373 2422 3440 τῷ
2453 3366 2772 3443 ὁκταγώνῳ,
2803 3367 2892 3422 καὶ
2925 3363 3241 3423 ἐπιδίδωσιν
3274 3370 3302 3422 6
3341 3369 3694 3446 πατριάρχης
3748 3371 3830 3440 τῷ

390 3457 620 3532 βασιλεῖ
648 3457 926 3534 εὐλογίας.
986 3459 1014 3512 6
1064 3454 1120 3513 δὲ
1163 3456 1443 3534 βασιλεὺς,
1476 3453 1660 3514 λαϐὼν
1700 3461 1850 3536 παρὰ
1876 3466 1974 3516 τοῦ
2015 3458 2378 3537 πραιποσίτου
2410 3451 2780 3530 ἆποκὸμϐιον,
2812 3453 3096 3511 ἐπιδίδωσι
3125 3461 3204 3529 τῷ
3231 3476 3573 3534 πατριαρχῃ.

469 3553 540 3605 Γ’.
609 3548 743 3604 Εἶτα
803 3551 1168 3623 κρατήσαντες
1223 3545 1491 3618 ἀλλήλων
1540 3551 1634 3611 τὰς
1689 3554 1879 3624 χεῖρας
1933 3549 1964 3605 6'
1999 3573 2059 3607 τε

2247 3550 2350 3606 84
2382 3550 2481 3605 Ill.
2516 3549 2612 3604 Sic
2648 3548 2876 3619 junctis
2907 3548 3152 3604 invicem
3187 3551 3485 3616 manibus,
3511 3551 3830 3621 imperator

395 3636 665 3709 βασιλεὺς
725 3634 816 3690 καὶ
867 3636 896 3690 6
935 3635 1310 3711 πατριάρχης,
1364 3635 1678 3711 ἐξέρχονται
1741 3636 1908 3712 μέχρι
1962 3643 2059 3694 τοῦ

389 3723 772 3801 αὖγουστέως,
867 3723 957 3780 καὶ
1050 3726 1524 3800 προσκυνήσαντες
1619 3723 1904 3797 ἀλλήλους
1967 3729 2058 3783 καὶ

387 3814 794 3886 ἀσπασάμενοι,
856 3814 885 3869 6
945 3815 1040 3887 μὲν
1093 3815 1448 3893 πατριάρχης
1516 3813 1814 3890 ἀπέρχεται
1868 3815 1918 3871 ἐν
1987 3821 2056 3890 τῇ

387 3902 632 3980 Μεγάλῃ
683 3901 971 3975 ἐκκλησίᾳ,
1025 3900 1356 3974 διασώζουσι
1397 3902 1456 3959 δὲ
1493 3903 1659 3960 αὐτὸν
1713 3902 1808 3960 δύο
1850 3905 2058 3980 ἄρχον-

389 4015 472 4056 τες
527 3992 632 4049 τοῦ
679 3989 1078 4050 κουόουκλείου
1136 3994 1227 4050 καὶ
1287 3995 1315 4049 ὁ
1370 4001 1471 4064 τῆς
1528 3996 1908 4059 καταστάσεως
1963 3997 2056 4052 καὶ

392 4082 754 4158 σιλεντιάριοι
811 4080 907 4139 δύο
959 4083 1124 4160 μέγρι
1169 4088 1268 4140 τοῦ
1317 4081 1581 4147 ὀνόποδος
1609 4084 1644 4154 ἢ
1676 4083 1766 4140 καὶ
1807 4090 1903 4142 τοῦ
1933 4107 2056 4141 κον-

388 4174 713 4249 σισ-τωρίου.
761 4174 825 4231 Ὀ
880 4171 937 4228 δὲ
986 4173 1246 4248 βασιλεὺς
1284 4173 1579 4249 ἀπέρχεται
1631 4174 1684 4230 ἐν
1729 4180 1811 4248 τῷ
1861 4189 2058 4255 θεοφο-

389 4265 584 4338 λᾶκτῳ
627 4264 794 4320 αὑτοῦ
841 4261 1118 4336 παλατίῳ,
1166 4262 1259 4318 καὶ
1307 4257 1580 4336 ἐκϐαλὼν,
1633 4263 1692 4320 τό
1741 4285 1800 4321 τε
1837 4267 2056 4335 τζιτζά-

389 4376 516 4410 κιον
547 4354 645 4408 καὶ
684 4354 747 4409 τὸ
798 4347 1148 4423 διϐητήσιον,
1192 4347 1585 4427 περιϐάλλεται
1644 4354 2055 4431 σκαραμάγγιον

391 4442 672 4520 δίασπρον
723 4437 1130 4521 χρυσόκλαϐον,
1175 4442 1265 4497 καὶ
1311 4443 1407 4497 εἶθ’
1458 4441 1600 4498 οὕτω
1645 4445 1926 4513 καθέζεται
1966 4443 2054 4498 ἐπὶ

381 4541 496 4604 τῆς
528 4533 720 4606 τιμίας
771 4531 935 4588 αὐτοῦ
975 4531 1268 4607 τραπέζης.
1317 4532 1590 4596 Ὡσαύτως
1639 4530 2054 4588 ἀπαλλάσσουσι

384 4625 483 4681 καὶ
527 4624 582 4679 οἱ
643 4620 944 4698 πατρίκιοι,
998 4620 1088 4676 καὶ
1153 4617 1506 4695 ἐνδυσάμενοι
1559 4620 1627 4676 τὰ
1669 4622 2054 4699 σκαραμάγγια

386 4713 595 4785 αὐτῶν,
641 4711 981 4788 εἰσέρχονται
1024 4712 1077 4766 οἱ
1125 4708 1420 4782 κληθέντες
1476 4709 1552 4772 είς
1609 4711 1672 4766 τὸ
1710 4709 2048 4788 κλητώριονσ

392 4804 511 4860 άπὸ
567 4799 674 4879 γὰρ
721 4805 820 4872 τῆς
877 4799 1204 4872 Ἐκκλησίας
1253 4799 1532 4875 ἀλλάξιμα
1586 4797 1686 4857 οἷῖκ
1724 4800 1880 4872 εἰσιν,
1914 4802 1966 4857 οἱ
1996 4799 2054 4857 δὶ

383 4897 484 4949 τοῦ
547 4885 946 4947 κουϐουκλείου
993 4888 1222 4952 ἅπαντες
1273 4891 1682 4963 παραστάσιμον
1734 4889 1796 4944 οὐ
1853 4894 2050 4946 ποιοῦ-

399 5005 506 5042 σιν,
566 4979 769 5040 Ἰστέον
837 4976 915 5050 δὶ,
975 4980 1057 5034 ὅτι
1110 4983 1179 5054 τῇ
1239 4977 1438 5056 ἑσπέρᾳ
1495 4977 1697 5054 ἐκείνῃ,
1753 4976 1922 5055 ἤγουν
1975 4985 2045 5056 τῇ

398 5073 698 5148 παραμονῇ
731 5074 842 5124 τῶν
873 5069 1091 5147 φώτων,
1129 5068 1198 5124 τὰ
1233 5065 1514 5140 ἄλλάξιμα
1545 5064 1636 5123 διὰ
1663 5066 1871 5124 λευκῶν
1904 5069 2050 5145 χλα-

385 5159 582 5216 νιδίων
617 5157 929 5228 τελοῦνται,
981 5158 1033 5212 οἱ
1075 5155 1131 5213 δὶ
1178 5157 1458 5233 πατρίκιοι
1507 5160 1577 5230 τῇ
1631 5156 1830 5233 ἑσπέρᾳ
1867 5155 2043 5234 ἔκεινῃ

381 5251 446 5306 οὗ
507 5249 745 5328 φοροῦσι
805 5241 1066 5321 χλανίδια
1124 5238 1499 5320 χρυσόταϐλα,
1566 5239 1714 5298 ἀλλὰ
1785 5241 2047 5322 χλανίδια

2171 3645 2228 3696 et
2274 3638 2608 3712 patriarcha
2654 3639 2724 3695 ad
2777 3644 3131 3711 augusteum
3191 3654 3374 3710 usque
3419 3638 3656 3706 abeunt,
3702 3635 3830 3705 ubi,

2169 3734 2480 3801 postquam
2503 3743 2566 3784 se
2586 3726 2904 3783 adorarunt
2925 3726 3293 3799 osculatique
3315 3729 3476 3796 sunt,
3492 3726 3827 3799 patriarcha

2168 3819 2239 3874 ad
2282 3805 2555 3892 Magnam
2594 3815 2905 3873 ecclesiam
2946 3815 3090 3883 abit,
3123 3831 3380 3888 eumque
3419 3816 3535 3871 duo
3568 3813 3827 3886 profecti

2167 3906 2446 3977 cubiculi,
2470 3905 2922 3963 cerimoniarius
2951 3904 3182 3975 duoque
3213 3902 3520 3960 silentiarii
3543 3918 3732 3974 usque
3752 3900 3828 3959 ad

2167 3997 2491 4069 onopodem
2527 4011 2629 4052 seu
2661 3993 3068 4050 consistorium
3100 3992 3471 4049 comitantur.
3503 3993 3828 4066 Imperator

2167 4091 2363 4143 autem
2395 4085 2469 4142 ad
2518 4084 2796 4157 palatium
2831 4084 3003 4139 suum
3036 4099 3070 4139 a
3104 4083 3216 4140 Deo
3247 4081 3600 4140 custoditum
3631 4083 3826 4138 disce-

2164 4176 2270 4246 dit,
2302 4179 2595 4246 exutoque
2625 4172 2890 4229 tzitzacio
2917 4176 2976 4228 et
3005 4170 3311 4242 dibetesio,
3343 4171 3822 4243 scaramangium

2165 4263 2389 4332 album,
2420 4279 2595 4319 aureo
2634 4262 2796 4318 clavo
2836 4265 3133 4330 ornatum,
3167 4260 3360 4318 induit
3395 4264 3452 4317 et
3491 4260 3576 4316 sic
3619 4266 3822 4332 postea

2167 4353 2431 4425 pretiosa:
2457 4368 2674 4408 mensae
2704 4367 2824 4406 sua
2848 4350 3088 4408 assidet.
3111 4351 3204 4408 Sic
3224 4351 3400 4406 etiam
3434 4349 3662 4421 patricii
3695 4363 3824 4402 mn-

2165 4445 2309 4507 tant.
2343 4457 2570 4512 suaque
2615 4439 3026 4512 scaramangia
3053 4439 3268 4508 induti,
3299 4440 3484 4495 vocati
3517 4437 3588 4492 ad
3622 4436 3827 4492 convi-

2164 4531 2324 4588 vium
2357 4530 2605 4587 veniunt
2639 4547 2652 4586 :
2685 4530 2758 4586 ab
2789 4527 3044 4586 Ecclesia
3074 4528 3228 4584 enim
3264 4527 3619 4583 mutationes
3647 4523 3826 4582 nulla

2165 4621 2336 4690 ﬁunt,
2370 4637 2478 4678 nec
2515 4619 2859 4678 cubicularii
2889 4634 3094 4675 omnes
3125 4634 3192 4674 eo
3221 4617 3317 4673 die
3347 4617 3419 4672 ad
3451 4615 3824 4687 imperatoris

2163 4711 2440 4769 thronum
2482 4717 2691 4783 praesto
2742 4711 2902 4765 sunt.
2940 4709 3383 4765 Observandum
3426 4721 3564 4762 vero
3603 4711 3713 4774 est,
3752 4719 3823 4761 ea

2161 4816 2404 4872 vespera
2427 4815 2527 4858 seu
2559 4799 2761 4872 vigilia
2791 4797 3086 4854 luminum
3119 4797 3508 4854 mutationem
3540 4793 3688 4854 albis
3721 4798 3818 4850 tu-

2165 4889 2316 4946 nicis
2347 4889 2495 4957 fieri,
2519 4887 2796 4962 patricios
2825 4889 3021 4943 autem
3043 4903 3158 4943 non
3183 4886 3410 4944 tunicas
3432 4884 3628 4942 aureis
3652 4884 3819 4941 tabu-

2164 4979 2260 5048 lis,
2293 4979 2394 5036 sed
2438 4976 2746 5051 purpureis
2786 4980 3050 5050 gestare:
3085 4975 3160 5033 ob
3191 4977 3405 5034 festum
3444 4975 3602 5032 enim
3640 4974 3820 5030 lumi-

2161 5083 2307 5125 num
2354 5069 2671 5141 imperator
2707 5070 2764 5123 et
2803 5069 3050 5122 senatus
3087 5069 3278 5122 vestes
3329 5064 3492 5120 albas
3541 5063 3821 5134 induunt,

2157 5157 2382 5214 ostiarii
2435 5155 2793 5228 paragaudia
2840 5170 2946 5211 sua
2994 5155 3302 5226 virgasque
3360 5151 3823 5226 protospatharii

2159 5244 2415 5304 eunuchi
2448 5245 2734 5303 dibetesia
2756 5243 3117 5318 spathasque
3136 5249 3460 5318 gestantes,
3483 5247 3620 5301 ante
3641 5243 3820 5314 impe-

1436 5450 1632 5513 JOAN.
1672 5452 1819 5514 JAC.
1862 5452 2128 5516 REISKII
2183 5454 2768 5515 COMMENTARIUS.

444 5612 524 5682 (1)
576 5611 644 5666 In
689 5607 1092 5682 Augusteone,
1137 5607 1220 5682 u_t_
1247 5603 1524 5682 Augustas
1568 5601 1816 5682 palatio,
1860 5604 2057 5682 muta-

375 5673 520 5739 bant
563 5689 760 5738 vestes
785 5673 1042 5750 'patricii
1087 5673 1457 5750 cubicularii,
1483 5673 1964 5750 aut'_spadon_es_:
1997 5674 2059 5731 in

377 5752 752 5820 consistorio,
785 5743 892 5807 ὅου
936 5745 1386 5820 chrysotriclino
1430 5743 1621 5804 caeteri
1658 5743 1890 5821 patricii
1920 5744 2059 5803 bar-

377 5827 516 5886 bati.

2240 5602 2865 5675 (2)1ta_estjn_codice.
2890 5601 3290 5675 Grammatica
3319 5600 3540 5675 ﬂagitat
3567 5593 3657 5653 καὶ
3687 5595 3814 5659 τοὺς

2167 5667 2269 5749 τοῦ
2299 5667 2874 5749 ’κουϐουκλείουεβξᾴᾼ
2910 5692 3090 5749 supra
3114 5677 3238 5749 iam
3269 5667 3586 5749 habuimus
3623 5686 3816 5728 exem-

2171 5745 2265 5822 pla
2295 5747 2495 5805 omissi
2527 5745 2779 5805 articuli.
2808 5745 2942 5805 Vid.
2976 5744 3094 5804 not.
3117 5744 3220 5802 ad.
3253 5761 3311 5818 p.
3342 5744 3432 5802 61.
