4158 6396
367 409 485 468 383

1438 402 1964 467 CONS'I‘ANTINI
2012 401 2269 464 PORPH
2283 405 2489 465 YROG
2503 404 2706 465 ENITI

3657 407 3778 464 385

367 541 540 605 tacto,
595 553 657 592 se
707 536 956 592 invicem
1007 537 1271 602 adorant.
1311 541 1367 593 et
1409 537 1738 593 sacerdotes
1771 533 2013 606 ingressi

2133 530 2390 588 εἰσελθὼν
2423 535 2450 588 6
2481 536 2830 611 πατριάρχης
2873 535 2947 597 εἰς
2996 535 3088 590 τὸν
3115 537 3306 609 ’Ἅγιον
3359 533 3654 609 Στέφανον,
3689 535 3786 590 καὶ

367 625 624 682 stichum
645 625 885 693 faciunt,
917 631 1057 682 tunc
1073 626 1401 699 patriarcha
1426 642 1632 682 rursus
1648 627 1704 681 S.
1733 623 2016 694 Stephani

366 718 546 772 intrat
562 731 853 787 suumque
866 715 1276 788 omophorium
1298 716 1554 787 deponit.
1581 716 1900 786 Imperator
1918 728 2016 784 pa-

366 805 506 861 riter
535 820 744 875 sagum
779 821 953 859 suum
987 806 1166 872 exuit,
1201 809 1258 860 et
1288 805 1372 860 sic
1413 820 1619 859 rursus
1667 817 2018 858 conversan-

363 899 480 964 tur,
512 900 687 966 atque
717 913 748 949 a
771 895 1041 952 cubiculo
1074 896 1302 968 stipati,
1362 893 1766 968 egrediuntur,
1817 895 1874 946 et
1903 906 2018 945 una

361 985 422 1042 in
456 985 716 1040 accubito
776 1000 989 1039 mensae
1049 985 1396 1052 assidentes,
1449 981 1627 1038 semel
1661 981 1889 1037 bibunt.
1921 979 2016 1034 Sic

365 1083 564 1147 postea
579 1072 944 1145 prapositus,
959 1074 1128 1146 signo
1143 1074 1214 1129 ab
1229 1073 1576 1145 imperatore
1590 1075 1829 1142 accepto
1849 1068 2018 1123 mini-

361 1165 501 1220 stris
529 1164 766 1236 signum
801 1165 919 1230 dat,
943 1167 1000 1218 et
1029 1164 1267 1231 intrant,
1300 1163 1572 1234 idemque
1605 1165 1663 1217 et
1712 1159 1867 1232 apud
1889 1156 2016 1214 reli-

363 1269 510 1326 quos
541 1253 762 1308 amicos
794 1253 1156 1309 observatur.

2123 627 2222 676 τοῦ
2275 621 2546 698 βασιλέως
2608 622 2907 697 μέλλοντος
2955 619 3286 697 ἀκουμϐίσαι
3321 624 3395 687 εἰς
3425 625 3492 680 τὰ
3526 628 3590 690 ιθ’
3625 624 3791 680 ἁκού-

2130 705 2278 781 ϐιτα,
2325 712 2466 768 νεύει
2516 717 2597 786 τῷ
2649 713 3018 788 πραιποσίτῳ,
3067 713 3156 768 καὶ
3216 720 3608 790 προσκαλεῖται
3688 716 3784 771 τὸν

2128 800 2501 877 πατριάρχην,
2559 803 2648 857 καὶ
2724 801 2922 858 τούτου
2998 805 3312 879 γενομένου,
3384 801 3786 880 προσκυνῶσιν

2129 886 2440 960 ἀλλήλους,
2470 891 2560 946 καὶ
2611 892 2949 968 εἰσέρχονται
2999 894 3050 948 οἱ
3097 893 3286 967 ἱερεῖς,
3317 895 3407 948 καὶ
3457 894 3548 948 τὸν
3589 893 3782 968 στίχον

2127 980 2475 1049 ποιήσαντες,
2509 980 2814 1060 εἰσέρχεται
2868 980 3032 1036 πάλιν
3094 984 3121 1037 6
3157 983 3510 1062 πατριάρχης
3563 982 3641 1045 εἷς
3687 983 3781 1038 τὸν

2129 1068 2316 1144 Ἀγιον
2367 1070 2637 1146 Στέφανον
2683 1071 2773 1125 καὶ
2814 1065 3074 1126 ἐκϐάλλει
3121 1071 3186 1126 τὸ
3235 1070 3561 1150 ὠμοφόριον
3589 1072 3781 1131 αὐτοῦ.

2127 1156 2350 1229 Ομαίως
2397 1157 2485 1212 καὶ
2535 1160 2562 1213 6
2616 1157 2870 1233 βασιλεὺς
2930 1153 3191 1214 ἐκϐάλλει
3250 1161 3312 1215 τὸ
3369 1160 3550 1236 σαγίον
3609 1160 3776 1216 αὐτοῦ

2126 1245 2215 1300 καὶ
2263 1243 2508 1302 ἐνοῦνται
2559 1245 2743 1316 πάλιν,
2775 1249 2865 1303 καὶ
2916 1249 3007 1303 εἶθ’
3037 1250 3210 1311 οὕτως
3259 1248 3592 1325 ἐξέρχονται,
3648 1250 3776 1324 ὀψι-

360 1339 644 1412 κευόμενοι
697 1340 800 1394 ὑπὸ
858 1343 953 1394 τοῦ
1009 1334 1425 1410 κουϐουγλείου,
1457 1339 1546 1394 καὶ
1605 1331 2028 1409 ἂκουμϐίζουσιν
2084 1335 2135 1389 οἱ
2189 1332 2285 1389 δύο
2335 1334 2383 1409 ἐξ
2436 1335 2554 1391 ἴσου
2589 1339 2666 1410 (8)
2707 1336 2758 1391 ἐν
2800 1341 2879 1409 τῷ
2919 1333 3192 1410 ἀκουϐίτῳ
3240 1339 3328 1393 καὶ
3379 1337 3598 1394 πίνουσι
3645 1339 3784 1413 πρὸ)

362 1427 518 1498 ἅπαξ.
582 1426 679 1482 Καί
737 1428 840 1492 εἶθ’
897 1429 1044 1484 οὕτω
1103 1423 1288 1484 λαϐὼν
1343 1432 1514 1502 νεῦμα
1561 1429 1588 1482 6
1648 1425 2008 1502 πραιπόσιτος
2073 1424 2218 1498 παρά
2285 1429 2382 1479 τοῦ
2454 1424 2746 1502 βασιλέως,
2805 1426 2943 1482 νεύει
3002 1427 3100 1496 τὴν
3158 1427 3457 1502 ὑπουργίαν
3518 1428 3608 1483 καὶ
3674 1426 3788 1482 εἷσ-

361 1515 602 1594 έρχεται,
641 1522 803 1573 τοῦτο
835 1515 892 1573 δὲ
922 1524 1071 1574 ποιεῖ
1099 1520 1186 1574 καὶ
1222 1517 1310 1574 ἐπὶ
1341 1523 1448 1574 τὼν
1479 1517 1692 1573 λοιπῶν
1726 1516 1920 1595 φίλων.

436 1611 522 1666 IV.
557 1614 696 1666 Cum
727 1627 861 1666 vero
922 1628 1161 1684 surgere
1209 1611 1526 1683 imperator
1554 1611 1682 1665 vult
1730 1614 1786 1665 et
1842 1606 2014 1663 amici
2047 1610 2092 1674 Β

362 1699 577 1770 egressi
608 1704 764 1767 sunt,
790 1705 1096 1757 ramanent
1125 1701 1186 1766 ii,
1219 1700 1317 1772 qui
1343 1701 1401 1755 in
1432 1699 1832 1771 superioribus
1851 1713 2017 1752 accu-

363 1790 502 1846 bitis
531 1790 724 1847 locum
758 1795 981 1858 tenent,
1017 1791 1402 1864 metropolitaa
1432 1796 1509 1857 et,
1572 1791 1667 1862 qui
1701 1790 1756 1844 in
1808 1787 2018 1860 primis

363 1880 646 1936 accubitis
677 1881 747 1936 ad
774 1881 1028 1937 dextram
1053 1885 1109 1936 et
1132 1881 1426 1936 sinistram
1444 1876 2013 1948 assident,episc0pi.

362 1968 580 2024 Bibunt
610 1985 742 2025 vero
774 1970 985 2025 iterum
1015 1969 1195 2026 semel
1228 1970 1545 2042 imperator
1573 1972 1630 2024 et
1690 1964 2017 2038 patriarcha

362 2063 419 2114 et
449 2058 547 2130 qui
574 2063 984 2115 remanserunt
1013 2059 1204 2128 amici,
1237 2064 1294 2115 et
1322 2059 1428 2127 sic,
1454 2076 1485 2113 a
1517 2055 1825 2130 pra-posito
1850 2055 2014 2124 signo

364 2157 622 2220 accepto.
674 2148 786 2220 ipsi
818 2150 1216 2221 egrediuntur,
1276 2153 1592 2221 postquam
1622 2163 1758 2202 vero
1781 2147 2014 2218 signum

361 2238 866 2311 protospatharius
897 2240 1140 2312 accepit,
1173 2239 1566 2296 ministerium
1594 2254 1795 2294 rursus
1827 2237 2017 2293 disce-

362 2328 470 2384 dit.
529 2328 652 2392 Quo
703 2330 872 2397 facto,
906 2329 1224 2401 imperator
1255 2344 1389 2384 cum
1429 2327 1557 2384 solo
1591 2325 1926 2399 patriarcha
1958 2329 2016 2382 et

362 2416 632 2472 cubiculo
666 2421 882 2485 manet,
914 2417 1009 2472 87
1047 2422 1104 2473 et
1135 2422 1442 2488 postquam
1474 2416 1647 2472 ambo
1679 2415 1886 2470 iterum
1929 2431 2016 2471 se-

361 2505 476 2562 mel
507 2505 796 2573 biberunt,
833 2511 1102 2578 surgunt.
1135 2511 1192 2562 et
1220 2507 1342 2562 abit
1364 2504 1695 2578 patriarcha
1717 2505 1789 2561 ad
1811 2505 1867 2561 S.
1891 2509 2016 2560 Ste-

366 2595 543 2670 phani
575 2596 1200 2668 suumquehumerale,
1237 2595 1554 2668 imperator
1575 2592 2016 2668 sagum,induit

362 2702 427 2742 ac
460 2702 658 2741 rursus
689 2685 749 2742 in
781 2683 1083 2755 octangulo
1114 2685 1488 2754 conveniunt,
1521 2690 1578 2741 et
1615 2684 1872 2740 stichum
1925 2683 2011 2739 fa-

361 2776 547 2834 ciunt.
571 2777 718 2833 Tum
753 2777 1096 2850 imperator,
1143 2793 1294 2849 pane
1352 2777 1650 2833 benedicto
1699 2793 1731 2832 a
1761 2775 2012 2848 patriar-

362 2865 473 2922 cha
497 2871 754 2940 accepto,
786 2883 967 2938 usque
1015 2866 1088 2922 ad
1117 2865 1420 2939 augustale
1453 2865 1732 2938 procedit,
1766 2871 1821 2920 et
1853 2869 2011 2935 post-

2196 1607 2266 1662 A'.
2327 1606 2644 1671 Μέλλοντος
2717 1606 2773 1664 δὲ
2832 1609 3146 1674 ἀνίστασθαι
3203 1614 3304 1664 τοῦ
3367 1607 3635 1684 βασιλεως
3684 1611 3776 1664 καὶ

2126 1701 2232 1750 τὼν
2262 1696 2436 1771 φίλων
2467 1697 2811 1772 ἐξελθόντων,
2848 1699 3099 1772 μένουσιν
3132 1701 3183 1755 o't
3229 1705 3326 1756 τοῦ
3379 1698 3490 1754 ἅνω
3549 1694 3772 1756 inmugi-

2125 1809 2222 1843 του
2253 1788 2408 1868 φίλοι
2440 1792 2538 1864 (9),
2571 1793 2622 1846 οἱ
2657 1795 3062 1868 μητροπολῖται
3094 1791 3183 1848 καί
3214 1792 3333 1848 ὅσοι
3374 1792 3505 1848 εἰσὶν
3541 1793 3614 1856 εἷς
3645 1793 3775 1857 τεὺς

2126 1880 2378 1952 πρώτους
2436 1875 2780 1951 άκουϐίτους,
2832 1881 3003 1959 ἤγουν
3055 1883 3130 1945 εἱς
3190 1883 3282 1937 τὸν
3343 1878 3512 1955 δεξιὸν
3557 1883 3647 1937 καὶ
3697 1883 3778 1940 εύ-

2127 1968 2368 2040 ώνυμον,
2403 1967 2690 2025 έπίσκοποι
2721 1992 2733 2006 ο
2776 1971 2990 2026 πίνουσι
3023 1968 3080 2026 δὲ
3113 1970 3280 2027 πάλιν
3325 1973 3463 2046 πρὸς
3496 1974 3627 2043 ἅπαξ
3659 1973 3689 2027 ὅ
3715 1994 3771 2028 τε

2130 2057 2382 2132 βασιλεὺς
2447 2060 2536 2113 καὶ
2595 2061 2622 2114 6
2673 2062 2987 2136 πατριάχης
3054 2061 3144 2116 καὶ
3211 2061 3262 2115 οἱ
3327 2059 3764 2136 ἐναπομείναντες

2125 2146 2301 2227 φίλοι,
2360 2147 2452 2203 καὶ
2507 2149 2599 2203 εἶθ’
2672 2148 2847 2211 οὕτως
2915 2144 3174 2212 λαϐόντες
3251 2155 3426 2223 νεῦμα
3483 2153 3624 2226 παρά
3675 2157 3773 2208 τοῦ

2123 2235 2510 2309 πραιποσίτσυ,
2571 2235 2882 2315 ἐξέρχονται
2926 2237 3017 2292 καὶ
3077 2237 3252 2309 αὐτοὶ,
3292 2239 3382 2292 καὶ
3447 2239 3547 2303 εἶθ’
3604 2238 3775 2302 οὕτως

2125 2319 2310 2379 λαϐὼν
2358 2329 2531 2396 νεῦμα
2574 2327 2602 2380 6
2650 2328 3160 2400 πρωτοσπαθάριος,
3209 2326 3484 2402 ἐξέρχεται
3535 2329 3621 2383 καὶ
3674 2329 3777 2384 αὗ-

2123 2414 2204 2473 0::
2261 2416 2296 2482 ἡ
2358 2413 2644 2490 ὑπουργία.
2707 2415 2811 2471 Καὶ
2868 2415 3086 2471 πάντων
3140 2414 3486 2489 ἐξελθόντων,
3541 2418 3688 2491 μένει
3748 2419 3776 2474 ὁ

2128 2505 2382 2579 βασιλεὺς
2417 2507 2552 2578 μετά
2604 2507 2772 2580 μόνου
2822 2511 2919 2562 τοῦ
2970 2508 3316 2587 πατριάρχου
3361 2509 3450 2564 καὶ
3497 2514 3595 2565 τοῦ
3647 2531 3777 2566 κου·

2123 2590 2437 2651 ϐουκλείο).
2473 2596 2575 2652 Καὶ
2628 2597 2844 2658 πιόντες
2893 2595 3060 2651 πάλιν
3100 2597 3403 2675 ἀμφότεροι
3433 2600 3568 2674 πρὸς
3614 2601 3777 2672 ἅπαξ,

2122 2684 2454 2752 ἀνίστανται,
2511 2685 2601 2739 καὶ
2685 2687 2982 2760 ἀπέρχεται
3041 2687 3069 2740 6
3119 2707 3464 2763 πατριτρχης
3546 2689 3621 2750 εἷς
3679 2691 3772 2744 τὸν

2122 2775 2313 2849 Ἀγιον
2348 2776 2617 2852 Στέφανον
2673 2773 2763 2829 καὶ
2812 2772 3008 2849 βάλλει
3047 2774 3110 2830 τὸ
3162 2775 3483 2852 ὠμοφόριον
3515 2778 3704 2847 αὐτοῦ,
3748 2779 3777 2832 6

2123 2859 2180 2918 δὲ
2213 2860 2469 2937 βασιλεὺς
2499 2863 2561 2916 τὸ
2612 2860 2796 2938 σαγίον
2844 2863 3033 2932 αὐτοῦ,
3066 2863 3155 2918 καὶ
3197 2862 3438 2920 ἔνοῦνται
3471 2864 3637 2921 πάλιν
3695 2865 3773 2928 εἰς

361 2971 536 3027 quam
571 2971 633 3011 se
681 2957 1001 3012 adorarunt
1037 2956 1400 3026 osculatique
1430 2960 1585 3019 sunt,
1622 2954 2007 3026 patriarcham

2129 2953 2184 3008 τὸ
2213 2952 2543 3026 ὀκτάγωνὸν,
2576 2951 2665 3007 καὶ
2696 2956 2914 3007 ποιοῦσι
2945 2956 3039 3008 τὸν
3071 2953 3286 3030 στίχον.
3320 2955 3473 3012 Ἐἶτα
3501 2955 3546 2992 ⁷⁷
3587 2950 3775 3010 λαϐὼν

363 3047 478 3100 duo
506 3043 839 3100 cubicularii
865 3045 1200 3116 suscipiunt
1228 3051 1283 3102 et
1311 3047 1378 3100 ad
1403 3054 1632 3101 stenum
1670 3061 1771 3100 seu
1797 3060 2013 3114 onopo-

365 3133 528 3188 dium
560 3149 744 3204 usque
777 3134 1125 3205 perducunt.
1160 3136 1483 3206 Imperator
1511 3149 1646 3190 vero
1681 3150 1714 3188 a
1744 3132 2010 3189 cubiculo

360 3227 418 3280 et
450 3222 814 3279 manclavitis
843 3223 1116 3294 stipatus,
1149 3222 1429 3295 palatium
1461 3223 1658 3292 intrat,
1691 3238 2012 3293 omnesque

361 3311 731 3380 cubicularii,
789 3311 849 3367 in
891 3329 1068 3368 aureo
1116 3311 1367 3368 triclinio
1401 3311 1732 3378 constituti,
1762 3311 2010 3382 impera-

361 3401 509 3457 tori:
546 3423 574 3450 ‹‹
609 3401 671 3456 In
733 3400 918 3456 multa
949 3403 1210 3472 bonaque
1240 3406 1523 3473 tempora,
1574 3421 1598 3454 ι
1661 3402 2006 3457 acclamant.

363 3490 495 3546 Haec
527 3495 721 3547 autem
751 3491 1112 3562 acclamatio,
1132 3491 1295 3546 finito
1312 3492 1550 3547 demum
1573 3491 2007 3561 dodecaemero,

361 3579 708 3636 instituitur.

2126 3043 2154 3096 6
2190 3040 2443 3117 βασιλεὺς
2475 3041 2620 3116 παρὰ
2665 3045 2763 3096 τοῦ
2794 3044 3136 3118 πατριάρχου
3186 3042 3464 3118 εὐλογίας,
3496 3043 3776 3121 ἐξέρχεται

2126 3131 2290 3208 μέχρι
2346 3135 2442 3186 τοῦ
2499 3130 2864 3205 αὐγουστέως,
2923 3131 3012 3186 καὶ
3067 3135 3538 3207 προσκυνήσαντες
3590 3134 3774 3206 ἀλλή-

2121 3219 2254 3284 λους
2289 3222 2379 3276 καὶ
2420 3219 2814 3292 ἀσπασάμενοι,
2861 3220 2954 3275 τὸν
3016 3223 3108 3295 μὲν
3161 3226 3507 3298 πατριάργην
3553 3221 3768 3298 λαμϐἅο

2120 3332 2272 3366 νουσι
2340 3308 2435 3365 δύο
2492 3304 2964 3386 κουϐικουλάριοι,
3022 3310 3111 3366 καὶ
3190 3309 3547 3384 διασώζουσιν
3608 3316 3768 3371 αὐτὸν

2124 3401 2290 3475 μέχρι
2331 3403 2424 3454 τοῦ
2466 3403 2652 3454 στενοῦ
2683 3398 2717 3466 ἢ
2741 3397 2831 3453 καὶ
2868 3403 2965 3454 τοῦ
3007 3397 3364 3464 ὀνόποδος.’0
3397 3401 3453 3457 δὲ
3484 3401 3763 3476 βασιλεὺς,

2122 3487 2547 3564 δηριγευόμενος
2625 3487 2727 3542 ὑπό
2785 3509 2842 3543 τε
2897 3493 2993 3543 τοῦ
3051 3484 3443 3546 κουϐουκλείου
3508 3491 3592 3546 καὶ
3648 3496 3755 3546 τὼν

2122 3573 2500 3654 μαγλαϐιτῶν,
2551 3576 2856 3653 εἰσέρχεται
2931 3575 2983 3632 ἓν
3039 3583 3117 3651 τῷ
3173 3579 3467 3653 παλατίῳ’
3516 3580 3759 3636 ἑστώτων

363 3665 420 3723 δε
475 3673 584 3724 τῶν
641 3673 739 3724 τοῦ
795 3664 1190 3724 κουϐουκλείου
1248 3669 1496 3726 ἁπάντων
1559 3669 1612 3726 ἐν
1670 3676 1749 3745 τῷ
1809 3669 2272 3748 χρυσοτρικλὶνῳ,
2308 3668 2702 3744 ὑπερεύχονται
2759 3668 2850 3722 τὸν
2915 3665 3143 3742 βασιλέα
3172 3671 3274 3724 τό*
3325 3695 3344 3720 ι
3383 3669 3478 3730 Εἰς
3525 3667 3776 3734 πολλοὺς

360 3759 452 3814 καὶ
482 3757 720 3833 ἀγαθοὺς
759 3757 1022 3836 χρόνους.
1066 3782 1094 3809 ››
1128 3757 1337 3814 Γίνεται
1375 3760 1432 3814 δὲ
1462 3762 1497 3829 ἠ
1530 3757 1670 3839 εύχή
1702 3761 1862 3835 αὕτη,
1894 3758 2082 3831 ἐπειδὴ
2117 3759 2425 3834 πληροῦται
2455 3758 2517 3812 τὸ
2552 3753 2992 3833 δωδεκαήμερον,

933 3850 1164 3908 CAPUT
1201 3851 1422 3909 XXVII.

366 3943 720 4002 Obseruantia
768 3946 828 4000 in
856 3947 993 4019 festo
1031 3949 1082 4019 et
1110 3944 1452 4014 processione
1503 3947 1925 4019 Puriﬁcationis
1955 3949 1993 4002 Β

936 4016 1126 4072 Maria:
1165 4019 1442 4086 Virginis.

437 4105 479 4161 I.
504 4105 564 4161 Si
583 4104 895 4177 imperator
923 4106 1084 4162 abire
1113 4111 1170 4162 et
1201 4106 1430 4179 vigilias
1460 4111 1774 4165 nocturnas
1805 4109 1864 4165 in
1889 4109 2021 4166 Bla-

2736 3850 2995 3906 ΚΕΦΑΛ.
3039 3857 3155 3908 ΚΖ’.

2126 3943 2267 4000 "On
2325 3937 2408 3994 δεῖ
2461 3937 2900 4017 παραφυλάττειν
2959 3943 3028 4014 τῇ
3089 3941 3252 4015 ἑορτῇ
3302 3942 3390 3997 καὶ
3459 3941 3792 4018 προελεύσει

2592 4035 2692 4098 τῆς
2722 4028 3067 4098 Ὑπαπαντῆς
3099 4031 3143 4066 ⁷⁸
3184 4032 3320 4103 (10).

2200 4119 2284 4187 Α’,
2315 4116 2380 4173 Εἴ
2422 4113 2635 4171 κελεύει
2687 4115 2938 4179 ἀπελθεῖν
2975 4117 3002 4170 6
3037 4114 3294 4191 βασιλεὺς
3340 4119 3428 4174 καὶ
3480 4125 3792 4200 παννυχεῦ.

365 4193 597 4250 chernis
625 4211 794 4267 agere
824 4195 1002 4267 cupit,
1027 4195 1212 4267 pridie
1242 4196 1374 4252 festi
1398 4196 1512 4252 diei
1545 4199 1665 4253 abit
1693 4203 1750 4254 et
1779 4210 2012 4257 noctur-

2130 4227 2217 4262 σαι
2261 4207 2311 4261 ἐν
2371 4203 2739 4281 Βλαχέρναις,
2799 4201 3097 4281 ἀπέρχεται
3165 4210 3233 4281 τῇ
3288 4207 3394 4282 πρὸ
3446 4213 3574 4281 μιᾶς
3605 4183 3789 4279 “nti;

365 4298 470 4340 nas
500 4282 728 4355 vigilias
760 4283 1035 4340 instituit.
1062 4285 1337 4356 Sequenti
1368 4285 1460 4342 die
1485 4287 1616 4343 festi
1647 4304 1850 4346 omnes
1867 4290 2020 4346 tuni-

364 4387 462 4429 cas
489 4373 674 4442 albas,
709 4372 1050 4430 cubicularii
1082 4391 1246 4446 reque
1285 4391 1352 4431 ac
1392 4375 2013 4448 spatharocubicularii

365 4461 607 4518 camisia
638 4463 910 4518 induunt.
957 4463 1218 4519 Eunuchi
1260 4469 1712 4536 protospatharii
1758 4469 2016 4541 plerique

365 4552 718 4609 mutatorias
751 4552 946 4609 terunt
975 4559 1033 4609 et
1091 4553 1568 4624 spatbobaculos,
1619 4557 1842 4616 barbati
1879 4577 2016 4632 pro-

2131 4297 2324 4371 ἑορτῆς
2377 4293 2579 4370 ἡμέρᾳ,
2632 4295 2722 4350 καὶ
2772 4294 2982 4350 ἐκτελεῖ
3026 4297 3124 4364 τήν
3173 4295 3472 4372 πάννυχον.
3513 4301 3597 4374 Τῇ
3650 4297 3705 4354 δὲ
3741 4299 3787 4336 ⁸ο

2129 4387 2250 4455 ἑξῆς
2302 4383 2486 4459 ἡμέρᾳ
2549 4391 2651 4453 τῆς
2705 4384 2898 4460 ἑορτῆς
2949 4382 3315 4441 ἀλλάσσουσιν
3383 4388 3610 4443 ἅπαντες
3680 4387 3787 4444 ἄπὸ

2129 4470 2338 4528 λευκῶν
2373 4469 2672 4548 χλανιδίων
2701 4493 2712 4505 ·
2758 4473 2809 4527 o't
2844 4469 2899 4527 δὲ
2947 4468 3399 4550 κουϐικουλάριοι
3439 4473 3788 4532 ἀλλάσσουσι

2127 4562 2356 4636 καμίσια
2405 4561 2494 4616 καὶ
2539 4562 2724 4636 μόνον,
2766 4561 3027 4626 ὡσαύτως
3080 4563 3170 4619 καὶ
3221 4565 3272 4619 οἱ
3332 4559 3781 4640 σπαοαροκουϐι-

1743 4673 1985 4733 VABIE
2027 4677 2418 4736 LECTIONES

371 4830 501 4884 cod.
576 4827 622 4864 '0
652 4824 710 4882 δὶ
750 4847 868 4888 om.
902 4834 995 4890 ed.

441 4758 484 4847 7’"
517 4757 629 4847 Pr-q
655 4757 774 4847 εἶτα
803 4761 893 4818 ed.
924 4759 1036 4847 καί.
1116 4759 1162 4797 7⁸
1197 4758 1514 4832 ὑπαπάντης
1573 4763 1664 4835 Ρι.,
1708 4762 1919 4820 ὑπαπαν
1976 4770 2368 4842 superscripto
2417 4768 2568 4842 cod.,
2605 4769 3035 4839 ὑπαπαντήσεως
3083 4771 3174 4829 ed.
3251 4769 3300 4806 7°
3345 4778 3444 4841 τῆς
3503 4771 3608 4847 πρὸ
3667 4777 3802 4845 μιᾶς

1441 4933 1634 4990 JOAN.
1669 4935 1817 4992 JAC.
1851 4937 2116 4997 REISKII
2148 4940 2726 4998 COMMENTARIUS

373 5098 384 5110 .
437 5028 535 5110 (8).
575 5028 945 5110 εειιαηωᾳιιε-
985 5032 1122 5110 ulla.
1173 5033 1320 5110 Nam
1365 5033 1693 5110 interdum
1721 5036 2024 5110 aliquanto

367 5099 818 5227 i‘r’iitgriggeoselslg
842 5099 1086 5159 sedebat
1110 5107 1439 5176 patriarcha
1469 5121 1647 5178 quam
1679 5099 2022 5181 imperator.

420 5188 511 5244 id.
535 5188 606 5227 aa
640 5189 696 5244 p.
737 5188 830 5227 DD.

444 5242 764 5326 (9)AA_mic_i,
797 5243 900 5316 qui
935 5243 992 5300 in
1015 5246 1213 5326 primo
1243 5249 1536 5326 accubitu.
1582 5252 1676 5308 cui
1709 5253 2030 5325 imperator

369 5317 428 5370 et
455 5317 788 5393 patriarcha
802 5319 1256 5393 accumbuntmt
1277 5322 1379 5393 qui
1411 5323 1471 5377 in
1501 5340 1736 5380 summo
1762 5317 1830 5380 ei:
1843 5332 2029 5382 trans-

370 5401 540 5468 verso
573 5392 711 5456 stat,
745 5389 968 5444 sedent.
1001 5389 1180 5468 Erant
1209 5389 1419 5468 nempe
1441 5395 1525 5450 sic
1548 5396 1822 5468 dispositi
1856 5414 2029 5454 accu-

369 5456 549 5526 bitus,
579 5475 679 5515 seu
706 5475 944 5529 mensae,
972 5466 1037 5515 ut
1068 5456 1384 5521 introeunti
1407 5467 1477 5520 ad
1527 5456 1786 5523 dextram
1823 5485 2029 5525 novem

371 5535 626 5613 strarent
657 5533 715 5587 in
749 5531 1184 5613 longitudinem
1231 5542 1622 5613 _porrectaa,_et
1670 5541 1910 5613 totidem
1957 5541 2029 5596 ad

371 5602 801 5679 sinistram‘ex
859 5602 1152 5679 apposito,
1191 5602 1250 5662 et
1300 5625 1415 5664 una
1472 5602 1679 5679 prima,
1738 5612 1774 5678 ἡ
1833 5611 2034 5666 ἀποκο-

514 5673 1513 5759 diota,in_s_uu:imo_ir_rlatitudinem
1545 5673 1844 5759 eregio'ue
1874 5685 2032 5759 ostii,

373 5744 587 5804 Prima
617 5744 937 5820 aesidebat,
971 5755 1035 5805 ut
1064 5748 1316 5818 dictum,
1347 5744 1755 5824 imperatoruet
1784 5744 2035 5829 patriar-3

2135 5041 2264 5117 cha,
2279 5041 2520 5117 quoties
2551 5056 2684 5117 cum
2711 5041 3064 5117 imperatore
3093 5042 3452 5117 epularetur,
3487 5062 3622 5102 cum
3648 5063 3808 5117 prae-

2137 5113 2326 5184 cipuis
2349 5113 2571 5187 aliquot
2601 5113 3064 5187 metropolitanis
3099 5113 3352 5184 {primis
3413 5113 3691 5187 proximis
3723 5120 3803 5175 ad

2138 5193 2452 5259 utrumque
2482 5185 2638 5259 latus
2657 5185 2877 5241 mensis
2898 5186 3230 5259 assidebant
3248 5185 3459 5259 reliqui
3490 5191 3806 5247 interiores

2139 5255 2571 5329 metropolitani
2604 5261 2661 5312 et
2698 5257 2978 5329 episcOpi,

2212 5327 2328 5404 (10)
2384 5327 3298 5404 Εε-ῑηΐβείυῐῄ’τίςήλὺπαπάντῃα
3362 5349 3479 5404 quo
3536 5332 3806 5390 Christus

2141 5398 2358 5480 templp
2379 5398 2671 5454 exhibitus
2704 5398 2813 5454 fuit
2845 5409 2900 5454 et
2931 5400 3182 5523 Symeon
3206 5398 3408 5472 justus
3439 5404 3491 5460 ei
3521 5409 3808 5460 occurrit.

2141 5471 2445 5523 Invenitur
2501 5486 2734 5523 uuoaue
2781 5470 2948 5523 ύπαντ
2977 5514 3012 5523 ..
3075 5472 3358 5523 *[Ὗπαντῆ
3414 5476 3665 5523 Ποιηὶηἰ-
3699 5477 3808 5523 hnn

2141 5471 2445 5546 Invenitur
2481 5486 2748 5546 quoque;
2781 5470 3012 5541 ύπαντῆ.
3054 5470 3360 5546 κ’[Ὑπαντῇ
3412 5476 3665 5543 Domini,
3699 5477 3815 5534 hoc

2141 5541 2594 5617 θειλρρυἰαιίρπε
2612 5541 2669 5600 S.
2711 5543 3001 5614 Symeom's
3035 5541 3245 5617 ergnis
3273 5541 3522 5604 decessit.
3557 5541 3810 5606 Dit‘mar.

2141 5629 2198 5691 ρ.
2255 5613 2358 5668 120
2388 5614 2574 5691 :__vid.
2623 5613 2902 5691 anastas.
2931 5613 3215 5691 “Biblfp.
3263 5618 3440 5691 154.]”
3473 5621 3662 5691 ςυστ.
3717 5619 3810 5678 Du

2141 5685 2334 5813 gaqge
2380 5685 2566 5744 Gloss.
2623 5685 2750 5743 Lat.
2799 5703 2854 5746 v.
2921 5685 3255 5762 Hypapahte
3341 5685 3411 5747 et'
3453 5690 3648 5750 Gloss.
3706 5691 3816 5750 Gr-
