4158 6436
309 309 422 375 387

1379 299 1911 363 CONSTANTINI
1956 300 2430 364 PORPHYROG
2444 303 2652 366 ENlTI

3610 304 3730 367 388

311 447 875 523 postquam‘cantum
898 458 1051 499 unus
1073 440 1280 508 ﬁnivit,
1299 440 1443 497 alter
1457 439 1678 513 incipit.
1696 441 1955 512 Impera~

2082 440 2274 511 αὐτῶν,
2309 438 2581 518 λεγόντων
2610 445 2718 497 τῶν
2768 438 2863 497 δύο
2908 445 3087 517 μερῶν
3123 436 3356 514 ἰαμὸικά
3393 440 3461 511 ⁸⁷,
3501 438 3725 504 ἕκαστος

310 544 401 596 tor
431 542 653 603 autem,
687 551 820 590 cum
855 549 1033 607 prOpe
1080 532 1442 598 columnam,
1495 531 1557 586 in
1600 529 1964 601 plenitudine

309 629 568 702 porticus
599 624 833 697 oblique
888 623 1165 694 positam,
1215 620 1513 687 transivit,
1566 619 1963 691 patriarcham

316 735 448 775 cum
477 715 849 788 processione
869 712 947 768 ibi
971 711 1203 782 excipit,
1221 710 1634 782 sumplisquea
1658 709 1964 780 praeposito

314 810 495 868 cereis
527 812 584 863 et
613 811 912 881 precatus,
942 822 1042 861 eos
1075 820 1281 860 rursus
1322 801 1633 875 praeposito
1680 801 1878 867 tradit,
1910 805 1966 856 et

315 904 518 957 sancto
550 896 861 969 Evangelio
902 912 967 951 ac
1013 894 1342 950 veneranda
1388 908 1560 948 cruce
1608 892 1868 956 adorata,
1903 906 1965 947 se

309 990 529 1057 iterum
564 992 706 1044 ﬂexo
737 1002 887 1054 genu
921 984 1237 1056 imperator
1257 988 1314 1038 et
1344 980 1674 1054 patriarcha
1695 996 1968 1036 veneran-

316 1084 415 1136 tur
444 1084 501 1134 et
531 1076 895 1143 osculantur,
928 1092 1045 1147 quo
1084 1074 1260 1142 facto,
1293 1090 1326 1127 a
1367 1070 1678 1144 praeposito
1726 1086 1962 1127 cereum

318 1165 809 1244 processionalem
854 1164 1086 1237 accipit,
1136 1166 1195 1219 et
1242 1177 1512 1218 reversus
1562 1177 1664 1233 per
1696 1160 1964 1217 eamdem

315 1257 608 1331 porticum
640 1254 984 1327 digreditur.
1005 1255 1172 1309 Tunc
1200 1268 1336 1307 vero
1358 1249 1804 1307 cerimoniarius
1826 1248 1966 1306 inci-

317 1347 441 1420 pit:
479 1366 506 1398 ι
535 1344 724 1410 Salve,
756 1344 954 1415 gratiae
995 1341 1164 1413 plena
1206 1339 1385 1411 Virgo
1432 1339 1713 1411 Deipara:
1749 1360 1776 1387 »
1809 1337 1965 1410 quod

316 1438 639 1507 troparium
659 1432 984 1503 omnes,qui
1000 1431 1320 1486 solemnem
1336 1444 1610 1501 pompam
1626 1427 1964 1493 instituunt,

318 1528 560 1590 canunt,
615 1522 826 1579 deinde
876 1520 1211 1576 narthecem
1248 1518 1443 1589 magni
1483 1516 1685 1587 templi
1725 1516 1967 1581 intrant,

320 1614 419 1670 ubi
456 1614 773 1684 imperator
802 1611 862 1666 in
897 1609 1108 1664 throno
1140 1608 1198 1663 in
1249 1607 1523 1662 narthece
1553 1607 1837 1674 considet,
1867 1607 1966 1662 89

322 1709 379 1762 et
402 1719 588 1774 usque
619 1703 760 1757 dum
795 1698 1124 1772 patriarcha
1153 1713 1282 1751 cum
1317 1696 1567 1751 solemni
1601 1696 1969 1767 processione

2070 531 2251 585 αὐτῶν
2308 528 2667 607 διερχόμενος
2727 532 2833 588 ἀπὸ
2891 539 2993 602 τῆς
3051 528 3289 593 στάσεως
3350 527 3538 587 αὑτοῦ·
3575 532 3732 601 πλη.

2070 623 2293 692 ροῦντος
2332 622 2435 698 γάρ
2476 622 2526 656 ⁸³
2554 625 2651 677 τοῦ
2682 618 2821 692 ἑνὸς,
2867 617 3093 696 ἄρχεται
3144 621 3172 675 6
3222 618 3428 696 ἓτερος·
3486 616 3723 675 διελθὼν

2070 705 2128 764 δὲ
2160 710 2187 764 6
2231 709 2486 784 βασιλεὺς
2541 708 2777 780 πλησίον
2826 714 2922 764 τοῦ
2970 709 3153 772 κίονος
3201 715 3303 764 τοῦ
3350 711 3606 782 κειμένου
3639 709 3729 785 ἐγ-

2068 798 2307 872 καρσίως
2366 797 2420 853 ἐν
2485 803 2565 866 τῷ
2613 796 2950 873 πληρώματι
3008 804 3106 854 τοῦ
3163 794 3438 870 ἐμϐόλου,
3500 796 3724 874 δέχεται

2068 884 2243 942 ἐκεῖσε
2291 887 2382 942 τὸν
2441 889 2792 964 πατριάρχην
2846 888 2981 962 μετά
3035 895 3134 958 τῆς
3191 886 3376 957 λιτῆς,
3438 882 3624 942 λαϐὼν
3664 885 3724 944 δὲ

2070 978 2237 1051 κηρία
2281 977 2426 1051 παρά
2472 982 2568 1033 τοῦ
2616 979 2985 1052 πραιποσίτου
3034 977 3125 1032 καὶ
3184 976 3493 1051 εὐξάμενος,
3542 974 3729 1032 ἐπιδί-

2070 1063 2237 1121 δωσιν
2269 1065 2402 1123 αὐτά
2449 1064 2616 1122 πάλιν
2667 1072 2747 1140 τῷ
2795 1067 3165 1143 πραιποσίτῳ,
3203 1068 3294 1121 καὶ
3342 1068 3730 1141 προσκυνήσας

2068 1158 2130 1213 τὸ
2162 1156 2437 1234 ἄχραντον
2467 1157 2805 1235 Εὖαγγέλιον
2861 1156 2951 1212 καὶ
2990 1159 3083 1213 τὸν
3113 1157 3299 1231 τίμιον
3347 1157 3599 1232 σταυρὸν,
3634 1159 3730 1213 καὶ

2067 1244 2234 1301 πάλιν
2307 1249 2778 1322 προσκυνήσαντες
2838 1246 3139 1324 ἀμφότεροι
3215 1243 3528 1317 ἀλλήλους,
3573 1245 3604 1301 ὅ
3669 1267 3732 1303 τε

2075 1334 2329 1410 βασιλεὺς
2386 1337 2477 1391 καὶ
2530 1337 2558 1390 6
2616 1337 2990 1415 πατριάρχης,
3030 1334 3121 1390 καὶ
3163 1336 3554 1408 ἀσπασάμενοι,
3589 1334 3737 1409 λαμ-

2071 1420 2207 1479 ϐἐνει
2242 1426 2269 1479 ὁ
2307 1423 2564 1500 βασιλεὺς
2605 1425 2751 1500 παρα
2787 1430 2885 1482 τοῦ
2933 1425 3300 1500 πραιποσίτου
3340 1425 3537 1500 κηρίον
3570 1421 3733 1480 λιτα-

2070 1513 2266 1584 νίκιον,
2327 1515 2416 1568 καὶ
2478 1515 2840 1588 ὑποστρέψας,
2900 1512 3177 1589 διέρχεται
3236 1510 3327 1568 διά
3388 1518 3487 1568 τοῦ
3554 1515 3726 1569 αὐτοῦ

2072 1597 2343 1675 ἐμϐόλου,
2397 1604 2662 1678 Ἀρχεται
2713 1601 2770 1658 δὲ
2818 1604 2846 1658 6
2896 1606 2994 1672 τῆς
3025 1606 3420 1665 καταστάσεως·
3457 1627 3486 1655 ‹‹
3526 1607 3724 1678 Χαῖρε,

2074 1695 2497 1772 κεχαριτωμένη
2557 1695 2785 1750 Θεοτόκε
2832 1696 3085 1770 ΙΙαρΟένε·
3124 1718 3150 1748 υ
3201 1692 3508 1768 ψάλλοντες
3563 1690 3620 1750 δὲ
3665 1695 3730 1751 τὸ

321 1793 573 1861 advenit,
626 1793 937 1862 exspectat,
991 1786 1215 1858 patricii
1264 1802 1397 1841 vero
1428 1791 1485 1841 et
1532 1791 1828 1841 senatores
1877 1786 1968 1840 in-

2082 1786 2207 1842 αὖτὸ
2257 1789 2554 1862 τροπάριον
2606 1789 2658 1842 οἱ
2704 1796 2806 1859 τῆς
2861 1787 3238 1863 προελεύσεως
3304 1789 3552 1857 ἀπαντες,
3619 1788 3728 1845 εἶσ-

318 1888 499 1951 trant,
532 1884 589 1937 ct
619 1879 678 1935 in
709 1876 948 1950 templo,
982 1885 1043 1932 ut
1073 1877 1219 1947 ipsis
1247 1876 1388 1947 :mos
1419 1880 1527 1942 est,
1560 1876 1967 1946 imperatorem

318 1973 742 2042 exspectantes,
776 1966 1129 2023 subsistunt.

2080 1876 2335 1952 ἔρχονται
2368 1875 2418 1932 ἒν
2448 1882 2529 1950 τῷ
2557 1878 2789 1953 νάρθηκι
2819 1881 2917 1933 τοῦ
2963 1877 3221 1953 Μεγάλου
3259 1881 3416 1947 ναοῦ,
3444 1878 3535 1933 καὶ
3566 1878 3597 1934 6
3631 1878 3729 1953 μὲν

2081 1965 2337 2039 βασιλεὺς
2376 1969 2654 2038 καθέζεται
2695 1967 2783 2023 ἐπὶ
2829 1966 3057 2024 σελλίου
3086 1966 3139 2023 ἐν
3168 1973 3249 2042 τῷ
3276 1969 3530 2043 νάρθηκι,
3560 1989 3732 2043 προσ-

325 2059 497 2134 μένων
530 2056 727 2131 μέχρις
760 2055 819 2110 ἄν
851 2047 1211 2127 καταλάϐάϐῃ
1244 2053 1272 2107 6
1302 2053 1650 2127 πατριάρχης
1686 2053 1824 2124 μετά
1860 2060 1961 2123 τῆς
1991 2053 2171 2130 λιτῇς,
2205 2058 2256 2112 οἱ
2293 2055 2350 2113 δὲ
2379 2060 2659 2133 πατρίκιοι
2689 2059 2779 2114 καὶ
2811 2061 2845 2129 ἡ
2898 2057 3210 2134 σύγκλητος
3261 2058 3594 2135 εἰσέρχονται
3636 2059 3725 2115 καὶ

316 2147 560 2203 ’ίστανται
593 2147 644 2202 ἐν
673 2149 750 2216 τῷ
778 2149 914 2216 ναῷ,
949 2144 1023 2207 ὡς
1063 2140 1118 2197 δῖε
1149 2141 1373 2197 εἴθισται
1406 2142 1609 2210 αὐτοῖς,
1643 2140 2039 2216 προσμένοντες
2063 2146 2157 2201 τὸν
2199 2146 2446 2222 βασιλέα.

399 2241 490 2298 IV.
524 2237 863 2295 Patriarcha
893 2242 1086 2292 autem
1110 2251 1244 2292 cum
1271 2238 1641 2306 processione
1670 2235 1977 2306 appropin-

329 2340 566 2406 quante,
600 2327 921 2400 imperator
951 2324 1157 2397 surgit,
1188 2328 1245 2380 et
1275 2328 1409 2396 post
1456 2328 1724 2379 mutuam
1756 2326 1972 2381 adora-

326 2423 545 2478 tionem
580 2418 750 2475 ambo
781 2416 1092 2472 discedunt
1122 2417 1294 2486 inque
1339 2417 1508 2485 porta
1556 2414 1744 2485 Magni
1777 2414 1977 2486 templi

328 2515 503 2567 stant.
537 2510 703 2565 Tunc
736 2505 1060 2579 patriarcha
1102 2520 1300 2578 preces
1352 2504 1625 2560 introitus
1660 2503 1868 2559 divina:
1898 2504 1977 2560 li—

327 2601 539 2673 turgiaa
595 2615 821 2663 exorso,
855 2597 1185 2667 imperator,
1246 2593 1427 2650 cereis
1483 2594 1835 2666 precationis
1884 2611 1977 2651 so-

326 2689 542 2751 lemnis
573 2706 607 2744 a
637 2686 946 2761 praeposito
977 2683 1227 2755 traditis,
1252 2690 1537 2755 precatur,
1564 2688 1697 2755 post
1719 2700 1816 2739 eos
1840 2701 1978 2753 prmo

330 2780 538 2853 posito,
581 2777 676 2833 hic
734 2774 1191 2832 cerimoniarum
1243 2773 1521 2845 magistro
1578 2772 1788 2829 reddit.
1822 2774 1977 2845 lpse,

327 2886 495 2926 sacro
517 2874 574 2924 et
593 2866 938 2922 intemerato
962 2863 1272 2936 Evangelia
1294 2862 1553 2929 adorato,
1577 2878 1711 2918 cum
1736 2862 1980 2935 patriar-

326 2958 439 3016 cha
472 2974 572 3032 per
600 2956 856 3013 medium
882 2952 1161 3025 templum
1188 2968 1401 3025 perque
1423 2951 1829 3022 obliquitatem
1857 2968 1978 3008 am-

327 3047 499 3104 bonis
529 3046 748 3103 soleam
771 3045 974 3108 intrat,
997 3049 1055 3099 et
1073 3044 1144 3099 ad
1173 3058 1370 3098 sacras
1388 3042 1602 3113 januas
1624 3041 1981 3101 constitutus

2155 2240 2227 2296 A'.
2287 2235 2702 2303 Καταλαόόντος
2764 2237 2822 2296 δὲ
2886 2245 2982 2297 τοῦ
3040 2239 3387 2317 πατριάρχου
3448 2240 3585 2314 μετᾶ
3636 2246 3739 2310 τῆς

2084 2326 2267 2396 λιτῆς,
2323 2328 2601 2384 ἀνισταται
2661 2329 2688 2383 6
2751 2328 3032 2405 βασιλεὺς,
3107 2328 3199 2385 καὶ
3266 2329 3741 2404 προσκυνήσαντες

2085 2415 2387 2492 ἀμφότεροι
2437 2414 2728 2489 ἀλλήλους
2776 2418 2806 2473 ὅ
2854 2440 2913 2474 τε
2966 2418 3226 2493 βασιλεὺς
3272 2418 3423 2474 καὶὸ
3472 2419 3741 2493 πατριάρ-

2086 2527 2218 2584 χης,
2252 2507 2580 2582 ἀπέρχονται
2621 2507 2923 2585 ἀμφότεροι
2979 2508 3071 2564 καὶ
3114 2505 3365 2565 ’ίστανται
3409 2506 3462 2563 ἐν
3489 2513 3559 2581 τῇ
3592 2505 3743 2580 πύλῃ

2083 2600 2180 2652 τοῦ
2249 2595 2512 2672 Μεγάλου
2579 2602 2730 2653 ναοῦ·
2818 2598 2910 2653 καὶ
2985 2597 3288 2673 ἀρξάμενος
3364 2599 3393 2653 6
3466 2596 3738 2671 πατριάρ-

2086 2704 2196 2761 χης
2226 2687 2325 2756 τὴν
2354 2685 2525 2761 εὐχήν
2557 2694 2659 2756 τῆς
2717 2684 2933 2742 εἰσόδου
2988 2693 3091 2757 τῆς
3159 2686 3301 2749 θείας
3369 2684 3742 2764 λειτουργίας,

2087 2774 2271 2832 λαϐὼν
2304 2777 2332 2830 6
2368 2774 2626 2851 βασιλεὺς
2664 2778 2812 2851 παρὰ
2855 2782 2952 2832 τοῦ
3000 2775 3367 2849 πραιποσίτου
3413 2776 3584 2851 κηρία
3637 2783 3744 2846 τῆς

2086 2873 2427 2941 προσευχῆς,
2486 2866 2578 2920 καὶ
2635 2866 2923 2939 εὐξάμενος
2976 2864 3200 2921 δίδωσιν
3258 2865 3393 2922 αὐτά
3455 2864 3622 2922 πάλιν
3661 2870 3744 2935 τῷ

2085 2954 2454 3030 πραιποσίτῳ,
2514 2956 2607 3011 καὶ
2672 2956 2838 3018 αὐτὸς
2896 2961 2976 3029 τῷ
3036 2962 3136 3027 τῆς
3186 2954 3582 3018 καταστάσεως.
3636 2955 3747 3013 Καὶ

2083 3046 2466 3119 προσκυνήσας
2528 3045 2556 3099 ὁ
2620 3042 2878 3118 βασιλεὺς
2934 3046 2996 3101 τὸ
3056 3044 3330 3121 ἄχραντον
3396 3044 3748 3120 Εὐαγγέλιον,

327 3150 578 3206 cumque
608 3132 788 3189 cereis
817 3131 1080 3187 accensis
1113 3134 1402 3201 precatus,
1435 3132 1757 3185 sacrarium
1789 3131 1973 3203 ingre-

2089 3132 2370 3210 διέρχεται
2405 3132 2569 3206 μέσον
2604 3131 2693 3189 διὰ
2743 3139 2841 3189 τοῦ
2879 3139 3011 3190 ναοῦ
3074 3137 3210 3207 μετά
3238 3137 3330 3190 τοῦ
3376 3134 3746 3209 πατριάρχου,

327 3225 501 3280 ditur.
540 3223 820 3279 Sanctum
850 3236 979 3275 vero
1011 3218 1330 3275 instratum
1379 3216 1699 3285 osculatus,
1732 3217 1976 3275 allatum

329 3332 364 3372 a
387 3312 696 3386 praeposito
718 3309 1130 3388 apocombium
1158 3308 1215 3363 in
1239 3324 1406 3364 sacra
1421 3324 1627 3364 mensa
1641 3309 1976 3381 reponit,et,

331 3408 566 3476 accepta
595 3420 630 3458 a
661 3399 1066 3458 sacerdotibus
1104 3398 1533 3466 benedictione,
1584 3413 1687 3470 per
1717 3398 1978 3454 medium

325 3493 609 3566 templum
630 3491 770 3548 abit.
796 3490 946 3546 Dum
978 3497 1169 3546 autem
1204 3488 1277 3544 ad
1303 3487 1642 3544 narthecem
1678 3487 1981 3560 progredi-

328 3588 445 3650 tur,
499 3581 557 3638 in
617 3580 851 3637 sinistro
910 3595 1136 3651 magnas
1195 3581 1371 3650 portas
1406 3576 1584 3633 latere
1636 3577 1885 3648 orphani
1917 3577 1979 3633 in

328 3670 587 3729 scamnis
617 3674 799 3738 stant,
822 3673 879 3726 et
910 3667 1298 3735 modulantes,
1325 3671 1390 3722 ut
1420 3666 1566 3739 ipsis
1583 3667 1841 3723 solemne
1868 3674 1976 3733 est,

328 3763 524 3818 fausta
553 3758 897 3832 imperatori
928 3762 1336 3831 apprecantur.
1359 3757 1415 3812 Is
1434 3773 1552 3813 una
1572 3773 1706 3812 cum
1731 3757 1979 3829 patriar-

330 3852 442 3909 cha
472 3851 543 3907 ad
577 3848 884 3924 styracium
917 3847 1126 3921 pergit,
1158 3847 1313 3903 unde
1344 3846 1680 3917 patriarcha
1703 3851 1833 3919 post
1858 3862 1981 3902 mu-

329 3943 494 3999 tuam
549 3939 969 3997 salutationem
1025 3943 1081 3994 et
1137 3935 1533 3993 adorationem
1581 3936 1653 3990 ad
1707 3937 1979 4007 Magnum

330 4029 640 4101 templum,
666 4045 893 4084 sacram
919 4026 1221 4099 liturgiam
1252 4025 1672 4092 celebraturus,
1705 4026 1846 4095 abit,
1874 4024 1983 4081 im-

331 4124 562 4192 perator
591 4123 787 4175 autem
821 4134 924 4189 per
952 4117 1269 4190 styracium
1320 4115 1382 4171 in
1422 4115 1744 4171 oratorium
1776 4131 1978 4172 ascen-

329 4210 496 4276 dens,
556 4225 753 4266 cereos
812 4208 913 4275 ibi,
965 4223 1129 4279 aeque
1185 4222 1250 4261 ac
1308 4206 1365 4261 in
1428 4205 1887 4276 catechumenis,
1918 4205 1980 4261 in

330 4316 504 4360 cruce
533 4297 815 4367 accendit,
849 4296 910 4353 in
942 4294 1191 4352 oratorio
1221 4311 1357 4351 vero
1389 4294 1645 4351 divinam
1680 4292 1979 4367 liturgiam

2085 3224 2176 3279 καὶ
2227 3220 2315 3277 διὰ
2370 3229 2472 3292 τῆς
2520 3220 2761 3298 πλαγίας
2800 3227 2897 3279 τοῦ
2942 3219 3207 3297 ἅμὸωνος
3248 3224 3560 3303 εἶσέρχεται
3591 3223 3643 3279 ἐν
3668 3228 3739 3295 τῇ

2089 3311 2321 3384 σωλαίᾳ,
2373 3311 2464 3367 καὶ
2503 3314 2629 3373 στας
2677 3308 2981 3387 ἔμπροσθεν
3029 3318 3137 3368 τῶν
3194 3312 3358 3386 ἁγίων
3427 3312 3604 3386 θυρῶν
3650 3312 3744 3366 καὶ

2090 3402 2228 3475 ἅψας
2256 3403 2460 3475 κηροὺς
2491 3402 2578 3456 καὶ
2632 3401 2950 3475 εὐξάμενος,
3000 3402 3305 3478 εἰσέρχεται
3351 3402 3426 3465 εἰς
3464 3402 3527 3457 τὸ
3567 3403 3746 3455 θυσια-

2090 3492 2340 3565 στήριον.
2396 3491 2811 3564 ’Δσπασάμενος
2861 3489 2919 3547 δὲ
2972 3494 3073 3562 τήν
3143 3491 3295 3566 ἁγίαν
3349 3488 3584 3559 ἑνδυτήν,
3649 3486 3751 3543 λαο

2093 3580 2203 3656 βὼν
2285 3576 2631 3653 ἀποκόμϐιον
2697 3581 2846 3656 παρά
2916 3586 3014 3636 τοῦ
3075 3583 3468 3653 πραιποσίτου,
3535 3579 3744 3647 τίθησιν

2090 3668 2222 3724 αὐτὸ
2253 3667 2305 3724 ἐν
2338 3672 2406 3742 τῇ
2454 3670 2586 3746 ἁγίᾳ
2613 3668 2852 3743 τραπέζῃ
2901 3670 2990 3723 καὶ
3039 3668 3344 3749 ἐξέρχεταί,
3386 3690 3478 3725 και
3509 3665 3746 3724 διδοῦσιν

2090 3757 2240 3831 αὖτῷ
2270 3757 2522 3835 εὐλογίας
2554 3760 2606 3814 οἱ
2636 3759 2803 3833 ἱερεῖς
2836 3760 2903 3829 ⁸9,
2938 3757 3028 3814 διά
3079 3761 3249 3831 μέσης
3279 3764 3377 3815 τοῦ
3410 3762 3558 3814 ναοῦ.
3593 3756 3747 3814 Μέλ-

2090 3846 2283 3912 λοντος
2334 3846 2391 3904 δὲ
2429 3852 2527 3903 τοῦ
2580 3847 2852 3923 βασιλέως
2890 3849 3206 3924 ἒξέρχεσθαι
3254 3849 3307 3904 ἐν
3358 3852 3437 3920 τῷ
3484 3848 3743 3923 νάρθηκι,

2086 3938 2338 3994 ’ίστανται
2387 3937 2596 4015 ὀρφανά
2644 3936 2826 3992 ἐπάνω
2874 3940 2982 3992 τῶν
3031 3938 3291 4010 σκάμνων
3332 3936 3425 3992 ἀπ’
3460 3936 3747 4010 ἀριστερᾶς

2086 4033 2190 4096 τῆς
2234 4023 2481 4100 μεγάλης
2534 4025 2740 4095 πύλης,
2789 4025 2881 4080 καὶ
2929 4021 3371 4104 φωνοϐολοῦντες
3417 4024 3754 4099 ὑπερεύχον-

2088 4137 2176 4171 ται
2224 4116 2315 4171 τὸν
2370 4114 2619 4190 βασιλέα,
2672 4115 2747 4176 ὡς
2799 4116 2834 4185 ἡ
2877 4117 3133 4186 συνήθεια
3183 4112 3321 4194 ἔχει.
3368 4113 3653 4176 ἘλΟόντες
3693 4111 3753 4169 δὲ

2089 4204 2139 4275 ἐξ
2188 4203 2309 4260 ἴσου
2358 4204 2410 4260 ἐν
2460 4209 2538 4277 τῷ
2593 4204 2864 4280 στυρακίῳ
2914 4206 3026 4278 (12)
3080 4203 3110 4260 ὅ
3148 4226 3205 4260 τε
3246 4201 3507 4279 βασιλεὺς
3572 4203 3661 4259 καὶ
3721 4204 3750 4257 ὁ

2090 4295 2464 4372 πατριάρχης,
2521 4296 2992 4371 προσκυνήσαντες
3047 4296 3137 4349 καὶ
3218 4294 3600 4367 ἀσπασάμενοι
3660 4290 3749 4348 ἀλ·

332 4388 606 4456 celebrat,
652 4387 793 4444 dum
852 4384 1077 4459 patricii
1136 4385 1352 4440 interea
1397 4400 1464 4440 ac
1494 4383 1684 4442 caeteri
1714 4401 1973 4457 procare

2089 4382 2327 4457 λήλους,
2374 4386 2403 4441 6
2452 4385 2547 4459 μὶν
2588 4384 2940 4460 πατριάρχης
2986 4384 3286 4459 ἀπέρχεται
3318 4382 3370 4440 ἰν
3398 4388 3479 4456 τῷ
3522 4381 3751 4460 μεγάλῳ

329 4479 472 4534 foris
494 4478 570 4532 in
604 4475 1039 4533 catechumenis
1069 4472 1421 4530 subsistunt.

2086 4478 2201 4547 ναῷ
2230 4477 2329 4531 τοῦ
2370 4469 2647 4529 ἐκτελέσαι
2686 4475 2785 4543 τήν
2837 4471 2982 4537 θείαν
3032 4472 3395 4549 λειτουργίαν,
3438 4472 3466 4527 6
3510 4469 3569 4527 δὲ
3602 4472 3760 4547 βασι-

329 4564 478 4638 λεὺς,
519 4563 610 4621 διὰ
652 4568 750 4621 τοῦ
806 4562 1097 4637 στυρακίου
1156 4559 1391 4617 ἀνελθὼν
1448 4559 1499 4616 ἐν
1557 4566 1638 4634 τῷ
1693 4563 1970 4638 εὐκτηρίῳ
2027 4564 2183 4619 ἅπτει
2224 4563 2396 4620 ἐκεῖσε
2452 4563 2682 4637 κηροὺς,
2738 4562 2997 4626 ὡσαύτως
3030 4560 3088 4618 δὲ
3116 4563 3207 4618 καὶ
3239 4562 3290 4618 ἐν
3324 4567 3440 4625 τοῖς
3468 4580 3755 4637 κατηχοῦ-

330 4656 553 4731 μενίοις,
609 4656 684 4716 είς
740 4655 833 4710 τὸν
894 4652 1146 4728 σταυρὸν,
1205 4648 1295 4706 καί
1353 4648 1613 4706 εἰσελθὼν
1675 4650 1728 4707 ἐν
1782 4657 1862 4725 τῷ
1914 4652 2207 4730 εὐκτηρίῳ,
2244 4652 2459 4710 ’ίστάται
2517 4652 2710 4722 ἐκεῖσε,
2777 4652 3012 4709 ἐκτελῶν
3083 4654 3182 4724 τήν
3260 4653 3407 4719 θείαν
3490 4651 3755 4726 λειτουρ-

327 4745 470 4823 γίαν,
504 4746 555 4801 o't
587 4742 645 4802 δε
671 4741 948 4819 πατρίκιοι
979 4742 1070 4799 καὶ
1120 4741 1174 4797 οἳ
1205 4738 1394 4796 λοιποὶ
1418 4740 1679 4815 ἄρχοντες
1712 4742 1940 4805 ἅπαντες
1967 4741 2213 4800 ἵστανται
2237 4740 2340 4816 ἔξω
2368 4744 2419 4800 ἐν
2450 4748 2567 4807 τοῖς
2598 4742 3077 4820 κατηχουμενίοις.

1688 4842 1929 4899 VARle
1969 4844 2382 4901 LECTIONES.

402 4940 445 4974 ⁸⁷
473 4929 669 5009 ἰάμϐια
700 4938 765 4992 ed
780 4978 791 4994 .

893 4938 937 4973 ⁸⁸
967 4937 1071 5013 γὰρ
1098 4952 1217 4995 om.
1249 4935 1343 4995 ed.
1418 4933 1465 4969 ⁸9
1496 4936 1549 4987 οἱ
1578 4932 1743 5007 ἱερεῖς
1765 4929 1855 4989 διὰ
1886 4936 2015 4993 sine
2054 4936 2439 4994 distinctione
2468 4939 2562 4993 ed.

1384 5035 1588 5093 JOAN.
1628 5034 1765 5092 JAC.
1807 5037 2071 5094 REISKII
2112 5036 2703 5096 COMMENTARIUS.

400 5137 517 5209 (12)
548 5134 794 5190 Videtur
856 5132 1142 5209 στυράκων
1203 5134 1295 5209 hic
1324 5133 1434 5209 loci
1468 5134 1628 5209 idem
1654 5142 1985 5209 esseatque

338 5203 511 5267 toties
544 5210 903 5280 memoratus
931 5203 1169 5280 κοχλιάς
1195 5205 1281 5280 vel
1313 5205 1472 5280 scala
1510 5204 1851 5280 cochlearia,
1884 5203 1988 5278 per

336 5295 613 5376 19991.3
626 5278 933 5376 “363‘???”
946 5277 1523 5376 ίὲξῖἒίὲἓδῗἮῗίὲἷὲι
1544 5277 1755 5376 δῗεῗῖἷῖί
1763 5277 1985 5376 ῗίὲἒΨῖι

338 5350 439 5409 Est
460 5351 618 5408 enim
647 5350 933 5419 στυράκων
979 5351 1210 5421 proprie
1257 5350 1529 5405 columna
1578 5350 1737 5405 intus
1768 5364 1904 5404 cava
1934 5357 1991 5406 et

340 5423 621 5503 gradibus
641 5420 1046 5503 cochlearibus
1076 5420 1505 5503 instructahita
1536 5421 1989 5503 ut_in.ve.rticem

340 5490 627 5576 columna:
659 5494 891 5576 escendi
915 5494 1257 5576 posset-ide
1286 5492 1505 5576 quibus
1533 5491 1671 5576 vide
1696 5490 1885 5576 Vales:
1919 5493 1990 5576 ad

338 5566 632 5624 Ammian.
664 5563 932 5621 Marcell.‘
950 5582 1078 5635 pag.
1114 5565 1240 5631 144,
1272 5570 1393 5620 not.
1414 5566 1474 5629 d,
1507 5564 1578 5618 ad
1611 5563 1795 5619 illud:
1826 5565 1995 5621 elatos

336 5638 567 5721 vertices
594 5638 829 5721 εωθιδηὶίί
858 5644 1132 5721 suggestu.
1166 5635 1364 5721 Talem
1399 5635 1734 5721 colu’m’nam
1770 5652 1995 5721 memo-

344 5716 436 5769 rat
492 5708 869 5783 Lampridius
927 5707 1229 5781 Heliogab.
1261 5711 1304 5765 t.
1338 5709 1472 5780 I,-p.
1521 5706 1650 5778 858,
1681 5712 1736 5766 et
1765 5708 1993 5767 Contin.

2093 5134 2431 5206 Theophan.
2468 5151 2525 5206 p.
2547 5134 2639 5203 87,
2671 5134 2960 5206 etNoster
2990 5133 3143 5190 infra
3162 5150 3222 5206 p,
3251 5133 3517 5206 347.,Aut
3547 5133 3598 5190 si
3626 5152 3722 5186 στυ
3747 5164 3773 5175 -

2099 5205 2284 5293 ράκιον
2314 5205 2611 5262 diversum
2642 5205 2784 5279 quid
2829 5209 2919 5262 est
2954 5205 3273 5288 a'cochtic,
3310 5205 3417 5289 [uit
3458 5208 3762 5290 strnctura

2098 5283 2286 5359 instar
2313 5282 2485 5359 vastas
2514 5277 2800 5359 columnas
2832 5281 2935 5359 at_1t_
2965 5277 3094 5350 ptlas
3127 5289 3336 5359 parieti
3366 5276 3627 5334 ecclesias
3656 5292 3765 5359 ap-

2100 5351 2302 5423 posita,
2335 5351 2498 5423 intus
2519 5349 2740 5406 habens
2773 5348 3113 5423 cochleares
3132 5348 3514 5423 gradus,_p_cr
3531 5365 3680 5422 quos
3701 5348 3767 5423 in

2101 5419 2543 5479 catechumenia
2587 5421 3042 5488 ascendebatur,
3093 5419 3297 5484 quales
3345 5419 3462 5477 vidi
3516 5419 3567 5477 e'.
3617 5437 3667 5476 ο.
3702 5419 3768 5474 in

2100 5499 2332 5549 vetusta
2360 5495 2477 5549 aede
2508 5493 2572 5548 Β.
2604 5492 2865 5565 Virginis
2913 5490 3058 5547 Halm
3094 5491 3591 5565 Magdeburgicaa.
3624 5492 3770 5565 Ber-

2103 5582 2316 5638 parum
2347 5582 2484 5639 ergo
2514 5565 2667 5639 inter
2697 5563 2905 5639 ambas
2935 5563 3262 5639 sententias
3287 5563 3551 5639 interest,
3575 5568 3632 5620 et
3647 5563 3771 5620 hoc

2106 5633 2289 5694 unum
2324 5633 2715 5708 solummodo,
2738 5637 2894 5707 quod
2917 5633 3176 5708 cochlias
3203 5636 3360 5691 intra
3390 5636 3648 5708 parietes
3677 5651 3776 5694 ec-

2094 5708 2322 5780 ‘clesiaa,
2355 5707 2675 5783 styraoium
2700 5706 2865 5769 citra
2896 5706 3069 5768 fuerit
3100 5706 3453 5771 astructum.
