4158 6378
367 244 487 307 389

1245 235 1345 296 DE
1389 232 1839 295 CEltht)NllS
1885 233 2125 295 AUL/E
2181 231 2671 294 BYZANTINJE
2714 232 2860 292 LIB.
2910 234 2960 293 Ι.

3677 230 3796 294 390

441 378 519 435 E'.
569 377 685 445 Τῆς
728 371 785 429 δὲ
835 369 980 435 θείας
1024 368 1310 432 κοινωνίας
1357 366 1703 444 ἐγγιζούσης²
1754 367 2061 442 «ponde-1

2216 367 2278 425 V.
2329 366 2551 424 Divinas
2580 371 2778 423 autem
2828 365 3264 441 communionis
3298 370 3559 440 tempore
3606 368 3797 428 immi-

371 489 453 524 σει
506 467 535 522 6
586 462 952 538 πραιπόσιτος
999 459 1107 514 ἀπὸ
1153 456 1453 520 κελεύσεως
1501 463 1582 531 τῷ
1628 460 1728 527 τῆς
1759 456 2031 513 καταστά-

371 577 532 622 σεως,
598 552 689 608 καί
746 546 1078 606 ἀποστέλλει
1147 544 1545 623 σιλεντιαρίους
1606 543 1702 600 δύο
1767 547 1904 621 πρὸς
1968 547 2031 601 τὸ

365 641 848 721 προσκαλέσασθαι
892 640 987 693 τὸν
1046 638 1424 715 πατριάρχην,
1455 636 1546 690 καὶ
1602 634 1890 713 ἀνάγουσιν
1940 637 2030 690 αὐ-

359 736 454 790 τὸν
486 732 579 787 διὰ
608 734 708 786 τοῦ
739 726 1031 803 στυρακίου
1058 728 1113 780 ἐν
1163 724 1244 798 τῷ
1302 723 1594 800 εὐκτηρίῳ,
1630 725 1681 778 ὲν
1728 726 1774 798 ᾦ
1809 722 2029 780 ’ίσταται

362 824 392 879 6
441 818 727 898 βασιλεΰς.
768 818 1217 887 Κοινωνήσαντος
1278 811 1336 869 δὲ
1391 818 1488 869 τοῦ
1550 811 1823 889 βασιλέως
1887 813 2033 889 παρὰ

359 918 463 969 τοῦ
494 910 849 983 πατριάρχου
882 911 979 962 τοῦ
1026 905 1302 980 ἀχράντου
1357 904 1613 976 σώματος
1665 903 1756 958 καὶ
1797 900 2030 976 α’ίματος

359 1007 460 1059 τοῦ
494 999 719 1074 Κυρίου,
744 998 1049 1072 εἰσέρχεται
1095 994 1147 1049 ἐν
1196 998 1275 1067 τῷ
1304 997 1555 1063 κοιτῶνι,
1586 992 1677 1047 καὶ
1725 992 1825 1047 εἶθ’
1857 993 2032 1056 οὕτως

365 1088 710 1150 εἷσελθόντος
744 1084 1021 1160 πατρίκιοί
1048 1104 1107 1140 τε
1143 1085 1231 1139 καὶ
1285 1083 1585 1158 στρατηγοὶ
1634 1080 1725 1136 καὶ
1776 1078 2034 1154 δομέστι-

366 1202 460 1237 κοι
488 1179 580 1234 καὶ
611 1178 665 1232 οἱ
704 1175 775 1231 τὰ
816 1177 1011 1250 πρῶτα
1058 1170 1287 1253 ὀιρφίκια
1333 1170 1684 1251 κατέχοντες,
1713 1174 2029 1226 κοινωνοῦσι

376 1268 471 1324 καὶ
510 1266 665 1323 αὐτοὶ
695 1264 755 1320 ὲκ
781 1267 891 1319 τῶν
924 1267 1131 1339 χειρῶν
1172 1266 1270 1316 τοῦ
1326 1261 1674 1336 πατριάρχου
1709 1277 1723 1293 ·
1764 1259 1853 1315 καὶ
1896 1260 2032 1316 πάν-

383 1381 493 1416 των
524 1356 841 1429 ἒξελθόντων
888 1353 978 1407 καὶ
1025 1356 1123 1408 τοῦ
1170 1353 1519 1429 πατριάρχου
1563 1350 1865 1425 μέλλοντος
1905 1372 2032 1406 κατ-

381 1450 663 1527 έρχεσθαι,
697 1443 923 1505 ἑστῶτος
970 1447 1069 1497 τοῦ
1112 1440 1381 1518 βασιλέως
1429 1435 1732 1518 ἔμπροσθεν
1796 1448 1898 1510 τῆς
1939 1439 2034 1495 θύ-

374 1558 478 1616 ρας
538 1540 634 1593 τοῦ
699 1538 962 1595 κοιτῶνος
1013 1531 1205 1602 αὐτοῦ,
1261 1535 1655 1607 προσκυνοῦσιν
1727 1531 2032 1607 ἀμφότεροι

367 1625 695 1699 ἀλλήλους,
746 1623 836 1680 καὶ
886 1622 1138 1678 ἀπελθὼν
1190 1622 1218 1676 6
1267 1623 1624 1698 πατριάρχης
1675 1618 1883 1676 ἐκτελεῖ
1936 1622 2031 1690 τὴν

360 1717 516 1772 θείαν
572 1712 914 1789 λειτουργίαν
967 1712 1194 1767 ἅπασαν.
1242 1710 1602 1781 Τελεσθείσης
1644 1707 1703 1765 δὲ
1748 1716 1847 1780 τῆς
1890 1710 2033 1774 θείας

362 1802 750 1879 λειτουργίας,
792 1798 1072 1880 διέρχεται
1124 1801 1152 1854 6
1212 1798 1471 1874 βασιλεὺς
1521 1796 1882 1873 ἠλλαγμένος
1947 1796 2039 1853 διὰ

359 1900 465 1952 τοῦ
512 1892 807 1969 τρικλίνου
853 1899 956 1962 τῆς
999 1889 1185 1966 Ἀγίας
1250 1893 1449 1965 Σοροῦ,
1504 1890 1886 1966 βασταζόντων
1930 1892 2039 1944 τῶν

359 1980 858 2055 κουϐικουλαρίων
906 1979 973 2035 τὰ
1028 1977 1198 2035 ἐκείσε
1246 1978 1372 2034 ὄντα
1418 1978 1569 2054 βῆλά
1608 2000 1668 2033 τε
1713 1979 1800 2033 καὶ
1851 1978 2039 2053 κορτί-

361 2096 466 2136 νας
498 2074 646 2148 (i3),
677 2071 769 2126 καὶ
802 2070 1088 2144 ἀνέρχεται
1122 2070 1149 2124 6
1184 2068 1437 2144 βασιλεὺς
1478 2066 1568 2123 διὰ
1595 2065 1694 2123 τοῦ
1729 2067 2038 2144 βισαλωτοῦ

366 2166 461 2220 καὶ
523 2165 629 2219 τοῦ
700 2158 958 2235 κοχλιοῦ,
1008 2158 1100 2213 καὶ
1158 2157 1459 2233 εἰσέρχεται
1521 2156 1575 2213 ἐν
1621 2155 1701 2229 τῷ
1761 2153 2040 2230 Δανουϐίῳ

372 2251 665 2327 τρικλίνῳ,
740 2250 831 2304 καὶ
912 2246 1132 2304 ’ίσταται
1203 2249 1239 2317 ἡ
1314 2246 1475 2319 τιμία
1549 2247 1719 2301 αὐτοῦ
1803 2245 2044 2321 τράπεζα

2145 461 2340 526 nente,
2375 456 2714 529 prazpositus
2746 474 2779 512 a
2810 458 3080 512 mandato
3121 456 3576 516 cerimoniarum
3604 462 3797 530 magi-

2144 550 2333 601 strum
2404 546 2593 616 jubet,
2653 548 2718 601 ut
2774 546 2919 600 duos
2978 544 3332 603 silentiarios
3400 548 3794 620 patriarcham

2143 640 2452 691 vocaturos
2486 635 2696 700 mittat,
2714 650 2887 707 quem
2914 650 3015 704 per
3032 635 3349 706 styracium
3374 636 3433 692 in
3456 639 3795 706 oratorium,

2147 724 2249 780 ubi
2278 725 2595 796 imperator
2639 730 2751 782 est.
2781 724 3100 778 adducunt.
3133 728 3449 796 Postquam
3485 727 3803 797 imperator

2140 831 2173 870 e
2222 815 2560 884 patriarchre
2612 830 2788 870 manu
2828 830 3040 883 corpus
3084 818 3142 869 et
3187 816 3537 886 sanguinem
3570 818 3804 877 Domini

2142 903 2389 975 accepit,
2421 902 2758 959 cubiculum
2792 903 2988 971 intrat,
3022 902 3081 957 in
3112 918 3223 972 quo
3248 905 3499 976 patricii,
3533 910 3800 981 strategi,

2143 992 2450 1048 domestici
2474 996 2532 1048 et
2553 991 2848 1063 supremis
2874 991 3084 1047 olticiis
3105 992 3327 1048 admoti
3350 1010 3513 1050 sacra
3530 1012 3791 1053 commu-

2144 1081 2318 1139 nione
2346 1100 2380 1137 a
2408 1081 2740 1153 patriarcha
2781 1080 3196 1152 impertiuntur
3226 1098 3241 1137 :
3275 1083 3494 1154 quibus
3523 1088 3801 1146 omnibus

2141 1172 2414 1245 egressis,
2456 1172 2591 1227 dum
2642 1169 2993 1242 patriarcha,
3044 1170 3396 1243 imperatore
3444 1177 3513 1229 ad
3569 1183 3800 1247 portam

2142 1262 2400 1320 cubiculi
2448 1262 2535 1318 sui
2578 1261 2908 1328 constutito,
2942 1259 3295 1319 descendere
3320 1264 3469 1331 vult,
3493 1266 3597 1321 90
3623 1284 3687 1323 se
3718 1269 3803 1325 in-

2142 1351 2332 1407 vicem
2380 1350 2643 1418 adorant,
2694 1347 3026 1423 patriarcha
3073 1350 3141 1404 ad
3204 1367 3435 1409 sacram
3487 1353 3798 1429 liturgiam

2144 1440 2552 1496 celebrandam
2574 1441 2712 1496 abit.
2746 1439 2870 1503 Qua
2899 1439 2969 1493 ad
3004 1438 3180 1495 ﬁnem
3215 1442 3515 1513 perducta,
3551 1444 3797 1517 impera.

2144 1537 2231 1587 tor
2280 1534 2502 1586 mutata
2532 1538 2683 1585 veste
2736 1546 2834 1601 per
2886 1528 3209 1584 triclinium
3243 1530 3442 1588 Sancti
3489 1533 3801 1605 Sepulchri

2143 1620 2375 1689 transit,
2408 1618 2785 1676 cubiculariis
2807 1617 2934 1675 vela
2963 1623 3020 1673 et
3045 1620 3323 1684 cortinas,
3359 1639 3486 1693 qua
3516 1623 3596 1678 ibi
3635 1629 3800 1693 sunt,

2148 1709 2541 1776 portantibus,
2591 1713 2647 1763 et
2688 1724 2785 1780 per
2817 1707 3126 1763 lateritiam
3166 1708 3655 1768 substructionem
3700 1731 3799 1770 co-

2147 1796 2491 1869 chleamque
2535 1796 2855 1853 triclinium
2886 1796 3216 1852 Danubium
3252 1797 3450 1865 intrat,
3502 1801 3601 1857 ubi
3632 1819 3800 1860 vene.

2148 1886 2331 1942 randa
2355 1901 2555 1940 mensa
2572 1885 2698 1956 ejus
2720 1884 3064 1957 reposita,et
3088 1888 3536 1956 protospatharii
3553 1888 3803 1963 barbati,

2148 1974 2749 2048 spatharocandidati,
2789 1973 3148 2029 manclavitaa
3188 1977 3496 2049 czeterique
3544 1978 3803 2039 ministri

2152 2083 2357 2124 omnes
2405 2066 2738 2138 congregati
2768 2075 2948 2121 sunt:
2993 2080 3063 2119 ex
3101 2064 3216 2134 his,
3248 2083 3395 2139 quos
3441 2084 3619 2125 caena
3664 2071 3805 2127 adhi

2152 2156 2274 2213 beri
2299 2156 2616 2227 imperator
2624 2155 2893 2227 jusserit,
2926 2154 3029 2228 ibi,
3053 2156 3241 2213 caeteri
3274 2173 3561 2231 proceres,
3583 2159 3806 2233 singuli

2154 2247 2214 2302 in
2242 2263 2351 2302 suo
2396 2246 2689 2314 cubiculo,
2723 2252 2982 2323 manent.

379 2344 570 2413 ἰκεῖσε,
602 2340 699 2397 καὶ
755 2339 1007 2414 μένουσιν
1057 2337 1229 2393 ἐκεῖσε
1283 2337 1773 2414 πρωτοσπαράριοι
1823 2332 2110 2412 βαρϐάτοι,
2161 2332 2719 2411 σπαθαροκανδιδάτοι
2768 2336 2858 2390 καὶ
2926 2338 2978 2391 οἱ
3046 2336 3135 2393 ἐπὶ
3192 2341 3289 2393 τοῦ
3359 2334 3673 2414 μαγλαὸίου
3720 2342 3811 2403 καὶ

376 2436 566 2493 λοιποὶ
625 2429 862 2495 ἅπαντες
922 2430 1209 2500 οἲκειακοὶ,
1258 2431 1349 2485 καὶ
1398 2429 1520 2485 τότε
1567 2430 1619 2484 οἱ
1672 2429 1768 2503 μὲν
1816 2426 2110 2499 κληθέντες
2160 2427 2213 2499 ἐξ
2264 2426 2441 2482 αὐτῶν
2488 2424 2804 2501 ἐκδέχονται
2848 2426 3043 2499 ἐκεῖσε,
3095 2431 3148 2485 o't
3210 2426 3267 2484 δὲ
3315 2427 3507 2487 λοιποὶ
3549 2430 3814 2508 ἄρχοντες

367 2525 602 2587 ἕκαστος
633 2525 687 2581 ἐν
718 2529 802 2597 τῷ
829 2528 1055 2579 κοιτῶνι
1093 2521 1258 2578 αὐτοῦ
1288 2522 1355 2578 9°.

437 2622 501 2689 ς’.
548 2619 615 2674 Ὁ
675 2613 734 2671 δὲ
792 2613 1050 2691 βασιλεὺς
1119 2610 1365 2677 ἀνελθὼν
1419 2610 1473 2667 ἐν
1515 2616 1594 2684 τῷ
1643 2614 2046 2683 Ἀναστασιακῷ

368 2706 640 2783 τρικλίνῳ
694 2705 785 2760 καὶ
836 2701 1178 2776 ἀπαλλάξας,
1233 2701 1376 2776 μένει
1431 2702 1565 2775 μετὰ
1612 2700 1675 2755 τὸ
1725 2696 2047 2772 διϐητήσιον

385 2798 591 2853 αὐτοῖν
624 2798 674 2851 oi
723 2793 779 2851 δὲ
821 2794 1206 2870 σιλεντιάριοι,
1248 2789 1757 2867 προσκαλεσάμενοι
1804 2792 1899 2847 τὸν
1943 2811 2049 2846 παε-

382 2885 685 2961 τριάρχην,
715 2882 1061 2962 ἀναφέρουσιν
1111 2882 1276 2939 αὐτὸν
1329 2881 1497 2957 μέχρι
1535 2886 1633 2937 τοῦ
1663 2879 1924 2956 κοχλιοῦ,
1955 2880 2046 2935 καὶ

385 2972 615 3038 καθίσας
677 2972 834 3029 ἐκεῖσε
902 2971 1143 3042 πλησίον
1208 2974 1310 3037 τῆς
1377 2971 1703 3046 εἰσαγούσης
1759 2969 1942 3041 πύλης
1990 2968 2044 3025 ἐν

376 3068 459 3135 τῷ
504 3061 786 3138 τρικλίνῳ,
839 3060 891 3117 ἐν
936 3060 982 3134 ᾧ
1030 3063 1067 3131 ἡ
1115 3060 1356 3135 τράπεζα
1410 3056 1653 3130 *ίσταται,
1708 3058 1902 3133 μηνύει
1962 3060 2042 3131 τῷ

2222 2611 2315 2666 VI.
2352 2612 2673 2680 Imperator
2716 2612 2778 2668 in
2824 2611 3144 2669 triclinium
3190 2615 3478 2671 Anastasii
3522 2618 3808 2689 ascendit,

2150 2704 2227 2769 et,
2261 2700 2525 2756 vestibus
2556 2701 2772 2771 exutis,
2804 2700 2865 2756 in
2897 2717 3003 2758 suo
3036 2702 3321 2759 dibetesio
3352 2710 3551 2760 manet
3588 2722 3603 2760 :
3636 2705 3812 2762 silen-

2150 2788 2310 2845 tiarii
2358 2804 2490 2844 vero
2529 2789 2877 2846 advocatum
2937 2791 3328 2862 patriarcham
3391 2794 3464 2849 ad
3512 2794 3811 2852 cochleam

2151 2878 2397 2943 ducunt,
2431 2876 2556 2943 ubi,
2588 2878 2730 2933 dum
2764 2894 2943 2951 prope
2972 2886 3198 2950 portam
3231 2880 3289 2936 in
3323 2881 3673 2950 triclinium,
3709 2885 3807 2941 ubi

2154 2982 2359 3022 mensa
2381 2966 2567 3037 posita
2596 2970 2709 3032 est,
2741 2968 3070 3038 ducentem,
3094 2969 3331 3039 residet,
3366 2973 3719 3042 prmpositus
3748 2972 3808 3028 id

2151 3054 2489 3126 imperatori
2519 3055 2762 3126 indicat,
2812 3056 2911 3127 qui
2943 3058 3323 3130 praepositum
3365 3059 3553 3130 jubet,
3590 3065 3655 3117 ut
3705 3078 3810 3132 pa-

376 3124 608 3228 βασιλεῖ
653 3153 682 3207 6
729 3124 1112 3224 πραιπόσιτος,
1150 3124 1200 3206 ’ὁ
1253 3146 1310 3205 δὲ
1379 3148 1636 3225 βασιλεὺς
1695 3147 1905 3205 κελεύει
1960 3153 2042 3221 τῷ

2153 3144 2471 3201 triarcham
2492 3153 2781 3213 arcessat;
2813 3145 2940 3217 ipse
2961 3163 3099 3219 sago
3129 3164 3236 3203 suo
3259 3148 3606 3215 indutus,ad
3641 3167 3804 3208 men-

377 3240 741 3315 πραιποσίτῳ
814 3237 1288 3313 προσκαλέσασθαι
1352 3237 1441 3291 τὸν
1520 3238 1889 3312 πατριάρχην,
1952 3233 2042 3290 καὶ

370 3326 596 3383 ἵσταται
647 3328 676 3382 ὁ
733 3324 1011 3401 βασιλεὺς,
1063 3330 1253 3401 φορῶν
1297 3324 1361 3381 τὸ
1402 3325 1582 3399 σαγίον
1632 3325 1822 3396 αὐτοῦ,
1873 3324 1924 3379 ἐν
1972 3326 2041 3398 τῇ

370 3415 626 3491 τραπέζῃ
681 3412 1040 3491 ἐκδεχόμενος
1088 3418 1181 3471 τὸν
1239 3415 1610 3489 πατριάρχην,
1671 3423 1760 3468 καί
1807 3413 2044 3469 καταλαο

371 3501 577 3564 ὅὸντος
643 3508 743 3558 τοῖ’)
806 3503 1170 3579 πατριάρχου,
1238 3501 1672 3577 προσκαλοῦνται
1742 3501 1886 3577 παρᾶ
1948 3505 2045 3557 τοῦ

368 3593 736 3672 πατριάρχου
790 3593 842 3647 οἱ
898 3593 1063 3669 ἱερεῖς
1114 3592 1206 3647 καὶ
1265 3596 1484 3646 ποιοῦσι
1532 3591 1624 3646 τὸν
1670 3591 1883 3667 στίχον.
1940 3590 2043 3648 Καὶ

373 3686 484 3749 εἶθ’
529 3684 711 3744 οὕτως
740 3683 769 3737 6
804 3682 899 3755 μὲν
953 3680 1212 3759 βασιλεὺς
1256 3676 1516 3737 ἐκϐάλλει
1546 3681 1610 3736 τὸ
1641 3681 1831 3759 σαγίον
1857 3680 2045 3752 αὐτοῦ,

373 3775 404 3830 6
438 3771 503 3829 δὲ
532 3791 890 3847 πατριαρχης
940 3772 1003 3827 τὸ
1059 3771 1376 3849 ὢμοφόριον
1427 3770 1616 3838 αὐτοῦ,
1649 3771 1737 3825 καὶ
1787 3766 2043 3833 λαϐόντες

372 3861 516 3919 αὓτὸ
573 3864 627 3917 οἱ
683 3864 869 3937 ἱερεῖς,
920 3858 1256 3936 ἐξέρχονται.
1316 3861 1419 3919 Καὶ
1480 3858 1793 3926 καθίσαντες
1851 3858 1904 3915 ἐν
1974 3865 2043 3935 τῇ

376 3951 628 4028 τραπέζῃ
658 3952 689 4007 ὅ
716 3972 775 4007 τε
836 3950 1092 4028 βασιλεὺς
1122 3950 1215 4006 καὶ
1262 3951 1291 4005 6
1333 3950 1704 4026 πατριάρχης,
1739 3949 2046 4030 εἰσφέρουσι

385 4043 448 4097 τὰ
474 4041 862 4115 κουκουμάρια
901 4035 1357 4115 κουϐικουλάριοι
1389 4037 1507 4109 δύο,
1540 4041 1631 4095 καί
1664 4039 1877 4095 πίνουσι
1912 4041 2047 4115 πρὸς

383 4133 544 4201 ἅπαξ,
577 4132 671 4186 καὶ
704 4131 800 4185 εἶθ’
834 4130 1014 4193 οὕτως
1046 4127 1386 4205 εἰσέρχονται
1419 4131 1470 4184 οἱ
1521 4127 1698 4207 φίλοι,
1731 4130 1819 4184 καὶ
1867 4128 2048 4185 ἔπιτε-

385 4223 568 4278 )εῖται
601 4223 638 4291 ἡ
670 4222 924 4292 συνήθεια
954 4224 1100 4277 πᾶσα
1126 4224 1224 4275 τοῦ
1242 4220 1557 4295 τραπεζίου·
1591 4220 1679 4275 καὶ
1709 4218 2069 4290 ἀναστάντων⁴

379 4317 497 4369 τῶν
522 4310 703 4389 φίλων
735 4310 824 4365 καὶ
856 4307 1203 4381 ἰξελθόντων,
1231 4307 1378 4382 μένει
1411 4309 1440 4363 6'
1470 4329 1531 4365 τε
1578 4308 1837 4385 βασιλεὺς
1884 4309 1972 4364 καῖ
2018 4310 2047 4364 6

381 4400 766 4475 πατριάρχης,
806 4400 897 4454 καὶ
938 4398 1245 4479 εἰσιρέρουσι
1294 4399 1464 4454 πάλιν
1516 4398 1567 4453 οἳ
1598 4393 2049 4473 κουϐικουλάριοι

2150 3252 2273 3292 sam
2308 3236 2696 3308 patriarcham
2715 3237 2950 3308 excipit,
2973 3237 3071 3307 qui
3099 3239 3359 3310 veniens,
3379 3242 3713 3298 sacerdotes
3734 3243 3806 3298 ad

2149 3324 2405 3381 stichum
2439 3341 2543 3380 seu
2575 3325 2896 3382 orationem
2920 3325 3228 3384 dicendam
3264 3335 3451 3385 vocat.
3486 3332 3809 3404 Imperator

2148 3415 2359 3471 deinde
2392 3431 2606 3487 sagum
2636 3432 2826 3480 suum,
2863 3417 3198 3489 patriarcha
3230 3435 3366 3475 vero
3398 3422 3807 3493 omophorium

2153 3504 2412 3575 deponit,
2461 3507 2792 3561 sacerdotes
2850 3511 3166 3578 postquam
3225 3524 3517 3580 accepere,
3569 3510 3807 3567 abeunt.

2151 3592 2375 3649 Interea
2404 3594 2549 3648 dum
2602 3610 2818 3649 mensae
2849 3594 3171 3666 imperator
3203 3600 3260 3651 et
3290 3598 3623 3668 patriarcha
3659 3601 3808 3657 assi-

2152 3684 2313 3755 dent,
2344 3683 2458 3738 duo
2490 3683 2834 3739 cubicularii
2866 3686 3206 3743 cucumaria
3237 3687 3511 3756 afferunt,
3535 3707 3600 3744 ac
3628 3692 3809 3755 semel

2153 3771 2387 3842 bibunt,
2411 3772 2643 3839 deinde,
2662 3772 2868 3829 amicis
2889 3772 3188 3845 ingressis,
3213 3777 3409 3831 omnis
3434 3793 3646 3834 mensae
3669 3782 3808 3836 ordo

2154 3862 2486 3933 peragitur:
2512 3866 2822 3933 postquam
2843 3877 2977 3917 vero
2999 3878 3302 3918 surrexere
3322 3866 3492 3920 amici
3518 3870 3573 3920 et
3590 3869 3813 3938 egressi

2153 3956 2315 4021 sunt,
2341 3950 2661 4018 imperator
2682 3955 2739 4006 et
2762 3950 3095 4022 patriarcha
3120 3959 3445 4023 remanent,
3464 3956 3815 4015 cubicularii

2153 4057 2362 4097 rursus
2397 4040 2738 4096 cucumaria
2768 4039 3042 4110 aderunt,
3075 4046 3133 4097 et
3164 4053 3477 4116 postquam
3509 4047 3703 4103 adhuc
3726 4065 3813 4104 se-

2153 4131 2270 4187 mel
2301 4135 2505 4202 potum
2539 4146 2859 4201 sumpsere,
2890 4135 3162 4203 surgunt,
3184 4138 3242 4189 et
3273 4134 3604 4205 patriarcha
3640 4138 3813 4208 paulo

2152 4223 2288 4277 ante
2309 4234 2606 4291 egressus,
2623 4218 3054 4291 omophorium,
3071 4221 3386 4293 imperator
3407 4240 3610 4297 sagum
3636 4242 3810 4281 suum

2154 4308 2368 4377 induit,
2401 4307 2677 4380 dictaque
2696 4307 2978 4378 oratione,
3007 4310 3337 4380 patriarcha
3359 4312 3699 4384 imperatori
3721 4313 3817 4370 be-

2155 4397 2553 4455 nedic'.ionem
2580 4397 2702 4467 dat,
2725 4398 3055 4454 sacerdotes
3084 4398 3318 4461 abeunt,
3344 4399 3658 4473 Postquam
3680 4417 3815 4461 vero

376 4490 448 4546 τὰ
479 4489 883 4562 κουκουμάρια,
906 4488 996 4543 καὶ
1027 4488 1248 4551 πιόντες
1278 4486 1445 4544 πάλιν
1479 4488 1613 4564 πρὸς
1647 4483 1784 4558 ἅπαξ
1805 4486 2051 4543 ἀνίσταν-

2161 4488 2351 4545 adhuc
2383 4484 3019 4560 paulisperimperator
3051 4495 3108 4544 et
3138 4488 3472 4558 patriarcha
3486 4491 3817 4547 conversati

376 4602 500 4649 ται,
531 4579 624 4634 καὶ
655 4580 683 4634 ὁ
718 4579 812 4652 μὲν
846 4577 1197 4657 πατριάρχης
1244 4578 1437 4653 μικρὸν
1484 4576 1808 4648 ὑπεξελθὼν,
1856 4575 2053 4653 βάλλει

384 4670 489 4726 τὸν
525 4667 843 4743 ὠμοιοὸριον
874 4666 1062 4736 αὺτοῦ,
1095 4669 1124 4724 6
1164 4665 1221 4723 δὲ
1255 4666 1513 4743 βασιλεὺς
1554 4668 1616 4723 τὸ
1649 4687 1832 4743 σαγιον
1865 4665 2056 4738 αὒτοῦ,

386 4758 485 4815 καί
521 4758 766 4820 εἰπόντες
813 4759 907 4813 τὸν
948 4757 1161 4833 στίχον,
1192 4754 1484 4813 ἐπιδίδωσι
1524 4760 1603 4829 τῷ
1654 4757 1871 4834 βασιλεῖ
1895 4757 1923 4813 6
1953 4778 2060 4812 πα-

382 4850 668 4925 τριάρχης
717 4847 997 4925 εὐλογίας,
1055 4846 1145 4902 καὶ
1198 4845 1510 4924 ἐξέρχονται
1569 4846 1619 4901 οἱ
1678 4847 1861 4922 ἱερεῖς.
1921 4849 2060 4913 Καθ-

388 4939 566 5010 έζεται
627 4936 685 4993 δὲ
733 4936 765 4991 ὅ
814 4958 873 4992 τε
933 4933 1191 5011 βασιλεὺς
1237 4935 1330 4991 καὶ
1379 4936 1408 4991 ὁ
1439 4934 1789 5011 πατριάρχης
1839 4937 2060 5011 μικρὸν,

2166 4584 2327 4647 sunt,
2362 4581 2495 4649 post
2531 4575 2929 4632 adorationem
2980 4581 3038 4631 et
3083 4576 3498 4636 salutationem
3548 4590 3815 4639 mutuam

2166 4666 2567 4741 egrediuntur,
2591 4669 2649 4721 et
2678 4664 3072 4738 patriarcham
3098 4666 3330 4739 quidem
3365 4669 3618 4741 praefecti
3650 4670 3818 4728 cubi-

2168 4758 2284 4815 culi
2314 4758 2386 4814 ad
2419 4756 2737 4828 cochleam,
2778 4755 2916 4813 inde
2946 4756 3261 4814 silentiarii
3290 4759 3360 4815 ad
3394 4759 3665 4817 inferiora
3684 4778 3818 4819 con-

2168 4848 2406 4917 ducunt,
2438 4846 2757 4919 imperator
2787 4863 2943 4920 vero,
2968 4848 3228 4921 quandiu
3257 4849 3420 4923 cupit
3447 4855 3506 4908 et
3532 4850 3710 4923 lubet,
3733 4851 3816 4909 ibi

2169 4940 2494 5017 permanet.

388 5029 711 5105 ὁμιλοῦντες
768 5030 907 5106 πρὸς
959 5025 1269 5103 ἀλλήλους,
1328 5028 1441 5084 εἶτα
1493 5028 1964 5104 προσκυνήσαντες
2018 5026 2306 5099 ἀλλήλους
2358 5027 2449 5082 καὶ
2505 5025 2899 5102 ἀσπασάμενοι,
2949 5024 3285 5109 ἐξέρχονται,
3343 5030 3431 5087 καὶ
3482 5032 3511 5088 6
3562 5033 3658 5108 μὶν
3711 5053 3819 5091 πα.

1767 5146 2009 5205 νΑΡιΙίΕ
2049 5146 2466 5204 LECTlONES.

448 5267 501 5303 9°
531 5268 641 5326 Pro
672 5264 944 5345 ἄρχοντες
978 5296 1043 5309 -
1074 5265 1241 5322 αὐτοῦ
1273 5265 1338 5323 Β.
1368 5265 1517 5337 conj.
1565 5261 1693 5340 ἄρχ.
1730 5263 1948 5319 ἀπίασιν
1985 5259 2215 5327 ἕκαστος
2246 5263 2297 5319 έν
2337 5264 2417 5335 τῷ
2449 5259 2585 5335 οἷ’κῳ
2614 5260 2802 5323 αὐτοῦ.

1439 5380 1642 5438 JOAN.
1681 5384 1826 5439 JAC.
1878 5381 2143 5439 REISKII
2181 5378 2767 5439 COMMENTARIUS.

446 5495 564 5566 (l3)
623 5491 819 5566 Quale
861 5490 1178 5566 discrimen
1226 5492 1302 5548 sit
1349 5489 1504 5546 inter
1539 5489 1664 5548 vela
1710 5494 1768 5549 et
1817 5491 2097 5562 cortinas,
2138 5491 2407 5565 equidem
2458 5506 2572 5547 non
2607 5488 2893 5562 intelligo.
2928 5494 3053 5551 Non
3084 5493 3242 5552 enim
3278 5495 3544 5554 videntur
3566 5497 3665 5555 hic
3707 5497 3823 5554 loci

374 5563 624 5624 cortinas
647 5566 772 5624 vela
806 5565 867 5621 in
897 5563 1167 5621 fenestris
1197 5578 1485 5635 suspensa
1515 5576 1663 5621 esse.
