4158 6380
413 401 532 462 395

1502 387 2035 451 CONSTANTINI
2080 385 2773 450 PORPHYBOGENITI

3711 389 3834 451 396

417 535 629 607 polite,
678 527 1114 600 archiepiscopi,
1146 526 1421 602 episcopi,
1457 526 1554 597 qui
1585 525 1730 582 forte
1775 540 1841 582 eo
1871 523 1961 580 die
1991 524 2053 579 in

2194 523 2596 598 ὐναπέργονται
2645 518 2703 576 δὲ
2763 520 2912 594 αύτῷ
2981 513 3424 596 μητροπολῖται,
3475 520 3836 596 ἆρχιεπίσκο-

418 624 562 680 urbe
593 625 921 686 versantur,
954 616 1148 675 clerici
1178 631 1409 689 quoque
1438 619 1666 687 Magnas
1707 614 1974 672 Ecclesiae
2007 616 2066 670 et

417 711 767 782 templorum
800 708 1292 775 suburbanorum,
1321 710 1380 762 et
1411 705 1747 777 quicunque
1767 704 1947 760 vitam
1975 719 2065 760 so-

416 799 672 855 litariam
704 799 763 854 in
806 795 1076 853 omnibus
1121 795 1493 851 monasteriis
1543 811 1644 866 per
1694 794 1845 849 hanc
1873 810 1906 847 a
1952 796 2064 848 Deo

421 889 772 944 custoditam
805 885 1010 941 urbem
1043 889 1241 954 agunt,
1273 885 1494 940 abeunt
1522 887 1579 938 et
1624 881 1912 952 hymnum
1955 897 2067 936 no-

421 983 513 1033 ctu
525 993 694 1032 rnum
728 975 786 1030 in
809 973 1028 1046 templo
1048 973 1376 1029 venerando
1395 973 1661 1028 recitent.
1689 975 1929 1026 Postera
1950 969 2063 1036 die,

422 1083 550 1138 quae
581 1063 886 1121 Dominica
907 1068 1012 1132 est,
1035 1061 1365 1135 patriarcha
1387 1077 1520 1117 cum
1545 1061 1717 1116 dictis
1739 1060 2015 1116 omnibus
2036 1073 2067 1113 e

420 1155 640 1228 templo
661 1171 794 1211 cum
827 1153 1074 1210 solemni
1098 1169 1307 1224 pompa
1330 1168 1432 1224 per
1452 1151 1740 1223 porticum
1773 1149 2066 1222 publicam

423 1244 787 1317 progreditur
809 1261 822 1313 ;
843 1243 1159 1315 imperator
1186 1259 1339 1312 vero,
1364 1259 1394 1299 e
1423 1240 1637 1312 palatio
1658 1243 1948 1313 egressus,
1973 1256 2065 1296 sa-

423 1351 564 1406 gum
599 1335 812 1398 ferens,
845 1349 946 1404 per
975 1340 1198 1403 portam
1230 1330 1570 1402 spatharicii
1617 1330 1853 1400 transit,
1886 1329 2066 1400 stipa-

421 1428 635 1494 tusque
650 1419 1257 1492 acubiculariis,sagis
1276 1420 1398 1476 suis
1415 1418 1770 1490 vestitis,per
1789 1433 2068 1490 magnan-

421 1528 544 1568 ram
576 1516 633 1568 et
662 1510 949 1567 transitus
998 1510 1126 1580 ejus
1176 1509 1505 1580 superiores
1555 1524 1771 1580 perque
1814 1507 2070 1578 ligneam

421 1601 639 1657 scalam
672 1604 893 1672 Magnae
927 1597 1195 1654 Ecclesiae
1227 1598 1645 1653 catechumena
1677 1598 1877 1664 intrat,
1901 1601 1959 1652 et
1989 1596 2071 1652 ibi

422 1707 552 1746 cum
585 1689 766 1745 cereis
799 1687 1060 1745 accensis
1082 1693 1371 1759 precatus,
1396 1691 1521 1742 tum
1557 1687 1702 1757 ipse,
1729 1689 1854 1741 tum
1877 1686 2071 1741 caeteri

422 1793 650 1846 omnes,
669 1777 983 1833 secundum
1007 1774 1268 1832 ordinem
1294 1774 1813 1844 suum,mutatoria
1827 1773 1959 1830 alba
1981 1775 2072 1830 in-

423 1869 632 1924 duunt.
665 1865 1044 1922 Processione
1075 1866 1601 1938 appropinquante,
1635 1863 1936 1920 silentium
1972 1865 2070 1920 da-

425 1967 541 2026 tur,
581 1957 683 2012 93
735 1957 1055 2028 imperator
1084 1971 1153 2011 ex
1183 1955 1486 2011 metatorio
1516 1954 2073 2010 catechumenorum

428 2046 709 2120 procedit,
743 2063 914 2118 quem
950 2044 1175 2116 patricii
1226 2062 1343 2100 una
1389 2060 1522 2101 cum
1571 2045 1837 2100 universo
1869 2047 2076 2100 senatu

430 2135 491 2190 in
527 2150 738 2206 magno
768 2133 1026 2188 triclinio
1059 2133 1265 2188 secreti
1296 2134 1615 2205 excipiunt,
1649 2140 1703 2188 et
1747 2133 2074 2204 procidunt.

431 2225 650 2281 Deinde
682 2223 1053 2294 praepositus,
1087 2223 1255 2295 signo
1287 2223 1360 2278 ab
1393 2223 1746 2295 imperatore
1775 2224 2078 2292 dato,ma-

432 2313 614 2386 gistro
647 2313 1097 2369 cerimoniarum
1129 2313 1358 2383 annuit,
1384 2313 1482 2384 qui
1510 2313 1684 2368 dicit:
1721 2335 1747 2362 «
1781 2313 1985 2368 Jubete
2009 2333 2025 2380 ;
2052 2335 2082 2364 ››

435 2402 548 2475 ipsi
581 2419 594 2457 :
631 2424 659 2452 «
692 2402 756 2457 In
791 2401 973 2456 multa
1006 2401 1275 2471 bonaque
1304 2406 1590 2474 tempora,
1625 2425 1652 2452 «
1687 2403 2035 2458 acclamant.

2171 633 2266 667 ποι
2303 613 2394 668 καὶ
2426 612 2743 683 ἐπίσκοποι,
2776 610 2895 668 ὅσοι
2929 610 2975 667 δ’
3004 610 3066 668 ἂν
3115 612 3360 688 τύχωσιν
3403 610 3552 675 ὄντες
3581 615 3652 688 τῇ
3696 611 3836 688 αὐτῇ

2170 701 2354 777 ἡμέρᾳ
2395 701 2446 756 ἐν
2478 706 2547 776 τῇ
2580 701 2764 759 πόλει.
2805 701 3022 775 ὁμοίως
3063 701 3155 757 καὶ
3204 703 3257 757 o't
3303 699 3562 778 κλῃρικοὶ
3593 708 3694 772 τῆς
3727 704 3843 760 Με-

2174 787 2352 866 γάλης
2413 788 2742 861 Ἐκκλησίας
2783 790 2876 845 καὶ
2922 791 2973 845 οἱ
3019 794 3128 846 τῶν
3191 785 3293 861 ἔξω
3341 789 3654 862 ἐκκλησιῶν
3702 793 3840 865 (21),

2173 884 2263 938 καὶ
2295 882 2412 938 ὅσοι
2455 880 2500 937 δ’
2542 881 2601 937 ἂν
2635 881 2687 938 ἐν
2720 887 2852 938 πᾶσι
2882 887 3002 946 τοῖς
3037 883 3425 959 μοναστηρίοις
3471 884 3564 939 τὸν
3617 886 3836 958 μονήρη

2177 974 2297 1048 βιον
2355 973 2606 1028 ἀσκοῦσιν
2647 971 2701 1027 ἐν
2750 972 2919 1048 ταύτῃ
2969 976 3039 1046 τῇ
3092 972 3449 1052 θεοφυλάκτῳ
3511 971 3699 1044 πόλει,
3748 973 3840 1028 καὶ

2173 1059 2487 1132 ἐκτελοῦσιν
2550 1063 2780 1123 ἅπαντες
2829 1060 3132 1136 παννύχιον
3191 1063 3362 1136 ὕμνον
3423 1061 3477 1118 ἐν
3533 1066 3612 1134 τῷ
3662 1066 3845 1135 σεπτῷ

2174 1155 2310 1223 ναῷ.
2352 1153 2436 1225 Τῇ
2482 1148 2538 1207 δὲ
2583 1151 2728 1224 ἑξῆς,
2773 1151 2896 1221 ἥτις
2945 1150 3057 1208 ἐστὶ
3100 1152 3261 1226 κυρία
3308 1156 3417 1208 τῶν
3466 1155 3712 1228 ἡμερῶν,
3755 1151 3844 1221 ἐξ·

2177 1237 2398 1318 ἔρχεται
2479 1241 2506 1295 ὁ
2585 1243 2938 1320 πατριάρχης
3029 1241 3164 1314 μετά
3229 1245 3339 1297 τῶν
3413 1241 3840 1318 προρρηθέντων

2179 1330 2429 1385 ἁπάντων
2463 1328 2524 1386 ἐκ
2561 1335 2659 1386 τοῦ
2695 1335 2823 1385 ναοῦ
2861 1331 2993 1403 μετᾶ
3021 1337 3121 1400 τῆς
3173 1329 3355 1399 λιτῆς,
3387 1332 3478 1386 καὶ
3521 1328 3840 1407 διέρχονται

2180 1413 2270 1472 διὰ
2296 1421 2393 1472 τοῦ
2451 1414 2726 1491 δημοσίου
2783 1413 3051 1491 ἐμϐόλου.
3082 1421 3146 1477 Ὁ
3187 1417 3245 1474 δὲ
3294 1418 3555 1494 βασιλεὺς
3603 1417 3839 1490 ἐξελθὼν

2179 1506 2286 1562 ἄπὸ
2316 1507 2413 1562 τοῦ
2446 1506 2741 1580 παλατίου,
2780 1513 2966 1582 φορῶν
2999 1508 3207 1584 σαγίον,
3251 1506 3339 1563 διὰ
3369 1515 3469 1579 τῆς
3521 1508 3704 1580 πύλης
3741 1505 3840 1564 τοῦ

2183 1596 2568 1671 σπαθαρικίου,
2618 1597 2710 1652 καὶ
2760 1594 3189 1674 δηριγευόμενος
3229 1599 3333 1654 ὑπό
3387 1619 3446 1654 τε
3496 1602 3605 1654 τῶν
3649 1598 3698 1635 9’
3743 1601 3846 1654 τοῦ

2185 1682 2583 1742 κουϐουκΛείου
2644 1688 2960 1763 φορούντων
3022 1689 3088 1742 τὰ
3130 1689 3290 1762 σαγία
3336 1687 3532 1759 αὐτῶν,
3563 1685 3843 1762 διέρχεται

2182 1773 2272 1830 διὰ
2313 1781 2415 1845 τῆς
2488 1775 2798 1850 μανναύρας
2847 1776 2940 1830 καὶ
2981 1781 3091 1832 τῶν
3143 1773 3474 1832 διαϐατικῶν
3524 1775 3692 1846 αὐτῆς
3736 1781 3847 1832 τῶν

2188 1865 2498 1941 ἀνωτέρων,
2551 1866 2642 1920 καὶ
2711 1863 2801 1920 διὰ
2855 1872 2955 1935 τῆς
3010 1865 3228 1938 ξυλίνης
3279 1865 3480 1928 σκάλας
3540 1865 3845 1943 εἰσέρχεται

2187 1952 2239 2010 ἒν
2269 1959 2385 2016 τοῖς
2417 1954 2884 2030 γατηχουμενίοις
2929 1962 3030 2025 τῆς
3077 1955 3336 2029 Μεγάλης
3367 1954 3720 2028 Ἐκκλησίας,
3752 1954 3842 2011 καὶ

2187 2042 2444 2100 εἰσελθὼν
2503 2045 2530 2099 ὁ
2590 2042 2850 2118 βασιλεὺς
2911 2043 2962 2099 ἐν
3031 2049 3146 2106 τοῖς
3212 2046 3678 2120 κατηχουμενίοις
3747 2043 3841 2098 καὶ

2190 2133 2502 2204 εὒξάμενος,
2537 2133 2722 2188 ἅπτων
2777 2134 3005 2208 κηροὺς,
3063 2132 3423 2206 ὑπαλλάσσει,
3457 2134 3714 2195 ὡσαύτως
3752 2133 3847 2188 καὶ

2190 2223 2381 2284 πάντες
2420 2222 2486 2276 τά
2521 2222 2658 2277 κατὰ
2714 2223 2814 2291 τήν
2873 2221 3013 2277 ίδίαν
3059 2223 3229 2293 τάξιν,
3265 2221 3616 2296 ἀλλαξίματα
3671 2223 3850 2278 αὐτῶν

2193 2312 2262 2366 τὰ
2299 2309 2498 2384 ἄσπρα.
2533 2313 2651 2380 Τῆς
2692 2309 2750 2365 δὶ
2799 2309 2958 2380 λιτῆς
3019 2310 3373 2386 ἐγγιζούσης,
3406 2309 3617 2368 δίδοται
3669 2311 3856 2367 σιλέν·

2195 2420 2332 2471 τιον,
2359 2399 2449 2454 καὶ
2506 2398 2782 2474 ἐξέρχεται
2842 2401 2870 2454 6
2924 2399 3180 2476 βασιλεὺς
3232 2399 3292 2456 ἐκ
3345 2404 3443 2455 τοῦ
3504 2400 3860 2475 μητατωρίου

433 2493 541 2544 τῶν
578 2489 1058 2564 κατηχουμενίων,
1089 2489 1179 2543 καὶ
1231 2485 1483 2563 δέχονται
1548 2489 1709 2544 αὐτὸν
1750 2490 1802 2545 οἱ
1861 2491 2138 2567 πατρίκιοι
2198 2487 2251 2544 ἐν
2308 2493 2388 2560 τῷ
2430 2487 2656 2564 μεγάλῳ
2701 2489 2969 2564 τρικλίνῳ
3025 2494 3122 2545 τοῦ
3174 2488 3427 2563 σεκρέτου
3489 2490 3627 2562 μετᾶ
3681 2489 3858 2560 πάση)

431 2588 532 2649 τῆς
588 2578 898 2656 συγκλήτου
939 2581 1028 2634 καὶ
1095 2579 1408 2637 πίπτουσιν.
1445 2580 1578 2637 Εἶτα
1635 2575 1818 2636 λαϐὼν
1865 2585 2040 2654 νεῦμα
2105 2582 2133 2635 6
2192 2579 2552 2655 πραιπόσιτος
2617 2579 2764 2654 παρὰ
2839 2585 2935 2634 τοῦ
3002 2578 3297 2653 βασιλέως,
3355 2577 3550 2635 δίδωσι
3609 2585 3688 2652 τῷ
3757 2581 3861 2644 τῆς

431 2669 811 2730 καταστάσεως
867 2667 955 2724 καί
1007 2667 1152 2743 λέγει
1179 2686 1191 2699 ·
1236 2693 1265 2722 κ(
1308 2666 1648 2726 Κελεύσατε·
1682 2694 1710 2722 ››
1743 2671 1832 2724 καὶ
1862 2669 2018 2726 αὐτοὶ
2064 2669 2457 2746 ὑπερεύχονται
2483 2685 2496 2698 ·
2544 2691 2567 2720 ι
2602 2667 2694 2730 Et;
2729 2667 2975 2730 πολλοὺς
3015 2669 3106 2723 καὶ
3136 2669 3370 2743 ἀγαθοὺς
3407 2668 3668 2743 χρόνους,
3703 2692 3730 2720 ››

505 2761 576 2817 ΙΙ.
594 2760 689 2816 Sic
715 2760 789 2816 ab
813 2759 1085 2816 omnibus
1109 2776 1304 2815 cereos
1328 2777 1462 2816 cum
1491 2760 1701 2832 phialis
1719 2762 2092 2833 gestantibus

438 2852 690 2921 stipatus
721 2855 777 2905 et
809 2867 912 2921 per
943 2865 1211 2920 magnam
1245 2849 1540 2905 cochleam
1574 2859 1631 2905 et
1679 2851 2089 2917 didascalium,

437 2940 538 2994 ubi
570 2938 712 3006 cycli
765 2937 1069 3010 paschales
1119 2938 1577 3008 constituuntur,
1613 2955 1824 3010 perque
1871 2940 2088 2996 scalam

439 3027 762 3097 digressus,
797 3042 1065 3098 magnam
1119 3026 1448 3083 narthecem
1486 3044 1598 3082 non
1651 3027 1850 3097 inlrat,
1884 3030 1984 3083 sed
2020 3027 2093 3083 ad

439 3117 642 3171 larvam
673 3132 850 3185 supra
874 3121 1158 3170 metatum
1179 3133 1212 3170 a
1235 3116 1461 3184 trigono
1483 3118 1792 3173 divertitur
1815 3135 1828 3172 :
1852 3119 2095 3174 cerimo-

442 3205 666 3261 niarius
714 3221 849 3260 vero
896 3205 966 3259 ad
1015 3205 1202 3260 scalas
1233 3205 1562 3261 constituus
1611 3207 1694 3261 ait
1739 3224 1751 3261 :
1800 3228 1827 3255 «
1860 3207 2100 3278 Caplate
2130 3190 2172 3256 (ἶ

443 3295 693 3360 Domini,
715 3315 742 3344 υ
769 3310 986 3364 perque
1007 3293 1221 3349 scalam
1247 3295 1466 3366 athyris
1489 3296 1796 3350 descendit
1817 3302 1992 3367 atque
2015 3297 2094 3352 ibi

442 3385 874 3455 processionem
901 3383 1130 3454 excipit.
1157 3385 1427 3441 Accensis
1454 3391 1649 3441 autem
1675 3386 1878 3450 cereis,
1900 3404 2096 3459 preca-

441 3481 536 3528 tur
567 3478 622 3528 et
647 3475 1042 3528 venerandam
1078 3490 1308 3530 crucem
1343 3479 1400 3530 et
1429 3492 1663 3531 sacrum
1717 3475 2092 3548 Evangelium

443 3564 660 3630 adorat,
687 3562 1074 3633 patriarcham
1101 3562 1317 3618 salutat
1337 3567 1392 3619 et
1414 3569 1547 3620 ante
1578 3563 1897 3621 solemnem
1930 3581 2093 3636 pom-

444 3667 578 3721 pam
624 3651 902 3722 procedit.
950 3651 1400 3708 Ccrimoniarius
1447 3654 1767 3725 treparium
1820 3670 1833 3710 :
1883 3676 1912 3705 «
1959 3653 2093 3711 Veri

450 3740 645 3796 cultus
673 3740 1076 3812 imaginum,»
1100 3741 1345 3811 orditur,
1368 3743 1524 3812 quod
1548 3759 1752 3799 omnes
1783 3744 2095 3814 proceden-

450 3833 538 3885 tes
561 3834 794 3886 canunt.
815 3829 1133 3900 Imperator
1157 3829 1394 3900 interea,
1416 3830 1751 3887 narthecem
1775 3833 2092 3904 ingressus,

449 3920 606 3974 sedet
637 3927 690 3974 et
711 3920 1001 3991 tantisper
1031 3920 1167 3975 dum
1197 3920 1528 3992 patriarcha
1557 3937 1689 3976 cum
1723 3923 2095 3994 processioue

448 4008 626 4075 venit,
659 4013 977 4079 exspectat.
1003 4009 1318 4080 Postquam
1341 4026 1473 4065 vero
1497 4009 1548 4065 is
1570 4026 1702 4066 cum
1729 4013 2095 4083 processioue

448 4095 701 4164 advenit,
730 4097 940 4169 surgit,
972 4103 1028 4154 et
1058 4107 1301 4170 uterque
1333 4098 1406 4154 ad
1437 4097 1628 4170 regias
1659 4109 1854 4172 portas
1900 4102 2091 4157 subsi-

447 4191 629 4254 stunt,
657 4185 756 4242 ubi
778 4188 1090 4257 imperator
1112 4188 1349 4259 quidem
1382 4204 1518 4245 cum
1552 4189 1733 4245 cereis
1755 4191 2094 4248 ardentibus

447 4280 731 4346 precatur,
750 4276 1083 4347 patriarcha
1100 4282 1291 4332 autem
1311 4293 1511 4348 preces
1530 4278 2092 4352 introitusinstituit,

442 4365 776 4436 imperator,
809 4365 993 4420 finitis
1044 4366 1339 4437 precibus,
1380 4382 1578 4423 cereos
1627 4369 1957 4440 praeposito,
1999 4370 2093 4425 hie

442 4458 896 4515 cerimoniarum
912 4457 1422 4530 magistro,tradit.
1437 4460 1772 4517 Patriarcba
1787 4470 2092 4534 postquam

2275 2759 2348 2814 B'.
2402 2757 2658 2822 Κάκεῖθεν
2711 2755 3141 2834 δηριγευόμενος
3189 2759 3217 2812 6
3261 2757 3517 2833 βασιλεὺς
3578 2761 3684 2814 ὑπὸ
3731 2757 3864 2814 πάν-

2200 2869 2309 2902 των
2374 2846 2747 2921 βασταζόντων
2811 2847 2976 2922 κηρία
3029 2846 3334 2921 ὑποφίτιλα,
3389 2849 3719 2927 κατέρχεται
3779 2845 3880 2903 διᾶ

2201 2940 2298 2991 τοῦ
2334 2935 2584 3011 μεγάλου
2625 2935 2864 3013 κοχλιοῦ
2915 2935 3005 2990 καὶ
3057 2935 3146 2991 διὰ
3174 2941 3274 2992 τοῦ
3307 2933 3718 3007 διδασκαλείου,
3750 2931 3886 3001 ἔνθα

2202 3025 2269 3080 τὰ
2309 3027 2614 3100 πασχάΛια,
2655 3025 2742 3080 καὶ
2791 3025 3071 3081 κατελθὼν
3129 3027 3196 3082 τά
3244 3024 3547 3102 γραδήλια,
3602 3027 3707 3083 οὐκ
3755 3025 3882 3082 είσ-

2205 3113 2425 3189 ἐρχεται
2473 3112 2525 3168 ἒν
2566 3115 2646 3187 τῷ
2682 3115 2908 3188 μεγάλῳ
2951 3115 3206 3189 νάρθηκι,
3249 3114 3376 3172 ἄλλ’
3436 3115 3690 3180 ἐκνεύσας
3747 3116 3879 3191 ἀρι-

2205 3206 2392 3281 στερὸν
2428 3204 2515 3260 ἐπὶ
2563 3207 2626 3260 τὸ
2678 3207 2924 3279 μητάτον
2976 3207 3082 3261 ἂπὸ
3125 3206 3222 3262 τοῦ
3275 3208 3575 3284 τριγώνου,
3610 3207 3786 3284 λέγων
3833 3210 3872 3264 ὁ

2202 3303 2302 3365 τῆς
2334 3297 2711 3358 καταστάσεως
2737 3297 2872 3351 κατὰ
2914 3297 3136 3372 βάθρον·
3175 3321 3196 3348 c
3250 3295 3531 3366 Καπλάτε,
3565 3298 3798 3370 Δόμηνιο
3838 3323 3865 3354 ι

2203 3384 2294 3438 καὶ
2341 3383 2660 3459 κατέρχεται
2709 3384 2776 3439 τά
2803 3383 3079 3460 γραδήλια
3117 3389 3214 3441 τοῦ
3253 3385 3447 3461 ἀθύροι,
3503 3387 3593 3441 καὶ
3633 3385 3866 3461 δέχεται

2205 3475 2379 3530 ἐκεῖσε
2425 3474 2525 3542 τήν
2575 3473 2758 3544 λιτήν.
2811 3475 2987 3548 Ἀψας
3035 3472 3093 3530 δὶ
3146 3475 3352 3551 κηροὺς
3400 3475 3488 3530 καὶ
3538 3473 3856 3547 εὐξάμενος,

2206 3568 2502 3637 προσκυνεῖ
2581 3564 2674 3618 τὸν
2742 3563 2929 3635 τίμιον
3003 3565 3231 3638 σταυρὸν
3303 3565 3394 3620 καὶ
3464 3563 3525 3618 τὸ
3581 3563 3859 3638 ἄχραντον

2205 3650 2568 3728 Εὐαγγέλιον,
2620 3651 2879 3714 ὡσαύτως
2931 3651 3021 3707 καὶ
3083 3652 3377 3723 ἀσπάζεται
3447 3654 3538 3708 τὸν
3602 3653 3872 3728 πατριάρ-

2206 3745 2452 3820 χην,καὶ
2504 3741 2782 3820 διέρχεται
2832 3739 3135 3819 ἔμπροσθεν
3187 3752 3289 3814 τῆς
3332 3743 3516 3814 λιτῆς.
3549 3745 3611 3803 Ὁ
3661 3743 3719 3800 δὲ
3755 3751 3864 3816 τῆς

2203 3832 2577 3889 καταστάσεως
2630 3831 2854 3908 ἄρχεται
2894 3833 2957 3888 τὸ
2995 3832 3315 3910 τροπάριον,
3343 3857 3367 3886 ει
3409 3835 3526 3903 Τὴν
3557 3837 3666 3888 τῶν
3713 3831 3865 3906 ἄλη-

2205 3927 2366 3988 θινῶν
2397 3920 2708 3999 δογμάτων,
2743 3947 2771 3975 »
2801 3924 2863 3978 τὸ
2913 3922 3043 3978 αὐτὸ
3098 3923 3428 3997 ψαλλόντων
3486 3923 3578 3979 καὶ
3636 3944 3855 3980 πάντων

2201 4020 2301 4083 τῆς
2345 4011 2742 4090 προελεύσεως.
2791 4015 2851 4070 Ὀ
2913 4010 2971 4067 δὲ
3029 4011 3308 4087 βασιλεὺς,
3361 4013 3622 4069 εἰσελθὼν
3670 4012 3723 4068 ἐν
3776 4017 3858 4087 τῷ

2200 4105 2454 4178 νάρθηκι,
2495 4103 2799 4174 καθέζεται,
2841 4102 3039 4178 μέχρις
3086 4100 3148 4157 ἃν
3193 4098 3476 4177 καταΛάϐῃ
3514 4103 3542 4158 ὁ
3592 4101 3865 4179 πατριάρ-

2203 4213 2315 4268 χης
2378 4191 2511 4266 μετὰ
2564 4198 2663 4261 τῆς
2729 4191 2906 4261 λιτῆς.
2943 4190 3049 4250 Καὶ
3079 4196 3176 4248 τοῦ
3223 4194 3572 4269 πατριάρχου
3617 4189 3857 4247 καταλα-

2203 4279 2417 4348 ϐόντος,
2475 4281 2754 4337 ἀνίσταται
2810 4283 2839 4336 6
2901 4280 3180 4357 βασιλεὺς,
3243 4282 3334 4338 καὶ
3380 4281 3619 4338 ἵστανται
3670 4280 3858 4356 ἀμφό-

2200 4393 2350 4447 τεροι
2399 4366 2702 4446 ἔμπροσθεν
2753 4376 2862 4426 τῶν
2916 4370 3216 4446 βασιλικῶν
3266 4377 3483 4442 πυλῶν,
3539 4371 3630 4426 καὶ
3677 4370 3706 4424 6
3755 4367 3857 4441 μὶν

2208 4460 2460 4526 βασιλεὺς
2521 4462 2660 4535 ἅψας
2710 4460 2916 4535 κηροὺς
2988 4457 3233 4536 εὔχεται,
3294 4462 3322 4516 6
3379 4458 3436 4516 δὲ
3507 4458 3864 4537 πατριάρχης

441 4548 620 4603 ritum
665 4547 945 4604 introitus
991 4547 1336 4614 celebravit,
1387 4553 1444 4604 et
1491 4549 1813 4621 imperator
1859 4567 2080 4607 sacrum

2199 4551 2348 4608 τελεῖ
2374 4553 2472 4620 τήν
2525 4550 2698 4625 εὐχὴν
2730 4556 2828 4619 τῆς
2857 4546 3094 4622 εἰσόδου,
3137 4549 3229 4604 καὶ
3289 4549 3580 4622 εὐξάμενος
3630 4550 3658 4605 6
3706 4549 3868 4623 βασι-

442 4636 815 4708 Evangelium
851 4636 1132 4706 adoravit,
1166 4636 1472 4707 prehensis
1505 4637 1753 4693 invicem
1788 4640 2084 4709 manibus,

441 4741 544 4796 per
577 4726 831 4781 medium
855 4726 1058 4798 templi
1081 4714 1409 4792 transeunt,
1441 4743 1658 4798 perque
1687 4727 2090 4799 obliquitatem

442 4814 711 4869 ambonis
734 4814 950 4871 soleam
985 4817 1225 4882 intrant,
1272 4817 1570 4887 sacrisque
1593 4817 1796 4886 januis
1841 4825 2040 4875 astant
2071 4835 2084 4876 :

447 4903 539 4956 ubi
565 4919 696 4958 cum
723 4905 904 4960 cereis
936 4906 1251 4977 imperator
1274 4910 1560 4977 precatur,
1587 4907 1797 4962 deinde
1817 4924 1916 4965 eos
1942 4925 2085 4981 prte-

440 4991 630 5062 posito
663 4991 873 5046 reddit.
905 4994 974 5048 Et
1003 5006 1306 5066 postquam
1335 4995 1460 5065 ipse
1483 5001 1540 5050 et
1563 4997 1888 5067 patriarcha
1919 5016 1976 5055 se
2000 5000 2086 5055 in-

438 5081 620 5135 vicem
673 5083 1018 5148 adorarunt,
1067 5082 1162 5138 hic
1209 5085 1528 5140 sacrarium
1578 5091 1792 5142 sanctae
1841 5087 2086 5158 liturgiae

439 5169 797 5226 celebrandae
816 5187 1014 5243 causa,
1037 5173 1376 5245 imperator,
1402 5173 1628 5232 divinos
1653 5175 1802 5232 ritus
1825 5183 2089 5249 peractu-

2198 4641 2322 4703 λεὺς
2382 4637 2666 4696 ἐπιδίδωσι
2722 4640 2789 4694 τὰ
2845 4639 3010 4714 κηρία
3055 4644 3135 4712 τῷ
3193 4641 3562 4714 πραιποσίτῳ,
3612 4638 3870 4700 κάκεῖνος

2195 4737 2278 4805 τῷ
2305 4737 2405 4800 τῆς
2437 4729 2835 4792 καταστάσεως.
2879 4730 2992 4785 Τοῦ
3041 4726 3098 4784 δὲ
3139 4731 3486 4806 πατριάρχου
3533 4730 3636 4797 τήν
3687 4727 3872 4804 εὐχὴν

2196 4822 2518 4884 τελέσαντος
2581 4819 2672 4874 καὶ
2744 4821 3221 4893 προσκυνήσαντος
3294 4823 3393 4874 τυῦ
3468 4817 3743 4893 βασιλέως
3800 4820 3873 4874 τὸ

2197 4909 2465 4987 ἄχραντον
2525 4906 2885 4982 Εὖαγγέλιον,
2940 4911 3306 4985 κρατήσαντες
3371 4905 3644 4978 ἀλλήλων
3690 4912 3705 4944 ¹
3760 4907 3873 4972 τὰς

2195 5006 2407 5076 χεῖρας,
2432 4997 2742 5074 διέρχονται
2795 4995 2958 5071 μέσον
2997 5002 3094 5052 τοῦ
3123 5001 3276 5065 ναοῦ,
3308 4996 3399 5052 καὶ
3441 4992 3530 5050 διὰ
3559 5003 3663 5064 τῆς
3711 4993 3872 5052 πλα-

2195 5091 2320 5168 γίας
2367 5094 2465 5146 τοῦ
2512 5084 2775 5162 ἄμϐωνος
2835 5087 3205 5157 ἐκνεύσαντες,
3258 5087 3600 5161 εἷ’σέρχονται
3668 5083 3722 5140 ἐν
3791 5091 3878 5162 τῇ

2195 5167 2408 5247 σωλαίᾳ
2457 5174 2550 5228 καὶ
2605 5170 2858 5228 ’ίστάνται
2913 5167 3219 5250 ἔμπροσθεν
3279 5176 3388 5228 τῶν
3435 5171 3602 5247 ἁγίων
3654 5170 3878 5246 θυρῶν,

1801 5305 2036 5361 VARUE
2076 5305 2480 5362 LECTIONES.

505 5416 548 5452 ’9
580 5413 682 5470 ὑπό
712 5433 770 5470 τε
798 5413 929 5474 τῶν.
963 5416 1198 5489 Aliquid
1223 5418 1424 5478 deesse
1453 5420 1680 5478 videtur
1711 5419 1778 5479 Β.
1857 5423 1871 5457 ¹
1915 5423 2282 5497 κρατήσαντες
2316 5419 2373 5477 δὲ
2412 5417 2680 5492 ἀλλήλων
2715 5420 2805 5478 ed.

1481 5545 1683 5604 JOAN.
1723 5548 1872 5606 JAC.
1915 5549 2175 5606 REISKII
2217 5546 2787 5607 COMMENTARIUS

500 5653 616 5724 (21)
666 5652 823 5710 Alias
866 5650 921 5707 at
971 5645 1073 5724 ἔξω
1121 5653 1385 5713 ecclesiae
1431 5663 1572 5715 sunt
1621 5659 1992 5719 suburbanae.
2043 5661 2150 5720 Hic
2197 5666 2391 5719 autem
2446 5662 2586 5732 puto
2636 5672 2768 5715 esse
2818 5656 3073 5716 urbanas
3121 5656 3382 5731 reliquas
3413 5662 3625 5734 prater
3652 5657 3712 5715 S.
3745 5654 3883 5715 So—

429 5741 653 5816 phiam.
