4158 6364
329 396 444 459 391

334 530 547 586 κάλεῖσε
591 519 785 583 λαϐὼν
848 522 1058 601 κηροῦς
1113 524 1142 578 6
1217 522 1475 600 βασιλεὺς
1533 520 1777 599 εὔχεται,

343 616 549 673 δίδωσιν
578 613 780 676 αὐτοὺς
810 618 897 685 τῷ
937 613 1312 687 πραιποσίτῳ.
1350 613 1448 669 Καὶ
1508 611 1795 684 ἀλλήλους
1829 630 1996 686 προσι

1222 395 1323 456 DE
1368 390 1822 457 CEHIMONIIS
1867 390 2106 453 AULxE
2150 392 2626 457 ΒΥΖΑΝΤΙΝιΕ
2669 398 2814 459 LIB.
2861 399 2909 461 Ι.

3639 411 3758 472 398

1871 521 1992 577 εἶτα
2020 528 2076 592 Α
2109 539 2229 595 rus,
2263 526 2630 585 metatorium
2659 529 2839 601 petit:
2881 530 2991 587 hoc
3022 532 3178 589 enim
3210 534 3305 591 die
3324 538 3643 596 sacrarium
3675 541 3763 599 in-

2105 617 2263 671 trare
2291 632 2407 671 non
2440 617 2607 673 solet.

341 709 649 777 κυνήσαντες
697 703 729 758 6'
777 723 839 759 τε
893 701 1150 779 βασιλεὺς
1194 701 1285 757 καί
1330 704 1357 756 6
1399 702 1772 780 πατριάρχης,
1823 699 2125 776 εἰσέρχεται
2196 701 2273 763 εἷς
2324 702 2388 758 τὸ
2437 707 2821 780 θυσιαστήριον
2862 709 2998 785 πρὸς
3062 710 3125 766 τὸ
3166 713 3266 783 τήν
3316 713 3459 778 θείαν
3510 714 3760 794 λειτουρ-

332 798 449 874 γίαν
506 792 814 864 ἐκτελέσαι,
1000 793 1028 849 6
1085 789 1347 883 βασιλεὺς
1406 792 1711 883 ἀπέρχεται
1744 790 1958 883 ἐίς-το
2019 792 2396 883 μητατώριον,
2455 793 2694 851 ἐκτελῶν
2769 796 2940 853 ἐκεῖσε
3005 801 3106 869 τὴν
3180 802 3325 866 θείαν
3383 789 3757 883 λειρουργίοίν,

326 883 379 938 ἐν
400 882 576 957 ταύτῃ
597 881 703 956 γὰρ
735 885 808 955 τῇ
840 876 1027 954 ἡμέρᾳ
1056 879 1132 942 εἷς
1161 879 1226 935 τὸ
1258 881 1642 955 θυσιαστήριον
1675 880 1703 934 6
1739 875 1995 952 βασιλεὺς
2027 875 2125 932 οὐκ
2155 878 2483 955 εἰσέρχεται.

394 980 469 1033 I“.
513 974 633 1045 Χρή
678 968 736 1027 δὲ
780 969 1005 1039 εἶδένσι,
1055 969 1141 1025 ὅτι
1190 968 1242 1026 έν
1303 971 1398 1044 μὲν
1462 972 1533 1044 τῇ
1563 965 1825 1044 προσόδῳ
1882 970 1992 1039 τῷν

316 1062 493 1138 ἁγίων
530 1061 623 1117 καὶ
678 1061 731 1116 έν
758 1064 829 1134 τῇ
874 1059 1061 1137 ἀγάπῃ
1102 1064 1211 1116 τῶν
1252 1061 1431 1136 θυρῶν
1469 1060 1584 1134 (22)
1638 1057 1737 1114 οὐκ
1780 1055 1994 1132 ἐξέρχε-

314 1174 433 1225 ται,
469 1152 525 1208 έν
579 1148 639 1207 δὲ
686 1153 757 1224 τῇ
804 1149 1063 1222 κοινωνίᾳ
1109 1148 1386 1225 ἐξέρχεται
1438 1149 1529 1205 καὶ
1576 1152 1856 1218 κοινωνεῖ,
1902 1145 1995 1201 καὶ

317 1249 426 1312 τῆς
473 1241 625 1302 θείας
672 1238 1016 1316 λειτουργίας
1072 1237 1438 1309 τελεσθείσης,
1490 1237 1767 1315 ἐξέρχεται
1821 1237 1849 1291 6
1898 1236 1998 1311 βα-

333 1331 519 1392 σιλεὺς
551 1330 661 1385 ἀπὸ
699 1333 799 1384 τοῦ
835 1327 1187 1401 μητατωρίου
1211 1328 1303 1382 καὶ
1335 1328 1545 1384 ένοῦται
1592 1332 1673 1400 τῷ
1728 1326 1997 1401 πατριάρ-

336 1443 437 1498 χῃ,
491 1419 578 1474 καὶ
659 1415 971 1493 διέρχονται
1053 1416 1353 1494 ἀμφότεροι
1426 1417 1593 1492 μέχρι
1658 1420 1755 1472 τοῦ
1832 1414 1995 1489 ἁγίου

341 1512 593 1590 φρέατος,
641 1509 1113 1582 προσκυνήσαντες
1163 1504 1221 1562 δὲ
1271 1505 1559 1578 ἀλλήλους
1600 1505 1692 1561 καὶ
1750 1505 1994 1561 ἀσπασά-

338 1619 518 1674 μενοι,
549 1596 825 1673 έξὲρχεται
863 1597 891 1651 6
955 1593 1211 1672 βασιλεὺς
1244 1596 1351 1651 ἀπὸ
1379 1600 1489 1652 τῶν
1540 1593 1731 1665 ἐκεῖσε,
1765 1594 1855 1650 καὶ
1907 1590 1997 1649 διά

330 1693 431 1745 τοῦ
462 1689 642 1763 χυτοῦ
680 1691 781 1755 τῆς
833 1688 1032 1761 μικρᾶς
1080 1682 1265 1754 πύλης
1308 1690 1409 1754 τῆς
1452 1681 1673 1760 χαλκῆς
1707 1682 1995 1752 εἰσελθὼν,

340 1776 433 1834 δια
460 1798 522 1833 τε
548 1780 658 1831 τῶν
688 1772 914 1850 σχολῶν
942 1773 1033 1830 καὶ
1059 1777 1168 1830 τῶν
1203 1769 1566 1830 ἐκσκουῦίτων
1611 1772 1995 1850 διερχόμενος,

344 1866 599 1942 λέγοντος
631 1867 730 1917 τοῦ
758 1868 858 1931 τῆς
890 1863 1290 1925 καταστάσεως·
1326 1886 1354 1914 ‹‹
1387 1860 1661 1932 Καπλάτε,
1696 1861 1932 1937 Δόμηνι.
1969 1887 1990 1914 υ

336 1955 443 2012 Καέ
514 1946 927 2013 καταλαϐόντος
982 1947 1035 2005 ἔν
1098 1954 1176 2023 τῷ
1229 1950 1625 2027 κονσιστωρίῳ,
1681 1953 1827 2025 μένει
1904 1951 1999 2025 μὲν

329 2043 514 2100 ἐκεῖσε
572 2044 607 2111 ὴ
666 2038 999 2116 σύγκλητος,
1053 2041 1468 2120 ὑπερευχομὲνη
1514 2042 1606 2097 τὸν
1670 2040 1924 2117 βασιλέα,
1971 2041 2000 2095 6

339 2132 399 2189 δὶ
462 2136 565 2201 τῆς
612 2130 992 2193 καταστάσεως
1049 2129 1138 2186 καὶ
1199 2131 1251 2186 οἱ
1317 2129 1673 2209 σιλεντιάριοι
1749 2131 1997 2207 μένουσιν

346 2223 424 2286 εἷς
471 2224 564 2278 τὸν
612 2218 872 2291 ὀνόποδα,
924 2220 1355 2296 ὑπερευχόμενοι
1420 2222 1511 2277 καὶ
1550 2221 1707 2279 αύτοὶ
1766 2223 1999 2297 ὁμοίως.

342 2314 408 2369 Ὀ
455 2309 514 2366 δὲ
564 2306 823 2387 βασιλεύς
884 2307 1164 2388 διέρχεται
1214 2306 1305 2363 διὰ
1362 2314 1460 2367 τοῦ
1501 2311 1860 2389 αύγουστέως,
1910 2313 2002 2368 καὶ

340 2401 644 2478 εῒσέρχεται
694 2405 748 2460 ἐν
795 2408 876 2476 τῷ
924 2399 1199 2475 παλατίῳ,
1250 2405 1347 2458 τοῦ
1398 2398 1454 2457 δὲ
1500 2403 1818 2477 κκητωρίου
1861 2422 2003 2458 στοι-

335 2489 630 2566 χηθέντος,
676 2492 917 2567 γίνονται
964 2490 1172 2565 μίνσαι,
1220 2490 1311 2546 καὶ
1358 2488 1561 2555 εὐθέως
1612 2489 2006 2547 ἀπαλλάσσου-

2177 970 2275 1027 Ill.
2309 971 2480 1030 Porro
2530 975 2861 1046 sciendum,
2895 978 2953 1034 in
3006 995 3284 1052 processu
3335 987 3677 1041 sanctorum
3710 990 3768 1043 et

2105 1076 2288 1133 agape
2316 1063 2729 1135 imperatorem
2760 1083 2828 1122 ex
2859 1069 3039 1138 portis
3071 1070 3191 1126 illis
3226 1087 3341 1128 non
3376 1075 3670 1146 progredi,
3703 1075 3764 1131 in

2106 1153 2523 1211 communione
2548 1164 2743 1212 autem
2764 1157 2993 1228 prodire
3009 1164 3067 1214 et
3085 1162 3527 1219 communicare
3547 1164 3759 1234 solere,

2107 1240 2391 1314 finitaque
2420 1243 2617 1300 divina
2647 1244 2907 1319 liturgia,
2937 1248 3044 1305 94
3089 1265 3160 1306 ex
3191 1252 3500 1310 metatorio
3532 1255 3763 1325 prodire

2106 1346 2285 1401 seque
2317 1332 2665 1402 patriarchas
2697 1335 3045 1410 adjungere,
3076 1339 3289 1396 deinde
3342 1346 3659 1413 utrumque
3690 1344 3762 1399 ad

2107 1437 2338 1476 sacrum
2374 1430 2613 1493 puteum
2648 1427 2983 1497 procedere,
3010 1432 3067 1483 et
3098 1435 3231 1500 post
3261 1437 3528 1488 mutuam
3560 1433 3769 1489 adora-

2104 1509 2319 1566 tionem
2343 1516 2400 1567 et
2429 1513 2844 1571 salutationem
2870 1516 3278 1586 imperatorem
3309 1536 3407 1591 per
3431 1520 3621 1577 locum
3644 1522 3769 1577 edi-

2106 1604 2225 1654 tum
2258 1617 2443 1670 parva:
2468 1602 2665 1673 januas
2687 1620 2857 1661 tenete
2889 1606 3133 1674 intrare,
3157 1609 3369 1665 deinde
3402 1627 3504 1682 per
3534 1611 3769 1667 scholas

2107 1691 2161 1742 et
2192 1688 2469 1744 excubias
2518 1691 2789 1760 transire,
2824 1693 3054 1749 dicente
3103 1694 3515 1751 cerimoniario
3550 1712 3564 1753 :
3603 1720 3624 1746 ι
3658 1701 3769 1754 Ca-

2107 1774 2257 1846 plate
2290 1777 2541 1833 Domini.
2566 1800 2595 1829 »
2620 1780 2684 1835 In
2706 1780 3058 1837 consistorio
3082 1788 3325 1839 senatus
3351 1786 3764 1856 omnis,lausta

2112 1866 2450 1938 imperatori
2481 1868 2735 1924 venienti
2766 1885 3107 1941 apprecans,
3151 1875 3425 1945 magister
3452 1890 3591 1931 vero
3620 1875 3764 1931 ceri-

2114 1956 2468 2013 moniarium
2500 1962 2558 2014 et
2587 1957 2893 2015 silentiarii
2935 1960 2993 2016 in
3027 1963 3316 2034 onopode,
3349 1963 3518 2020 bonis
3549 1964 3768 2021 omini-

2110 2045 2219 2102 bus
2250 2062 2385 2102 eum
2438 2053 2883 2120 prosequentes,
2916 2055 3266 2108 consistunt.
3301 2052 3622 2125 Imperator
3665 2068 3769 2126 per

2112 2136 2421 2209 augustale
2469 2135 2750 2209 palatium
2783 2138 2986 2210 intrat,
3020 2140 3122 2196 ubi
3168 2141 3429 2199 convivio
3461 2144 3772 2214 instructo,

2112 2225 2333 2282 missus
2364 2225 3037 2301 aﬂ‘eruntur,statimque
3061 2246 3267 2287 omnes
3298 2235 3490 2289 vestes
3523 2238 3768 2289 mutant.

2113 2312 2435 2387 Imperator
2466 2316 2525 2370 in
2577 2318 2983 2390 scaramangio
3014 2335 3180 2391 aeque
3222 2337 3289 2377 ac
3319 2321 3594 2389 convivae,
3629 2337 3774 2392 quos

2112 2404 2306 2459 vocari
2333 2404 2539 2475 jussit,
2574 2404 2842 2477 pretiosas
2873 2422 3088 2463 mensis
3121 2410 3403 2479 assident,
3422 2408 3769 2467 cubicularii

2116 2499 2311 2551 autem
2343 2494 2450 2550 hoc
2481 2493 2574 2550 die
2605 2495 2657 2549 ei
2685 2510 2801 2552 non
2833 2502 3025 2554 astare
3054 2499 3265 2555 solent.

331 2602 419 2636 σιν
477 2583 735 2644 ἅπαντες.
772 2582 834 2639 Ὀ
900 2576 959 2635 δὲ
1019 2577 1277 2655 βασιλεὺς
1331 2579 1610 2648 καθέζεται
1670 2579 1758 2635 ἐπὶ
1815 2586 1914 2650 τῆς
1981 2580 2172 2655 τιμίας
2242 2581 2408 2636 αὐτοῦ
2481 2580 2755 2657 τραπέζης
2810 2582 2915 2639 ἀπὸ
3001 2587 3440 2664 σκαραμαγγίου,
3500 2588 3589 2642 καὶ
3677 2587 3768 2647 οὕς

339 2670 597 2725 ἐκέλευσε
651 2669 897 2742 καλέσαι,
958 2669 1047 2726 καὶ
1106 2668 1260 2725 αὐτοὶ
1319 2667 1425 2725 ἀπὸ
1475 2669 1927 2746 σκαραμαγγίων,
1987 2672 2039 2726 οἱ
2089 2668 2147 2726 δὲ
2203 2675 2301 2727 τοῦ
2357 2666 2754 2727 κουόουκλείου
2812 2672 2866 2727 ἐν
2921 2676 2990 2748 τῇ
3040 2662 3223 2750 ἡμέρᾳ
3270 2662 3446 2749 έκείνῃ
3488 2676 3774 2749 παραστά-

354 2781 518 2833 σιμον
552 2762 616 2816 οὒ
637 2766 900 2834 ποιοῦσιν,

434 2850 515 2907 Δ’.
570 2850 786 2919 Ἰστέον,
815 2845 896 2906 ὅτι
944 2851 1007 2906 τὸ
1056 2848 1293 2907 παλαιὸν
1344 2850 1372 2904 6
1420 2853 1676 2913 τοιοῦτος
1718 2851 1886 2913 τύπος
1918 2849 2004 2925 ᾖν·

356 2944 451 2994 νῦν
488 2937 547 2995 δὲ
602 2940 630 2995 6
671 2939 906 3015 βασιλεὺς
948 2943 1015 2997 τά
1056 2938 1202 2997 ἄλλα
1249 2940 1422 2997 πάντα
1471 2940 1674 2997 ἐκεῖλεῖ
1710 2941 1877 3017 μέχρι
1906 2949 2009 3013 τῆς

348 3027 575 3085 εἰσόδου
608 3030 648 3100 ⁸,
707 3031 875 3094 καθὼς
922 3030 1158 3107 εἴρηται.
1210 3031 1304 3093 Εἲς
1359 3028 1415 3086 δὲ
1468 3033 1571 3101 τὴν
1633 3029 1843 3087 εἷ’σοδον
1904 3031 2010 3087 εἷσ-

342 3120 571 3194 έρχεται
631 3118 708 3181 εἰς
750 3121 813 3175 τὸ
888 3121 1046 3196 βῆμα
1109 3116 1283 3192 ἔνδον,
1326 3119 1417 3175 καὶ
1472 3124 1836 3196 προσκυνοῦσι
1903 3120 2004 3190 τὴν

346 3209 503 3283 ἆγίαν
550 3208 819 3285 τράπεζαν
870 3210 962 3265 καὶ
1023 3212 1124 3281 τὴν
1174 3208 1425 3283 ἐνδυτήν,
1471 3210 1562 3265 καὶ
1614 3207 1704 3266 διὰ
1769 3209 2005 3285 πλαγίας

344 3302 445 3353 τοῦ
502 3299 891 3375 θυσιαστηρίου
949 3300 1167 3355 καὶτοῦ
1220 3297 1460 3374 κοχλιοῦ
1498 3304 1596 3356 τοῦ
1655 3299 1877 3365 ὄπισθεν
1907 3307 2007 3370 τῆς

342 3391 565 3469 κόγχης
628 3389 868 3446 ἀνελθὼν
925 3390 1003 3452 εἷς
1052 3390 1115 3445 τὰ
1170 3385 1608 3465 κατηχουμένια,
1668 3390 2005 3466 εἰσέρχονται

338 3478 417 3541 εἷς
476 3478 544 3535 τὸ
606 3482 985 3556 μητατώριον,
1024 3478 1115 3534 καί
1190 3477 1607 3535 ἀπαλλάσσουσι
1652 3480 1751 3541 τὰς
1799 3479 2004 3535 έαυτῶν

333 3567 645 3646 χλαμύδας
684 3569 777 3625 καὶ
830 3569 1017 3643 μόνον,
1065 3570 1156 3625 καὶ
1187 3568 1444 3625 ἀκούουσι
1483 3573 1581 3625 τοῦ
1628 3569 1774 3625 θείου
1824 3570 2005 3646 Εὐαγ-

338 3658 535 3733 γελίου
595 3659 689 3714 καὶ
735 3665 835 3729 τῆς
886 3657 1153 3729 ἐκτενοῦς,
1208 3660 1297 3714 καὶ
1364 3660 1501 3731 μετά
1546 3663 1713 3714 ταῦτα
1756 3657 2008 3735 εἰσέρχε-

340 3768 428 3804 ται
461 3750 491 3804 6
534 3755 639 3818 τῆς
690 3751 968 3823 τραπέζης
1009 3748 1144 3823 μετά
1185 3753 1296 3804 τῶν
1347 3746 1706 3824 ἀρτοκλίνων,
1737 3748 1827 3803 καὶ
1860 3768 2003 3804 στοι-

336 3843 433 3917 χεῖ
479 3838 547 3893 τὸ
589 3835 929 3912 κλητώριον.
990 3838 1092 3894 Καὶ
1142 3835 1450 3913 ἐξέρχονται
1501 3838 1552 3893 οἱ
1612 3834 1869 3893 δεσπόται
1912 3835 2004 3893 καὶ

338 3928 684 4003 ἀπέρχονται
717 3925 794 3990 εἷς
838 3927 899 3982 τὸ
962 3928 1313 4001 μητατώριον
1367 3931 1465 3982 τοῦ
1519 3927 1887 4002 πατριάρχου,
1913 3925 2003 3983 καὶ

344 4015 503 4079 εὐθὺς
553 4013 795 4071 δίδονται
844 4016 1053 4090 μίνσαι,
1101 4013 1420 4089 ἐκδυόμενοι
1457 4015 1523 4071 τά
1580 4010 1874 4089 δίϐητήσια
1907 4018 2006 4072 αὑ-

342 4110 476 4175 τῶν,
506 4105 601 4161 καὶ
632 4103 951 4182 ἐκδέχονται
1000 4110 1098 4161 τοῦ
1147 4103 1505 4175 τελειωθῆναι
1541 4107 1641 4176 τήν
1685 4107 1831 4171 θείαν
1886 4105 2003 4162 λει-

336 4196 604 4271 τουργίαν
647 4195 738 4250 καὶ
787 4193 1032 4251 ἀνελθεῖν
1070 4196 1162 4251 τὸν
1206 4194 1577 4271 πατριάρχην.
1625 4195 1692 4252 Οἱ
1724 4193 1780 4250 δὲ
1835 4216 2001 4270 πραι-

334 4287 563 4361 ρόσιτοι
622 4278 1094 4363 ἀπέρχονται,καὶ
1144 4286 1462 4354 καθέζονται
1511 4283 1589 4346 εἶς
1635 4286 1735 4354 τὴν
1786 4281 2001 4355 ἄνοδον,

2192 2854 2287 2908 IV.
2322 2852 2636 2909 Sciendum
2661 2870 2893 2926 quoque
2923 2859 3011 2912 est
3040 2855 3147 2913 hos
3178 2857 3332 2914 ritus
3360 2856 3499 2914 olim
3532 2857 3775 2930 quidem

2118 2941 2642 3013 observatos,nunc
2662 2959 2794 3000 vero
2816 2945 2887 3000 ad
2907 2944 3215 3003 introitum
3241 2951 3520 3019 usque,ut
3551 2947 3777 3004 dictum

2119 3036 2229 3099 est,
2261 3031 2459 3088 omnia
2488 3030 2655 3088 aliter
2686 3033 2757 3088 ab
2808 3033 3161 3106 imperatore
3192 3036 3423 3093 institui
3471 3036 3674 3094 solere.
3710 3038 3774 3093 In

2118 3122 2360 3178 introitu
2391 3138 2523 3178 vero
2556 3123 2729 3178 bema
2749 3122 3209 3197 ingreditur,ubi
3240 3131 3298 3183 et
3329 3142 3558 3185 sacram
3592 3142 3779 3183 mem-

2118 3227 2241 3267 sam
2274 3218 2328 3268 et
2376 3211 2693 3269 instratum
2745 3212 2945 3270 adorat
2994 3231 3208 3287 perque
3257 3215 3437 3273 latera
3486 3214 3687 3275 sacelli
3719 3222 3780 3273 et

2119 3301 2388 3370 cochleae,
2418 3318 2547 3373 qum
2593 3317 2742 3374 pone
2766 3304 3053 3360 concham
3101 3309 3213 3375 est,
3248 3305 3305 3361 in
3358 3305 3780 3363 catechumena

2117 3390 2400 3461 ascendit,
2426 3390 2794 3447 metatorium
2818 3390 3019 3459 intrat,
3052 3392 3311 3450 tunicam
3344 3410 3515 3450 suam
3544 3398 3779 3450 tantum

2117 3484 2310 3535 mutat
2338 3495 2403 3535 ac
2431 3479 2693 3536 divinum
2725 3481 3101 3552 Evangelium
3148 3486 3205 3540 et
3233 3488 3530 3541 extensum
3563 3484 3724 3541 audit
3762 3498 3775 3538 :

2117 3569 2328 3625 deinde
2386 3569 2697 3642 praefectus
2757 3587 2969 3627 mensae
3029 3587 3147 3629 una
3219 3590 3352 3629 cum
3411 3571 3776 3630 tricliniariis

2115 3659 2318 3731 epulas
2376 3665 2554 3729 parat.
2616 3656 2842 3731 Egressi
2899 3665 3091 3717 autem
3170 3662 3394 3719 domini
3448 3664 3522 3717 ad
3583 3664 3773 3717 meta-

2114 3747 2327 3804 torium
2370 3748 2715 3821 patriarchas
2746 3750 2985 3819 abeunt,
3020 3751 3337 3823 statimque
3374 3752 3593 3807 missus
3625 3750 3767 3806 aﬂ‘e-

2116 3842 2348 3903 runtur,
2380 3841 2522 3893 tunc
2550 3838 2827 3895 dibetesia
2872 3855 2981 3895 sua
3020 3844 3264 3905 exuunt,
3292 3845 3348 3895 et
3398 3854 3585 3910 usque
3616 3838 3759 3895 dum

2114 3927 2313 3983 divina
2342 3925 2575 3999 liturgia
2596 3926 2884 3984 celebrata
2913 3933 3003 3984 est
3025 3932 3082 3984 et
3113 3929 3444 4000 patriarcha
3476 3928 3762 4000 ascendit,

2113 4020 2472 4087 exspectant.
2507 4016 2805 4089 Prtepositl
2838 4016 2898 4073 in
2940 4017 3124 4087 aditu,
3158 4034 3259 4091 per
3307 4035 3483 4092 quem
3529 4018 3767 4076 advenit

2114 4104 2897 4178 patriarcha,consident,cuj
2907 4123 2975 4163 us
2992 4106 3353 4165 advenientis
3372 4124 3580 4165 manus
3595 4124 3764 4164 oscu-

2112 4193 2330 4263 lantur,
2362 4192 2575 4251 deinde
2604 4194 2821 4251 abeunt
2872 4210 3124 4268 eumque
3154 4196 3229 4252 ad
3275 4196 3547 4253 dominos
3578 4197 3767 4253 addu-

2114 4288 2274 4341 cunt.
2312 4284 2582 4352 ls,exutis
2614 4286 2880 4342 vestibus
2910 4288 3056 4358 suis,
3089 4287 3393 4360 egreditur
3420 4292 3476 4343 et
3507 4303 3641 4344 cum
3667 4287 3767 4343 do-

338 4372 406 4429 δι¹
437 4376 505 4445 ᾖς
536 4375 567 4430 6
615 4374 967 4453 πατριάρχης
1009 4373 1319 4449 ἀνέρχεται,
1367 4372 1455 4429 καὶ
1504 4374 1567 4429 τὸ
1609 4375 1720 4446 (23)
1763 4371 2002 4430 ἀνελθεῖν

2116 4375 2294 4432 minis
2313 4389 2531 4431 mensa
2546 4374 3052 4444 accumbit,vocati
3073 4376 3148 4433 ad
3165 4376 3494 4432 convivium
3516 4376 3764 4446 intrant,

344 4462 513 4517 αὐτὸν
561 4467 820 4536 κρατοῦσι
879 4452 976 4527 τάς
1017 4466 1210 4538 χεῖρας
1251 4463 1436 4535 αὐτοῦ,
1497 4462 1867 4535 ἀσπαζόμενοι
1919 4460 2011 4518 αύ-

2119 4471 2177 4523 et
2207 4481 2327 4521 una
2355 4479 2485 4520 cum
2516 4463 2609 4519 his
2640 4462 2973 4535 epulantur,
3006 4465 3224 4537 quibus
3253 4463 3765 4536 surgentibus,do-

344 4550 473 4618 τὰς,
531 4558 621 4606 καῖ
670 4553 1000 4615 ἀπελθόντες
1066 4552 1374 4629 εἰσάγουσιν
1448 4552 1610 4609 αὐτὸν
1678 4553 1813 4627 πρὸς
1876 4551 2004 4615 τοὺς

348 4638 633 4705 δεσπότας.
684 4643 787 4702 Καὶ
837 4637 1089 4698 ἐκϐαλὼν
1150 4643 1178 4699 6
1245 4642 1597 4719 πατριάρχης
1653 4642 1720 4698 τὰ
1775 4641 2003 4716 ἀλλαξί-

338 4751 497 4804 ματα
545 4720 736 4806 αὑτοῦ,
767 4727 955 4788 λαϐὼν
1003 4730 1131 4795 τοὺς
1180 4729 1469 4805 δεσπότας,
1520 4731 1751 4802 ἐξελθὼν
1800 4732 2006 4807 ἀκουμ-

330 4817 479 4893 ϐίζει
550 4823 693 4895 μεκὰ
747 4826 857 4878 τῶν
914 4823 940 4859 ³
995 4828 1096 4891 τῆς
1152 4820 1450 4899 τραπέζης,
1508 4820 1600 4877 καὶ
1659 4820 2003 4898 εΐσέρχονται

337 4913 393 4966 οἰ
420 4909 724 4983 κληθέντες
759 4912 851 4967 καὶ
880 4911 1163 4989 ἀριστοῦσι
1198 4913 1313 4985 μετ’
1356 4910 1561 4983 αὐτῶν,
1588 4912 1679 4967 καὶ
1724 4913 1817 4968 τὸν
1878 4911 2005 4968 ἀνα-

342 5006 535 5069 στῆναι
592 4999 815 5073 αύτοὺς,
887 4999 1225 5077 ἀπέρχονται
1282 5000 1449 5059 πάλιν
1502 5001 1554 5057 οἱ
1604 4997 1859 5059 δεσπόται
1914 4999 2005 5057 διὰ

2113 4554 2257 4613 mini
2315 4568 2518 4610 rursus
2577 4568 2677 4625 per
2742 4554 3007 4625 porticus
3060 4555 3133 4611 ad
3189 4553 3465 4627 palatium
3526 4554 3765 4611 abeunt.

2113 4644 2431 4702 Sciendum
2461 4647 2551 4700 est
2581 4643 2908 4715 magistros,
2936 4645 3280 4717 praepositos
3308 4648 3367 4701 et
3398 4643 3673 4717 patricios
3700 4659 3769 4701 ex

2114 4732 2471 4791 mconomico
2502 4747 2721 4803 cereos,
2754 4732 2866 4789 sub
2914 4733 3154 4791 domino
3192 4731 3625 4806 TheOphylacto
3658 4749 3767 4788 au-

2114 4826 2232 4879 tem
2263 4822 2442 4879 etiam
2472 4827 2772 4893 unguenta
2800 4820 2982 4878 odora
3027 4823 3309 4894 accipere.
3342 4821 3441 4880 95
3477 4820 3765 4878 Dominus

2113 4909 2589 4982 Theophylactus
2636 4910 2970 4981 patriarcha
2996 4910 3059 4967 in
3110 4915 3277 4983 parte
3306 4909 3548 4968 oratorii
3579 4908 3770 4968 sancti

2112 4999 2530 5073 Theophylacti
2552 4999 2729 5058 etiam
2752 5000 3083 5059 convivium
3117 4999 3521 5070 inatruxit,cui
3542 4997 3768 5057 domini

1716 5184 1807 5246 VA
1816 5185 1956 5245 RIB
1994 5181 2409 5243 LECTIONES.

413 5345 436 5381 ¹
469 5345 686 5403 ΣΧΟΔ.
723 5343 905 5402 Τοῦτο
932 5336 1166 5419 ἔσχατον
1195 5338 1472 5415 ἅτυπώθη.
1549 5343 1572 5379 ³
1602 5340 1738 5416 μετά
1763 5346 1872 5397 τῶν
1898 5342 1992 5414 Ηη
2028 5340 2142 5415 μετ’
2172 5335 2351 5394 αὐτῶν
2386 5336 2514 5395 cod.
2546 5339 2607 5394 ct
2634 5337 2728 5394 ed.

1382 5513 1579 5573 JOAN.
1619 5512 1764 5573 JAC.
1805 5513 2065 5572 REIBKII
2106 5506 2695 5568 COMMENTARIUS.

415 5686 538 5760 (ἓξ)
570 5689 796 5760 Ijempe
821 5682 1387 5760 e_x_t_ra_metatorium
1417 5683 1891 5760 nonprocederq.

416 5748 540 5831 (23')
571 5748 769 5815 Etiam
819 5754 964 5814 alibi
995 5752 1106 5812 hoc
1149 5755 1210 5811 iu
1254 5754 1450 5812 codice
1495 5748 1709 5829 16'pro
1760 5748 1895 5828 μετὰ
1940 5748 2003 5809 τό

2115 5678 2388 5754 occurrit.
2423 5677 2512 5754 lt_a
2560 5673 2745 5754 paulo
2782 5682 2906 5754 post
2953 5672 3343 5754 16__ayaa1ﬁvat
3397 5667 3681 5754 propnat
3713 5666 3775 5722 τὸ

2115 5749 2429 5819 ἀναστῆναι.
2462 5746 2615 5807 Sane
2644 5748 2820 5807 codex
2849 5746 2941 5804 hic
2969 5747 3214 5805 editioni
3244 5746 3555 5803 consentit.
