4158 6378
395 376 507 437 ιοι

1044 508 1306 566 ΚΕΦΑΛ.
1346 506 1431 567 Λ’.

1281 375 1382 437 DE
1427 372 1879 439 CERIMONIIS
1927 370 2168 436 ΑΙ]ιῶ
2210 369 2688 434 BYZANTINE
2729 372 2881 435 LIB.
2931 375 2977 433 Ι.

2092 509 2153 575 Α

3724 377 3843 439 402

2770 506 3004 565 CAPUT
3046 507 3223 565 XXX.

414 600 558 683 '01::
628 593 714 683 δεῖ
782 593 1279 683 τιαριιφυλάττειγ,Δ
1327 594 1374 652 εί
1435 598 1584 683 τύχῃ
1646 598 1688 683 ᾖ
1752 596 1914 683 ἑορτή
1980 599 2068 683 τοξ

2188 596 2563 683 Obseruando,
2588 597 2686 679 ιιὸἱ
2715 596 3184 683 inciderit/estus.
3212 597 3330 653 dies
3379 597 3838 683 Αηηιιηιίᾳιὶριιίε

492 665 914 743 Εὖαγγελισμοῦ
955 665 967 675 ’
996 675 1119 743 -τῆς
1165 665 1545 743 --Ὑπεραγίαξ

486 734 728 815 Κυρίακῇ
786 734 891 809 τῆς
943 734 1119 813 μέσής
1161 734 1470 813 ἑϐδομάδος
1501 742 1635 815 (31).

475 830 558 890 Α’.
589 829 790 886 Ἰστέον
822 826 891 899 δὴ
926 829 1019 884 καὶ
1050 833 1234 900 τοῦτο,
1267 828 1374 901 ὅτι,
1421 829 1467 885 εί
1508 830 1605 903 μὲν
1635 828 1782 906 τύχῃ
1815 832 1850 899 ἠ
1884 828 2019 899 αὖτή
2052 828 2076 864 ⁶

402 919 591 993 ἡμέρα
646 923 749 975 τοῦ
799 916 1231 995 Εὗαγγελισμοῦ
1282 922 1350 993 τῇ
1420 923 1662 993 Κυριακῇ
1729 925 1829 989 τῆς
1905 917 2071 991 μέσης

406 1003 729 1081 ἑϐδομάδος
766 1012 873 1064 τῶν
905 992 1191 1079 νηστειῶηλ
1239 1007 1477 1065 τελεῖται
1528 1010 1724 1072 οὓτως.
1761 1008 2071 1086 Προέρχον-

394 1118 490 1153 ται
542 1098 775 1159 ἅπαντες
823 1095 1068 1174 ἰννύχιοι
1112 1095 1164 1153 ἒν
1212 1101 1290 1170 τῷ
1329 1096 1605 1171 παλατίῳ,
1640 1099 1730 1154 καὶ
1760 1096 2071 1153 ἀλλάσσου-

400 1208 488 1242 σιν
521 1188 577 1242 οἱ
630 1187 731 1259 μὲν
782 1186 1063 1261 πατρίκιοι
1108 1184 1371 1262 χλανίδιὰ
1419 1186 1608 1260 λευκὰ,
1640 1183 1840 1267 ἔχοντα
1869 1182 2070 1244 ταόλία

396 1276 508 1332 ὰπὸ
560 1276 726 1351 ὀξέων
785 1276 862 1350 (ἦν
919 1278 1024 1354 γάρ
1071 1278 1241 1353 ταύτῃ
1292 1282 1361 1353 τῇ
1410 1278 1574 1353 ἑορτῇ
1625 1278 1687 1334 οὐ
1736 1282 1963 1357 φοροῦσι
2000 1279 2068 1334 τὰ

411 1362 928 1443 ὗποχρυσοκλάόων
974 1369 996 1403 ’⁸
1025 1361 1267 1422 ταϐλίων
1309 1365 1617 1443 χλανίδια),
1667 1367 1926 1430 ὡσαύτως
1970 1368 2060 1423 καὶ

396 1459 435 1527 ἡ
503 1456 811 1530 σύγκλητος
858 1457 1039 1512 ἅπασα
1085 1457 1192 1512 ἀπὸ
1265 1456 1475 1513 λευκῶν
1528 1453 1852 1533 χλανιδίων,
1900 1458 1951 1512 οἱ
2003 1454 2061 1512 δὲ

396 1547 758 1621 πραιπόσιτοι
798 1543 1133 1601 ἀλλάσσουσι
1187 1547 1324 1620 μετὰ
1370 1550 1468 1603 τοῦ
1514 1542 1935 1616 κουόουκλείου,
1985 1546 2059 1608 ὡς

393 1636 626 1692 εἴθισται
684 1633 893 1699 αὐτοῖς.
946 1633 1289 1708 Ἀνοίξαντος
1350 1632 1408 1691 δὲ
1471 1639 1569 1691 τοῦ
1626 1633 1919 1698 παλατίου,
1956 1634 2055 1709 τάτ

396 1748 526 1806 χιον
578 1724 687 1780 ἀπὸ
732 1724 1035 1788 κελεύσεως
1086 1724 1423 1801 εἰσέρχονται
1474 1725 1725 1796 ἅπαντες,
1771 1724 1860 1779 καὶ
1914 1721 2058 1779 διελ-

397 1816 586 1879 θόντες
622 1810 713 1869 διὰ
762 1818 860 1869 τοῦ
910 1814 1394 1891 χρυσοτρικλίνου,
1454 1814 1793 1892 εἰσέρχονται
1842 1815 1917 1876 είς
1964 1814 2054 1868 τὸν

391 1905 517 1960 ναὸν
552 1911 652 1973 τῆς
680 1904 1004 1979 Ὑπεραγίας
1055 1904 1321 1960 Θεοτόκου
1372 1908 1468 1961 τοῦ
1518 1910 1727 1980 Φάρου,
1770 1904 1860 1958 καὶ
1891 1924 2054 1979 προσ-

388 1996 727 2065 κυνήσαντες
769 1995 836 2049 τά
881 1994 1041 2065 τίμια
1090 1993 1244 2066 ξύλα,
1294 1990 1627 2070 ἐξέρχονται,
1692 1994 1782 2048 καὶ
1850 1994 2054 2057 εὐθέως

386 2084 498 2140 ἀπὸ
555 2082 863 2145 κελεύσεως
915 2080 1123 2139 δίδοται
1178 2084 1595 2158 μεταστάσιμον.
1644 2081 1933 2153 Μεσούσης
1993 2080 2053 2137 δὲ

385 2179 495 2243 τῆς
541 2169 795 2248 δευτέρας
844 2171 1014 2249 ὣρας,
1060 2172 1337 2253 ἐξέρχεται
1386 2175 1414 2229 6
1470 2170 1725 2249 βασιλεὺς
1774 2170 1863 2226 καὶ
1911 2169 2053 2246 διέρ-

393 2280 560 2336 χεται
605 2258 693 2316 διὰ
743 2267 845 2330 τῆς
906 2258 1133 2339 δάφνης,
1210 2263 1392 2317 ἅπτων
1460 2260 1511 2317 ἐν
1565 2266 1683 2324 τοῖς
1741 2260 2052 2334 εὖκτηρίοις

388 2351 624 2425 κηροὺς,
657 2351 730 2413 ὡς
761 2350 995 2406 εἴθισται
1045 2351 1217 2424 αὐτῷ,
1268 2352 1358 2406 καὶ
1408 2350 1710 2428 εἰσέρχεται
1744 2351 1795 2407 ἐν
1820 2355 1900 2424 τῷ
1933 2372 2054 2407 κοι-

385 2446 526 2497 τῶνι
570 2445 669 2497 τοῦ
721 2440 1088 2517 αὐγουστέως,
1139 2439 1229 2496 καὶ
1280 2439 1599 2512 ὑπαλλάξας
1624 2440 1689 2497 τὸ
1721 2437 2051 2514 διϐητήσιον

380 2534 583 2601 αὐτοῦ,
637 2527 922 2605 ἐκδέχεται
969 2530 1061 2585 τὸν
1111 2528 1320 2606 καιρόν.
1374 2531 1471 2585 Καί
1520 2533 1618 2586 τοῦ
1662 2533 1855 2605 καιροῦ
1885 2550 2049 2586 κατα.

379 2620 685 2694 λαϐόντος,
720 2620 991 2694 δηλωθεῖς
1042 2623 1072 2678 6
1120 2623 1481 2696 πραιπόσιτος
1510 2624 1655 2697 παρᾶ
1684 2627 1780 2680 τοῦ
1810 2630 1909 2693 τῆς
1957 2644 2049 2679 κα-

387 2713 727 2782 ταστάσεως,
774 2710 1031 2768 εἰσελθὼν
1094 2709 1264 2783 δηλοῖ
1308 2717 1388 2786 τῷ
1441 2712 1678 2788 βασιλεῖ.
1746 2714 1843 2768 Καὶ
1892 2734 2048 2769 πεπι-

396 2796 747 2874 ϐαλλόμινος
787 2803 813 2857 6
854 2801 1110 2878 βασιλεὺς
1158 2804 1257 2873 τήν
1304 2799 1544 2882 χλανίδα
1576 2803 1765 2873 αὐτοῦ,
1795 2802 1975 2864 καθὼς
2007 2805 2041 2873 ἡ

397 2892 663 2961 συνήθεια
709 2885 843 2969 ἔχει,
881 2891 1155 2967 ὶξέρχεται
1203 2894 1292 2947 καὶ
1346 2889 1619 2969 διέρχεται
1671 2890 1759 2947 διὰ
1804 2896 1903 2947 τοῦ
1942 2893 2041 2947 αὐ-

388 2981 698 3056 γουστέως,
756 2980 853 3036 εἷθ’
914 2981 1086 3043 οὕτως
1150 2979 1578 3060 δηριγευὸμενος
1630 2983 1734 3038 61:6
1780 2987 1888 3038 τῶν
1938 2982 2037 3057 ἆρ-

374 3069 603 3147 χόντων
652 3074 749 3125 τοῦ
796 3067 1211 3143 κουϐουκΛείου,
1258 3070 1534 3149 διέρχεται
1586 3071 1676 3129 διὰ
1719 3077 1817 3129 τοῦ
1850 3078 2036 3128 στενοῦ

370 3166 483 3229 τῆς
521 3167 736 3235 χρυσῆς
776 3162 990 3236 χειρὸς,
1029 3162 1120 3217 καὶ
1170 3160 1457 3238 ἀνέρχεται
1508 3163 1584 3226 εἰς
1629 3163 1720 3218 τὸν
1775 3160 2032 3233 ὀνόποδα,

1642 669 1912 726 Θεοτόκου
2010 670 2079 742 τῇ

2256 673 2463 795 εαέἆιζίε
2519 666 2779 742 Βείρανω
2845 669 2907 725 in
2960 666 3307 725 Dominicam
3382 672 3584 726 media
3634 670 3835 729 hebdo-

2256 757 2308 795 m
2389 757 2454 795 ιε.

2254 757 2454 796 mauu.

2257 830 2304 887 Ι.
2336 830 2653 887 Sciendum
2686 833 2795 890 est.
2829 829 2928 885 ubi
2962 830 3145 887 festus
3184 830 3663 888 Annuntiationis
3706 832 3831 888 dies

2181 919 2238 975 in
2274 919 2636 977 Dominicam
2671 919 2876 976 medie
2900 919 3657 991 hebdomadisjejuniorum
3684 922 3829 977 inci-

2182 1009 2353 1077 derit,
2385 1010 2472 1066 sic
2513 1024 2648 1066 eum
2692 1008 2991 1066 celebrari.
3049 1008 3264 1066 Omnes
3315 1018 3659 1066 nocturnam
3694 1028 3827 1083 pro-

2178 1101 2502 1156 cessionem
2536 1099 2605 1154 ad
2640 1098 2919 1171 palatium
2952 1099 3297 1169 instituunt,
3330 1099 3561 1170 patricii
3593 1100 3824 1171 quidem

2178 1186 2394 1244 tunicis
2427 1187 2578 1244 albis
2626 1204 2760 1244 cum
2812 1187 3091 1244 orbiculis
3142 1187 3414 1244 violaceis
3464 1188 3654 1245 induti
3693 1189 3825 1260 (hoc

2177 1277 2333 1333 enim
2361 1277 2456 1333 die
2488 1276 2718 1334 tunicas
2746 1276 2941 1333 aureis
2991 1275 3172 1333 clavis
3215 1282 3521 1349 praetextas
3570 1294 3684 1334 non
3726 1294 3828 1351 ge-

2175 1369 2355 1439 runt),
2387 1367 2490 1423 96
2520 1377 2750 1424 senatus
2798 1382 3036 1439 quoque
3093 1365 3287 1423 omnis
3343 1366 3492 1423 albis
3539 1367 3822 1437 vestibus,

2174 1458 2468 1531 praepositi
2502 1462 2560 1514 et
2581 1456 2927 1515 cubicularii
2985 1460 3049 1512 ut
3088 1473 3322 1530 semper
3359 1457 3569 1513 solent.
3614 1460 3821 1529 Aperto

2172 1552 2367 1605 autem
2398 1547 2638 1620 palatio,
2680 1548 2870 1604 subito
2918 1563 3124 1604 omnes
3174 1564 3209 1603 a
3256 1548 3531 1603 mandato
3573 1547 3817 1617 intrant,

2170 1652 2387 1711 perque
2412 1652 2655 1694 aureum
2671 1636 2990 1693 triclinium
3013 1635 3297 1709 templum
3319 1637 3537 1692 Sancte
3565 1636 3818 1708 Deiparas

2168 1728 2339 1786 Phari
2368 1731 2596 1800 petunt,
2630 1726 2730 1783 ubi
2771 1727 3099 1782 venerando
3138 1726 3332 1783 crucis
3371 1725 3530 1797 ligno
3554 1725 3815 1793 adorato,

2169 1819 2366 1876 statim
2400 1834 2709 1890 processus
2740 1833 2808 1873 ex
2839 1817 3109 1872 mandato
3140 1817 3335 1871 datur.
3379 1816 3529 1870 Hora
3552 1817 3814 1871 secunda

2171 1909 2692 1979 mediaimperator
2714 1906 3061 1979 procedit,et
3085 1922 3187 1978 per
3207 1904 3526 1976 daphnem,
3551 1906 3812 1961 accensis

2168 2001 2229 2056 In
2285 1999 2413 2069 ejus
2455 1997 2708 2054 oratorio
2748 1996 2953 2061 cereis,
3006 2000 3071 2051 ut
3102 1994 3267 2064 solet,
3300 1993 3457 2050 venit
3485 2000 3542 2050 et
3563 1994 3812 2050 cubicu-

2165 2088 2290 2144 lum
2334 2086 2656 2159 augustalis
2712 2086 3039 2157 ingressus,
3087 2089 3306 2139 mutato
3366 2083 3647 2139 dibelesio
3680 2100 3809 2153 suo,

2167 2184 2398 2249 tempus
2424 2174 2811 2249 praestolatur.
2846 2174 2969 2238 Quo
3000 2174 3285 2239 veniente,
3320 2172 3631 2228 monitusa
3662 2172 3812 2229 ceri-

2162 2266 2495 2323 moniarum
2528 2266 2811 2337 magistro
2861 2264 3234 2337 praepositus,
3266 2263 3338 2318 ad
3392 2262 3807 2334 imperatorem

2163 2356 2488 2431 ingreditur
2517 2356 2689 2428 eique
2721 2361 2955 2426 tempus
2999 2355 3203 2411 adesse
3237 2352 3478 2409 indicat.
3524 2355 3578 2408 Is
3610 2352 3810 2408 tunica

2161 2464 2291 2515 sua,
2323 2452 2386 2504 ut
2416 2463 2541 2503 mos
2571 2450 2682 2514 est,
2714 2444 2981 2510 indutus,
3015 2443 3382 2516 progreditur
3420 2448 3477 2499 et
3498 2459 3602 2514 per
3630 2458 3810 2515 augu-

2159 2537 2308 2593 stale
2334 2534 2571 2605 transit,
2596 2536 2749 2590 unde
2772 2548 2805 2590 a
2828 2533 3080 2589 cubiculi
3105 2532 3385 2605 praefectis
3408 2533 3681 2603 stipatus,
3708 2548 3810 2604 per

2157 2638 2386 2687 stenum
2420 2644 2603 2684 aureas
2636 2643 2850 2683 manus
2889 2626 2960 2681 ad
3012 2625 3366 2697 onopodium
3416 2623 3680 2680 ascendit
3707 2640 3721 2679 :
3748 2624 3805 2678 in

2156 2728 2319 2792 porta
2347 2734 2508 2774 aenea
2538 2720 2793 2774 stantem
2828 2715 3057 2788 patricii
3088 2718 3145 2771 et
3174 2713 3432 2785 strategi,
3463 2714 3618 2768 inter
3657 2728 3804 2784 quos

2155 2810 2375 2867 medios
2397 2807 2837 2866 cerimoniarius
2863 2810 3033 2873 astat,
3057 2804 3370 2875 excipiunt,
3401 2807 3459 2859 et
3490 2808 3803 2874 postquam

2152 2914 2358 2956 omnes
2379 2897 2791 2968 imperatorem
2824 2895 3160 2962 adorarunt,
3182 2892 3531 2966 praepositus
3560 2909 3589 2946 a
3623 2908 3801 2947 man-

2151 2991 2286 3045 dato
2307 2988 2537 3058 signum
2561 2984 2969 3042 cerimoniario
3002 2985 3124 3054 dat,
3145 2984 3243 3056 qui
3268 2982 3439 3039 dicit:
3470 3003 3494 3035 ι
3528 2982 3799 3048 ,ἶυῠθιοςυ

2148 3078 2391 3151 posthac
2438 3078 2709 3132 universo
2758 3076 2989 3131 senatui
3020 3073 3215 3145 juncti
3264 3074 3335 3129 ad
3377 3072 3795 3128 consistorium

2146 3167 2382 3224 abeunt.
2410 3167 2731 3237 imperator
2761 3163 2874 3219 sub
2928 3162 3286 3218 camelaucio
3330 3161 3389 3217 in
3434 3159 3624 3231 lapide
3663 3177 3799 3232 por-

381 3250 477 3304 καὶ
511 3270 730 3312 στάντος
777 3248 943 3307 αἶ)τοῦ
992 3250 1044 3306 ἐν
1095 3254 1164 3326 τῇ
1195 3251 1344 3327 πύλῃ
1391 3254 1459 3327 τῇ
1511 3250 1722 3330 χαλκῇ,
1775 3249 2033 3329 δέχονται

2164 3255 2453 3328 phyretico
2482 3258 2621 3323 stat,
2653 3255 2909 3324 dumque
2940 3252 3168 3324 patricii
3207 3266 3337 3307 cum
3385 3254 3593 3306 senatu
3617 3250 3803 3323 proci-

382 3339 543 3395 αὐτὸν
605 3338 777 3396 ἐκεῖσε
826 3339 1109 3416 πατρίκιοι
1156 3343 1247 3397 καὶ
1296 3343 1613 3420 στρατηγοὶ,
1676 3343 1768 3397 καὶ
1828 3342 2041 3398 ’ἰσταται

379 3431 549 3505 μέσον
582 3429 762 3486 αὐτῶν
813 3432 841 3486 6
890 3434 990 3502 τῆς
1029 3433 1433 3505 καταστάσεως,
1473 3433 1564 3488 καὶ
1612 3431 1824 3488 πάντων
1871 3453 2045 3508 προσ-

371 3518 756 3593 κυνησάντων,
804 3520 945 3577 νεύει
989 3522 1016 3576 6
1060 3523 1425 3597 πραιπόσιτος
1478 3525 1585 3579 ἂπὸ
1624 3520 1925 3585 κελεύσεως
1964 3526 2046 3595 τῷ

2157 3346 2330 3416 dunt,
2369 3344 2725 3419 praepositus
2778 3341 3103 3398 silentiario
3151 3357 3182 3398 e
3230 3340 3530 3408 mandato,
3586 3338 3805 3395 inloco

2156 3435 2412 3493 inferiori
2476 3432 2813 3498 constituto,
2865 3430 3101 3504 signum
3159 3431 3280 3502 dat,
3333 3432 3384 3487 is
3414 3429 3602 3486 dicit:
3643 3449 3665 3481 ι
3696 3427 3806 3484 Ju-

2157 3524 2306 3579 bete.
2342 3541 2371 3570 ››

375 3619 479 3683 τῆς
529 3611 939 3687 καταστάσεως,
986 3612 1076 3668 καὶ
1125 3611 1295 3690 λέγει.
1349 3637 1379 3667 ‹‹
1420 3613 1719 3684 Κλεύσατε,
1767 3634 1795 3667 υ
1864 3613 1955 3668 καὶ
2031 3612 2131 3678 εἴθ’
2185 3610 2359 3674 οὕτως
2428 3606 2783 3686 κατέρχονται
2838 3605 2887 3659 οἱ
2938 3603 3090 3659 αὐτοὶ
3162 3602 3214 3658 ἐν
3274 3605 3353 3675 τῷ
3407 3600 3807 3676 κονσιστωρίῳ,

372 3700 663 3774 ὶνούμενοι
720 3706 793 3777 τῇ
858 3699 1153 3777 συγκλήτῳ
1229 3704 1426 3778 ἁπάσῃ.
1503 3704 1565 3761 Ὀ
1641 3700 1699 3759 δὲ
1779 3700 2033 3779 βασιλεὺς
2092 3698 2311 3757 ’ίσταται
2372 3698 2628 3754 ὑποκάτω
2672 3698 2775 3751 τοῦ
2831 3690 3205 3767 καμελαυκίου
3271 3690 3325 3745 ἐν
3389 3693 3469 3762 τῷ
3538 3694 3807 3766 πορφυρῴ

382 3788 541 3863 λίθῳ,
621 3789 714 3846 καὶ
790 3790 1066 3848 πεσόντων
1165 3796 1272 3848 τῶν
1348 3793 1649 3868 πατρικίων
1730 3792 1865 3867 μετὰ
1953 3796 2055 3862 τῆς
2129 3788 2467 3866 συγκλήτου,
2542 3786 2682 3843 νεύει
2762 3786 2789 3840 6
2863 3784 3223 3858 πραιπόσιτος
3298 3784 3379 3851 τῷ
3454 3779 3803 3852 σιΛεντιαρίῳ

369 3881 476 3937 ἀπὸ
505 3880 814 3947 κελεύσεως
849 3887 932 3956 τῷ
970 3883 1165 3940 ὶστῶτι
1195 3882 1368 3956 κάτω,
1398 3884 1645 3949 κάκεῖνος
1678 3884 1844 3962 λέγει·
1880 3908 1909 3936 ‹‹
1944 3882 2266 3940 Κελεύσατε.
2302 3906 2331 3933 »

445 3974 516 4029 B‘.
590 3971 694 4028 Καὶ
754 3969 1181 4049 δηριγευόμενος
1250 3974 1336 4030 ὑπ’
1406 3974 1580 4031 αὐτῶν
1652 3976 1679 4030 6
1749 3971 2035 4050 βασιλεὺς,

372 4060 653 4140 διέρχεται
684 4059 778 4119 διὰ
821 4066 930 4118 τῶν
981 4058 1349 4121 ἐκσκουϐίτων
1387 4066 1477 4121 καὶ
1516 4070 1627 4121 τῶν
1660 4063 1908 4141 σχολῶν,
1941 4067 2029 4121 καὶ

365 4150 651 4228 δεὲρχεται
696 4152 797 4221 τήν
865 4150 1113 4229 μεγάλην
1164 4150 1349 4224 πύλην
1402 4160 1502 4224 τῆς
1569 4154 1815 4233 χαλκῆς,
1864 4155 1930 4209 τά
1978 4153 2036 4209 οὶ

363 4240 514 4318 μέρη
555 4239 801 4296 ἴστανται
830 4238 883 4297 ἔν
932 4245 1053 4304 ταῖς
1114 4242 1359 4297 στάσεσιν
1418 4241 1619 4312 αὐτῶν,
1672 4243 2035 4321 σφραγίζοντα

358 4330 456 4386 τὸν
494 4327 733 4406 βασιλέα
797 4330 886 4385 καὶ
946 4328 1136 4405 μόνον,
1180 4329 1419 4408 λέγουσι
1470 4330 1527 4388 δὲ
1574 4332 1663 4388 καὶ
1705 4334 1758 4389 o't
1789 4334 2033 4409 νοτάριοι

361 4418 494 4482 106;
523 4415 783 4492 ἰάμϐους.
837 4419 934 4475 Καὶ
990 4418 1250 4476 εἰσελθὼν
1300 4422 1329 4478 6
1385 4420 1640 4497 βασιλεὺς
1686 4421 1739 4477 ἐν
1785 4426 1853 4496 τῇ
1886 4421 2033 4496 πύλῃ

367 4509 471 4561 τοῦ
516 4508 665 4581 ἁγίου
715 4508 967 4586 φρέατος,
1016 4510 1174 4565 ἅπτει
1229 4511 1440 4585 κηροὺς
1488 4511 1579 4567 καὶ
1611 4513 1853 4587 εὑχεται*
1898 4512 1924 4567 6
1977 4510 2035 4567 δὲ

2218 3973 2285 4030 Il.
2303 3972 2388 4029 Ab
2401 3971 2492 4028 his
2504 3971 2760 4043 stipatus
2782 3969 3121 4041 imperator,
3135 3980 3239 4038 per
3257 3960 3799 4028 excubias,scholas

2146 4075 2532 4134 magnamque
2564 4061 2791 4132 portam
2822 4055 3055 4112 chalces
3088 4051 3480 4127 progreditur,
3513 4051 3794 4108 factiones

2142 4152 2203 4208 in
2235 4151 2360 4207 suis
2392 4148 2767 4213 stationibus,
2786 4145 3196 4218 imperatorem
3219 4157 3387 4199 cruce
3417 4140 3722 4214 signantes
3742 4144 3801 4195 et

2144 4240 2288 4297 nihil
2323 4244 2601 4313 praeterea
2630 4240 2891 4309 agentes,
2924 4235 3163 4301 adsunt,
3193 4232 3406 4289 notarii
3437 4230 3615 4287 etiam
3648 4230 3800 4285 iam-

2144 4329 2247 4387 bos
2266 4328 2488 4385 dicunt.
2514 4329 2838 4398 Imperator
2851 4329 3074 4396 portam
3086 4321 3450 4395 sanctifputei
3465 4320 3791 4392 ingressus,

2143 4434 2341 4477 cereos
2373 4417 2642 4475 accendit
2681 4419 2736 4472 et
2786 4418 3077 4487 precatur,
3130 4411 3462 4485 patriarcha
3499 4425 3632 4466 vero
3663 4424 3795 4465 eum

2145 4511 2204 4566 in
2230 4514 2417 4583 porta,
2450 4525 2482 4562 a
2519 4521 2684 4562 sacro
2716 4509 2885 4576 puteo
2943 4503 3015 4559 ad
3070 4500 3352 4574 templum
3387 4498 3652 4569 ducente,
3700 4514 3793 4554 ex-

366 4593 724 4672 πατριάρχης
781 4595 1003 4674 δέχεται
1050 4598 1143 4654 τὸν
1204 4599 1433 4675 βασιλέα
1462 4601 1538 4664 εἰς
1580 4602 1679 4672 τὴν
1708 4586 1893 4672 πύλην
1929 4601 2029 4671 τήν
2064 4603 2068 4665 ;

2164 4598 2469 4673 :ipit,unde
2482 4600 2614 4669 post
2627 4598 2894 4653 mutuam
2911 4590 3308 4650 adorationem
3322 4592 3379 4647 et
3390 4586 3791 4645 salutationem

368 4683 692 4762 ιίσάγουσαν
719 4685 827 4743 ὰπὸ
858 4691 957 4743 τοῦ
1004 4688 1168 4761 ἁγίου
1202 4685 1431 4766 φρέατος
1477 4688 1556 4752 εἲς
1601 4688 1695 4746 τόν
1750 4690 1899 4760 ναὸν,
1939 4691 2031 4746 καὶ

354 4777 847 4852 προσχυνήσαντες
894 4774 1186 4847 ἀλλήλους
1248 4779 1339 4834 καὶ
1408 4775 1803 4854 ἀσπασάμενοι,
1855 4780 2024 4856 εἰσέρ-

357 4885 559 4943 χονται
592 4865 673 4928 εἲς
703 4866 794 4923 τὸν
842 4866 993 4925 ναόν.
1026 4868 1090 4926 Ὁ
1140 4864 1198 4924 δὲ
1252 4867 1536 4945 βασιλεὺς,
1580 4871 1763 4927 ἅπτων
1797 4872 2022 4947 κηροὺς,

2142 4688 2432 4763 templum
2510 4686 2945 4759 ingrediuntur.
3036 4682 3359 4754 Imperator
3405 4678 3481 4735 ad
3553 4681 3789 4734 sanctas

2131 4782 2349 4854 Januas
2395 4793 2532 4836 cum
2593 4776 2775 4834 cereis
2817 4771 3080 4831 accensis
3138 4776 3428 4843 precatur,
3465 4766 3791 4825 sacrarium

2138 4873 2342 4939 intrat,
2400 4870 2721 4938 sanctaque
2769 4879 2973 4922 mensa
3022 4862 3284 4927 adorata,
3343 4861 3616 4932 precatur
3653 4861 3713 4913 et
3754 4872 3788 4913 e

361 4953 590 5034 εὔχεται
628 4953 935 5032 ἔμπροσθεν
982 4960 1090 5013 τῶν
1142 4956 1315 5035 ἁγίων
1358 4961 1558 5036 θυρῶν,
1607 4959 1698 5015 καὶ
1737 4958 2022 5034 εὐξάμενος

2164 4966 2359 5018 »οωαιθ
2375 4958 2513 5025 abit,
2546 4970 2763 5029 perque
2795 4952 3014 5011 soleam
3045 4949 3277 5008 transit.
3302 4947 3465 5006 Unde
3480 4962 3789 5020 egressura

364 5044 673 5126 εἰσέρχεται
742 5044 820 5109 εἰς
898 5047 962 5102 τὸ
1025 5049 1434 5122 θυσιαστήριον,
1500 5048 1591 5104 καὶ
1641 5052 2024 5124 προσκυνήσας

355 5136 457 5206 τήν
515 5136 678 5213 ἁγίαν
737 5139 1004 5215 τράπεζαν
1065 5138 1153 5195 καὶ
1214 5138 1524 5214 εὐξάμενος,
1582 5137 1861 5219 ἐξέρχεται
1912 5140 2019 5196 ἀπδ

2136 5048 2485 5125 praepositus
2515 5061 2748 5104 cereum
2790 5038 3277 5117 processionalem
3325 5037 3523 5106 tradit,
3555 5036 3787 5094 statim-

2135 5156 2251 5214 que
2272 5136 2596 5212 troparium
2618 5132 3009 5209 proceesionis
3033 5148 3049 5189 :
3072 5153 3102 5184 ‹‹
3119 5130 3302 5188 Hodie
3330 5128 3538 5187 salutis
3568 5130 3779 5185 nostra

1745 5314 1981 5374 VARIE
2020 5313 2437 5374 LECTIONES.

421 5453 446 5489 ⁸
468 5457 503 5526 ἡ
535 5456 678 5528 αὓτη
710 5455 804 5515 ed.
881 5458 903 5492 ⁷
927 5454 1031 5512 61:6
1064 5454 1332 5533 χρυσοκλ.
1376 5459 1503 5518 cod.

1420 5614 1624 5673 JOAN.
1654 5616 1795 5675 ΜΟ.
1831 5615 2094 5676 REISKII
2130 5611 2712 5677 COMMENTARIUS.

407 5761 526 5833 (3!)
559 5760 788 5833 Nempe
811 5758 1029 5832 jejunii
1052 5758 1596 5834 quedragesimalis.
