4158 6382
356 375 475 437 403

1364 363 1369 366 ’
1438 379 1970 444 CONSTANTINI
2015 380 2712 444 PORPHYBOGENITI

3659 383 3780 445 404

357 511 555 579 caput,
588 528 619 557 »
649 522 853 566 omnes
883 525 1080 568 cereos
1107 513 1372 569 tenentes
1396 513 1728 569 ordiuntur.
1761 513 1861 569 97
1899 514 2006 570 Im-

2119 517 2218 568 τοῦ
2270 514 2520 588 βήματος
2561 511 2653 568 καὶ
2704 509 2982 587 διέρχεται
3029 507 3122 567 διά
3167 518 3270 582 τῆς
3316 509 3582 576 σωλαίας.
3626 515 3780 573 Μέλ-

355 596 1446 675 perator,omnibuscomitantibus.per
1459 603 1712 660 medium
1727 605 2010 676 templum

353 687 586 754 transit,
646 692 705 744 et
762 705 864 761 per
922 697 1114 762 regias
1173 700 1368 765 portas
1435 693 1736 765 egreditur
1792 710 2014 767 perque

352 776 690 834 narthecem
739 778 1046 850 baptisteri
1077 785 1135 837 et
1170 781 1434 855 atbyrem
1467 798 1534 838 ac
1562 782 1842 852 millium,
1871 783 2009 839 inde

349 883 455 941 per
484 869 740 926 mediam
764 869 1077 939 transiens,
1095 873 1167 926 ad
1199 872 1385 928 forum
1410 879 1469 929 et
1489 873 1829 930 columnam
1859 877 2006 931 tem-

351 955 450 1030 plo
533 957 732 1014 Sancti
779 957 1146 1016 Constantini
1203 961 1527 1033 proximam
1613 963 1840 1035 pergit;
1903 963 2005 1020 ubi

347 1046 572 1118 gradus
606 1046 707 1118 qui
747 1053 885 1103 ante
915 1048 1203 1122 templum
1264 1057 1405 1106 sunt
1469 1050 1753 1120 ascendit,
1811 1055 1869 1107 et
1923 1050 2004 1108 ibi

349 1135 727 1206 constitutus,
777 1137 978 1194 dextro
1041 1138 1430 1195 cancellorum
1479 1138 1647 1197 lateri
1695 1140 2002 1197 incumbit.

349 1225 415 1280 In
431 1224 581 1281 banc
607 1225 829 1282 scalam
845 1243 1223 1295 ascensurus,
1240 1229 1732 1301 processionalem
1761 1232 2003 1300 cereum

355 1317 670 1388 praeposito
701 1317 911 1384 reddit,
943 1319 1175 1376 Patricii
1205 1327 1261 1376 et
1291 1327 1532 1378 senatus
1558 1337 1743 1394 prope
1779 1321 2002 1378 colum-

355 1420 520 1474 nam,
572 1405 795 1478 reliqua
853 1407 1045 1468 ofﬁcia
1101 1408 1239 1466 bino
1312 1409 1450 1466 inde
1506 1410 1568 1466 in
1617 1411 1812 1467 media
1869 1411 2003 1481 fori,

347 1495 803 1569 protospatharii
861 1502 918 1554 et
957 1498 1168 1572 reliqui
1219 1499 1590 1572 imperatoris
1633 1499 1890 1557 ministri
1933 1502 2002 1556 ad

359 1584 625 1644 dextram
655 1591 713 1642 et
741 1587 1044 1644 sinistram
1077 1589 1207 1660 ejus
1238 1589 1298 1645 in
1330 1589 1522 1646 medio
1554 1589 1677 1647 foro
1709 1595 1927 1648 astant.

2122 599 2280 658 λοντι
2341 599 2398 657 δὶ
2453 600 2764 678 έξέρχεσθαι
2819 602 2919 671 τὴν
2971 599 3233 670 σωλαίαν,
3277 599 3594 657 ἐπιδίδωσιν
3627 605 3778 678 αὖτῷ

2125 693 2153 747 6
2182 691 2546 768 πραιπόσιτος
2573 690 2765 765 κηρίον
2816 690 3136 763 λιτανίκιον,
3197 691 3286 746 καὶ
3340 690 3538 756 εὐθέως
3569 695 3775 769 ἄρχον-

2117 806 2204 841 ται
2252 786 2314 841 τὸ
2362 785 2658 862 τροπάριον
2698 791 2800 855 τῆς
2849 785 3064 858 ἑορτῆς·
3107 809 3126 834 ι
3165 786 3423 860 Σήμερον
3453 787 3553 854 τῆς
3594 808 3777 858 σωτη-

2118 875 2238 950 ρίας
2270 875 2432 948 ἡμῶν
2463 876 2524 930 τὸ
2554 873 2870 954 κεφάλαιον,
2906 898 2934 925 ››
2983 876 3239 948 κρατοῦσι
3283 871 3339 928 δέ
3386 875 3552 950 κηρία
3602 876 3774 931 ἅπαν-

2115 984 2225 1026 τες.
2280 965 2378 1020 Καὶ
2441 961 2864 1040 δηριγευόμενος
2925 963 3043 1018 ὑπὸ·
3087 963 3303 1018 πάντων
3381 964 3410 1018 ὁ
3490 963 3772 1040 βασιλεὺς,

2117 1049 2393 1128 διέρχεται
2453 1053 2614 1126 μέσον
2663 1057 2762 1108 τοῦ
2833 1055 2962 1107 ναοῦ
3031 1051 3121 1107 καὶ
3180 1051 3456 1128 ἐξέρχεται
3515 1051 3604 1108 διὰ
3662 1056 3772 1109 τῶν

2118 1141 2419 1217 βασιλικῶν
2452 1141 2668 1216 πυλῶν,
2717 1139 3079 1217 διερχόμενος
3129 1137 3217 1197 διὰ
3261 1163 3319 1198 τε
3355 1148 3452 1197 τοῦ
3500 1144 3772 1218 νάρθηκος

2111 1235 2209 1286 τοῦ
2243 1231 2518 1306 λουτῆρος
2546 1232 2636 1287 καὶ
2685 1235 2783 1287 τοῦ
2831 1231 3022 1305 ἀθῦρα,
3072 1227 3346 1306 ἐξέρχεται
3377 1229 3430 1286 έν
3462 1235 3541 1303 τῷ
3574 1231 3773 1306 μιλίῳ,

2111 1321 2352 1377 κάκεῖθεν
2415 1320 2693 1398 διέρχεται
2747 1323 2848 1392 τὴν
2908 1322 3076 1396 μέσην
3131 1321 3221 1376 καὶ
3274 1321 3564 1401 ἀνέρχεται
3610 1324 3662 1380 έν
3694 1329 3775 1397 τῷ

2115 1411 2293 1486 φόρῳ,
2323 1412 2415 1466 καὶ
2446 1409 2698 1468 ἀπελθὼν
2752 1411 2920 1486 μέχρι
2962 1415 3060 1465 τοῦ
3107 1411 3312 1479 κίονος,
3363 1407 3487 1476 ἔνθα
3517 1411 3774 1488 καθίδρυ-

2109 1522 2196 1556 ται
2247 1501 2275 1555 6
2323 1501 2450 1563 ναὸς
2497 1505 2594 1556 τοῦ
2643 1501 2829 1579 Ἀγίου
2879 1501 3314 1571 Κωνσταντίνου,
3365 1500 3656 1581 ἀνέρχεται
3703 1503 3772 1559 τά

2109 1584 2417 1663 ἔμπροσθεν
2465 1586 2745 1664 γραδήλια
2808 1592 2906 1644 τοῦ
2957 1593 3113 1659 ναοῦ,
3162 1590 3256 1644 καὶ
3314 1589 3526 1646 ἳσταται
3574 1589 3769 1665 ἐκεῖσε,

343 1669 764 1748 έπακουμόίζων
829 1679 909 1748 τῷ
969 1674 1127 1749 δεξιῷ
1197 1676 1347 1753 μέρει
1415 1682 1512 1733 τοῦ
1586 1677 1922 1756 καγκέλλου.
1993 1679 2183 1734 Ἦνίκα
2244 1675 2301 1734 δὲ
2370 1678 2562 1752 μελλει
2635 1679 2955 1754 ἀνέρχεσθαι
3004 1679 3072 1734 τά
3137 1678 3274 1734 αὖτά
3327 1679 3517 1755 βάθρα,
3575 1677 3766 1737 δίδωσι

342 1767 425 1835 τῷ
489 1761 835 1838 πραιποσίτῳ
903 1763 964 1817 τὸ
1031 1760 1332 1819 λιτανίκιον
1400 1762 1621 1835 κηπίον.
1704 1765 1772 1824 Οἱ
1839 1762 1896 1820 δὲ
1943 1765 2222 1840 πατρίκιοι
2269 1765 2361 1821 καὶ
2416 1769 2450 1835 ἡ
2505 1763 2810 1842 σύγκλητος
2852 1763 3102 1820 *ίστανται
3170 1766 3318 1821 κάτω
3367 1764 3602 1838 πλησίον
3660 1773 3769 1823 τῶν

342 1851 565 1921 κιόνων,
616 1851 824 1924 ὁμοίως
873 1851 964 1907 καὶ
1013 1853 1065 1908 οῖ
1110 1850 1303 1909 λοιποὶ
1345 1857 1456 1909 τῶν
1507 1855 1800 1930 ταγμάτων
1845 1851 2088 1910 ’ἰσταντδι
2137 1852 2190 1910 έν
2236 1859 2306 1930 τῇ
2359 1853 2494 1929 μέσῃ
2541 1859 2641 1909 τοῦ
2690 1857 2862 1932 φόρου
2913 1852 3056 1910 ἔνθεν
3110 1853 3348 1912 κάκεῖσε.
3399 1856 3467 1913 Οἱ
3517 1855 3574 1912 δέ
3618 1877 3773 1930 πρω-

345 1939 703 2016 τοσπαθάριοι
742 1943 832 1997 καί
863 1941 916 1998 οἱ
948 1939 1136 1998 λοιποὶ
1191 1940 1470 2018 βασιλικοὶ
1512 1940 1759 2000 ’ίστανται
1807 1941 1867 1999 ἐκ
1913 1941 2102 2016 δεξιῶν
2141 1947 2240 1999 τοῦ
2293 1940 2564 2020 βασιλέως
2597 1941 2649 2000 ἐν
2680 1948 2749 2020 τῇ
2783 1945 2922 2019 μέσῃ
2953 1948 3050 2000 τοῦ
3081 1943 3274 2022 φόρου,
3307 1943 3566 2008 ὡσαύτως
3595 1947 3685 2002 καὶ
3716 1945 3766 2020 ἐξ

349 2027 656 2104 ἀριστερᾶς.

427 2121 527 2178 III.
564 2119 901 2178 Patriarcba
948 2136 1084 2179 cum
1125 2121 1379 2180 solemni
1430 2123 1712 2180 comitatu
1763 2139 1866 2196 per
1911 2139 2006 2180 eos

2192 2128 2263 2178 I".
2297 2116 2637 2180 Καταλαεὼν
2690 2120 2748 2177 δὶ
2794 2123 2822 2177 6
2873 2121 3224 2198 πατριάρχης
3277 2121 3413 2194 μετά
3457 2124 3554 2190 τῆς
3583 2121 3768 2194 λιτῆς,

355 2210 578 2269 medios
625 2210 906 2282 procedit,
1001 2214 1196 2283 patres
1244 2213 1560 2285 conscripti
1635 2213 1694 2268 in
1767 2211 2005 2269 sinistro

349 2299 743 2373 processionis
772 2299 952 2358 latere
973 2317 1152 2374 prope
1182 2306 1454 2358 senatum
1487 2301 1739 2375 (aediﬁcii
1789 2318 2004 2360 nomen

354 2391 492 2464 est),
534 2391 779 2463 orphaoi
821 2391 878 2448 in
927 2392 1120 2449 media
1151 2409 1453 2466 procerum
1503 2397 1682 2451 stant.
1733 2393 2004 2466 Dumque

353 2499 492 2540 crux
529 2498 631 2556 per
658 2483 897 2556 gradus,
931 2485 1028 2540 ubi
1051 2483 1366 2556 imperator
1388 2489 1528 2554 stat,
1562 2502 1870 2542 ascensura
1891 2489 2003 2554 est,

347 2588 544 2630 cereos
574 2573 863 2644 accendit,
894 2577 952 2630 et
979 2589 1153 2632 cruce
1173 2575 1433 2645 adorata,
1483 2592 1582 2633 eos
1630 2574 1823 2632 statim
1856 2591 2006 2648 prae-

346 2661 661 2733 posito,bic
699 2660 1152 2720 cerimoniarum
1174 2663 1453 2736 magistro
1492 2663 2003 2737 tradit,quieosin

347 2749 724 2808 oandelabris
754 2751 1144 2824 processionis
1187 2754 1435 2824 reponit.
1489 2756 1639 2810 Crux
1696 2753 1757 2809 in
1813 2755 2004 2811 media

353 2856 504 2912 pone
527 2840 935 2911 imperatorem
968 2857 1148 2914 prope
1170 2842 1369 2915 templi
1407 2847 1632 2916 portam
1664 2841 1998 2911 collocatur,

354 2925 686 2998 patriarcha
714 2942 846 2982 vero
877 2943 1012 2983 cum
1038 2927 1108 2984 iis
1138 2928 1238 3002 qui
1273 2945 1391 2984 una
1421 2943 1556 2985 cum
1581 2929 1707 3000 ipso
1738 2946 1842 3002 pro
1874 2946 2002 2985 mo-

353 3029 416 3070 re
447 3015 830 3084 advenerunt,
852 3014 912 3070 in
971 3015 1280 3074 ecclesiam
1331 3017 1635 3088 ascendit;
1675 3019 1867 3076 caeteri
1897 3036 2001 3076 au-

352 3109 472 3161 tem
505 3110 564 3160 et
585 3103 779 3161 clerici
811 3104 963 3162 inl'ra
984 3121 1118 3162 cum
1157 3105 1358 3178 populi
1393 3106 1563 3164 turba
1595 3107 1667 3163 ad
1699 3107 2001 3164 sinistram

355 3195 727 3267 imperatoris
757 3197 974 3250 astant.
1011 3195 1199 3251 Finita
1227 3202 1486 3266 externa,
1520 3212 1716 3254 cereos
1746 3197 2002 3268 impera-

349 3290 439 3341 tor
467 3285 732 3340 accendit
761 3289 818 3341 et
849 3291 1139 3356 precatur,
1172 3286 1382 3342 deinde
1412 3303 1512 3344 eos
1543 3304 1748 3344 rursus
1782 3303 2000 3359 priapo-

350 3375 487 3444 silo,
510 3373 608 3430 bic
635 3373 1084 3431 cerimoniarum
1106 3377 1413 3449 magistro,
1446 3377 1645 3446 tradit,
1679 3376 1780 3449 qui
1810 3393 1908 3434 eos
1940 3376 2000 3432 in

2116 2208 2395 2290 διέρχεται
2433 2210 2595 2284 μέσον
2644 2212 2850 2282 αὐτῶν,
2897 2211 2960 2266 τὸ
3015 2208 3072 2266 δὲ
3118 2209 3431 2284 πολίτευμα
3469 2214 3582 2285 (32)
3607 2210 3772 2266 ’ἱστα-

2113 2321 2202 2356 ται
2235 2298 2286 2355 ἓν
2315 2305 2395 2373 τῷ
2445 2302 2714 2377 ἀριστερῷ
2763 2302 2912 2378 μέρει
2964 2307 3064 2371 τῆς
3118 2297 3494 2376 προελεύσεως
3534 2299 3672 2374 πρὸς
3709 2302 3773 2357 τὸ

2117 2394 2355 2460 σινᾶτον,
2412 2390 2480 2446 τά
2537 2388 2594 2445 δὶ
2655 2389 2864 2470 ὀρφανά
2916 2387 3162 2445 ’ίστανται
3219 2388 3270 2444 ἐν
3336 2392 3406 2464 τῇ
3471 2390 3608 2464 μέσῃ
3660 2391 3768 2445 τῶν

2112 2479 2528 2554 ἀξιωματικῶν.
2580 2480 2683 2536 Καὶ
2741 2483 2838 2535 τοῦ
2889 2482 3122 2553 σταυροῦ
3193 2475 3498 2552 μέλλοντος
3548 2478 3776 2558 ἀνέρχε-

2113 2581 2236 2635 σθαι
2291 2571 2360 2625 τά
2415 2567 2716 2647 γραδήλια,
2775 2565 2901 2634 ἔνθα
2959 2571 2987 2624 6
3049 2567 3302 2644 βασιλεὺς
3339 2567 3582 2638 ἵσταται,
3616 2570 3770 2624 ἅπτει

2110 2659 2318 2735 κηροὺς
2367 2661 2396 2715 6
2449 2658 2703 2736 βασιλεὺς
2747 2661 2834 2714 καὶ
2888 2663 3182 2732 προσκυνεῖ
3233 2658 3325 2714 τὸν
3378 2659 3631 2734 σταυρὸν,
3681 2659 3771 2713 καὶ

2113 2749 2266 2814 αὖθις
2314 2746 2630 2804 ἐπιδίδωσιν
2681 2747 2878 2812 αὐτοὺς
2922 2752 3004 2821 τῷ
3046 2748 3415 2824 πραιποσίτῳ,
3465 2747 3556 2803 καὶ
3607 2747 3771 2810 αὐτὸς

2109 2843 2190 2912 τῷ
2235 2846 2335 2910 τῆς
2406 2839 2810 2910 καταστάσεως,
2866 2839 2957 2894 καὶ
3017 2839 3283 2916 πήγνυσιν
3347 2836 3482 2893 αὖτά
3539 2836 3591 2892 έν
3655 2842 3772 2900 τοῖς

2115 2927 2472 3003 μανουαλίοις
2502 2936 2602 2998 τῆς
2638 2927 2822 2999 λιτῆς.
2871 2929 2933 2985 Ὀ
2989 2925 3047 2984 δὲ
3102 2928 3329 3002 σταυρὸς
3372 2925 3592 2983 ’ίσταται
3623 2925 3676 2982 έν
3702 2931 3772 3000 τῇ

2114 3019 2253 3094 μέσῃ
2286 3014 2507 3083 ὄπισθεν
2547 3022 2643 3073 τοῦ
2696 3015 2971 3092 βασιλέως
3010 3015 3250 3086 πλησίον
3298 3022 3400 3087 τῆς
3449 3014 3634 3086 πύλης
3671 3021 3770 3072 τοῦ

2107 3113 2259 3180 ναοῦ,
2320 3109 2348 3164 6
2409 3105 2465 3163 δὲ
2523 3108 2874 3182 πατριάρχης
2932 3107 3220 3182 ἀνέρχεται
3270 3104 3324 3161 έν
3377 3110 3446 3179 τῇ
3505 3106 3773 3178 ἐκκλησίᾳ

2114 3201 2251 3274 μετά
2297 3203 2410 3255 τῶν
2461 3199 2600 3253 κατὰ
2649 3199 2931 3269 συνήθειαν
2978 3197 3390 3273 συνερχομένων
3431 3198 3599 3268 αὐτῷ·
3634 3199 3685 3252 οἱ
3717 3195 3775 3252 δὲ

2111 3288 2304 3346 λοιποὶ
2365 3285 2629 3364 κληρικοὶ
2675 3287 2923 3343 ’ίστανται
2975 3293 3124 3343 κάτω
3183 3288 3260 3350 εἷς
3312 3288 3375 3343 τὸ
3435 3287 3614 3342 κοινὸν
3671 3291 3770 3343 τοῦ

2109 3376 2248 3434 λαοῦ
2305 3377 2354 3449 ἐξ
2405 3377 2691 3453 ἀριστερᾶς
2751 3381 2849 3432 τοῦ
2911 3375 3206 3452 βασιλέως.
3269 3377 3371 3433 Καὶ
3427 3375 3771 3448 τελουμένης

356 3464 732 3520 manualibus
767 3466 1158 3536 processionis
1207 3468 1454 3539 reponit.
1506 3469 1852 3539 Imperator,
1898 3482 2003 3540 per

2119 3476 2210 3540 τῆς
2261 3467 2528 3536 έκτενοῦς,
2583 3469 2738 3523 ἅπτει
2789 3468 2817 3522 6
2871 3465 3129 3542 βασιλεὺς
3190 3465 3396 3542 κηροὺς
3454 3464 3543 3520 καὶ
3593 3484 3765 3538 προσ.

353 3555 568 3612 scalam
597 3557 984 3627 descendens,
1014 3573 1245 3614 cereum
1282 3557 1772 3630 processionalem
1795 3575 1826 3613 a
1857 3575 1998 3631 pris-

354 3645 544 3718 posilo
574 3646 807 3716 accipit,
840 3652 898 3702 et
924 3667 952 3700 ιι
978 3648 1266 3720 praedictis
1288 3649 1566 3703 omnibus
1599 3648 1868 3720 stipalus,
1903 3665 2004 3720 per

355 3735 674 3791 antilorum
698 3735 1013 3806 digressus,
1039 3735 1322 3808 porticum
1340 3753 1518 3809 prope
1543 3737 1694 3792 lausi
1727 3737 2005 3807 palatium

357 3823 704 3894 ingreditur,
740 3825 895 3881 unde
926 3825 996 3880 ad
1021 3825 1304 3898 templum
1323 3826 1724 3883 Sanctissimae
1747 3827 2006 3900 Deiparae

358 3913 894 3985 Cbaleopratiorum
947 3915 1204 3984 procedit
1233 3921 1290 3972 et
1341 3917 1397 3971 in
1449 3916 1720 3972 narthece
1763 3916 2006 3983 assidet,

363 4002 756 4074 patriarcbam
817 4011 1182 4076 exspectans.
1279 4006 1400 4071 Quo
1448 4020 1578 4062 cum
1637 4021 2007 4078 processione

357 4093 645 4150 veniente.
680 4097 919 4147 senatus
969 4093 1133 4149 urbis
1189 4098 1248 4149 et
1297 4094 1490 4151 clerici
1534 4111 1879 4151 communes
1911 4111 2010 4166 per

355 4181 620 4239 dextram
657 4188 875 4251 portam
911 4183 1194 4252 regiarum
1224 4183 1468 4253 intrant,
1492 4185 1758 4255 orphani,
1793 4190 2006 4242 metro-

356 4273 552 4346 politaa
583 4276 641 4326 et
670 4271 925 4343 episcOpi
954 4273 1011 4327 in
1045 4280 1358 4345 conspectu
1404 4276 1773 4347 imperatoris
1813 4281 2006 4331 trans-

360 4365 526 4428 eunt,
585 4375 769 4431 eoque
821 4360 1082 4430 odorato,
1128 4378 1232 4434 per
1260 4364 1448 4436 regias
1485 4364 1702 4434 januas
1723 4365 2009 4438 templum

357 4451 785 4527 ingrediuntur.
819 4451 923 4510 98
947 4453 1304 4510 Adveniente
1317 4455 1670 4526 patriarcha,
1687 4456 2012 4528 imperator

2113 3559 2356 3634 εὔχεται,
2409 3557 2500 3613 καὶ
2532 3555 2699 3612 πάλιν
2732 3554 3045 3612 ἐπιδίδωσιν
3088 3557 3226 3612 αὐτά
3271 3561 3351 3628 τῷ
3397 3555 3761 3631 πραιποσίτῳ,

2115 3648 2359 3710 κάκεῖνος
2411 3651 2491 3720 τῷ
2539 3653 2641 3717 τῆς
2699 3647 3102 3716 καταστάσεως,
3157 3645 3247 3700 καὶ
3305 3647 3573 3723 πήγνυσιν
3634 3643 3773 3699 αὖτά

2116 3737 2171 3794 ἰν
2200 3743 2319 3802 τοῖς
2367 3745 2468 3808 τῆς
2497 3736 2661 3808 λιτῆς
2694 3735 3072 3811 μανουαλίοις.
3105 3738 3162 3791 Ὀ
3194 3733 3252 3792 δὶ
3283 3734 3538 3812 βασιλεὺς
3571 3734 3773 3812 κατέρ-

2118 3848 2274 3907 χεται
2336 3824 2426 3882 διὰ
2479 3830 2586 3882 τῶν
2647 3828 2883 3901 βάθρων,
2948 3827 3037 3881 καὶ
3115 3821 3386 3902 λαμϐάνει
3459 3826 3607 3898 παρὰ
3677 3828 3775 3879 τοῦ

2117 3915 2480 3993 πραιποσίτου
2524 3916 2718 3992 κηρίον
2775 3915 3073 3972 λιτανίκιον
3117 3914 3210 3971 καὶ
3261 3911 3564 3991 διέρχεται,
3619 3911 3776 3990 δηρι-

2120 4008 2420 4083 γευόμενος
2477 4006 2582 4061 ὑπὸ
2633 4009 2744 4060 τῶν
2776 4005 3190 4080 προειρημένων
3245 4003 3520 4072 ἀπάντων,
3563 4000 3651 4058 διὰ
3679 4007 3776 4058 τοῦ

2119 4095 2413 4176 ἀντιφόρου
2445 4097 2580 4169 (33),
2623 4093 2713 4150 καὶ
2764 4094 3070 4170 εἰσέρχεται
3121 4093 3171 4150 έν
3217 4097 3297 4165 τῷ
3345 4087 3576 4166 ἐμϐόλῳ
3626 4089 3773 4161 πλη-

2120 4185 2234 4240 σίον
2284 4189 2380 4240 τοῦ
2427 4183 2656 4253 λαὺσου,
2704 4182 2793 4240 καὶ
2844 4183 2949 4238 ἀπὸ
2995 4187 3104 4238 τῶν
3154 4181 3324 4237 έκεῖσε
3369 4181 3659 4256 ἀπέρχεται
3691 4177 3768 4239 εἰς

2117 4276 2210 4332 τὸν
2263 4273 2392 4329 ναὸν
2440 4280 2540 4342 τῆς
2599 4272 2921 4349 ’Υπεραγίας
2971 4273 3239 4328 Θεοτόκου
3283 4275 3394 4327 τῶν
3445 4268 3763 4340 Χαλκοπρα-

2116 4363 2301 4434 τείων,
2327 4362 2418 4419 καὶ
2451 4359 2706 4418 εἰσελθὼν
2761 4360 2812 4417 έν
2865 4365 2948 4434 τῷ
2995 4359 3251 4436 νάρθηκι,
3291 4360 3568 4430 καθέζεται
3597 4375 3766 4430 προσ-

2124 4453 2299 4527 μένων
2358 4452 2450 4508 τὸν
2507 4449 2882 4528 πατριάρχην.
2942 4447 3364 4513 Καταλαϐὁντος
3426 4445 3484 4505 δέ
3537 4450 3633 4504 τοῦ
3670 4466 3774 4502 πα-

1401 4579 1601 4638 JOAN.
1641 4580 1790 4638 JAC.
1833 4580 2098 4638 REISKII
2137 4578 2724 4638 COMMENTARIUS.

429 4677 548 4750 (32)
578 4679 772 4734 Patres
800 4677 1115 4750 conscripti,
1147 4677 1317 4737 vertit
1361 4677 1445 4735 Cl.
1489 4679 1798 4750 interpres.
1831 4679 2010 4735 Sena-

361 4747 839 4822 tumi'Aurbanum
874 4747 1189 4822 πολιτείαν
1241 4751 1499 4822 appellat
1552 4747 1814 4822 Codinus
1853 4751 2010 4808 offic.

361 4820 664 4945 {112811.
693 4820 961 4906 Yalesius
992 4825 1063 4877 ad
1115 4820 1609 4906 Amm—[MarcelL
1647 4823 1734 4888 t8,
1759 4823 1839 4904 .in
1886 4821 2014 4906 loco

413 4892 594 4945 Ibann
649 4909 780 4945 τους
834 4889 1298 4945 πολιτευομένους
1352 4898 1526 4945 vertit
1579 4893 2008 4945 decuriones.1d

2121 4678 2439 4750 Procopius
2471 4693 2602 4750 pag.
2639 4677 2740 4733 168
2775 4675 2884 4750 τίτρ
2914 4679 3014 4750 τῇς
3045 4672 3262 4737 πόλεως
3281 4673 3547 4750 λειξιιωμα
3575 4671 3778 4750 appel-

2122 4751 2226 4806 lat.
2255 4745 2386 4805 Vid.
2417 4745 2672 4804 Bindur.
2709 4749 2928 4821 p.608.
2952 4749 3261 4821 PrOpterea
3290 4748 3444 4803 infra
3472 4745 3626 4821 apud
3657 4745 3779 4801 No-

2125 4829 2315 4878 strum
2351 4837 2408 4894 p7.
2440 4821 2566 4884 335,
2597 4821 2631 4888 ἡ
2667 4817 2930 4894 πολιτική
2983 4820 3123 4894 νει·ιί
3172 4835 3367 4894 corpus
3414 4817 3781 4894 magistratus

436 4892 594 4946 banii
633 4890 780 4965 frob:
834 4889 1298 4965 πολιτευομένους
1352 4893 1526 4965 vertit
1579 4893 1921 4962 decuriones,
1953 4895 2006 4948 id

2122 4888 2367 4950 urbani;
2381 4893 2573 4965 Potest
2593 4899 2791 4948 tamen
2822 4892 2998 4947 etiam
3045 4888 3454 4965 τὸᾼπολίτευμα
3482 4891 3541 4944 in
3573 4895 3778 4965 no_stro

369 4968 459 5038 est
489 4963 868 5038 magistratus
883 4960 1136 5038 urbanos
1159 4963 1564 5037 municipales,
1589 4974 1881 5037 quatenus
1896 4960 2014 5027 τοῖς
2043 4960 2081 4965 ”
2124 4969 2408 5038 praesente
2429 4964 2554 5020 loco
2579 4972 2760 5038 totum
2786 4979 3002 5038 corpus
3023 4963 3238 5038 civium
3262 4960 3781 5038 significaracon-

365 5032 624 5160 ἄρ’-χοῦσι,
637 5033 818 5105 regiis
851 5035 1189 5106 o/ﬁciatibus
1212 5032 1784 5120 opporiuntur,conf.
1811 5038 2012 5110 p.346,

365 5120 399 5159 u
449 5102 517 5159 16
557 5099 756 5160 δῆμος.
789 5107 1039 5160 populus.
1072 5108 1124 5160 οῖ
1155 5106 1496 5160 πολιτευταί.
1526 5111 1686 5160 ordo.
1720 5109 1776 5160 1d
1815 5113 1902 5160 est
1928 5125 2012 5160 se-

363 5099 517 5160 ub'fé
557 5099 756 5175 δῆμοξ,
789 5099 1039 5176 populus,
1072 5108 1124 5162 ot
1155 5099 1496 5178 πολιτευταί,
1526 5099 1686 5176 ordo,
1720 5109 1776 5164 id
1811 5099 1902 5164 est
1928 5099 2018 5165 se:-

363 5180 562 5252 n_atus,
594 5182 699 5252 aut
718 5178 1086 5252 decuriones,
1136 5188 1190 5235 et
1237 5180 1292 5233 οἱ
1341 5178 1729 5252 ἀξιωματικοί,
1761 5179 2019 5236 honorati

363 5247 436 5302 ab
467 5246 1044 5322 auladependentes,
1076 5246 1758 5322 ‘contradistinguuntur.
1793 5252 2016 5322 Ibidem

363 5333 420 5444 ρ.
456 5319 584 5387 475,
615 5318 674 5375 in
707 5318 977 5376 Cbronici
1025 5318 1400 5380 Alexandrini
1425 5318 1551 5380 loco
1571 5322 1752 5395 κόμης
1782 5321 1875 5376 καὶ
1926 5341 2022 5377 πο-

409 5387 722 5444 ιτευόιιενος
775 5395 878 5444 τῆς
905 5389 1125 5444 πόλεως
1176 5395 1422 5444 vertitur
1457 5411 1634 5444 comes
1689 5399 1745 5444 et
1791 5393 2021 5444 decurio

409 5387 722 5462 ιτευὸμενος
775 5395 878 5459 τῆς
905 5389 1125 5454 πόλεως
1176 5395 1422 5450 vertitur
1457 5387 1655 5451 comcs'
1689 5387 1745 5450 ἐι
1791 5393 2021 5449 decurio

366 5461 542 5516 urbis.
565 5461 640 5517 'ln
669 5461 812 5518 Nov.
843 5463 994 5518 Just.

1038 5482 1096 5540 p_.
1145 5465 1217 5540 5}
1246 5467 1629 5540 _conjungitur
1682 5467 1718 5534 ἡ
1771 5463 2023 5540 βασιλεία

370 5531 460 5608 καῖ
511 5533 546 5600 ἡ
595 5531 871 5608 πολιτεία.
921 5531 1088 5608 Αριὶᾁ
1147 5531 1389 5594 Οθάιεῐῖ.
1463 5531 1590 5594 5'35.
1640 5531 1830 5608 potest
1870 5535 2026 5608 πολι-

374 5602 492 5657 τεία
522 5609 625 5660 aut
669 5602 990 5664 civitatem'
1019 5607 1322 5678 CPtanam,
1354 5615 1459 5665 aut
1487 5602 1671 5666 totum
1705 5607 2022 5680 imperium

380 5680 714 5753 Romanum
765 5683 986 5736 notare.
1046 5680 1215 5753 Apud
1259 5681 1500 5753 Procop.
1535 5681 1815 5753 anecdot.
1855 5697 1911 5753 p.
1937 5682 2026 5748 11,

382 5747 695 5819 posteriore
751 5766 929 5810 sensu
983 5747 1258 5810 occurrit.
1291 5747 1693 5824 Magistratum
1735 5747 2024 5813 urbanum

2123 5032 2387 5093 saevisse
2420 5037 2818 5099 processiones
2846 5032 2907 5091 in
2934 5039 3129 5092 certas
3151 5032 3364 5092 classes
3393 5032 3596 5099 dividi,
3628 5032 3682 5086 vi
3693 5046 3781 5088 ro-

2125 5054 2387 5093 saevisse
2457 5054 2818 5093 rocessiones
2846 5054 2905 5091 In
2934 5054 3129 5092 certas
3151 5054 3364 5092 classes
3393 5054 3596 5099 OIVIUI,
3629 5054 3778 5088 VII'O'

2125 5124 2279 5186 rum,
2300 5054 3020 5186 _muﬁerum,_puerorum,
3045 5105 3202 5186 _c_le_ri,
3224 5113 3372 5186 _etc.,
3399 5109 3607 5186 patere
3631 5102 3778 5186 gre-

2126 5174 2273 5252 gorii
2300 5178 2379 5256 ιιι,
2412 5174 2782 5256 processibus
2813 5179 3159 5256 Aseptuplici,
3203 5181 3274 5256 d_e
3304 5174 3419 5256 qua
3437 5174 3574 5256 alibi
3615 5174 3776 5256 dixi-

2129 5246 2282 5332 r'nus.
2306 5246 2914 5332 _Nicetastoniates,
2964 5246 3178 5332 veteris
3213 5246 3506 5332 Graecismi
3533 5246 3777 5332 imperi-

2128 5327 2227 5379 tus
2266 5327 2326 5378 et
2355 5322 2639 5379 ridiculus
2667 5322 2985 5390 aﬁectator,
3017 5327 3288 5378 senatum
3315 5320 3605 5377 urbanum
3624 5320 3775 5390 Arei»:

2128 5393 2426 5467 ἀγοραίους
2487 5393 2752 5467 nominat
2793 5399 2852 5449 et
2907 5410 2942 5450 a
2971 5388 3157 5467 'r‘egiis
3179 5391 3496 5467 distinguit
3536 5405 3588 5467 p_.
3616 5388 3725 5467 2l6
3764 5404 3778 5444 :

2127 5459 2475 5536 ἀρκώθησαν
2533 5461 2684 5520 ἔνδον
2727 5468 2837 5536 τοῦ
2899 5459 3160 5536 μεγίστου
3218 5459 3476 5536 «sane
3506 5465 3617 5515 τῶν
3652 5459 3782 5534 ἀγο-

2134 5483 2475 5536 ὐρκωυησαν
2533 5483 2684 5520 ενοον
2738 5484 2837 5520 του
2899 5483 2966 5536 με
3011 5483 3160 5519 ιστου
3218 5483 3321 5518 νεω
3369 5483 3476 5516 απο

2134 5535 2301 5612 ραίων
2332 5535 2420 5591 καὶ
2461 5542 2562 5612 τῆς
2596 5534 2881 5612 βασιλείου
2909 5483 3493 5612 αὐλῆς-πεντακόσιοι.

2202 5611 2306 5692 (3ς1⁸
2328 5603 2672 5692 Aetolorum.
2696 5617 2818 5692 erat
2847 5603 3178 5692 locus_Cl>._li
3208 5615 3343 5692 ante
3400 5603 3782 5692 forum‘gon-

2132 5682 2372 5738 stantini
2408 5681 2600 5749 M.,ut
2621 5680 2886 5751 videtur;
2943 5681 3058 5738 vid.
3109 5680 3196 5738 Du
3256 5679 3448 5750 Gange
3473 5693 3526 5733 ν.
3578 5679 3781 5747 Φόρος,

2134 5770 2190 5825 p.
2228 5753 2384 5810 1691.
