4158 6386
376 393 498 460 405
1248 388 1350 449 DE
1394 382 1852 449 CERIMONIIS
1895 385 2043 447 AUI.

2171 383 2644 452 ΒΥΖΑΝΤΙΝλΕ
2687 395 2832 456 LIB.
2881 394 2927 456 Ι.
3691 399 3810 460 406

385 524 651 603 τριάρχου
683 518 830 593 μετὰ
873 524 979 589 τῆς
1028 515 1212 588 λιτῆς,
1261 517 1323 572 τὸ
1375 516 1474 592 μὶν
1508 513 1820 603 πολίτευμα
1865 513 2043 603 καὶ-τό

2169 517 2377 590 surgit,
2393 523 2449 577 et
2465 526 2599 593 post
2614 530 2880 582 mutuam
2899 527 3296 584 adorationem
3319 532 3375 586 et
3397 528 3810 586 salutationem

397 600 575 670 κοινὸν
600 613 693 665 τοῦ
725 606 961 684 κλήρου
1007 605 1314 686 εἰσέρχεται
1357 603 1446 660 διὰ
1490 611 1590 674 τῆς
1648 601 1822 674 δεξιᾶς
1877 600 2043 673 πύλης

2167 605 2454 665 abeuntet
2475 618 2607 669 ante
2623 614 2811 686 regias
2837 619 3035 688 portas
3062 617 3396 674 consistunt
3419 619 3550 674 :ubi
3575 618 3814 690 patriar-

398 707 502 760 τῶν
533 697 828 775 βασιλικῶν
858 696 1079 767 πυλῶν,
1110 695 1179 751 τὰ
1227 691 1288 750 δὲ
1337 692 1548 770 ὀρφανά
1592 692 1682 748 ναὶ
1738 693 1790 748 οἱ
1848 711 2043 766 μητρο·

2169 693 2278 750 cba
2326 714 2524 764 preces
2567 703 2844 762 introitus
2893 707 3116 775 recitat,
3180 709 3507 777 imperator,
3549 708 3730 764 cereis
3779 725 3812 762 a

400 791 615 849 πολῖται
687 787 785 843 καὶ
860 788 916 842 οἱ
991 785 1283 842 ἐπίσκοποι
1369 781 1677 858 διέρχονται
1753 777 2043 857 ἔμπροσθεκ

2168 789 2481 856 praeposito
2511 793 2760 862 traditis,
2806 800 3092 866 precatur,
3144 802 3274 868 post
3301 813 3400 852 eos
3429 813 3638 853 rursus
3669 815 3811 869 pra:-

388 885 483 938 τοῦ
555 877 853 954 βασιλέως,
917 878 1356 952 προσκυνοῦντες
1415 872 1576 928 αὐτὸν
1660 873 1702 942 ³,
1787 871 1878 926 καὶ
1954 869 2043 926 είσι

2169 877 2382 945 posito,
2406 877 2500 934 hic
2522 883 2924 952 cerimonario,
2959 885 3168 940 reddit.

380 973 640 1049 ἔρχονται
726 968 780 1025 ἐν
863 972 947 1040 τῷ
1024 971 1140 1039 ναῷ
1246 962 1338 1020 διά
1415 969 1524 1018 τῶν
1594 960 1894 1038 βασιλικῶν
1975 959 2189 1018 πυλῶν.
2261 964 2678 1032 Καταλαϐὁντος
2746 969 2804 1027 δὲ
2869 977 2966 1029 τοῦ
3029 973 3376 1051 πατριάρχου
3442 972 3715 1044 ἀνίσταται
3785 975 3813 1028 6

376 1061 670 1142 βασιλεὺς,
741 1061 834 1117 καὶ
900 1059 1376 1133 προσκυνήσαντες
1452 1053 1738 1125 ἀλλήλους
1810 1054 1900 1107 καὶ
1979 1052 2352 1126 ἀσπασάμενοι
2425 1055 2760 1141 ἀπέρχονται
2834 1063 2924 1118 καὶ
2997 1062 3246 1120 ’ίσταντάι
3323 1063 3625 1140 ἔμπροσθεν
3703 1069 3810 1119 τῶν

376 1140 694 1232 βασιλικῶν
736 1147 948 1206 πυλῶν
990 1145 1098 1206 Καὶ
1139 1147 1166 1201 6
1212 1145 1309 1219 μὶν
1350 1142 1702 1220 πατριάρχης
1741 1140 1956 1232 ἐπιτελεῖ
1991 1141 2092 1210 τὴν
2136 1141 2312 1232 εύχὴν
2349 1153 2452 1216 τῆς
2502 1148 2740 1220 εὶσόδου,
2783 1153 2810 1208 6
2853 1150 2909 1208 δὲ
2944 1153 3221 1228 βασιλεὺς,
3264 1154 3448 1211 λαοὼν
3506 1155 3654 1228 παρὰ
3716 1159 3814 1208 τοῦ

374 1243 755 1322 πραιποσίτου
811 1237 1043 1316 κηροὺς,
1100 1233 1321 1312 εὔχεται
1378 1235 1468 1291 καὶ
1525 1234 1692 1290 πάλιν
1763 1229 2076 1288 ἐπιδίδωσιν
2119 1231 2312 1296 αὐτοὺς
2365 1241 2449 1310 τῷ
2508 1242 2877 1317 πραιποσίτῳ,
2935 1245 3184 1306 κάκεῖνος
3249 1250 3328 1319 τῷ
3393 1251 3492 1316 τῆς
3550 1246 3814 1300 καταστά-

387 1356 551 1398 σεως.

472 1427 552 1482 A'.
607 1425 717 1482 Τοῦ
768 1422 827 1479 δι
882 1421 1229 1497 πατριάρχου
1289 1419 1390 1487 τὴν
1458 1417 1632 1492 εύχὴν
1706 1414 2043 1481 τελέσαντος,

2237 1421 2334 1478 IV.
2366 1424 2646 1482 Precibus
2684 1443 2717 1483 a
2767 1427 3121 1500 patriarcha,
3171 1428 3376 1500 ﬁnitis,
3417 1431 3810 1486 venerandam

397 1514 690 1593 προσκυνεὶ
748 1514 778 1567 6
837 1509 1097 1588 βασιλεὺς
1141 1509 1233 1565 τὸν
1289 1507 1476 1581 τίμιον
1557 1505 1786 1579 σταυρὸν
1843 1502 1934 1560 καὶ
1992 1503 2043 1558 τε

2166 1525 2402 1568 crucem
2452 1516 2511 1569 et
2556 1515 3007 1572 immaculatum
3057 1518 3437 1591 Evangelinm
3483 1519 3708 1587 adorat,
3760 1521 3817 1573 et

397 1605 674 1681 ἄχραντον
705 1600 1069 1679 Εὖαγγέλιον,
1101 1597 1192 1654 καὶ
1231 1599 1592 1674 κρατήσαντες
1638 1593 1905 1666 ἀλλήλων
1960 1592 2043 1654 τὰς

2169 1603 2458 1674 prehensa
2480 1605 2826 1676 patriarchae
2845 1623 3050 1677 manu,
3068 1609 3241 1666 ambo
3264 1624 3366 1680 per
3387 1608 3649 1664 medium
3673 1615 3814 1664 tem-

390 1701 614 1772 χεῖρας,
659 1691 975 1767 διέρχονται
1038 1688 1200 1764 μέσον
1249 1692 1349 1742 τοῦ
1395 1689 1525 1741 ναοῦ
1565 1684 1655 1740 καὶ
1715 1683 2043 1758 εἰσέρχονται

2169 1689 2332 1762 plum
2349 1692 2406 1747 in
2423 1692 2636 1750 soleam
2653 1693 2876 1751 intrant
2888 1697 3028 1752 etad
3047 1697 3466 1768 sacrasjanuas
3481 1697 3716 1752 discedu
3731 1713 3760 1751 ο
3774 1701 3812 1752 ι.

398 1743 462 1840 ἒξ
472 1743 949 1856 ’ξτῖῖἶωλᾷἶξκᾷξ
964 1743 1312 1853 ἀπέρχονται
1350 1778 1518 1850 μέχρι
1567 1777 1675 1828 τῶν
1733 1743 1902 1847 ἁγίων
1964 1772 2043 1825 θυ⁴

2171 1743 3812 1768 τκήῇ-ηη-τ--η-τ-τ-η--ν---ν--νν--κ-υ--υ-η--κη

2171 1781 2275 1838 Ubi
2330 1786 2644 1854 postquam
2693 1800 2828 1841 cum
2877 1785 3060 1841 cereis
3112 1785 3450 1840 ardentibus
3497 1786 3816 1856 imperator

397 1877 535 1948 ρῶν.
592 1873 816 1928 Ἀπτων
868 1865 927 1924 δὲ
983 1866 1198 1922 κάκεῖσε
1287 1865 1492 1936 κηρούς
1567 1866 1657 1918 καὶ
1743 1860 2033 1935 εὐξάμενος

2171 1875 2440 1944 precatus
2461 1876 2567 1938 est,
2592 1888 2690 1928 eos
2714 1875 3018 1945 praeposito
3040 1874 3317 1940 reddit,et
3337 1875 3650 1930 sacrarium
3669 1874 3816 1945 petit

390 1958 719 2019 ἐπιδίδωσιν
787 1955 985 2020 αὐτοὺς
1057 1960 1138 2028 τῷ
1193 1953 1560 2030 πραιποσίτῳ,
1609 1953 1701 2008 καὶ
1755 1951 2035 2026 είσὲρχετα

2171 1959 2270 2015 ubi
2301 1961 2374 2016 ad
2398 1977 2556 2017 aram
2576 1963 2986 2033 procumbens,
3012 1961 3256 2018 allatum
3280 1982 3312 2018 s
3335 1965 3639 2035 praeposito
3672 1981 3814 2034 apo-

385 2053 467 2116 εἷς
526 2051 592 2106 τὸ
624 2049 1036 2121 θυσιαστήριον,
1095 2045 1184 2101 καὶ
1262 2044 1642 2119 προσκυνήσας
1713 2043 1814 2111 τήν
1901 2039 2043 2117 άγίαη

2169 2048 2467 2105 combium
2499 2049 2644 2113 inibi
2668 2050 2914 2120 reponit,
2939 2067 3158 2122 perque
3187 2050 3436 2107 sinistrae
3462 2051 3642 2122 partis
3675 2051 3816 2106 obli-

388 2141 667 2214 τράπεζαν
722 2139 818 2192 καὶ
875 2130 1068 2192 λαϐὼν
1125 2129 1472 2208 ἀποκόμϐιον
1523 2131 1670 2208 παρά
1729 2135 1828 2187 τοῦ
1901 2148 2043 2204 πραι·

2169 2139 2455 2212 quitatem
2487 2139 2558 2194 ad
2591 2144 2861 2195 sanctum
2887 2140 3223 2212 sepulcrum
3257 2140 3399 2209 abit,
3434 2147 3492 2195 et
3520 2141 3588 2195 ad
3622 2156 3814 2195 sacras

401 2229 657 2302 ποσίτου,
701 2225 920 2297 τίθησιν
970 2223 1100 2280 αὐτὸ
1139 2223 1192 2279 ἐν
1251 2226 1321 2298 τῇ
1377 2221 1501 2299 άγίᾳ
1541 2220 1803 2296 τραπέζῃ,
1833 2219 1923 2276 καὶ
1972 2217 2043 2274 διὲ

2161 2229 2379 2300 januas
2400 2228 2758 2285 constitutus
2776 2236 2834 2285 et
2859 2245 2990 2284 cum
3014 2229 3198 2286 cereis
3228 2230 3486 2286 accensis
3520 2234 3812 2302 precatus,

400 2325 510 2387 τῆς
541 2315 779 2393 πλαγίας
834 2318 935 2371 τοῦ
984 2315 1269 2389 ἀριστεροῦ
1329 2311 1528 2386 μέρους
1583 2310 1836 2382 ἐξελθὼν,
1886 2309 2043 2385 είσέρ-

2169 2319 2490 2374 sacrarium
2524 2317 2724 2386 intrat,
2774 2323 3094 2391 sanctaque
3143 2335 3345 2376 mensa
3376 2320 3636 2387 adorata,
3671 2335 3812 2389 apo-

405 2428 569 2488 χεται
600 2405 677 2468 είς
693 2406 798 2474 τὴν
827 2402 1012 2477 Ἀγίαν
1047 2402 1244 2476 Σορὸν,
1273 2400 1364 2457 καὶ
1405 2400 1531 2462 στάς
1588 2395 1891 2474 ἔμπροσθεν
1947 2404 2043 2454 τῶι

2168 2407 2466 2464 combium
2496 2407 2557 2462 in
2579 2408 2909 2478 eareponit,
2933 2416 2988 2464 et
3014 2413 3318 2480 postquam
3343 2424 3470 2465 eam
3489 2407 3813 2465 circulatim

397 2487 570 2572 ἁγίων
605 2498 811 2570 θυρῶν,
841 2493 1000 2548 ἅπτει
1046 2490 1273 2563 κηροὺς,
1317 2490 1406 2545 καὶ
1468 2489 1759 2564 εὐξάμενος
1815 2487 2043 2563 εἷσὲρχε·

2166 2495 2512 2564 incensavit,
2544 2495 2812 2552 discedit.
2848 2497 3062 2553 Eodem
3104 2497 3218 2553 ritu
3253 2498 3312 2553 in
3345 2497 3597 2554 oratorio
3629 2496 3698 2552 ad
3733 2497 3814 2552 si-

388 2611 488 2646 ται
514 2588 593 2650 εἷς
641 2588 707 2644 τὸ
738 2586 1144 2659 θυσιαστήριον,
1190 2583 1281 2638 καὶ
1335 2583 1714 2655 προσκυνήσας
1751 2583 1852 2651 τήν
1899 2582 2043 2656 ἁγίαι

2168 2589 2411 2643 nistram
2428 2588 3059 2658 precatus,apocomhio
3074 2589 3132 2644 in
3147 2605 3312 2645 sacra
3330 2605 3526 2645 mensa
3538 2588 3813 2660 reposito,

397 2679 702 2754 τράπεζαν,
739 2675 954 2743 τίθησιν
1010 2673 1094 2729 ἔπ’
1141 2671 1278 2746 αὐτῇ
1345 2665 1713 2744 ἄποκόμϐιον,
1789 2671 1876 2725 καὶ
1965 2681 2043 2734 θυ-

2168 2677 2306 2743 abit,
2325 2691 2543 2748 perque
2557 2674 2802 2747 ligneam
2819 2677 3038 2733 scalam
3054 2678 3123 2732 ad
3140 2677 3811 2742 catechumena,sacram

415 2766 622 2839 μιάσας
677 2763 844 2831 αὐτὴν
898 2760 1184 2832 κυκλόθεν,
1244 2759 1544 2836 ἐξέρχεται.
1620 2756 1893 2820 Ὡσαύτως
1967 2759 2043 2813 κα¹

2169 2765 2470 2836 litnrgiam
2517 2764 2608 2820 hic
2638 2781 2874 2838 quoque
2903 2765 3314 2836 celebraturus,
3354 2766 3494 2822 abit.
3528 2766 3813 2834 Tempore

412 2855 470 2910 ἐν
515 2859 598 2925 τῷ
639 2851 697 2922 ἒξ
754 2854 1022 2926 ἀριστερᾶς
1069 2852 1181 2907 ὄντι
1212 2851 1487 2925 εύκτηρίῳ
1533 2849 1845 2922 εὐξάμενος,
1902 2847 2043 2918 τίθης

2169 2853 2376 2909 divinae
2394 2853 2829 2908 communionis
2852 2853 2966 2908 duo
2991 2852 3380 2908 silentiariiad
3416 2851 3811 2925 patriarcham

413 2964 503 2999 σιν
537 2936 876 3014 ἆποκόμὸιον
901 2940 946 2996 ἐν
1012 2946 1084 3018 τῇ
1134 2941 1262 3018 ἁγίᾳ
1317 2938 1578 3013 τραπέζῃ,
1639 2939 1729 2994 καὶ
1782 2937 2043 3013 ἐξέρχεται

2166 2943 2484 2998 vocandum
2498 2941 2841 3011 abeunt,qui
2863 2940 3191 2996 ascendilet
3209 2941 3531 3014 imperatori
3546 2943 3811 2995 sanctum

407 3033 504 3090 καὶ
535 3031 824 3110 ἀνέρχεται
873 3028 957 3087 διὰ
1003 3036 1104 3101 τῆς
1143 3030 1364 3102 ξυλίνης
1418 3027 1621 3091 σκάλας
1670 3027 1722 3084 ἐν
1763 3033 1881 3090 τοῖς
1937 3048 2043 3082 κατ

2169 3048 2380 3101 corpus
2401 3035 2459 3086 et
2481 3031 2804 3102 pretiosum
2829 3033 3174 3102 sanguinem
3198 3032 3471 3104 impertit.
3499 3031 3634 3086 Post
3656 3046 3814 3085 com-

402 3121 799 3202 ηχουμενίοις,
855 3120 1072 3178 κάκεῖσε
1117 3117 1268 3175 τελεῖ
1333 3120 1433 3188 τὴν
1493 3117 1638 3173 θείαν
1698 3116 2043 3192 λειτουργίαν

2172 3121 2510 3178 munionem
2542 3120 2860 3192 imperator
2881 3121 3253 3177 metatoriam
3278 3123 3458 3177 intrat
3487 3125 3544 3178 et
3571 3120 3818 3176 cerimo-

409 3213 516 3270 Καὶ
549 3210 602 3266 ἰν
630 3215 709 3284 τῷ
763 3215 938 3285 καιρῷ
993 3216 1095 3280 τῆς
1145 3209 1290 3271 θείας
1346 3208 1629 3268 κοινωνίας
1695 3207 2035 3286 κατὲρχοντα

2172 3211 2418 3279 niarius,
2435 3211 2603 3282 signo
2627 3226 2660 3266 a
2681 3210 2989 3281 praeposito
3014 3217 3271 3281 accepto,
3295 3225 3494 3268 omnes
3515 3215 3814 3266 senatores

410 3300 510 3358 δύο
555 3301 926 3376 σιλεντιάριοι,
970 3299 1062 3356 καὶ
1119 3297 1556 3374 προσκαλοῦνται
1587 3298 1610 3334 θ
1661 3298 1753 3353 τὸν
1792 3297 2043 3372 πατριάρ-

2168 3309 2351 3368 vocat,
2393 3301 2491 3373 qui
2532 3316 2563 3356 θ
2612 3300 2887 3355 manibus
2938 3301 3278 3371 patriarchae
3337 3300 3811 3357 communionem

406 3411 542 3468 χην,
572 3392 663 3446 καὶ
693 3390 939 3455 ἀνελθὼν
971 3385 1162 3444 δίδωσι
1186 3393 1264 3461 σῷ
1309 3384 1526 3464 βασιλεῖ
1553 3391 1651 3442 τοῦ
1680 3387 1839 3460 ἀγίου
1869 3387 2043 3459 σώμα⁴

2170 3391 2486 3464 accipiunt.
2541 3389 2639 3446 Sic
2683 3389 2993 3445 metatorio
3047 3389 3364 3462 imperator
3405 3389 3718 3463 egreditur,
3759 3392 3816 3443 et

395 3499 491 3541 τος
515 3479 610 3534 καὶ
637 3481 738 3533 τοῦ
765 3474 959 3552 τιμίου
988 3473 1253 3549 α’ίματος.
1294 3473 1391 3529 Καὶ
1443 3475 1782 3544 κοινωνήσας
1813 3475 1842 3528 6
1905 3473 2043 3548 βασι-

2169 3486 2485 3555 postquam
2517 3479 2641 3552 ipse
2669 3483 2726 3535 et
2743 3479 3073 3551 patriarcha
3102 3479 3427 3536 seinvicem
3460 3478 3811 3547 salutarunt,

391 3566 526 3630 λεὺς
553 3567 866 3643 εἰσέρχεται
897 3564 974 3628 είς
1003 3565 1066 3620 τὸ
1118 3564 1488 3638 μητατώριον,
1519 3562 1609 3617 καὶ
1641 3557 1828 3617 λαϐὼν
1884 3567 2043 3634 νεῦμα

2168 3571 2264 3628 hic
2296 3571 2368 3625 ad
2399 3569 2656 3624 divinam
2707 3567 3002 3640 liturgiam
3043 3567 3448 3625 celebrandam
3490 3567 3814 3634 descendit,

389 3660 420 3713 6
478 3664 583 3728 τῆς
636 3654 1021 3718 καταστάσεως
1079 3655 1227 3729 παρά
1297 3656 1397 3708 τοῦ
1448 3652 1834 3726 πραιποσίτου,
1893 3671 2043 3724 προσ·

2168 3660 2487 3731 imperator
2499 3655 2959 3726 scaramangium
2977 3657 3168 3712 aureis
3189 3656 3368 3714 clavis
3381 3656 3575 3712 induit
3591 3671 3814 3711 ensem.

395 3746 646 3803 καλεῖται
674 3746 880 3808 πάντας
909 3743 1039 3807 τοὺς
1099 3744 1196 3816 τῆς
1247 3742 1586 3818 συγκλήτου,
1616 3742 1708 3797 καὶ
1759 3745 2043 3798 κοινωνοῦ-

2168 3764 2280 3821 que
2309 3747 2557 3819 gemmis
2606 3749 2662 3803 et
2691 3744 3026 3818 margaritis
3056 3750 3326 3802 ornatum
3357 3744 3574 3814 sumit;
3611 3744 3816 3816 patrici

394 3859 476 3894 σιν
508 3835 571 3892 ἐκ
609 3839 721 3892 τῶν
768 3839 866 3891 τοῦ
907 3835 1258 3910 πατριάρχου
1307 3835 1536 3908 χειρῶν.
1565 3832 1668 3888 Καὶ
1726 3832 1821 3896 εἶθ’
1882 3831 2043 3888 οὕτως

2165 3854 2300 3895 vero
2331 3841 2388 3894 et
2416 3835 2684 3894 cubiculo
2706 3826 2959 3907 praefecti
2977 3851 3117 3907 saga
3138 3850 3430 3907 purpurea
3453 3837 3702 3907 gestant.
3731 3833 3818 3888 Fi-

394 3925 676 4001 ἐξερχεται
707 3925 737 3978 6
790 3922 1047 4000 βασιλεὺς
1097 3919 1158 3977 ἐκ
1193 3925 1291 3976 τοῦ
1340 3919 1712 3995 μητατωρίου,
1744 3920 1834 3975 καὶ
1883 3941 2043 3996 προσ·

2166 3928 2290 3984 nita
2329 3925 2525 3982 divina
2570 3925 2829 3996 liturgia,
2880 3924 3218 3996 patriarcha
3267 3923 3534 3979 ascendit
3579 3926 3636 3977 et
3684 3926 3816 3994 post

392 4015 724 4085 κυνήσαντες
781 4007 1084 4091 ἀμφότεροι
1144 4007 1431 4081 ἀλλήλους
1487 4008 1518 4065 6'
1555 4030 1614 4065 τε
1675 4009 1933 4086 βασιλεὺς
1963 4012 2053 4066 καὶ

387 4109 416 4164 6
446 4107 828 4182 πατριάρχης,
876 4106 907 4160 6
969 4105 1066 4179 μὲν
1120 4102 1473 4178 πατριάρχης
1528 4102 1851 4180 κατὲρχὲται
1902 4104 2043 4161 ἐκτε-

2165 4105 2534 4162 benedictum
2566 4118 2797 4176 panem,
2830 4102 2925 4158 hic
2956 4101 3066 4175 ipsi
3098 4102 3541 4175 apocnmbium,
3573 4101 3816 4174 patriar-

382 4197 544 4254 λέσαι
571 4196 677 4264 τὴν
713 4195 856 4250 θείαν
889 4190 1258 4268 λειτουργίαν,
1289 4193 1318 4247 6
1341 4187 1400 4247 δε
1457 4190 1714 4266 βασιλεὺς
1772 4193 2043 4251 ὑπαλλάσ-

2163 4195 2275 4252 cba
2301 4192 2640 4265 imperatori
2671 4196 2974 4264 unguenta
3002 4193 3201 4248 tradit.

374 4309 461 4344 σει
533 4284 954 4360 σκαραμάγγιον
1023 4278 1413 4358 χρυσόκλαόον
1489 4281 1580 4338 καὶ
1656 4282 1883 4348 σπαθίον
1956 4288 2229 4355 σιάλιθον,
2297 4279 2676 4361 ἠμφιεσμένον
2745 4280 2852 4337 ἀπὸ
2923 4281 3244 4360 μαργάρων,
3287 4283 3339 4336 οἱ
3416 4279 3473 4336 δὲ
3531 4280 3810 4355 πατρίκιοι

373 4378 470 4431 καὶ
531 4375 590 4431 οἱ
646 4373 910 4450 ἄρχοντες
974 4376 1073 4428 τοῦ
1127 4367 1523 4427 κουϐουκλείου
1592 4372 1747 4448 σαγία
1815 4373 2068 4445 ἀληθινά.
2140 4373 2244 4433 Καὶ
2305 4375 2405 4437 τῆς
2445 4371 2591 4434 θείας
2640 4370 2986 4446 λειτουργίας
3030 4370 3396 4441 τελεσθείσης,
3437 4371 3720 4445 ἀνέρχεται
3781 4369 3810 4423 6

386 4465 762 4542 πατριάρχης,
836 4462 926 4519 καὶ
992 4463 1464 4538 προσκυνήσαντες
1531 4458 1818 4532 ἀλλήλους
1886 4464 1916 4518 6'
1978 4486 2039 4521 τε
2107 4462 2363 4541 βασιλεὺς
2431 4459 2521 4514 καὶ
2588 4461 2616 4514 6
2682 4461 3056 4535 πατριάρχης,
3117 4455 3402 4515 ἐπιδίδωσι
3459 4462 3537 4530 τῷ
3595 4455 3812 4530 βασιλεῖ

395 4551 672 4627 εὐλογίας,
702 4554 732 4610 6
764 4551 824 4610 δὶ
856 4551 1114 4630 βασιλεὺς
1144 4548 1460 4608 ἔπιδίδωσιν
1481 4549 1631 4624 αύτῷ
1659 4549 2029 4628 ἀποκόμϐιον,
2052 4556 2080 4611 6
2114 4553 2170 4611 δὲ
2190 4553 2538 4628 πατριάρχης
2566 4555 2648 4624 τῷ
2679 4548 2901 4625 βασιλεῖ
2928 4549 3180 4607 ἀλειπτά.

469 4642 546 4699 E'.
579 4641 674 4699 Καὶ
731 4643 974 4721 στεφθεὶς
1027 4642 1057 4697 6
1120 4640 1377 4718 βασιλεὺς
1403 4640 1507 4696 ὑπὸ
1535 4638 1634 4696 τοῦ
1681 4645 2043 4721 πατριάρχου,

2235 4649 2304 4702 V.
2324 4645 2670 4717 Imperator,
2685 4659 2718 4698 a
2732 4641 3064 4714 patriarcha
3075 4644 3410 4710 coronatus,
3431 4656 3531 4714 per
3551 4639 3808 4713 ligneam

382 4731 712 4808 κατέρχεται
765 4729 854 4787 διὰ
908 4737 1008 4801 τῆς
1059 4728 1282 4802 ξυλίνης
1313 4728 1521 4792 σκάλας
1574 4735 1673 4786 τοῦ
1727 4733 2040 4806 γυναικίτου

2154 4734 2372 4792 scalam
2411 4731 2668 4806 gynwoei
2699 4731 2960 4788 sinistrae
2992 4731 3176 4802 partis
3204 4730 3306 4786 ου
3340 4746 3556 4803 perque
3585 4731 3807 4803 gradus

373 4826 476 4879 τοῦ
528 4823 822 4898 ἀριστεροῦ
871 4822 1092 4898 μὲρούς,
1149 4819 1243 4876 καὶ
1309 4818 1592 4884 κατελθὼν
1640 4820 1707 4876 τὰ
1763 4820 2042 4898 γραδήλια

2154 4823 2386 4881 conchas
2417 4823 2486 4878 ad
2519 4819 2912 4878 didascalium
2945 4820 3269 4887 descendit,
3303 4828 3359 4877 et
3386 4819 3457 4875 ad
3491 4828 3713 4891 portam
3746 4820 3808 4875 in

2167 4021 2428 4074 mutuam
2463 4013 2876 4072 salutationem
2923 4018 2982 4070 et
3027 4013 3426 4070 adorationem
3475 4010 3812 4084 imperatori

377 4920 482 4981 τῆς
509 4913 736 4988 κόγχης
763 4911 820 4967 ὲν
879 4915 961 4984 τῷ
1026 4907 1412 4982 διδασκαλείῳ,
1472 4909 1561 4964 καὶ
1606 4911 1742 4986 πρὸς
1800 4913 1900 4982 τήν
1957 4913 2042 4984 ἐξ-

387 5002 620 5075 άγουσαν
680 4999 772 5055 ἐπὶ
826 5001 918 5056 τὸν
976 4993 1218 5073 ἔμϐολον
1269 4995 1454 5069 πύλην
1502 4996 1753 5072 ἐξελθὼν,
1825 5003 2041 5059 ἱππεύει

383 5088 577 5160 ἐκεῖσε,
631 5087 896 5152 ὡσαύτως
925 5089 1018 5145 καὶ
1077 5089 1130 5144 οἱ
1184 5088 1542 5164 πραιπόσιτοι
1594 5089 1685 5144 καὶ
1743 5091 1795 5146 οἰ
1858 5091 2044 5148 ὀστιά-

380 5179 619 5255 ριοικαὶ
679 5179 733 5234 οἱ
789 5177 984 5234 λοιποὶ
1039 5175 1252 5240 πάντες.
1286 5177 1350 5235 Ὀ
1407 5174 1591 5248 δὶτῆς
1638 5183 2039 5252 καταστάσεως,

378 5273 568 5348 φορῶν
617 5267 810 5342 σαγίον
867 5267 1157 5339 ἀληθινὸν,
1217 5263 1496 5343 δηρίγεύει
1561 5262 1863 5344 ἔμπροσθεν
1945 5278 2044 5329 τοῦ

384 5358 662 5430 genus»;
717 5357 907 5428 πεζὸς,
955 5357 1047 5412 καὶ
1094 5351 1398 5430 ἔμπροσθεν
1453 5355 1622 5411 αὐτοῦ
1683 5359 2042 5436 σιλεντιάριοι

380 5445 727 5522 τέτταρεςίο,
777 5448 1072 5524 φοροῦντες
1129 5442 1292 5522 σαγία
1349 5441 1608 5519 ἀληθινὰ,
1683 5448 2044 5523 βαστάζοντες

2151 4912 2447 4971 embolum
2494 4926 2597 4968 seu
2653 4910 2946 4983 porticum
2997 4910 3303 4966 ducentem
3339 4925 3632 4981 egressus,
3676 4926 3810 4967 cum

2153 5003 2508 5078 prapositis,
2559 5001 2818 5058 ostiariis
2866 5015 2931 5057 ac
2982 4999 3220 5072 reliquis
3269 5000 3546 5058 omnibus
3593 5017 3810 5074 equum

2151 5092 2518 5151 conscendit.
2574 5087 3056 5159 Cerimoniarius,
3109 5106 3250 5162 sago
3311 5091 3489 5146 rubro
3542 5089 3812 5157 indutus,

2154 5187 2288 5240 ante
2304 5182 2730 5254 imperatorem,
2749 5183 2883 5236 ante
2903 5179 3391 5236 cmremoniarium
3405 5195 3539 5236 vero
3562 5185 3812 5253 quatuor

2153 5272 2482 5342 silentiarii,
2531 5289 2674 5345 saga
2727 5272 2905 5328 rubra
2953 5273 3267 5345 virgasque
3315 5288 3522 5328 aureas
3561 5273 3810 5343 gemmis

2155 5367 2394 5419 ornatas
2424 5366 2740 5433 gestantes,
2765 5363 3108 5433 procedunt.
3137 5365 3575 5433 Imperatorem,
3598 5360 3659 5417 in
3683 5361 3811 5416 mil-

2153 5453 2299 5510 lium
2335 5452 2681 5518 venientem,
2716 5450 2886 5507 factio
2919 5451 3157 5520 Veneta,
3205 5456 3332 5508 acta
3363 5467 3470 5506 sua
3517 5467 3620 5522 pro
3652 5466 3810 5507 more

1733 5565 1829 5623 VA
1841 5569 1982 5626 ΜΕ
2022 5571 2438 5630 LECTIONES.

450 5683 475 5718 ⁸
498 5683 651 5762 αύτῷ
682 5685 849 5762 co_d._
894 5679 1524 5762 ’_1;poa:§a>\05v1ata.,
1553 5684 1900 5760 πρὸσκαλούν
1929 5689 2381 5762 superscripto:
2440 5689 2594 5760 cod.,
2653 5685 3086 5761 προσκαλοῦντες
3142 5687 3231 5744 ed.
3312 5687 3358 5724 ¹ο
3410 5683 3662 5758 τέτταρες
3715 5687 3804 5753 R.,

377 5771 448 5812 ex
467 5750 634 5832 sigla'
654 5758 788 5816 cod.
822 5750 1015 5828 8.,δόὸ
1048 5754 1139 5810 ed.
