4158 6426
341 398 460 458 407

1402 383 1936 448 CONSTANTINI
1980 383 2686 448 POBPHYROGENITI

3637 381 3758 444 408

357 527 638 593 recitans,
693 522 937 595 excipit;
987 520 1255 578 tribunus
1302 520 1454 592 ejus,
1512 535 1546 576 a
1591 516 1996 574 cerimoniario

2118 515 2306 595 βεργία
2332 522 2516 594 χρυσᾶ
2545 513 2789 580 διάλιθα.
2845 513 2942 570 Καὶ
3001 507 3410 578 καταλαϐόντος
3455 517 3557 570 τοῦ
3608 513 3764 589 βασι-

351 619 742 682 sustentatus,
773 613 846 670 ad
879 612 1284 684 imperatorem
1315 610 1456 679 abit,
1504 607 1622 677 cui,
1656 607 1831 680 pedes
1871 608 1996 678 ejus

349 700 1030 772 osculatus,libellarium
1053 701 1238 757 oﬂ‘ert.
1257 699 1328 756 Et
1342 703 1649 772 postquam
1673 695 2000 753 factionarii

347 793 551 852 omnia
581 809 687 866 pro
719 807 882 848 more
911 805 1205 863 peregere,
1239 789 1555 861 imperator
1580 785 1886 860 paululum
1909 786 1999 842 di-

349 883 639 957 greditur,
666 896 840 954 quem
868 878 1207 936 transitoria
1237 877 1617 934 Prasinorum
1652 873 1826 932 factio
1856 873 2004 930 exci-

352 973 440 1045 pit
481 969 712 1038 eadem,
742 983 872 1041 quae
904 967 1124 1031 Veneti,
1173 967 1422 1038 peragit,
1455 964 1731 1021 tribunus
1770 963 1899 1034 ejus
1929 961 2001 1018 li-

355 1059 578 1117 bellum
612 1055 948 1129 imperatori
980 1056 1174 1121 tradit,
1227 1071 1403 1127 quem
1433 1054 1765 1127 digressum
1802 1056 2006 1125 postea

356 1151 419 1207 in
449 1147 747 1220 augustali
776 1145 1022 1204 Prasina
1041 1144 1214 1201 factio
1231 1144 1462 1216 excipit,
1479 1148 1537 1200 et
1554 1152 1858 1216 postquam
1880 1157 2005 1199 eos-

355 1240 488 1296 dem
521 1238 670 1294 ritus
699 1235 966 1302 servavit,
1010 1236 1327 1306 imperator
1355 1233 1427 1289 ab
1472 1231 1616 1306 ipsis
1654 1230 1795 1300 abit,
1828 1247 2005 1303 quem

350 1329 410 1385 in
481 1326 679 1384 chalce
737 1325 1010 1398 princeps
1057 1323 1411 1380 Venetorum
1488 1339 1591 1379 seu
1650 1322 2005 1378 domesticus

352 1417 686 1476 scholarum
718 1429 852 1472 cum
903 1413 1238 1470 transitoria
1271 1429 1377 1470 sua
1422 1412 1672 1469 factione
1719 1410 2002 1483 suscipit:

355 1524 486 1580 quae
511 1511 823 1578 postquam
855 1507 911 1560 et
943 1503 1068 1575 ipsa
1095 1501 1296 1558 omnia
1329 1499 1586 1573 perfecit,
1621 1505 1680 1556 et
1701 1515 2007 1572 organum,

357 1597 441 1652 uti
474 1595 534 1650 in
566 1593 805 1666 reliquis
846 1591 1036 1648 tribus
1077 1589 1533 1664 receptionibus,
1565 1588 1866 1662 pulsatum
1897 1588 2009 1644 fuit

356 1701 458 1760 per
489 1684 746 1740 cortinas
776 1681 1046 1737 discedit.

2107 601 2249 671 λέως
2278 604 2330 662 έν
2349 611 2429 680 τῷ
2461 605 2659 680 μιλίῳ,
2689 602 2941 683 ἒέχονται
2968 604 3127 660 αὐτὸν
3162 605 3214 660 οἱ
3257 608 3357 660 τοῦ
3403 605 3602 679 μέρους
3647 607 3762 660 τῶν

2106 697 2368 766 Βενέτων,
2402 695 2652 773 λέγοντες
2683 696 2748 750 τά
2777 695 2914 750 κατά
2963 695 3242 765 συνήθειαν
3297 695 3482 757 αὐτοῖς
3522 692 3674 750 ἔκτα·
3731 695 3761 751 6

2109 782 2166 841 δὲ
2187 783 2503 863 δήμαρχος,
2535 783 2912 861 κρατούμενος
2946 785 3048 840 ὑπὸ
3078 788 3175 840 τοῦ
3217 791 3316 854 τῆς
3361 784 3762 857 καταστάσεως,

2107 873 2406 955 ἀπέρχεται
2437 877 2573 947 πρὸς
2621 875 2713 931 τὸν
2771 874 3021 950 βασιλέα,
3078 873 3169 930 καὶ
3217 874 3597 948 ἀσπασάμενος
3636 876 3765 937 τοὺς

2109 962 2281 1028 πόδας
2311 963 2498 1036 αὐτοῦ,
2540 961 2863 1021 ἐπιδίδωσιν
2925 963 3074 1036 αὖτῷ
3126 958 3508 1039 λιϐελλάριον.
3541 964 3645 1023 Καὶ
3678 986 3766 1022 τε-

2111 1050 2367 1118 λέσαντος
2423 1059 2522 1110 τοῦ
2551 1052 2773 1128 ξμέρους
2827 1052 2896 1108 τὰ
2942 1053 3078 1108 κατά
3128 1056 3436 1124 συνήθειαν,
3488 1052 3770 1130 διέρχεται

2115 1145 2144 1199 6
2179 1143 2434 1220 βασιλεὺς
2477 1145 2692 1219 μικρὸν,
2737 1143 2826 1199 καὶ
2861 1142 3116 1219 δέχονται
3147 1142 3308 1199 αὐτὸν
3356 1145 3408 1199 οἱ
3453 1149 3549 1200 τοῦ
3606 1166 3774 1220 περα-

2113 1237 2269 1288 τικοῦ
2319 1229 2501 1307 δήμου
2532 1238 2642 1289 τῶν
2695 1234 3007 1309 Πρασίνων,
3037 1233 3129 1288 καὶ
3159 1233 3312 1288 αὐτοὶ
3369 1235 3434 1288 τὰ
3488 1235 3657 1308 ὅμοια
3686 1255 3776 1291 τε-

2115 1318 2390 1392 λέσαντές,
2423 1319 2768 1384 ἐπιδιδόντος
2816 1322 2907 1377 καὶ
2964 1325 3061 1376 τοῦ
3111 1319 3466 1395 δημοκράτου
3513 1318 3778 1380 λιϐελλά-

2117 1430 2233 1486 ριον
2261 1415 2342 1483 τῷ
2383 1409 2620 1486 βασιλεῖ,
2680 1408 2980 1486 διέρχεται,
3023 1411 3114 1466 καὶ
3163 1408 3417 1486 δέχονται
3475 1411 3636 1469 αὐτόν
3698 1414 3774 1478 εἷς

2115 1500 2207 1555 τὸν
2264 1499 2565 1574 αύγουστέα
2605 1500 2659 1555 οἱ
2715 1503 2814 1557 τοῦ
2875 1499 3078 1577 μέρους
3155 1504 3260 1555 νῶν
3320 1504 3622 1577 ΙΙρασίνων,
3683 1503 3774 1559 καὶ

2117 1586 2293 1644 αὒτῶν
2326 1591 2391 1646 τὰ
2423 1592 2590 1664 ὅμοια
2646 1592 3014 1662 ποιησάννων,
3048 1587 3319 1667 διέρχεται
3381 1592 3470 1648 ἀπ’
3519 1593 3694 1649 αὐτῶν
3743 1595 3772 1648 6

2125 1677 2403 1754 βασιλεὺς,
2451 1679 2540 1734 καὶ
2579 1677 2796 1756 δέχεται
2855 1680 3017 1736 αὐτὸν
3068 1679 3121 1736 ἐν
3171 1685 3241 1755 τῇ
3295 1681 3478 1756 χαλκῇ
3527 1683 3554 1737 ὁ
3595 1679 3772 1757 δημο-

354 1775 561 1850 κράτης
590 1778 700 1830 τῶν
727 1771 984 1841 Βενέτων,
1018 1772 1191 1849 ἤγουν
1225 1772 1253 1826 6
1293 1767 1616 1844 δομέστιλος
1645 1769 1750 1824 τῶν
1784 1767 2006 1844 σχολῶν
2039 1769 2174 1843 μετά
2230 1775 2328 1826 τοῦ
2375 1776 2671 1846 περατικοῦ
2727 1771 2891 1827 αὐτοῦ
2945 1769 3146 1845 δήμου,
3207 1779 3248 1828 Τ
3254 1771 3527 1836 ελέσαντες
3588 1771 3645 1828 δὶ
3683 1775 3777 1830 καὶ

355 1864 506 1921 οὖτοῖ
537 1862 731 1935 πάντα,
767 1861 1069 1924 αὐλοῦντος
1097 1862 1188 1916 καὶ
1218 1865 1314 1917 τοῦ
1345 1861 1578 1937 ὀργάνου
1623 1860 1698 1922 ὡς
1728 1860 1820 1914 καὶ
1849 1859 1939 1915 ἐπὶ
1967 1863 2076 1915 τῶν
2107 1859 2321 1916 λοιπῶν
2371 1866 2538 1936 τριῶν
2596 1859 2807 1940 δοχῶν,
2842 1859 3118 1937 διέρχιται
3172 1859 3261 1917 διὰ
3323 1867 3430 1917 τῶν
3488 1868 3774 1938 κορτινῶν·

429 1956 525 2013 VI.
561 1956 874 2012 Sciendum
903 1959 1013 2025 est,
1045 1953 1096 2009 si
1127 1953 1482 2009 domesticus
1527 1951 1862 2008 scholarum
1893 1951 2010 2006 im-

2132 2035 2145 2039 Α
2195 1951 2261 2039 ς’
2293 1951 2414 2023 Χρή
2448 1947 2505 2006 δὲ
2563 1949 2777 2023 εἰδέναι,
2829 1950 2935 2020 ὅτι,
2985 1951 3146 2022 ἡνίκα
3207 1951 3401 2025 μέλλει
3447 1950 3688 2024 δέξασθαι
3745 1955 3773 2009 6

358 2054 679 2118 peratorem
710 2044 973 2117 excipere
1021 2043 1253 2110 debeat,
1298 2058 1504 2098 omnes
1536 2041 1779 2114 pedibus
1809 2056 2014 2112 proce-

363 2138 524 2204 dere,
548 2134 739 2190 solum
765 2133 1178 2206 imperatorem
1193 2149 1344 2204 equo
1364 2132 1518 2202 vehi,
1535 2141 1587 2188 et
1608 2132 1680 2187 ab
1711 2131 1803 2186 his
1827 2131 2013 2187 omni-

365 2226 476 2282 bus
501 2225 811 2297 stipatum,
848 2241 882 2279 a
919 2222 1120 2279 chalce
1169 2223 1240 2277 ad
1285 2221 1569 2292 templum
1619 2220 1850 2277 Domini
1883 2237 2016 2293 pro-

361 2314 592 2382 cedere,
644 2313 742 2368 ubi
789 2319 1028 2368 senatus
1077 2316 1209 2366 ante
1243 2315 1356 2366 tres
1409 2309 1737 2366 consistorii
1793 2314 2013 2381 portas,

354 2401 698 2473 imperatori
725 2418 738 2458 :
775 2421 805 2451 «
838 2403 902 2456 In
937 2399 1122 2456 multa
1151 2400 1417 2469 bonaque
1447 2403 1732 2472 tempora,
1765 2417 1790 2450 ι
1828 2399 2014 2454 accla-

365 2509 562 2562 mans,
627 2491 857 2564 patricii
919 2507 1050 2546 vero
1104 2495 1162 2547 et
1218 2489 1488 2562 strategi,
1547 2491 1740 2545 fausta
1797 2489 2015 2561 quaevi

366 2579 756 2653 apprecaturi,
791 2584 954 2637 extra
1001 2584 1225 2652 portam
1283 2578 1488 2651 templi
1536 2578 1769 2635 Domini
1811 2595 2017 2650 exspe-

369 2676 548 2728 ctant.
586 2673 672 2728 Im
682 2674 948 2743 peratore
971 2674 1202 2742 portam
1226 2669 1510 2740 ingresso,
1529 2683 1657 2723 eam
1673 2667 2018 2725 cubicularii

369 2761 733 2830 custodiunt,
766 2764 822 2816 et
852 2759 1110 2814 faustum
1142 2775 1209 2814 ac
1239 2757 1590 2813 diuturnum
1622 2757 1932 2829 imperium
1963 2757 2018 2813 ei

366 2854 780 2922 apprecantur.
813 2848 1163 2919 Praepositae
1193 2846 1264 2903 ab
1301 2846 1667 2918 imperatoris
1698 2846 1886 2917 capite
1917 2862 2014 2903 co-

364 2955 566 2996 ronam
584 2937 888 3009 demit,qui
908 2937 1189 3009 templum
1204 2935 1432 2992 Domini
1448 2936 2016 3008 ingressuscumque

367 3031 546 3086 cereis
599 3030 862 3086 accensis
921 3033 1212 3099 precatus,
1291 3044 1390 3084 eos
1473 3027 1781 3100 praposito
1838 3028 2017 3084 tradit

365 3134 584 3190 perque
605 3119 861 3191 porticus
897 3116 1125 3174 Domini
1156 3116 1524 3173 triconcbum
1571 3119 1773 3184 intrat,
1807 3117 2015 3173 deinde

364 3225 470 3283 per
488 3209 746 3282 porticus
765 3208 1152 3281 quadraginta
1181 3213 1517 3263 sanctorum
1540 3207 1612 3261 ad
1645 3222 1885 3262 aureum
1911 3207 2012 3263 tri-

365 3299 608 3356 clinium
658 3298 802 3365 abit,
845 3297 1072 3368 patricii
1120 3311 1254 3352 vero
1302 3303 1357 3351 et
1395 3297 1588 3352 caeteri
1633 3313 1735 3367 per
1767 3299 2011 3366 januam
2043 3330 2086 3398 α

364 3388 553 3445 aerarii
580 3387 904 3444 lausiacum
929 3386 1357 3459 ingrediunlur.
1383 3384 1668 3456 Tempore
1696 3386 2010 3457 appropin-

361 3485 598 3548 quante,
661 3475 979 3549 imperator
1028 3475 1292 3546 procedit
1339 3489 1594 3545 cumque
1652 3473 2008 3544 proceribus,

358 3582 503 3636 quos
533 3581 600 3621 eo
630 3565 723 3620 die
755 3564 986 3619 invitari
1032 3566 1298 3635 jusserit,
1343 3565 1612 3635 pretiosas
1647 3578 1859 3618 mensas
1893 3579 2011 3618 sua:

359 3654 599 3711 assidet.
641 3655 797 3710 1ου
845 3653 1288 3710 Observandum
1337 3669 1472 3708 vero
1520 3660 1605 3708 est
1647 3652 1925 3724 patricios
1954 3656 2013 3708 et

357 3743 624 3801 convivas
648 3761 852 3799 omnes
877 3743 935 3798 in
961 3742 1294 3798 mulatoriis
1314 3742 1433 3798 sive
1458 3740 1675 3797 tunicis
1704 3743 1774 3796 atl
1806 3740 2010 3813 epulas

358 3835 573 3900 venire,
596 3832 866 3889 cubiculo
885 3848 1017 3888 vero
1040 3832 1335 3901 praefectos
1357 3830 1516 3904 sagis
1539 3830 1730 3886 rubris
1753 3831 2006 3886 indutos.

355 3923 649 3995 duplicem
683 3922 1136 3994 parastasimum
1185 3937 1252 3977 eo
1285 3919 1381 3976 die
1416 3923 1621 3988 facere,
1654 3935 1757 3976 seu
1789 3919 1880 3976 bis
1906 3936 2010 3975 so-

357 4011 539 4068 lemni
574 4013 687 4068 ritu
720 4011 1053 4084 imperatori
1071 4021 1282 4066 astare.
1320 4010 1616 4079 Praeterea,
1639 4009 1686 4064 si
1706 4026 1802 4065 aer
1830 4025 1896 4065 eo
1915 4009 2009 4066 die

354 4101 628 4157 turbidus
673 4107 782 4170 est,
814 4118 916 4173 per
936 4100 1223 4172 porticum
1249 4101 1317 4154 ad
1336 4105 1600 4155 senatum
1624 4099 1753 4170 (hoc
1773 4099 2007 4154 aediﬁcii

359 4207 573 4248 nomen
604 4193 717 4262 est)
749 4191 806 4246 in
842 4191 965 4246 foro
996 4189 1235 4258 abeunt,
1284 4195 1341 4245 et
1369 4189 1783 4246 antimensium
1823 4189 1880 4244 in
1915 4206 2006 4245 se-

361 4288 497 4336 natu
532 4287 780 4351 ponunt,
816 4287 1023 4334 caetera
1059 4276 1278 4344 omnia,
1331 4294 1458 4349 quae
1492 4278 1772 4333 hactenus
1802 4279 2006 4334 ordine

358 4372 763 4442 exposuimus,
796 4369 1206 4436 observantur,
1237 4374 1296 4423 et
1324 4367 1639 4438 imperator
1669 4385 1875 4425 rursus
1907 4385 2009 4439 per

357 4464 622 4516 eamdem
646 4463 928 4532 porticum
945 4475 1162 4531 perque
1185 4457 1412 4514 lausum
1439 4459 1760 4527 descendit,
1782 4463 1838 4513 et
1859 4458 2007 4513 sini-

354 4553 637 4606 strorsum
657 4549 971 4616 inclinans,
995 4549 1064 4604 ad
1085 4547 1642 4617 CbaIcOpratiaabit.
1668 4548 2004 4616 Sciendum,

349 4638 474 4694 hac
507 4639 708 4694 omnia
735 4638 1054 4704 observari,
1087 4643 1470 4709 praeterquam
1504 4638 1658 4709 quod
1693 4638 2008 4709 imperator

2128 2035 2448 2112 δομέστικος
2504 2045 2612 2096 τῶν
2673 2039 2897 2115 σχολῶν
2950 2041 3042 2097 τὸν
3133 2041 3379 2116 βασιλέα,
3460 2043 3766 2112 πεζεύουσιν

2125 2129 2380 2198 ἅπαντες,
2411 2132 2501 2186 καὶ
2537 2130 2681 2205 μένει
2731 2127 2968 2211 ἔφιππος
3013 2131 3180 2204 μόνος
3217 2137 3255 2170 ¹¹
3305 2134 3333 2187 ὁ
3386 2132 3656 2208 βασιλεὺς,
3678 2133 3771 2188 καὶ

2125 2219 2231 2275 ἀπὸ
2259 2227 2360 2290 τῆς
2408 2221 2652 2300 χαλκῆς,
2695 2219 3122 2299 δηριγευόμενος
3169 2223 3273 2278 ὑπὸ
3329 2224 3545 2277 πάντων
3575 2223 3775 2292 αὐτῶν,

2126 2309 2424 2385 ἀπέρχεται
2469 2311 2639 2386 μέχρὶ
2700 2315 2796 2366 τοῦ
2846 2312 3068 2387 Κυρίου,
3145 2312 3233 2366 καὶ
3295 2313 3443 2386 μένει
3521 2311 3693 2367 ἐκεῖσε
3744 2315 3779 2382 ἠ

2127 2398 2438 2476 σύγκλητος
2480 2397 2782 2474 ἔμπροσθεν
2842 2401 2949 2455 τῶν
3002 2406 3171 2476 τριῶν
3211 2401 3401 2458 πυλῶν
3458 2405 3555 2457 τοῦ
3602 2422 3784 2457 κονσι-

2128 2488 2386 2565 στωρίου,
2412 2489 2828 2565 ὑπερευχομένη
2883 2491 2974 2547 τὸν
3031 2490 3283 2565 βασιλέαο
3324 2515 3352 2544 ι(
3386 2491 3483 2556 Εἰς
3529 2491 3778 2554 πολλοὺς

2125 2580 2216 2636 καὶ
2246 2579 2478 2658 ἀγαθοὺς
2530 2580 2787 2657 χρόνους·
2823 2606 2851 2635 ››
2912 2583 2964 2637 οἱ
3021 2579 3077 2638 δὲ
3133 2583 3412 2655 πατρίκιοι
3457 2583 3548 2639 καὶ
3588 2604 3779 2658 στρατ-

2128 2669 2258 2746 ηγοὶ
2311 2671 2563 2744 μένουσιν
2622 2670 2723 2744 ἔξω
2767 2674 2869 2744 τῇς
2919 2671 3104 2739 πύλης
3169 2676 3268 2728 τοῦ
3333 2673 3559 2747 Κυρίου,
3613 2673 3782 2748 ὑπερ-

2128 2757 2424 2838 ευχόμενοι
2470 2759 2560 2814 καὶ
2593 2758 2748 2816 αὐτοὶ
2777 2761 2868 2816 τὸν
2912 2757 3156 2836 βασιλέᾶ.
3215 2765 3328 2819 Τοῦ
3387 2759 3446 2817 δὲ
3515 2761 3788 2838 βασιλέως

2127 2847 2470 2914 εἰσελθόντος
2499 2845 2646 2906 ἔνδον
2669 2857 2769 2920 τῆς
2819 2848 3028 2922 πύλης,
3092 2849 3484 2929 ἀσφαλίζουσιν
3545 2852 3598 2907 οἱ
3647 2872 3786 2907 κου-

2127 2933 2479 3014 ϐικουλάριοι
2533 2940 2634 3007 τήν
2700 2938 2907 3011 πύλην,
2970 2939 3403 3016 ὑπερευχόμενοι
3453 2942 3544 2996 καὶ
3594 2941 3775 2997 αὐτοίο

2127 3027 2256 3088 «Εἰς
2289 3025 2538 3090 πολλοὺς
2568 3027 2657 3083 καὶ
2718 3027 2954 3103 ἀγαθοὺς
2993 3028 3246 3104 χρόνους.
3285 3053 3314 3082 »
3372 3031 3477 3086 Καὶ
3535 3026 3722 3086 λαϐὼν
3755 3033 3783 3086 ὁ

2125 3115 2486 3189 πραιπόσιτος
2516 3117 2577 3172 τὸ
2611 3117 2826 3189 στέμμα
2874 3116 2981 3173 ἀπὸ
3042 3124 3145 3187 τῆς
3190 3117 3436 3196 κεφαλῆς
3483 3124 3581 3175 τοῦ
3633 3121 3784 3194 βασι-

2129 3202 2291 3273 λέως,
2317 3203 2620 3280 εἰσέρχεται
2649 3205 2677 3260 ὁ
2703 3203 2958 3280 βασιλεὺς
2989 3203 3042 3260 ἐν
3089 3209 3170 3277 τῷ
3223 3210 3336 3278 ναῷ
3391 3211 3490 3261 τοῦ
3548 3207 3773 3281 Κυρίου,

2125 3295 2218 3348 καὶ
2251 3289 2434 3349 λαϐὼν
2480 3295 2686 3368 κηροὺς
2734 3293 2825 3349 καὶ
2870 3294 3185 3368 εὐξάμενος,
3217 3291 3531 3351 ἐπιδίδωσιν
3579 3295 3771 3359 αὐτοὺς

2123 3387 2204 3454 τῷ
2263 3382 2631 3458 πραιποσίτῳ,
2664 3380 2940 3460 διέρχεται
2999 3381 3090 3439 διὰ
3134 3388 3243 3439 τῶν
3297 3379 3624 3440 διαϐατικῶν
3674 3390 3772 3441 τοῦ

2119 3471 2351 3542 Κυρίου,
2386 3472 2478 3527 καὶ
2505 3471 2809 3547 εἰσέρχεται
2841 3471 2893 3528 ἒν
2940 3477 3021 3544 τῷ
3075 3469 3388 3549 τρικὸγχῳ,
3439 3474 3556 3531 Εἶθ’
3597 3474 3769 3537 οὕτως

2122 3559 2401 3637 διέρχεται
2457 3561 2523 3618 τά
2581 3558 2873 3618 διαϐατικὰ
2945 3566 3054 3618 τῶν
3100 3561 3267 3636 ἁγίων
3322 3564 3396 3635 μ’,
3464 3563 3552 3618 καὶ
3604 3562 3771 3638 εἰσὲρ-

2117 3671 2275 3727 χεται
2305 3652 2383 3716 εἷς
2411 3653 2504 3708 τὸν
2549 3651 3007 3727 χρυσοτρίκλινον
3041 3654 3104 3723 η,
3139 3654 3191 3707 οἱ
3249 3650 3306 3708 δὲ
3345 3652 3623 3728 πατρίκιοι
3681 3653 3774 3709 καὶ

2117 3742 2168 3796 οἱ
2207 3739 2396 3797 λοιποὶ
2448 3739 2790 3816 εἰσέρχονται
2851 3737 2940 3796 διὰ
2997 3745 3095 3798 τοῦ
3161 3738 3318 3806 ὄντος
3373 3741 3448 3804 εἰς
3493 3743 3557 3798 τὸ
3599 3740 3772 3799 ἷδικὸν

2119 3831 2426 3904 μονοθύρου
2490 3828 2545 3886 ἐν
2583 3836 2664 3904 τῷ
2713 3830 3011 3902 λαυσιακῷ.
3056 3830 3160 3888 Καὶ
3234 3836 3333 3887 τοῦ
3376 3836 3570 3905 καιροῦ
3634 3833 3777 3908 ἐγγί-

2117 3939 2326 3990 σαντος,
2360 3919 2635 3994 ἐξέρχεται
2686 3919 2714 3974 6
2759 3917 3015 3995 βασιλεὺς
3058 3919 3148 3974 καὶ
3202 3919 3480 3990 καθέζεται
3539 3919 3628 3976 ἐπὶ
3676 3925 3779 3988 τῆς

2114 4006 2299 4080 τιμίας
2357 4007 2524 4064 αὐτοῦ
2561 4008 2834 4079 τραπέζης
2893 4009 3029 4081 μετά
3091 4013 3199 4063 τῶν
3287 4006 3594 4084 ἀρχόντων,
3679 4011 3773 4072 οὓς

2116 4095 2364 4153 ἐκέλευσε
2384 4101 2452 4171 τῇ
2484 4096 2622 4171 αὐτῇ
2669 4098 2853 4172 ἡμέρᾳ
2904 4094 3151 4154 καλέσαι.
3203 4098 3397 4154 Ἰστέον
3449 4096 3528 4168 δὲ,
3587 4099 3672 4155 δτι
3721 4102 3774 4156 οἱ

2117 4189 2211 4260 μὲν
2233 4187 2513 4263 πατρίκιοι
2539 4189 2630 4242 καὶ
2671 4187 2742 4256 ,οἱ
2787 4185 3082 4256 κληθέντες
3144 4189 3372 4253 ἅπαντες
3418 4188 3766 4263 ἠλλαγμένοι

2113 4277 2457 4356 εἰσέρχονται
2489 4277 2564 4339 είς
2596 4278 2658 4333 τὸ
2705 4275 3020 4351 κλητὼριον
3067 4275 3189 4332 ἄνευ
3249 4275 3564 4353 χλανιδίων,
3597 4275 3653 4330 οῗ
3706 4275 3763 4329 δὲ

2109 4371 2206 4421 τοῦ
2245 4362 2642 4422 κουϐουκλείου
2700 4365 2989 4441 ἄρχοντες,
3041 4370 3335 4443 φοροῦντες
3394 4365 3622 4437 ἀληθινά
3677 4385 3766 4419 σα-

2109 4455 2221 4531 γία,
2253 4459 2321 4529 τῇ
2354 4454 2490 4528 αὐτῇ
2549 4455 2732 4531 ἡμέρᾳ
2787 4454 3008 4511 τελοῦσι
3067 4452 3298 4512 διπλοῦν
3333 4456 3767 4532 παραστάσιμον.

2112 4547 2232 4621 Χρὴ
2268 4543 2325 4601 δὲ
2356 4543 2577 4612 εἰδέναι,
2606 4543 2714 4611 ὅτι,
2752 4544 2797 4601 εί
2833 4545 2928 4617 μὶν
2973 4543 3120 4621 τύχῃ
3149 4550 3220 4618 τῇ
3252 4547 3392 4621 αὐτῇ
3430 4546 3614 4621 ἡμέρᾳ
3639 4546 3769 4618 ἀὴρ,

2114 4632 2420 4691 διοδεύουσι
2447 4632 2534 4690 διὰ
2556 4638 2652 4691 τοῦ
2681 4630 2952 4707 ἐμϐόλου,
2979 4635 3070 4690 καὶ
3122 4633 3442 4709 ἀνέρχονται
3473 4633 3528 4691 ἐν
3555 4640 3636 4708 τῷ
3673 4639 3771 4692 τοῦ

353 4744 513 4783 nunc
546 4729 617 4783 ad
667 4727 1092 4784 catechumena
1139 4726 1498 4794 non-abeat,
1548 4725 1645 4780 sed
1683 4725 1741 4780 in
1783 4725 2004 4797 tropice

2118 4725 2288 4802 φόρου
2328 4726 2549 4797 σινάτῳ,
2599 4725 2690 4779 καὶ
2715 4721 2931 4779 τίσταται
2983 4724 3026 4760 ¹³
3079 4723 3387 4798 ἀντιμίσιον
3430 4724 3530 4781 ἀντὶ
3573 4725 3772 4799 μεταξὺ

349 4819 547 4872 Sancti
568 4817 834 4888 Sepulcri
860 4821 1047 4885 stans,
1067 4815 1318 4871 divinam
1335 4813 1629 4888 liturgiam
1649 4811 1922 4884 celebret,
1947 4819 2004 4872 et

350 4905 411 4959 in
452 4905 734 4976 palatium
784 4905 1085 4975 ingressus
1125 4904 1252 4961 sine
1301 4905 1656 4973 mutatoriis,
1697 4909 1856 4960 veste
1893 4921 2004 4962 sua

347 4993 619 5062 indutus,
671 5009 886 5050 mensae
935 4995 1237 5051 assideat:
1288 5009 1477 5067 neque
1523 5010 1656 5050 vero
1705 4999 1849 5051 tunc
1902 5010 2002 5050 cu—

351 5082 612 5139 biculum
641 5082 892 5138 solemni
925 5083 1039 5138 ritu
1072 5082 1226 5140 latus
1253 5082 1620 5156 imperatoris
1650 5083 1855 5158 cingit.

2113 4821 2210 4872 τοῦ
2240 4819 2477 4886 σινάτου,
2510 4815 2600 4872 καὶ
2629 4814 2779 4872 τελεῖ
2816 4818 2882 4870 τὰ
2941 4814 3150 4871 ἅπαντα
3180 4815 3225 4849 ¹⁴
3281 4812 3472 4885 ἐκεῖσε,
3519 4815 3593 4870 ὧν
3650 4813 3774 4871 ἀκο-

2114 4905 2330 4970 λούθως
2359 4906 2675 4981 εἰρήκαμεν,
2704 4906 2794 4962 καὶ
2831 4903 2996 4961 πάλιν
3045 4901 3134 4959 διὰ
3173 4909 3271 4959 τοῦ
3302 4903 3467 4959 αὐτοῦ
3525 4902 3772 4978 ἐμϐόλου

2113 4994 2438 5072 κατέρχεται
2463 4995 2555 5050 καὶ
2585 5000 2683 5051 τοῦ
2734 4993 2960 5062 λαύσου,
3009 4995 3098 5049 καὶ
3160 4992 3440 5068 ἀριστερὸν
3496 4993 3776 5066 ἐκκλίνας,

2113 5084 2411 5164 ἀπέρχεται
2455 5084 2531 5148 εἷς
2577 5085 2646 5140 τὰ
2696 5082 3138 5158 Χαλκοπράτεια.
3200 5081 3414 5151 Ἰστέον,
3463 5082 3545 5138 ὅτι
3601 5087 3774 5139 ταῦτα

349 5170 526 5226 πάντα
553 5167 980 5240 τελεῖται,πλὴν
1012 5171 1040 5226 6
1076 5168 1330 5244 βασιλεὺς
1363 5171 1466 5227 οὐκ
1495 5171 1783 5248 ἀνέρχεται
1829 5174 1945 5228 νυνὶ
1995 5172 2048 5231 ἐν
2102 5179 2227 5231 τοῖσ
2259 5174 2749 5250 κατηχουμενίοις,
2807 5171 2937 5229 ἀλλ’
2984 5171 3061 5234 εἷς
3115 5177 3216 5241 τῆν
3273 5171 3539 5245 τροπικὴν
3599 5170 3768 5233 ἑστὼς

350 5268 452 5330 τῆς
483 5258 671 5335 Ἀγίας
696 5263 894 5336 Σοροῦ,
921 5257 1090 5316 έκεῖσε
1116 5260 1265 5317 τελεῖ
1294 5265 1391 5334 τῆν
1425 5263 1568 5329 θείαν
1602 5263 1971 5341 λειτουργίαν,
2000 5266 2092 5322 καὶ
2123 5266 2290 5322 πάλιν
2324 5265 2400 5328 είς
2431 5265 2508 5332 ,τὸ
2557 5262 2824 5321 παλάτιον
2874 5261 3158 5330 εἰσελθὼν,
3187 5263 3366 5339 χωρὶς
3424 5265 3534 5316 τῶν
3591 5259 3767 5318 ἀλλα-

352 5351 525 5427 ξίμων
558 5352 664 5408 ἀπὸ
695 5350 917 5424 ἱματίου
949 5352 1064 5426 (34)
1090 5355 1369 5424 καθέζεται
1399 5353 1487 5410 ἐπὶ
1507 5360 1607 5425 τῆς
1639 5357 1683 5394 ³⁸
1738 5354 2032 5430 τραπέζης·
2095 5354 2222 5412 ἀλλ’
2283 5351 2407 5412 οὕτε
2463 5352 2522 5410 δὶ
2575 5355 2638 5412 τὸ
2683 5349 3075 5411 κουϐούκλειον
3131 5350 3543 5429 παραστάσιμον
3600 5359 3772 5412 ποιεῖ.

1703 5445 1940 5501 νΑΒΙίΕ
1979 5445 2395 5503 LECTIONES.

425 5540 467 5577 “
505 5541 666 5615 μόνον
699 5541 791 5598 ed.
867 5542 912 5578 ¹²
942 5539 1003 5595 τὸ
1038 5556 1297 5615 χρυσοτρ.
1330 5542 1418 5598 ed.
1499 5543 1546 5578 ‘3
1563 5541 1812 5599 'ictavtétt
1842 5543 1931 5601 ed.
2009 5540 2059 5578 ¹⁶
2082 5541 2322 5598 τελεῖται
2353 5541 2447 5601 ἀπ.
2479 5546 2632 5617 conj.
2666 5545 2734 5601 Β.

2817 5545 2860 5582 ιδ
2887 5541 2978 5597 καὶ
3010 5540 3099 5597 ἐπὶ
3129 5547 3228 5611 τῆς
3258 5560 3345 5616 τρ.
3378 5543 3473 5600 ed.

1394 5643 1594 5700 JOAN.
1628 5644 1772 5700 JAC.
1813 5641 2080 5700 REISKII
2117 5642 2724 5702 COMMENTARlUS.

431 5729 545 5803 (54)
602 5729 869 5806 Recurrit
915 5731 1040 5806 base
1097 5731 1377 5806 dictiop.
1419 5733 2001 5806 109,_signiﬂcatque

362 5799 726 5875 idem'atque
772 5801 877 5857 ἀπὸ
925 5803 1010 5875 [id
1059 5808 1142 5861 est
1177 5799 1453 5874 psu‘z'vel
1492 5799 1601 5872 διὰῖ
1645 5799 1998 5878 inﬁmos—in

2113 5735 2325 5806 tunica,
2362 5738 2653 5806 quatenus
2675 5734 2990 5806 opponitur
3011 5730 3423 5806 cblamydiaut
3441 5746 3774 5806 δοες-ρεπιιβ-

2115 5804 2226 5878 gio,
2275 5799 2556 5877 omnique
2605 5799 2772 5860 vesti'
2798 5803 3088 5876 exteriori,
3141 5799 3480 5868 mutatorio,
3532 5799 3768 5871 ἀλλαξί-
