4158 6412
418 415 538 478 M3

1295 419 1396 480 DE
1439 415 1896 481 CERIMONIIS
1941 412 2179 475 AUL/E
2222 416 2699 478 BYZANTIN/E
2740 419 2889 479 LIB.
2937 419 2983 480 Ι.

3729 426 3847 486 414
3938 388 3943 393 ’

431 547 637 622 ὁμοίως
672 546 763 601 καὶ
790 548 845 602 οὶ
878 551 1164 623 πατρίκιοι
1194 550 1283 605 καὶ
1312 550 1376 605 τὸ
1415 545 1827 607 κουϐούκλειον.
1854 547 1956 603 Καὶ
1988 544 2089 600 εἰσ.

2205 548 2517 605 triclinium
2534 551 2825 622 processio
2844 552 2925 619 fit,
2947 568 3063 624 quo
3084 552 3593 626 orphanotrOpbus
3616 572 3847 629 quoque

436 632 691 692 ελθόντων
743 634 932 690 αὐτῶν
975 637 1185 713 γίνεται
1224 640 1258 707 ἡ
1303 637 1628 712 προέλευσις
1673 635 1726 691 ἐν
1756 639 1836 708 τῷ
1870 637 2092 692 Ἰουστι-

437 732 611 783 νιανοῦ
637 725 936 801 τρικλίνῳ,
976 727 1069 784 καὶ
1100 726 1358 784 εἷσελθὼν
1403 730 1431 783 6
1472 729 1873 806 όρφανοτρόφος
1922 724 1974 779 ἐν
2019 726 2088 796 τῇ

433 814 775 892 προελεύσει,
816 813 1114 871 ἐπιδίδωσι
1154 818 1222 873 τὰ
1252 813 1509 889 σύμϐολα
1550 820 1660 889 (43)
1688 822 1805 877 τοῖς
1854 814 1904 887 ἐξ
1935 810 2088 874 ἔθους

424 900 777 979 λαμϐάνουσι
817 906 913 960 καὶ
942 904 1245 982 ἐξέρχεται,
1271 908 1385 964 Εἶθ’
1437 906 1612 969 οὕτως
1663 906 2006 983 εἲσὲρχονται
2036 903 2089 957 οἱ

419 995 716 1072 δήμαρχοι
763 995 854 1050 καὶ
903 993 1208 1051 ἐπιδιδοῦσι
1242 997 1370 1059 τοὺς
1411 994 1819 1073 προῤῥηθέντας
1864 994 2088 1065 πάντας,

418 1087 791 1160 μαγίστρους,
840 1084 1241 1158 πραιποσίτους
1291 1087 1380 1140 καὶ
1445 1085 1762 1160 πατρικίους
1820 1083 1910 1139 καὶ
1965 1082 2089 1138 λοι-

413 1174 561 1236 ποὺς
611 1172 745 1236 τοὺς
806 1172 1030 1247 τιμίους
1064 1174 1350 1250 σταυροὺς,
1385 1175 1612 1237 ὁποίους
1651 1177 1686 1244 ἡ
1738 1176 1837 1242 τῆς
1888 1174 2086 1247 ἑορτῆς

414 1264 571 1333 τάξις
628 1264 874 1322 ἀπαιτεῖ.
928 1259 1359 1337 Καταλαϐούςης
1426 1262 1483 1320 δὲ
1538 1271 1640 1334 τῆς
1690 1261 1858 1338 ὥρας,
1911 1262 2088 1317 ὑπαλ-

422 1350 615 1407 λάσσει
654 1353 683 1407 6
731 1350 990 1426 βασιλεὺς
1032 1348 1355 1425 διϐητήσιον
1404 1353 1495 1409 καὶ
1544 1350 1803 1430 χλανίδα,
1836 1351 1924 1407 καὶ
1954 1352 2083 1406 καθ-

427 1442 605 1512 έζεται
640 1440 727 1495 ἐπὶ
786 1439 887 1496 τοῦ
934 1443 1119 1512 σένζου
1168 1443 1244 1505 εἰς
1289 1445 1352 1498 τὸ
1393 1441 1875 1518 χρυοοτρίκλινον,
1937 1442 1988 1497 οἱ
2029 1438 2086 1496 δὲ

412 1535 522 1586 τοῦ
551 1526 948 1587 κουϐουκλείου
980 1533 1210 1595 ἅπαντες
1238 1531 1483 1589 ’ίστανται
1530 1530 1678 1587 ἔνθεν
1741 1533 1975 1603 κάκεῖσε,
2009 1532 2083 1593 ὡς

411 1619 646 1675 εἴθισται
680 1619 886 1684 αὐτοῖς.
922 1620 1021 1676 Καὶ
1082 1616 1268 1677 λαϐὼν
1312 1625 1485 1695 νεῦμα
1516 1622 1594 1695 [6]
1644 1620 1925 1695 ὀστιάριος
1978 1620 2083 1675 ἀπὸ

410 1707 719 1773 κελεύσεως
773 1710 920 1786 παρὰ
990 1714 1087 1765 τοῦ
1144 1711 1535 1786 πραιποσίτου,
1592 1710 1892 1790 ἐξέρχεται,
1950 1730 2082 1785 κρα-

418 1804 531 1855 τῶν
588 1798 807 1874 βεργίον
839 1804 1081 1879 χρυσοῦν
1136 1797 1410 1872 διάλιθον,
1441 1801 1532 1855 καὶ
1574 1799 1768 1873 εἰσάγει
1805 1799 1981 1874 βῆλον
2012 1800 2079 1868 α’,

2200 653 2332 693 cum
2364 639 2611 695 solemni
2637 658 2851 713 pompa
2881 642 3124 707 venil,et
3145 644 3428 714 symbolis
3450 646 3724 702 omnibus
3746 647 3842 715 iis,

2199 724 2412 795 quibus
2449 726 2569 783 hanc
2607 728 2882 784 distribui
2923 727 3129 797 solent,
3160 729 3386 801 divisis,
3414 748 3618 788 rursus
3653 733 3842 790 disce-

2200 813 2304 869 dit.
2350 820 2483 871 Post
2511 832 2645 872 eum
2686 817 2910 873 tribuni
2942 818 3260 875 factionum
3293 835 3390 875 seu
3423 821 3717 878 demarchi
3750 824 3846 879 in-

2199 907 2380 973 trant,
2436 910 2493 960 et
2544 906 2715 962 dictis
2772 908 3064 974 omnibus,
3116 909 3435 980 magistris,
3492 913 3841 983 praepositis,

2199 995 2445 1059 caeteris.
2460 998 2915 1053 totvenerandas
2937 1014 3155 1068 cruces,
3173 1007 3313 1071 quot
3334 1000 3474 1054 ordo
3499 1000 3627 1056 festi
3650 1003 3843 1072 requi-

2198 1084 2297 1153 rit,
2320 1085 2699 1142 distribuunt.
2731 1088 3014 1159 Tempore
3042 1092 3234 1144 autem
3266 1088 3557 1156 veniente,
3589 1089 3843 1162 impera-

2198 1177 2290 1229 tor
2338 1175 2620 1232 dibetesio
2668 1180 2727 1231 et
2774 1176 2973 1232 tunica
3022 1193 3131 1233 sua
3188 1176 3457 1244 indutus,
3514 1180 3573 1234 in
3629 1179 3843 1236 throno

2195 1264 2650 1336 chrysotriclinii
2672 1265 2858 1333 sedet,
2884 1283 2917 1320 a
2939 1265 3340 1335 cubiculariis,
3367 1276 3431 1322 ut
3454 1284 3582 1324 mos
3604 1273 3713 1337 est,
3735 1269 3844 1325 cir-

2196 1354 2529 1411 cumdatus.
2552 1355 2718 1410 Tunc
2740 1354 3016 1411 ostiarius
3048 1372 3081 1410 a
3112 1356 3407 1425 mandato,
3432 1356 3597 1427 signo
3628 1370 3662 1413 a
3691 1375 3841 1429 prae-

2195 1442 2384 1514 posito
2418 1444 2575 1513 dato,
2597 1443 2912 1515 egreditur,
2937 1448 2993 1500 et
3018 1444 3243 1516 virgam
3270 1461 3509 1501 auream
3547 1445 3841 1518 lapidibus

2195 1530 2467 1604 pretiosis
2506 1536 2769 1589 ornatam
2809 1537 3042 1601 tenens,
3076 1534 3267 1590 velum
3311 1535 3591 1607 primum,
3624 1537 3843 1608 orpha-

2195 1622 2571 1691 notrophum,
2594 1622 2927 1694 symbolum
2952 1623 3082 1678 fidei
3105 1624 3444 1695 imperatori
3469 1625 3837 1695 offerentem,

2194 1710 2466 1766 adducit:
2493 1714 2543 1765 is
2575 1710 3007 1781 imperatorem,
3040 1729 3156 1768 non
3190 1729 3369 1783 prono
3402 1718 3596 1769 tamen
3629 1715 3686 1770 in
3719 1721 3837 1771 ter-

2192 1816 2315 1856 ram
2338 1817 2600 1871 corpore,
2621 1802 2760 1873 quia
2792 1800 3058 1874 symbols
3087 1806 3295 1872 gestat,
3320 1802 3547 1859 adorat.
3581 1804 3837 1863 Reducto

414 1888 511 1943 τὸν
566 1889 1001 1967 ἁρφανοτρόςρον,
1058 1890 1353 1962 κομίζοντα
1425 1894 1506 1963 τῷ
1577 1888 1794 1964 βασιλεῖ
1858 1891 1920 1945 τὸ
1979 1892 2078 1955 τῆς

2190 1895 2405 1959 autem,
2431 1890 2587 1961 quod
2612 1907 2967 1961 suspensum
2987 1895 3091 1958 est,
3118 1890 3259 1957 velo,
3287 1893 3429 1947 dum
3461 1893 3838 1963 orphanotro-

414 1977 653 2039 πίστεως
688 1972 994 2051 σύμϐολον,
1044 1979 1134 2032 καὶ
1184 1977 1444 2035 εἰσελθὼν
1485 1984 1777 2054 προσκυνεῖ
1831 1979 1925 2034 τὸν
1982 1980 2081 2054 βα-

402 2066 590 2131 σιλέα,
637 2068 716 2139 μή
765 2065 971 2130 τελέως
1008 2066 1223 2123 πίπτων
1271 2069 1442 2138 κάτω,
1476 2068 1590 2123 ἀνθ’
1621 2070 1697 2123 ὢν
1728 2072 1842 2142 (44)
1875 2067 2081 2143 βαστά-

409 2164 503 2227 ζει
530 2157 600 2212 τὰ
638 2151 919 2230 σύμϐολα.
961 2160 1074 2214 Τοῦ
1103 2154 1162 2213 δὲ
1192 2162 1390 2233 συρτοῢ
1426 2158 1606 2233 βήλου
1654 2159 1956 2233 συρομένου
1986 2158 2074 2213 καὶ

412 2249 517 2300 τοῦ
569 2245 981 2323 ὀρφανοτρόφου
1041 2244 1479 2323 ἐμφανιζομένου
1543 2250 1623 2319 τῷ
1682 2245 1922 2321 βασιλεῖ,
1985 2248 2076 2301 ἄν·

418 2333 631 2389 ίσταται
661 2336 772 2407 (45)
806 2335 835 2389 6
869 2333 1128 2410 βασιλεὺς
1169 2336 1275 2390 απὸ
1315 2340 1413 2392 τοῦ
1462 2334 1679 2408 θρόνου,
1714 2332 2074 2414 ἐκδεχόμενος

410 2422 752 2496 δέξασθαιτί)
789 2431 893 2495 τῆς
948 2424 1185 2488 πίστέως
1233 2420 1539 2500 σύμϐολον,
1572 2425 1662 2481 καὶ
1717 2430 1879 2481 τοῦτο
1930 2423 2074 2497 δεξά-

403 2535 567 2589 μενος
617 2514 708 2569 καὶ
757 2515 1162 2588 ἀσπασάμενος,
1211 2512 1497 2571 ἐπιδίδωσι
1554 2520 1635 2588 τῷ
1704 2517 2069 2591 πραιποσίτῳ,

402 2607 498 2660 καὶ
563 2604 796 2667 τελέσας
853 2606 967 2677 (46)
1021 2604 1118 2666 τὰς
1166 2605 1217 2676 ἐξ
1247 2599 1403 2667 ἔθους
1451 2610 1599 2681 τρεῖς
1655 2608 2070 2681 προσκυνήσεις,

2190 1979 2344 2052 phus
2367 1984 2685 2051 comparet,
2712 1978 3030 2051 imperator
3062 1996 3094 2034 a
3123 1978 3334 2036 throno
3366 1982 3576 2049 surgit,
3601 1983 3840 2039 inteme-

2190 2072 2328 2123 ratas
2374 2077 2705 2139 sanctasque
2734 2066 2868 2124 ﬁdei
2899 2066 3232 2139 symbolum
3273 2075 3647 2140 excepturus,
3679 2074 3836 2142 quod

2179 2162 2491 2229 postquam
2542 2156 2766 2229 accepit
2813 2160 2872 2212 et
2916 2157 3213 2214 osculatus
3262 2162 3371 2229 est,
3411 2158 3470 2214 id
3523 2159 3835 2230 praeposito

2178 2247 2353 2303 tradit
2376 2265 2390 2303 :
2414 2246 2513 2302 ille
2542 2250 2675 2318 post
2703 2254 2929 2302 lernam
2947 2247 3346 2303 adorationem
3368 2247 3637 2319 symbola
3657 2248 3835 2321 impe-

2179 2339 2354 2394 ratori
2410 2337 2623 2407 reddit,
2679 2352 2920 2393 manum
2976 2337 3106 2407 ejus
3165 2338 3486 2405 osculatur,
3546 2342 3625 2407 et,
3675 2354 3837 2396 versa

2179 2442 2411 2498 semper
2436 2427 2507 2482 ad
2527 2442 2660 2482 eum
2685 2425 2850 2495 facie,
2876 2426 3286 2496 discedens,in
3314 2426 3505 2483 medio
3539 2427 3832 2495 subsistit,

2180 2517 2589 2589 imperatorem
2626 2531 2809 2587 prono
2842 2515 2902 2570 in
2933 2518 3141 2571 terram
3167 2515 3328 2571 vultu
3361 2518 3594 2585 adorat,
3618 2518 3834 2575 fausta-

2179 2621 2292 2677 que
2320 2605 2519 2660 omnia
2550 2604 2663 2675 ipsi
2695 2610 3065 2676 apprecatus,
3097 2604 3365 2660 discedit.

412 2692 701 2750 ὲπιδὶδωσι
754 2700 835 2768 τῷ
894 2694 1115 2771 βασιλεῖ
1158 2696 1224 2752 τὰ
1281 2691 1558 2769 σύμϐολα,
1591 2696 1967 2770 ἀσπαζόμενος
2022 2698 2126 2765 τήν
2189 2699 2353 2773 χεῖρα
2394 2694 2600 2764 ἀύτοῦ,
2636 2692 2729 2749 καὶ
2786 2690 3036 2748 ἀπελθὼν
3076 2692 3723 2769 ὀπισθοφανῶς,¹ίσταται
3779 2693 3831 2750 ἐν

419 2789 502 2855 τῷ
544 2785 713 2856 μέσῳ,
742 2787 829 2841 καὶ
856 2788 1235 2862 προσκυνήσας
1265 2786 1360 2842 τὸν
1391 2786 1637 2861 βασιλέα,
1670 2785 1856 2842 πίπτει
1887 2786 2056 2855 κάτω,
2089 2785 2180 2840 καὶ
2215 2783 2641 2859 ὑπερευξάμενος
2673 2781 2856 2850 αὐτὸν,
2888 2782 3187 2860 ἐξέρχεται.

500 2878 573 2929 B’.
614 2874 739 2937 E70"
792 2875 950 2938 οῧτως
1013 2871 1288 2949 λαμϐάνει
1344 2881 1516 2951 νεῦμα
1564 2878 1592 2932 6
1635 2875 1910 2951 ὁστιάριος
1981 2875 2070 2931 καὶ

421 2962 633 3039 εἲσάγει
669 2962 840 3038 βῆλον
871 2966 933 3039 β’,
959 2967 1053 3021 τὸν
1090 2965 1455 3041 σακελλάριον
1483 2974 1585 3037 τῆς
1615 2966 1805 3043 Ἀγίας
1840 2968 2066 3043 Σοφίας,

406 3052 795 3130 προσφέροντα
829 3058 902 3125 τῷ
950 3053 1173 3132 βασιλεῖ
1228 3056 1513 3127 σταυροὺς,
1557 3055 1938 3131 ἐπικειμένους
1990 3060 2071 3129 τῷ

400 3142 673 3217 ἀριστερῷ
705 3143 871 3198 αὐτοῦ
902 3142 1064 3218 ὤμῳ,
1109 3143 1164 3200 ἐν
1195 3142 1252 3200 δὲ
1282 3149 1353 3220 τῇ
1396 3142 1544 3216 δεξιᾷ
1573 3147 1724 3225 χειρὶ
1763 3150 2069 3219 κρατοῦντα

404 3232 632 3306 σταυρὸν
662 3228 773 3300 ἕνα,
806 3234 893 3288 καὶ
957 3232 1216 3290 εἱσελθὼν
1252 3240 1551 3309 προσκυνεῖ
1596 3236 1686 3291 καὶ
1732 3234 1895 3298 αὐτὸς
1943 3234 2062 3309 τρί-

404 3341 521 3388 τον,
554 3320 625 3382 ὠς
656 3323 691 3390 ἡ
723 3322 873 3395 τάξις
903 3320 1044 3397 ἔχει,
1075 3324 1167 3377 καὶ
1224 3320 1541 3378 ἐπιδίδωσιν
1602 3323 1656 3379 ἐν
1691 3326 1936 3398 πρώτοις
1986 3328 2066 3396 τῷ

402 3407 627 3485 βασιλεῖ
672 3410 765 3466 τὸν
822 3413 1074 3486 σταυρὸν,
1108 3412 1165 3467 ’ὀν
1216 3416 1437 3488 κατέχει
1486 3412 1541 3466 ἐν
1586 3417 1654 3486 τῇ
1699 3411 1845 3486 δεξιᾷ
1895 3412 2065 3487 χειρί,

395 3500 782 3573 ἀσπαζόμενος
828 3503 929 3571 τήν
975 3506 1138 3581 χεῖρα
1187 3503 1375 3557 αὐτοῦ.
1409 3503 1473 3560 Ὁ
1505 3499 1562 3557 δὲ
1613 3501 1871 3576 βασιλεὺς
1914 3501 2068 3573 δεξά-

396 3609 568 3663 μενος
594 3590 689 3644 τὸν
741 3590 1001 3665 σταυρὸν,
1035 3591 1331 3661 ἀσπάζεται
1390 3591 1574 3662 αὐτὸν,
1607 3591 1696 3646 καὶ
1748 3588 2065 3647 ἐπιδίδωσιν

396 3679 569 3735 αὐτὸν
597 3685 681 3752 τῷ
711 3681 1187 3755 πραιποσίτῳ,καὶ
1214 3682 1314 3747 εἶθ’
1345 3680 1523 3746 οὕτως
1551 3679 1836 3737 ἐπιδίδωσι
1866 3687 1945 3753 τῷ
1968 3684 2067 3757 βα-

398 3766 554 3824 σιλεῖ
584 3771 675 3824 καὶ
707 3771 834 3833 τοὺς
863 3768 1094 3833 λοιποὺς
1126 3769 1513 3845 σταυροὺς,καὶ
1546 3769 1835 3844 δεξάμενος
1863 3771 2065 3835 αὐτοὺς

396 3858 726 3928 ἀσπάζεται,
756 3860 846 3914 καὶ
878 3856 1163 3915 ἐπιδίδωσι
1193 3860 1283 3915 καὶ
1332 3859 1531 3922 αὐτοὺς
1568 3866 1647 3932 τῷ
1694 3862 2062 3934 πραιποσίτῳ.

406 3947 509 4003 Καὶ
557 3945 815 4013 ἀπελθὼν
869 3950 897 4003 ὁ
955 3948 1115 4011 αὐτὸς
1174 3948 1539 4024 σακελλάριος
1603 3947 1821 4006 ’ίσταται
1882 3949 1936 4005 ἐν
1984 3954 2064 4022 τῷ

409 4037 582 4109 μέσῳ,
611 4039 705 4093 καὶ
761 4040 940 4094 πεσὼν
990 4041 1142 4095 κάτω
1194 4046 1489 4115 προσκυνεῖ
1533 4041 1629 4097 τὸν
1686 4039 1942 4115 βασιλέα,
1971 4041 2063 4095 καὶ

403 4126 837 4201 ὑπερευξάμενος
867 4128 1054 4198 αὐτὸν,
1082 4128 1362 4206 ἐξέρχεται
1389 4148 1402 4161 '
1442 4135 1605 4187 τοῦτο
1637 4128 1695 4186 δὲ
1721 4134 1939 4187 ποιοῦσι
1969 4132 2059 4186 καὶ

395 4216 451 4271 οἱ
502 4214 708 4271 λοιποὶ
758 4213 1006 4286 ἅπαντες,
1039 4219 1423 4297 εἰσερχόμενοι
1478 4220 1612 4293 μετὰ
1662 4225 1896 4297 σταυροῦ
1940 4223 2061 4285 καθ’

388 4303 491 4360 ἕνα
513 4306 607 4378 (⁸⁸)
636 4302 863 4362 ἕκαστον
917 4307 1116 4383 βῆλον.
1152 4308 1250 4363 Καὶ
1295 4308 1532 4381 ἐξελθὼν
1589 4307 1757 4365 πάλιν
1804 4311 1832 4364 6
1878 4310 2065 4365 ὀστιά-

401 4413 545 4464 ριος,
590 4394 793 4469 εἷσάγει
841 4397 948 4452 ἀπὸ
995 4396 1298 4461 κελεύσεως
1356 4399 1531 4473 βῆλον
1568 4400 1634 4473 γ’,
1656 4401 1747 4455 τὸν
1796 4400 2065 4477 σκευοφό-

2254 2877 2327 2932 ΙΙ.
2353 2875 2580 2931 Rursus
2601 2873 2769 2946 signo
2791 2878 3047 2943 accepto,
3070 2872 3377 2929 ostiarium
3409 2872 3597 2928 velum
3621 2889 3829 2929 secun-

2184 2966 2348 3031 dum,
2365 2962 2731 3020 sacellarium
2749 2963 2971 3018 Sancta:
2986 2962 3236 3033 SOphise,
3253 2962 3585 3032 imperatori
3601 2978 3827 3032 cruces,

2183 3054 2428 3111 sinistro
2451 3052 2698 3107 humero
2720 3052 3045 3121 impositas,
3068 3050 3429 3117 oblaturum,
3452 3051 3607 3106 10%
3628 3052 3828 3107 dextra

2182 3150 2379 3201 autem
2422 3158 2656 3199 crucem
2700 3141 2873 3197 aliam
2920 3145 3272 3213 gestantem,
3303 3142 3561 3207 adducit,
3595 3142 3697 3214 qui
3737 3141 3827 3197 in-

2178 3249 2417 3307 gressus
2463 3248 2621 3300 eum,
2660 3232 2743 3286 uti
2782 3231 3207 3286 consuetudine
3256 3234 3554 3301 receptum
3599 3235 3707 3299 est,
3742 3236 3829 3287 ter

2177 3326 2402 3392 adorat,
2434 3328 2492 3378 et
2539 3337 2731 3387 cruce,
2780 3337 2958 3392 quam
3004 3320 3202 3376 dextra
3238 3335 3412 3375 manu
3460 3325 3664 3392 portat,
3704 3321 3826 3391 pri-

2179 3430 2336 3469 mum
2388 3410 2723 3483 imperatori
2772 3409 3004 3477 tradita,
3036 3412 3163 3479 ejus
3217 3425 3452 3465 manum
3502 3410 3823 3467 osculatur.

2178 3503 2495 3573 Imperator
2516 3516 2750 3556 crucem
2772 3500 3072 3556 osculatur
3096 3516 3341 3571 eamque
3365 3498 3670 3571 praeposito
3699 3500 3822 3569 dat,

2174 3592 2276 3648 ille
2314 3598 2451 3647 tunc
2483 3598 2540 3647 et
2582 3590 2835 3660 reliquas
2875 3605 3077 3646 cruces
3119 3589 3456 3662 imperatori
3490 3589 3676 3659 oll‘ert,
3724 3589 3827 3661 qui

2175 3696 2273 3736 eas
2304 3679 2623 3747 osculatus,
2654 3678 2967 3751 praeposito
3010 3678 3210 3734 tradit.
3246 3677 3597 3735 Sacellarius
3626 3678 3822 3735 disce-

2175 3771 2319 3825 dens
2341 3773 2400 3825 in
2426 3769 2617 3826 medio
2640 3768 2937 3833 subsistit,
2973 3772 3030 3825 et
3061 3768 3474 3839 procumbens,
3510 3767 3823 3837 imperato-

2176 3875 2297 3916 rem
2323 3859 2545 3929 adorat,
2562 3859 2732 3930 eique
2754 3856 2945 3912 felicia
2964 3861 3331 3926 apprecatus,
3354 3855 3512 3911 abit:
3538 3856 3645 3909 hoc
3665 3855 3821 3910 idem

2174 3949 2410 4021 reliqui,
2460 3964 2595 4005 cum
2646 3961 2820 4002 cruce
2872 3945 2931 4000 in
2983 3958 3338 4016 unoquoque
3387 3942 3510 3999 velo
3548 3942 3819 4015 ingressi,

2172 4038 2414 4093 faciunt.
2475 4034 2768 4093 Ostiarius
2833 4051 2868 4089 a
2926 4034 3204 4089 mandato
3268 4049 3469 4089 rursus
3524 4047 3820 4105 egressus,

2171 4128 2365 4183 velum
2415 4125 2670 4191 tertium,
2731 4122 3030 4178 custodem
3089 4138 3357 4177 vasorum
3426 4121 3822 4177 Sacrosanctse

2177 4214 2434 4287 Deiparw
2480 4214 2539 4268 in
2574 4210 2908 4267 Blacbernis
2950 4227 3084 4266 cum
3115 4209 3470 4266 chartulario
3510 4211 3697 4267 sancti
3730 4227 3821 4266 se-

2171 4305 2390 4379 pulcri;
2414 4308 2710 4375 quartum,
2728 4300 3141 4374 hospitalarem
3165 4300 3501 4371 Theophili;
3526 4300 3818 4370 quintum,

2171 4393 2466 4469 principes
2498 4393 2858 4459 factionum;
2891 4397 3145 4457 sextum,
3190 4389 3602 4461 hospitalarem
3646 4388 3816 4443 Sam-

404 4477 552 4535 λακα
579 4488 679 4550 τῆς
708 4483 1036 4560 ’Τπεραγίας
1084 4485 1352 4542 Θεοτόκου
1393 4491 1500 4542 τῶν
1555 4486 1887 4563 Βλαχερνῶν
1928 4474 2063 4561 μετᾶ

2186 4485 2375 4558 ρεοιιὶε
2396 4501 2410 4552 ;
2435 4481 2773 4554 septimum,
2800 4479 3219 4552 hospitalarem
3250 4478 3463 4535 Eubuli
3489 4481 3817 4547 ;octavum,

1765 4587 2005 4645 VARl/E
2046 4584 2347 4645 LEGTION
2356 4583 2459 4640 ES.

480 4670 533 4707 ⁸⁸
552 4675 671 4728 κατ’
688 4670 782 4729 ’ἕνα
808 4676 903 4733 ed.

1444 4768 1640 4826 JOAN.
1683 4770 1822 4826 JAC.
1868 4768 2134 4827 REISKII
2183 4763 2783 4826 COMMENTARIUS.

468 4865 1069 4939 (43)_Enuntiavitin
1118 4867 1349 4939 plurali,
1383 4866 1523 4937 quia
1579 4868 1749 4939 plura
1805 4868 2070 4939 ejusdem

398 4937 699 5011 [or_mulas,
730 4938 992 5011 Symboli
1019 4937 1153 4995 ﬁdei
1177 4937 1861 5011 Nicgni__puta,'_exempla
1880 4946 2067 5011 erant.

402 5008 655 5084 Quigagn
688 5005 901 5084 autem
943 5010 1159 5084 iuerint
1197 5010 1249 5084 οἱ
1297 5008 1347 5080 ἐξ
1389 5005 1572 5084 ἕδους,
1596 5005 1964 5084 λαμϐάνοντες
2000 5010 2063 5066 τὰ

402 5074 688 5155 σύμϐολα,
714 5081 829 5155 illi,
864 5082 962 5154 qui
986 5098 1017 5138 θ
1049 5082 1224 5139 veteri
1258 5074 1525 5155 instituto
1555 5074 1818 5155 Symboli
1843 5084 2059 5140 Nicaani

398 5153 785 5227 exemplaria,
808 5153 1143 5227 acciperent
1172 5153 1937 5227 abhorpbanotrOpbeorum
1973 5156 2061 5211 in-

396 5232 668 5299 spectore
718 5225 833 5299 sibi
900 5224 1155 5299 tradita,
1192 5224 1503 5299 mihifnon
1563 5224 1814 5293 constat,
1871 5241 2061 5299 neque

400 5295 652 5353 memini
684 5296 1011 5369 quidquam
1041 5297 1201 5371 Aalibi
1235 5297 1307 5354 de
1355 5297 1666 5371 hocgmore
1696 5295 2063 5371 exemplaria

400 5383 579 5425 manu
619 5368 861 5425 exarata
906 5368 1309 5441 symbolorum
1360 5369 1497 5426 ﬁdei
1541 5368 1933 5427 distribuendi
1977 5369 2062 5427 le-

446 5456 562 5495 6P6.

404 5454 585 5585 ﬁt?)
616 5511 918 5585 Propterea
950 5509 1108 5583 quod.
1129 5512 1207 5585 in
1238 5511 1589 5585 Anthologia
1622 5512 1841 5569 inedita
1867 5514 2061 5568 Carm.

399 5581 528 5656 649,
573 5581 972 5656 quodetiam
1001 5597 1072 5656 ex
1116 5583 1370 5656 Grutero
1424 5581 1582 5656 apud
1646 5585 2062 5641 Fleedwodum

402 5654 461 5711 in
491 5653 732 5728 Sylloge
757 5652 1214 5728 inscriptionum
1243 5659 1300 5728 et
1320 5652 1706 5728 Muratoriurn
1736 5656 1988 5728 legitur:

491 5720 625 5803 μεθ’
756 5720 813 5779 δὲ
844 5720 1420 5803 χρό’νίσαςέφοτήσιον
1450 5723 1549 5782 οὒκ
1580 5720 1848 5800 ἀπέδωκῖ,
1880 5731 1990 5786 etc.

482 5793 665 5872 ’Δλγή
674 5817 771 5861 σας
800 5792 957 5871 φρῖσὶ
990 5792 1243 5855 πολλὰζ..

2181 4867 2261 4924 De
2309 4881 2469 4921 more
2517 4862 2725 4919 diebus
2774 4860 3090 4919 Dominicis
3132 4866 3229 4916 aut
3260 4859 3422 4918 festis
3475 4858 3817 4929 majoribus,

2179 4941 2318 4995 item
2342 4938 2389 4994 si
2415 4937 2545 5007 quis
2576 4950 2804 5007 sacrum
2840 4933 2978 5005 quid
3006 4950 3245 5007 corpore
3274 4934 3467 5007 ferret,
3490 4947 3684 5007 coram
3716 4947 3817 4988 su-

2176 5011 2397 5082 periore
2425 5002 2543 5064 non
2574 5002 2939 5082 procidendi,
2972 5007 3059 5077 egi
3089 5002 3161 5061 ad
3185 5021 3317 5079 pag.
3340 5006 3467 5073 240,
3493 5005 3590 5060 ubi
3620 5002 3815 5059 locum

2172 5080 2330 5138 hunc
2360 5080 2624 5142 exposui.
3808 5086 3815 5089 ‘

2243 5153 2357 5222 (45)
2403 5151 2652 5207 Honoris
2698 5149 3071 5222 significandi
3102 5163 3302 5215 causa,
3344 5163 3516 5220 quem
3548 5144 3815 5219 symbolo

2174 5220 2307 5280 ﬁdei
2339 5222 2628 5288 exhibeat,
2664 5220 2815 5293 cum,
2838 5220 2985 5276 alias
3034 5236 3225 5293 neque
3267 5233 3816 5293 procerum,_neque

2173 5295 2757 5368 principum,_neque
2802 5289 3494 5365 legatorum'exterorum
3535 5289 3813 5361 cuiquam

2171 5366 2503 5436 assurgeret
2532 5366 2908 5431 imperator...

2247 5432 2359 5509 (46)
2375 5437 2540 5493 Redit
2561 5434 3221 5509 ad‘_orphanotropbum.
3237 5435 3554 5508 Postquam
3569 5432 3817 5509 dixisset

2175 5504 2397 5578 auctor,
2461 5524 2586 5580 quis
2635 5504 2948 5580 imperator
2998 5504 3214 5580 faceret
3260 5504 3495 5580 accepto
3525 5504 3817 5580 symbolo

2174 5583 2332 5650 ﬁdei,
2353 5576 2594 5648 subjicit
2622 5576 2749 5650 quas
2782 5579 3290 5649 orphanotropbus
3321 5579 3495 5633 faciat
3522 5576 3667 5650 illud
3699 5580 3817 5650 tra-

2174 5641 2383 5723 dendo.
2414 5641 3154 5723 Similis'constructioest'
3171 5665 3319 5723 pag:
3346 5651 3467 5723 tsz,
3503 5648 3614 5723 ubi
3634 5641 3818 5723 ἐπιδί-

2175 5721 2549 5797 δωσιριιτίιθι·
2570 5738 2685 5780 non
2704 5724 2771 5778 ad
2799 5718 3198 5797 prepositum',
3221 5718 3324 5779 s'ed
3350 5721 3419 5777 ad
3442 5718 3812 5777 sacellarium

2177 5795 2448 5871 pertinet.
