4158 6418
314 405 433 468 415

1415 393 1938 460 CONSTANTINI
1978 395 2671 459 PORPHYROGENITI

3621 401 3741 464 416

314 535 733 609 hospitalarem
747 533 941 590 Irenes
961 549 1242 603 ;nonnm,
1255 533 1675 606 bospitalarem
1698 530 1958 589 Narseti

2077 533 2175 584 τοῦ
2208 529 2624 606 χαρτουλαρίου
2667 535 2769 600 τῆς
2822 530 3015 608 ’Δγιας
3058 533 3275 606 Σοροῦο
3329 528 3506 607 βῆλον
3548 526 3614 600 δ’,
3644 532 3739 588 τὸν

315 630 631 694 decimum,
658 625 1068 698 bospitalarem
1088 630 1307 682 Sanctae
1328 626 1552 695 lrenes;
1583 623 1962 681 undecimum

313 715 532 784 velum,
565 717 870 771 senatores
924 712 1106 780 urbis,
1156 713 1417 769 adducit.
1451 712 1523 769 Hi
1568 727 1795 778 omnes,
1827 725 1960 765 cum

311 803 591 862 crucibus
647 799 920 873 ingressi,
979 816 1047 857 ea
1104 817 1233 872 quas
1289 817 1472 874 supra
1524 797 1964 856 observavimus

311 897 623 966 peragunt.

2076 617 2362 695 ξενοὸόχον
2392 621 2508 695 (47)
2535 624 2644 676 τῶν
2691 620 2966 700 Θεοφίλου
2991 640 3004 653 ·
3053 617 3230 695 βῆλον
3282 621 3342 690 ε’,
3381 621 3510 683 τοὺς
3560 617 3742 695 δημο-

2075 708 2275 783 κράτας
2322 714 2432 764 τῶν
2473 713 2776 782 περατικῶν
2824 706 3054 781 δήμων·
3111 708 3289 784 βῆλον
3339 709 3405 777 ς’,
3449 709 3542 764 τὸν
3594 709 3744 780 ξενο-

2077 794 2246 872 δὸχον
2277 803 2386 854 τῶν
2417 801 2660 873 Σαμψὼν
2687 817 2700 831 ·
2741 797 2919 872 βῆλον
2958 803 3024 868 ζ’,
3054 798 3146 854 τὸν
3177 795 3468 874 ξενοὸόχον
3494 802 3603 853 τῶν
3638 798 3741 857 Εὗ-

2075 881 2304 942 6ούλου·
2333 889 2507 963 βῆλον
2525 887 2704 958 η’,τὸν
2729 883 3022 966 ξενοδόχον
3047 891 3155 943 τῶν
3181 887 3440 960 Εἰρήνηςο
3471 886 3651 962 βῆλον
3671 890 3738 959 θ’,

311 981 404 1037 τὸν
439 975 728 1055 ξενοδόχον
755 981 864 1033 τῶν
899 979 1118 1051 Ναρσοῦ
1143 995 1157 1010 ⁸
1212 975 1387 1053 βῆλον
1423 977 1477 1047 ι’,
1506 975 1599 1032 τὸν
1630 970 1920 1054 ξενοὸὄχον
1952 978 2060 1030 τῶν
2090 982 2188 1045 τῆς
2227 975 2416 1051 Ἀγίας
2459 976 2695 1052 Εἷρήνης
2716 995 2728 1008 ·
2767 975 2942 1051 βῆλον
2979 981 3064 1043 ια’,
3092 973 3220 1037 τοὺς
3260 971 3587 1052 δημάρχους
3637 983 3739 1047 τῆς

318 1071 634 1140 πολιτικῆς.
666 1073 939 1132 ’Ἅπαντες
970 1066 1029 1124 δὲ
1059 1069 1208 1124 οὗτοι
1239 1067 1641 1143 εἰσερχόμενοι,
1677 1067 2031 1141 βαστάζοντες
2061 1069 2346 1137 σταυροὺς,
2386 1067 2638 1124 τελοῦσιν
2664 1067 2888 1136 ἅπαντα,
2921 1067 2995 1130 ὡς
3025 1066 3278 1144 ἀνωτᾶρω
3307 1066 3542 1143 εἴρηται.

385 1165 482 1219 IlI.
519 1165 643 1229 Quo
686 1164 859 1230 facto,
892 1162 1210 1233 imperator
1256 1160 1659 1232 praepositum,
1693 1159 1785 1215 hic
1816 1157 1962 1214 ceri-

313 1253 668 1311 moniarium
683 1252 706 1323 j
721 1251 876 1316 ubet,
893 1255 977 1317 ut,
994 1267 1097 1323 pro
1111 1266 1272 1306 more
1285 1249 1630 1306 accedentes
1643 1263 1962 1321 crucesque

310 1360 380 1402 ex
400 1341 771 1413 imperatoris
793 1340 1067 1397 manibus
1091 1347 1432 1411 sumpturos
1464 1355 1571 1395 suo
1602 1339 1808 1395 ordine
1837 1338 1962 1395 col-

307 1433 479 1500 locet,
505 1436 569 1488 ut
605 1429 823 1503 singuli
855 1430 1179 1486 secundum
1217 1429 1486 1486 ordinem
1520 1445 1585 1484 ac
1615 1429 1959 1502 dignitatem

306 1539 478 1580 suam
500 1522 920 1595 ingrediantur.
947 1520 1061 1591 Sic,
1091 1519 1140 1576 si
1163 1520 1400 1589 adsunt,
1426 1518 1674 1591 patricii,
1698 1519 1957 1590 strategi,

308 1612 576 1669 cubiculo
601 1609 869 1680 praefecti,
897 1609 1226 1678 domestici,
1251 1607 1459 1681 primis
1497 1607 1710 1665 ofﬁciis
1740 1607 1960 1664 admoti

307 1707 367 1760 et
396 1701 616 1769 vicarii,
643 1698 862 1771 singuli
898 1714 1000 1770 pro
1033 1713 1216 1764 more,
1244 1697 1303 1753 in
1347 1712 1695 1770 unoquoque
1728 1696 1852 1753 velo
1889 1698 1958 1752 ad

307 1791 718 1860 imperatorem
783 1789 1026 1844 intrant.
1080 1787 1390 1859 Postquam
1431 1802 1566 1843 vero
1619 1787 1678 1842 in
1738 1790 1957 1842 terram

308 1878 758 1953 procumbentes
817 1894 953 1933 eum
1013 1876 1354 1944 adorarunt,
1415 1875 1664 1948 singulis
1724 1891 1954 1931 crucem

308 1969 508 2037 donat,
547 1967 607 2022 hi
646 1965 835 2022 felicia
865 1967 1201 2037 imperatori
1233 1965 1552 2038 apprecati,
1595 1967 1826 2021 abeunt.
1861 1965 1956 2022 Sic

309 2071 539 2129 quoque
589 2071 902 2128 processus
952 2055 1012 2110 in
1065 2055 1320 2110 lausiaco
1376 2071 1409 2108 a
1460 2054 1732 2110 mandato
1791 2053 1962 2108 insti-

308 2146 517 2214 tuitur,
549 2160 870 2215 omnesque
915 2159 1016 2216 per
1057 2143 1492 2215 monotbyram,
1525 2159 1652 2215 quas
1703 2143 1774 2197 ad
1817 2159 1957 2197 aera-

308 2235 460 2290 rium
505 2234 796 2306 privatum
837 2231 896 2286 in
941 2231 1141 2302 phiala
1188 2241 1412 2287 secreta
1447 2231 1731 2287 triconcbi
1777 2230 1958 2288 ducit.

308 2339 506 2381 cereos
564 2321 1022 2395 processionales
1079 2325 1398 2393 gestantes,
1448 2322 1793 2393 procedunt,
1848 2320 1962 2376 im-

309 2419 543 2486 perator
573 2410 1111 2484 cbrysotriclinium
1144 2411 1303 2483 petit,
1339 2411 1692 2477 sacerdotes,
1725 2426 1958 2466 crucem

310 2503 566 2560 ecclesia
608 2502 1002 2574 praeferentes,
1041 2517 1071 2556 θ
1104 2501 1320 2572 templo
1361 2500 1528 2556 Phari
1565 2501 1873 2571 prodeunt,
1903 2503 1962 2555 et

308 2594 532 2650 interea
563 2594 884 2665 troparium
922 2593 1346 2664 processiouis:
1391 2613 1419 2641 ‹‹
1453 2595 1833 2647 Communem
1865 2606 1960 2646 re-

310 2683 748 2749 surrectionem,
780 2704 810 2735 »
844 2682 1248 2738 exordiuntur.
1283 2681 1623 2752 Imperator,
1654 2679 1962 2736 cubicula-

308 2774 412 2832 riis
448 2773 889 2837 comitantibus,
915 2772 1345 2843 processionem
1381 2770 1647 2840 sequitur
1684 2775 1740 2826 et
1771 2769 1958 2825 hemi-

308 2863 532 2935 cyclum
571 2861 778 2933 phialae
811 2860 1094 2916 triconcbi
1119 2862 1279 2931 petit,
1305 2859 1406 2914 ubi
1438 2859 1689 2930 patricii,
1723 2863 1961 2916 senatus

305 2953 617 3024 omnisque
659 2967 872 3023 pompa
907 2966 1041 3006 eum
1068 2949 1323 3020 excipit:
1361 2950 1518 3005 unde
1559 2950 1629 3005 ad
1663 2950 1960 3022 dapbnem

303 3043 747 3116 pergens,103
771 3041 1063 3112 templum
1085 3040 1305 3094 Sancta;
1332 3038 1585 3111 Deiparaa
1610 3039 1958 3112 ingreditur,

303 3147 556 3205 cumque
577 3131 762 3188 cereis
802 3130 1064 3186 accensis
1108 3135 1396 3201 precatus,
1425 3141 1719 3185 extensam
1760 3129 1840 3186 ibi
1869 3145 1961 3185 ca-

306 3219 415 3286 nit,
451 3221 519 3275 ad
571 3235 774 3274 cruces
807 3219 1050 3285 accedit,
1091 3224 1476 3289 precatusque
1509 3234 1612 3289 per
1640 3215 1958 3274 triclinium

2146 1157 2217 1214 I".
2254 1158 2374 1221 Εἶθ’
2407 1157 2582 1220 οὕτως
2620 1156 2832 1213 κελεύει
2869 1157 2896 1212 ὁ
2950 1155 3207 1232 βασιλεὺς
3253 1161 3336 1230 τῷ
3381 1158 3741 1234 πραιποσίτῳ

2073 1248 2321 1310 κάκεῖνος
2376 1253 2456 1321 τῷ
2505 1255 2607 1318 τῆς
2661 1248 3063 1316 καταστάσεως,
3102 1247 3255 1312 ὅπως
3317 1247 3446 1311 τοὺς
3487 1248 3539 1323 ἐξ
3585 1243 3743 1312 ἔθους

2073 1335 2500 1413 εῗσερχομένους
2561 1338 2651 1393 καὶ
2727 1333 3113 1411 λαμϐάνοντας
3186 1337 3456 1413 σταυροὺς
3511 1337 3574 1394 ἐκ
3627 1343 3740 1394 τῶν

2074 1433 2276 1504 χειρῶν
2336 1433 2435 1483 τοῦ
2511 1425 2783 1503 βασιλέως
2837 1424 3159 1502 διευθετήσῃ
3205 1430 3266 1497 ¹“¹,
3318 1427 3470 1490 ὅπως
3509 1425 3738 1490 ἵκαστος

2072 1517 2248 1572 αὐτῶν
2294 1517 2431 1572 κατᾶ
2477 1518 2575 1586 τήν
2636 1515 2802 1572 αὐτοῦ
2848 1517 2996 1588 τάξιν
3046 1517 3136 1572 καὶ
3185 1518 3356 1589 τιμὴν
3423 1515 3732 1582 εἰσέλθωσι.

2072 1605 2176 1663 Καὶ
2209 1605 2554 1685 εἰσέρχονται
2603 1607 2912 1680 πατρίκιοι,
2944 1606 2990 1661 εί
3037 1606 3274 1682 τύχωσι,
3307 1605 3399 1661 καὶ
3437 1608 3730 1683 στρατηγοί

2070 1695 2160 1750 καὶ
2193 1695 2248 1748 οἱ
2281 1696 2547 1770 ἄρχοντες
2588 1701 2687 1752 τοῦ
2737 1690 3163 1768 κουϐουκλείου,
3201 1693 3512 1768 δομέστικοί
3540 1716 3598 1751 τε
3639 1694 3731 1751 καὶ

2071 1785 2123 1840 οἱ
2160 1784 2228 1839 τὰ
2275 1790 2468 1858 πρῶτα
2527 1786 2755 1865 assam
2808 1784 3141 1864 κατέχοντες
3198 1785 3290 1840 καὶ
3332 1786 3733 1860 τοποτηρηταὶ,

2071 1875 2122 1929 οἱ
2156 1876 2404 1945 συνήθως
2438 1875 2820 1948 εἰσερχόμενοι
2851 1874 3048 1935 πάντες
3071 1874 3122 1930 ἐν
3149 1876 3222 1930 ἑνὶ
3250 1875 3411 1949 βήλῳ
3443 1871 3731 1950 στιχηδόν.

2074 1964 2349 2019 Πεσὸντων
2403 1961 2459 2018 δὲ
2501 1965 2590 2019 καὶ
2638 1966 3134 2036 προσκυνησάντων
3183 1965 3274 2019 τὸν
3319 1963 3569 2038 βασιλέα,
3611 1962 3732 2019 ἐπι-

2073 2050 2293 2108 δίδωσιν
2323 2054 2398 2108 ἒνὶ
2434 2054 2644 2124 ἑκάστῳ
2686 2054 2714 2108 ὁ
2767 2052 3022 2129 βασιλεὺς
3054 2052 3155 2108 ἂνᾶ
3193 2052 3422 2123 σταυρὼ
3469 2051 3556 2110 ἕνα
3588 2055 3724 2127 (48),

2071 2143 2160 2197 καὶ
2223 2144 2642 2218 ὑπερευξάμενοι
2734 2143 2830 2198 τὸν
2920 2141 3168 2216 βασιλέα,
3246 2141 3580 2218 ἐξέρχονται,
3635 2141 3726 2197 καὶ

2072 2231 2169 2286 εἶθ’
2221 2231 2393 2294 οὕτως
2444 2229 2653 2288 δίδοται
2706 2231 2811 2287 ἀπὸ
2859 2231 3163 2294 κελεύσεως
3222 2232 3627 2306 μεταστάσιμον
3675 2230 3728 2286 ἐν

2069 2324 2150 2393 τῷ
2182 2319 2488 2392 λαυσιακῷ.
2524 2322 2630 2377 Καὶ
2685 2321 3022 2397 ἀπέρχονται
3071 2323 3300 2384 ἅπαντες
3350 2319 3441 2377 διὰ
3485 2324 3586 2376 τοῦ
3637 2341 3735 2395 μο-

2070 2411 2301 2487 νοοῦρου
2329 2417 2428 2467 τοῦ
2471 2408 2626 2473 ὄντος
2683 2411 2772 2467 ἐπὶ
2824 2412 2917 2467 τὸν
2953 2413 3000 2450 ¹8
3029 2409 3230 2468 εἰδικὸν
3277 2410 3332 2466 ἐν
3376 2412 3449 2484 τῇ
3491 2413 3729 2485 μυστικῇ

2071 2499 2246 2580 φιάλῃ
2313 2506 2411 2557 τοῦ
2468 2502 2802 2577 τρικὸγχου,
2855 2501 3208 2577 βαστάζοντες
3271 2502 3502 2566 ἅπαντες
3553 2501 3726 2556 αὐτῶν

2070 2595 2240 2667 κηρία
2266 2599 2367 2660 τῆς
2409 2591 2594 2661 λιτῆς,
2628 2593 2655 2647 ὁ
2690 2589 2746 2647 δὲ
2779 2591 3038 2668 βασιλεὺς
3071 2591 3346 2667 ἐξερχεται
3379 2589 3433 2648 ἐν
3474 2595 3556 2662 τῷ
3595 2609 3728 2666 χρυ-

2073 2680 2429 2755 σοτρικλίνῳ,
2481 2680 2794 2756 ἐξέρχονται
2865 2679 2924 2736 δὲ
2993 2682 3082 2737 καὶ
3153 2683 3207 2736 οἱ
3271 2682 3438 2756 ἱερεῖς
3487 2681 3593 2735 ἀπὸ
3633 2685 3731 2749 τῆς

2071 2767 2366 2840 ἐκκλησίας
2446 2773 2541 2826 τοῦ
2608 2770 2822 2844 Φάρου,
2890 2771 3250 2844 βαστάζοντες
3329 2770 3420 2825 τὸν
3508 2768 3734 2843 σταυρὸν

2069 2865 2169 2929 τῆς
2220 2857 2537 2928 ἐκκλησίας,
2586 2857 2676 2913 καὶ
2735 2859 2860 2932 παρ’
2910 2858 3050 2914 αὐτὰ
3107 2855 3375 2934 ἄρχονται
3414 2860 3475 2914 τὸ
3523 2858 3735 2934 τροπά-

2073 2969 2190 3025 ριον
2220 2955 2321 3018 τῆς
2371 2948 2551 3018 λιτῆς,
2580 2971 2608 3000 ‹‹
2658 2949 2773 3017 Τὴν
2820 2949 3013 3018 κοινὴν
3045 2947 3354 3004 ἀνάστασιν.
3383 2971 3411 3000 ››
3441 2947 3546 3004 Καὶ
3579 2945 3733 3022 δηρι-

2069 3038 2364 3112 γευὸμενος
2431 3038 2457 3091 ὁ
2523 3036 2780 3112 βασιλεὺς
2851 3037 2953 3092 ὑπὸ
3015 3042 3124 3093 τῶν
3181 3042 3280 3093 τοῦ
3336 3035 3733 3094 κουϐουκλείου

2077 3127 2353 3192 ἁπάντων,
2387 3123 2664 3202 διέρχεται
2698 3126 2918 3181 δπισθεν
2964 3129 3063 3195 τῆς
3112 3125 3269 3196 λιτῆς
3319 3126 3410 3188 καὶ
3454 3125 3734 3202 ἐξερχεται

2075 3214 2128 3270 ἐν
2158 3221 2237 3289 τῷ
2269 3213 2596 3288 ἡμικυκλίῳ
2628 3214 2833 3292 φιάλης
2863 3219 2960 3271 τοῦ
2990 3215 3318 3295 τρικόγχου,
3341 3215 3432 3272 καὶ
3473 3213 3733 3292 δέχονται

303 3308 638 3384 augustalis
661 3309 944 3380 templum
971 3307 1169 3364 Sancti
1188 3307 1360 3380 primi
1385 3307 1659 3379 martyris
1683 3307 1958 3379 Stephani

2075 3303 2237 3360 αὐτὸν
2293 3304 2464 3360 ἐκεῖσε
2521 3304 2796 3378 πατρίκιοι
2845 3306 2936 3361 καὶ
2995 3293 3303 3382 σύγκλητος
3352 3305 3442 3361 καὶ
3492 3312 3636 3362 πᾶσα
3694 3307 3729 3375 ἡ

305 3401 504 3466 intrat,
523 3404 580 3454 et
601 3403 874 3469 precatus
897 3407 1193 3453 extensum
1219 3397 1298 3452 ibt
1321 3397 1499 3458 canit.
1516 3411 1646 3450 mox
1665 3395 1735 3450 ab
1752 3394 1960 3452 iisdem

303 3490 576 3560 stipatus,
603 3504 704 3560 per
726 3487 1032 3560 augustale
1051 3494 1109 3543 et
1133 3485 1419 3542 triconchi
1445 3484 1710 3557 apsidem
1754 3486 1962 3542 transit

304 3577 364 3634 in
420 3579 591 3648 cuius
649 3578 849 3649 apside
905 3575 1196 3632 triconcbi
1253 3575 1628 3644 imperatoris
1680 3574 1957 3644 ministri,

305 3669 502 3724 fausta
531 3667 769 3722 domino
793 3665 1180 3738 apprecaturi,
1213 3665 1453 3720 adsunt.

2072 3394 2416 3471 προέλευσις,
2447 3395 2692 3450 κάκεῖθεν
2725 3394 3026 3475 ἀπέρχεται
3076 3394 3376 3453 λιτανεύων
3420 3395 3471 3452 ἐν
3517 3401 3584 3470 τῇ
3635 3392 3732 3449 δά-

2072 3506 2201 3562 φνῃ,
2233 3485 2323 3540 καὶ
2357 3482 2660 3561 εἰσέρχεται
2694 3485 2770 3548 είς
2808 3486 2902 3542 τὸν
2954 3492 3082 3542 ναὸν
3123 3492 3223 3557 τῆς
3253 3485 3573 3562 Ὑπεραγίας
3602 3491 3732 3540 Θεο-

2068 3575 2258 3643 τόκου,
2290 3573 2380 3630 καὶ
2434 3575 2573 3648 ἅψας
2619 3574 2826 3649 κηροὺς
2874 3576 2966 3630 καὶ
3018 3577 3335 3649 εὐξάμενος,
3365 3572 3513 3631 τελεῖ
3560 3573 3730 3630 ἐκεῖσε

2067 3665 2167 3733 τήν
2229 3662 2437 3734 ἐκτενῆ,
2488 3664 2578 3718 καὶ
2641 3663 2946 3739 ἀπέρχεται
2995 3665 3073 3728 εἰς
3125 3666 3254 3728 τοὺς
3308 3666 3591 3740 σταυροὺς,
3643 3664 3732 3719 καὶ

306 3755 594 3828 εὐξάμενος
655 3752 934 3829 διέρχεται
995 3751 1085 3808 διὰ
1137 3756 1234 3808 τοῦ
1265 3750 1547 3828 τρικλίνου
1596 3756 1692 3807 τοῦ
1739 3751 2108 3828 αὐγουστέως,
2131 3754 2220 3809 καὶ
2263 3753 2566 3829 εἰσέρχεται
2600 3753 2678 3817 είς
2708 3755 2799 3810 τὸν
2826 3753 2955 3811 νᾶὸν
2994 3759 3092 3810 τοῦ
3121 3753 3302 3830 ’Δγίου
3333 3753 3734 3830 πρωτομαρτυ-

301 3867 396 3924 ρος
453 3848 752 3925 Στεφάνου,
784 3845 941 3900 κάκεῖ
993 3841 1284 3917 εὒξάμενος
1328 3842 1481 3899 τελεῖ
1530 3841 1703 3899 ἐκεῖσε
1750 3845 1847 3912 τὴν
1896 3843 2108 3914 ἐκτενῆ,
2158 3845 2248 3898 καὶ
2318 3841 2750 3920 δηριγευόμενος
2811 3843 2884 3901 δι’
2941 3843 3138 3914 αὐτῶν,
3170 3843 3446 3921 διέρχεται
3502 3841 3592 3900 διὰ
3636 3848 3735 3900 τοῦ

302 3936 646 4012 αὐγουστέως
696 3935 787 3990 καὶ
835 3946 935 4003 τῆς
998 3930 1194 4006 ἀψίδος
1244 3937 1340 3988 τοῦ
1390 3935 1717 4009 τρικόγχου,
1767 3933 1858 3990 καὶ
1929 3934 2178 4007 μίνουσιν
2245 3935 2297 3989 οἱ
2350 3930 2631 4010 βασιλικοὶ
2681 3935 2733 3990 ἐν
2773 3938 2844 4008 τῇ
2894 3933 3030 4010 αὐτῇ
3068 3933 3223 4010 acte:
3266 3938 3366 3992 τοῦ
3401 3935 3735 4012 τρικόγχου.

303 4027 734 4101 ὒπερευχόμενοι
766 4025 860 4079 τὸν
903 4021 1154 4098 βασιλέα.

379 4117 472 4175 IV.
499 4120 554 4174 Is
577 4133 748 4188 porro
769 4134 804 4174 a
825 4115 1108 4188 praefectis
1143 4114 1422 4186 cubiculi,
1448 4114 1731 4186 patriciis,
1764 4120 1959 4188 proto-

312 4206 635 4279 spatbariis
685 4212 739 4262 et
767 4211 996 4270 senatu,
1031 4204 1658 4277 spatbarocandidatis,
1700 4205 1959 4262 mancla-

315 4298 450 4356 vitis
472 4305 523 4354 et
564 4295 791 4352 caeteris
831 4295 1168 4353 domesticis
1199 4297 1449 4364 cinctus,
1481 4310 1585 4367 per
1610 4296 1854 4366 jauuam
1887 4297 1959 4350 ad

311 4389 516 4444 ﬁscum
568 4386 852 4458 privatum
914 4387 1226 4442 ducentem
1257 4385 1469 4441 transit
1508 4400 1727 4457 perque
1775 4383 1960 4442 scalas

308 4477 554 4535 lausiaci
586 4475 905 4532 descendit.
945 4475 1031 4531 Ad
1073 4479 1332 4542 senatus,
1375 4474 1960 4546 spatbarocanditati,

310 4565 667 4624 manclavitte
685 4565 987 4635 ceterique
1010 4562 1316 4620 domestici
1335 4563 1681 4634 utrinquein
1705 4563 1956 4620 lausiaco

2142 4121 2212 4171 A'.
2245 4115 2303 4169 '0
2344 4112 2401 4171 δὲ
2458 4113 2715 4189 βασιλεὺς
2748 4111 3180 4190 δηριγευόμενος
3216 4115 3322 4172 ὕπὸ
3368 4119 3479 4172 τῶν
3527 4114 3730 4194 ἀρχόν-

2077 4208 2185 4258 των
2213 4207 2310 4258 τοῦ
2351 4198 2779 4273 κουϐουκλείου,
2818 4203 3120 4278 πατρικίων
3155 4224 3216 4260 τε
3260 4204 3351 4260 καὶ
3395 4223 3721 4278 πρωτοσπα-

2071 4292 2274 4368 θαρίων
2331 4291 2424 4348 καὶ
2473 4298 2574 4363 τῆς
2633 4291 2967 4368 συγκλήτου,
3020 4291 3596 4369 σπαθαροκανδιδάτων
3660 4309 3718 4345 τε

2069 4382 2160 4438 καὶ
2227 4379 2313 4436 ἐπὶ
2370 4385 2468 4437 τοῦ
2547 4376 2857 4457 μαγλαϐίου
2907 4381 2998 4438 καὶ
3034 4380 3249 4438 λοιπῶν
3301 4376 3719 4452 οἶκειακῶν,ὃι-

2072 4471 2294 4546 ἑρχεται
2325 4467 2414 4526 διὰ
2468 4475 2566 4526 τοῦ
2622 4471 2925 4548 μονοθύρου
2971 4476 3072 4528 τοῦ
3123 4471 3212 4527 ἐπὶ
3265 4472 3360 4528 τὸν
3401 4475 3446 4510 ³⁸
3501 4467 3723 4537 εἶδικὸν,

2066 4560 2158 4616 καὶ
2205 4561 2532 4640 κατέρχεται
2580 4559 2648 4616 τὰ
2698 4557 2966 4636 βαθμίδια
3021 4565 3120 4618 τοῦ
3160 4561 3483 4621 λαυσιακοῦ.
3543 4560 3612 4618 Οἱ
3665 4556 3723 4615 δὲ

309 4656 657 4725 subsistunt,
677 4654 1015 4727 imperatori
1037 4651 1452 4722 acclamantes,
1477 4652 1577 4725 qui
1606 4671 1638 4708 a
1657 4653 1952 4724 praesenti-

2074 4657 2165 4720 τῆς
2221 4649 2552 4725 συγκλήτου,
2599 4647 3161 4725 σπαθαροκανδιδάτοι
3214 4650 3307 4706 καὶ
3371 4651 3424 4708 οὶ
3472 4653 3572 4707 τοῦ
3613 4668 3724 4723 μα-

309 4745 421 4801 bus
442 4743 712 4816 stipatus,
745 4745 1119 4818 tripetonem,
1143 4741 1242 4799 ubi
1265 4742 1743 4816 protospatbarii,
1768 4744 1956 4800 fausta

310 4832 362 4889 ei
408 4839 809 4905 apprecantes,
869 4832 1111 4900 adsunt,
1157 4831 1504 4905 ingreditur.
1553 4831 1774 4890 Deinde
1816 4849 1952 4890 cum

309 4921 682 4978 cubiculariis
719 4925 778 4978 et
823 4921 1092 4994 patriciis
1130 4919 1669 4995 chrysotriclinium
1700 4921 1866 4994 petit,
1898 4925 1956 4978 et

307 5009 608 5078 abiens,in
637 5011 839 5067 dextro
870 5010 1055 5068 latere
1095 5013 1221 5084 ejus
1256 5025 1435 5084 prope
1464 5018 1519 5068 et
1551 5012 1718 5085 quasi
1751 5012 1822 5067 ad
1857 5028 1952 5068 ca-

309 5115 530 5159 meram
563 5100 624 5158 in
655 5100 992 5159 cubiculum
1036 5101 1349 5160 ducentem
1381 5100 1670 5170 subsistit,
1720 5101 1949 5175 patricii

2065 4733 2301 4815 γλαϐίου
2353 4738 2444 4796 καὶ
2502 4740 2690 4796 λοιποὶ
2755 4739 3019 4796 οίκειακοῖ
3071 4740 3320 4813 μένουσιν
3363 4738 3417 4797 ἐν
3454 4743 3535 4812 τῷ
3585 4737 3720 4794 λαυ-

2064 4834 2236 4902 σιακῷ
2294 4824 2434 4886 ἔνθεν
2516 4830 2752 4902 κάκεῖσε,
2815 4830 3249 4907 ὑπερευχόμενοι
3307 4831 3401 4886 τὸν
3455 4825 3717 4906 βασιλέα.

2063 4921 2156 4975 καὶ
2214 4917 2644 4995 δηριγευόμενος
2676 4921 2704 4975 ὁ
2758 4919 3014 4996 βασιλεὺς
3068 4919 3178 4976 ἀπὸ
3229 4923 3338 4977 τῶν
3385 4917 3580 4986 ἐκεῖσε,
3613 4915 3719 4972 sic-

2065 5012 2285 5087 ἔρχεται
2335 5011 2386 5068 ἐν
2445 5015 2526 5084 τῷ
2573 5010 2888 5088 τριπὲτωνι,
2944 5011 3034 5067 καὶ
3109 5012 3359 5085 μὲνουσιν
3433 5009 3605 5066 ἐκεῖσε
3661 5008 3714 5062 ot

2063 5101 2546 5179 πρωτοσπαθάριοι
2610 5101 3044 5181 ὑπερευχόμενοι
3098 5101 3194 5158 τὸν
3250 5097 3497 5178 βασιλέα.
3557 5099 3614 5152 ’0
3657 5093 3716 5152 δι

1676 5199 1927 5258 νΑΒιιΕ
1967 5199 2381 5259 LECTIONES.

377 5290 425 5331 1⁷
455 5287 755 5365 διευθετίσῃ
785 5291 878 5348 ed.
956 5291 1003 5331 ⁸⁸
1027 5288 1116 5346 ἐπὶ
1143 5291 1207 5347 τὸ
1236 5293 1330 5350 ed.
1406 5290 1454 5327 ¹⁹
1482 5288 1571 5346 ἐπὶ
1597 5290 1663 5346 τὸ
1690 5291 1784 5348 ed.

1336 5389 1533 5450 JOAN.
1575 5389 1716 5448 JAC.
1759 5389 2051 5448 REISKII.
2093 5388 2680 5449 COMMENTARIUS.

377 5483 491 5554 (47)
530 5479 903 5554 Xenodocbia
947 5484 1004 5539 et
1054 5497 1309 5540 xenones
1351 5484 1517 5540 erant
1553 5480 1811 5554 hospitia
1852 5496 1956 5554 pro

307 5551 805 5627 vetulisinﬁrmis
834 5553 1003 5627 aegris
1042 5554 1407 5627 corporibus,
1441 5569 1584 5627 quos
1632 5551 1958 5627 Xenodocbi

305 5625 688 5699 recipiebant,
727 5623 1032 5694 curabant,
1061 5623 1319 5699 alebant,
1368 5623 1717 5699 vestiebant,
1751 5623 1959 5682 huma-

309 5697 472 5764 bant,
521 5702 588 5755 ut
619 5701 775 5768 patet
814 5715 883 5756 ex
927 5698 1272 5826 Theoplian.
1305 5715 1362 5771 p.
1405 5698 1530 5763 157,
1570 5701 1630 5754 et
1656 5699 1958 5754 Asseman.

315 5775 359 5827 t.
393 5771 437 5842 Ι,
461 5769 608 5829 Bibl.
629 5770 848 5829 Orient.
873 5787 930 5844 p.
954 5771 1080 5827 271.
1157 5771 1389 5828 identur
1419 5768 1793 5842 parabolanie
1824 5785 1960 5826 suc-

2067 5481 2443 5555 cessisse,_de
2491 5481 2708 5555 quibus
2736 5479 2854 5538 vid.
2887 5479 3263 5555 Barenbergii
3293 5478 3436 5536 diss.
3467 5473 3714 5536 Miscell.

2065 5552 2217 5626 Lips,
2245 5557 2304 5626 t._
2319 5552 2442 5622 VII,
2476 5552 2640 5626 parte
2666 5553 2724 5615 4.

2140 5620 2254 5707 (i8)
2284 5624 2369 5682 lta
2393 5620 2635 5707 q'_uo_que_
2651 5626 2853 5694 codex,
2865 5633 2929 5707 et
2955 5625 3139 5707 proba
3165 5626 3448 5707 estatque
3477 5620 3723 5707 antiqua

2070 5693 2377 5769 ea'fo’rma.
2408 5693 2579 5769 'Solet
2610 5693 3078 5769 tamenNoster
3123 5693 3311 5756 multo
3352 5693 3721 5767 frequentius

2074 5767 2175 5826 illa
2206 5767 2388 5826 altera
2419 5772 2505 5827 uti
2535 5767 2634 5824 ἀνὰ
2665 5766 2784 5830 ὶνὸς
2816 5766 3070 5844 σταυροῦ.
