4158 6394
414 380 534 439 H1

1268 377 1373 437 DE
1414 375 1865 439 CERIMONIIS
1906 377 2144 438 AUL/E
2186 377 2664 439 ΒΥΖΑΝΤΙΝιΈ
2711 378 2855 439 LIB.
2905 379 2953 439 Ι.

3723 379 3842 437 H8

427 508 677 587 βασιλεὺς
706 504 1027 585 εἲσέρχεται
1083 510 1221 582 μιτά
1265 512 1364 565 τοῦ
1410 503 1809 566 κουϐουκλείου
1847 509 1936 565 καὶ
1968 530 2110 580 ’πα-ε

2204 515 2385 569 autem
2415 511 2470 568 in
2528 512 2774 569 sinistro
2821 512 3001 568 latere
3043 511 3309 582 ejusdem
3341 508 3582 566 triclinii
3630 510 3842 568 throno

430 604 650 678 τρικίων
689 598 741 655 ἐν
790 603 878 669 τῶ
927 597 1393 676 χρυσοτρικλίνῳ,
1436 600 1531 655 καὶ
1578 597 1829 656 ἀπελθὼν
1863 600 1892 655 6
1925 601 2087 670 βασι-

437 692 561 754 λεὺς
583 688 793 746 ἵσταται
845 688 901 745 ἰν
932 692 1014 761 τῷ
1042 686 1203 761 δεξιῷ
1254 688 1405 764 μέρει
1463 693 1563 745 τοῦ
1622 687 2082 765 χρυσοτρικλίνου

432 779 667 852 πλησίον
711 779 790 841 ὡς
831 778 973 853 πρὸς
1021 779 1123 848 τήν
1171 779 1421 853 καμάραν
1466 779 1568 848 τήν
1599 778 1915 856 εἰσάγουσαν
1947 780 2085 853 πρὸς

421 873 515 929 τὸν
565 873 829 941 κοιτῶνα,
886 870 940 925 οἱ
990 866 1050 924 δὲ
1086 867 1370 944 πατρίκιοι
1413 869 1663 925 ἳστανται
1716 868 1769 925 ἐν
1819 874 1900 941 τῷ
1963 869 2088 945 ἀρι-

420 964 602 1035 στερῷ
636 960 790 1035 μέρει
818 963 917 1015 τοῦ
967 956 1136 1014 αὐτοῦ
1176 956 1655 1037 χρυσσερικλίνου,
1701 960 1791 1013 καὶ
1844 958 2085 1014 ἵστανται

416 1048 740 1127 ἔμπροσθεν
783 1051 882 1105 τοῦ
929 1049 1141 1119 σένζου,
1183 1047 1539 1123 βαστάζοντες
1586 1047 1652 1103 τά
1696 1069 1754 1104 τε
1812 1046 2086 1105 λιτανίκια

417 1139 606 1197 αὐτῶν
657 1138 828 1213 κηρία
872 1136 965 1193 καὶ
1020 1138 1150 1200 τοὺς
1199 1141 1463 1211 σταυροὺς
1503 1137 1556 1193 οἱ
1605 1134 1662 1192 δὲ
1710 1139 1875 1211 ἱερεῖς
1932 1137 2086 1213 ἀνέρ-

418 1250 621 1309 χονται
675 1227 839 1301 μέσον
900 1223 990 1282 διὰ
1028 1230 1126 1281 τοῦ
1176 1224 1660 1301 χρυσοτρικλίνου,
1708 1227 1799 1281 καὶ
1840 1224 2083 1282 ίστανται

424 1317 673 1388 πλησίον
720 1320 819 1371 τοῦ
870 1314 1079 1385 σένζου.
1113 1315 1174 1371 Ὁ
1206 1312 1263 1370 δὲ
1304 1311 1554 1375 διάκονος
1583 1313 1766 1385 τίθησι
1814 1316 1877 1371 τὸ
1911 1314 2088 1391 Εὐαγ-

429 1409 617 1485 γέλιον
646 1406 700 1461 ἐν
730 1409 813 1477 τῷ
846 1402 1119 1480 βασιλικῷ
1157 1405 1354 1480 θρόνῳ,
1403 1404 1494 1459 καὶ
1543 1403 1751 1478 γίνεται
1783 1406 1817 1474 ἡ
1852 1406 2087 1475 συνήθης

437 1498 650 1568 ἇκτενή,
696 1497 791 1553 καὶ
836 1495 1134 1573 ἀπέρχεται
1185 1494 1213 1550 6
1275 1493 1531 1570 βασιλεὺς
1572 1495 1705 1568 μετά
1732 1498 1830 1550 τοῦ
1861 1490 2089 1549 κουϐου-

436 1587 625 1643 κλείου
675 1588 764 1643 καὶ
814 1590 921 1641 τῶν
967 1583 1155 1659 ἱερέων
1207 1583 1282 1646 εἲς
1327 1584 1421 1639 τὸν
1469 1585 1594 1640 ναὸν
1642 1591 1742 1654 τῆς
1772 1584 2087 1660 Ὑπεραγίας

432 1676 704 1733 Θεοτόκου
758 1674 811 1731 ἐν
860 1679 939 1747 τῷ
988 1673 1183 1748 Φάρῳ,
1232 1674 1285 1729 οἱ
1354 1670 1413 1728 δὲ
1472 1674 1757 1741 πατρίκιοι
1808 1674 2089 1750 ὑπερευξά-

2195 606 2409 673 astant,
2442 601 2906 675 processionales
2953 615 3151 658 cereos
3181 603 3235 657 et
3276 615 3482 656 cruces
3528 602 3839 671 gestantes,

2194 692 2525 749 sacerdotes
2556 708 2658 764 per
2690 692 2949 748 medium
2971 706 3176 747 eorum
3208 690 3277 745 ad
3310 689 3625 745 triclinium
3649 706 3844 747 ascen-

2194 782 2345 837 dunt
2373 786 2429 838 et
2460 798 2635 854 prape
2667 781 2941 837 thronum
2970 780 3317 836 consistunt.
3347 780 3633 835 Diaconus
3657 779 3842 835 Evan-

2196 870 2416 943 gelium
2438 870 2500 926 in
2532 872 2741 928 throno
2773 870 3142 943 imperatoris
3164 869 3413 940 reponit,
3439 868 3561 940 qui,
3596 868 3844 925 solemni

2196 965 2433 1017 extensa
2462 965 2716 1031 cantata,
2747 976 2878 1015 eum
2932 958 3200 1015 cubiculo
3237 962 3292 1013 et
3343 957 3745 1014 sacerdotibus
3775 958 3849 1015 ad

2195 1047 2479 1117 templum
2510 1049 2736 1105 Sanctae
2761 1048 3015 1119 Deiparie
3046 1048 3220 1103 Phari
3238 1047 3355 1103 abit
3381 1065 3395 1116 ;
3431 1046 3660 1117 patricii
3690 1064 3847 1120 vero,

2198 1138 2389 1195 fausta
2416 1138 2470 1196 ei
2503 1139 2741 1212 precati,
2775 1138 3102 1195 discedunt.
3136 1138 3230 1194 Sic
3279 1143 3497 1209 postea,
3532 1137 3581 1192 si
3607 1137 3852 1207 jusserit

2198 1229 2534 1301 imperator,
2565 1234 2943 1286 arcessuntur
2974 1228 3221 1300 patricii,
3258 1244 3490 1300 unaque
3528 1243 3659 1284 cum
3693 1244 3758 1283 eo
3789 1228 3849 1283 in

2197 1318 2417 1391 templo
2444 1320 2668 1375 Sancta;
2692 1319 2949 1390 Deiparas
2968 1317 3148 1374 sacris
3169 1317 3497 1385 intersunt;
3523 1319 3614 1374 sin
3635 1320 3849 1387 minus,

2197 1414 2358 1466 extra
2387 1410 2672 1482 templum
2714 1409 2775 1466 in
2814 1409 3013 1466 Sancti
3058 1409 3339 1481 Stephani
3371 1411 3428 1465 in
3466 1408 3852 1482 hippodromo

2198 1514 2395 1556 sacros
2427 1500 2573 1556 ritus
2604 1499 2915 1556 celebrant.
2940 1502 3146 1555 Parato
3166 1516 3297 1554 vero
3321 1500 3606 1565 convivio,
3633 1499 3853 1555 missus

2199 1588 2542 1660 afferuntur,
2589 1594 2648 1645 et
2696 1594 2925 1662 peracta
2977 1589 3173 1645 divina
3229 1587 3487 1661 liturgia,
3538 1588 3856 1661 imperator

2199 1678 2473 1746 discedit,
2507 1694 2574 1734 ac
2614 1680 2955 1734 venerandae
3006 1694 3219 1734 mensae
3254 1694 3375 1733 suae
3419 1678 3478 1732 in
3531 1676 3855 1733 Justiniani

440 1786 595 1839 μενοι
642 1765 737 1820 τὸν
789 1760 1018 1840 βασιλέα
1076 1759 1417 1837 ἐξέρχονται.
1470 1762 1575 1817 Καὶ
1626 1762 1725 1826 εἶθ’
1785 1763 1981 1831 οὕτως,
2042 1761 2091 1818 εἴ

2204 1765 2454 1820 triclinio
2486 1765 2545 1820 in
2586 1766 3021 1836 scaramangio,
3071 1781 3187 1835 quo
3236 1765 3407 1819 etiam
3461 1764 3709 1820 convivae
3753 1764 3852 1819 in—

433 1853 643 1912 κελεύει
677 1855 705 1909 6
746 1851 1027 1928 βασιλεὺς,
1078 1850 1515 1927 προσκαλοῦνται
1567 1850 1695 1914 τοὺς
1746 1853 2086 1926 πατρικίους,

428 1946 521 2001 καὶ
554 1943 1048 2017 συλλειτουργοῦσι
1078 1945 1158 2013 τῷ
1188 1939 1408 2016 βασιλεῖ
1438 1939 1488 1995 ἐν
1515 1944 1596 2013 τῷ
1625 1944 1741 2013 ναῷ
1768 1948 1867 2010 τῆς
1901 1942 2088 2017 Ὑπερ-

2197 1854 2346 1912 dulti
2379 1860 2539 1921 sunt,
2572 1854 2796 1910 assidet
2828 1872 2841 1910 :
2876 1859 3010 1911 ante
3051 1853 3486 1925 processionem
3537 1853 3689 1909 enim
3723 1868 3854 1909 om-

2200 1961 2303 2001 nes
2327 1944 2674 2000 mutatorias
2706 1949 2974 2000 sumunt.

420 2034 589 2113 αγίας
640 2033 936 2100 Θεοτόκου,
976 2033 1013 2102 ἢ
1064 2032 1154 2087 καὶ
1211 2030 1360 2108 οὐχὶ,
1426 2029 1837 2107 λειτουργοῦσιν
1897 2030 1998 2101 ἔξω
2050 2032 2127 2096 εἷς
2174 2034 2266 2089 τὸν
2314 2035 2502 2109 ’Ἂγιον
2556 2034 2829 2111 Στέφανον
2878 2038 2976 2089 τοῦ
3025 2030 3399 2108 ἱπποδρόμου.
3444 2031 3846 2108 Στοιχηθέντος

424 2123 483 2181 Si
548 2128 651 2179 τοῦ
699 2121 1043 2197 κλητωρίου,
1091 2120 1331 2199 γίνονται
1385 2121 1589 2194 μίνσαι,
1638 2120 1728 2176 καὶ
1773 2122 1906 2195 μετὰ
1954 2123 2055 2190 τήν
2113 2120 2377 2178 ἀπόλυσιν
2434 2127 2535 2189 τῆς
2586 2125 2730 2184 Θείας
2779 2123 3121 2199 λειτουργίας
3180 2121 3457 2201 ἐξέρχεται
3508 2124 3536 2177 6
3598 2122 3855 2197 βασιλεὺς

431 2214 525 2270 καὶ
554 2213 831 2283 καθέζεται
867 2211 953 2268 ἐπὶ
986 2218 1087 2280 τῆς
1114 2212 1307 2286 τιμίας
1335 2211 1505 2266 αὑτοῦ
1552 2211 1825 2285 τραπέζης
1872 2209 1923 2266 ἐν
1970 2216 2051 2285 τῷ
2090 2214 2456 2286 Ἰουστινιανῷ
2481 2212 2741 2289 τρικλίνῳ
2771 2213 2875 2268 ἀπὸ
2908 2211 3343 2290 σκαραμαγγίου,
3378 2212 3637 2275 ὡσαύτως
3676 2212 3767 2267 καὶ
3800 2212 3854 2266 o't

431 2303 743 2373 κληθέντες’
776 2303 884 2357 ἀπὸ
910 2302 1014 2377 γὰρ
1044 2306 1145 2369 τῆς
1176 2298 1335 2370 λιτῆς
1359 2299 1551 2361 πάντες
1576 2298 1959 2358 ἀλλάσσουσιν.

503 2395 582 2452 E'.
612 2394 731 2469 Χρὴ
784 2390 841 2447 δὲ
886 2388 1105 2458 εἶδέναι,
1150 2389 1259 2462 ὅτι,
1310 2390 1356 2446 εἴ
1411 2390 1505 2465 μὲν
1550 2390 1698 2467 τύχῃ
1730 2390 1781 2446 ἐν
1815 2391 1984 2466 ταύτῃ
2017 2397 2087 2467 τῇ

422 2484 594 2558 ἑορτῆ
642 2483 671 2536 6
719 2478 1139 2557 Εύαγγελισμὸς
1182 2486 1286 2550 τῆς
1336 2480 1633 2557 ὑπεραγίας
1680 2482 1971 2550 Θεοτόκου,
2001 2502 2091 2537 τε-

419 2571 605 2629 λεῖται
658 2569 853 2632 οὕτως’
908 2567 1187 2625 Λιτανεύει
1222 2571 1251 2624 6
1297 2567 1577 2644 βασιλεὺς,
1619 2570 1693 2633 ὡς
1726 2571 1981 2646 ἀνωτέρω
2013 2568 2088 2626 εἷ’·

428 2670 618 2735 ρτδται,
652 2656 888 2715 ἐκτελῶν
944 2659 1149 2713 ἅπαντα
1197 2656 1515 2714 ἀκολούθως
1549 2658 1600 2714 ἐν
1631 2663 1746 2722 τοῖς
1777 2659 2088 2735 εὐκτηρίοις

438 2756 542 2817 τῆς
591 2746 812 2824 δάφνης,
859 2746 1083 2811 τελέσας
1140 2745 1197 2803 δὲ
1246 2748 1474 2817 ἅπαντα,
1525 2748 1599 2810 ὡς
1651 2748 1878 2803 εἲθισται
1942 2749 2091 2821 αὐτῷ

447 2840 522 2910 τῇ
549 2842 658 2891 τῶν
684 2836 853 2893 Betim
896 2838 1078 2912 ἡμέρᾳ
1116 2837 1318 2895 τελεῖν.
1368 2839 1435 2895 O't
1479 2837 1572 2911 μὶν
1617 2839 1804 2912 ἱερεῖς,
1861 2837 1994 2911 μετά
2024 2837 2088 2892 τὸ

452 2924 732 2981 ἐκτελέσαι
777 2927 936 2981 πάντα
981 2926 1307 2990 ἀκολούθως
1344 2925 1395 2981 ἐν
1443 2930 1525 2998 τῷ
1573 2925 1742 3003 Ἃγίῳ
1810 2925 2083 3005 Στεφάνῳ,

442 3015 782 3091 ἀπέρχονται
814 3016 957 3072 αὐτοὶ
993 3017 1154 3090 μόνον
1201 3014 1253 3072 ἐν
1300 3021 1379 3089 τῷ
1408 3016 1665 3090 παλατίῳ
1696 3014 2088 3084 λιτανεύοντες,

438 3105 469 3160 6
533 3101 591 3159 δὲ
642 3104 896 3179 βασιλεὺς
944 3104 1247 3181 εἷσέρχεται
1302 3104 1354 3160 ἐν
1402 3106 1481 3177 τῷ
1531 3126 1752 3161 κοιτωνι
1790 3108 1978 3177 αὐτοῦ,
2015 3106 2095 3161 έκ-

2271 2397 2337 2453 ν.
2360 2397 2673 2454 Sciendum
2705 2401 2814 2463 est,
2859 2398 2906 2454 si
2966 2398 3026 2453 in
3074 2414 3207 2453 eum
3253 2396 3405 2453 diem
3466 2394 3853 2453 Annuntiatio

2200 2488 2583 2543 sanctissimae
2614 2488 2871 2558 Virginis
2923 2488 3217 2556 inciderit,
3249 2504 3376 2543 eam
3420 2488 3501 2542 ita
3531 2486 3807 2543 celebrari
3839 2502 3853 2543 :

2200 2576 2355 2631 104
2386 2577 2726 2648 Imperator,
2787 2577 2941 2632 sicut
2996 2594 3175 2648 supra
3226 2577 3697 2632 demonstratum
3744 2578 3853 2643 est,

2200 2665 2475 2736 procedit,
2526 2667 2720 2721 omnia
2769 2667 2971 2723 ordine
3024 2668 3081 2721 in
3125 2665 3390 2721 oratoriis
3422 2665 3687 2736 daphnes
3721 2682 3855 2735 per-

2200 2772 2399 2827 agens,
2431 2755 2749 2811 observatis
2774 2755 2845 2811 iis
2877 2755 3106 2819 ritibus,
3141 2770 3289 2826 quos
3320 2754 3467 2809 solet
3495 2755 3555 2809 in
3587 2754 3680 2810 die
3714 2753 3853 2808 Pal-

2202 2861 2432 2900 marum
2482 2845 2808 2900 observare.
2860 2845 3197 2899 Sacerdotes
3248 2847 3499 2911 tantum,
3552 2844 3736 2898 sacris
3795 2843 3855 2899 in

2201 2935 2395 2990 Sancti
2412 2933 2691 3006 Stephani
2707 2932 3098 3000 celebratis,in
3114 2933 3485 3005 processione
3499 2934 3567 2987 ad
3588 2931 3858 3004 palalium

2203 3025 2454 3085 abeunt:
2513 3024 2834 3096 imperator
2882 3027 3073 3079 autem
3128 3023 3198 3078 ad
3258 3038 3432 3079 suum
3489 3021 3853 3091 cubiculum,

2204 3119 2436 3184 tempus
2466 3118 2933 3180 exspectaturus,
2978 3129 3041 3168 se
3088 3112 3329 3167 confert.
3364 3115 3487 3176 Quo
3537 3111 3857 3183 appropin-

445 3175 741 3267 δεχόμενος
788 3196 878 3249 τὸν
926 3175 1139 3269 καιρόν,
1175 3175 1593 3257 Καταλαϐόντος
1632 3193 1689 3249 δὶ
1736 3200 1832 3251 τοῦ
1875 3175 2090 3271 καιροῦ,

2208 3208 2443 3272 quante,
2478 3201 2926 3257 cerimoniarius
2978 3200 3379 3273 praepositum,
3430 3200 3519 3255 hic
3551 3199 3859 3272 imperato-

454 3284 647 3354 μηνύει
677 3285 704 3338 ὁ
733 3291 834 3354 τῆς
857 3288 1237 3347 καταστάσεως
1270 3288 1349 3357 τῷ
1379 3284 1751 3359 πραιποσίτῳ,
1784 3287 1811 3341 6
1847 3284 1903 3341 δὲ
1934 3307 2099 3361 πραι-

443 3370 665 3435 πόσιτος
713 3370 888 3443 δηλοῖ
934 3378 1014 3446 τῷ
1065 3374 1305 3449 βασιλεῖ,
1351 3374 1441 3429 καὶ
1491 3373 1721 3445 ἐξελθὼν
1763 3376 1791 3429 6
1841 3373 2099 3450 βασιλεὺς

433 3462 490 3519 ἐν
540 3468 619 3536 τῷ
667 3464 988 3538 ὀκταγώνῳ,
1032 3460 1427 3539 περιϐάλλεται
1484 3466 1585 3534 τὴν
1648 3463 1884 3541 χλανίδα
1932 3468 2098 3521 αὑτοῦ

435 3550 529 3609 διὰ
576 3558 690 3609 τῶν
742 3554 1114 3630 βεστητόρων,
1163 3555 1341 3615 καθὼς
1395 3552 1647 3624 εἴθισται,
1688 3556 1778 3609 καὶ
1811 3553 2100 3631 δηριγευό-

437 3664 604 3717 μενος
639 3644 744 3699 ὑπὸ
771 3649 879 3699 τῶν
929 3647 1027 3700 τοῦ
1074 3641 1471 3699 κουϐουκλείου
1521 3643 1828 3719 ἀρχόντων,
1879 3642 2096 3719 ἐξέρχε-

430 3753 523 3788 ται
578 3729 670 3788 ὃιά
728 3737 826 3789 τοῦ
878 3734 1253 3809 αὐγουστέως,
1321 3732 1411 3789 καὶ
1482 3730 1711 3789 διελθὼν
1771 3736 1833 3789 τὸ
1896 3734 2097 3804 στενὸν,

427 3823 611 3901 ἤγουν
644 3824 747 3893 τὴν
779 3830 993 3901 χρυσῆν
1041 3828 1224 3899 χεῖρα,
1257 3824 1547 3902 ἀνέρχεται
1589 3824 1665 3887 εἷς
1705 3825 1798 3880 τὸν
1836 3821 2098 3893 ὀνόποδα,

432 3915 529 3969 καὶ
561 3913 690 3976 στάς
721 3912 777 3969 ἐν
813 3917 884 3988 τῇ
935 3912 1123 3989 χαλκῇ
1175 3912 1324 3989 πύλῃ
1378 3918 1475 3970 τοῦ
1515 3911 1811 3981 ὁνόποδος,
1842 3911 2098 3990 δέχονται

443 4002 601 4059 αὐτὸν
652 4002 826 4059 ἐκεῖσε
864 4003 916 4059 οἱ
966 4005 1013 4041 ³ο
1058 4001 1340 4079 πατρίκιοι
1386 4003 1477 4059 καὶ
1540 4002 1861 4079 στρατηγοί*
1912 4004 2099 4060 πεσόν-

439 4114 550 4149 των
610 4091 671 4149 δὶ
730 4092 823 4149 καὶ
878 4092 1397 4169 προσκυνησάντων,
1461 4094 1600 4149 νεύει
1650 4094 1679 4148 6
1736 4093 2095 4169 πραιπόσιτος

436 4188 519 4258 τῷ
554 4191 658 4255 τῆς
704 4184 1083 4247 καταστάσεως
1129 4183 1237 4239 ἀπὸ
1282 4182 1606 4254 κελεύσεως,
1647 4184 1892 4247 κάκεῖνος
1922 4183 2093 4260 λέγει·

430 4298 461 4326 κ
517 4272 844 4332 Κιλεύσατε.
899 4298 927 4325 ››
978 4272 1120 4332 Ἀπὸ
1171 4269 1229 4328 δὲ
1267 4278 1375 4329 τῶν
1419 4272 1533 4329 ἐκεῖ
1572 4270 1875 4353 διέρχεται,
1918 4272 2094 4329 τελῶν

431 4361 577 4415 ἅπαν
608 4356 955 4427 ἀκολούθως,
1000 4357 1059 4413 ὅν
1103 4356 1307 4432 τρόπον
1349 4357 1602 4434 ἀνωτέρω
1632 4357 1684 4413 ἐν
1719 4364 1788 4433 τῇ
1833 4359 2100 4434 προελεύ-

438 4470 520 4503 cm
566 4452 661 4503 τοῦ
709 4445 1133 4524 Εὐαγγελισμοῦ
1177 4446 1265 4502 ἐπὶ
1314 4452 1488 4519 ςεπτῷ
1535 4446 1841 4521 ἐξεθέμεθα.
1874 4449 2095 4521 Ἰστέον,

2204 3308 2326 3347 rem
2361 3292 2655 3356 admonet,
2683 3292 2779 3359 qui
2816 3300 3153 3362 octagonum
3190 3292 3510 3362 ingressus,
3536 3290 3728 3345 tunica
3752 3306 3859 3346 sua

2206 3397 2304 3452 per
2342 3382 2665 3447 vestitores,
2720 3384 2785 3435 ut
2833 3397 2959 3435 mos
3018 3389 3127 3448 est,
3159 3380 3440 3447 induitur,
3483 3385 3541 3434 et
3573 3377 3855 3449 prefectis

2204 3470 2471 3526 cubiculo
2502 3473 2693 3541 ipsum
2718 3469 3158 3537 comitantibus,
3185 3486 3287 3540 per
3307 3466 3857 3539 augustaletransit,

2203 3576 2417 3631 perque
2448 3563 2679 3614 stenum
2712 3575 2815 3614 seu
2860 3574 3100 3614 auream
3155 3574 3395 3613 manum
3428 3556 3750 3629 digressus,
3786 3556 3858 3612 ad

2205 3650 2528 3721 onopodem
2553 3647 2896 3714 ascendit,in
2920 3650 3091 3719 cujus
3111 3664 3273 3704 aenea
3290 3653 3455 3717 porta
3476 3649 3860 3703 constitutum

2203 3739 2430 3811 patricii
2461 3745 2517 3793 et
2538 3738 2785 3810 strategi
2815 3737 3133 3809 excipiunt.
3163 3739 3306 3792 Dum
3332 3741 3527 3792 autem
3554 3736 3864 3808 procidunt

2204 3831 2262 3884 et
2290 3828 2558 3895 adorant,
2592 3827 2938 3899 prapositus
2970 3826 3376 3882 cerimoniario
3406 3842 3439 3881 a
3478 3826 3756 3880 mandato
3787 3824 3864 3879 si-

2203 3934 2385 3990 gnum
2418 3918 2538 3985 dat,
2571 3917 2622 3972 is
2652 3917 2793 3971 dicit
2829 3932 2842 3969 :
2888 3937 2916 3965 «
2946 3914 3175 3971 Jubete.
3212 3938 3234 3968 ι
3292 3914 3413 3969 lnte
3445 3914 3723 3970 omnibus
3754 3914 3861 3969 rite

2204 4006 2471 4079 peractis,
2503 4022 2631 4078 quae
2662 4021 2841 4077 supra
2872 4004 2928 4059 in
2976 4004 3349 4075 processione
3379 4002 3861 4060 Annuntiationis

2204 4097 2451 4153 breviter
2507 4094 2914 4167 eXplicuimus,
2976 4094 3247 4150 discedit.
3307 4093 3652 4162 Sciendum,
3711 4094 3859 4150 festo

2202 4186 2536 4242 Palmarum
2585 4184 2679 4239 die
2734 4186 3057 4257 Augustam
3114 4200 3345 4255 quoque
3374 4183 3521 4254 vela,
3572 4199 3737 4255 aeque
3794 4198 3863 4239 ac

2203 4276 2635 4348 imperatorem,
2662 4274 2989 4339 admittere,
3019 4277 3075 4328 et
3104 4274 3247 4329 dum
3284 4274 3358 4329 ab
3390 4273 3582 4345 ipsam
3614 4288 3680 4328 eo
3720 4272 3862 4340 ritu,

2206 4382 2319 4437 quo
2351 4366 2421 4420 ad
2455 4364 2865 4435 imperatorem
2910 4362 3344 4435 ingrediuntur,
3378 4363 3449 4419 ab
3479 4362 3626 4434 ipsis
3658 4377 3861 4419 cruces

2207 4456 2468 4526 accipere
2498 4453 2702 4510 solere.

450 4537 537 4594 ὅτι
565 4542 629 4613 τῇ
656 4540 795 4615 αὐτῇ
837 4539 1022 4614 ἡμέρᾳ
1050 4542 1159 4594 τῶν
1194 4539 1368 4594 Βαΐων
1396 4538 1487 4593 καὶ
1523 4540 1559 4608 ἠ
1594 4537 1884 4615 Αύγοῦστα
1936 4537 2149 4617 δέχεται
2197 4545 2265 4602 τὰ
2315 4544 2462 4622 βῆλα
2492 4544 2603 4617 (49)
2636 4542 2848 4617 ὁμοίως
2892 4545 2975 4615 τῷ
3026 4539 3263 4617 βασιλεῖ,
3311 4541 3400 4596 καὶ
3436 4538 3564 4605 τοὺς
3594 4537 3856 4615 σταυροὺς

449 4622 712 4701 λαμϐάνει
740 4629 803 4686 ἑκ
828 4634 940 4684 τῶν
969 4626 1107 4685 κατᾶ
1134 4626 1305 4685 τύπον
1335 4629 1735 4704 εἰσερχομένων
1785 4628 1873 4684 ἐπὶ
1914 4634 2013 4685 τοῦ
2047 4633 2320 4708 βασιλέως
2353 4634 2526 4696 οὕτως
2556 4633 2643 4687 καὶ
2678 4630 2764 4687 ἔπ’
2794 4631 2983 4702 αὐτῆς.

1050 4720 1307 4775 ΚΕΦᾹΛ.
1359 4720 1480 4776 ΛΓ’.

422 4812 570 4887 ,Οσα
644 4806 770 4887 ξεῖ⁸
800 4806 1240 4887 παραφυλάττειν
1331 4810 1400 4887 τῇ
1494 4808 1620 4883 ἁγίᾳ
1682 4810 1797 4887 ..δαὶ
1861 4809 2091 4887 Δμεγάλῃ

502 4882 543 4937 ε’
592 4881 683 4936 καὶ
753 4878 841 4937 ἰπὶ
880 4877 993 4949 ’τῆς
1041 4882 1140 4935 τοῦ
1203 4877 1481 4954 βασιλέως
1536 4877 1800 4957 περιόδου
1857 4877 1913 4938 ἔν
1958 4877 2093 4947 ’τοῖς

504 4956 927 5031 γηροκομείοις.

505 5041 822 5118 ,Εξὲρχεται
889 5041 919 5096 δ
982 5038 1240 5116 βασιλεὺς
1308 5041 1413 5096 ἀπὸ
1478 5044 1576 5097 τοῦ
1632 5038 1907 5098 παλατίου
1976 5044 2093 5119 ὥρᾳ

430 5132 631 5207 πρώτῃ
680 5132 717 5201 ἢ
764 5132 853 5186 καὶ
898 5126 1124 5204 δευτέρᾳ
1172 5129 1226 5184 ἐν
1267 5133 1348 5202 τῷ
1397 5126 1773 5206 ἱπποδρομίῳ.
1806 5132 2092 5197 Ἰππεύσας

429 5216 488 5276 δὲ
538 5218 733 5292 ἐκεῖσε,
784 5216 1214 5295 δηριγευόμενος
1265 5218 1369 5275 ὑπὸ
1416 5223 1525 5275 τῶν
1593 5219 1729 5275 κατὰ
1776 5222 2085 5296 συνήθειαν,

2128 4732 2176 4795 D

2768 4723 3002 4780 CAPUT
3042 4721 3297 4779 XXXIII.

2205 4815 2566 4875 Observanda
2598 4817 2659 4870 in
2706 4819 2903 4871 sancta
2940 4820 2994 4869 et
3036 4830 3240 4884 magna
3280 4810 3431 4883 feria
3464 4812 3679 4884 quinta,
3718 4814 3767 4868 et
3797 4809 3865 4867 de

2486 4888 2837 4960 imperatoris
2863 4887 3108 4942 circuitu
3136 4889 3195 4940 in
3226 4885 3572 4953 gerocomiis.

2274 5052 2590 5122 Imperator
2617 5065 2650 5105 a
2680 5047 2894 5120 palatio
2942 5046 3087 5103 hora
3118 5044 3305 5118 prima
3348 5049 3453 5102 aut
3501 5044 3758 5101 secunda
3787 5043 3861 5099 ad

2202 5138 2652 5211 hippodromum
2678 5137 2960 5211 procedit.
2987 5137 3152 5210 Equo
3185 5140 3379 5192 autem
3406 5134 3487 5191 ibi
3521 5149 3860 5202 conscenso,

2200 5227 2622 5285 comitantibus
2655 5243 2812 5298 eum,
2853 5226 2953 5298 qui
2984 5227 3198 5295 solent,
3253 5223 3326 5281 ad
3356 5224 3686 5295 gerocomia
3717 5222 3863 5292 abit,

1808 5321 2042 5379 ΥΑΡιΙιΕ
2082 5323 2493 5383 LECTIONES.

505 5410 556 5448 ³ο
586 5410 638 5466 οἱ
669 5426 788 5470 om.
819 5411 914 5469 ed.

1478 5507 1680 5568 JOAN.
1720 5510 1869 5568 JAC.
1915 5510 2180 5572 REISKII
2221 5514 2817 5575 COMMENTARIUS.

506 5592 628 5675 (49)
653 5601 878 5675 Nempe
949 5614 1161 5658 uxores
1223 5597 1470 5675 illorum,
1517 5615 1848 5675 procerum,
1891 5602 2101 5675 quibus

429 5672 751 5745 imperator
805 5672 1021 5730 cruces
1069 5679 1373 5745 argenteas
1418 5672 1721 5745 distribuit
1755 5688 1769 5730 :
1803 5678 1859 5730 et
1896 5672 2101 5733 eodem

426 5736 647 5808 ordine
686 5736 1083 5805 admittuntur
1103 5736 1387 5809 fé'minina
1414 5741 1562 5812 vela,
1602 5748 1778 5816 atque
1823 5746 2102 5822 virorum,

2211 5610 2269 5662 et
2298 5607 2370 5662 ab
2402 5606 2613 5679 iisdem
2644 5606 2805 5673 viris,
2837 5603 3315 5679 orphanotropho
3338 5616 3548 5679 nempe
3579 5604 3754 5679 atque
3772 5616 3863 5656 xe-

2211 5678 2499 5749 nodocho,
2530 5679 2745 5751 accipit
2788 5673 3057 5751 Augusta
3102 5673 3330 5746 cruces,
3361 5691 3397 5731 a
3428 5673 3864 5746 quibus’impe-

2212 5754 2373 5807 rator
2401 5758 2719 5823 acceperat.
