4158 6434
320 381 436 442 419

1395 374 1927 437 CONSTANTINI
1971 369 2668 434 PORPHYROGENITI

3617 381 3740 443 420

319 519 384 569 ut
412 513 586 569 verba
617 528 650 567 a
696 509 1007 582 Propheta,
1049 515 1146 566 aut
1178 509 1368 582 potius
1395 526 1427 565 a
1458 510 1707 567 Domino
1740 509 1963 582 prolata

2080 504 2374 579 ἀπέρχεται
2405 501 2457 557 ἐν
2487 507 2606 565 τοῖς
2653 505 3070 579 γηροκομείοις,
3120 504 3418 584 ἐκπληρῶν
3457 512 3558 582 τήν
3587 515 3738 589 παρὰ

318 601 562 672 impleat
592 617 606 656 :
643 621 672 651 «
701 599 928 672 Sparsit
975 615 1241 667 munera,
1273 599 1430 656 dedit
1462 599 1842 673 pauperibus,
1868 600 1966 670 ju-

317 689 477 747 stitia
514 690 644 760 ejus
702 689 762 746 in
810 688 1024 746 saecula
1083 688 1426 746 saeculorum
1488 694 1731 746 manet:
1775 689 1968 744 ditans

311 795 518 835 omnes
548 783 607 836 et
635 779 950 836 sublevans
984 795 1054 835 ex
1083 777 1451 836 inexhaustis
1481 777 1795 842 thesauris,
1821 793 1969 848 quos

310 869 421 942 ipsi
455 868 605 925 Deus
646 869 906 924 donavit.
936 890 964 918 »
1006 867 1316 932 Omnibus,
1368 885 1500 940 quas
1537 867 1724 923 solent
1754 868 1813 922 in
1844 867 1965 923 sin-

310 958 466 1030 gulis
497 958 844 1032 gerocomiis
869 959 1084 1030 peragi,
1109 959 1451 1027 observatis,
1476 958 1547 1013 ad
1575 956 1856 1027 palatium
1881 973 1967 1012 re-

312 1049 580 1114 vertitur,
615 1048 1012 1119 iustructoque
1056 1047 1341 1113 convivio,
1375 1048 1594 1102 missus
1627 1047 1967 1112 afferuntur,

313 1146 372 1194 et
402 1138 631 1193 invitati
665 1137 901 1210 quidem
942 1137 1114 1194 amici
1156 1141 1482 1205 remanent,
1515 1136 1706 1192 ceteri
1741 1152 1869 1191 vero
1899 1136 1968 1192 ad

312 1243 419 1283 sua
449 1226 748 1283 domicilia
776 1227 1008 1283 abeunt.
1056 1226 1210 1282 Hora
1247 1235 1438 1282 autem
1471 1226 1680 1281 divina:
1717 1224 1968 1296 liturgiaa

309 1317 592 1385 instante,
615 1320 732 1372 tem
743 1315 903 1388 plum
917 1316 1309 1372 Sanctissima
1331 1315 1423 1371 Dei
1435 1332 1581 1386 parte.
1600 1315 1773 1371 Phari
1792 1315 1971 1385 impe-

313 1414 470 1462 rator
499 1421 798 1461 sacrorum
824 1407 1041 1459 rituum
1073 1403 1554 1460 celebrandorum
1584 1419 1760 1458 causa
1787 1402 1972 1473 ingre-

315 1494 495 1564 ditur,
514 1497 571 1550 et
589 1495 842 1564 sijubet,
868 1494 1016 1551 105
1055 1492 1284 1564 patricii
1316 1497 1616 1559 vocantur,
1634 1497 1690 1547 et
1721 1491 1821 1564 qui
1855 1507 1971 1548 una

316 1599 453 1640 cum
485 1585 610 1655 ipso
641 1599 806 1639 sacra
838 1583 1135 1638 celebrant
1159 1599 1173 1649 ;
1197 1583 1291 1637 sin
1326 1581 1545 1649 minus,
1572 1582 1642 1636 ad
1679 1580 1967 1653 templum

316 1675 508 1730 Sancti
544 1673 715 1744 primi
768 1673 1042 1744 martyris
1092 1671 1374 1743 Stephani
1429 1672 1743 1742 progressi,
1777 1687 1971 1726 sacras

316 1763 399 1818 ibi
432 1762 776 1818 cerimonias
808 1764 1118 1834 peragunt,
1150 1769 1202 1816 et
1233 1760 1276 1815 si
1312 1760 1394 1815 ita
1424 1760 1758 1830 imperatori
1785 1760 1972 1814 visum

313 1852 511 1917 fuerit,
545 1851 772 1919 patricii
822 1852 1196 1907 advocantur.
1243 1848 1449 1904 Divina
1487 1854 1683 1905 autem
1731 1848 1968 1921 liturgia
1997 1879 2044 1944 Β

315 1941 508 2011 ﬁnita,
535 1941 586 1998 is
617 1943 676 1998 in
711 1941 983 1996 narthcce
1010 1941 1136 2011 ejus
1179 1938 1378 2010 templi
1412 1941 1470 1994 in
1505 1955 1746 1994 scamno
1779 1939 1964 2006 sedet,

313 2039 370 2086 et
400 2029 685 2102 magistri,
710 2030 960 2102 patricii,
985 2029 1276 2100 praepositi
1313 2033 1370 2083 et
1400 2027 1600 2098 reliqui
1633 2027 1903 2100 ingressi,
1936 2042 1967 2083 e

315 2137 495 2176 manu
529 2121 657 2190 ejus
689 2120 905 2192 singuli
936 2121 1051 2174 duo
1072 2134 1246 2190 poma
1266 2125 1320 2173 et
1349 2119 1790 2174 cinnamomum
1813 2117 1967 2173 acci-

315 2211 504 2281 piunt.
523 2210 585 2266 Si
607 2225 738 2265 vero
769 2209 846 2264 ibi
879 2209 1185 2265 considere
1213 2207 1548 2278 imperatori
1572 2224 1688 2263 non
1713 2205 1969 2276 libuerit,

315 2298 442 2355 abit
464 2299 534 2355 ad
561 2299 990 2370 imperatoriam
1015 2313 1308 2353 cameram
1324 2295 1754 2369 chrysotriclini
1775 2296 1972 2367 ibique

315 2388 378 2443 in
411 2405 649 2444 scamno
694 2387 975 2455 considet,
1024 2403 1227 2443 omnes
1276 2387 1581 2456 praedictas
1622 2386 1972 2441 cerimonias

316 2477 654 2533 observans.
685 2477 772 2532 [lli
815 2492 967 2544 vero,
1019 2475 1264 2533 osculati
1312 2474 1688 2546 imperatoris
1741 2489 1968 2541 manus,

314 2573 444 2638 post
494 2569 713 2622 faustas
767 2565 1210 2622 acclamationes
1268 2564 1601 2630 discedunt,
1633 2567 1690 2619 et
1729 2562 1971 2634 posthac

312 2653 434 2726 ipse
461 2654 781 2727 imperator
810 2654 933 2711 abit
982 2669 1226 2726 suaeque
1269 2652 1536 2725 pretiosae
1587 2667 1801 2707 mense
1835 2667 1970 2708 cum

314 2744 544 2810 amicis,
576 2761 723 2817 quos
753 2759 820 2801 eo
850 2745 942 2800 die
989 2742 1220 2798 invitari
1265 2741 1464 2814 jussit,
1496 2741 1739 2798 assidet.
1772 2741 1970 2797 Scien-

316 2834 455 2889 dum
499 2839 692 2890 autem
749 2839 858 2903 est,
927 2833 1280 2889 mutatorias
1323 2831 1428 2887 hoc
1478 2829 1572 2885 die
1632 2846 1748 2886 non
1803 2829 1968 2886 indui

317 2921 522 2978 solere.

2073 595 2172 648 τοῦ
2215 593 2527 668 προφήτου,
2591 590 2806 666 μᾶλλον
2872 592 2930 650 δὲ
2993 599 3091 651 τοῦ
3165 597 3387 672 Κυρίου,
3438 599 3739 676 εἰρημένην

2077 685 2285 756 φωτήψ
2343 706 2362 732 α
2399 683 2752 755 Ἐσκόρπισεν
2802 686 2932 757 (50),
2999 682 3168 741 ἔδωκε
3222 693 3340 751 τοῖς
3391 691 3646 762 πένησιν,
3697 694 3734 762 ἡ

2077 767 2392 842 δικαιοσύνη
2443 770 2611 826 αὐτοῦ
2671 771 2819 844 μένει
2866 773 2942 837 εἷς
2998 775 3089 829 τὸν
3139 775 3315 832 αἰῶνα
3359 782 3458 834 τοῦ
3509 780 3732 843 αἰῶνοςο

2078 857 2465 915 πλουτοποιῶν
2516 860 2753 922 ἅπαντας
2811 861 2901 916 καὶ
2967 863 3469 938 παραμυθούμενος
3518 868 3578 925 ἐκ
3624 875 3734 926 τῶν

2076 950 2221 1026 παρᾶ
2251 954 2371 1022 Θεῷ
2405 952 2520 1023 (51)
2551 947 2951 1025 δεδωρημένων
2999 953 3149 1026 αῦτῷ
3191 954 3596 1028 ἀνεξαντλήτων
3631 962 3732 1032 θη-

2077 1043 2311 1114 σαυρῶν.
2348 1062 2376 1090 ››
2429 1037 2751 1102 Ἐκτελέσας
2801 1037 2859 1095 δὲ
2909 1041 3118 1098 ἅπαντα
3164 1043 3232 1098 τὰ
3278 1046 3416 1102 κατὰ
3447 1049 3736 1118 συνήθειαν

2077 1128 2128 1184 ἐν
2181 1128 2389 1201 ἐκάστφ
2437 1130 2817 1204 γηροκομείῳ,
2866 1130 3188 1210 ὑποστρέφει
3231 1132 3293 1190 ἐκ
3340 1141 3417 1208 τῷ
3459 1136 3736 1214 παλατίῳ,

2076 1219 2165 1274 καὶ
2199 1219 2587 1292 στοιχηθέντος
2617 1223 2715 1274 τοῦ
2745 1221 3081 1296 κγητωρίου,
3112 1224 3349 1298 γίνονται
3384 1226 3567 1300 μίνσαι
3600 1231 3736 1303 (52),

2077 1308 2165 1364 καὶ
2216 1308 2267 1362 οἱ
2322 1308 2417 1382 μέν
2472 1306 2768 1378 κληθέντες
2815 1309 2968 1384 φίλοι
3021 1310 3289 1385 μένουσιν,
3335 1316 3388 1370 οἱ
3438 1314 3495 1372 δὲ
3543 1316 3735 1374 λοιποὶ

2079 1398 2411 1472 ἀπέρχονται
2442 1395 2494 1452 ἐν
2526 1402 2642 1459 τοῖς
2690 1395 2856 1460 ἰδίοις
2907 1398 3082 1456 αὐτῶν
3129 1403 3342 1466 τόποις.
3376 1404 3740 1464 Καταλαϐού-

2079 1507 2178 1556 σης
2218 1483 2275 1541 δὲ
2319 1493 2417 1556 τῆς
2465 1483 2611 1561 ὥρας
2659 1493 2760 1556 τῆς
2812 1488 2958 1550 θείας
3016 1488 3382 1567 λειτουργίας,
3424 1494 3731 1573 εἰσέρχεται

2079 1576 2107 1630 6
2142 1573 2402 1649 βασιλεὺς
2450 1574 2499 1630 ἐν
2540 1580 2622 1648 τῷ
2669 1580 2782 1647 ναῷ
2828 1584 2930 1646 τῆς
2975 1579 3296 1656 Ὑπεραγίας
3337 1586 3602 1641 Θεοτόκου
3631 1592 3732 1643 τοῦ

2079 1667 2266 1740 Φάρου
2296 1665 2436 1738 πρὸς
2473 1665 2537 1720 τὸ
2588 1663 2859 1720 ἐκτελέσαι
2907 1668 3008 1737 τήν
3054 1669 3199 1724 θείαν
3243 1669 3602 1748 λειτουργίαν
3635 1677 3730 1733 καὶ

2079 1755 2125 1810 εἰ
2174 1753 2383 1809 κελεύει
2438 1754 2466 1808 6
2511 1753 2789 1829 βασιλεὺς,
2840 1755 3283 1830 προσκαλοῦνται
3334 1763 3385 1816 οἱ
3424 1766 3733 1840 πατρίκιοι,

2079 1844 2167 1898 καὶ
2196 1841 2744 1916 συλλειτουργοῦντες
2796 1845 2841 1879 ²¹
2890 1843 3065 1917 αὐτῷ,
3115 1847 3158 1902 εἶ
3194 1845 3250 1903 δὲ
3286 1851 3447 1925 μήγεν
3479 1851 3738 1930 ἐξέρχ⁰ν’

2073 1953 2161 1987 ται
2195 1931 2244 1987 ἐν
2277 1937 2355 2004 τῷ
2393 1930 2504 2006 ναῷ
2550 1937 2646 1987 τοῦ
2693 1933 2882 2009 Ἀγίου
2911 1937 3384 2015 πρωτομάρτυρος
3434 1945 3731 2022 Στεφάνου,

2077 2019 2248 2076 ἐκεῖσε
2313 2019 2597 2082 τελοῦντες
2647 2022 2692 2057 ²²
2735 2023 2835 2092 τήν
2904 2022 3048 2079 θείαν
3118 2023 3478 2104 λειτουργίαν,
3543 2019 3631 2087 καί
3683 2034 3731 2089 εἰ

2077 2107 2286 2164 κελεύει
2346 2111 2373 2165 6
2457 2108 2735 2185 βασιλεὺς,
2815 2112 3253 2186 προσκαλοῦνται
3323 2117 3375 2172 oi
3430 2122 3731 2194 πατρίκιοι.

2079 2204 2190 2268 Τῆς
2234 2197 2291 2254 δὲ
2335 2198 2477 2261 θείας
2536 2198 2884 2275 λειτουργίας
2940 2200 3310 2278 τελεσθείσης,
3357 2209 3641 2279 καθέζεται
3681 2209 3736 2267 ἐν

2077 2292 2157 2360 τῷ
2195 2289 2422 2362 νάρθηκι
2463 2292 2560 2343 τοῦ
2607 2288 2773 2344 αὐτοῦ
2822 2294 2948 2345 ναοῦ
2991 2290 3042 2346 ἐν
3090 2298 3168 2365 τῷ
3215 2297 3461 2372 σκάμνῳ,
3502 2301 3593 2354 καὶ
3634 2301 3742 2356 εἶσ-

2079 2375 2331 2442 ελθόντες
2378 2377 2436 2433 ο’ί
2483 2402 2542 2436 τε
2595 2381 2879 2458 μάγίστροι
2938 2385 3029 2439 καὶ
3086 2387 3388 2461 πατρίκιοι,
3441 2389 3740 2463 πραιπόσι-

2077 2487 2164 2522 τοι
2195 2468 2287 2522 καὶ
2328 2466 2541 2539 λοιποὶ,
2575 2467 2918 2544 λαμϐάνουσι
2951 2471 3040 2529 διὰ
3089 2478 3280 2554 χειρὸς
3325 2482 3422 2532 τοῦ
3467 2479 3738 2553 βασιλέως

2079 2556 2180 2611 ἀνὰ
2233 2558 2428 2631 μήλων
2477 2557 2573 2615 δύο
2620 2561 2710 2616 καὶ
2758 2563 2872 2625 ἐνὸς
2918 2565 3299 2638 κινναμώμου.
3350 2567 3415 2624 Εἰ
3467 2565 3526 2624 δὲ
3574 2569 3621 2606 ³³
3668 2568 3730 2625 οὗ

2083 2646 2294 2702 κελεύει
2328 2649 2355 2702 6
2409 2647 2664 2723 βασιλεὺς
2706 2651 3023 2708 καθεστάναι
3066 2653 3120 2708 ἐν
3165 2661 3284 2717 τοῖς
3331 2655 3524 2727 ἐκεῖσε,
3575 2658 3735 2736 ἀπέρ-

2079 2757 2239 2814 χεται
2289 2734 2340 2790 ἐν
2389 2737 2458 2812 τῇ
2527 2738 2788 2814 βασιλικῇ
2838 2742 3058 2818 καμάρα
3103 2748 3201 2798 τοῦ
3250 2734 3734 2822 χρυσοτρικλίνου,

2079 2832 2170 2881 καὶ
2199 2826 2475 2896 καθέζεται
2524 2831 2569 2864 ²⁶
2615 2827 2668 2884 ἐν
2717 2834 2796 2901 τῷ
2842 2829 3016 2886 ἐκεῖσε
3069 2831 3179 2887 ὄντι
3215 2835 3440 2908 σκάμνῳ
3471 2835 3738 2893 ἐπιτελῶν

2079 2922 2252 2972 πᾶσαν
2297 2918 2396 2986 τήν
2447 2917 2850 2995 προρῥηθεῖσαν
2901 2918 3188 2995 διανομήν.
3244 2923 3406 2980 Αὐτοί
3458 2925 3518 2981 δὲ
3571 2928 3744 2984 ἀσπα-

317 3009 532 3083 ζόμενοι
584 3007 679 3071 τὰς
726 3013 824 3064 τοῦ
877 3007 1149 3083 βασιλέως
1219 3012 1430 3082 χεῖρας,
1502 3005 1815 3082 ἐξέρχοντυι
1887 3008 2320 3084 ὑπερευχόμενοι
2370 3007 2554 3080 αὐτὸν,
2595 3007 2684 3063 καὶ
2753 3011 2887 3083 μετᾶ
2932 3016 3101 3067 ταῦτα
3166 3013 3442 3091 ἐξέρχεται
3499 3018 3528 3072 6
3591 3019 3743 3093 βασι-

317 3095 441 3158 λευς
489 3096 579 3151 καὶ
619 3097 899 3166 καθέζεται
947 3096 1032 3151 ἐπὶ
1082 3103 1182 3164 τῆς
1225 3096 1411 3170 τιμίας
1460 3094 1625 3150 αὐτοῦ
1674 3098 1950 3171 τραπέζης
1998 3095 2132 3169 μετὰ
2181 3094 2380 3174 φίλων,
2431 3096 2525 3158 οὕς
2574 3093 2632 3152 ἃν
2683 3096 2930 3155 ἐκέλευσε
2977 3104 3045 3174 τῇ
3098 3102 3235 3177 αὐτῇ
3267 3104 3451 3180 ἡμέρᾳ
3487 3103 3738 3166 καλέσαι.

307 3184 508 3240 Ἰστέον
543 3180 622 3257 δὲ,
655 3184 740 3240 ὅτι
772 3183 824 3238 ἐν
850 3185 1019 3258 ταύτῃ
1052 3187 1119 3258 τῇ
1150 3184 1333 3257 ἡμέρᾳ
1355 3180 1633 3256 ἂλλάξιμα
1665 3184 1768 3238 οὐκ
1800 3183 1950 3242 εἰσίν.

878 3283 1111 3340 CAPUT
1167 3284 1402 3340 XXXIV.

319 3374 666 3433 Observanda
711 3376 768 3430 in
805 3390 1010 3444 magna
1052 3372 1267 3500 υἰρίἰὲα,
1300 3381 1352 3430 et
1387 3373 1654 3445 quomodo
1691 3373 1968 3430 celebrari

1044 3462 1101 3500 so
1127 3461 1186 3500 ea
1218 3485 1230 3499 .

1044 3461 1230 3501 satsat.

386 3536 552 3593 Circa
579 3536 786 3592 horam
813 3535 1132 3591 secundam
1158 3535 1472 3605 imperator
1489 3534 1708 3590 circum
1744 3533 1968 3607 ingres-

315 3643 442 3693 sus,
475 3641 691 3697 equum
722 3625 1058 3681 conscendit
1088 3628 1146 3679 et
1194 3623 1546 3680 Blachernas
1586 3623 1753 3692 petit,
1775 3623 1971 3696 ibique

315 3716 598 3785 templum
624 3714 928 3787 ingressus
951 3714 1021 3768 ad
1046 3713 1470 3783 sacrasjanuas
1491 3713 1803 3785 pergit,ubi
1835 3729 1967 3768 cum

316 3803 498 3861 cereis
547 3805 888 3860 ardentibus
929 3807 1218 3874 precatus,
1251 3801 1568 3857 oratorium
1623 3801 1969 3874 ingreditur,

315 3899 371 3951 et
399 3898 634 3965 sumpto
665 3891 993 3960 thuribulo,
1028 3891 1170 3948 illud
1222 3890 1552 3947 circulatim
1599 3891 1880 3958 incensat,
1914 3896 1971 3948 et

313 3993 626 4055 postquam
661 3999 809 4038 novo
837 3983 1081 4038 instrato
1129 3997 1357 4036 sacram
1412 3997 1673 4036 mensam
1720 3979 1968 4049 vestivit,

312 4072 716 4144 apocombium
733 4071 875 4126 inibi
890 4070 1352 4142 reponit,perque
1367 4068 1764 4139 obliquitatem
1781 4085 1972 4141 egres-

316 4177 443 4231 sus,
469 4160 749 4233 templum
767 4159 922 4217 Sacri
935 4159 1194 4231 Sepulcri
1212 4159 1373 4231 petit,
1399 4167 1450 4214 et
1466 4159 1648 4215 cereis
1667 4158 1746 4214 ibi
1762 4157 1820 4213 in
1839 4173 1968 4230 pre-

314 4251 567 4318 catione,
601 4259 661 4306 ut
691 4250 806 4321 ipsi
842 4266 966 4305 mos
998 4252 1107 4316 est,
1141 4253 1276 4304 ante
1308 4265 1502 4304 sacras
1536 4249 1746 4319 ianuas
1770 4265 1968 4304 accen-

309 4340 599 4413 sis,inque
611 4340 933 4396 sacrarium
950 4338 1272 4410 ingressus,
1291 4347 1527 4410 sumpto
1544 4337 1864 4402 thuribulo,
1879 4354 1968 4394 sa-

2689 3287 2950 3345 ΚΕΦΔΛ.
3000 3290 3122 3349 ΛΔ’.

2146 3372 2286 3428 Ὅσα
2317 3368 2399 3428 δεῖ
2448 3372 2884 3459 παραφυλάττειν
2913 3380 3000 3459 ,τῇ
3043 3377 3258 3459 μὲγᾲλῖδ
3314 3384 3652 3459 Παμφίωῇ

2500 3445 2587 3500 καὶ
2609 3445 2620 3452 ’
2643 3445 2742 3502 ὅσα
2782 3446 2835 3503 ἐν
2867 3445 3004 3523 αὐτῇ
3035 3445 3292 3510 τελεῖται.

2152 3531 2279 3607 Περῖ
2329 3529 2475 3607 ὥραν
2526 3532 2776 3610 δευτέραν
2852 3536 3082 3608 ἐξελθὼν
3127 3541 3154 3596 ὁ
3226 3541 3481 3616 βασιλεὺς
3541 3542 3593 3599 ἐν
3650 3547 3731 3617 τῷ

2078 3619 2460 3695 ἱπποδρομίῳ,
2506 3624 2723 3680 ἱππεύει
2773 3625 2944 3682 ἐκεῖσε
2993 3629 3084 3684 καὶ
3143 3629 3444 3707 ἀπέρχεται
3493 3632 3547 3689 ἐν
3596 3632 3740 3692 Βλα-

2081 3710 2302 3788 χέρναις
2351 3713 2420 3781 ίδ,
2468 3719 2559 3768 καί
2605 3712 2859 3770 εἷ’σελθὼν
2911 3715 2964 3772 ἐν
3010 3723 3088 3790 τῷ
3134 3723 3268 3791 ναῷ,
3317 3721 3622 3800 ἀπέρχεται
3656 3721 3748 3798 μέο

2079 3819 2176 3875 χρι
2209 3804 2319 3855 τῶν
2353 3800 2529 3877 ἁγίων
2589 3809 2790 3878 θυρῶν,
2838 3806 2931 3860 καὶ
2982 3808 3122 3882 ἅψας
3160 3808 3368 3884 κηροὺς
3394 3812 3486 3866 καὶ
3518 3811 3749 3886 εὐξάμε-

2082 3909 2196 3958 νος,
2231 3890 2538 3966 εἰσέρχεται
2579 3891 2657 3954 είς
2711 3894 2774 3948 τὸ
2833 3898 3237 3972 θυσιαστήριον,
3293 3900 3383 3954 καὶ
3435 3895 3623 3957 λαϐὼν
3653 3905 3747 3958 θυ-

2085 3977 2309 4052 μιατὸν,
2371 3981 2540 4054 θυμιᾷ
2609 3979 2895 4049 κυκλόθεν,
2945 3986 3035 4041 καὶ
3081 3985 3398 4059 ὑπαλλάξας
3439 3991 3542 4059 τήν
3591 3993 3748 4066 ἁγίαν

2079 4068 2369 4143 τράπεζαν,
2415 4072 2632 4142 τίθησιν
2680 4071 2732 4128 ἐν
2781 4075 2921 4148 αὐτῇ
2975 4072 3343 4150 ἀποκόμόιον,
3389 4081 3480 4135 καὶ
3511 4079 3738 4154 ἐξελθὼν

2081 4154 2172 4213 διὰ
2202 4162 2304 4224 τῆς
2335 4158 2597 4236 πλαγίας,
2648 4161 2955 4242 εἰσέρχεται
2986 4163 3066 4228 εἷς
3097 4167 3190 4223 τὸν
3221 4169 3348 4223 ναὸν
3399 4177 3501 4240 τῆς
3549 4171 3735 4244 Ἀγίας

2081 4253 2283 4323 Σοροῦ,
2339 4250 2428 4304 καὶ
2488 4249 2626 4326 ἃψας
2671 4255 2876 4329 κηροὺς
2922 4253 2999 4316 εἷς
3050 4256 3143 4311 τὸν
3194 4258 3360 4314 αὐτὸν
3400 4259 3520 4315 ναὸν
3566 4257 3618 4313 ἐν
3660 4261 3728 4333 τῇ

2079 4343 2366 4414 προσευχῇ
2415 4341 2527 4412 (53)
2577 4339 2765 4413 αὐτοῦ,
2817 4342 2892 4404 ὡς
2937 4341 3166 4402 εἷ’θισται
3215 4347 3382 4421 αὐτῷ,
3432 4341 3727 4423 ἔμπροσθεν

1670 4436 1916 4493 VARIE
1957 4436 2372 4495 LECTIONES.

384 4530 429 4566 ²¹
479 4527 1032 4604 συλλειτουργοῦντες
1080 4528 1171 4598 R.,
1223 4524 1685 4601 συλλειτουργοῦν
1733 4528 2134 4600 superscripto
2175 4546 2204 4582 τ
2255 4530 2408 4596 cod.,
2459 4526 3007 4610 συλλειτουργοῦνται
3056 4537 3150 4595 ed.

3245 4539 3294 4574 ³³
3337 4537 3620 4602 τελοῦντες
3672 4541 3740 4597 Β.

312 4637 383 4677 ex
411 4621 614 4677 eodem
657 4621 787 4677 cod.
839 4618 1214 4689 compendio,
1262 4613 1544 4670 τελοῦνται
1595 4617 1687 4673 ad.
1766 4616 1811 4651 ³³
1857 4614 1892 4683 ἢ
1940 4612 1996 4670 δὲ
2035 4617 2126 4673 ed.
2208 4617 2255 4655 ²⁴
2302 4618 2616 4688 καθέζονται
2670 4624 2797 4680 cod.
2875 4625 2921 4662 ’⁸
2969 4626 3188 4685 verba:
3221 4626 3274 4682 ιν
3305 4624 3650 4704 Βλαχέρναις
3678 4659 3745 4671 .-

311 4705 610 4785 ἆπέρχεται
640 4725 758 4766 om.
791 4709 908 4776 ed.,
936 4707 1098 4764 addit
1127 4711 1193 4761 R.
1231 4705 1288 4762 in
1321 4707 1501 4762 notis.

1385 4793 1577 4852 JOAN.
1615 4795 1761 4850 JAC.
1803 4791 2065 4853 REISKII
2104 4797 2670 4859 COMMENTARIUS

385 4887 498 4960 (50)
528 4888 939 4945 Proclamabat
970 4903 1167 4960 praaco
1193 4885 1316 4942 haec
1346 4885 1680 4960 ipsaiverba
1708 4886 1882 4960 etiam
1913 4888 1974 4944 in
2008 4891 2053 4956 D

2085 4887 2334 4971 genibus
2369 4905 2566 4971 preces
2589 4891 3106 4971 Deopersolvunt,
3139 4898 3241 4971 qui
3271 4902 3371 4956 aut
3396 4916 3517 4956 non
3547 4902 3745 4959 valent

315 4957 1106 5043 pontificumd’tomano'rum
1157 4959 1636 5043 inauguratione,
1670 4963 1738 5015 ut
1767 4957 1976 5030 legisse
2085 4957 2459 5043 6b_cor_pori_s_
2501 4957 3186 5043 imbecillitatemhumo
3229 4987 3293 5027 se
3323 4957 3742 5043 sternerepaut

313 5031 374 5084 in
409 5030 772 5102 cerimoniali
804 5030 902 5084 tali
936 5031 1192 5102 quodam
1222 5029 1516 5088 recerdor.

387 5100 500 5171 (51)
532 5102 697 5156 Ratio
728 5100 1197 5171 linguae—flagitat
1226 5102 1381 5155 Θεοῦ.

385 5171 498 5242 (52)
527 5173 655 5227 lam
708 5172 1018 5244 aliquoties
1056 5173 1394 5235 habuimus.
1447 5171 1629 5228 missa:
1683 5171 1852 5244 ﬁunt,
1912 5173 1970 5230 id

315 5248 404 5315 est
461 5244 812 5315 consistoria
860 5259 1187 5313 procerum,
1247 5245 1343 5315 qui
1408 5249 1815 5314 processerant
1870 5261 1969 5302 seu

311 5312 372 5369 in
406 5313 561 5388 aula
589 5312 998 5388 convenerant,
1049 5312 1467 5383 dimittuntur;
1511 5333 1628 5388 quo
1661 5318 1831 5386 facto,
1865 5318 1971 5373 ab-

313 5390 458 5510 eunlt
488 5385 694 5469 aliqui,
725 5387 824 5443 alii
857 5389 1289 5459 manent,jussi
1325 5385 1544 5458 nempe'
1565 5405 1698 5444 cum
1730 5385 1968 5445 domino

313 5471 420 5510 enu
451 5473 554 5510 art.

309 5471 554 5514 BDlllal‘l.

344 5473 630 5604 Ρξὲἒῖιίῧει
676 5529 829 5604 idem
871 5533 1047 5604 atque
1094 5525 1517 5604 προσευχάδιον,
1571 5547 1779 5602 nempe
1837 5547 1966 5589 sed-

310 5597 553 5668 bellum,
587 5601 758 5673 quale
790 5597 1103 5673 praefixum
1140 5597 1243 5659 'est
1299 5597 1568 5658 altarium
1624 5597 1962 5660 nostrorum

308 5669 908 5746 ambabus-ﬂavam,
941 5681 997 5731 et
1047 5673 1156 5741 illi,
1201 5673 1300 5730 ubi
1350 5689 1563 5744 corpus
1621 5674 1864 5744 Christi,
1906 5678 1964 5732 et

306 5742 415 5813 illi,
447 5744 546 5802 ubi
576 5742 816 5818 sanguis
839 5742 966 5818 ejus
989 5746 1403 5820 dispensatur;
1437 5742 1616 5816 super
1645 5763 1763 5818 quo
1794 5742 1962 5804 ﬂexis

2086 5033 2182 5102 qui
2211 5032 2374 5114 salva
2403 5033 2688 5160 dignitate
2714 5054 2829 5094 non
2870 5041 3108 5098 audent.
3150 5042 3428 5114 Typicum
3466 5032 3741 5100 ms.'Mo-

2086 5107 2327 5158 nasteru
2351 5103 2464 5160 Kec
2512 5117 2860 5160 arttomenes
2891 5111 3068 5160 (annd
3113 5113 3197 5160 nn
3240 5115 3433 5160 Ωιιησιι
3469 5131 3526 5160 ν-
3562 5119 3737 5160 ηοω.

2083 5103 2327 5187 ηαεςετὶἱ
2351 5103 2860 5187 Kecharitomenes
2891 5111 3070 5187 (apud
3112 5103 3218 5187 Du'
3239 5103 3433 5187 Cange
3469 5131 3526 5171 ν.
3560 5119 3737 5187 "poc-

2083 5170 2414 5255 ευχάδιονὶε
2454 5176 2589 5255 μετὰ
2639 5179 2738 5255 τῂν
2800 5170 2971 5255 εὐχὴν
3013 5186 3254 5255 γνεσθαι
3312 5170 3408 5247 1&0;
3487 5170 3740 5255 συνήθεις

2121 5242 2579 5335 ονὐκλισίαςπὰς
2641 5242 2736 5322 μέν
2799 5242 3168 5329 δυνατωτέρας
3225 5242 3746 5384 ἑεοὶιίωοοὶάιθεέ

2121 5335 2186 5370 πο
2246 5322 2352 5384 γῆς
2409 5317 2531 5373 ἄνευ
2591 5321 3005 5384 προσευγαδίου
3054 5327 3150 5382 τὰς
3263 5328 3607 5384 σθινεστέοας
3686 5326 3714 5382 δ

2115 5317 2186 5402 πρ
2246 5322 2356 5402 γῆς
2409 5317 2531 5373 ἄνευ
2591 5317 3005 5402 προσευχαᾷίου
3054 5317 3163 5382 τὰς
3225 5317 3607 5402 ἆσθενεστέρᾳς

2077 5389 2169 5442 καὶ
2233 5389 2368 5475 μετα
2405 5411 2574 5475 ’τινος
2631 5389 3110 5475 ὖποστῆρίγματος
3171 5404 3433 5475 ταπεινοῦ
3487 5389 3578 5455 καί

2082 5461 2743 5547 ματοςηξξιιιὶιιςυοᾳιιο
2775 5461 3035 5547 scabella
3067 5474 3449 5547 suppedanea
3477 5461 3751 5532 serviunt

2079 5533 2446 5618 nostratibus
2476 5533 2541 5592 in
2565 5533 3061 5618 confessionibus,
3087 5533 3161 5600 ut
3180 5533 3300 5602 illis
3328 5561 3519 5618 genua
3553 5547 3746 5618 impo-

2077 5609 2222 5688 nant
2264 5621 2457 5688 coram
2508 5611 2970 5688 confessionario
3027 5629 3133 5688 suo
3182 5609 3584 5688 paenitentiam
3645 5609 3742 5674 ’ἰα-

2075 5681 2335 5762 cientes;
2365 5681 2510 5762 item
2559 5681 2618 5762 in
2663 5683 2873 5762 diebus
2899 5681 3426 5762 .poeuitep'tialibus
3458 5689 3738 5762 publicis,

2076 5749 2316 5819 quando
2346 5750 2646 5811 dominica
2677 5756 2864 5813 oratio
2897 5749 2956 5812 in
2986 5759 3254 5827 genuhus
3283 5777 3320 5817 a
3349 5749 3478 5818 toto.
3513 5749 3734 5838 populo
