4158 6396
416 403 538 464 425
1296 401 1396 461 DE
1438 395 1905 462 CERIMONIIS
1952 395 2188 457 AULIE
2230 397 2700 459 BYZANTIN/E
2744 398 2890 460 LIB.
2941 403 2988 460 Ι.
3728 405 3848 468 426

429 525 802 609 χρυσόταϐλα.
837 529 949 586 Καὶ
980 525 1388 594 καταλαϐόντος
1417 535 1514 588 τοῦ
1570 535 1783 607 κοιροῢ,
1815 523 2082 604 περιϐαλ-

2212 530 2394 585 ιιίιιιῐυ
2407 547 2462 586 in
2496 531 2723 602 patricii
2753 536 2812 587 et
2841 531 3080 604 strategi
3100 533 3418 606 excipiunt,
3451 539 3510 592 et
3538 541 3848 612 postquam

436 622 660 696 λόμενος
691 620 718 674 ὁ
763 618 1030 693 βασιλεὺς
1089 616 1414 692 διϐητήσιον
1474 622 1536 677 τὸ
1588 621 1824 695 παγανὸν
1998 618 2086 672 καὶ

2212 621 2260 675 in
2305 623 2522 676 terram
2573 621 2954 694 procubuere,
2987 626 3330 696 praepositus
3378 628 3785 686 cerimoniario
3816 648 3852 687 a

440 708 667 790 χλανίδα
717 710 815 765 τὸν
863 710 1146 786 όψίμαρον
1185 713 1324 784 (66),
1373 711 1462 766 καὶ
1515 709 1942 788 δηριγευόμενος
1985 706 2089 762 ὑπό

2212 711 2474 766 mandato
2505 710 2742 783 signum
2771 713 2890 778 dat,
2916 711 2965 767 is
2993 713 3136 769 dicit
3162 729 3176 770 :
3211 736 3240 766 ‹‹
3270 715 3492 784 Jubete,
3523 737 3552 768 »
3585 718 3700 790 ipsi
3734 719 3852 776 im-

429 822 485 856 τε
529 805 635 855 τῶν
683 801 1073 875 πραιποσίτων
1116 801 1207 857 καὶ
1240 800 1453 857 λοιπῶν
1484 801 1772 876 ἀρχόντων
1818 802 1916 854 τοῦ
1961 817 2089 853 κου-

2212 800 2457 872 peratori
2505 806 2936 873 apprecantur:
2989 825 3018 855 «
3051 801 3116 859 In
3167 803 3348 861 multa
3396 806 3663 880 bonaque
3707 818 3859 865 tem-

425 886 746 960 ϐουκλείου,
781 887 1065 966 διέρχεται
1098 887 1189 946 διά
1216 912 1275 948 τε
1328 895 1427 946 τοῦ
1471 889 1816 966 αὐγουστέως
1863 888 1955 944 καὶ
2001 889 2092 943 τὸν
2203 906 2365 962 pora,
2399 894 2512 945 etc.
2551 911 2578 939 »

419 985 637 1049 στενοῦ,
698 979 867 1058 ἤγουν
926 987 1027 1050 τῆς
1089 987 1301 1056 χρυσῆς
1365 982 1574 1056 χειρὸς,
1632 980 1721 1036 καὶ
1799 977 2096 1057 ἀπέρχεται
2153 977 2230 1042 εἰς
2305 978 2396 1033 τὸν
2466 975 2727 1047 ὀνόποδα,
2777 981 2868 1035 καὶ
2918 979 3140 1045 στάντος
3206 982 3376 1038 αὐτοῦ
3433 982 3486 1039 ἰν
3544 987 3612 1059 τῇ
3672 987 3860 1061 χαλκῇ

415 1071 578 1146 πύλῃ
635 1075 736 1127 τοῦ
793 1070 1082 1142 ὀνόποδος,
1133 1069 1386 1147 δέχονται
1448 1071 1606 1126 αὐτὸν
1666 1069 1839 1126 ἐκεῖσε
1886 1067 2161 1143 πατρίκιοι
2219 1066 2309 1121 καὶ
2367 1067 2687 1144 στρατηγοὶ,
2746 1070 2835 1126 καὶ
2892 1073 3164 1127 πεσόντων
3212 1073 3353 1128 νεύει
3393 1075 3440 1130 .ὁ
3500 1075 3858 1150 πραιπόσιτος

416 1167 502 1236 τῷ
555 1169 662 1232 τῆς
735 1164 1112 1225 καταστάσεως
1158 1163 1266 1218 ἀπὸ
1338 1161 1658 1232 κελεύσεως,
1710 1160 1800 1216 καὶ
1864 1157 2032 1235 λέγει,
2092 1181 2120 1210 ι(
2193 1157 2524 1214 Κελεύσατεο
2588 1182 2618 1210 ››
2675 1159 2765 1214 καὶ
2813 1159 2966 1217 αὐτοὶ
3029 1162 3422 1240 ὑπερεύχονται
3479 1166 3570 1222 τὸν
3623 1166 3856 1241 βασιλέα

428 1281 451 1306 ι
486 1254 588 1316 Εἰς
621 1252 877 1317 πολλοὺς
909 1255 998 1309 καὶ
1030 1253 1262 1331 ἀγαθοὺς
1293 1255 1546 1330 χρόνους,
1582 1279 1606 1309 ι

505 1349 583 1402 B‘.
617 1345 716 1401 Καὶ
785 1342 1204 1422 ’δηριγευόμενος
1261 1346 1354 1400 ὑπ’
1413 1345 1589 1401 αὐτῶν
1649 1344 1891 1411 πάντων,
1940 1339 2093 1416 ἐξέρ-

439 1456 602 1514 χεται
643 1433 695 1490 ἐν
751 1438 831 1506 τῷ
886 1434 1288 1509 κονσιστωρίῳ,
1347 1436 1438 1490 καὶ
1497 1433 1723 1496 στάντος
1772 1431 1824 1488 έν
1875 1435 1952 1504 τῷ
1998 1450 2095 1485 κα-

2277 1342 2350 1398 Il.
2397 1344 2613 1402 Deinde
2651 1344 2724 1402 ab
2767 1344 2861 1402 his
2910 1347 3184 1405 omnibus
3229 1349 3501 1421 stipatus,
3545 1352 3615 1407 ad
3663 1353 3859 1410 consi-

2207 1433 2454 1488 storium
2470 1434 2766 1500 abit,lo7
2785 1444 2841 1492 et
2861 1436 3000 1493 dum
3014 1438 3125 1494 sub
3152 1438 3510 1496 camelaucio
3528 1439 3588 1496 in
3616 1442 3860 1516 porphy-

441 1524 722 1598 μελαυκίῳ
753 1523 844 1580 ἐπὶ
883 1528 984 1580 τοῦ
1032 1529 1315 1604 πορφυροῦ
1370 1523 1551 1591 λίθου,
1595 1524 1887 1579 πίπτουσιν
1940 1517 2096 1585 αὖθις

434 1615 488 1670 οἱ
545 1615 832 1690 πατρίκιοι
880 1615 969 1670 καὶ
1015 1617 1050 1685 ἡ
1100 1613 1430 1689 σύγκλητος,
1462 1615 1552 1670 καὶ
1611 1610 1798 1671 λαϐὼν
1849 1616 2020 1687 νεῦμα
2069 1610 2097 1665 ὁ

431 1706 800 1783 πραιπόσιτος
833 1704 979 1779 παρὰ
1028 1709 1127 1760 τοῦ
1180 1703 1471 1781 βασιλέως,
1515 1703 1652 1760 νεύει
1701 1707 1780 1776 τῷ
1830 1702 2100 1759 σιλεντιαο

441 1795 570 1872 ρίῳ,
597 1798 848 1856 κάκεῖνος
909 1793 1055 1870 λέγει
1082 1813 1095 1825 ·
1132 1817 1162 1847 ι(
1193 1792 1498 1852 Κελεύσατε
1523 1813 1535 1827 ·
1571 1817 1600 1846 ››
1631 1791 1786 1850 αὐτοὶ
1842 1789 1901 1847 δὲ
1935 1793 2096 1866 ὑπερ-

443 1884 702 1960 εύχονται
758 1885 852 1939 τὸν
907 1883 1173 1959 βασιλέα·
1209 1908 1236 1936 ι(
1269 1883 1365 1946 Εἷς
1425 1881 1672 1946 πολλοὺς
1719 1880 1808 1937 καὶ
1865 1880 2101 1956 ἀγαθοὺς

434 1975 705 2050 χρόνους.
742 1999 770 2026 ››
806 1975 1059 2039 Κάκεῖθεν
1092 1971 1524 2051 δηριγευόμενος
1585 1973 1686 2029 ὑπὸ
1741 1973 1954 2028 πάντων
2002 1970 2100 2026 αύ-

426 2071 562 2133 τῶν,
595 2064 884 2141 διέρχεται
945 2061 1032 2119 διά
1087 2085 1146 2120 τε
1198 2068 1307 2119 τῶν
1370 2067 1413 2100 ³⁸
1461 2059 1787 2135 έξκουϐίτων
1841 2061 1930 2117 καὶ
1991 2064 2098 2116 τῶν

439 2155 698 2236 σχολῶν,
746 2155 841 2211 καὶ
895 2154 1173 2231 ἐξέρχεται
1223 2152 1314 2210 διὰ
1359 2161 1461 2223 τῆς
1513 2159 1712 2228 μικρᾶς
1761 2150 1946 2223 πύλης
2000 2152 2099 2220 τῆς

442 2246 665 2322 χαλκῆς
696 2248 742 2283 ⁵³
770 2249 868 2301 τοῦ
905 2249 1098 2320 χυτοῦ,
1130 2243 1218 2299 καὶ
1258 2243 1554 2320 ἀπέρχεται
1609 2241 1773 2319 μέχρι
1804 2245 1902 2298 τοῦ
1946 2240 2101 2317 ἁγίου

442 2338 694 2414 φρέατος.
728 2336 814 2394 Τά
869 2331 928 2390 δὲ
978 2334 1118 2410 μέρη
1169 2331 1426 2410 δέχονται
1463 2334 1555 2388 τὸν
1599 2331 1829 2401 βασιλέα
1881 2329 1932 2386 ἓν
1980 2334 2100 2392 ταῖς

439 2427 690 2481 στάσεσιν
746 2425 944 2493 αὐτῶν,
996 2423 1355 2505 σφραγίζοντα
1403 2425 1494 2479 τὸν
1564 2422 1792 2499 βασιλέα
1853 2421 1944 2478 καὶ
1997 2419 2103 2496 μό-

437 2537 555 2586 νον,
590 2515 813 2592 λέγουσι
847 2512 907 2570 δὲ
933 2515 1026 2570 καὶ
1075 2515 1128 2570 οἱ
1175 2522 1423 2590 νοτάριοι
1457 2515 1545 2570 καὶ
1590 2513 1641 2567 o't
1687 2511 1996 2586 μαίστορες,
2028 2514 2104 2573 ὼς

432 2605 677 2671 εἴθισται
709 2607 918 2671 αὐτοῖς,
947 2602 1076 2667 τοὺς
1126 2600 1382 2678 ἰάμϐους.
1414 2604 1470 2658 '0
1521 2602 1577 2658 δὲ
1625 2602 1878 2678 βασιλεὺς
1926 2599 2104 2657 εἰσελ-

444 2696 558 2758 θὼν
615 2694 667 2749 έν
727 2699 804 2767 τῷ
861 2693 1007 2770 ἁγίῳ
1056 2693 1243 2771 φρέατι
1292 2700 1382 2748 καῖ
1431 2693 1568 2768 ἅψας
1623 2691 1848 2766 κηροὺς,
1885 2687 2102 2766 δέχεται

455 2785 610 2857 παρά
653 2788 747 2837 τοῦ
777 2803 1117 2859 πατριάρχου
1159 2779 1209 2837 έν
1252 2783 1331 2854 τῷ
1383 2782 1526 2858 ἁγίῳ
1569 2781 1780 2860 φρέατι,
1811 2779 1901 2835 καὶ
1933 2800 2106 2852 προσ-

456 2874 790 2942 κυνήσαντες
855 2873 1152 2952 ἀμφότεροι
1211 2870 1500 2942 ἀλλήλους
1559 2871 1650 2926 καὶ
1708 2872 2102 2943 ἀσπασάμενοι,

454 2959 805 3036 εἰσέρχονται
839 2961 908 3026 εἷς
930 2965 1014 3018 τὸν
1065 2962 1217 3030 ναὸν,
1251 2961 1340 3016 καὶ
1396 2959 1723 3023 ἀπελθόντες
1775 2958 1940 3035 μέχρι
1995 2962 2100 3014 τῶν

444 3052 625 3127 ἁγίων
690 3053 880 3126 θυρῶν,
926 3053 954 3108 ὁ
999 3053 1095 3126 μὲν
1154 3049 1501 3128 πατριάρχης
1551 3050 1858 3128 εἰσέρχεται
1908 3049 1983 3110 εἷς
2038 3048 2101 3104 τὸ

441 3143 860 3215 θυσιαστήριον,
919 3143 947 3198 ὁ
1006 3141 1065 3197 δὲ
1117 3139 1398 3216 βασιλεὺς,
1458 3140 1584 3204 στάς
1631 3139 1932 3216 ἔμπροσθεν
1991 3144 2100 3195 τῶν

2131 1844 2178 1910 Β

2208 1522 2389 1578 retice
2421 1523 2612 1595 lapide
2641 1530 2779 1592 stat,
2814 1543 3023 1584 rursus
3053 1528 3280 1600 patricii
3314 1534 3373 1586 et
3400 1535 3698 1587 senatores
3731 1546 3864 1602 pro-

2208 1610 2496 1682 cidunt,et
2526 1619 2838 1687 postquam
2863 1618 3210 1689 praepositus
3237 1619 3476 1691 signum
3507 1619 3580 1676 ab
3613 1621 3861 1693 impera-

2215 1707 2334 1758 tore
2364 1704 2935 1773 accepit,silentiario
2967 1708 3304 1777 annuit,qui
3334 1708 3507 1765 dicit:
3536 1709 3858 1778 «Jubete,»

2208 1792 2400 1847 caeteri
2449 1793 2702 1850 faustum
2736 1810 2804 1851 ac
2841 1796 3188 1853 diuturnum
3238 1796 3553 1868 imperium
3609 1799 3860 1872 principi

2209 1887 2615 1952 apprecantur.
2651 1883 2813 1952 inde,
2847 1885 2940 1941 his
2972 1887 3249 1942 omnibus
3280 1888 3723 1955 comitantibus,
3755 1903 3862 1960 per

2209 1973 2485 2028 excubias
2515 1973 2866 2047 scholasque
2897 1975 3350 2050 transit,perque
3373 1994 3609 2049 parvam
3639 1993 3860 2032 ansam

2211 2067 2439 2133 portam
2471 2063 2629 2135 cbyti
2658 2063 2734 2120 ad
2776 2073 3046 2122 sanctum
3081 2077 3324 2139 puteum
3348 2066 3524 2122 venit.
3551 2066 3858 2124 Faetiones

2210 2150 2622 2222 imperatorem
2654 2154 2713 2209 in
2746 2153 2872 2210 suis
2903 2155 3255 2212 stationibus
3287 2156 3606 2229 accipiunt,
3641 2163 3699 2214 et
3727 2166 3861 2214 tan-

2209 2243 2335 2296 tum
2367 2258 2538 2298 cruce
2568 2243 3046 2313 signant,noterii
3078 2261 3210 2301 vero
3240 2251 3298 2301 et
3328 2245 3685 2318 magistri,ut
3713 2247 3860 2317 ipsis

2213 2348 2338 2388 mos
2366 2336 2475 2400 est,
2499 2332 2726 2390 iambos
2749 2334 3346 2406 recitant.Imperator
3365 2353 3595 2392 sacrum
3619 2340 3861 2408 puteum

2211 2421 2739 2494 ingressus,cereos
2772 2426 3124 2491 accendit,et
3153 2443 3187 2481 a
3209 2426 3535 2499 patriarcha
3563 2426 3623 2482 in
3656 2430 3861 2483 sancto

2213 2521 2388 2587 puteo
2419 2515 2720 2586 excipitur,
2753 2517 2875 2586 ubi,
2926 2522 3234 2590 postquam
3272 2533 3335 2572 se
3371 2516 3621 2573 invicem
3653 2518 3861 2573 adora-

2214 2609 2352 2660 runt
2381 2621 2448 2660 ac
2477 2605 2834 2671 salutarent,
2870 2605 3157 2676 templum
3191 2607 3499 2677 intrant,et
3528 2607 3596 2662 ad
3629 2611 3863 2663 sanctas

2205 2694 2424 2764 januas
2454 2693 2766 2766 progressi,
2801 2693 3135 2766 patriarcha
3164 2695 3484 2750 sacrarium
3520 2696 3717 2751 intrat.
3742 2694 3862 2751 Im-

2214 2788 2446 2855 perator
2476 2782 2549 2838 ad
2581 2799 2778 2838 sacras
2799 2783 3014 2853 januas
3045 2783 3630 2850 constitutus,cereos
3661 2798 3862 2840 accen-

2213 2872 2321 2940 dit,
2351 2876 2408 2927 et
2435 2878 2708 2943 precatus
2737 2872 3063 2928 sacrarium
3111 2872 3311 2943 intrat,
3345 2877 3685 2945 mutatoque
3711 2872 3861 2929 sacri

2212 2963 2414 3020 altaris
2446 2966 2716 3032 instrato,
2747 2982 2780 3020 a
2802 2965 3112 3037 praeposito
3133 2970 3367 3022 centum
3399 2965 3580 3022 libras
3611 2966 3738 3021 auri
3766 2982 3860 3022 su-

2214 3056 2341 3117 mit,
2377 3054 2478 3127 qui
2509 3072 2608 3112 eas
2638 3056 2697 3110 in
2724 3056 2907 3127 gradu
2941 3055 3190 3125 ponit,in
3224 3071 3341 3128 quo
3372 3055 3691 3127 imperator
3719 3059 3860 3124 stat,

2214 3160 2482 3215 novoque
2503 3145 2746 3200 instrato
2771 3143 3229 3216 imposito,aliud
3264 3145 3859 3216 apocombium,quod

450 3230 628 3304 ἁγίων
675 3233 866 3306 θυρῶν,
911 3231 1004 3287 καὶ
1048 3231 1188 3305 ἅψας
1223 3228 1435 3305 κηροὺσ
1479 3229 1570 3285 καὶ
1614 3229 1928 3302 εὐξάμενος,
1990 3227 2098 3282 εἷσ-

2212 3240 2268 3291 et
2296 3235 2494 3307 ipsum
2527 3234 2850 3290 admodum
2883 3233 3202 3306 pretiosum
3234 3239 3385 3298 est,a
3415 3236 3724 3306 praeposito
3757 3251 3861 3290 su-

451 3322 671 3397 ἐρχεται
718 3321 796 3384 εἷς
842 3322 906 3378 τὸ
956 3323 1362 3395 θυσιαστήριον,
1397 3319 1486 3374 καὶ
1549 3320 1680 3393 μετὰ
1726 3320 1790 3374 τὸ
1851 3315 2099 3374 ὑπαλλά-

442 3414 531 3481 ξαι
586 3413 688 3482 τὴν
747 3412 902 3488 ἁγίαν
962 3411 1227 3487 τράπεζαν
1285 3410 1380 3474 τὰς
1414 3410 1580 3479 αὐτῆς
1609 3406 1846 3480 ένδυτάς,
1880 3403 2097 3481 λαμϐά-

434 3523 516 3557 νει
578 3503 726 3576 παρὰ
781 3505 880 3557 τοῦ
936 3499 1304 3577 πραιποσίτου
1361 3499 1591 3576 χρυσίου
1659 3497 1847 3572 λίτρας
1909 3499 1974 3571 ρ’,
2005 3497 2096 3554 καὶ

431 3592 659 3663 τίθησιν
698 3591 862 3655 αύτὰς
909 3591 986 3656 εἲς
1026 3593 1128 3662 τήν
1176 3591 1335 3667 ἁγίαν
1390 3589 1659 3666 τράπεζαν
1695 3587 1747 3644 έν
1773 3593 1853 3661 τῷ
1904 3588 2099 3663 βασμι·

438 3680 568 3756 δίῳ,
603 3679 658 3736 ἐν
712 3683 759 3754 ᾧ
810 3682 838 3737 ὁ
873 3679 1132 3756 βασιλεὺς
1181 3681 1419 3751 ἵσταται,
1450 3680 1542 3735 καὶ
1598 3677 1756 3749 ἡνίκα
1816 3675 2100 3753 ὑπαλλάξῃ

435 3775 537 3842 τήν
609 3771 769 3846 ἁγίαν
845 3772 1141 3847 τράπεζαν,
1201 3765 1389 3826 λαϐὼν
1470 3763 1820 3843 ἀποκόμϐιον
1892 3765 2097 3842 ἕτερον,

431 3861 575 3941 ἔχον
631 3863 726 3917 καὶ
787 3860 915 3917 αότὸ
973 3864 1240 3938 χρήματα
1269 3857 1579 3934 πάμπολλα
1608 3860 1752 3926 παρὰ
1779 3863 1878 3914 τοῦ
1935 3879 2100 3934 πραι-

437 3953 700 4020 ποσίτου,
730 3951 946 4024 τίθησιν
1002 3951 1133 4008 αὐτὸ
1182 3951 1258 4014 εἷς
1309 3953 1409 4021 τήν
1468 3951 1626 4025 ἁγίαν
1663 3951 1954 4025 τράπεζαν,
1987 3949 2104 4005 εἶτα

445 4039 633 4102 λαϐὼν
682 4045 826 4119 παρά
897 4048 999 4100 τοῦ
1071 4045 1416 4120 πατριάρχου
1489 4043 1771 4116 θυμιατὸν,
1813 4044 1980 4115 θυμιᾷ
2043 4040 2104 4097 ἐκ

437 4135 636 4210 τρίτου
719 4135 786 4190 τὸ
851 4135 1232 4209 θυσιαστήριον
1318 4131 1607 4201 κυκλόθεν,
1657 4133 1744 4188 καὶ
1827 4131 2102 4208 ἐξέρχεται

439 4225 537 4284 διὰ
586 4231 689 4284 τοῦ
746 4227 1029 4301 ἀριστεροῦ
1075 4226 1275 4301 μέρους
1301 4226 1402 4295 τὴς
1433 4223 1694 4300 πλαγίας,
1725 4227 1814 4279 καί
1857 4223 2100 4299 ἀπέρχε-

434 4339 531 4373 ται
565 4315 644 4378 εἰς
676 4314 740 4370 τὸ
791 4311 1243 4394 σκευοφυλάκιον.
1282 4311 1552 4371 Εἰσελθὼν
1583 4309 1640 4366 δὲ
1669 4311 1760 4366 καὶ
1814 4311 1953 4385 ἅψας
1991 4331 2097 4382 κη-

2213 3324 2316 3380 mit
2343 3324 2522 3394 inque
2551 3340 2714 3379 sacra
2748 3339 2951 3378 mensa
2974 3321 3161 3388 oii'ert,
3195 3323 3406 3379 deinde
3438 3322 3798 3380 sufﬁmentis
3827 3341 3861 3380 a

2210 3413 2543 3486 patriarcha
2573 3411 3176 3483 acceptis,saerarium
3201 3413 3260 3467 in
3293 3413 3514 3469 circulo
3545 3417 3629 3469 ter
3658 3412 3862 3469 incen-

2210 3509 2544 3576 sat,perque
2575 3503 2879 3558 sinistram
2911 3501 3276 3574 obliquitatis
3311 3507 3534 3575 partem
3564 3504 3633 3559 ad
3669 3506 3864 3560 locum

2212 3590 2316 3647 ubi
2345 3609 2483 3647 vasa
2513 3590 3060 3662 asservantur,abit.
3088 3592 3402 3660 Ingressus
3431 3608 3567 3649 vero
3599 3607 3730 3647 cum
3761 3607 3864 3647 ce-

2212 3683 2325 3737 reis
2357 3681 3232 3752 ardentibus,precatur,deinde
3259 3698 3398 3737 vasa
3427 3681 3626 3737 omnia
3656 3682 3859 3738 incen-

2211 3777 2303 3828 sat
2332 3778 2390 3827 et
2423 3771 2722 3844 paululum
2773 3788 2906 3826 cum
2940 3770 3266 3840 patriarcha
3296 3771 3578 3827 considet.
3611 3771 3858 3827 Posthac

2211 3861 2556 3919 cubicularii
2578 3867 2637 3917 et
2660 3860 2868 3933 reliqui
2902 3861 3280 3933 praefecti,qui
3316 3877 3417 3932 pro
3452 3876 3608 3915 more
3638 3861 3854 3916 intrare

2211 3953 2418 4022 solent,
2451 3951 2722 4022 ingressi,
2755 3968 2788 4006 a
2832 3949 3191 4006 thesaurario
3239 3951 3486 4005 nardum
3533 3949 3852 4021 accipiunt,

2210 4044 2528 4116 imperator
2555 4057 2692 4097 vero
2723 4041 2929 4112 surgit,
2963 4046 3021 4094 et
3050 4058 3083 4095 a
3113 4040 3558 4112 sceuopbylacio
3589 4057 3862 4103 egressus

2211 4151 2316 4206 per
2361 4147 2696 4205 gynaeceum
2748 4128 3064 4196 narthecia,
3108 4129 3207 4184 ubi
3262 4132 3494 4186 solitam
3542 4129 3860 4186 stationem

2211 4240 2378 4279 suam
2428 4221 2768 4276 diaconissas
2809 4219 3025 4288 Magnae
3057 4219 3332 4275 Ecclesia
3386 4219 3623 4288 habent,
3657 4219 3869 4276 transit

2212 4327 2429 4383 perque
2442 4309 2741 4366 sinistram
2765 4308 3014 4365 bematis
3049 4313 3542 4382 portam,accepto
3562 4326 3595 4364 a
3625 4308 3870 4378 patriar-

448 4408 582 4482 ρους
631 4403 871 4482 εὔχεται,
903 4405 996 4462 καὶ
1044 4403 1332 4479 εὐξάμενος
1389 4405 1559 4478 θυμιᾷ
1603 4402 1672 4458 τά
1713 4401 1876 4473 σκεύη
1936 4403 2099 4458 ἅπαν-

2212 4403 2321 4460 cba
2352 4399 2780 4466 benedictione,
2811 4397 3128 4468 egreditur.

448 4519 542 4567 τα,
578 4500 666 4555 καὶ
722 4499 1000 4568 καθέζεται
1063 4496 1256 4572 μικρὸν
1335 4495 1469 4570 μετὰ
1531 4498 1630 4550 τοῦ
1699 4492 2067 4570 πατριάρχου.
2125 4493 2245 4551 Εἶθ’
2305 4491 2480 4552 οὕτως
2540 4485 2883 4566 εἰσέρχονται
2943 4487 2994 4541 οἱ
3042 4490 3148 4542 τοῦ
3217 4483 3610 4544 κουϐουκλείου
3667 4485 3760 4543 καὶ
3817 4487 3874 4542 οἱ

456 4589 646 4646 λοιποὶ
700 4592 962 4667 ἄρχοντες
1015 4590 1251 4646 οἱκατὰ
1317 4589 1603 4659 συνήθειαν
1692 4587 1974 4655 εἰσιόντες,
2042 4580 2391 4660 λαμϐάνουσι
2450 4582 2595 4656 παρά
2671 4583 2768 4635 τοῦ
2853 4577 3264 4656 σκευοφύλακος
3321 4576 3542 4654 νάρδον,
3591 4575 3684 4634 καὶ
3769 4577 3872 4642 εἷθ’

451 4680 628 4746 οὕτως
686 4683 963 4738 ἀνίσταται
1012 4682 1041 4736 ὁ
1093 4677 1372 4757 βασιλεὺς,
1430 4679 1520 4735 καὶ
1579 4675 1810 4750 ἐξελθὼν
1869 4677 1977 4734 ἄπὸ
2031 4681 2128 4733 τοῦ
2187 4672 2642 4753 σκευοφυλακίου,
2693 4669 2967 4747 διέρχειαι
3034 4669 3124 4726 διὰ
3193 4675 3293 4727 τοῦ
3359 4668 3672 4747 γυναικίτου
3741 4669 3874 4746 νάρ-

438 4787 620 4846 θηκος
686 4777 826 4850 (67),
863 4773 917 4830 έν
967 4772 1014 4847 ᾧ
1077 4774 1168 4830 καὶ
1210 4774 1310 4844 τήν
1373 4773 1579 4844 συνήθη
1639 4771 1820 4827 στάσιν
1861 4771 2151 4841 κέκτηνται
2207 4768 2263 4824 αἱ
2314 4774 2416 4837 τῆς
2473 4765 2643 4836 αὐτῆς
2700 4764 2958 4840 Μεγάλης
2991 4763 3321 4835 Ἐκκλησίας
3390 4760 3748 4835 διακόνισσαι,
3779 4765 3872 4818 καὶ

1812 4921 2053 4978 νΑΒΙιλΕ
2093 4915 2508 4975 LECTIONES.

519 5044 572 5082 ⁸⁸
598 5039 694 5102 διὰ
721 5047 830 5102 τῶν
863 5046 957 5103 ed.
1032 5045 1078 5082 ²⁹
1100 5042 1286 5116 πύλης
1316 5044 1407 5100 καὶ
1441 5042 1611 5119 χαλκ.
1652 5043 1745 5101 ed.

1519 5180 1720 5239 JOAN.
1753 5179 1899 5238 JAC.
1930 5174 2193 5236 REISKII
2223 5168 2818 5231 COMMENTARIUS.

527 5312 646 5380 (65)
719 5309 1084 5378 Dibitisium,
1161 5324 1352 5382 genus
1427 5304 1926 5382 superbumeralis
1982 5319 2104 5382 non

441 5376 890 5454 vatde'prolixi,
921 5376 1241 5454 paganum,
1275 5381 1382 5437 hoc
1413 5376 1676 5454 est—auro
1709 5384 1765 5432 et
1793 5376 2106 5454 splendore

447 5447 1056 5535 gmni‘earens,vquale
1086 5447 1399 5535 geritur-“in
1421 5451 1603 5535 luctu,
1634 5449 1714 5522 (et
1745 5447 2106 5535 sane’l‘uctu‘s

445 5521 920 5582 Christianorum
964 5521 1254 5581 maximus
1284 5523 1382 5579 ille
1429 5527 1539 5592 est,
1571 5521 1748 5593 quem
1793 5522 1866 5576 ob
1897 5521 2109 5574 Christi

445 5598 1099 5668 morteminstitnunt),
1123 5604 1175 5652 et
1206 5596 1444 5668 quando
1472 5594 1790 5664 imperator
1813 5606 2108 5668 paganus,

442 5669 560 5726 hoc
591 5677 682 5727 est
711 5665 887 5737 λιτάς,
919 5669 993 5726 ab
1023 5661 1185 5724 omni
1215 5661 1429 5740 pompa
1455 5661 2111 5736 remotus,vel’ut'latere

445 5741 1014 5818 cupiens‘procedit.
1721 5809 1736 5818 _
1813 5811 1823 5818 _
2058 5804 2072 5818 .

546 5808 646 5885 66)
685 5808 834 5880 Quid
867 5813 992 5869 haec
1024 5827 1130 5867 vox
1159 5808 1274 5866 sibi
1296 5809 1456 5878 velit,
1489 5826 1559 5867 ne
1605 5809 1944 5879 conjectura
1974 5808 2111 5879 qui-

738 5942 1007 6002 ΡΑτιιοῐ..
1056 5941 1174 5996 Gn.
1222 5936 1404 5995 CXII.

2213 5299 2345 5354 dem
2379 5311 2680 5367 assequar.
2722 5293 3004 5367 Quamvis
3048 5292 3208 5349 enim
3241 5297 3574 5367 succurrat,
3608 5293 3756 5349 forte
3785 5292 3876 5367 sic

2215 5371 2434 5425 dictam
2465 5363 2592 5422 esse
2623 5366 2782 5421 illam
2816 5365 3208 5438 chlamydem,
3251 5366 3410 5437 quod
3456 5382 3753 5438 vesperae,
3775 5363 3876 5437 ὀψε

2214 5446 2312 5509 τῆς
2357 5439 2590 5512 ἡμέρας,
2625 5443 2985 5512 gestaretur,
3036 5438 3232 5493 obstat
3262 5445 3479 5508 tamen,
3535 5437 3689 5509 quod
3745 5437 3873 5492 haec

2218 5510 2544 5570 mane‘fieri
2580 5510 2876 5566 dicantur.

2290 5584 2400 5655 (67)
2456 5579 2653 5637 Nihilo
2713 5580 2842 5655 plus
2895 5584 3173 5655 praestant
3229 5579 3306 5636 M.
3359 5595 3373 5647 ;
3423 5581 3614 5655 nihilo
3674 5583 3874 5655 tamen

2221 5649 2420 5714 minus
2448 5655 2652 5710 deesse
2683 5649 2949 5725 quaedam
2983 5650 3162 5709 dubio
3191 5659 3376 5722 vacat,
3413 5653 3562 5710 forte
3592 5667 3658 5708 ex
3690 5668 3746 5722 p.
3770 5649 3874 5705 110

2221 5725 2574 5782 supplenda.

2221 5741 2574 5801 supplenda.

3484 5923 3558 5979 M-
