4158 6420
320 420 435 481 427

1369 402 1892 479 CONSTANTINI
1936 401 2630 478 PORPHYROGENITl

3624 400 3750 475 428

321 551 596 625 εξέρχεται
683 544 772 602 διὰ
841 551 943 617 τῆς
1016 545 1298 623 ἀριστερᾶς
1370 547 1552 618 πύλης
1605 551 1702 603 τοῦ
1769 546 2020 622 βήματος
2095 547 2210 620 (68)
2284 549 2374 602 καὶ
2433 545 2754 604 ἐπιδίδωσιν
2822 544 2969 620 αὒτῷ
3033 529 3074 602 6
3140 542 3496 621 πατριάριζης
3569 543 3750 600 εὐλο-

321 641 467 718 γίας.

396 734 494 790 Itl.
532 732 846 804 Postquam
885 731 1058 789 ambo
1089 749 1190 806 per
1236 740 1545 807 angustam
1595 729 1880 804 porticum
1913 729 1970 784 S.

2154 729 2226 785 I".
2291 729 2387 783 Καὶ
2465 727 2771 791 διελθόντες
2849 727 3153 808 ἀμφότεροι
3213 725 3305 783 8ιά
3361 729 3459 782 τοῖ’)
3518 722 3746 791 ὄπισθεν

322 823 569 894 Nicolai,
602 840 728 895 quas
759 839 908 893 pone
939 826 1111 880 bema
1143 833 1252 894 est,
1278 823 1580 889 transiere,
1604 822 1674 876 ad
1706 824 1975 876 sanctum

324 921 567 985 puteum
596 912 834 980 abeunt,
872 912 971 967 ubi
1019 914 1352 983 patriarcha
1382 910 1718 984 imperatori
1771 923 1980 965 rursus

324 1001 788 1058 benedictionem
808 1000 907 1056 dat
926 1016 939 1055 :
955 1007 1086 1072 post
1106 1007 1370 1058 mutuam
1389 1017 1524 1056 vero
1545 997 1980 1064 salutationem,

328 1092 610 1149 omnibus
642 1090 1412 1162 comitantibus,imperator
1440 1089 1982 1162 egreditur,perque

328 1199 566 1256 parvam
600 1186 827 1253 portam
850 1198 1071 1238 mnsam
1096 1183 1168 1238 ad
1192 1181 1605 1239 consistorium
1637 1194 1824 1251 usque
1844 1193 1978 1250 pro-

329 1273 506 1342 cedit,
538 1272 691 1328 108
743 1271 842 1327 ubi
885 1275 1202 1344 senatores,
1257 1272 1444 1328 fausta
1491 1269 1603 1340 ipsi
1654 1272 1980 1340 precantes,

329 1362 562 1419 adsunt.
595 1363 742 1418 Cum
772 1377 904 1417 vero
935 1362 1001 1417 ad
1035 1365 1264 1418 stenum
1299 1357 1710 1432 venit,patricii
1736 1358 1816 1415 ibi
1843 1372 1981 1413 con-

329 1451 546 1523 gregati
571 1449 760 1507 felicia
787 1449 1358 1522 apprecantur,unde
1382 1449 1444 1505 in
1474 1447 1757 1521 palatium
1787 1446 1982 1518 ingre-

330 1541 508 1612 ditur,
541 1540 665 1608 ubi,
697 1538 965 1596 convivio
1001 1545 1222 1611 parato,
1258 1538 1476 1596 missus
1507 1537 1982 1606 aﬂ‘sruntur,om-

331 1647 556 1702 nesque
586 1629 932 1686 mutatorias
963 1628 1471 1702 deponunt,amici
1499 1627 1687 1684 vocati
1719 1627 1981 1690 manent,

333 1719 524 1776 caeteri
559 1735 692 1776 vero
723 1718 792 1775 ad
825 1734 962 1774 suas
992 1719 1244 1791 quisque
1274 1719 1428 1775 asdes
1468 1714 1982 1774 discedunt.Cubi-

333 1809 535 1866 culum
565 1809 717 1864 circa
747 1807 948 1864 horam
975 1823 1190 1864 nonam
1212 1811 1405 1864 vestes
1435 1810 1702 1876 mutat,et
1725 1809 1986 1876 tempore

333 1897 517 1954 divini
549 1897 727 1954 ofﬁcii
757 1896 1281 1970 appropinquante,
1306 1895 1622 1967 imperator
1650 1895 1723 1950 ad
1755 1908 1982 1950 sacram

335 1987 582 2042 missam
614 1984 1025 2041 celebrandam
1058 1985 1117 2040 in
1150 1984 1401 2056 pharum
1435 1982 1577 2050 abit,
1607 1990 1683 2052 et,
1716 1983 1765 2039 si
1793 1983 1984 2054 jusse-

337 2073 905 2147 rit,patriciiintrant
926 2089 1159 2146 unaque
1173 2089 1310 2130 cum
1332 2073 1462 2146 ipso
1481 2089 1649 2130 sacra
1669 2071 1985 2140 celebrant,

339 2120 905 2147 ·⁶·η·’“·“·ν·“·-“-·’--
929 2120 1310 2146 “·⁶““ι*νν“-·
1335 2120 1458 2146 ἰ’-ν
1481 2120 1649 2130 “’“”““’
1671 2120 1985 2140 """"—"

339 2165 431 2220 sin
463 2164 684 2230 minus,
717 2164 786 2219 ad
833 2163 1054 2218 circum
1106 2163 1320 2218 abeunt
1351 2166 1407 2218 et
1455 2161 1534 2217 ibi
1583 2162 1641 2217 in
1675 2160 1893 2232 templo
1924 2160 1984 2217 S.
2018 2120 2064 2184 Β

337 2252 785 2326 protomartyris
797 2252 1315 2324 Stephanisacram
1337 2251 1640 2324 liturgiam
1665 2251 1985 2308 celebrant.

339 2345 486 2399 Cum
516 2358 650 2398 vero
703 2340 958 2397 Psaltes:
991 2363 1020 2391 ‹‹
1053 2341 1230 2408 Deus,
1265 2357 1497 2413 resurgo
1527 2361 1557 2391 ι)
1605 2341 1988 2397 inchoaturus

340 2437 450 2500 est,
475 2430 818 2488 cubicularii
849 2438 1009 2486 extra
1030 2446 1234 2486 aureas
1263 2431 1516 2487 cortinas
1545 2446 1836 2502 suspensa
1865 2430 1989 2486 vela

339 2525 628 2590 tenentes,
661 2525 936 2587 astant,et
965 2521 1102 2576 dum
1121 2521 1436 2592 hymnum:
1466 2542 1486 2568 ι
1515 2523 1984 2593 ῡθυε,ιόευι·εο,ι›

343 2610 896 2683 orditur,asqualiter
914 2608 1440 2676 extendentes,vela
1459 2609 1741 2666 exteriora
1772 2607 1991 2666 tollunt

342 2705 698 2773 manentque
745 2704 974 2757 tantum
1005 2715 1198 2756 aurea.
1231 2697 1437 2754 Divino
1489 2697 1681 2755 ofﬁcio
1731 2702 1987 2769 peracto,

339 2796 650 2866 postquam
684 2790 761 2846 ibi
784 2789 1116 2863 congregati
1146 2788 1546 2846 exclamarunt
1571 2805 1584 2844 :
1615 2810 1644 2839 ‹‹
1675 2790 1990 2846 Conservet

340 2882 492 2939 Deus
522 2881 934 2953 imperatorem
989 2882 1244 2936 nostrum
1267 2879 1295 2933 ‘l
1328 2899 1356 2928 »
1389 2877 1584 2934 statim
1615 2893 1896 2949 organum
1925 2878 1984 2935 in

332 2971 625 3044 tripetone
655 2970 1002 3026 collocatum
1026 2970 1314 3041 pulsatur,
1346 2967 1660 3040 imperator
1690 2983 1984 3040 egressus,

327 3060 670 3116 venerandae
725 3075 943 3114 mensas
983 3074 1125 3125 suae,
1177 3057 1580 3128 scaramangio
1626 3056 1758 3113 albo
1808 3057 1988 3113 clavis

329 3151 522 3208 aureis
551 3150 1216 3216 indutus,assidet,cum
1251 3165 1365 3221 quo
1395 3147 1568 3204 amici
1597 3147 1829 3206 invitati
1853 3165 1986 3220 par-

319 3240 434 3297 tim
462 3240 858 3312 albis,partim
889 3238 1203 3311 variegatis
1234 3238 1656 3312 scaramangiis
1685 3238 1879 3294 induti
1899 3255 1989 3295 as-

332 3331 523 3388 sident
556 3347 570 3386 :
605 3330 857 3403 praefecti
891 3329 1095 3397 cubili,
1129 3328 1403 3400 depositis
1435 3329 1985 3395 mutatoriis,disce-

330 3419 1133 3492 dunt,spatharocuhicularii
1166 3435 1296 3475 vero
1328 3423 1386 3475 et
1412 3417 1981 3483 cubicularii,muta-

328 3510 494 3565 toriis
527 3511 734 3568 exutis.
768 3509 827 3564 in
873 3507 1294 3579 scaramangiis
1327 3507 1661 3578 imperatori
1695 3512 1912 3564 astant.

2070 2788 2312 2864 ’ψάλτου
2361 2787 2615 2864 ἄρξασθαι
2665 2790 2752 2859 τὸ,
2785 2815 2813 2842 ‹‹
2848 2791 3085 2848 Ἀνάστα
3135 2792 3163 2846 6
3212 2792 3365 2862 Θεὸς,

2085 818 2184 870 τοῦ
2217 817 2466 892 ματος
2496 821 2684 873 στενοῦ
2723 813 3044 873 διαϐατικοῦ
3073 820 3171 872 τοῦ
3201 815 3393 892 Ἀγίου
3443 814 3749 883 Νικολάου,

2089 904 2424 984 ἀπέρχονται
2469 907 2634 984 μέχρι
2673 911 2776 963 τοῦ
2816 907 2976 982 ἁγίου
3007 907 3257 984 φρέατος,
3290 903 3380 960 καὶ
3424 902 3576 967 αὖθις
3625 905 3748 960 ἐπι-

2090 991 2216 1057 δοὺς
2251 998 2280 1051 6
2310 997 2661 1074 πατριάρχης
2726 1001 2808 1069 τῷ
2854 995 3075 1072 βασιλεῖ
3132 994 3407 1070 εὐλογίας,
3439 995 3532 1052 καὶ
3561 993 3746 1069 ἀμφό-

2087 1105 2238 1160 τεροι
2292 1085 2579 1156 ἀλλήλους
2637 1085 3030 1160 ἀσπασάμενοι,
3056 1083 3338 1161 ἐξέρχεται
3391 1085 3486 1159 μὶν
3527 1085 3556 1139 6
3588 1086 3756 1158 βασε-

2092 1171 2238 1246 λεὺς,
2273 1171 2698 1250 δηριγευόμενος
2739 1176 2845 1231 ὑπὸ
2886 1179 2996 1231 τῶν
3038 1175 3454 1251 προειρημένων
3504 1177 3754 1244 πάντων,

2091 1264 2180 1319 καὶ
2211 1264 2513 1341 εἰσέρχεται
2558 1263 2648 1321 διὰ
2710 1273 2812 1336 τῆς
2864 1269 3061 1341 μικρᾶς
3120 1263 3305 1337 πύλης
3353 1266 3457 1336 τῆς
3499 1264 3753 1342 χαλκῆς,

2090 1353 2181 1408 καὶ
2225 1356 2391 1430 μέχρι
2445 1355 2544 1410 τοῦ
2582 1355 2977 1429 κονσιστωρίου
3036 1353 3233 1429 ἐλθὼν,
3271 1354 3526 1429 μένουσιν
3579 1354 3754 1412 ἐκεῖσε

2093 1445 2149 1499 οἱ
2206 1452 2307 1516 τῆς
2363 1445 2697 1523 συγκλήτου,
2740 1445 3169 1524 ὑπερευχόμενοι
3217 1447 3308 1501 τὸν
3365 1447 3614 1522 βασιλέα.
3649 1446 3751 1504 Καὶ

2091 1531 2501 1600 καταλαϐόντος
2557 1538 2726 1593 αὐτοῦ
2788 1537 2853 1592 τὸ
2922 1538 3129 1606 στενὸν,
3173 1535 3420 1611 μένουσιν
3479 1536 3652 1593 ἐκεῖσε
3699 1539 3752 1593 οἱ

2092 1625 2402 1699 πατρίκιοι,
2461 1627 2901 1703 ὑπερευχόμενοι
2951 1626 3039 1682 καὶ
3078 1625 3257 1699 αὐτοὶ,
3311 1625 3400 1681 καί
3472 1625 3578 1681 ἀπὸ
3644 1629 3752 1682 τῶν

2094 1714 2266 1772 ἐκεῖσε
2323 1716 2627 1791 εἰσέρχεται
2678 1717 2705 1770 6
2758 1715 3016 1792 βασιλεὺς
3057 1715 3133 1776 εἰς
3189 1716 3253 1771 τὸ
3309 1714 3600 1787 παλάτιον,
3657 1716 3751 1770 καὶ

2095 1807 2482 1881 στοιχηθέντος
2534 1809 2632 1860 τοῦ
2709 1804 3050 1880 κλητωρίου,
3094 1803 3341 1881 γίνονται
3403 1805 3604 1878 μίνσαι,
3664 1804 3755 1861 καὶ

2093 1891 2540 1950 ἀπαλλάσσουσιν
2607 1896 2854 1965 ἅπαντες,
2895 1894 2986 1950 καὶ
3057 1895 3108 1950 οἱ
3170 1896 3264 1968 μὲν
3308 1893 3602 1966 κληθέντες
3664 1894 3756 1974 (ρί-

2097 1981 2187 2039 λοι
2240 1983 2512 2057 μένουσιν,
2570 1985 2622 2039 οἱ
2681 1982 2738 2040 δὲ
2795 1985 3129 2060 ἀπέρχονται
3167 1981 3394 2046 ἕκαστος
3453 1986 3633 2041 αὐτῶν
3676 1984 3752 2046 εἷς

2135 2074 2149 2094 Ν
2254 2074 2279 2095 Ὗ
2471 2076 2484 2096 ’
2564 2079 2589 2090 Ψ
2734 2075 2747 2092 \
2909 2074 2924 2094 ἱ
2989 2073 3015 2096 θ’
3189 2076 3201 2092 '
3237 2075 3250 2096 ,
3356 2074 3366 2096 Ι
3554 2076 3567 2091 ‘
3703 2075 3722 2094 Ι

2095 2095 2189 2130 τον
2223 2095 2375 2129 οικον
2424 2095 2614 2131 αυτου.
2649 2076 2749 2132 Και
2801 2095 2926 2150 περι
2977 2094 3122 2149 ωραν
3157 2086 3185 2139 θ
3225 2073 3484 2131 αλλασσει
3515 2096 3578 2130 το
3621 2095 3754 2129 κουο

2098 2158 2408 2235 ϐούκλειον,
2458 2164 2550 2219 καὶ
2614 2159 3035 2234 καταλαϐούσης
3091 2171 3192 2234 τῆς
3250 2162 3396 2241 ὥρας
3452 2167 3551 2230 τῆς
3609 2166 3756 2227 θείας

2099 2252 2464 2329 λειτουργίας,
2499 2251 2802 2328 εἰσέρχεται
2857 2254 2884 2308 ὁ
2941 2254 3200 2327 βασιλεὺς
3254 2253 3390 2330 πρὸς
3429 2255 3491 2309 τὸ
3539 2252 3757 2310 ἐκτελέ-

2099 2363 2186 2399 σαι
2239 2345 2339 2412 τήν
2389 2344 2532 2406 θείαν
2570 2343 2956 2420 μυσταγωγίαν
2997 2340 3050 2397 ἐν
3084 2348 3163 2416 τῷ
3201 2344 3381 2423 φάρῳ,
3413 2345 3504 2398 καὶ
3554 2345 3600 2398 εἰ
3661 2345 3757 2418 μὶν

2098 2430 2344 2488 κελεύσει
2382 2432 2724 2511 εἰσέρχονται
2787 2433 2878 2488 καὶ
2937 2433 3218 2510 πατρίκιοι
3277 2439 3369 2491 καί
3409 2431 3756 2509 συλλειτουρ-

2098 2526 2320 2597 γοῦνται
2377 2520 2547 2594 αὐτῷ,
2580 2523 2624 2577 εἰ
2667 2519 2723 2577 δὲ
2775 2525 2938 2598 μήγε,
2979 2522 3290 2601 ἐξέρχονται
3323 2523 3370 2560 ³ο
3409 2521 3489 2586 εἷς
3525 2524 3616 2579 τὸν
3661 2524 3750 2578 ἱπ-

2098 2608 2518 2687 πόδρομον,καὶ
2574 2611 2986 2688 λειτουργοῦσιν
3049 2613 3221 2669 ἐκεῖσε
3261 2612 3315 2669 ἐν
3363 2619 3443 2686 τῷ
3487 2620 3597 2687 ναῷ
3653 2617 3748 2668 τοῦ

2101 2701 2254 2776 ἁγίου
2303 2703 2770 2778 πρωτομάρτυρος
2814 2703 3106 2780 Στεφάνου.
3151 2703 3254 2761 Καὶ
3303 2702 3607 2776 μέλλοντος
3655 2707 3753 2758 τοῦ

3424 2816 3453 2845 ››
3507 2789 3758 2847 ’ίστανται

2097 2874 2572 2955 κουϐικουλάριοι,
2612 2884 2940 2954 κρατοῦντες
2995 2880 3064 2934 τὰ
3131 2877 3322 2950 ἔξωθεν
3369 2885 3477 2937 τῶν
3539 2886 3757 2957 χρυσῶν

2102 2968 2292 3044 βήλων
2371 2969 2688 3045 κρεμάμενα
2758 2967 2927 3045 βῆλα,
2986 2970 3078 3024 καὶ
3145 2968 3311 3039 ἡνίκα
3395 2968 3627 3045 ἄρξηται
3693 2971 3761 3027 τὸ

2097 3081 2127 3110 α
2167 3059 2401 3116 Ἀνάστα
2457 3060 2486 3114 6
2546 3059 2699 3128 Θεὸς,
2746 3082 2774 3110 ››
2822 3060 3061 3135 παρευθὺ
3117 3062 3441 3123 τανύσαντες
3499 3059 3552 3132 ἐξ
3613 3059 3760 3128 ἴσου,

2095 3145 2311 3221 αἶ’ρουσι
2378 3149 2443 3204 τὰ
2501 3143 2694 3220 ἔξωθεν
2779 3148 2946 3224 βῆλα,
2996 3149 3090 3204 καὶ
3169 3149 3387 3223 μένουσι
3453 3152 3521 3206 τά
3579 3155 3761 3229 χρυσᾶ

2102 3236 2250 3311 βῆλα
2304 3239 2394 3292 καὶ
2456 3238 2645 3312 μόνον.
2681 3239 2786 3294 Καὶ
2845 3245 2944 3308 τῆς
3023 3238 3165 3302 Θείας
3208 3237 3559 3317 λειτουργίας
3603 3240 3761 3296 τελε·

2097 3328 2337 3398 σθείσης,
2370 3326 2458 3381 καὶ
2504 3326 2892 3402 ἀνακράξαντες
2927 3327 2979 3382 οἱ
3020 3325 3074 3383 ἒν
3121 3333 3237 3390 τοῖς
3297 3327 3466 3384 ἐκεῖσε
3491 3349 3503 3362 ·
3545 3354 3573 3383 κ
3626 3337 3764 3386 Στε-

2099 3417 2288 3492 ρεώσει
2330 3417 2359 3471 6
2390 3417 2522 3478 Θεὸς
2550 3417 2642 3472 τὸν
2695 3416 2922 3492 βασιλέα
2966 3420 3164 3490 ἡμῶνί
3201 3442 3228 3470 ››
3282 3417 3439 3483 εὐθὺς
3489 3419 3648 3476 αὐλεῖ
3694 3421 3762 3475 τὸ

2015 3491 2059 3558 C
2099 3503 2348 3582 ὄργανον,
2383 3503 2414 3559 6'
2457 3491 2781 3560 'iatarazrév
2847 3510 2930 3578 τῷ
2965 3508 3281 3582 τριπέτωνι,
3309 3508 3396 3562 καὶ
3453 3507 3687 3578 ἐξελθὼν
3731 3511 3759 3564 6

319 3594 589 3674 βασιλεὺς
651 3597 928 3666 καθέζεται
994 3595 1083 3652 ἐπὶ
1141 3602 1242 3664 τῆς
1295 3594 1484 3668 τιμίας
1549 3594 1716 3649 αὐτοῦ
1773 3592 2067 3670 τραπέζης,
2127 3595 2308 3673 φορῶν
2361 3595 2774 3672 σκαραμάγγιον
2834 3592 3099 3672 δίασπρον
3160 3592 3564 3672 χρυσόκλαϐον,
3625 3600 3758 3654 καθ-

330 3684 541 3758 έζονται
597 3688 686 3742 καὶ
719 3688 770 3742 οἱ
801 3685 1091 3757 κληθέντες
1123 3683 1297 3764 φίλοι,
1333 3686 1384 3739 o't
1439 3686 1532 3758 μὲν
1589 3684 1696 3740 ἀπὸ
1745 3685 2176 3763 σκαραμαγγίων
2229 3684 2459 3754 λευκῶν,
2511 3687 2562 3740 οἱ
2610 3683 2669 3739 δὲ
2727 3690 2981 3761 χροακῶν
3013 3689 3173 3761 (68⁸),
3207 3686 3404 3752 εὐθέως
3450 3685 3506 3743 δὲ
3555 3690 3609 3744 οἱ
3662 3692 3760 3763 μὲν

331 3777 594 3856 ἄρχοντες
654 3779 752 3832 τοῦ
833 3769 1229 3830 κουϐουκλείου
1315 3771 1720 3844 ἀπαλλάξαντες
1811 3775 2188 3852 ἀναχωροῦσι,

336 3865 518 3941 λάριοι
546 3865 978 3936 ἀπαλλάξαντες,
1010 3863 1367 3938 παρίστανται
1397 3864 1504 3918 ἀπὸ
1537 3863 1979 3941 σκαραμαγγίων.

413 3959 506 4014 ιν.
541 3957 858 4015 Sciendum
892 3961 998 4027 est,
1052 3957 1103 4011 si
1138 3957 1351 4011 festum
1401 3955 1883 4012 Annuntiationis
1935 3955 1996 4010 in

339 4047 606 4104 eamdem
640 4046 793 4101 diem
827 4046 1012 4101 sancti
1043 4044 1288 4101 Sabbati
1319 4044 1997 4118 incidat,imperatorem

344 4138 415 4192 ad
445 4135 506 4192 S.
543 4134 769 4206 Sophia:
803 4135 983 4201 abire,
1013 4143 1065 4190 et
1095 4133 1178 4188 ibi
1209 4133 1361 4190 ritus
1393 4150 1599 4191 omnes
1626 4134 1826 4206 magni
1859 4135 2001 4190 Sab-

345 4227 466 4282 bati
498 4241 674 4296 supra
693 4223 1012 4280 recensitos
1043 4227 1168 4280 tum
1189 4223 1249 4279 in
1267 4234 1481 4280 sanctae
1503 4240 1721 4280 mensae
1752 4224 2001 4281 instrato

310 4353 318 4358 -
342 4313 777 4382 mutando,lnm
797 4314 856 4369 in
888 4313 1128 4370 sacrarii
1149 4313 1542 4372 incensalione
1563 4315 1808 4388 aurique
1837 4313 2004 4372 obla-

343 4407 502 4462 tione
542 4419 791 4472 servare,
825 4407 882 4460 et
911 4402 1049 4459 inde
1078 4419 1406 4476 egressum,
1440 4410 1507 4461 ut
1537 4405 1588 4461 ei
1634 4421 1760 4462 mos
1797 4413 1906 4472 est,
1927 4405 2000 4461 ad

307 4547 311 4550 _
349 4494 682 4552 custodiam
712 4509 987 4551 vasorum
1023 4493 1200 4550 abire.
1236 4494 1321 4550 Ibi
1351 4496 1508 4551 enim
1539 4501 1851 4568 postquam
1883 4511 2004 4551 om-

347 4586 468 4652 nia,
501 4601 630 4657 qum
659 4601 837 4657 supra
853 4583 1482 4657 tradidimus,peregit,
1516 4602 1619 4658 per
1646 4602 1825 4657 supra
1846 4601 2004 4641 com-

310 4719 320 4725 .
347 4680 729 4732 memoratam
749 4678 982 4746 portam
1013 4674 1408 4745 egreditur,et
1436 4673 1844 4731 benedictione
1875 4674 1953 4730 ibi
1974 4691 2008 4731 a

312 4821 316 4823 .
347 4763 678 4834 patriarcha
707 4768 968 4836 accepta,
1002 4779 1103 4835 per
1133 4754 1446 4835 angustam
1481 4763 1542 4818 S.
1574 4762 1799 4820 Nicolai
1831 4763 2004 4836 porti-

348 4868 482 4908 cum
532 4855 601 4908 ad
655 4869 884 4908 sacrum
939 4857 1181 4923 puteum
1219 4851 1362 4920 abit,
1396 4857 1753 4925 acceptaque
1797 4868 2001 4909 rursus

351 4940 780 5008 benedictione,
802 4941 874 4996 ad
900 4940 1252 5008 mediam,ob
1276 4941 1493 4997 festum
1523 4941 2001 4998 Annuntialionis

351 5027 410 5082 in
445 5027 729 5098 palatium
777 5029 1066 5095 abiturus,
1102 5030 1256 5085 109
1303 5047 1418 5085 non
1465 5029 1744 5100 procedit,
1779 5031 1880 5086 sed
1913 5046 2001 5086 re-

351 5133 576 5185 versus,
628 5133 861 5188 parvam
909 5126 1133 5189 portam
1188 5119 1246 5174 in
1298 5125 1504 5176 sancto
1549 5124 1746 5191 puteo,
1803 5120 1896 5176 ubi
1944 5121 2004 5175 in

2276 3776 2328 3830 οἱ
2411 3773 2467 3830 δὲ
2555 3771 3264 3852 σπαθαρακουϐικουλάριοι
3321 3776 3413 3832 καὶ
3472 3773 3768 3835 κουϐικου-

2177 3954 2260 4012 Δ’.
2297 3955 2422 4030 Χρὴ
2467 3953 2525 4009 δὲ
2565 3951 2787 4024 εἰδέναι,
2820 3953 2928 4026 ὅτι,
2970 3954 3015 4009 εί
3067 3955 3162 4028 μὶν
3210 3956 3355 4031 τύχῃ
3386 3957 3420 4025 ἡ
3465 3956 3628 4033 ἒορτὴ
3673 3961 3770 4014 τοῦ

2105 4041 2530 4119 Εὐαγγελισμοῦ
2586 4048 2655 4117 τῇ
2707 4041 2842 4118 αὐτῇ
2884 4044 3068 4119 ἡμέρᾳ
3102 4049 3202 4100 τοῦ
3258 4045 3420 4120 ἁγίου
3454 4041 3770 4116 Σαϐϐάτου,

2107 4132 2408 4209 ἀπέρχεται
2468 4134 2496 4186 ὁ
2559 4130 2818 4209 βασιλεὺς
2877 4133 2954 4195 εἰς
3011 4133 3332 4210 τήνἋγίαν
3401 4134 3634 4212 Σοφίαν,
3678 4140 3775 4190 καῖ

2110 4221 2322 4279 ἐκτελεῖ
2351 4224 2559 4277 ἅπαντα
2595 4223 2663 4276 τὰ
2698 4225 2794 4277 τοῦ
2849 4224 3095 4300 μεγάλου
3144 4219 3448 4293 Σαϐϐάτου,
3501 4224 3575 4284 ὡς
3624 4225 3762 4277 ἀνω-

2116 4314 2257 4390 τέρω
2308 4313 2520 4390 εἷ’ρηται
2556 4333 2569 4346 ·
2621 4314 2710 4369 καὶ
2768 4313 2820 4368 ἐν
2862 4317 2930 4388 τῇ
2982 4311 3274 4391 ὑπαλλαγῇ
3325 4321 3423 4384 τῆς
3461 4313 3613 4388 ἁγίας
3641 4331 3766 4388 τρα-

2109 4402 2278 4474 πέζης
2326 4406 2420 4458 καί
2468 4401 2520 4459 ἐν
2571 4407 2640 4478 τῇ
2701 4403 2961 4477 θυμιάσει
3015 4407 3112 4459 τοῦ
3145 4403 3536 4479 θυσιαστηρίου
3567 4401 3659 4458 καὶ
3714 4400 3768 4456 ἒν

2107 4498 2178 4567 τῇ
2227 4490 2518 4568 εἶσκομιδῇ
2559 4496 2658 4549 τοῦ
2691 4492 2948 4569 χρυσίου,
2981 4493 3071 4549 καὶ
3122 4493 3380 4568 ἐξελθὼν,
3413 4494 3489 4557 ὡς
3546 4492 3776 4549 εἴθισται

2109 4581 2280 4655 αὐτῷ,
2310 4583 2617 4661 ἀπέρχεται
2677 4580 2732 4638 ἐν
2786 4587 2866 4656 τῷ
2924 4581 3363 4662 σκευοφυλακίῳ.
3397 4583 3498 4639 Καὶ
3554 4581 3778 4645 τελέσας

2111 4670 2282 4728 ἐκεῖσε
2334 4667 2566 4742 ἅπαντα,
2628 4671 2703 4736 ὡς
2775 4672 3122 4748 προείρηται,
3185 4672 3460 4750 ἐξέρχεται
3522 4671 3612 4729 διὰ
3673 4679 3776 4743 τῆς

2116 4760 2373 4836 ἀνωτέρω
2414 4761 2710 4838 εἴρημένης
2766 4760 2986 4834 πύλης⁶
3041 4761 3132 4816 καὶ
3162 4756 3347 4817 λαϐὼν
3403 4761 3576 4819 ἐκεῖσε
3629 4761 3774 4838 παρά

2107 4853 2204 4904 τοῦ
2235 4852 2579 4925 πατριάρχου
2614 4849 2889 4926 εὐλογίας,
2924 4847 3013 4906 διὰ
3064 4855 3162 4907 τοῦ
3204 4854 3392 4907 στενοῦ
3447 4855 3546 4906 τοῦ
3575 4851 3775 4927 Ἃγίου

2112 4937 2394 4995 Νικολάου
2443 4934 2764 4996 διαϐατικοῦ
2812 4940 3114 5016 ἀπέρχεται
3165 4939 3216 4996 ἐν
3263 4946 3342 5014 τῷ
3380 4941 3520 5016 ἁγίῳ
3559 4942 3778 5020 φρέατι,

2112 5029 2203 5084 καὶ
2237 5024 2420 5084 λαϐὼν
2450 5029 2596 5104 πάρά
2633 5034 2730 5084 τοῦ
2768 5030 3118 5109 πατριάρχου
3168 5029 3450 5108 εὐλογίας,
3497 5030 3596 5086 οὐκ
3635 5029 3780 5106 ἐξέρ-

2115 5138 2270 5194 χεται
2304 5119 2356 5174 ἐν
2383 5124 2451 5193 τῇ
2483 5119 2619 5194 μέσῃ
2652 5120 2790 5196 πρὸς
2819 5120 2882 5176 τὸ
2911 5119 3168 5185 ἀπελθεῖν
3213 5120 3375 5176 αὐτὸν
3420 5119 3475 5176 ἐν
3531 5123 3613 5192 τῷ
3677 5139 3780 5172 πα-

1719 5270 1956 5329 νΑιιΙΑς
1995 5271 2413 5330 LECTIONES.

425 5395 470 5431 ³ο
497 5389 840 5466 εἰσέρχονται
872 5393 963 5450 ed.

1421 5524 1625 5585 JOAN.
1658 5526 1777 5584 JAC
1819 5525 2086 5584 REISKII
2125 5524 2706 5587 COMMENTARIUS.

421 5648 541 5776 ί368)
570 5647 946 5720 Signiﬁcatur
998 5658 1164 5720 porta
1195 5665 1311 5707 non
1338 5667 1368 5708 e
1415 5652 1656 5710 tribuna
1701 5653 1764 5710 in
1793 5653 2003 5722 Naum,

487 5737 516 5776 e
565 5719 1020 5776 Sceuonhvlacio
1051 5738 1155 5776 seu
1195 5723 1464 5776 sacristia
1492 5730 1654 5776 extra
1699 5725 2001 5776 ecclesiam

356 5720 456 5793 sed
487 5737 516 5776 e
565 5720 1020 5793 Sceuophylacio
1051 5738 1155 5778 seu
1195 5723 1464 5780 sacristia
1492 5730 1654 5782 extra
1699 5720 2002 5784 ecclesiam

359 5791 419 5849 in
454 5793 584 5849 atrii
616 5791 852 5864 plagam
873 5793 1169 5850 borealem
1199 5795 1469 5852 educens.

2115 5653 2745 5799 ad(ﬁfllgglﬁpponuntur
2789 5656 3016 5714 color-cae
3046 5660 3240 5716 vestes
3267 5658 3440 5718 albis.
3471 5659 3615 5718 Vide
3645 5663 3768 5719 not.
