4158 6378
426 446 543 511 L29

1275 445 1379 508 DE
1422 444 1892 508 CERIMONIIS
1937 441 2175 507 AULxE
2215 432 2702 507 ΒΫΖΑΝΤΙΝΕ
2745 443 2896 506 LIB.
2944 445 2993 506 Ι.

3729 441 3850 508 430

433 579 607 652 λατίῳ
636 576 722 634 διὰ
757 579 864 649 τὴν
917 577 1114 652 δορτὴν
1156 581 1254 632 τοῦ
1303 575 1747 653 Εὖάγγελισμοῦ,
1781 574 1908 632 ἄλλ’
1940 577 2082 631 ὑπο-

2203 579 2428 644 magnis
2458 577 2927 650 processionibus
2970 576 3174 649 psaltis
3221 576 3560 649 celerisque
3611 579 3850 650 copiosa

439 671 626 745 σρέψας
683 667 996 744 εἲσέρχεται
1056 665 1109 722 ἐν
1157 670 1228 740 τῇ
1289 672 1460 743 μικρᾷ
1503 665 1652 742 πύλῃ
1710 670 1779 741 τῇ
1837 667 1970 742 οὔσῃ
2031 665 2082 722 ἐν

431 765 506 831 τῷ
551 757 764 835 φρέατι,
827 757 880 813 ἰν
1014 755 1234 812 ’ίσταται
1283 754 1336 810 ἐν
1399 761 1518 819 ταῖς
1564 757 1608 793 ³⁸
1645 755 1907 830 μεγάλαις
1949 777 2090 830 προ-

423 849 722 918 ελεύσεσιν,
769 844 994 908 ἐπιδοὺς
1063 851 1180 908 τοῖς
1245 845 1482 920 ψάλταις
1550 845 1642 900 καὶ
1709 845 1929 908 λοιποῖς
1990 846 2087 908 τὰς

416 937 694 1000 πλουσίας
745 937 912 993 αὑτοῦ
961 933 1170 1012 δωρεάς
1234 937 1262 991 ὁ
1331 933 1586 1011 βασιλεὺς
1644 935 1694 990 ἐν
1744 939 1824 1008 τῷ
1869 934 2086 1008 κράζειν

415 1029 514 1085 τὸν
565 1027 830 1104 ἄργυρον.
880 1026 988 1084 Καὶ
1037 1025 1239 1082 ἐκεῖθεν
1287 1022 1564 1101 διέρχεται
1615 1023 1706 1081 διὰ
1751 1030 1848 1081 τοῦ
1877 1024 2089 1101 τρικλί-

415 1139 542 1188 νου,
594 1116 648 1172 iv
701 1118 749 1189 ᾧ
795 1115 1120 1194 κράματίζει
1171 1115 1199 1169 ὁ
1253 1113 1507 1189 βασιλεὺς
1558 1113 1609 1170 ἐν
1658 1119 1777 1178 τοῖς
1823 1115 2084 1192 μεγάλαις

415 1206 808 1282 προελεύσεσι,
859 1205 949 1261 καὶ
1000 1204 1303 1281 εῗσέρχεται
1349 1207 1406 1259 ’e‘v
1452 1209 1532 1278 τῷ
1583 1203 1938 1280 μητατωρίῳ,
1995 1203 2085 1260 καὶ

423 1295 746 1366 ἀπαλλάξας
796 1296 897 1364 τὴν
948 1295 1176 1367 στολὴν,
1224 1291 1291 1364 ἤν
1344 1299 1500 1373 φορεῖ
1539 1298 1634 1350 τοῦ
1671 1293 1831 1368 άγίου
1866 1288 2085 1349 Σαϐϐά-

424 1407 552 1452 του,
613 1384 954 1440 ὓπαλλάσσει
1025 1386 1124 1454 τήν
1202 1388 1299 1438 τοῦ
1375 1383 1797 1460 Εὗαγγελισμου
1857 1381 2084 1453 στολήν.

427 1475 694 1547 Ἐξελθὼν
747 1471 806 1528 δὶ
846 1471 951 1529 ἂπό
994 1477 1104 1528 τῶν
1155 1469 1327 1528 ἐκεῖσε
1373 1471 1750 1548 ήλλαγμένος,
1790 1471 2086 1548 ἂπέρχεται

418 1560 727 1640 ἔμπροσθεν
776 1567 884 1620 τῶν
933 1568 1110 1637 θυρῶν
1174 1567 1272 1618 τοῦ
1331 1563 1741 1638 θυσιαστηρίου,
1790 1564 1879 1618 καὶ
1929 1562 2082 1633 εὐξά-

423 1677 612 1731 μενος,
667 1659 886 1728 κρατῶν
934 1652 1025 1708 καὶ
1073 1653 1278 1724 κηροὺς
1325 1651 1628 1727 ε’σέρχεται
1678 1653 1755 1714 εἷς
1803 1653 1864 1708 τὸ
1899 1665 2084 1717 θυσια-

425 1747 676 1818 στήριον,
738 1743 829 1798 καὶ
915 1744 1298 1817 προσκυνήσας
1368 1744 1468 1812 τὴν
1547 1743 1704 1816 άγίαν
1791 1745 2084 1817 τράπεζαν,

427 1830 703 1908 ἐξέρχεται
752 1832 841 1886 καὶ
897 1827 1173 1907 διέρχεται
1225 1828 1314 1885 διὰ
1362 1837 1462 1900 τῆς
1513 1830 1773 1901 σωλαίας,
1806 1833 1894 1886 καί
1951 1830 2086 1903 μὲλ-

427 1921 621 1983 λοντσς
654 1921 824 1977 αὑτοῦ
870 1918 1180 1996 διέρχεσθαι
1232 1917 1324 1975 διά
1371 1924 1470 1986 τῆς
1520 1921 1780 1991 σωλαίας,
1815 1915 2084 1994 λαμϐάνει
2121 1949 2168 2016 Β

414 2013 530 2069 ἀπὸ
587 2016 687 2067 τοῦ
765 2011 1131 2086 πραιποσίτου
1183 2009 1377 2084 κηρίον
1432 2008 1754 2083 λιτανίκιον,
1807 2013 1896 2066 καὶ
1961 2014 2089 2087 παρ’

414 2103 557 2159 αὖτᾶ
581 2101 851 2178 ἔρχονται
901 2101 963 2155 τὸ
1010 2101 1304 2175 τροπάριον
1345 2108 1444 2170 τῆς
1495 2102 1688 2176 ἑορτῆς
1716 2103 1800 2168 τὸ,
1836 2125 1864 2154 ‹‹
1903 2103 2086 2175 Σήμε-

428 2212 521 2268 ρον
570 2198 670 2260 τῆς
717 2189 993 2265 σωτηρίας
1041 2193 1200 2262 ἡμῶν
1251 2191 1314 2245 τὸ
1362 2189 1681 2268 κεφάλαιον.
1716 2214 1744 2243 ››
1797 2191 1894 2246 Καὶ
1928 2188 2088 2266 δηρι-

424 2282 715 2356 γευόμενος
750 2282 858 2336 ὐπὸ
916 2301 969 2336 τε
1004 2284 1115 2335 τῶν
1165 2278 1450 2355 ἀρχόντων
1505 2284 1602 2336 τοῦ
1658 2275 2083 2356 κουϐουκλείου,

422 2369 728 2445 πατρικίων
777 2391 836 2427 τε
888 2370 979 2425 καί
1052 2375 1368 2446 στρατηγῶν
1429 2371 1520 2424 καὶ
1587 2376 1686 2441 τῆς
1745 2368 2082 2445 συγκλήτου,

416 2456 700 2536 διέρχεται
733 2458 824 2515 διὰ
874 2464 973 2515 τοῦ
1022 2463 1174 2525 vani),
1225 2459 1314 2514 mi
1368 2457 1642 2535 ἐξέρχεται
1696 2456 1786 2516 διὰ
1823 2483 1880 2517 τε
1909 2461 1958 2497 ³²
1985 2465 2083 2516 τοῦ

411 2549 698 2624 νάρθηκος
730 2549 821 2605 καὶ
860 2553 961 2605 τοῦ
999 2548 1298 2624 λουτῆρος.
1334 2547 1626 2606 Κατελθὼν
1661 2547 1720 2606 δὲ
1761 2551 1828 2607 τὰ
1871 2549 2081 2626 γραδή-

412 2639 516 2696 λια
542 2645 646 2695 τοῦ
676 2638 866 2713 ἀθῦρα,
897 2637 1172 2718 ἐξέρχεται
1225 2638 1313 2694 ἐπὶ
1345 2641 1408 2694 τὸ
1442 2640 1653 2713 μίλιον,
1693 2642 1785 2696 καί
1819 2638 2080 2698 διοδεύων

425 2731 530 2799 τὴν
600 2729 789 2802 μέσην,
819 2727 1108 2804 ἀνέρχεται
1166 2727 1217 2783 ἐν
1275 2729 1356 2801 τῷ
1403 2730 1555 2809 φόρῳ
1601 2731 1691 2785 καὶ
1719 2729 1870 2786 τελεῖ
1911 2731 2083 2788 ἐκεῖσε

445 2817 661 2873 ἅπαντα
705 2816 1033 2887 ἀκολούθως,
1106 2817 1164 2874 ὅν
1229 2819 1430 2895 τρόπον
1480 2819 1740 2894 ἀνωτέρω
1799 2817 2076 2892 ἐδηλώθη.

438 2907 542 2962 Καὶ
595 2905 867 2971 κατελθὼν
911 2909 980 2971 εἷς
1030 2907 1122 2964 τὸν
1178 2909 1305 2964 ναὸν
1369 2915 1469 2979 τῆς
1513 2908 1835 2986 Ὑπεραγίας
1887 2911 2081 2966 Θεοτό·

427 2999 534 3052 κοῦ
597 2995 658 3050 ἐν
706 3001 823 3058 τοῖς
866 2995 1343 3073 χαλκοπρατείοις,
1392 2996 1544 3054 τελεῖ
1593 2997 1766 3054 ἐκεῖσε
1793 3001 1892 3066 τήν
1936 2999 2080 3064 θείαν

413 3083 771 3161 λειτουργίαν
802 3087 967 3162 μέχρι
1006 3090 1104 3143 τοῦ
1137 3085 1499 3162 Εὖαγγελίου.
1548 3089 1655 3144 Καὶ
1697 3088 1802 3144 ἀπὸ
1831 3093 1928 3144 τοῦ
1959 3089 2073 3146 Εὐ-

2199 684 2444 724 munera
2472 684 2578 722 sua
2610 667 2760 723 inter
2790 666 3085 723 solemnes
3117 667 3427 739 argentarii
3471 666 3853 724 acclamatio-

2197 775 2303 815 nes
2333 764 2550 830 erogat,
2583 759 2929 830 ingreditur.
2964 758 3102 814 lnde
3133 775 3235 830 per
3283 759 3632 830 triclinium,
3664 761 3762 816 ubi
3789 759 3850 816 in

2199 848 2527 919 majoribus
2551 847 3028 920 processionibus
3050 847 3379 904 convivium
3396 849 3670 919 celebrat,
3686 855 3854 906 tran-

2198 938 2275 995 sit
2331 945 2386 994 et
2443 937 2804 993 metatoriam
2866 938 3029 1010 petit,
3066 941 3406 1009 mutataque
3454 937 3624 1007 stola,
3670 956 3850 1012 quam

2198 1037 2394 1086 sancto
2432 1030 2679 1086 Sabbato
2711 1034 2919 1100 gestat,
2951 1045 3105 1098 eam,
3136 1045 3255 1101 qua
3284 1029 3344 1084 in
3392 1028 3854 1088 Annuntiatione

2199 1119 2404 1186 utitur,
2433 1119 2644 1174 induit.
2670 1117 2854 1187 Unde,
2879 1122 3103 1174 mutata
3132 1122 3310 1186 veste,
3334 1120 3401 1173 ad
3419 1119 3636 1189 januas
3663 1135 3855 1177 sacra-

2197 1207 2266 1263 rii
2299 1207 2439 1273 abit,
2466 1209 2564 1262 ubi
2593 1223 2725 1263 cum
2751 1207 3093 1263 ardentibus
3125 1205 3310 1262 cereis
3333 1217 3626 1280 precatus,
3655 1225 3856 1266 sacra-

2197 1297 2352 1353 rium
2385 1296 2586 1364 intrat,
2619 1302 2676 1353 et
2706 1301 2905 1353 sancto
2935 1296 3106 1351 altari
3147 1296 3406 1365 adorato,
3438 1297 3690 1354 discedit
3718 1314 3856 1370 per-

2197 1401 2311 1458 que
2336 1385 2550 1442 soleam
2573 1387 2916 1458 digreditur,
2938 1386 3336 1458 digressurus,
3361 1403 3594 1443 cereum
3621 1404 3850 1459 proces-

2197 1477 2480 1532 sionalem
2534 1493 2567 1530 a
2612 1476 2922 1547 praeposito
2973 1475 3207 1546 accipit,
3257 1492 3367 1547 quo
3428 1476 3598 1546 tactu,
3649 1478 3849 1534 statim

2196 1566 2518 1638 troparium
2559 1565 2683 1620 t‘esti
2713 1565 3138 1621 exordiantur:
3177 1587 3196 1612 -
3229 1564 3412 1620 Hodie
3434 1571 3610 1636 caput
3641 1567 3851 1623 salutis

2198 1664 2427 1712 nostrae.
2473 1675 2503 1706 »
2541 1655 2754 1709 Deinde
2806 1672 2840 1708 a
2891 1654 3178 1726 praefectis
3226 1654 3515 1720 cubiculo,
3569 1657 3852 1726 patriciis,

2197 1750 2473 1816 strategss
2504 1754 2552 1799 et
2589 1750 2792 1799 senatu
2841 1743 3111 1810 stipatus,
3164 1760 3265 1814 per
3297 1745 3577 1814 templum
3624 1747 3857 1812 transit,

2199 1851 2412 1907 perque
2448 1834 2780 1890 narthecem
2808 1837 2866 1888 et
2895 1833 3303 1902 baptisterium
3339 1833 3460 1888 abit
3513 1833 3615 1890 Per
3636 1837 3859 1906 gratius

2199 1931 2393 1980 autem
2409 1922 2628 1996 athyrze
2652 1923 3117 1988 descendens,ad
3137 1921 3383 1978 millium
3405 1931 3461 1977 et
3477 1939 3576 1994 per
3595 1923 3854 1979 mediam

2200 2015 2257 2070 in
2293 2016 2481 2071 forum
2514 2015 2654 2082 abit,
2689 2013 2888 2068 omnia
2918 2012 3018 2081 ibi,
3051 2017 3115 2067 ut
3144 2029 3324 2082 supra
3353 2013 3741 2080 ostendimus,
3767 2030 3858 2070 or-

2205 2106 2341 2162 dine
2383 2109 2747 2176 peracturus.
2783 2101 3003 2158 Deinde
3033 2104 3100 2156 aui
3141 2105 3420 2172 templum
3457 2101 3860 2159 Sanctissime

2199 2195 2460 2267 Deiparae
2492 2192 3034 2264 cbalcoprateorum
3066 2192 3243 2260 venit,
3276 2198 3334 2246 et
3383 2190 3640 2248 divinam
3686 2192 3858 2248 litur-

2200 2285 2354 2360 giam
2386 2284 2464 2340 ibi
2497 2283 2568 2338 ad
2615 2281 2993 2354 Evangelium
3030 2297 3217 2353 usque
3248 2281 3520 2336 celebrat.
3549 2285 3672 2348 Quo
3713 2281 3859 2337 reci-

2199 2381 2339 2444 tato,
2368 2390 2468 2446 per
2487 2371 2742 2441 ligneam
2763 2371 2979 2427 scalam
3005 2370 3398 2438 descendit,et
3417 2371 3581 2426 unita
3596 2375 3860 2437 extensa,

2198 2465 2485 2521 discedit:
2521 2463 2628 2518 hoc
2660 2461 2811 2517 enim
2846 2461 2940 2516 die
2971 2477 3138 2516 sacra
3169 2459 3403 2531 liturgia
3433 2476 3546 2516 non
3580 2464 3722 2527 tota,
3756 2460 3856 2515 sed

2197 2555 2267 2611 ad
2289 2551 2667 2624 Evangelium
2695 2560 2950 2622 usqueet
2971 2560 3267 2606 extensum
3296 2548 3641 2605 celebratur.
3669 2551 3856 2621 Impe-

2195 2650 2351 2701 rator
2374 2647 2432 2698 in
2460 2642 2772 2715 porticum,
2789 2651 2847 2696 ut
2871 2640 3148 2706 diximus,
3172 2656 3468 2712 egressus,
3489 2656 3702 2711 equum
3723 2655 3855 2695 cum

2191 2734 2287 2804 iis,
2322 2733 2538 2806 quibus
2570 2747 2697 2788 mos
2726 2735 2833 2798 est,
2865 2729 3228 2795 conscendit,
3259 2738 3314 2785 et
3345 2729 3417 2784 ab
3451 2729 3546 2785 his
3576 2729 3852 2801 stipatus,

2192 2825 2263 2880 ad
2299 2822 2580 2896 palatium
2611 2821 2750 2888 abit,
2776 2819 3090 2891 omniaque
3121 2820 3180 2875 in
3215 2820 3490 2888 transitu,
3514 2819 3765 2875 statione
3795 2825 3853 2875 et

2192 2913 2544 2985 receptione,
2562 2928 2688 2984 quae
2705 2926 2882 2980 supra
2898 2912 2955 2965 in
2970 2909 3220 2965 solemni
3237 2909 3858 2981 processioneannun-

2192 3003 2453 3061 tiationis
2486 3002 2735 3057 breviter
2773 2999 3173 3071 exposuimus,
3206 3001 3494 3055 observat.
3538 3000 3844 3072 Ingressus

2193 3095 2502 3168 palatium,
2535 3091 2679 3148 ritus
2710 3093 2897 3147 sancti
2926 3089 3162 3146 Sabbati
3192 3105 3394 3146 omnes
3425 3089 3700 3146 celebrat.

418 3174 680 3252 αγγελίω
741 3179 1059 3254 κατίρχεται
1112 3174 1201 3232 διὰ
1256 3183 1357 3248 τῆς
1417 3177 1638 3250 ξυλίνης
1693 3179 1918 3253 σκάλας,
1993 3185 2084 3239 καὶ
2160 3183 2461 3262 ἐξέρχεται,
2519 3178 2864 3251 τελεσθείσης
2922 3186 3021 3250 τῆς
3079 3177 3339 3242 ἐκτενοῢς·
3399 3181 3453 3235 ἐν
3510 3179 3679 3255 ταύτῃ
3749 3178 3855 3256 γὰρ

419 3268 494 3338 τῇ
564 3265 740 3341 ἡμέρᾳ
805 3269 840 3337 ἡ
908 3265 1025 3322 θεία
1080 3264 1395 3343 λειτουργία
1449 3268 1512 3322 οὐ
1569 3267 1808 3326 τελεῖται
1884 3273 2082 3344 ἅπασα,
2154 3271 2283 3329 ἀλλ’
2351 3269 2457 3334 ’ἐως
2531 3275 2629 3327 τοῦ
2706 3267 3046 3347 Εὑαγγελίου
3102 3270 3193 3324 καὶ
3251 3275 3354 3338 τῆς
3420 3266 3716 3330 ἒκντενοῦς.
3751 3269 3852 3323 Καὶ

428 3353 662 3425 ἐξελθὼν
705 3357 734 3411 ὁ
795 3355 1057 3431 βασιλεὺς
1113 3356 1165 3412 ἐν
1219 3362 1299 3430 τῷ
1357 3352 1610 3432 ἐμϐόλῳ,
1688 3360 1764 3424 ὡς
1831 3358 2070 3436 εἴρηται,
2145 3361 2364 3419 ἱππεύει
2439 3359 2611 3416 ἐκεῖσε
2681 3359 2816 3432 μετᾶ
2877 3362 2984 3414 τῶν
3044 3357 3180 3413 κατὰ
3236 3359 3543 3429 συνήθειαν,
3602 3355 3693 3413 καὶ
3752 3357 3861 3413 ἀπὸ

416 3449 532 3500 τῶν
590 3443 765 3500 ἐκεῖσε
823 3442 1252 3522 δηριγευόμενος
1311 3446 1608 3523 ἀπέρχεται
1680 3449 1731 3504 ἐν
1805 3454 1884 3523 τῷ
1960 3450 2236 3525 παλατίῳ,
2287 3448 2522 3506 ἐκτελῶν
2597 3448 2807 3504 ἅπαντα
2882 3447 2934 3503 ἐν
3009 3451 3078 3522 τῇ
3155 3444 3347 3520 διόδῳ,
3407 3448 3588 3503 στάσει
3663 3466 3722 3503 τε
3772 3447 3864 3502 καὶ

412 3532 596 3610 δοχῇ,
629 3534 689 3590 δν
718 3536 924 3610 τρόπον
951 3534 1208 3612 ἆνωτερω
1242 3535 1294 3593 ἐν
1325 3540 1395 3611 τῇ
1425 3535 1666 3593 καθόλου
1698 3538 2017 3615 προελεύσει
2064 3563 2162 3598 του
2212 3539 2632 3617 Εὐαγγελισμοῦ
2664 3538 2751 3594 ἐπὶ
2792 3537 2978 3610 λεπτῷ
3008 3536 3308 3612 ἐξεθέμεθα.
3349 3538 3445 3594 Καὶ
3481 3537 3741 3594 εἰσελθὼν
3785 3535 3862 3600 είς

411 3625 479 3679 τὸ
513 3621 812 3698 παλάτιον,
844 3624 996 3681 τελεῖ
1022 3626 1088 3681 τὰ
1117 3630 1215 3682 τοῦ
1238 3625 1399 3703 ἁγίου
1434 3622 1720 3683 Σαϐϐάτου
1750 3627 1978 3687 ἅπαντα.

1063 3721 1321 3776 ascita.
1363 3717 1478 3786 Ac‘.

419 3807 566 3863 Ὅσα
627 3801 714 3860 δεῖ
778 3803 1216 3884 παραφυλ-ᾴττειν
1263 3805 1772 3884 ⁸ἰπὶ-,χειροελεύσει
1850 3809 2094 3874 ὲνώσεως

1010 3876 1210 3948 Ἐκκλη
1222 3877 1340 3940 σίας
1389 3876 1516 3952 (69)’.

500 3966 707 4022 ’ἰστέον
764 3967 848 4022 δτι
903 3967 992 4022 καὶ
1053 3967 1087 4038 ὴ
1145 3966 1469 4044 προέλευσις
1524 3976 1626 4040 τῆς
1683 3971 1927 4035 ἓνώσεως
1993 3977 2092 4042 τῆς

431 4052 772 4126 Ἐκκλησίας
818 4056 893 4119 ὡς
940 4058 1031 4112 καὶ
1080 4059 1136 4112 αἱ
1185 4055 1376 4114 λοιπαὶ
1429 4059 1781 4135 προελεύσεις
1823 4060 2096 4118 ὶπιτελεῖο

425 4165 542 4201 ται·
575 4147 670 4202 καὶ
717 4147 823 4222 γὰρ
878 4145 1203 4223 ἐμπράττως
1261 4153 1373 4224 (70)
1425 4151 1452 4205 ὁ
1505 4151 1764 4224 βασιλεὺς
1811 4151 1994 4208 ἄπεισι
2024 4152 2096 4221 ³³,

423 4237 522 4291 καὶ
558 4238 613 4291 αἱ
646 4232 813 4312 δοχαὶ
845 4238 983 4294 κατὰ
1025 4240 1196 4294 τύπον
1241 4239 1513 4315 γίνονται,
1565 4237 1832 4312 δηλονότι
1863 4243 1953 4297 καὶ
1983 4247 2094 4297 τῶν

429 4322 635 4398 δήμων
669 4325 805 4381 κατὰ
831 4327 895 4382 τὸ
927 4326 1124 4390 εἰωθὸς
1164 4327 1614 4406 ἀκτολογούντων
1656 4328 1707 4386 ἒν
1757 4337 1873 4394 τοῖς
1903 4330 2098 4395 τόποις

437 4414 638 4475 αὐτῶν,
691 4416 753 4473 Ὀ
803 4413 858 4472 δὲ
911 4417 1168 4493 βασιλεὺς
1218 4417 1601 4496 ἀπερχόμενος
1645 4415 1750 4482 ’ἕως
1800 4425 1900 4475 τοῦ
1940 4419 2100 4495 ἁγίου

445 4503 698 4576 ῳρέατος,
755 4505 1117 4584 ἀποστέφεται
1183 4506 1377 4580 ἰκεῖσε,
1432 4509 1544 4564 εἶτα
1601 4505 1893 4584 δεξαμένου
1942 4508 2102 4564 αὐτὸν

446 4593 551 4646 τοῦ
586 4595 950 4670 πατριάρχου,
989 4595 1324 4671 ἀπέρχονται
1377 4597 1680 4678 ἀμφότεροι
1721 4597 1797 4660 είς
1843 4599 1936 4654 τὸν
1978 4599 2102 4654 ναὸν

443 4687 552 4751 τῆς
606 4685 789 4759 Ἀγίας
847 4683 1116 4760 Εἰρήνης.
1181 4687 1280 4744 Καὶ
1341 4683 1410 4756 δὴ
1468 4694 1567 4758 τῆς
1639 4687 2101 4760 ἐκκλησιαπικῆς

435 4773 624 4843 πάσης
681 4775 884 4843 τάξεως
951 4772 1315 4849 τελουμένης,
1402 4775 1714 4852 ἐπαίρουσιν
1786 4777 1878 4834 ἀπ’
1937 4777 2102 4833 αὐτοῦ

429 4867 536 4917 τοῦ
591 4866 724 4918 ναοῦ
773 4871 874 4934 τῆς
931 4865 1128 4943 ’Δγίας
1171 4866 1412 4940 Εἰρήνης
1459 4867 1526 4936 τὴ
1579 4864 1758 4938 λιτήν,
1815 4870 1906 4924 καὶ
1959 4868 2103 4924 ὑπο-

2745 3717 2978 3775 CAPUT
3027 3717 3276 3774 XXXVI.

2206 3810 2554 3868 Observanda
2610 3811 2669 3866 in
2724 3810 3064 3880 processione
3131 3807 3356 3864 uniuni:
3421 3805 3706 3873 Ecclesix,
3760 3819 3856 3863 seu

2346 3885 2574 3956 quando
2614 3892 2794 3938 tomus
2822 3884 3045 3936 uniom':
3089 3880 3348 3938 Ecclesiae
3374 3880 3714 3950 prztegitur.

2278 3972 2724 4028 Observandum
2755 3978 2863 4041 est,
2889 3970 3327 4041 processionem
3362 3985 3600 4041 quoque
3631 3968 3868 4025 unionis

2206 4061 2474 4120 Ecclesite
2504 4077 2570 4118 eo
2600 4060 2740 4127 ritu,
2765 4075 2878 4130 quo
2911 4069 3126 4115 cetera
3159 4059 3583 4130 processiones,
3608 4056 3856 4115 institui.

2208 4155 2527 4223 Imperator
2555 4150 2713 4205 enim
2764 4148 2837 4204 ad
2885 4147 3174 4220 templum
3215 4164 3350 4204 eum
3386 4148 3597 4205 ofticiis
3630 4147 3773 4211 abit,
3804 4149 3863 4203 et

2208 4239 2569 4312 receptiones
2603 4253 2706 4311 pro
2738 4254 2895 4294 more
2937 4238 3352 4307 instituuntur,
3384 4238 3663 4293 factiones
3694 4235 3865 4292 sciti-

2209 4333 2302 4387 cet
2333 4331 2390 4384 in
2423 4328 2548 4384 suis
2579 4326 2931 4384 stationibus
2961 4327 3014 4383 ei
3045 4326 3390 4382 acclamanl.
3418 4325 3636 4382 Deinde
3667 4323 3741 4380 ad
3772 4339 3862 4379 sa-

2210 4435 2377 4475 crum
2411 4422 2647 4490 puteum
2703 4417 3044 4488 procedens,
3078 4431 3352 4472 coronam
3404 4415 3667 4486 deponit,
3709 4413 3866 4468 no

2209 4509 2408 4580 ibique
2455 4525 2490 4563 a
2538 4504 2871 4578 patriarcha
2917 4510 3216 4577 exceptus,
3266 4520 3402 4560 cum
3452 4504 3580 4575 ipso
3631 4519 3747 4558 una
3791 4503 3868 4558 ad

2213 4605 2428 4655 sancte
2461 4599 2656 4654 Irenes
2686 4595 2894 4668 pergit.
2928 4595 3166 4651 Peracto
3208 4593 3290 4650 ibi
3339 4592 3536 4649 divino
3567 4591 3762 4648 ofﬁcio
3790 4591 3865 4648 ab

2213 4689 2344 4762 ipso
2368 4689 2428 4744 S.
2451 4688 2645 4744 Irenes
2677 4686 2894 4757 templo
2925 4700 3196 4757 pompam
3225 4683 3552 4751 ordiuntur,
3587 4689 3641 4739 et
3685 4679 3771 4738 sic
3800 4681 3863 4737 in

2214 4776 2588 4851 processione
2608 4775 2678 4831 ad
2703 4773 2987 4847 templum
3028 4774 3087 4830 S.
3113 4772 3342 4844 Sepbiaa
3373 4770 3607 4842 reversi,
3632 4785 3732 4843 per
3760 4785 3864 4843 gy-

2212 4885 2458 4926 naceum
2490 4871 2546 4924 et
2576 4867 2912 4923 narthecem
2934 4866 3066 4938 ejus
3086 4865 3228 4921 aedis
3250 4865 3496 4933 intrant,
3513 4864 3764 4934 datoque
3783 4860 3870 4918 ibi

439 4952 765 5030 πρὲφουσιν
812 4951 888 5016 εἷς
936 4954 1030 5010 τὸν
1074 4953 1200 5010 ναὸν
1259 4961 1360 5025 τῆς
1427 4953 1613 5032 Ἁγίας
1690 4957 1898 5037 Σοφίας
1947 4955 2105 5013 λιτα-

2216 4955 2603 5030 processionis
2631 4956 2857 5023 ordine,
2879 4954 3161 5010 introitus
3184 4953 3272 5020 fit,
3296 4955 3644 5025 imperatore
3674 4954 3735 5009 ot
3765 4967 3871 5022 pa-

440 5039 713 5112 νεῦοντες,
744 5039 834 5098 καὶ
887 5040 1228 5122 εἰσέρχονται
1277 5041 1370 5100 διὰ
1409 5048 1508 5100 τοῦ
1554 5034 1868 5122 γυναικείου
1903 5047 2102 5122 μέρους

2219 5046 2479 5106 triarcba
2499 5062 2633 5105 cum
2656 5044 3053 5103 sacerdotibus
3065 5043 3344 5102 omnibus
3360 5043 3745 5117 ingrediente.
3761 5039 3872 5096 Re-

1802 5177 2042 5235 νΑΒΙΑΕ
2080 5175 2498 5235 LECTIONES.

512 5289 562 5326 εί
591 5295 714 5354 ταῖς
743 5308 863 5351 om.
901 5294 995 5353 ed.
1072 5292 1122 5330 ³³
1151 5309 1211 5350 τε
1240 5311 1359 5354 om.
1391 5297 1486 5354 ed.
1563 5293 1765 5351 ἂπίεισι
1797 5313 1924 5370 cop.
1968 5301 2027 5354 et
2056 5297 2151 5354 ed.

1509 5423 1709 5482 JOAN.
1748 5424 1894 5481 JAC.
1938 5422 2198 5482 REISKII
2237 5416 2825 5480 COMMENTARIUS.

514 5545 634 5616 (69)
659 5543 788 5601 Vid.
825 5544 1061 5600 dissert.
1093 5542 1178 5601 Cl.
1213 5541 1433 5601 Leichii
1466 5543 1536 5600 de
1587 5543 1704 5600 vita
1735 5542 2104 5600 Constantini

445 5617 816 5690 Porphyrog.
848 5616 1005 5690 §IV.

517 5684 793 5761 (7'O)'Es't
850 5689 1019 5761 idem
1058 5690 1234 5761 atque
1291 5684 1648 5761 ἒμπρᾴκεῳς,
1688 5703 1814 5761 cum
1868 5687 2107 5761 solemne

441 5758 735 5832 comitatu,
769 5767 833 5816 ut
876 5759 1053 5832 vertit
1095 5758 1262 5816 Goer.
1305 5758 1462 5830 apud
1504 5759 1848 5832 Tbeopbap.
1891 5775 1946 5830 p.
1973 5758 2105 5832 335,

446 5849 534 5901 ιη
582 5829 902 5906 νο1,ἰ]ιιοιὶ
948 5830 1104 5888 idem
1156 5835 1262 5900 est,
1311 5829 1440 5888 cum
1485 5829 1723 5889 solemne
1759 5829 2016 5905 οὸειάιιίο
2046 5835 2112 5886 ut

2216 5541 2384 5597 vertit
2413 5538 2759 5608 Anastasius
2791 5555 2848 5608 p.
2883 5537 3034 5599 334..
3056 5536 3172 5608 vid.
3211 5540 3294 5592 Du
3325 5535 3519 5606 Cange
3551 5533 3742 5608 Gloss.
3774 5534 3871 5589 Gr.

2215 5613 2275 5668 h.
2330 5630 2380 5682 ν,
2431 5610 2511 5682 De
2569 5602 2902 5682 ἐμπράττοις
2956 5609 3042 5665 vel
3076 5602 3535 5682 ἐμπράκτοιςξὸξ
3565 5602 3866 5682 ἀπράττοις

2215 5684 2302 5742 νεὶ
2347 5674 2646 5758 ἀπράκτοὶς
2684 5674 3081 5758 dignitatibus
3108 5674 3318 5758 'dicam
3371 5695 3476 5758 suo
3521 5674 3669 5733 loco.
3705 5674 3869 5728 Ἀπι-

2219 5775 2321 5811 εισι
2345 5746 2440 5813 θεῖ’
2461 5769 2693 5829 quoque
2722 5754 2780 5811 in
2813 5752 3009 5812 codice
3041 5769 3054 5809 :
3093 5751 3197 5810 sed
3228 5753 3340 5824 leg.
3375 5746 3579 5802 ἄπεισι.
