4158 6386
311 403 423 464 431

1393 397 1912 460 CONSTANTINI
1950 393 2652 459 POBPHYROGENITI

3612 396 3731 456 432

309 535 492 589 dsunt
538 533 734 588 autem
777 546 865 601 eo,
917 530 1019 603 qui
1068 530 1128 588 in
1179 530 1422 604 reliquis
1476 529 1954 604 processionibus

2086 534 2166 598 τῆς
2199 527 2366 594 αὑτῆς
2408 525 2708 597 ἐκκλησίας
2759 527 2852 582 καὶ
2891 530 2988 583 τοῦ
3031 527 3318 604 νάρθηκος,
3361 525 3450 582 καὶ
3497 523 3736 582 ἀποδόνο

309 625 590 687 servatur,
625 620 849 677 ordine.

2069 639 2155 682 τες
2187 617 2360 674 ἐκεῖσε
2389 619 2490 688 τήν
2539 623 2640 688 τῆς
2681 615 2844 688 λιτῆς
2884 615 3234 689 ἀκολουθίαν,
3287 617 3500 694 γίνεται
3542 619 3578 687 ἡ
3620 616 3740 672 εἲσ-

309 708 459 782 οδος,
490 710 580 766 καὶ
609 707 869 766 εἶσοδεύει
895 711 923 765 6
959 709 1210 786 βασιλεὺς
1238 713 1328 768 καὶ
1361 714 1388 768 6
1420 711 1768 790 πατριάρχης
1802 712 1937 786 μετά
1964 710 2054 766 καὶ
2080 711 2299 767 πάντων
2329 713 2437 766 τῶν
2467 708 2678 785 ἱερέων.
2702 709 2787 768 Τὰ
2809 705 2868 766 δέ
2884 712 2986 776 τῇς
3021 709 3369 788 ὑποστροφῆς
3402 708 3734 766 ἐπιτελεῖται

305 803 484 864 καθὼς
514 802 602 858 καὶ
633 801 685 858 ἐν
712 807 829 865 ταῖς
853 801 1075 866 λοιπαῖς
1101 804 1483 879 προελεύσεσι.

858 901 1092 958 CAPUT
1131 903 1410 961 XXXVII.

313 993 638 1051 Observatio
667 992 746 1066 de
790 993 1050 1060 vestibus,
1103 995 1374 1066 quomodo
1421 994 1488 1050 ab
1537 993 1965 1064 imperatoribus

455 1067 516 1122 in
541 1064 701 1136 leuis
731 1066 926 1120 diebus
957 1082 1021 1121 ac
1046 1064 1490 1137 processionibus
1517 1071 1819 1122 mutentur.

383 1157 430 1211 Ι.
454 1159 522 1212 In
544 1160 750 1212 sancta
771 1159 828 1211 et
851 1171 1064 1228 magna
1083 1155 1387 1213 Dominica
1409 1154 1968 1222 Pascbatis,domini

311 1243 587 1301 violaceis
612 1243 1038 1315 scaramangiis
1071 1251 1126 1300 et
1148 1245 1306 1317 sagis
1333 1260 1473 1301 auro
1506 1245 1801 1316 pretextis
1821 1261 1851 1300 e
1872 1261 1968 1317 pa-

312 1333 454 1391 latio
488 1334 961 1406 progrediuntur,
996 1335 1054 1389 in
1085 1333 1354 1390 cubiculo
1385 1334 1650 1408 dapbnes
1676 1332 1883 1390 loricas
1913 1337 1970 1388 et

313 1423 579 1479 tzitzacia
611 1427 863 1491 mutant,
895 1422 1077 1496 ﬁtque
1106 1423 1187 1478 ibi
1221 1422 1503 1481 solemnis
1535 1423 1596 1480 in
1629 1439 1840 1496 magno
1861 1423 1965 1478 tri-

316 1513 491 1570 clinio
513 1511 632 1568 XIX
649 1513 1024 1570 accubituum
1050 1511 1346 1582 salutatio,
1369 1531 1484 1586 qua
1505 1522 1760 1586 peracta,
1777 1513 1970 1569 tzitza-

315 1603 421 1660 ciis
455 1603 758 1674 depositis,
789 1603 916 1660 lora
945 1613 999 1660 et
1039 1621 1305 1672 coronas,
1341 1605 1505 1661 albas
1555 1604 1687 1661 illas
1731 1605 1968 1676 quidem

314 1698 416 1749 aut
429 1693 662 1762 rubras,
684 1697 951 1760 sumunt,
980 1709 1158 1749 manu
1174 1693 1420 1751 sinistra
1431 1694 1722 1766 scipiones
1738 1709 1966 1756 aureos.

313 1782 564 1854 gemmis
595 1787 652 1838 et
683 1783 1018 1854 margaritis
1049 1788 1308 1850 ornatos,
1329 1785 1523 1839 dextra
1545 1799 1681 1839 vero
1712 1783 1969 1839 acaciam

315 1874 583 1928 fuerunt:
608 1873 692 1928 sic
711 1874 1030 1944 processio,
1049 1877 1110 1928 ut
1125 1890 1308 1946 supra
1328 1873 1788 1940 observavimus,
1803 1870 1971 1927 insti-

312 1962 517 2017 tuitur.
538 1961 853 2018 Sciendum
877 1967 985 2031 est,
1010 1962 1299 2030 dominos,
1324 1962 1608 2034 templum
1631 1979 1696 2018 ac
1720 1965 1970 2019 metato-
2003 1994 2050 2059 B

314 2049 464 2106 rium
496 2066 599 2122 pro
633 2067 793 2107 more
818 2050 1142 2123 ingressos,
1177 2050 1300 2108 lora
1323 2051 1632 2123 deponere,
1655 2055 1713 2108 et
1745 2067 1877 2107 cum
1902 2053 1973 2107 ad

316 2139 444 2196 loca
457 2141 1128 2208 sacra,communionem
1146 2146 1523 2213 sanctamque
1535 2158 1760 2198 cuinam
1778 2140 1970 2214 prodi-

315 2246 376 2286 re
406 2229 634 2300 volunt,
657 2245 774 2286 non
798 2229 920 2286 lora
942 2231 1043 2287 sed
1078 2229 1416 2301 chlamydes
1449 2231 1710 2289 induere.
1737 2229 1974 2288 Reversi

318 2321 508 2376 autem
547 2319 618 2374 ad
665 2318 974 2390 palatium,
999 2319 1123 2376 lora
1157 2323 1214 2376 et
1244 2337 1488 2377 coronas
1519 2324 1784 2388 sumunt,
1818 2318 1867 2376 si
1896 2318 1975 2375 al-

315 2407 451 2462 bam
478 2423 670 2476 mane,
705 2408 762 2463 in
788 2409 977 2464 reditu
1005 2409 1269 2475 rubram,
1293 2410 1344 2466 si
1376 2411 1612 2465 rubram
1636 2410 1872 2480 egressi,
1897 2407 1976 2464 al-

317 2497 454 2552 bam
489 2497 802 2554 redeuntes
832 2498 1007 2568 capiti
1033 2497 1367 2570 imponunt.
1403 2504 1583 2555 Porro
1615 2497 1838 2555 domini
1881 2497 1975 2554 die

319 2590 578 2642 secunda
599 2587 994 2644 renovationis
1013 2604 1042 2644 e
1061 2587 1276 2660 palatio
1301 2589 1539 2660 egressi,
1561 2588 1694 2644 alba
1715 2603 1975 2660 auroque

321 2675 546 2731 intexta
575 2678 987 2749 scaramangia
1017 2682 1074 2733 et
1099 2678 1349 2749 gemmis
1371 2683 1609 2734 ornatos
1632 2676 1854 2747 gladios
1875 2692 1974 2748 ge-

323 2769 502 2822 stant.
531 2764 594 2820 In
620 2764 837 2838 templo
861 2771 1054 2821 autem
1071 2767 1561 2824 Dominicoronas
1577 2766 1772 2822 viriles
1799 2765 1976 2836 capiti

328 2852 573 2920 addunt,
628 2857 685 2908 et
729 2855 797 2908 ad
847 2857 903 2910 S.
956 2855 1014 2911 S.
1065 2854 1470 2926 Apostolorum
1521 2855 1705 2911 edem
1737 2854 1975 2926 abeunt,

327 2961 571 3015 eamque
601 2945 905 3002 dibetesiis
936 2946 1086 3004 albis
1117 2965 1182 3004 ac
1210 2949 1427 3005 tunicis
1470 2949 1594 3005 suis
1646 2947 1851 3016 induti,
1894 2947 1980 3003 in-

327 3038 510 3101 trant,
545 3035 788 3090 reduces
819 3035 1046 3108 vesperi
1086 3036 1316 3094 colobia
1347 3042 1404 3094 et
1450 3037 1699 3110 gemmis
1743 3041 1980 3094 ornatos

2686 902 2954 959 ΚΕΦΔΛ.
3004 901 3126 960 ΛΖ’.

2078 991 2198 1065 Χρή
2234 987 2459 1061 εἰδέναι,
2493 993 2610 1065 πῶς
2667 987 3054 1065 ἀλλάσσουσιν,
3096 991 3149 1065 οἱ
3200 987 3458 1046 δεσπόται
3491 979 3564 1047 ,ἐν
3609 995 3732 1056 ταῖς

2535 1062 2747 1138 ἑορταῖς
2775 1061 2866 1117 καὶ
2899 1059 3278 1137 προελεύσεσι.
3527 1075 3530 1077 λ

2145 1156 2230 1222 Δ’,
2263 1156 2348 1228 Τῇ
2381 1152 2508 1230 ἁγίᾳ
2547 1151 2638 1207 καὶ
2671 1149 2890 1230 μεγάλῃ
2938 1155 3180 1226 Κυριακῇ
3219 1156 3318 1207 τοῦ
3358 1153 3558 1229 Πάσχα
3587 1151 3736 1228 ἐξέρ-

2077 1265 2272 1323 ’χονται
2326 1245 2378 1299 οἱ
2437 1243 2691 1300 δεσπόται
2751 1243 2856 1298 ἀπὸ
2912 1247 3010 1298 τοῦ
3067 1240 3336 1297 παλατίου
3390 1245 3524 1317 μετά
3571 1241 3736 1314 ὀξεων

2079 1333 2506 1411 σκαραμαγγίων
2565 1333 2658 1388 καὶ
2724 1330 3299 1408 χρυσοπερικλείστων
3360 1331 3584 1409 σαγίων,
3642 1331 3732 1389 καὶ

2075 1429 2132 1482 ἓν
2183 1429 2262 1497 τῷ
2308 1429 2528 1480 κοιτῶνι
2581 1424 2681 1493 τὴς
2733 1420 2940 1502 δάφνης
2989 1421 3324 1479 ἀλλάσσουσι
3355 1423 3421 1478 τὰ
3466 1425 3734 1499 θωράκια,

2078 1509 2511 1591 περιϐάλλονται
2567 1510 2623 1568 δὲ
2687 1513 2779 1568 καὶ
2843 1511 2911 1567 τὰ
2954 1513 3258 1583 τζιτζάκια,
3307 1512 3400 1567 καὶ
3445 1511 3651 1589 γίνεται
3705 1513 3733 1568 6

2078 1604 2364 1677 ἀσπασμὸς
2417 1605 2528 1676 (71)
2577 1599 2629 1656 ἐν
2669 1606 2749 1674 τῷ
2791 1599 3016 1676 μεγάλῳ
3065 1599 3327 1676 τρικλίνῳ
3372 1606 3479 1656 τῶν
3529 1602 3593 1655 ιθ“
3637 1599 3733 1656 ἀκ-

2080 1689 2378 1763 κουϐίτων,
2439 1691 2531 1746 καὶ
2585 1691 2720 1765 μετὰ
2767 1691 2860 1746 τὸν
2929 1691 3214 1764 ἀσπασμὸν
3288 1686 3619 1746 ἐκϐάλλουσι
3667 1689 3736 1746 τὰ

2078 1782 2360 1853 τζιτζάκια
2389 1780 2480 1834 καὶ
2511 1774 2947 1853 περιϐάλλονται
2998 1780 3124 1842 τοὺς
3177 1777 3396 1854 λώρους
3427 1781 3520 1835 καὶ
3571 1781 3737 1853 στεμ-

2085 1892 2250 1946 ματα,
2281 1870 2326 1926 εἰ
2373 1868 2684 1941 κελεύουσι,
2747 1866 2916 1924 λευκὰ
2974 1866 3082 1925 εἴτε
3142 1869 3354 1943 ῥούσια,
3413 1869 3502 1925 καὶ
3553 1867 3606 1924 ἐν
3641 1870 3737 1943 μὶν

2079 1961 2149 2036 τῇ
2212 1960 2481 2034 εὐωνύμῳ
2530 1958 2679 2035 χειρὶ
2736 1962 2993 2033 κρατοῦσι
3046 1957 3339 2029 σκηπίονας
3389 1963 3627 2035 χρυσοῦς
3679 1957 3738 2014 ἐκ

2085 2049 2255 2107 λίθων
2301 2049 2391 2106 καὶ
2443 2049 2736 2125 μαργάρων
2785 2047 3217 2125 ἠμφιεσμένους,
3268 2069 3322 2104 εν
3375 2045 3430 2104 δὲ
3475 2053 3544 2122 τῇ
3591 2047 3738 2120 δεξιᾷ

2083 2141 2230 2217 χειρὶ
2280 2141 2380 2210 τὴν
2429 2140 2788 2213 ἀνεξικακίαν·
2842 2140 2908 2193 τὰ
2965 2136 3023 2193 δὲ
3067 2145 3168 2209 τῆς
3207 2137 3581 2214 προελεύσεως
3619 2137 3743 2193 ἐπι-

2079 2230 2343 2299 τελεῖται,
2384 2228 2566 2293 καθὼς
2615 2229 2930 2306 εἰρήκαμεν.
2985 2227 3206 2300 Ἰστέον,
3256 2225 3363 2299 ὅτι,
3403 2232 3510 2284 τῶν
3544 2225 3745 2283 δεσποσ-

2079 2321 2187 2376 τῶν
2234 2315 2649 2374 εἷσοδευσάντων
2698 2318 2838 2372 κατά
2891 2318 2953 2373 τὸ
3013 2317 3205 2382 εἰωθὸς
3260 2317 3350 2372 καὶ
3381 2314 3738 2382 εἰσελθόντων

2081 2409 2134 2466 ἐν
2182 2413 2262 2480 τῷ
2314 2427 2662 2483 μητατωριῇ,
2715 2401 3047 2462 ἐκϐάλλουσι
3091 2408 3219 2470 τοὺς
3264 2404 3502 2482 λώρους,
3547 2405 3636 2461 καὶ
3669 2403 3734 2476 δή

2082 2494 2420 2560 ἐκϐαίνοντες
2459 2496 2535 2559 εἷς
2584 2498 2648 2551 τὰ
2681 2495 2805 2571 ἃγια
2849 2499 2962 2570 (72)
3011 2495 3102 2551 καὶ
3151 2496 3226 2557 εἰς
3257 2497 3360 2566 τὴν
3401 2495 3611 2572 ἀγάπην
3641 2495 3730 2550 καί

2084 2589 2158 2651 εἰς
2209 2589 2307 2658 τήν
2353 2585 2664 2653 κοινωνίαν,
2716 2583 2782 2640 οὑ
2839 2580 3272 2660 περιϐάλλονται
3321 2585 3444 2647 τοὺς
3493 2583 3728 2661 λώρους,

2081 2677 2227 2732 ἀλλά
2256 2673 2573 2752 χλαμύδας·
2625 2674 2676 2729 ἐν
2729 2675 2786 2730 δὲ
2830 2680 2910 2748 τῷ
2960 2675 3312 2753 ὑποστρέφειν
3348 2674 3540 2736 αὐτοὺς
3576 2672 3627 2728 ἐν
3652 2676 3734 2745 τῶ

2082 2765 2356 2840 παλατίῳ,
2389 2760 2822 2841 περιϐάλλονται
2853 2764 2979 2828 τοὺς
3031 2764 3248 2842 λώρους
3287 2764 3378 2820 καὶ
3433 2762 3738 2838 στέμματα,

2085 2855 2130 2911 εί
2164 2855 2258 2928 μὲν
2291 2854 2342 2909 ἐν
2374 2858 2453 2927 τῷ
2485 2855 2631 2930 πρωὶ
2670 2851 2860 2924 λευκὰ,
2915 2852 2968 2909 ἐν
3021 2859 3090 2929 τῇ
3145 2853 3466 2932 ὑποστροφῇ
3526 2851 3742 2930 ῥούσια,

2086 2945 2129 3002 εἰ
2186 2943 2242 3000 δὲ
2299 2944 2379 3017 τῷ
2436 2943 2584 3018 πρωῒ
2651 2943 2863 3020 ῥοὺσια,
2919 2939 2971 2997 ἐν
3029 2946 3099 3016 τῇ
3162 2944 3480 3018 ὑποστροφῇ
3550 2939 3740 3001 λευκά.

2088 3034 2303 3104 Ἰστέον,
2341 3033 2448 3104 ὅτι,
2480 3037 2588 3088 τῶν
2620 3029 2897 3088 δεσποτῶν
2942 3035 3013 3107 τῇ
3063 3029 3284 3107 δευτέρᾳ
3322 3037 3423 3102 τῆς
3456 3028 3743 3102 διακαινη-

329 3121 558 3195 gladios
589 3130 645 3179 et
671 3121 834 3180 albas
863 3140 1109 3182 coronas
1153 3132 1438 3196 sumunt;
1489 3127 1581 3183 sin
1611 3143 1743 3183 vero
1775 3126 1974 3182 tiaram

2090 3123 2256 3198 σίμου
2298 3119 2403 3178 άπὸ
2427 3125 2525 3176 τοῦ
2569 3120 2840 3177 παλατίου
2887 3119 3280 3200 ἐξερχομὲνων,
3312 3117 3747 3196 περιϐάλλονται

331 3228 434 3269 seu
468 3212 712 3286 tupbam
746 3213 926 3286 capiti
961 3214 1263 3288 imponere
1314 3215 1568 3285 malunt,
1599 3215 1710 3272 hoc
1753 3232 1974 3287 quoque

2090 3211 2157 3267 τὰ
2181 3211 2351 3267 λευκά
2378 3214 2555 3288 χρυσᾶ
2581 3210 2972 3288 σκαραμάγγια
3001 3210 3090 3265 καὶ
3121 3210 3187 3266 τά
3217 3208 3436 3266 διαλιθα
3465 3211 3678 3267 τούτων
3708 3211 3757 3246 ³⁸

332 3319 365 3359 a
408 3301 836 3360 consuetudine
887 3320 1004 3359 non
1054 3303 1308 3362 alienum
1358 3305 1628 3361 habetur.
1663 3307 1807 3360 Ill
1869 3305 1974 3360 Hac

2094 3301 2314 3366 σπαθία.
2367 3301 2454 3357 Ἐν
2503 3297 2560 3355 δὲ
2623 3303 2692 3374 τῇ
2754 3300 2852 3355 τοῦ
2914 3299 3114 3375 Κυρίου
3161 3298 3426 3371 ἐκκλησίᾳ
3478 3294 3754 3375 περιϐάλ-

331 3392 642 3461 septimana
657 3391 1050 3448 renovationis
1065 3393 1344 3451 dibelesia
1358 3393 1836 3461 albainduunt,si
1850 3409 1974 3450 verc

2093 3392 2284 3447 λονται
2343 3389 2628 3463 στέμματα
2705 3389 2961 3464 πράσινα,
3020 3389 3110 3444 καὶ
3171 3391 3500 3466 ἂπέρχονται
3560 3389 3612 3445 ἐν
3678 3392 3749 3464 τῇ

328 3481 766 3552 processionem
799 3483 873 3536 ad
903 3482 1210 3553 templum,
1243 3488 1346 3540 aut
1375 3500 1664 3554 pompam,
1691 3487 1790 3539 aut
1822 3499 1981 3540 rece~

327 3569 589 3641 ptionem
612 3571 843 3628 institui
861 3571 1068 3641 jubent
1096 3571 1155 3628 in
1179 3572 1978 3644 palatio,tzitzaciainduunt.

326 3658 632 3716 Dominica
680 3676 829 3716 nova
877 3677 979 3716 seu
1026 3661 1362 3719 clausurum
1421 3666 1726 3734 portarum
1776 3663 1980 3718 eodem

328 3749 500 3806 modo
550 3750 898 3806 celebratur.
955 3751 1119 3822 Saepe
1167 3752 1366 3823 etiam,
1416 3752 1463 3807 si
1513 3751 1768 3808 dominis
1819 3752 1980 3818 libet,

328 3835 440 3892 hoc
472 3838 614 3894 festo
669 3854 770 3909 pro
801 3838 952 3894 albis
995 3856 1257 3912 auroque
1300 3840 1537 3897 intextis
1567 3839 1982 3912 scaramangiis

324 3941 622 3998 purpurea
641 3944 786 3983 auro
807 3935 1013 3984 ornata
1037 3929 1316 3986 induunt.
1344 3929 1404 3985 ln
1431 3930 1578 3987 festo
1601 3930 1804 3986 medias
1827 3933 1982 3986 Pen-

325 4020 576 4072 tecostes
608 4015 900 4074 similibus
934 4019 1266 4075 mutatoriis
1300 4024 1563 4076 utuntur.
1589 4020 1654 4076 In
1687 4020 1836 4077 festo
1869 4025 1980 4076 As-

325 4103 615 4161 censionis
647 4105 876 4162 Domini
906 4107 1327 4180 scaramangiis
1357 4109 1672 4166 triblatteis
1702 4125 1732 4165 e
1768 4109 1982 4182 palatio

324 4195 900 4267 progressi,celocem
916 4198 1388 4255 conscenduntet
1402 4199 1475 4255 ad
1489 4206 1716 4272 portam
1741 4215 1982 4257 auream

323 4284 563 4354 abeunt,
591 4285 688 4340 ubi
711 4285 906 4342 aureis
928 4287 1358 4362 gemmatisque
1379 4288 1592 4361 gladiis
1613 4289 1813 4358 cincti,
1831 4307 1981 4362 equo

320 4374 680 4432 ornamentis
715 4374 868 4432 circa
901 4375 1119 4434 collum
1151 4376 1438 4436 instructo
1470 4378 1785 4446 vehuntur,
1819 4384 1876 4436 et
1907 4379 1980 4436 ad

2094 3479 2358 3552 ἐκκλησίᾳ
2388 3485 2495 3535 τῶν
2527 3478 2728 3554 ’Δγίων
2757 3477 3138 3551 Ἀποστόλων,
3171 3479 3260 3536 καὶ
3309 3475 3748 3555 περιϐάλλονται

2091 3573 2158 3626 τά
2223 3571 2426 3625 ἑαυτων
2489 3568 2655 3624 λευκά
2708 3563 3006 3641 διϐητήσια
3059 3569 3148 3624 καὶ
3203 3570 3272 3625 τὰ
3330 3567 3588 3645 χλανίδια
3659 3570 3749 3626 καὶ

2094 3658 2450 3730 εἷσοδεὺουσι,
2484 3656 2674 3724 δείλης
2699 3655 2757 3714 δὲ
2779 3657 2830 3714 ἐν
2858 3662 2927 3732 τῇ
2962 3659 3277 3738 ὑποστροφῇ
3310 3655 3749 3734 περιϐάλλονται

2092 3751 2158 3806 τά
2186 3744 2458 3820 κολώϐια,
2503 3744 2670 3822 ἤγουν
2721 3749 2849 3808 τοὺς
2889 3747 3077 3823 κριοὺς
3123 3751 3259 3822 (73),
3298 3749 3390 3803 καὶ
3427 3749 3496 3806 τὰ
3527 3746 3749 3804 διάλιθα

2097 3839 2360 3908 ζωστίκια
2391 3835 2587 3892 σπαθία
2615 3835 2706 3892 καὶ
2749 3838 3034 3911 στέμματα
3065 3835 3253 3907 λευκά,
3287 3835 3394 3892 εἷδὶ
3429 3838 3750 3912 βουληθῶσι

2097 3926 2324 4004 βάλλειν
2358 3926 2454 3990 τὰς
2484 3924 2702 4000 τιάρας,
2732 3923 2901 4002 ἤγουν
2928 3927 3024 3988 τὰς
3063 3925 3288 4006 τοὺφας,
3319 3921 3752 4003 περιϐαλλονται

2091 4017 2280 4081 αὑτάς.
2326 4017 2546 4088 Ἰστὲον,
2601 4016 2684 4071 ὅτι
2733 4015 2902 4092 ταύτῃ
2952 4019 3020 4090 τῇ
3070 4011 3338 4091 ἱϐδομάδι
3382 4023 3482 4087 τῆς
3543 4015 3754 4072 διακαιο

2090 4107 2328 4182 νησίμου
2370 4111 2629 4184 φοροῦσιν
2682 4107 2735 4161 οἱ
2786 4103 3044 4163 δεσπόται
3093 4110 3160 4163 τά
3206 4105 3386 4182 ἅσπρα
3431 4102 3748 4179 διϐητήσια,

2093 4198 2141 4254 εἷ
2173 4196 2230 4254 δὲ
2272 4196 2593 4274 βουληθῶσι
2643 4204 2872 4268 ποιῆσαι
2921 4197 2956 4266 ἢ
3006 4198 3305 4272 πρόκενσον
3361 4196 3412 4254 ἐν
3460 4195 3743 4266 ἐκκλησίᾳ,

2095 4289 2203 4344 εἴτε
2233 4287 2395 4356 λιτήν
2428 4286 2535 4342 ε’ἰτε
2575 4283 2750 4362 δοχὴν
2795 4286 2848 4342 ἐν
2884 4290 2963 4359 τῷ
2992 4283 3272 4362 παλατίῳ,
3320 4279 3742 4361 περιϐάλλονται

2090 4379 2159 4435 τά
2200 4375 2501 4448 τζιτζάκια.
2556 4374 2772 4448 Ἰστὲον,
2837 4375 2920 4433 ὅτι
2976 4379 3046 4450 τῇ
3103 4380 3266 4452 καινῇ
3310 4379 3553 4453 Κυριακῇ
3609 4374 3746 4446 (πω,

1688 4505 1930 4564 VARI/E
1969 4503 2382 4564 LEGTIONES.

389 4592 435 4628 ⁹⁴
463 4591 674 4648 τούτων
703 4610 818 4652 om.
853 4595 950 4651 ed.

1374 4714 1574 4772 JOAN.
1615 4715 1760 4773 JAC.
1802 4716 2062 4774 REISKII
2101 4712 2691 4773 COMMENTARIUS.

325 4907 335 4918 ⁸
392 4838 503 4918 (71)
531 4839 590 4894 Id
622 4845 713 4896 est
742 4840 1038 4918 veneratio
1069 4840 1767 4918 Augustiietgratulatio,
1791 4860 1907 4915 qua

392 4859 503 4907 ru;
531 4859 590 4894 ια
622 4859 713 4896 est
742 4859 1038 4897 veneratio
1069 4859 1316 4912 augusti
1347 4859 1404 4898 et
1432 4859 1767 4911 gratulatio,
1791 4859 1968 4915 quam

323 4907 433 4978 ipsi
467 4925 734 4979 proceres
755 4911 827 4967 ob
849 4911 1064 4968 festum
1092 4913 1246 4968 diem
1273 4913 1518 4970 feliciter
1538 4915 1763 4970 aditum
1796 4922 1852 4970 et
1874 4915 1972 4971 ab-
2002 4883 2046 4947 Β

321 4980 598 5057 solgendu
611 4999 661 5057 ιη
674 4982 1021 5057 ,szepiusque
1035 4985 1124 5057 dei
1137 4985 1652 5057 ncepsiterandum
1672 4992 1966 5057 prestant.

395 4999 766 5049 ivennum,ss3
814 4999 1966 5057 iusquedelncepsuerandumprestant.

391 5051 506 5120 (72)
526 4999 832 5134 subinteﬁ.
858 5049 1028 5134 δῶρα.
1070 5056 1285 5134 Tripex
1315 5058 1423 5134 bic
1445 5065 1804 5114 memoratur
1834 5075 1971 5130 pro—

319 5138 522 5195 cessus
554 5127 1092 5195 imperatoris,dum
1129 5127 1187 5182 in
1219 5128 1462 5185 ecclesia
1493 5135 1601 5195 est,
1646 5146 1678 5184 e
1709 5147 1812 5186 suo
1836 5127 1971 5186 Vme-

320 5194 529 5276 tatorio
564 5211 576 5248 :
614 5197 666 5264 1)
693 5193 772 5276 είς
804 5194 872 5248 τά
892 5197 1040 5268 ἅγια,
1074 5203 1302 5276 quando
1334 5201 1516 5276 sacris
1549 5193 1808 5276 nondum
1832 5219 1968 5258 con-

319 5266 712 5346 secretim-sed
745 5283 877 5322 mox
908 5266 1339 5346 consecrandis,
1371 5273 1598 5329 obviam
1632 5274 1696 5340 it,
1729 5276 1868 5346 dum
1903 5289 1972 5330 ea

320 5337 380 5413 in
413 5337 653 5392 introitu
686 5355 898 5413 magno
931 5340 1204 5413 sicidicto
1237 5337 1336 5413 per
1367 5337 1690 5401 ecclesiam
1711 5345 1967 5400 circum-

319 5407 586 5490 feruntur
635 5407 968 5490 adoranda;
1005 5412 1073 5490 _2)
1122 5413 1191 5468 ad
1239 5407 1502 5488 'Agapen,
1544 5433 1648 5473 seu
1697 5419 1968 5473 osculum

316 5481 498 5546 pacis,
527 5481 592 5607 3%
615 5481 687 5536 ad
719 5482 1215 5564 communionem.

389 5550 497 5607 (73)
596 5559 716 5607 orte
764 5553 834 5607 ab
883 5561 1103 5607 mtexta
1156 5556 1215 5607 fi;

389 5550 497 5623 (73)
551 5550 716 5608 Forte
764 5553 834 5610 ab
883 5559 1103 5610 intexta
1156 5556 1342 5619 figura
1385 5561 1630 5616 arietum
1681 5559 1765 5616 sic
1810 5561 1967 5616 dicta

315 5621 702 5701 fueru'nlbzec
724 5627 968 5683 colobia.
997 5626 1266 5682 Ζωστίκια
1299 5629 1500 5685 σπαθία
1520 5631 1793 5688 videntur
1812 5649 1963 5701 esse,

315 5709 444 5763 quae
486 5711 515 5751 c
564 5695 798 5754 baltbeo
847 5705 1174 5774 gestantur,
1206 5719 1344 5774 cum,
1388 5702 1512 5759 alia:
1562 5705 1783 5774 spathae
1825 5695 1964 5771 sint,

315 5780 442 5835 quae
475 5783 686 5837 manu;
732 5764 1112 5843 παραζωνίδια
1158 5764 1414 5844 appellat
1452 5764 1764 5831 Athenaeus
1797 5776 1832 5830 l.
1870 5764 1963 5831 IV.

2158 4843 2270 4914 (74)
2303 4840 2478 4896 Varia
2511 4840 2752 4896 nomina
2781 4839 2958 4898 habet
2975 4839 3079 4914 hic
3098 4841 3226 4914 dies
3261 4840 3624 4914 Dominicus,
3649 4840 3753 4913 qui

2088 4911 2392 4987 preximus
2409 4927 2515 4987 seu
2541 4917 2742 4968 octava
2763 4916 2854 4987 est
2873 4930 2907 4969 a
2930 4913 3022 4970 die
3043 4911 3370 4987 Pascbatis.
3393 4911 3542 4987 Nam
3566 4913 3601 4980 ἡ
3633 4911 3755 4966 και.

2079 4979 2170 5054 νὴ,
2224 4989 2366 5042 item
2397 4983 2432 5050 ἡ
2464 4980 2554 5056 νέα
2589 4983 2858 5056 Κυριακὴ,
2893 4989 2956 5040 ut
2986 4988 3044 5056 et
3086 4984 3121 5055 ἡ
3173 4979 3600 5056 διακαινήσιμος
3650 5000 3753 5054 ap-

2081 5052 2357 5130 pellatur,
2391 5061 2448 5130 et
2476 5055 2512 5121 ἡ
2543 5052 2677 5130 ὤν’
2701 5052 2878 5126 θυρῶν
2909 5052 3331 5130 κεκλεισμένων,
3386 5052 3522 5128 quia
3564 5052 3749 5130 εινερ-

2079 5124 2300 5201 gelium
2335 5143 2350 5183 :
2385 5128 2453 5181 Et
2481 5142 2608 5201 cum
2627 5124 3032 5201 junu'aeessent
3058 5124 3283 5201 etcum,
3314 5124 3442 5201 tum
3475 5124 3747 5201 praalegi-

2079 5197 2278 5256 ἰοί-,Ἥ
2313 5197 2749 5271 Διακάινήσιμος
2782 5199 3020 5265 dicitur,
3055 5199 3189 5270 quia
3215 5197 3567 5271 neopboti'sti
3601 5205 3740 5252 tunc

2080 5289 2184 5344 pro
2215 5271 2426 5344 ultima
2448 5270 2578 5344 _vice
2627 5271 2688 5344 iu
2730 5271 2873 5344 albis
2924 5270 3336 5344 procedebant,
3385 5272 3746 5344 quapropter

2079 5338 2250 5400 etiam
2279 5344 2337 5397 in
2357 5341 2542 5396 latina
2563 5341 2809 5396 ecclesia
2832 5338 2948 5398 mea
2969 5343 3268 5398 dominica
3293 5338 3356 5398 in
3376 5338 3527 5397 Ᾱιὸίε
3547 5338 3749 5412 appel-

2079 5417 2274 5482 latur;
2304 5414 2338 5481 ἡ
2390 5411 2480 5466 νέα
2514 5419 2632 5486 aut
2659 5413 2692 5480 ἡ
2745 5413 3111 5486 καινήννεινο,
3157 5416 3294 5486 quia
3328 5419 3439 5486 est
3481 5411 3748 5486 proxime

2078 5489 2278 5543 futura
2300 5485 2593 5540 dominica
2619 5489 2745 5549 post
2769 5485 3139 5542 Dominicam
3163 5484 3377 5541 eximie
3400 5485 3482 5541 sic
3503 5484 3745 5553 dictam,

2076 5560 2133 5616 id
2167 5564 2257 5614 est
2284 5558 2439 5612 diem
2477 5556 2792 5612 Paschalis.
2824 5556 3014 5612 Simili
3040 5558 3212 5630 modo
3246 5573 3610 5630 usurpamus
3641 5572 3750 5612 nos

2075 5646 2274 5686 vocem
2306 5645 2414 5684 neu
2463 5630 2522 5683 in
2556 5643 2827 5684 sermone
2861 5635 3059 5685 nostro
3094 5645 3108 5683 τ
3142 5629 3232 5684 die
3261 5629 3411 5685 neue
3437 5629 3632 5685 Wache
3659 5631 3750 5684 est

2077 5703 2404 5774 septimana
2419 5700 2680 5774 proaime
2704 5699 2920 5772 futura,
2939 5701 3282 5760 imminens.
3299 5700 3429 5756 Vid.
3457 5703 3538 5756 Du
3553 5703 3747 5774 Cange

2077 5772 2264 5833 Gloss.
2298 5772 2396 5830 Gr.
2430 5788 2488 5845 p.
2519 5772 2651 5826 769.
