4158 6422
269 315 387 382 435

1325 302 1848 367 CONSTANTINI
1889 303 2590 368 PORPHYROGENITI

3573 300 3694 365 436

269 451 332 508 in
368 449 524 506 circo
547 461 775 519 pagana
803 442 1148 500 vestimenta
1175 455 1442 514 proceres
1471 438 1814 496 atrabaticas
1834 441 1922 492 tu-

2042 434 2128 490 οῖα
2157 433 2580 509 κελεύουσι,καὶ
2624 437 2729 493 ἀπὸ
2767 440 2865 493 τοῦ
2915 434 3260 515 Εὖαγγελίου
3313 432 3692 511 ὑποστρέφου-

272 543 434 598 nicas
464 539 720 609 gestant.
739 535 803 589 In
821 532 1245 590 certaminibus
1263 532 1636 603 equestribus
1658 527 1928 584 omnibus

279 643 574 701 purpurea
597 623 881 679 dibctcsia
898 628 951 680 et
974 621 1312 694 chlamydes
1334 635 1678 690 purpureas,
1704 622 1763 673 et
1781 631 1930 688 quas

277 719 478 775 volunt
510 731 776 772 coronas.
800 714 861 770 In
896 717 1042 769 festo
1065 718 1401 769 sanctorum
1417 709 1731 766 Luminum
1755 708 1812 762 in
1828 723 1928 762 cu-

274 805 470 864 biculo
483 804 746 874 dapbnes
763 807 972 874 praeter
987 800 1279 856 debetesia
1292 805 1348 855 et
1364 799 1588 854 tunicas
1610 809 1931 868 purpureas

271 896 526 951 Venetas
555 909 821 960 coronas,
853 891 912 946 in
946 891 1132 946 reditu
1163 889 1350 954 albas,
1381 891 1643 943 sumunt.
1687 887 1750 940 1n
1784 884 1928 939 lesto

280 1002 564 1044 occursus
594 999 696 1040 seu
729 978 1159 1038 Puriﬁcalionis
1190 979 1250 1034 B.
1304 977 1496 1034 Marias
1527 976 1781 1032 violacea
1820 989 1930 1030 sua

279 1075 684 1143 scaramangia
725 1074 978 1136 mutant,
1032 1076 1089 1125 et
1121 1067 1312 1123 celoce
1361 1068 1430 1122 ad
1482 1063 1764 1136 templum
1807 1066 1925 1118 ter-

277 1168 498 1222 sanctie
529 1162 792 1234 Deiparaa
813 1159 872 1216 in
902 1157 1235 1214 blachernis
1266 1156 1573 1224 vehuntur,
1605 1154 1779 1225 inque
1800 1154 1928 1224 ejus

278 1253 550 1312 cubiculo
585 1265 881 1324 purpurea
932 1247 1211 1304 dihelesia
1240 1251 1298 1302 et
1339 1245 1559 1302 similes
1590 1243 1929 1317 chlamydes

277 1343 554 1401 induunt.
583 1339 896 1408 Dominica,
918 1336 1516 1408 sanctislmaginibus
1541 1334 1929 1390 restitutissa-

278 1449 396 1501 cra,
438 1448 470 1488 e
500 1429 714 1502 palatio
754 1427 1025 1484 violaceis
1058 1425 1486 1498 scaramangiis
1530 1423 1654 1480 suis
1685 1426 1743 1478 et
1772 1421 1929 1494 sagis

276 1536 419 1578 auro
441 1519 680 1575 intextis
701 1517 969 1580 veniunt,
997 1519 1054 1571 et
1092 1515 1163 1570 ad
1189 1514 1608 1570 catechumena
1631 1513 1685 1568 S.
1704 1510 1929 1582 Sophia:

273 1611 590 1684 progressi,
611 1625 904 1681 purpurea
918 1607 1225 1674 dibetesia,
1242 1615 1290 1661 et
1315 1622 1444 1677 quae
1459 1605 1528 1660 ad
1557 1622 1620 1660 ea
1637 1603 1932 1675 pertinent

275 1699 613 1770 chlamydes
643 1698 916 1766 induunt,
949 1701 1005 1750 et
1035 1710 1170 1750 cum
1205 1693 1452 1749 solemni
1488 1709 1700 1765 pompa
1733 1693 1934 1764 ingre—

2038 545 2119 580 σιν
2171 521 2399 604 ἔφιπποι
2452 529 2590 602 μετά
2635 531 2743 583 τῶν
2805 529 3142 603 χιωμάτων.
3205 526 3432 595 Ἰστὲον³
3490 523 3575 580 ὅτι
3626 525 3695 596 τῇ

2036 616 2196 690 ἑορτῇ
2227 624 2326 686 τῆς
2355 619 2641 693 Ὑψώσεως
2672 615 3042 673 ἀλλάσσουσιν
3079 619 3131 672 οἳ
3163 614 3417 672 δεσπόται
3450 615 3516 670 τὰ
3558 633 3694 688 πορ-

2036 711 2177 782 φυρᾶ
2217 703 2515 779 διϐητήσια
2554 708 2644 764 καὶ
2689 709 2786 771 τάς
2850 708 3068 764 τούτων
3111 704 3425 782 χλαμύδας.
3477 705 3696 772 Ἰστέον,

2034 793 2218 871 ὅτιτῇ
2274 799 2437 873 ἑορτῇ
2483 803 2580 854 τοῦ
2632 798 2785 873 ἁγίου
2848 798 3172 872 Δημητρίου
3231 795 3599 851 ἀλλάσσουσιν
3643 793 3696 849 οἱ

2035 884 2375 944 δεσπόταιτά
2399 894 2651 968 πορφυρᾶ
2691 886 2992 960 διϐητήσια
3023 889 3115 943 καὶ
3148 889 3245 949 τὰς
3292 886 3497 943 τούτων
3553 883 3698 961 χλα-

2037 974 2230 1051 μῦδας.
2289 978 2512 1050 Ἰστέον,
2573 982 2655 1035 δτι
2707 984 2777 1055 τῇ
2840 981 3008 1055 ἑορτῇ
3058 982 3155 1035 τοῦ
3223 979 3697 1052 ’Λρχιστρατήγου

2035 1065 2400 1123 ἀλλάσσουσιν
2432 1071 2484 1124 οἱ
2531 1067 2788 1146 δεσπρται
2834 1068 2902 1124 τά
2958 1073 3216 1147 πορφυρᾶ
3268 1063 3568 1137 διϐητήσια
3605 1066 3699 1120 καὶ

2033 1155 2130 1217 τὰς
2175 1158 2384 1213 τούτων
2453 1159 2766 1234 χλαμύδας.
2834 1158 3063 1228 Ἰστέον,
3123 1158 3316 1230 ὅτιτῇ
3375 1157 3538 1228 ἑορτῇ
3587 1160 3698 1211 τῶν

2031 1247 2477 1323 Χριστουγέννων
2511 1247 2565 1304 ἐν
2595 1253 2676 1322 τῷ
2713 1252 2939 1304 κοιτῶνι
2968 1255 3070 1317 τῆς
3119 1244 3324 1325 δάφνης
3379 1244 3701 1302 ἀλλάσσου-

2037 1354 2118 1391 σιν
2148 1338 2199 1391 οἱ
2233 1335 2492 1394 δεσπόται
2563 1339 2631 1394 τά
2682 1339 2934 1418 πορφυρᾶ
2973 1333 3271 1408 διὸητήσια
3299 1336 3514 1398 καὶτὰς
3572 1333 3700 1390 τού-

2038 1447 2148 1482 των
2177 1425 2472 1501 χλαμύδας
2494 1429 2585 1484 καὶ
2637 1429 2918 1501 στέμματα
2967 1427 3224 1503 πράσινα,
3255 1426 3306 1480 ἐν
3343 1423 3400 1481 δὲ
3434 1428 3506 1499 τῇ
3563 1424 3700 1480 ὑπο-

2040 1520 2251 1590 στροφῇ
2303 1517 2589 1592 στὲμματα
2658 1517 2844 1574 λευκά.
2917 1518 3130 1587 Ἰστέον,
3174 1517 3260 1572 ’ὁτι
3287 1515 3356 1591 τῇ
3386 1514 3570 1589 ἡμέρᾳ
3598 1518 3698 1570 τοῦ

2038 1605 2210 1661 Βότου
2240 1609 2284 1644 ³⁸
2333 1609 2444 1680 (78)
2494 1609 2546 1663 ὲν
2602 1613 2682 1680 τῷ
2753 1605 3113 1684 ἱπποδρομίῳ
3190 1604 3556 1661 ἀλλάσσουσιν
3644 1605 3699 1660 οἱ

2043 1693 2298 1752 δεσπόται
2337 1697 2404 1752 τά
2462 1698 2694 1772 παγανὰ,
2743 1697 2833 1752 καὶ
2866 1698 2916 1751 οἱ
2956 1697 3225 1772 ἄρχοντες
3271 1694 3338 1750 τὰ
3366 1689 3700 1770 ἀτραϐατικά

274 1789 555 1856 diuntur;
586 1786 799 1842 deinde
836 1801 1001 1840 sacro
1033 1781 1340 1855 Evangelio
1385 1784 1442 1838 in
1491 1781 1930 1838 catechumenis

2050 1783 2329 1860 χλανίδια.
2391 1787 2722 1856 Ἰστὲον,ὃτι
2753 1785 2804 1841 ἐν
2843 1792 2960 1849 τοῖς
3015 1787 3264 1847 ἱππικοῖς
3332 1788 3492 1840 πᾶσιν
3537 1784 3702 1839 ἱππο-

275 1879 496 1944 audito,
521 1877 593 1932 ad
626 1875 780 1931 aedes
837 1872 1252 1944 patriarcbales
1281 1871 1616 1927 discedunt.
1674 1874 1739 1928 In
1787 1872 1926 1926 festo

276 1964 758 2026 Annuntiationis
780 1962 1169 2020 sanctissimas
1186 1961 1445 2034 Virginis
1468 1961 1725 2032 Deiparae
1748 1963 1806 2015 in
1826 1977 1924 2016 cu-

275 2055 472 2113 biculo
493 2055 756 2126 daphnes
785 2053 1069 2109 dibetesia
1100 2067 1392 2123 purpurea
1422 2067 1488 2106 ac
1509 2051 1736 2107 similes
1759 2050 1927 2106 tuni-

277 2161 380 2203 cas
417 2144 632 2207 induti,
666 2159 799 2199 cum
851 2141 1221 2214 processione
1249 2141 1320 2196 ad
1369 2141 1582 2210 forum,
1635 2141 1769 2196 inde
1800 2145 1932 2212 post

277 2239 576 2290 extensam
601 2233 671 2288 ad
706 2231 985 2304 templum
1018 2231 1078 2287 S.
1103 2230 1355 2302 Deiparaa
1387 2229 1928 2300 chalcOprateorum

283 2323 756 2396 progrediuntur,
782 2321 881 2375 ubi
915 2319 1226 2391 purpureis
1255 2319 1569 2390 aureisque
1601 2335 1932 2375 scaraman-

278 2412 389 2486 giis
412 2411 627 2478 induti,
651 2410 891 2480 suisque
913 2408 1147 2480 gladiis,
1169 2413 1222 2463 et
1243 2408 1461 2478 quibus
1485 2406 1933 2466 voluntcoronis

279 2502 479 2570 cincti,
513 2503 751 2570 adsunt,
784 2499 1050 2571 praelecto
1072 2515 1204 2555 vero
1228 2498 1559 2571 Evangelia,
1593 2499 1760 2570 equis
1783 2501 1936 2556 circa

2049 1873 2298 1950 δρομίοις
2321 1877 2435 1950 (79)
2494 1874 2863 1930 ἀλΛάσσουσιν
2917 1876 2968 1930 οἱ
3028 1872 3282 1930 δεσπόται
3337 1875 3404 1928 τά
3450 1876 3705 1954 πορφυρᾶ

2038 1960 2336 2035 διϐητήσια
2359 1965 2576 2029 καὶτὰς
2621 1965 2833 2021 τούτων
2901 1962 3194 2041 χλαμύδας
3249 1963 3340 2018 καὶ
3395 1962 3702 2037 στέμματα.

2038 2057 2127 2109 οἷα
2185 2052 2519 2110 κελεύουσιν.
2577 2054 2795 2125 Ἰστέον,
2847 2055 2932 2109 ὅτι
2986 2057 3056 2128 τῇ
3117 2054 3278 2127 ἑορτῇ
3338 2056 3448 2108 τῶν
3533 2051 3700 2129 ἁγίων

2039 2141 2248 2197 Φώτων
2283 2139 2334 2196 ἒν
2385 2142 2466 2214 τῷ
2513 2147 2743 2197 κοιτῶνι
2802 2148 2903 2212 τῆς
2963 2138 3170 2219 δάφνης
3226 2138 3598 2195 ἀλλάσσουσιν
3648 2140 3701 2194 οἳ

2041 2228 2410 2286 δεσπόταιτᾶ
2461 2235 2714 2308 πορφυρᾶ
2786 2225 3085 2302 διϐητήσια
3150 2230 3238 2285 καὶ
3312 2230 3408 2291 τὰς
3488 2228 3701 2285 τούτων

2044 2318 2336 2396 χλαμύδας
2366 2321 2456 2374 καὶ
2507 2319 2795 2394 στέμματα
2826 2320 3037 2395 βὲνετα,
3069 2318 3120 2374 ἐν
3161 2316 3219 2374 δὲ
3261 2323 3332 2393 τῇ
3383 2319 3724 2397 ὑποστροφῇ·

2039 2408 2325 2484 στέμματα
2365 2407 2553 2464 λευκά·
2587 2408 2802 2477 Ἰστέον,
2835 2409 2919 2465 ὅτι
2953 2414 3020 2484 τῇ
3053 2411 3216 2483 ἔορτῇ
3272 2414 3374 2478 τῆς
3424 2408 3697 2463 ’Υπαπαν-

2039 2505 2138 2567 τῆς
2195 2496 2566 2553 ἀλλάσσουσιν
2617 2501 2677 2554 οἱ
2728 2495 2984 2554 δεσπόται
3042 2497 3150 2554 ἀπὸ
3231 2502 3329 2553 τοῦ
3418 2495 3684 2552 παλάτίου

277 2591 494 2648 collum
528 2589 771 2661 pulchre
801 2589 1024 2644 ornatis
1079 2591 1321 2644 domum
1365 2587 1682 2644 vehuntur.

2042 2588 2106 2644 τά
2156 2589 2278 2658 όξὲα
2329 2587 2504 2643 αὐτῶν
2576 2589 2979 2664 σχαραμάγγιά,
3038 2588 3129 2643 καὶ
3183 2588 3553 2662 εἰσερχόμενοι
3619 2585 3697 2650 εἷς

276 2680 368 2736 τὸν
429 2676 711 2753 δρόμωνα,
761 2676 1102 2756 ἀπέρχονται
1153 2673 1204 2731 ἒν
1257 2679 1338 2747 τῷ
1400 2680 1512 2747 ναῷ
1578 2679 1677 2741 τῆς
1740 2675 2028 2752 ὑπεραγίας
2087 2677 2355 2734 Θεοτόκου
2401 2675 2456 2732 ἒν
2527 2677 2896 2752 Βλαχὲρναις,
2965 2677 3017 2732 ἐν
3067 2674 3124 2732 δὲ
3154 2682 3234 2750 τῷ
3287 2677 3456 2732 ἐκεῖσε
3483 2675 3704 2731 κοὶτῶνι

279 2768 618 2826 ἀλλάσσουσι
682 2769 749 2823 τὰ
806 2767 1083 2844 πορφαρά,
1154 2762 1448 2837 διϐητήσια
1505 2765 1594 2820 καὶ
1653 2766 1747 2829 τὰς
1792 2768 1999 2822 τούτων
2052 2765 2367 2843 χλαμύδας.
2426 2766 2648 2836 Ἰστέον,
2704 2767 2792 2823 ὅτι
2844 2772 2914 2842 τῇ
2950 2771 3190 2842 Κυριακῇ
3219 2769 3319 2835 τῆς
3356 2763 3705 2842 Ὀρθοδοξίας

279 2857 652 2915 ἀλλάσσουσιν
687 2858 737 2913 οἱ
772 2853 1028 2912 δεσπόται
1061 2857 1166 2912 ἀπὸ
1203 2859 1301 2910 τοῦ
1346 2854 1614 2911 παλατίου
1661 2857 1727 2911 τὰ
1794 2856 1914 2927 όξέα
1972 2857 2182 2913 τούτων
2244 2857 2628 2931 σκαραμάγγια
2685 2857 2774 2912 καὶ
2826 2857 2892 2912 τὰ
2946 2855 3477 2933 χρυσοπερίκλειστα
3529 2854 3710 2930 σαγία,

277 2949 367 3003 καὶ
421 2946 748 3022 ἀνέρχονται
811 2946 861 3001 ἐν
900 2951 1020 3007 τοῖς
1072 2943 1573 3020 χατηγουμενείοις
1630 2949 1730 3010 τῆς
1788 2945 1976 3021 Ἀγίας
2026 2946 2249 3023 Σοφίας,
2317 2944 2531 3000 κάκεῖσε
2582 2946 2922 3002 ἀλλάσσουσι
2977 2946 3045 3001 τά
3089 2949 3343 3023 πορφυρᾶ
3409 2939 3708 3014 διϐηττςσια

279 3037 498 3097 καὶτὰς
556 3037 764 3090 τούτων
823 3033 1139 3110 χλαμύδας,
1170 3036 1260 3089 καὶ
1292 3034 1665 3096 λιτανεύοντες
1710 3032 2075 3090 εἷ’σοδεύουσιν
2114 3038 2250 3108 (80).
2313 3035 2428 3098 Εἶθ’
2496 3036 2672 3097 οὓτως
2739 3035 3100 3110 ἀνερχόμενον.
3148 3035 3201 3092 ἐν
3256 3041 3374 3097 τοὶς
3428 3055 3707 3110 κατηχου-

287 3125 823 3198 μενείοις,ἀκοὸουσι
855 3129 956 3180 τοῦ
978 3125 1137 3199 ἁγίου
1173 3124 1508 3200 Εὐαγγελίου
1537 3124 1627 3179 καὶ
1658 3123 1992 3200 ἀπέρχονται
2031 3122 2084 3178 ἒν
2131 3128 2211 3195 τῷ
2261 3123 2659 3199 πατριαρχείῳ.
2714 3123 2929 3194 Ἰστὲον,
2991 3126 3076 3180 ὅτι
3131 3123 3201 3198 τῇ
3247 3127 3317 3198 τῇ
3376 3122 3541 3198 ἑορτῇ
3606 3127 3707 3178 τοῦ

285 3214 703 3290 Εὐαγγελισμοῦ
750 3222 850 3284 τῆς
900 3215 1194 3291 ὑπεραγίας
1259 3213 1524 3270 Θεοτόκου
1573 3213 1624 3268 ἐν
1686 3219 1766 3286 τῷ
1824 3218 2046 3269 κοιτῶνι
2101 3221 2201 3283 τῆς
2265 3211 2467 3290 δάφνης
2518 3212 2884 3269 ἀλλάσσουσιν
2942 3216 2994 3270 οἱ
3064 3211 3320 3270 δεσπόται
3404 3208 3708 3285 διϐητήσια

287 3309 542 3383 πορφυρᾶ
591 3306 677 3360 καὶ
738 3306 835 3367 τὰς
894 3306 1100 3360 τούτων
1133 3303 1448 3379 χλαμύδας,
1479 3304 1570 3360 καὶ
1603 3304 1928 3378 ἀνέρχονται
1979 3305 2115 3376 μετά
2161 3310 2262 3373 τῆς
2321 3302 2482 3373 λιτῆς
2519 3301 2624 3365 ἓως
2682 3308 2779 3358 τοῦ
2827 3305 3021 3382 φόρου,
3065 3306 3151 3359 καὶ
3187 3304 3292 3360 ἀπὸ
3331 3309 3434 3373 τῆς
3461 3301 3708 3366 ἐκτενοῦς

284 3395 641 3470 κατέρχονται
691 3397 826 3468 μετά
875 3403 974 3464 τῆς
1027 3397 1185 3466 λιτῆς
1250 3392 1352 3458 ἔως
1399 3401 1496 3451 τοῦ
1551 3399 1683 3450 ναοῦ
1735 3401 1834 3462 τῆς
1896 3395 2184 3470 ὑπεραγίάς
2233 3395 2502 3450 Θεοτόκου
2568 3399 2676 3450 τῶν
2718 3393 3196 3469 χαλκοπρατείων,
3251 3397 3469 3451 κάκεῖσε
3497 3393 3710 3451 ἀλλάσο

288 3487 528 3540 σουσιτά
557 3492 807 3565 πορφυρᾶ
829 3490 1006 3561 χουσᾶ
1036 3487 1443 3559 σκαραμάγγια,
1476 3481 1946 3559 περιϐαλλόμενοι
1993 3484 2083 3540 καὶ
2143 3487 2209 3540 τὰ
2253 3485 2460 3542 τούτων
2505 3485 2704 3541 σπαθία
2741 3487 2831 3540 καὶ
2891 3487 3197 3560 στέμματα,
3252 3486 3341 3541 οἶα
3395 3484 3707 3556 κελεύουσι,

287 3577 377 3629 καὶ
404 3573 511 3630 ἀπὸ
542 3578 638 3630 τοῦ
671 3574 1006 3651 Εὐάγγελῖου
1041 3576 1466 3651 ὑποστρέφουσιν
1495 3570 1721 3653 ἔφιπποι
1761 3575 1897 3648 μετά
1915 3581 2023 3630 τῶν
2055 3575 2382 3650 χιωμάτων.

830 3666 1060 3722 CAPUT
1098 3665 1410 3723 XXXVIII.

493 3754 844 3811 Obseruando
874 3757 935 3811 in
971 3757 1321 3812 coronatione
1352 3757 1725 3824 imperatoris.

360 3843 515 3900 113
548 3843 590 3898 l.
624 3849 842 3900 ()mnes
876 3848 934 3899 in
985 3844 1315 3900 mutatoriis
1362 3846 1697 3916 procedunt,
1732 3849 1942 3901 vestes-

290 3949 403 4004 que
433 3939 672 3989 senatus
703 3936 918 4001 omnis,
948 3950 1215 4005 proceres
1239 3934 1401 3990 schol
1423 3951 1570 3989 nrum
1604 3951 1670 3990 ac
1710 3941 1942 3991 caetero-

291 4037 420 4075 rum
454 4021 780 4077 officiorum
809 4029 1059 4087 mutant,
1084 4034 1136 4079 et
1162 4041 1298 4079 vasa
1331 4042 1430 4080 seu
1452 4041 1632 4096 arma,
1667 4025 1939 4082 dominos

289 4110 652 4174 comitaturi,
677 4112 1047 4182 depromunt.
1071 4113 1288 4168 Paratis
1304 4116 1595 4178 omnibus.
1623 4117 1942 4187 imperator

290 4202 698 4272 scaramangio
730 4218 836 4256 suo
868 4209 924 4257 et
949 4219 1088 4272 sago
1123 4221 1412 4275 purpureo
1438 4205 1705 4271 indutus,
1738 4222 1806 4260 ex
1835 4223 1937 4260 au-

289 4289 500 4360 gustali
534 4291 818 4361 procedit,
851 4295 906 4348 et
937 4291 1311 4348 cubiculariis
1333 4309 1468 4349 eum
1499 4295 1939 4365 comitantibus,

1970 3671 2021 3734 Ο

2659 3668 2922 3730 ΚΕΦΑΛ,
2967 3670 3098 3723 ΑΠ’.

2146 3759 2286 3814 Ὅσα
2315 3754 2398 3812 δεῖ
2423 3755 2862 3832 παραφυλάττειν
2892 3758 2980 3813 ἐπὶ
3013 3759 3261 3832 στεψίμῳ
3296 3756 3601 3819 Βασιλέως,

2121 3849 2192 3902 Α’.
2255 3845 2633 3922 Προὲρχονται
2686 3847 2883 3908 πάντες
2958 3848 3094 3920 μετά
3189 3845 3536 3920 ἀλλαξίμων,
3616 3847 3710 3902 καὶ

2046 3931 2310 3990 ἀλλάσσει
2371 3939 2514 3990 πάσα
2566 3938 2601 4006 ἡ
2657 3935 2965 4009 σῦγριλητος
3023 3936 3113 3992 καὶ
3156 3937 3226 3991 τά
3280 3935 3569 4009 ἀξιώματα
3596 3940 3710 3992 τῶν

2047 4021 2268 4098 σχολῶν
2298 4025 2388 4078 καὶ
2431 4028 2538 4078 τῶν
2587 4022 2800 4079 λοιπῶν
2849 4025 3166 4098 ταγμάτων,
3225 4025 3311 4079 καὶ
3372 4019 3708 4098 προλαμϐά-

2043 4133 2194 4167 νουσι
2247 4114 2315 4168 τά
2380 4115 2541 4183 σκεύη
2616 4115 2753 4186 πρὸς
2782 4113 2844 4169 τὸ
2907 4114 3190 4189 ὀψικεῦσαι
3257 4115 3384 4176 τοὺς
3415 4111 3698 4175 δεσπότας.

2047 4205 2143 4259 Καὶ
2167 4204 2257 4259 ’ὀτε
2287 4204 2466 4259 πάντα
2499 4205 2919 4276 ὲτοιμασθῶσιν,
2953 4204 3228 4280 ἐξέρχεται
3259 4205 3287 4259 ὁ
3354 4205 3607 4282 βασιλεὺς
3642 4201 3701 4255 ἐκ

2041 4299 2139 4350 τοῦ
2195 4295 2560 4368 αὖγουστὲως,
2607 4300 2790 4375 φορῶν
2841 4296 2904 4352 τὸ
2959 4296 3373 4373 σκαραμάγγιον
3415 4293 3576 4350 αὑτοῦ
3604 4288 3696 4347 καὶ

1644 4391 1886 4449 νΑῑιιίΕ
1930 4394 2348 4452 LECTlONES.

362 4475 412 4512 ³⁸
433 4478 532 4530 τοῦ
554 4475 711 4551 ἁγίου
734 4475 1024 4534 Βασιλειου
1051 4479 1145 4536 ed.
1177 4497 1279 4553 pro
1307 4484 1408 4536 τοῦ
1440 4475 1605 4553 βότου
1634 4484 1785 4551 quod
1811 4483 1971 4538 dedit
1996 4485 2061 4540 R.
2091 4485 2149 4538 in
2185 4485 2354 4539 notis.

1328 4579 1531 4636 JUAN.
1571 4581 1723 4637 JAC.
1777 4581 2042 4638 REISKII
2081 4581 2672 4642 COMMENTARIUS.

363 4675 474 4746 (78)
505 4675 603 4732 Dic
627 4677 757 4744 voti,
792 4692 906 4748 quo
937 4682 1135 4733 votum
1187 4680 1598 4748 peragebatur,
1632 4696 1734 4735 seu
1781 4686 1941 4735 voto-

291 4762 448 4823 rum,
483 4748 708 4823 scilicet
731 4765 830 4823 pro
854 4748 1042 4805 salute
1065 4751 1507 4823 imperatorum,
1543 4753 1940 4823 nuncupatio;

293 4819 402 4890 qui
413 4818 812 4890 festusdiesin
829 4823 1064 4876 tertium
1092 4818 1285 4877 Nonas
1301 4823 1406 4876 Jan
1417 4823 1610 4877 uarias
1628 4818 1942 4890 incidebat,

294 4894 354 4940 et
392 4887 549 4970 ludis
569 4889 929 4970 circensibus
951 4893 1350 4970 d_e_corabatur._
1384 4897 1686 4970 Propterea
1718 4897 1779 4970 lit
1803 4887 1946 4970 quo;

296 4957 534 5041 queuhic
564 4960 927 5041 loci_men_tio
979 4964 1376 5041 hippodromi,
1409 4957 1512 5041 cui
1541 4982 1673 5041 cum
1711 4957 1856 5022 testo
1887 4968 1942 5023 S.

297 5029 515 5095 Basilii,
549 5032 703 5110 quod
727 5033 783 5086 in
810 5029 1102 5110 Kalendas
1121 5029 1434 5092 Januari'as
1458 5038 1770 5110 incidebat,
1795 5055 1946 5095 com-

297 5114 474 5180 mune
513 5101 680 5180 nihil
731 5110 874 5160 erat.
935 5105 1082 5180 Vid_._
1120 5124 1296 5171 suora
1349 5125 1475 5180 cap.
1526 5108 1724 5174 XXIV,
1760 5101 1821 5165 et
1866 5117 1947 5165 Du

296 5169 698 5295 ῗὲἃῐῖςζὲηῗξὲεε.
724 5180 992 5247 utroque.
1008 5169 1237 5236 Miraris
1253 5169 1476 5236 tantam
1495 5169 1948 5253 discrepantiam

325 5258 648 5301 ecuonum.

370 5313 486 5395 (79)
516 5315 847 5395 lib-surdum
881 5322 938 5374 et
960 5319 1284 5395 ridiculum
1314 5322 1494 5379 videri
1536 5328 1732 5394 queat,
1771 5329 1828 5379 et
1861 5329 1952 5381 est

299 5388 562 5464 omnino,
597 5386 1160 5464 ἱππικᾲιπποδρόμια
1191 5393 1405 5461 dicere,
1449 5395 1497 5449 si
1531 5386 1598 5450 a'd
1636 5386 1950 5464 puritatem

295 5461 554 5537 veterum
586 5465 643 5514 et
665 5460 927 5537 _indolem
951 5460 1165 5536 lingua
1183 5460 1467 5537 exegeris.
1491 5466 1600 5522 Sed
1634 5460 1718 5521 sic
1748 5466 1948 5535 loque-

297 5525 475 5609 batur
504 5531 867 5609 Constantini
899 5525 1205 5603 saeculum,
1233 5525 1576 5609 ἱπποδρόμια
1606 5525 1948 5609 appellans,

299 5599 506 5691 omnia
511 5603 864 5691 spectacula,
897 5599 1261 5691 quaecunque
1282 5606 1336 5663 ἐν
1358 5599 1437 5691 τῷ
1458 5599 1822 5691 ἱπποδρόμῳ,
1845 5599 1951 5691 seu

301 5675 452 5728 circo
484 5675 933 5746 exhiberentur;
963 5675 1196 5736 etiamsi
1236 5675 1529 5753 equestria
1570 5675 1686 5739 non
1708 5675 1949 5756 essent,

2054 4685 2119 4758 ut
2159 4698 2487 4749 cursorum,
2538 4682 3041 4758 funambulorum,
3101 4684 3532 4758 θαυματουργῶν
3581 4700 3714 4758 om-

2056 4754 2220 4828 nium
2249 4771 2262 4821 ;
2299 4762 2363 4828 ut
2383 4761 2608 4810 veteres
2635 4753 2962 4828 ἀκροάματα
2984 4753 3355 4825 appellabant
3377 4753 3717 4827 spectacula

2054 4827 2252 4880 omnia
2271 4826 2533 4881 animum
2559 4826 3378 4893 exbilarantia,eliamsinihil
3405 4826 3712 4892 haberent,

2055 4898 2207 4970 quod
2251 4899 2573 4952 audiretur.
2623 4900 2744 4953 Erit
2789 4900 2988 4970 itaque
3029 4915 3146 4954 non
3196 4901 3564 4970 superﬂuum
3597 4901 3714 4970 τοῖς

2053 4966 2328 5040 ἱππικοῖς.
2364 4970 2642 5040 ut_videri
2675 4966 3025 5040 possitfsed
3058 4966 3410 5038 significabit
3439 4969 3618 5027 dictio
3648 4966 3717 5023 τὰ

2055 5038 2255 5114 ἱππικὰ
2288 5035 2633 5114 ἱπποδρόμια
2673 5035 2967 5114 equestria
3017 5035 3304 5099 circensis
3335 5059 3435 5099 seu
3469 5043 3528 5098 in
3560 5041 3716 5097 circo

2064 5112 2289 5183 edenda
2321 5112 2673 5183 spectacula.

2134 5182 2248 5254 (80)
2284 5180 2626 5240 1n_o|emni
2652 5183 2854 5240 litania
2875 5200 2976 5240 seu
3001 5185 3375 5256 processione
3398 5200 3500 5256 per
3529 5180 3710 5256 eccle-

2062 5254 2218 5329 siam
2244 5255 2422 5311 intrat
2443 5258 2501 5311 in
2533 5257 2876 5329 Tribunum.
2895 5254 3122 5313 Scilicet
3143 5261 3306 5329 prius
3327 5254 3517 5329 quam
3535 5255 3715 5329 intra-

2063 5330 2151 5381 ret
2203 5325 2521 5394 imperator
2567 5329 2627 5383 in
2659 5327 2865 5383 Navim
2917 5325 3197 5393 ecclesiae,
3257 5325 3606 5384 ascendebat
3652 5327 3712 5381 in

2060 5397 2520 5454 Catechumenia
2550 5398 2820 5471 protinus
2853 5414 2884 5454 e
2913 5399 3218 5467 Narthece,
3253 5401 3451 5471 ibique
3484 5402 3720 5468 sumpto

2061 5474 2271 5541 ornatu
2292 5471 2351 5524 in
2366 5471 2529 5526 illum
2548 5473 2698 5526 diem
2722 5486 3000 5538 congruo,
3021 5472 3434 5541 descendebat,
3455 5471 3721 5525 intrabat

2061 5539 2120 5616 i_n
2140 5539 2277 5616 _Nau
2289 5557 2341 5596 m
2353 5581 2373 5616 ,Α
2386 5552 2442 5598 et
2475 5559 2575 5616 per
2587 5558 2720 5599 eum
2741 5541 2800 5598 in
2821 5541 3068 5598 solemni
3085 5539 3457 5616 processione
3472 5541 3732 5599 intrabat

2063 5611 2337 5687 deinceps
2361 5614 2420 5669 in
2443 5611 2784 5687 ’lrribunam,
2817 5617 2876 5668 et
2902 5629 2972 5669 ex
2999 5611 3197 5687 ea'per
3224 5615 3487 5686 Cyclium
3521 5629 3724 5671 ascen-

2062 5683 2238 5741 debat
2270 5683 2474 5742 rursus
2506 5687 2563 5741 in
2595 5685 3068 5743 Catecbumenia.
