4158 6402
370 443 486 509 451

1435 417 1975 497 CONSTANTINI
2016 408 2714 488 PORPHYROGENITI

3671 405 3791 474 452

372 581 552 636 ticum
582 576 655 634 ad
684 575 812 632 XIX
830 573 1134 630 accubitus
1155 571 1321 646 quasi
1343 571 1412 628 ad
1437 584 1668 627 amores
1691 565 2023 627 transeunt,

2163 556 2461 611 ιποτιθοῦσι
2490 553 2537 588 ⁵1
2577 552 2644 606 τὰ
2685 549 2783 624 μὲν
2831 549 3114 624 στέμματα
3165 548 3220 605 ἰν
3257 551 3338 621 τῷ
3369 547 3517 619 αὖτῷ
3553 539 3795 621 κραϐάτ-

373 677 426 726 et
459 683 673 723 mensas
703 665 785 721 ibi
817 664 1188 722 accumbunt.

2131 667 2235 719 τῳ,
2291 645 2359 700 τὰ
2418 640 2475 698 δὲ
2531 641 2786 718 στεφάνια
2835 643 3110 715 κρεμῶσιν
3167 640 3224 694 οἱ
3291 644 3391 707 τῆς
3447 636 3650 708 τάξεως
3689 639 3788 690 τοῦ

372 725 769 811 πουὸουκλείου
833 751 884 807 ἒν
960 757 1042 825 τῷ
1113 749 1514 826 πενταπυργίῳ,
1592 747 1645 802 ἐν
1718 747 1763 817 ᾧ
1834 740 2056 826 Ἷστατᾳι
2097 738 2124 791 δ
2169 733 2456 826 βασιλικὸς
2472 821 2485 826 _
2530 725 2831 826 κραξδατξφς
3078 727 3169 783 καὶ
3246 728 3446 826 είξθέξυς
3519 725 3796 826 ἀξέξχον·

371 862 463 898 ται
521 844 574 899 οἱ
641 840 895 897 δεσπόται
961 810 1050 896 διδι
1087 844 1196 896 τῶν
1239 810 1569 894 διαέατιίιίῖιν
1607 834 1682 896 ὼς
1721 831 1808 888 ἐπὶ
1861 831 1953 885 τὸν
2005 825 2182 901 ἔρωτα
2228 825 2364 898 (97),
2443 821 2520 885 εἰς
2580 820 2647 874 τά
2719 819 2781 872 ιδ’
2858 812 3143 888 ἀκούδιτα,
3218 817 3308 872 καί
3367 810 3798 888 ἀκουμϐίζουσιν

375 935 464 992 ἰπὶ
511 942 579 1007 τῆ
591 957 614 999 ς
671 935 965 1011 τραπέζης.

743 1028 1180 1084 Acclamationes
1209 1025 1284 1081 ad
1313 1026 1646 1094 Augustam.

449 1137 515 1195 V.
569 1159 598 1188 ς(
641 1141 793 1192 Bene
844 1149 1169 1208 precemur,
1218 1136 1281 1189 ut
1322 1133 1487 1188 decet
1533 1127 1743 1200 gaudio
1801 1129 2024 1191 nostro,

2493 997 2831 1075 Ἀκτολογία
2860 997 2934 1061 εἰς
2963 998 3062 1066 τὴν
3094 997 3430 1074 Αὖγοῦσταν.

2211 1112 2286 1168 Ε’.
2321 1134 2348 1162 ‹‹
2399 1108 2826 1186 Εὖφημήσωμεν
2877 1106 3015 1162 κατὰ
3061 1105 3242 1182 χρέως
3281 1106 3379 1174 τήν
3413 1106 3588 1182 χαρὰν
3621 1107 3788 1178 ἡμῶν

378 1193 689 1298 Augustas!
727 1246 754 1275 »
804 1193 1082 1280 cantores
1117 1193 1208 1276 τ’·
1256 1223 1451 1292 Longa
1497 1193 1604 1274 tibi
1653 1222 1935 1288 tempora,
1993 1229 2028 1269 a

2167 1202 2229 1270 ἠν
2263 1199 2622 1276 Αὐγοῦστανί
2661 1221 2688 1248 ››
2731 1197 2792 1251 Οἱ
2823 1197 3071 1271 κράκται·
3119 1219 3148 1248 ‹‹
3189 1193 3404 1252 Πολλοί
3445 1216 3540 1250 σου
3583 1195 3804 1271 χρόνοι,

377 1282 505 1372 De;
522 1319 789 1388 promota
820 1311 1122 1386 Augusta!
1154 1334 1182 1362 »
1209 1282 1462 1383 populvus
1495 1313 1614 1364 ter:
1637 1329 1666 1358 ‹‹
1697 1282 1892 1377 Longa
1921 1301 2029 1358 tibi

2163 1283 2524 1364 ιεοπρόϐλητε
2553 1285 2880 1362 ΔύγοῦσταῙ
2916 1308 2946 1337 »
2979 1286 3006 1340 6
3041 1284 3172 1348 λαὸς
3222 1283 3282 1340 ἐκ
3317 1283 3527 1357 τρίτου,
3575 1309 3601 1336 ‹‹
3645 1282 3805 1341 Πολ-

381 1403 676 1476 temporal
711 1426 740 1454 »
771 1403 1047 1460 Cantores
1080 1417 1094 1456 :
1138 1423 1166 1452 «
1200 1401 1398 1472 Longa
1427 1397 1534 1454 tibi
1587 1407 1871 1464 tempora,
1901 1391 2028 1448 feli-

379 1495 621 1550 cissima
651 1497 954 1564 Augusta;
985 1513 1012 1542 »
1045 1490 1294 1563 populus
1325 1497 1447 1544 ter:
1475 1509 1503 1538 «
1527 1487 1720 1558 Longa
1750 1484 1852 1540 tibi
1885 1488 2031 1537 tem-

2142 1377 2234 1434 λοί
2268 1399 2364 1432 σου
2392 1377 2611 1455 χρόνοι.
2653 1398 2676 1428 υ
2720 1376 2787 1432 Oi
2818 1375 3068 1450 κράκται·
3123 1398 3149 1425 ‹‹
3183 1371 3397 1431 Πολλοί
3445 1394 3541 1428 σου
3584 1374 3810 1449 χρόνοι,

2139 1467 2511 1542 εὐτυχεστάτη
2559 1464 2882 1540 Αὐγοῦσταί
2919 1489 2948 1516 ››

2999 1465 3028 1518 ὁ
3079 1461 3214 1526 λαὸς
3261 1465 3324 1518 ἐκ
3349 1463 3559 1539 τρίτου,
3594 1489 3622 1517 ι(
3657 1461 3809 1520 Πολ-

380 1598 543 1656 pora.
577 1603 605 1633 ››
659 1551 984 1639 Cantores:
1021 1551 1064 1629 ‹‹⁸
1087 1551 1278 1651 Longa
1322 1578 1423 1632 tibi
1473 1551 1761 1645 tempore,
1820 1570 2034 1640 coniux

2163 1557 2234 1613 toi
2266 1578 2360 1612 σου
2396 1556 2590 1631 χρόνοι
2620 1557 2632 1611 ι
2671 1577 2693 1608 ο
2737 1555 2803 1611 Οἱ
2834 1554 3082 1627 κράκται·
3141 1575 3163 1602 ι
3200 1551 3411 1608 Πολλοί
3459 1575 3554 1610 σου
3587 1554 3808 1628 χρόνοι,

383 1640 642 1728 iiominil
678 1692 707 1722 »
758 1670 1010 1742 populus
1062 1677 1148 1724 ter
1179 1640 1257 1724 εἶ
1291 1667 1484 1738 Longa
1532 1640 1639 1719 tibi
1689 1672 1968 1733 tempora.
2003 1680 2032 1708 »

2163 1649 2177 1715 λλ
2212 1646 2445 1721 σῦζυγος
2473 1649 2570 1699 τοῦ
2603 1641 2904 1699 δεσπότουι
2940 1667 2970 1695 ››
3019 1643 3046 1698 6
3099 1641 3229 1704 λαὸς
3259 1641 3319 1698 ἐκ
3347 1642 3560 1718 τρίτου,
3594 1669 3620 1696 ι(
3655 1640 3808 1698 Πολ-

383 1758 658 1816 Cantores
692 1775 705 1815 :
741 1779 769 1809 ‹‹
798 1758 885 1813 Τιι
919 1757 1111 1813 divino
1142 1755 1420 1826 suffragio
1453 1753 1633 1809 electa
1664 1769 1724 1808 es
1750 1769 1764 1819 ;
1793 1773 1814 1800 ι
1853 1764 2034 1820 popu-

385 1852 479 1904 lus
511 1849 714 1906 eadem
748 1856 852 1904 ter.
884 1847 1161 1903 Cantores
1191 1862 1204 1902 :
1241 1865 1270 1896 «
1302 1843 1608 1899 Benedixit
1660 1841 1812 1896 Deus
1844 1837 2034 1895 omni-

384 1941 630 2009 potens;
664 1959 694 1988 »
727 1935 983 2010 populus
1014 1935 1218 1992 eadem
1252 1942 1355 1989 ter.
1387 1937 1666 1988 Cantores
1707 1946 1720 1986 :
1753 1951 1782 1980 «
1814 1929 1902 1984 Tu
1937 1926 2038 1982 Dei

2163 1890 2224 1971 bi
2300 1890 2549 1989 κράκται·

385 2026 574 2097 gratia
603 2042 735 2082 cum
759 2041 1015 2098 purpura
1045 2024 1362 2094 conjuncta
1383 2038 1444 2078 es
1470 2040 1484 2079 :
1513 2042 1541 2070 »
1567 2017 1816 2092 pepulus
1836 2016 2037 2072 eadem

387 2119 497 2169 ter.
557 2114 884 2171 Cantores:
931 2136 961 2164 ‹‹
1011 2113 1120 2179 Qui
1169 2121 1220 2168 te
1261 2126 1436 2166 manu
1488 2127 1594 2165 sua
1641 2107 1975 2171 coronavit;
2011 2125 2040 2154 »

391 2202 647 2275 populus
679 2204 878 2260 eadem
919 2206 1026 2257 ter.
1059 2201 1370 2256 Cantores:
1407 2222 1435 2249 «
1472 2201 1536 2254 At
1567 2198 1667 2268 qui
1699 2202 1756 2252 te
1787 2196 1859 2251 ad
1895 2195 2043 2249 hanc

395 2291 743 2364 dignitatem
792 2293 1054 2361 vocavit;
1092 2312 1120 2341 ››
1179 2288 1430 2362 populus
1487 2288 1609 2342 haec
1666 2291 1751 2340 ter
1813 2283 2042 2356 repetit.

388 2389 670 2442 Cantores
706 2400 720 2438 :
751 2406 780 2432 «
814 2383 1010 2453 Teque
1059 2395 1190 2435 cum
1241 2377 1480 2433 domino
1523 2375 1594 2430 N.
1639 2372 1978 2443 conjunxit;
2016 2391 2044 2418 »

391 2473 650 2547 pepulus
682 2474 884 2528 eadem
933 2475 1042 2525 ter.
1075 2470 1352 2526 Cantores
1384 2482 1396 2519 :
1433 2487 1460 2515 «
1494 2465 1782 2534 Tempora
1811 2466 1913 2516 tua
1943 2461 2044 2515 do-

397 2565 663 2634 minique
693 2565 906 2633 augeat
940 2577 952 2614 :
987 2581 1016 2610 »
1046 2557 1298 2630 populus
1340 2557 1544 2611 eadem
1576 2558 1680 2610 ter.
1714 2551 1994 2608 Cantores
2028 2563 2043 2602 :

395 2676 426 2705 «
461 2653 747 2710 Exaudiat
779 2651 929 2707 Deus
971 2647 1250 2720 populum
1281 2653 1544 2702 vestrum
1580 2663 1594 2712 ;
1628 2666 1658 2694 ››
1690 2643 1893 2699 eadem
1943 2656 2046 2711 po-

398 2742 573 2816 pulus
623 2747 734 2797 ter.
803 2741 1083 2796 Cantores
1137 2754 1212 2792 :«
1273 2735 1342 2792 N.
1405 2734 1794 2807 pientissimaa
1850 2736 2044 2804 Augu-

399 2839 504 2890 stas
557 2832 774 2888 multos
821 2844 1044 2896 annos;
1077 2850 1106 2878 »
1158 2824 1457 2899 populus:
1504 2846 1533 2875 ‹‹
1569 2823 1630 2879 In
1682 2821 1897 2879 multos
1940 2838 2047 2877 an-

399 2940 530 2992 nos,
563 2926 672 2978 etc.
707 2943 737 2971 ››

472 3082 564 3138 VI.
599 3079 1039 3137 Observandum
1081 3092 1218 3133 vero
1262 3079 1372 3142 est,
1404 3078 1460 3130 et
1503 3074 1647 3131 illud
1678 3073 1814 3131 olim
1864 3071 2050 3129 conti-

375 3173 562 3245 ‘gisse
591 3169 759 3240 tradi,
788 3177 870 3239 ut,
903 3171 1207 3240 postquam
1245 3165 1521 3220 factiones
1543 3164 1755 3218 dictam
1787 3166 2050 3218 actorum

2141 1733 2234 1790 λοί
2283 1755 2378 1789 σου
2429 1736 2643 1808 χρόνοι.
2694 1756 2722 1785 ››
2773 1733 2841 1789 Οἱ
2881 1732 3129 1807 κράκται·
3183 1757 3211 1784 ‹‹

3267 1733 3341 1787 Σὺ
3399 1730 3460 1787 ἐκ
3508 1731 3653 1797 θείας
3693 1733 3813 1806 qui.

2148 1845 2255 1902 φου
2315 1821 2769 1898 προεχειρίσθης·
2827 1846 2856 1874 ››
2927 1823 2955 1876 6
3024 1820 3156 1885 λαὸς
3208 1819 3268 1876 ἐκ
3330 1822 3515 1897 τρίτου
3575 1821 3812 1894 ὁμοίως.

2631 1936 2659 1963 ‹‹
2738 1909 3055 1986 Εὐλόγησεν
3130 1911 3158 1966 6
3227 1912 3356 1972 Θεὸς
3416 1912 3444 1965 ὁ
3503 1912 3813 1982 παντοκρᾶο

2151 2023 2286 2077 τωρ·
2351 2026 2379 2053 ››
2439 2002 2467 2056 6
2527 1999 2660 2062 λαὸς
2709 1999 2769 2054 ἐκ
2825 2001 2874 2075 γ“
2928 2000 3159 2073 ὁμοίως.
3219 2001 3286 2058 Οἱ
3341 2001 3590 2075 κράκται·
3653 2025 3682 2053 ‹‹
3743 2002 3816 2058 Σὺ

2157 2091 2500 2170 ὲνυμφεύθης
2538 2090 2587 2126 ⁵³
2645 2086 2705 2143 ἐκ
2758 2093 2891 2144 Θεοῦ
2937 2093 3006 2163 τῇ
3048 2089 3322 2165 πορφύρᾳ·
3379 2113 3406 2139 ››
3464 2090 3492 2144 6
3558 2087 3695 2150 λαὸς
3753 2089 3814 2146 ἐκ

2152 2177 2339 2252 τρίτου
2373 2175 2604 2250 ὁμοίως.
2641 2176 2708 2233 Οἱ
2738 2177 2986 2252 κράκται·
3033 2199 3061 2228 «
3116 2175 3477 2250 Στεφανώσας
3515 2197 3572 2230 σε
3598 2180 3666 2250 τῇ
3701 2173 3817 2247 ἰδίᾳ

2156 2265 2413 2342 παλάμῃ·
2459 2290 2487 2319 ››
2547 2267 2574 2321 6
2636 2265 2767 2327 λαὸς
2837 2265 2894 2320 ἐγ
2960 2264 3150 2340 τρίτου
3192 2266 3424 2339 ὁμοίως.
3457 2267 3524 2322 (ὶὶ
3563 2265 3813 2342 κράκται·

2157 2380 2184 2408 ‹‹
2221 2355 2380 2411 Ἀλλ’
2411 2355 2438 2408 6
2480 2355 2555 2416 εἷς
2582 2353 2784 2424 ταύτην
2826 2353 3058 2416 καλέσας
3097 2375 3162 2424 σε
3206 2357 3306 2425 τήν
3357 2356 3525 2426 ἀξίαν·
3566 2381 3585 2406 ι
3623 2357 3650 2411 6
3681 2355 3815 2417 λαὸς

2160 2443 2374 2517 ὁμοίως
2421 2441 2483 2498 ἐκ
2527 2445 2740 2517 τρίτου.
2791 2444 2856 2500 Οἱ
2905 2443 3154 2518 κράκται·
3207 2468 3235 2495 ‹‹
3280 2445 3384 2500 Καὶ
3417 2444 3662 2516 συζεύξας
3693 2465 3750 2498 σε
3783 2445 3811 2498 6

2159 2531 2311 2588 δεῖνα
2340 2537 2419 2604 τῷ
2448 2530 2707 2606 δεσπότῃ·
2743 2553 2767 2584 ι
2804 2533 2833 2586 6
2863 2531 2996 2593 λαὸς
3037 2531 3246 2605 ὁμοίως
3279 2531 3338 2587 ἐκ
3371 2533 3433 2607 γ’,
3465 2533 3531 2590 Οἱ
3560 2534 3808 2606 κράκται,

2158 2647 2186 2674 ‹‹
2221 2621 2366 2684 Τοὺς
2417 2623 2653 2697 χρόνους
2694 2643 2789 2677 σου
2837 2619 3107 2692 πληθύνει
3152 2621 3244 2677 σὺν
3295 2628 3374 2694 τῷ
3423 2620 3674 2692 δεσπότῃ·
3722 2647 3748 2671 ››
3781 2621 3812 2675 6

2160 2712 2293 2775 λαὸς
2343 2710 2402 2766 ἐκ
2444 2711 2632 2786 τρίτου
2666 2711 2896 2785 ὁμοίως.
2949 2712 3014 2769 Οἱ
3071 2711 3320 2786 κράκται·
3370 2735 3398 2764 ‹‹
3429 2710 3753 2768 Είσακούσει
3788 2710 3817 2764 6

2160 2803 2289 2863 Θεὸς
2318 2805 2416 2856 τοῦ
2448 2800 2586 2856 λαοῦ
2619 2802 2794 2874 ὑμῶν·
2830 2825 2859 2854 ››
2893 2801 2920 2856 6
2963 2801 3096 2865 λαὸς
3134 2799 3194 2856 ἐκ
3231 2801 3418 2878 τρίτου
3465 2801 3702 2874 ὁμοίως.
3751 2801 3822 2859 Οἱ

2161 2892 2410 2966 κράκται·
2482 2915 2511 2943 α
2571 2892 2616 2948 Ο
2675 2887 2819 2944 δεῖνα
2879 2897 2978 2961 τῆς
3037 2886 3426 2962 εὐσεϐεστάτης
3495 2889 3820 2966 Δύγούστης

2161 2978 2350 3036 πολλά
2377 2979 2444 3035 τὰ
2473 2974 2588 3050 ἔτη·
2631 3003 2657 3031 ››
2686 2980 2714 3034 6
2748 2979 2899 3051 λαὸς,
2935 3002 2959 3035 α
2997 2979 3400 3059 Πολυχρόνιον,
3429 3005 3458 3032 ››

2236 3071 2302 3140 ζ’.
2345 3067 2565 3128 Είόὲναι
2616 3065 2673 3124 δὲ
2720 3067 2822 3140 δεῖ,
2873 3071 2956 3125 ’ὁτι
2997 3068 3210 3144 λέγεται
3240 3072 3286 3108 ⁸³
3330 3071 3420 3127 καὶ
3459 3076 3624 3127 τοῦτο
3654 3091 3820 3148 γεγο-

2163 3164 2303 3218 νεναι
2352 3162 2397 3198 ⁸⁸
2445 3161 2599 3231 ποτε,
2651 3160 2734 3216 ὅτι
2783 3161 2919 3235 μετὰ
2959 3162 3024 3216 τὸ
3076 3161 3476 3236 πληρῶσαιτᾶ
3528 3162 3666 3236 μέρη
3716 3163 3822 3233 τὴν

400 3261 718 3320 formulam
751 3267 885 3316 ante
919 3257 1158 3324 scalam,
1185 3272 1303 3328 qua
1333 3256 1404 3310 ad
1437 3270 1818 3326 magnauram
1850 3267 2045 3309 ascen-

2163 3251 2560 3329 προρρηθεῖσαν
2610 3251 2942 3327 ἀκτολογίαν
3006 3253 3111 3326 πρὸ
3176 3257 3284 3308 τῶν
3344 3249 3663 3328 γραδηλίων
3718 3258 3823 3322 τῆς

405 3355 586 3422 ditur,
615 3351 911 3416 ﬁnierunt,
945 3349 1072 3404 duae
1105 3346 1386 3402 factiones
1419 3345 1829 3416 precederent,
1861 3349 1920 3398 et
1947 3345 2051 3397 Ve-

405 3440 525 3495 neti
557 3439 797 3509 quidem
827 3435 900 3491 ad
929 3450 1193 3499 scamna,
1225 3434 1282 3488 in
1315 3433 1441 3487 loco
1474 3447 1808 3503 magnauraa
1837 3430 2054 3486 arbori-

2157 3336 2468 3401 ἀναϐάσεως
2533 3347 2633 3410 τῆς
2706 3339 2980 3416 μαναύρας
3062 3342 3496 3416 προανέρχονται
3577 3342 3647 3396 τὰ
3725 3338 3825 3396 δύο

2163 3429 2324 3505 μέρη,
2375 3431 2466 3485 καὶ
2521 3431 2571 3484 οἱ
2624 3432 2719 3503 μὲν
2772 3431 2982 3486 Βένετοι
3033 3429 3348 3506 ἀνέρχονται
3398 3431 3474 3493 εἷς
3512 3432 3580 3486 τὰ
3610 3429 3823 3505 σχάμνα

403 3529 514 3584 bus
529 3526 754 3582 consito
777 3524 912 3580 hinc
937 3523 1073 3579 inde
1095 3520 1670 3594 posita,abirent,nec
1700 3534 2045 3591 responsum

2163 3519 2225 3574 τὰ
2255 3520 2519 3593 ἱστάμενα
2566 3518 2620 3574 ἐν
2667 3517 2748 3592 τῷ
2796 3527 2894 3589 τῆς
2949 3519 3226 3596 μαναύρας
3271 3516 3676 3594 ἂναδενδραδίῳ
3708 3521 3819 3592 (98)

405 3616 480 3673 ad
528 3623 765 3672 cantum
816 3629 990 3669 suum
1045 3612 1392 3682 acciperent,
1441 3615 1711 3665 cantores
1762 3625 1895 3664 vero
1945 3609 2051 3662 bas

405 3705 617 3762 deinde
663 3703 1116 3761 acclamationes
1165 3700 1477 3756 recitarent
1509 3716 1522 3755 :
1555 3721 1583 3749 «
1616 3698 1832 3754 Multos
1864 3713 2051 3753 annos

402 3794 852 3866 imperatoribus
886 3808 900 3848 :
932 3813 962 3843 η
993 3790 1209 3863 quibus
1253 3788 1527 3862 populus,
1559 3804 1687 3859 qua:
1721 3787 2052 3860 responderi

404 3885 614 3953 solent,
668 3882 1004 3954 respondet.
1065 3879 1385 3950 Postquam
1453 3878 1654 3950 sponsi
1719 3878 2050 3945 constitere,

406 3974 599 4047 prima
628 3971 882 4044 receptio
916 3972 1000 4038 (lt,
1045 3974 1102 4025 et
1131 3974 1399 4025 cantores
1446 3967 1818 4038 populusque
1865 3968 2053 4022 dictas

409 4063 852 4120 acclamationes
885 4061 1154 4116 recitent.
1188 4059 1328 4114 Post
1357 4057 1506 4113 hanc
1539 4058 1929 4129 receptionem
1963 4071 2054 4112 se-

406 4153 598 4208 cunda
627 4169 662 4206 a
709 4150 966 4206 Prasinis
1012 4164 1190 4220 parvo
1223 4145 1526 4202 intervallo
1556 4147 1614 4201 in
1645 4147 1848 4202 eodem
1887 4146 2054 4201 arbo-

408 4247 532 4298 reto
563 4237 1274 4310 inslituitur,sponsisque
1295 4235 1775 4302 consistentibus,
1791 4242 2057 4292 cantores

405 4329 799 4405 populusque,
832 4329 915 4384 uti
948 4327 1228 4394 diximus,
1260 4325 1624 4391 acclamant;
1659 4341 1776 4396 quo
1807 4325 2058 4390 facto,ri-

405 4427 527 4493 tus,
559 4422 631 4478 de
662 4421 879 4493 quibus
923 4433 1122 4491 supra,
1153 4415 1544 4474 celebrantur.
1572 4415 1726 4471 ua
1778 4415 2058 4471 Caeterum

2161 3606 2305 3675 ἔνθεν
2333 3611 2597 3684 κάκεῖθεν,
2628 3611 2719 3666 καὶ
2753 3611 3040 3686 ἀπόκρισιν
3093 3614 3168 3686 μή
3211 3610 3528 3688 δεχόμενοι,
3567 3612 3824 3686 λέγουσιν

2163 3701 2216 3754 οἱ
2240 3699 2465 3774 κράκται
2498 3699 2818 3776 κατάλεγμα
2861 3703 2996 3774 (99),
3047 3725 3074 3754 α
3118 3699 3311 3757 Πολλᾶ
3357 3701 3424 3756 τᾶ
3453 3698 3546 3771 ἔτη
3579 3706 3688 3756 τῶν
3727 3701 3828 3777 βα·

2163 3789 2360 3844 σιλὲιυν
2392 3791 2440 3826 ⁵⁸
2477 3792 2488 3845 l
2524 3814 2552 3842 »
2601 3790 2692 3845 καὶ
2743 3792 2771 3845 6
2822 3789 2956 3853 λαὸς
3004 3789 3355 3865 ἀποκρίνεται
3387 3791 3451 3846 τὰ
3483 3790 3826 3868 ὀφειλόμενα

2163 3882 2260 3932 τοῦ
2309 3876 2746 3953 καταλέγματος.
2801 3880 2903 3935 Καὶ
2979 3880 3116 3952 μετᾶ
3163 3879 3226 3933 τὸ
3289 3885 3482 3949 στῆναι
3530 3877 3659 3942 τοὺς
3701 3896 3830 3933 νεο-

2163 3968 2409 4044 νῦμφους
2459 3968 2662 4044 γίνεται
2716 3965 2861 4043 δοχὴ
2925 3970 2992 4024 α’.
3044 3967 3138 4022 καὶ
3189 3965 3443 4044 λέγουσιν
3495 3969 3544 4022 οἱ
3593 3968 3831 4044 χράκται

2163 4057 2253 4111 καὶ
2287 4057 2314 4111 6
2365 4056 2492 4112 λαὸ)
2539 4058 2636 4120 τὰς
2685 4055 3090 4133 προῤῥηθείσας
3121 4057 3472 4133 ἆκτολογίας.
3517 4058 3614 4112 Καὶ
3643 4057 3816 4112 πάλιν

2169 4147 2304 4218 μετὰ
2336 4146 2532 4222 μικρὸν
2554 4147 2654 4215 τῆς
2685 4145 2947 4216 τοιαύτης
2980 4141 3178 4220 δοχῆς,
3220 4146 3421 4221 γίνεται
3452 4147 3593 4220 δοχῆ
3627 4146 3695 4218 β’,
3729 4145 3824 4198 καὶ

2167 4235 2425 4312 δὲχονται
2451 4238 2503 4292 οἱ
2536 4236 2793 4309 Πράσινοι
2843 4237 2949 4292 ἀπὸ
3003 4241 3204 4312 μικροῦ
3257 4234 3621 4310 διαστήματος
3650 4233 3704 4288 ἐν
3735 4239 3818 4306 τῷ

2167 4327 2320 4400 αὐτῷ
2359 4323 2778 4402 ἀναδενδρσδίῳ,
2837 4328 2928 4383 καὶ
2982 4330 3091 4383 τῶν
3143 4327 3458 4407 νεονύμφων
3499 4326 3823 4399 ἱσταμένων,

2169 4414 2420 4492 λέγουσιν
2472 4418 2522 4472 οἳ
2571 4419 2800 4493 κράαται
2847 4416 2937 4472 καὶ
3007 4419 3036 4472 6
3098 4418 3230 4482 καὸς
3277 4419 3374 4481 τὰς
3424 4415 3833 4494 προῤῥηθείσας

1763 4511 1860 4566 VA
1869 4512 2007 4568 BHE
2054 4515 2360 4574 LECTION
2366 4517 2470 4575 ES.

475 4611 536 4685 5‘,
563 4609 867 4685 ἀποτιρεῖσι
909 4607 1003 4685 9d.
1076 4605 1126 4654 “-
1162 4603 1475 4685 νυμφεύθης
1514 4602 1606 4660 ed.
1681 4600 1731 4636 53
1770 4598 1854 4655 8τί
1911 4599 2127 4678 λέγεται
2177 4622 2293 4665 om.
2329 4608 2419 4665 ed.
2493 4606 2543 4643 ⁵⁸
2568 4607 2844 4683 γεγονέναι
2893 4609 3048 4680 conj.
3102 4608 3195 4678 R.,
3233 4608 3423 4684 γέγονε
3470 4608 3596 4666 cod.
3641 4611 3698 4664 et
3733 4607 3829 4665 ed.

401 4685 450 4721 ⁸⁵
484 4684 565 4754 τῷ
606 4679 825 4757 βασιλεῖ
863 4681 957 4738 ed.

1359 4749 1362 4752 ’
1457 4765 1658 4822 JOAN.
1697 4766 1840 4823 JAC.
1888 4767 2150 4826 REISKII
2188 4769 2789 4831 COMMENTARIUS.

478 4862 594 4933 (96)
624 4862 901 4918 Diversus
953 4859 1068 4933 hic
1099 4861 1188 4933 est
1234 4855 1558 4933 grabbatus
1609 4855 1683 4912 ab
1730 4855 1856 4924 illo,
1889 4873 2064 4929 quem
2097 4861 2145 4927 D
2176 4863 2304 4916 tum
2337 4861 2556 4933 vitibus
2582 4861 2933 4918 obumbrata
2963 4863 3021 4916 et
3049 4859 3358 4933 apsidata;
3393 4859 3658 4933 trichjlas
3687 4859 3836 4933 alias

408 4929 592 5004 hujus
631 4933 861 5004 pagina
887 4929 1242 5004 principium
1277 4931 1584 5004 memorat.

480 4997 596 5074 ('97)
613 4997 752 5058 Ero's
767 5011 851 5059 est
873 4997 1488 5074 nomen'cubiculimuj
1499 5015 1566 5074 u_s
1583 4997 1942 5074 appellatiou
1953 5001 2066 5058 nde

411 5071 646 5143 sumpta
694 5079 750 5129 et
794 5073 890 5144 qui
936 5080 1072 5129 nata
1119 5090 1236 5129 non
1270 5072 1470 5142 liquet.
1507 5071 1640 5126 Fuit
1687 5073 1843 5127 enim
1896 5073 2068 5129 initio

409 5144 754 5213 armarium,
798 5150 855 5200 et
885 5147 1066 5200 armis
1096 5144 1570 5216 imaginibusque
1601 5159 1902 5216 armorum
1939 5144 2069 5216 ple-

413 5233 583 5284 num,
617 5222 684 5272 ut
712 5233 777 5272 οῖ
830 5217 1062 5288 Contin.
1096 5215 1463 5288 Theophan,
1498 5232 1574 5288 p._
1605 5215 1696 5285 88,
1729 5215 1845 5271 line
1873 5215 2071 5288 (quem

413 5289 605 5345 locum
626 5287 990 5344 Adversariis
1025 5286 1350 5342 Leicbianis
1379 5286 1585 5356 debeo)
1616 5292 1865 5342 constat.
1883 5286 2074 5344 Armis

415 5365 474 5416 et
521 5361 717 5416 Amori
771 5375 977 5426 parum
1029 5360 1317 5415 convenit.
1372 5359 1580 5414 Fuitne
1631 5358 1977 5414 lavacrum?
2008 5360 2071 5416 V.

416 5433 730 5503 Antholog.
767 5431 833 5503 H_.
868 5430 1150 5503 Stephapi
1185 5447 1250 5503 p.
1290 5430 1417 5496 354,
1452 5430 1603 5503 med.
1633 5436 1692 5503 et
1725 5431 1914 5501 p.374,
1944 5431 2071 5488 375.

493 5505 611 5574 (98)
642 5497 745 5559 Evst
789 5497 1206 5574 ἀναδενδράδων
1240 5502 1400 5574 locus
1453 5497 1760 5558 arboribus
1791 5497 2071 5570 consitus,

422 5573 901 5632 deam’bulacrum
935 5573 1041 5629 sub
1076 5573 1403 5638 arboribus,
1437 5574 1552 5628 sive
1587 5580 1760 5630 rectm
1791 5579 1948 5630 stent
1978 5591 2080 5630 ar-

421 5648 676 5720 bores,et
706 5664 806 5718 per
836 5646 1227 5720 quincuncem
1252 5645 1777 5720 dispositaa,sive_in
1812 5647 2073 5720 apsidem

421 5716 807 5777 ﬂexasSancit
837 5716 1074 5790 quidem
1102 5717 1435 5790 ‘Sal‘ma‘sius
1458 5716 1531 5772 ad
1567 5716 2077 5790 Dedicat.Herodis

422 5792 595 5850 Attici
626 5809 683 5868 p.
719 5809 796 5849 m.
838 5783 960 5860 {02,
995 5783 1385 5862 ἀναδενδράδας
1416 5803 1544 5844 esse
1573 5789 1912 5847 ambulacra
1942 5794 2075 5847 tan-

2183 4931 2499 5004 appellant.
2556 4933 2708 4989 Sane
2741 4926 3218 5004 Etymologicum
3263 4926 3391 5004 Mf:
3423 4926 3752 5004 ἀναδενδράς
3801 4933 3839 5001 ὴ

2183 4949 2499 5004 appellant.
2556 4949 2708 4989 Sane
2752 4949 2820 4988 nt
2863 4949 3218 5004 mOIoglcum
3263 4949 3337 4988 tu.
3377 4949 3752 5001 εαναοενορας
3801 4949 3839 5001 η

2179 4998 2429 5078 ᾅμπλελος
2461 5004 2496 5073 ἠ
2530 5003 2668 5077 πρὸς
2701 5002 2764 5058 τὸ
2796 4949 3014 5077 δῖνδρον
3045 5001 3416 5078 ἀνερχομένη.
3449 5005 3561 5061 Sed
3615 4998 3845 5078 ἀναδεν-

2183 5071 2354 5148 δράδα
2383 5071 2664 5132 θιὶοωοο
2692 5071 3004 5132 arboribus
3033 5071 3432 5148 aliis'érectim
3467 5077 3758 5148 stantibus
3789 5079 3852 5130 et

2179 5143 2294 5204 vile
2324 5165 2441 5220 non
2492 5148 2857 5220 obumbratis
2909 5147 3185 5220 usurpari
3215 5151 3373 5220 patet
3402 5151 3460 5202 et
3509 5143 3752 5220 Antbol.
3787 5162 3848 5220 p.

2179 5220 2251 5274 27
2279 5236 2292 5274 :
2330 5216 2473 5296 ὄχνη
2507 5218 2698 5297 χειρρς
2730 5216 2897 5297 ἐλμῆς,
2926 5216 3076 5297 _etc.'
3103 5216 3270 5276 Forte
3301 5219 3442 5274 olim
3486 5217 3638 5297 apud
3675 5216 3852 5297 _anti_f

2183 5307 2332 5364 quos
2363 5287 2612 5348 Graecos
2640 5287 2976 5364 ἀναδενδρὰς
3024 5297 3258 5364 tantum
3292 5295 3634 5364 usurpatum
3673 5289 3858 5364 tuerit

2182 5360 2253 5419 de
2283 5364 2614 5428 arboribus,
2649 5380 2795 5435 quas
2827 5360 2973 5420 vites
3006 5363 3308 5435 ambihant
3337 5368 3395 5417 et
3427 5360 3857 5435 circumplica-

2186 5437 2424 5506 bantur.
2459 5433 2832 5492 Recentiores
2865 5442 3063 5490 autem
3097 5434 3282 5491 Graeci
3329 5433 3532 5506 procul
3566 5433 3747 5506 dubio
3780 5435 3857 5491 de

2184 5505 2311 5579 loco
2363 5523 2716 5579 quocunque
2747 5508 3056 5564 arboribus
3106 5523 3239 5564 cum
3272 5505 3410 5564 cura
3461 5505 3757 5562 ordinatis
3793 5511 3855 5563 et

2187 5578 2364 5634 cultis
2385 5578 2579 5637 'onaco
2609 5579 2910 5637 adhibent.

2254 5650 2370 5733 $9.9)
2424 5643 2526 5734 Est.
2574 5649 2818 5734 aliquid,
2856 5649 3057 5734 _guod‘
3087 5643 3469 5734 XF‘téjté'ﬂla,
3525 5665 3674 5733 voce.
3709 5647 3856 5706 sim-

2187 5720 2358 5793 plici,
2391 5720 2694 5795 recitatur,
2737 5720 2928 5795 qualis
2977 5729 3071 5795 est
3113 5722 3174 5777 in
3205 5720 3676 5780 vita—communi
3727 5737 3858 5779 ser-

2157 5857 2162 5862 _
2189 5794 2610 5852 mocinantium
2644 5793 2841 5852 cantui
2872 5793 3161 5870 opposita.
