4158 6384
412 404 533 480 453

1278 419 1378 481 DE
1420 419 1883 482 CERIMONIIS
1928 406 2163 481 AULxE
2205 402 2690 479 BYZANTINAE
2735 416 2879 478 LIB.
2932 415 2980 476 Ι.

3720 416 3839 476 454

422 549 765 626 ἀκτολογίας,
827 547 920 605 καὶ
974 548 1113 625 μετὰ
1161 554 1332 607 ταῦτα
1394 551 1755 609 ἐπακολουθεῖ
1807 555 1842 623 ἡ
1898 552 2116 622 τάξιςη

2200 550 2497 609 recentiori
2527 555 2693 607 astate
2723 550 2781 606 id
2814 563 3027 606 novum
3058 548 3392 605 institutum
3442 552 3554 619 est,
3587 552 3651 605 ut
3681 566 3837 622 nup-

427 642 605 704 καθὼς
647 637 995 717 προείρηται.
1037 641 1158 714 Χρή
1209 638 1266 696 δὲ
1319 645 1623 719 γινώσκειν,
1673 641 1756 698 ὅτι
1802 641 1853 697 ἐν
1882 646 1999 704 τοῖς
2027 642 2074 678 ⁵⁸

2200 642 2339 698 ;ialis
2370 641 2740 714 imperatoris
2762 640 3058 697 coronatio
3084 639 3146 695 in
3180 640 3393 711 templo
3419 640 3619 711 palatii
3640 656 3838 697 sacro—

427 731 672 807 ἒσχάτοις
735 735 958 805 καιροῖς
1018 728 1434 807 ἐκαινουργήθη
1477 736 1573 787 τοῦ
1627 732 1869 807 γίνεσθαι
1919 731 1968 766 ⁵⁷
2012 730 2075 786 τὸ

2200 738 2404 788 sanctae
2456 730 2709 804 Virginis
2759 731 3017 802 Deiparze
3090 729 3257 786 Phari
3296 736 3720 802 perageretur:
3782 736 3841 787 et

425 822 745 900 στεφάνωμα
771 823 874 875 τοῦ
930 819 1204 896 βασιλέως
1243 819 1298 875 ἐν
1357 824 1437 893 τῷ
1491 825 1606 893 ναῷ
1655 825 1753 878 τοῦ
1807 818 2081 877 παλατίου

413 919 518 980 τῆς
590 910 885 985 δπεραγίας
935 909 1204 966 Θεοτόκου
1261 914 1359 966 τοῦ
1417 912 1623 985 Φάρου·
1677 912 1767 966 καὶ
1839 908 1905 980 δὴ
1973 913 2081 965 τῶν

408 1000 737 1078 νεονύμφων
768 998 1022 1069 ἐξιόντων
1056 996 1146 1054 διὰ
1173 1002 1270 1055 τοῦ
1301 997 1785 1075 χρυσοτρικλίνου,
1819 998 2079 1070 δηλονότι

407 1089 828 1165 ὀψικευομὲνων
905 1088 1010 1143 ὑπό
1083 1109 1142 1143 τε
1206 1093 1303 1145 τοῦ
1369 1084 1769 1145 κουϐουκλείου
1827 1090 1916 1144 καὶ
1974 1092 2080 1144 τῶν

410 1178 743 1255 μαγίστρων
790 1177 881 1232 καὶ
934 1177 1263 1252 πατρικίων,
1314 1176 1635 1252 μελλόντων
1681 1180 1859 1234 αύτῶν
1894 1177 2081 1247 ἐξιέναι

2189 822 2391 895 sponsi
2424 838 2527 893 per
2554 836 2794 877 aureum
2826 819 3149 876 triclinium
3182 835 3316 875 cum
3356 820 3639 892 obsequio
3668 818 3841 875 cubi-

2190 911 2327 981 culi,
2362 911 2782 982 magistrorum
2812 915 2871 965 et
2910 908 3291 981 patriciorum
3333 909 3574 980 egressi,
3608 909 3749 964 dum
3783 912 3841 965 et

2192 999 2373 1072 portis
2405 1000 2568 1055 aurei
2590 998 2828 1054 triclinii
2852 997 3143 1069 argenteis
3166 999 3477 1070 procedere
3498 997 3724 1066 volunt,
3748 1012 3844 1052 or-

2193 1104 2403 1160 ganum
2438 1104 2683 1144 aureum
2728 1087 3017 1160 pulsatur,
3048 1092 3105 1143 et
3134 1088 3441 1153 factiones,
3485 1102 3632 1157 quas
3678 1086 3839 1142 dixi-

2197 1195 2345 1247 mus,
2377 1178 2826 1235 acclamationes
2860 1177 3126 1233 recitent.

407 1272 511 1333 τὰς
574 1269 818 1346 ἀργυρᾶς
877 1289 975 1323 του
1045 1268 1505 1345 χροσοτρικλίνου
1563 1268 1765 1341 πύλας,
1817 1267 1975 1325 αὒλεῖ
2028 1270 2091 1323 τὸ
2149 1273 2389 1345 χρυσοῦν
2448 1264 2700 1343 ὄργανον,
2754 1268 2843 1323 καὶ
2899 1266 2965 1323 τὰ
3025 1267 3163 1341 μέρη
3224 1265 3610 1342 ἀκτολογοῦσι,
3669 1269 3845 1332 καθὼς

408 1359 770 1435 προείρηται.

1060 1451 1326 1507 ΚΕΦΑΛ.
1369 1451 1455 1509 Μ’.

497 1540 635 1597 Ὅσα
692 1537 777 1595 δεῖ
831 1538 1273 1673 παραφυλάὲεηιέ
1309 1537 1417 1647 ⁸ἒὲπί
1484 1540 1743 1615 στεψίμῳ
1800 1539 2016 1615 Αὐγού-

1138 1632 1197 1665 στ
1309 1632 1374 1666 συ.

492 1708 577 1760 Δ⁹.
612 1700 928 1775 Ἐξέρχεται
980 1701 1009 1755 ὁ
1062 1632 1318 1775 βασιλῆεςὺς
1369 1699 1447 1765 εἷς
1495 1702 1589 1756 τὸν
1628 1701 1950 1778 αὐγουστέα,
1986 1721 2089 1779 φο-

426 1795 538 1865 ρῶν
581 1792 681 1860 τὴν
744 1786 1015 1868 χλαμύδα
1072 1786 1419 1863 ἐστεμμένος,
1479 1790 1570 1846 καὶ
1636 1796 1786 1845 ποιεῖ
1822 1810 2085 1867 προάγωσ-

2845 1451 3073 1507 CAPUT
3104 1451 3215 1507 XL.

2448 1541 2805 1598 Observanda
2836 1542 2895 1597 in
2924 1544 3278 1598 coronatione
3308 1542 3588 1613 Augusta.

2272 1704 2313 1759 Ῑ.
2348 1703 2655 1774 Egreditur
2683 1702 3003 1774 imperator
3032 1702 3103 1758 ad
3125 1706 3504 1775 augusteum,
3534 1718 3751 1760 corona
3789 1706 3848 1760 et

2197 1793 2507 1866 chlamyde
2535 1796 2797 1861 ornatus,
2833 1792 3226 1864 promotiones
3280 1792 3415 1848 facit
3459 1797 3517 1848 et
3560 1792 3715 1849 circa
3736 1792 3846 1850 ho-

421 1881 526 1958 γὰς
566 1882 629 1953 ⁵⁸,
676 1880 769 1934 καὶ
827 1878 955 1955 περὶ
1015 1877 1162 1954 ὥραν
1220 1879 1411 1956 τρίτην
1468 1881 1746 1950 καθέζεται
1801 1880 1964 1953 μέσον
1995 1876 2094 1935 τοῦ

2203 1900 2321 1939 ram
2352 1882 2579 1940 tertiam
2610 1881 2670 1938 in
2704 1881 2895 1938 medio
2926 1881 3180 1937 triclinio
3196 1882 3426 1938 residet.
3453 1882 3849 1938 Cmremonia—

416 1968 734 2045 τρικλίνου.
788 1969 850 2025 Ὀ
917 1966 975 2022 δὲ
1040 1970 1142 2033 τῆς
1202 1969 1582 2031 καταστάσεως
1651 1968 1952 2044 εὐτρεπίζει
2016 1971 2085 2024 τὰ

415 2060 595 2136 βῆλα,
629 2059 705 2121 ὡς
738 2052 857 2132 ἔχει
888 2058 924 2126 ἡ
959 2058 1004 2094 ⁶⁰
1033 2058 1306 2127 συνήθεια,
1337 2058 1428 2113 καὶ
1459 2056 1703 2113 νεύουσιν
1734 2060 1785 2113 οἱ
1830 2055 2084 2113 δεσπόται

415 2154 501 2221 τῷ
545 2144 920 2221 πραιποσίτῳ,
972 2146 1063 2200 καὶ
1114 2144 1391 2220 ἐξέρχεται
1461 2146 1595 2220 μετὰ
1643 2147 1935 2222 ὀστιαρίων
1995 2146 2083 2203 καὶ

428 2238 687 2313 βεργίων,
740 2235 835 2291 καὶ
894 2234 1287 2309 προσκαλεῖται
1365 2236 1536 2311 βῆλον
1603 2238 1673 2307 α’,
1728 2237 1855 2300 τοὺς
1918 2236 2085 2313 μαγί-

427 2345 647 2402 στρουςσ
707 2327 776 2400 β’,
825 2323 1169 2401 πατρικίους·
1227 2323 1434 2401 τρίτον,
1485 2325 1612 2388 τοὺς
1657 2325 2083 2402 συγκλητικοὺς,

423 2415 683 2485 ὑπάτους,
744 2416 1021 2489 κόμητας,
1081 2410 1458 2487 κανδιδάτους,
1528 2417 1632 2471 ἀπὸ
1690 2415 1949 2492 ἐπάρχων
1991 2417 2079 2470 καὶ

418 2506 807 2581 στρατηλάτας
837 2506 884 2543 δι
946 2507 1044 2577 (1),
1108 2504 1259 2579 βῆΛα
1320 2504 1489 2579 βῆλα.
1539 2506 1599 2562 Ὁ
1648 2503 1706 2561 δὲ
1736 2505 2083 2581 πατριάρχης

412 2594 647 2675 ἔρχεται
678 2593 772 2649 διὰ
800 2599 903 2663 τῆς
940 2591 1171 2672 δάφνης,
1203 2593 1295 2648 καὶ
1326 2593 1630 2673 εἰσέρχεται
1663 2595 1740 2660 εἷς
1767 2596 1861 2651 τὸν
1893 2596 2083 2668 ’Λγιον

424 2687 704 2761 Στὲιυανον
741 2684 833 2739 καὶ
884 2678 1171 2761 ἐκδέχεται
1220 2681 1349 2745 τοὺς
1401 2680 1686 2755 δεσπότας,
1730 2685 1819 2738 καὶ
1852 2682 1943 2740 ὅτε
1973 2684 2087 2739 εἶσ-

435 2771 644 2835 ὲλθωσι
687 2772 755 2827 τὰ
798 2770 941 2845 βῆλα
971 2771 1150 2827 πάντα
1189 2769 1277 2826 καὶ
1336 2771 1701 2848 πληρωθῶσι,
1735 2773 1980 2828 νεύουσιν
2034 2773 2085 2827 οἱ

442 2858 707 2916 δεσπόται
760 2864 837 2931 τῷ
888 2864 1235 2937 πραιποσίτῳ
1289 2863 1379 2917 καὶ
1430 2863 1736 2937 ἀπάρχεται
1768 2862 1857 2917 καὶ
1915 2882 2086 2938 προσ-

439 2953 701 3005 καλεῖται
757 2950 847 3003 τὸν
901 2952 1267 3027 πατριάρχην,
1327 2953 1418 3007 καὶ
1486 2952 1791 3030 εἶ’σὲρχεται
1871 2950 1945 3013 είς
1992 2952 2083 3006 τὸν

428 3038 760 3113 αὖγουστέα.
814 3040 914 3095 Καὶ
968 3038 1247 3119 ἐξερχεται
1305 3043 1340 3110 ἡ
1399 3039 1714 3116 βουλομένη
1770 3044 2084 3120 στεφθῆναι,

425 3130 801 3203 όψικευομὲνη
866 3129 969 3185 ὑπὸ
1015 3136 1115 3185 τοῦ
1171 3125 1585 3201 κουϐουκλείου,
1637 3133 1724 3186 καὶ
1787 3131 2085 3207 ἐγείρονται

2196 1973 2317 2028 rius
2348 1972 2499 2042 vela,
2525 1971 2609 2026 uti
2656 1987 2783 2028 mos
2829 1976 2940 2040 est,
3001 1971 3253 2039 ordinat,
3306 1971 3653 2043 praepositus
3682 1987 3839 2039 vero,

2198 2062 2367 2135 signo
2400 2079 2432 2117 a
2463 2059 2722 2116 dominis
2763 2061 2921 2131 dato,
2954 2076 3084 2115 cum
3112 2060 3367 2116 ostiariis
3396 2060 3697 2132 virgisque
3716 2076 3847 2131 pro-

2196 2152 2299 2219 dit,
2323 2167 2387 2206 ac
2409 2148 2600 2206 velum
2634 2149 2909 2221 primum,
2964 2148 3307 2221 magistros;
3359 2152 3706 2213 secundum,
3754 2165 3848 2219 pa-

2196 2239 2399 2296 tricios
2433 2259 2448 2309 ;
2482 2243 2745 2304 tertium,
2770 2243 3101 2307 senatores;
3135 2239 3347 2294 deinde
3366 2236 3653 2304 consules,
3676 2236 3850 2292 comi-

2201 2333 2309 2397 tes,
2334 2327 2696 2396 candidatos,
2714 2328 3090 2398 exprmfectos
3109 2344 3174 2383 ac
3206 2326 3339 2383 belli
3362 2328 3565 2395 duces,
3588 2326 3853 2398 singulos

2200 2419 2262 2474 in
2294 2418 2439 2474 velis
2470 2418 2613 2487 suis,
2641 2417 2904 2473 arcessit.
2939 2416 3277 2473 Patriarcha
3317 2433 3415 2488 per
3458 2416 3753 2489 daphnem
3784 2416 3855 2472 ad

2200 2511 2257 2561 Β.
2319 2506 2621 2578 Stephani,
2672 2506 2939 2562 dominos
2974 2512 3344 2577 excepturus,
3377 2505 3555 2573 venit,
3602 2523 3669 2561 ac
3716 2504 3857 2561 velis

2211 2593 2485 2649 omnibus
2534 2592 2816 2664 ingressis
2901 2592 3176 2664 nulloque
3238 2592 3564 2659 deficiente,
3626 2590 3853 2648 domini

2196 2682 2508 2754 praeposito
2541 2683 2779 2753 signum
2812 2682 3077 2754 dant,qui
3099 2682 3241 2751 abit,
3268 2681 3656 2752 patriarcham
3681 2684 3850 2737 vocat

2197 2782 2252 2831 et
2282 2776 2631 2845 augusteum
2658 2771 3009 2843 ingreditur.
3034 2776 3195 2828 Tunc
3227 2771 3448 2827 domini
3510 2787 3725 2828 corona
3754 2787 3853 2827 or-

2198 2863 2415 2927 nanda,
2447 2879 2481 2917 a
2522 2860 2905 2917 cubiculariis
2973 2860 3215 2931 stipata,
3263 2858 3571 2931 procedit;
3624 2858 3853 2916 domini

2198 2954 2453 3024 surgunt
2483 2955 2539 3006 et
2569 2951 2639 3005 ad
2671 2950 2888 3017 locum,
2914 2949 3013 3004 ubi
3042 2967 3143 3004 ara
3175 2949 3427 3022 reposita
3453 2953 3565 3017 est,
3598 2965 3727 3005 cum
3752 2966 3859 3021 pa-

2198 3041 2455 3097 triarcha
2482 3041 2719 3108 abeunt,
2779 3043 2836 3095 et
2879 3041 3141 3111 Augusta
3182 3039 3499 3095 matorium
3566 3046 3849 3111 gestante,

2200 3148 2399 3204 preces
2431 3130 2724 3187 solemnes
2758 3129 3090 3201 patriarcha
3108 3129 3332 3185 recitat.
3367 3127 3468 3184 His
3502 3127 3706 3196 finitis,
3739 3130 3854 3184 Au-

431 3220 489 3274 οἱ
546 3217 793 3273 δεσπόται
850 3220 940 3274 καὶ
998 3220 1335 3296 ἀπέρχονται
1394 3215 1519 3275 ἔνθα
1563 3218 1776 3276 ’ίσταται
1819 3222 1882 3276 τὸ
1926 3221 2081 3276 ἀντι-

2200 3227 2382 3294 gusta:
2406 3220 2714 3276 maforium
2745 3224 2988 3285 exuunt,
3012 3234 3260 3291 eamque
3291 3216 3595 3289 chlamyde
3625 3217 3854 3274 domini

439 3308 622 3380 μίσιον
658 3310 764 3380 ἅμα
808 3314 908 3363 τοῦ
939 3310 1308 3385 πατριάρχου,
1357 3311 1446 3364 καὶ
1493 3316 1594 3379 τῆς
1639 3310 1953 3386 Αὐγούστης
1988 3332 2085 3391 φο-

429 3398 634 3472 ρούσης
686 3400 984 3475 μαφόριον,
1026 3404 1180 3454 ποιεῖ
1232 3400 1258 3454 ὸ
1309 3401 1659 3475 πατριάρχης
1706 3402 1800 3462 τὰς
1841 3404 2090 3471 συνήθεις

421 3487 615 3563 εύχάς.
669 3489 766 3541 Καὶ
821 3490 914 3543 ὅτε
963 3486 1235 3563 πληρώσῃ
1282 3491 1380 3559 τὴν
1435 3489 1634 3567 εὐχὴν,
1683 3488 1933 3545 ἐκδύουσι
1988 3493 2089 3561 τήν

414 3577 743 3652 Αύγοῦσταν
804 3579 868 3633 τὸ
939 3578 1231 3654 μαφόριον,
1307 3577 1398 3633 καὶ
1457 3576 1733 3633 ἐνδύουσιν
1797 3580 1963 3650 αὐτὴν
2036 3584 2087 3637 οἱ

420 3664 687 3721 δεσπόται
718 3666 820 3735 τὴν
853 3664 1142 3741 χλαμύδα,
1196 3668 1284 3722 καὶ
1344 3664 1495 3731 αὖθις
1528 3673 1677 3723 ποιεῖ
1720 3668 1891 3747 εὐχὴν
1926 3672 1953 3725 ὁ
1986 3693 2089 3726 πα-

421 3755 704 3831 τριάρχης
739 3754 829 3811 ἐπὶ
878 3761 976 3811 τοῦ
1022 3758 1352 3830 στὲμματος,
1399 3756 1491 3814 καὶ
1545 3758 1678 3831 μετὰ
1723 3760 1825 3828 τήν
1855 3758 2090 3833 πλήρει).

2196 3312 2478 3376 vestiunt,
2512 3308 2823 3379 statimque
2840 3306 3166 3379 patriarcha
3196 3322 3375 3378 super
3416 3322 3627 3362 corona
3658 3322 3857 3377 preca-

2196 3407 2340 3457 tur:
2386 3416 2501 3473 quo
2550 3400 2721 3467 facto,
2784 3414 3053 3453 coronam
3104 3396 3441 3466 imperatori
3501 3397 3700 3465 tradit,
3752 3396 3852 3467 qui

2198 3508 2327 3549 eam
2361 3494 2625 3563 Augustae
2658 3490 2946 3559 imponit:
2980 3486 3078 3541 ille
3112 3486 3366 3542 dominis
3389 3501 3450 3542 se
3480 3484 3771 3557 adjungit,
3796 3489 3857 3543 et

2199 3584 2281 3639 sic
2313 3598 2414 3654 per
2443 3580 2781 3637 cubiculum
2813 3575 3197 3649 octangulum
3232 3576 3455 3632 domini
3497 3582 3554 3631 et
3589 3578 3858 3647 Augusta

2199 3672 2471 3745 digressi,
2504 3671 2563 3724 in
2596 3669 2845 3737 thronis,
2878 3664 2963 3720 illi
3011 3665 3071 3720 in
3105 3665 3329 3732 dextro,
3363 3666 3483 3721 haec
3523 3665 3581 3719 in
3612 3665 3853 3723 sinistro

2197 3765 2378 3819 latere
2409 3761 2465 3817 S.
2500 3758 2809 3831 Stephani,
2841 3755 3171 3812 consident.

418 3867 502 3901 σιν
564 3854 672 3915 τῆς
726 3845 898 3921 εὐχῆς
957 3842 1225 3919 λαμϐάνει
1279 3849 1307 3902 ὁ
1364 3848 1715 3924 πατριάρχης
1773 3850 1836 3905 τὸ
1895 3850 2114 3927 στέμμα
2152 3855 2241 3909 καὶ
2284 3848 2566 3907 ἔπιδίδωσι
2622 3852 2703 3920 τῷ
2764 3844 3002 3921 βασιλεῖ,
3039 3846 3284 3906 κάκεῖνος
3332 3844 3544 3914 τίθησιν
3592 3843 3724 3899 αὐτὸ
3778 3842 3858 3907 είς

414 3939 522 4005 τήν
578 3935 833 4016 κειραλήν
886 3943 987 4007 τῆς
1043 3936 1379 4011 Αύγούστης,
1421 3938 1509 3993 καὶ
1558 3940 1907 3995 συντάσσεται
1963 3945 2039 4017 (2)
2089 3945 2117 3999 ὁ
2162 3940 2518 4017 πατριάρχης
2574 3944 2692 3998 τοῖς
2771 3934 3077 4002 δεσπόταις,
3125 3934 3216 3988 καὶ
3286 3932 3563 4009 ἐξέρχεται
3617 3932 3706 3989 διὰ
3759 3937 3858 3989 τοῦ

424 4027 751 4102 ὀκταγὼνου
791 4030 1080 4094 κοιτῶνος,
1118 4028 1209 4082 καὶ
1256 4029 1569 4097 καθέζονται
1604 4030 1654 4083 οἱ
1686 4026 1942 4085 δεσπόται
1990 4034 2081 4087 καὶ
2131 4036 2166 4104 ἡ
2211 4033 2493 4108 Αύγοῦστα
2542 4027 2631 4083 ἐπὶ
2673 4024 2913 4081 σελλίων
2945 4023 3023 4087 εἷς
3059 4025 3121 4079 τὸ
3154 4021 3323 4095 δεξιὸν
3362 4022 3549 4099 μέρος,
3579 4026 3614 4096 ἡ
3649 4021 3706 4080 δὲ
3744 4022 3857 4081 Αὐ-

424 4122 633 4194 γοῦστα
664 4118 753 4173 ἐπὶ
787 4118 850 4173 τὸ
881 4118 1159 4193 εὐώνυμον
1190 4122 1237 4157 ⁸²
1273 4119 1435 4194 μὲρος
1463 4125 1561 4176 τοῦ
1591 4121 1780 4197 Ἀγίου
1813 4124 2103 4197 Στεφάνου.

491 4209 575 4265 Β’.
627 4208 736 4265 Καὶ
795 4206 1135 4287 εἰσέρχονται
1196 4210 1248 4264 οἱ
1307 4208 1590 4284 πατρίκιοι
1638 4211 1730 4266 καὶ
1789 4213 1840 4267 οἱ
1896 4212 2083 4268 λοιποὶ

2276 4215 2348 4270 Il.
2383 4214 2551 4270 Tunc
2583 4211 2809 4285 patricii
2838 4228 2905 4267 ac
2936 4210 3127 4267 caeteri
3169 4226 3396 4278 omnes,
3447 4227 3481 4266 a
3512 4206 3856 4267 silentiariis

416 4297 647 4365 πάντες,
715 4296 1079 4371 κρατούμενοι
1143 4297 1249 4353 ὑπὸ
1337 4295 1713 4373 σιλεντιαρίων
1796 4302 2087 4364 πίπτοντες

2200 4303 2532 4371 sustentati,
2569 4302 2885 4373 procidunt
2914 4316 3231 4372 eorumque
3288 4316 3481 4373 genua
3512 4298 3861 4355 osculantur

420 4385 517 4439 καὶ
564 4384 855 4461 φιλοῦντες
902 4387 969 4441 τὰ
1017 4386 1113 4442 δύο
1158 4388 1362 4464 γόνατα
1399 4388 1601 4463 αὐτῶν,
1646 4389 1737 4446 καὶ
1780 4389 2086 4467 ἀπευχαρι-

2200 4398 2259 4450 et
2288 4392 2679 4465 gratulantur,
2708 4390 2986 4462 ﬁnitaque
3015 4390 3438 4462 gratulatione,
3456 4388 3682 4447 domini
3704 4404 3859 4461 pra:-

1805 4519 2035 4576 VARIE
2074 4518 2487 4577 LECTIONES.

513 4621 568 4704 5‘.
597 4625 710 4704 τοῖς
738 4640 855 4704 οτι]Σ
890 4625 979 4704 ed.
1015 4697 1027 4704 _
1056 4624 1103 4660 ⁵⁷
1132 4624 1204 4704 τό
1227 4625 1468 4699 γίνεσθαι
1499 4628 1592 4684 ed.
1667 4626 1715 4663 ⁵⁸
1742 4632 1844 4697 τῆς
1876 4626 1996 4703 αύγ.
2028 4628 2121 4687 ed.
2195 4628 2244 4665 "
2271 4627 2615 4704 προσαγορὰς
2644 4629 2737 4685 ed.
2815 4625 2864 4661 ⁶⁰
2892 4627 2927 4695 ἡ
2961 4641 3077 4685 om.
3101 4626 3194 4685 ed.
3271 4625 3316 4662 “
3344 4620 3736 4699 στρατηλάτων
3763 4625 3857 4683 ed.

397 4738 403 4743 .
428 4694 482 4729 ⁸³
510 4691 789 4768 εὐώνυμον
822 4697 986 4755 deest
1012 4697 1073 4754 in
1102 4700 1231 4755 cod.

1481 4825 1687 4885 JOAN.
1726 4826 1869 4884 JAC.
1911 4827 2177 4885 REISKII
2215 4826 2804 4885 COMMENTARIUS.

2200 4943 2531 5001 stratelatas
2563 4961 2663 5001 seu
2696 4944 3010 5015 magistros
3024 4940 3283 5000 militum
3309 4939 3421 5001 sub
3442 4960 3504 5001 se
3535 4940 3851 5015 habebant:

2198 5017 2313 5071 vid.
2349 5015 2541 5072 Vales.
2575 5018 2646 5072 ad
2680 5014 2979 5073 Ammian.
3026 5016 3283 5074 Marcell.
3318 5033 3374 5087 p.
3424 5016 3539 5087 131,
3586 5019 3646 5087 et
3671 5014 3858 5070 inter-

2200 5104 2333 5161 pres
2362 5088 2569 5161 Script.
2608 5094 2758 5161 post.
2792 5090 3133 5161 Theophan.
3178 5106 3234 5161 p.
3283 5086 3390 5161 217
3417 5094 3476 5161 et
3522 5086 3857 5161 218._§tra-

2202 5156 2404 5233 letales
2436 5156 2507 5233 in
2528 5156 2730 5233 habitu
2763 5176 2875 5233 suo
2906 5156 3140 5217 militari
3167 5156 3536 5233 conspicitur
3563 5159 3622 5215 in
3654 5156 3859 5215 Meno-

2199 5230 2311 5301 log.
2349 5231 2520 5286 Basil.
2550 5238 2590 5285 t.
2625 5232 2698 5297 ιι,
2734 5248 2789 5297 p.
2826 5232 2954 5287 172.

2238 5299 2347 5428 .32)
2388 5302 2678 5385 ινιιιειίἰείιἶ
2712 5301 2845 5357 Vid.
2898 5307 2969 5361 de
3000 5303 3108 5359 hac
3140 5303 3571 5385 signiﬁcatione
3601 5301 3675 5359 cl.
3708 5299 3858 5357 Dor-

2197 5375 2335 5429 vile
2377 5374 2449 5430 ad
2509 5375 2877 5431 Charitonem
2940 5390 3068 5433 pag.
3132 5378 3255 5432 151.
3312 5379 3581 5433 Recurrit
3637 5390 3695 5433 ι).
3731 5374 3856 5429 175.

2201 5390 2335 5429 vme
2377 5390 2449 5430 au
2509 5390 2877 5431 unarttonem
2940 5390 3068 5448 pag.
3132 5390 3255 5432 131.
3312 5390 3581 5433 uecurrlt
3637 5390 3695 5445 p.
3731 5390 3854 5429 uo.

2201 5445 2482 5502 Dixerunt
2513 5457 2708 5520 autem
2759 5446 3139 5520 συντάττεσθαι
3203 5465 3304 5520 pro
3358 5448 3672 5520 valedicere
3720 5461 3854 5517 pro-

2200 5528 2421 5591 pterea,
2450 5519 2604 5589 quod
2636 5518 2921 5591 abeuntes
2952 5519 3105 5576 inter
3139 5518 3634 5586 se'cuwa'ztrovut,
3701 5532 3834 5572 com

2200 5596 2451 5664 ponunt,
2504 5590 2822 5646 condicunt
2851 5590 3023 5664 diem
3080 5595 3137 5647 et
3180 5598 3438 5664 tempus,
3483 5603 3860 5664 qup‘rursus

2199 5660 2531 5731 convenire,
2553 5666 2655 5718 aut
2687 5678 2815 5731 quae
2848 5662 3071 5721 interea
3090 5664 3279 5721 facere
3300 5660 3663 5722 ielint.‘Vid.
3682 5663 3856 5715 Goar.

2200 5733 2275 5791 ad
2311 5733 2573 5807 Theoph.
2604 5750 2663 5806 p.
2694 5733 2788 5791 59.

495 4943 579 5018 (ἕ)
636 4939 812 5018 Olim
864 4941 1056 5018 idem_
1087 4947 1221 5018 erat
1272 4941 1692 5018 *στρατηλάτης
1771 4948 1829 5001 et
1886 4961 2080 5018 στρατ-
2111 4949 2158 5014 D

424 5010 592 5087 ηγός.
627 5014 850 5087 Deinde
880 5028 1011 5070 vero
1042 5013 1137 5071 hic
1170 5010 1513 5087 m‘ajor'erat
1546 5010 1963 5087 magistratus,
1985 5017 2083 5074 ille

423 5086 644 5160 minor.
680 5084 977 5160 Habemus
1010 5083 1392 5160 ctngliitqv
1452 5087 1553 5155 τῆς
1579 5083 1891 5157 Ἀνατολῆς
1937 5083 2089 5158 apud

422 5155 738 5232 Constant.
763 5156 970 5227 Porph.
1016 5155 1088 5214 de
1151 5157 1417 5232 Themat.
1473 5176 1527 5232 p.
1568 5160 1640 5232 ,4,
1672 5160 1797 5229 (ubi
1843 5155 2090 5232 quodin

420 5229 979 5305 tgnsitmmonere
1034 5232 1227 5305 liceat,
1292 5228 1507 5305 ἀργυρᾶ
1566 5228 1689 5305 leg.
1745 5228 2090 5305 pro—dpvci.)

424 5298 669 5377 [(ᾆεοιιεζ.
710 5298 980 5377 Monach.
1014 5319 1070 5377 ρ..
1101 5300 1209 5357 534
1239 5298 1525 5377 memorat
1565 5298 1847 5377 Ιῐέτρώνᾷν
1891 5298 2091 5377 afen;

427 5368 646 5445 ὴλάτην
709 5376 811 5441 τῆς
851 5368 1149 5442 Ἀνατόλῆς
1189 5373 1306 5445 ,καί
1365 5374 1549 5445 Νάσαρ
1597 5368 1705 5428 τῶν
1777 5368 2089 5429 Βουκελλα-

432 5440 638 5516 ρίων.]⁸
692 5440 771 5519 _lu
825 5445 918 5519 his
976 5440 1361 5516 στρατηλάτης
1456 5440 1628 5519 ἰάσω,
1696 5448 1850 5503 valet
1915 5457 2090 5519 atque

428 5514 757 5590 στρατηγός.
815 5514 1057 5590 ,νεταωί
1092 5514 1343 5590 secutis;
1361 5518 1726 5590 temporibus
1774 5523 1898 5575 erat
1941 5514 2089 5574 stra-

428 5588 953 5663 telates‘magister
984 5588 1230 5663 militia,
1263 5588 1357 5663 vel
1382 5589 1638 5663 militum
1684 5606 1789 5663 per
1818 5590 2090 5663 singulas

421 5661 605 5734 nrbes
638 5660 1089 5734 excubantium,
1112 5662 1193 5717 ita
1215 5664 1282 5717 ut
1310 5660 1562 5734 singulis
1589 5660 1825 5733 oppidis
1854 5660 2089 5733 et'prs-

419 5701 605 5807 ξ’ῐαῖἶὲ
626 5701 1562 5807 ᾆῐῖῑυῖἶῖἰὲἰίἰὲιέἒ,ἱὶὲᾉέἓέιῖῖ
1575 5701 1884 5805 ἴέἐὲᾩὲέἴ
1893 5701 2091 5791 ille};

423 5804 679 5879 integris
718 5802 963 5880 magnis
1050 5802 1369 5875 provinciis
1413 5808 1703 5877 procreat
1754 5802 1839 5863 et‘
1869 5806 2089 5864 multos
