  <div class='ocr_page' id='page_1' title='image "/cluster/home/n/w/nwhite01/storage/ocr_20150623/112:no.1/coo.31924054870161/235.png"; bbox 0 0 4158 6372; ppageno 0'>
   <div class='ocr_carea' id='block_1_1' title="bbox 427 365 547 427">
    <p class='ocr_par' dir='ltr' id='par_1_1' title="bbox 427 365 547 427">
     <span class='ocr_line' id='line_1_1' title="bbox 427 365 547 427; baseline -0.025 0"><span class='ocrx_word' id='word_1_1' title='bbox 427 365 547 427; x_wconf 81' lang='grc'><strong>455</strong></span> 
     </span>
    </p>
   </div>
   <div class='ocr_carea' id='block_1_2' title="bbox 1498 354 2757 426">
    <p class='ocr_par' dir='ltr' id='par_1_2' title="bbox 1498 354 2757 426">
     <span class='ocr_line' id='line_1_2' title="bbox 1498 354 2757 426; baseline -0.005 0"><span class='ocrx_word' id='word_1_2' title='bbox 1498 358 2020 426; x_wconf 87' lang='lat' dir='ltr'><strong>CONSTANTINI</strong></span> <span class='ocrx_word' id='word_1_3' title='bbox 2065 354 2757 420; x_wconf 82' lang='lat' dir='ltr'><strong>PORPHYBOGENITI</strong></span> 
     </span>
    </p>
   </div>
   <div class='ocr_carea' id='block_1_3' title="bbox 3723 367 3846 426">
    <p class='ocr_par' dir='ltr' id='par_1_3' title="bbox 3723 367 3846 426">
     <span class='ocr_line' id='line_1_3' title="bbox 3723 367 3846 426; baseline 0.008 -1"><span class='ocrx_word' id='word_1_4' title='bbox 3723 367 3846 426; x_wconf 75' lang='grc'><strong>456</strong></span> 
     </span>
    </p>
   </div>
   <div class='ocr_carea' id='block_1_4' title="bbox 425 489 2073 571">
    <p class='ocr_par' dir='ltr' id='par_1_4' title="bbox 425 496 2066 571">
     <span class='ocr_line' id='line_1_4' title="bbox 425 496 2066 571; baseline -0.002 -16"><span class='ocrx_word' id='word_1_5' title='bbox 425 499 612 571; x_wconf 89' lang='lat' dir='ltr'><strong>posito</strong></span> <span class='ocrx_word' id='word_1_6' title='bbox 644 496 881 570; x_wconf 78' lang='lat' dir='ltr'><strong>signum</strong></span> <span class='ocrx_word' id='word_1_7' title='bbox 917 496 1076 563; x_wconf 87' lang='lat' dir='ltr'><strong>dant,</strong></span> <span class='ocrx_word' id='word_1_8' title='bbox 1121 496 1170 552; x_wconf 90' lang='lat' dir='ltr'><strong>is</strong></span> <span class='ocrx_word' id='word_1_9' title='bbox 1199 497 1342 555; x_wconf 80' lang='lat' dir='ltr'><strong>dicit</strong></span> <span class='ocrx_word' id='word_1_10' title='bbox 1373 513 1391 552; x_wconf 90' lang='lat'><strong><em>:</em></strong></span> <span class='ocrx_word' id='word_1_11' title='bbox 1421 519 1448 549; x_wconf 90' lang='grc'><strong>‹‹</strong></span> <span class='ocrx_word' id='word_1_12' title='bbox 1479 498 1686 555; x_wconf 85' lang='lat' dir='ltr'><strong>Jubete</strong></span> <span class='ocrx_word' id='word_1_13' title='bbox 1714 515 1728 567; x_wconf 90' lang='lat'><strong>;</strong></span> <span class='ocrx_word' id='word_1_14' title='bbox 1763 519 1792 548; x_wconf 88' lang='lat'><strong>»</strong></span> <span class='ocrx_word' id='word_1_15' title='bbox 1825 511 2066 568; x_wconf 88' lang='lat' dir='ltr'><strong>precan-</strong></span> 
     </span>
    </p>
   </div>
   <div class='ocr_carea' id='block_1_5' title="bbox 2183 489 3845 571">
    <p class='ocr_par' dir='ltr' id='par_1_5' title="bbox 2187 489 3845 570">
     <span class='ocr_line' id='line_1_5' title="bbox 2187 489 3845 570; baseline 0.004 -25"><span class='ocrx_word' id='word_1_16' title='bbox 2187 493 2460 562; x_wconf 81' lang='grc' dir='ltr'>στοῦντες,</span> <span class='ocrx_word' id='word_1_17' title='bbox 2507 490 2598 546; x_wconf 82' lang='grc' dir='ltr'><strong>καὶ</strong></span> <span class='ocrx_word' id='word_1_18' title='bbox 2646 490 2738 547; x_wconf 84' lang='grc' dir='ltr'><strong>ὅτε</strong></span> <span class='ocrx_word' id='word_1_19' title='bbox 2790 489 3067 566; x_wconf 78' lang='grc' dir='ltr'><strong>πληρωθῇ</strong></span> <span class='ocrx_word' id='word_1_20' title='bbox 3100 492 3148 529; x_wconf 78' lang='grc'><strong>⁸³</strong></span> <span class='ocrx_word' id='word_1_21' title='bbox 3194 493 3230 564; x_wconf 76' lang='grc' dir='ltr'>ἡ</span> <span class='ocrx_word' id='word_1_22' title='bbox 3283 493 3625 570; x_wconf 85' lang='grc' dir='ltr'>εύχαριστια,</span> <span class='ocrx_word' id='word_1_23' title='bbox 3657 495 3845 553; x_wconf 86' lang='grc' dir='ltr'>νεύου-</span> 
     </span>
    </p>
   </div>
   <div class='ocr_carea' id='block_1_6' title="bbox 422 585 2073 662">
    <p class='ocr_par' dir='ltr' id='par_1_6' title="bbox 422 585 2073 662">
     <span class='ocr_line' id='line_1_6' title="bbox 422 585 2073 662; baseline -0.002 -18"><span class='ocrx_word' id='word_1_24' title='bbox 422 592 521 644; x_wconf 89' lang='lat' dir='ltr'><strong>tur</strong></span> <span class='ocrx_word' id='word_1_25' title='bbox 551 603 754 643; x_wconf 90' lang='lat' dir='ltr'><strong>omnes</strong></span> <span class='ocrx_word' id='word_1_26' title='bbox 787 602 802 644; x_wconf 93' lang='lat'>:</span> <span class='ocrx_word' id='word_1_27' title='bbox 829 608 856 636; x_wconf 87' lang='lat'><strong>«</strong></span> <span class='ocrx_word' id='word_1_28' title='bbox 891 587 952 642; x_wconf 88' lang='lat' dir='ltr'>In</span> <span class='ocrx_word' id='word_1_29' title='bbox 983 586 1160 660; x_wconf 83' lang='lat' dir='ltr'><strong>longa</strong></span> <span class='ocrx_word' id='word_1_30' title='bbox 1221 587 1487 662; x_wconf 91' lang='lat' dir='ltr'><strong>bonaque</strong></span> <span class='ocrx_word' id='word_1_31' title='bbox 1517 593 1803 662; x_wconf 88' lang='lat' dir='ltr'><strong>tempora,</strong></span> <span class='ocrx_word' id='word_1_32' title='bbox 1825 607 1852 640; x_wconf 76' lang='grc' dir='ltr'>ιο</span> <span class='ocrx_word' id='word_1_33' title='bbox 1901 592 1958 642; x_wconf 91' lang='lat' dir='ltr'><strong>et</strong></span> <span class='ocrx_word' id='word_1_34' title='bbox 1990 585 2073 642; x_wconf 90' lang='lat' dir='ltr'><strong>sic</strong></span> 
     </span>
    </p>
   </div>
   <div class='ocr_carea' id='block_1_7' title="bbox 419 674 2070 747">
    <p class='ocr_par' dir='ltr' id='par_1_7' title="bbox 419 674 2070 747">
     <span class='ocr_line' id='line_1_7' title="bbox 419 674 2070 747; baseline -0.002 -16"><span class='ocrx_word' id='word_1_35' title='bbox 419 674 822 747; x_wconf 84' lang='lat' dir='ltr'><strong>egrediuntur.</strong></span> <span class='ocrx_word' id='word_1_36' title='bbox 859 674 929 730; x_wconf 90' lang='lat' dir='ltr'><strong>Et</strong></span> <span class='ocrx_word' id='word_1_37' title='bbox 959 674 1153 731; x_wconf 90' lang='lat' dir='ltr'><strong>statim</strong></span> <span class='ocrx_word' id='word_1_38' title='bbox 1185 677 1847 742; x_wconf 80' lang='lat' dir='ltr'><strong>secretumfeminarum</strong></span> <span class='ocrx_word' id='word_1_39' title='bbox 1871 674 2070 739; x_wconf 90' lang='lat' dir='ltr'><strong>intrat,</strong></span> 
     </span>
    </p>
   </div>
   <div class='ocr_carea' id='block_1_8' title="bbox 416 763 2073 836">
    <p class='ocr_par' dir='ltr' id='par_1_8' title="bbox 416 763 2073 836">
     <span class='ocr_line' id='line_1_8' title="bbox 416 763 2073 836; baseline -0.001 -16"><span class='ocrx_word' id='word_1_40' title='bbox 416 763 614 820; x_wconf 87' lang='lat' dir='ltr'><strong>velum</strong></span> <span class='ocrx_word' id='word_1_41' title='bbox 646 764 903 836; x_wconf 89' lang='lat' dir='ltr'><strong>primum</strong></span> <span class='ocrx_word' id='word_1_42' title='bbox 933 769 1104 821; x_wconf 70' lang='lat' dir='ltr'><strong>zostte</strong></span> <span class='ocrx_word' id='word_1_43' title='bbox 1135 784 1150 834; x_wconf 90' lang='lat'><strong>;</strong></span> <span class='ocrx_word' id='word_1_44' title='bbox 1185 766 1341 822; x_wconf 75' lang='lat' dir='ltr'><strong>I20</strong></span> <span class='ocrx_word' id='word_1_45' title='bbox 1372 765 1564 823; x_wconf 86' lang='lat' dir='ltr'><strong>velum</strong></span> <span class='ocrx_word' id='word_1_46' title='bbox 1596 765 1942 830; x_wconf 87' lang='lat' dir='ltr'><strong>secundum,</strong></span> <span class='ocrx_word' id='word_1_47' title='bbox 1975 780 2073 835; x_wconf 86' lang='lat' dir='ltr'><strong>pa-</strong></span> 
     </span>
    </p>
   </div>
   <div class='ocr_carea' id='block_1_9' title="bbox 419 852 2070 927">
    <p class='ocr_par' dir='ltr' id='par_1_9' title="bbox 419 852 2070 927">
     <span class='ocr_line' id='line_1_9' title="bbox 419 852 2070 927; baseline -0.002 -18"><span class='ocrx_word' id='word_1_48' title='bbox 419 853 639 921; x_wconf 73' lang='lat' dir='ltr'><strong>triciae;</strong></span> <span class='ocrx_word' id='word_1_49' title='bbox 699 852 964 920; x_wconf 90' lang='lat' dir='ltr'><strong>tertium,</strong></span> <span class='ocrx_word' id='word_1_50' title='bbox 1052 855 1542 927; x_wconf 73' lang='lat' dir='ltr'><strong>protcspathariaa</strong></span> <span class='ocrx_word' id='word_1_51' title='bbox 1590 871 1656 910; x_wconf 91' lang='lat' dir='ltr'><strong>ac</strong></span> <span class='ocrx_word' id='word_1_52' title='bbox 1713 853 2070 926; x_wconf 74' lang='lat' dir='ltr'><strong>spathariaa;</strong></span> 
     </span>
    </p>
   </div>
   <div class='ocr_carea' id='block_1_10' title="bbox 426 941 2070 1015">
    <p class='ocr_par' dir='ltr' id='par_1_10' title="bbox 426 941 2070 1015">
     <span class='ocr_line' id='line_1_10' title="bbox 426 941 2070 1015; baseline -0.001 -17"><span class='ocrx_word' id='word_1_53' title='bbox 426 941 1118 1015; x_wconf 84' lang='lat' dir='ltr'><strong>quartum,consulares;</strong></span> <span class='ocrx_word' id='word_1_54' title='bbox 1167 945 1459 1015; x_wconf 89' lang='lat' dir='ltr'><strong>quintum,</strong></span> <span class='ocrx_word' id='word_1_55' title='bbox 1503 945 1900 1012; x_wconf 68' lang='lat' dir='ltr'><strong>stratorissaa;</strong></span> <span class='ocrx_word' id='word_1_56' title='bbox 1943 957 2070 997; x_wconf 81' lang='lat' dir='ltr'><strong>sex-</strong></span> 
     </span>
    </p>
   </div>
   <div class='ocr_carea' id='block_1_11' title="bbox 425 1030 2074 1105">
    <p class='ocr_par' dir='ltr' id='par_1_11' title="bbox 425 1030 2074 1105">
     <span class='ocr_line' id='line_1_11' title="bbox 425 1030 2074 1105; baseline -0.002 -17"><span class='ocrx_word' id='word_1_57' title='bbox 425 1037 574 1100; x_wconf 89' lang='lat' dir='ltr'><strong>tum,</strong></span> <span class='ocrx_word' id='word_1_58' title='bbox 601 1032 936 1098; x_wconf 66' lang='lat' dir='ltr'><strong>comitissaa,</strong></span> <span class='ocrx_word' id='word_1_59' title='bbox 971 1032 1424 1102; x_wconf 72' lang='lat' dir='ltr'><strong>candidatissas;</strong></span> <span class='ocrx_word' id='word_1_60' title='bbox 1466 1034 1812 1105; x_wconf 85' lang='lat' dir='ltr'><strong>septimum,</strong></span> <span class='ocrx_word' id='word_1_61' title='bbox 1858 1030 2074 1087; x_wconf 88' lang='lat' dir='ltr'><strong>scribo-</strong></span> 
     </span>
    </p>
   </div>
   <div class='ocr_carea' id='block_1_12' title="bbox 427 1122 2069 1193">
    <p class='ocr_par' dir='ltr' id='par_1_12' title="bbox 427 1122 2069 1193">
     <span class='ocr_line' id='line_1_12' title="bbox 427 1122 2069 1193; baseline -0.001 -17"><span class='ocrx_word' id='word_1_62' title='bbox 427 1122 624 1189; x_wconf 68' lang='lat' dir='ltr'><strong>nissae,</strong></span> <span class='ocrx_word' id='word_1_63' title='bbox 654 1122 1106 1191; x_wconf 73' lang='lat' dir='ltr'><strong>domesticissm;</strong></span> <span class='ocrx_word' id='word_1_64' title='bbox 1139 1127 1429 1193; x_wconf 89' lang='lat' dir='ltr'><strong>octavum,</strong></span> <span class='ocrx_word' id='word_1_65' title='bbox 1475 1122 1911 1188; x_wconf 69' lang='lat' dir='ltr'><strong>silentiarissae;</strong></span> <span class='ocrx_word' id='word_1_66' title='bbox 1967 1136 2069 1175; x_wconf 87' lang='lat' dir='ltr'><strong>no-</strong></span> 
     </span>
    </p>
   </div>
   <div class='ocr_carea' id='block_1_13' title="bbox 419 1209 2070 1285">
    <p class='ocr_par' dir='ltr' id='par_1_13' title="bbox 419 1209 2070 1285">
     <span class='ocr_line' id='line_1_13' title="bbox 419 1209 2070 1285; baseline -0.002 -17"><span class='ocrx_word' id='word_1_67' title='bbox 419 1227 584 1280; x_wconf 89' lang='lat' dir='ltr'><strong>num,</strong></span> <span class='ocrx_word' id='word_1_68' title='bbox 610 1213 1050 1268; x_wconf 80' lang='lat' dir='ltr'><strong>mandatorissae</strong></span> <span class='ocrx_word' id='word_1_69' title='bbox 1070 1214 1479 1285; x_wconf 70' lang='lat' dir='ltr'><strong>imperatoriae,</strong></span> <span class='ocrx_word' id='word_1_70' title='bbox 1502 1212 1814 1269; x_wconf 79' lang='lat' dir='ltr'><strong>comitissae</strong></span> <span class='ocrx_word' id='word_1_71' title='bbox 1843 1209 2070 1266; x_wconf 89' lang='lat' dir='ltr'><strong>numeri</strong></span> 
     </span>
    </p>
   </div>
   <div class='ocr_carea' id='block_1_14' title="bbox 418 1299 2069 1368">
    <p class='ocr_par' dir='ltr' id='par_1_14' title="bbox 418 1299 2069 1368">
     <span class='ocr_line' id='line_1_14' title="bbox 418 1299 2069 1368; baseline -0.001 -14"><span class='ocrx_word' id='word_1_72' title='bbox 418 1299 804 1367; x_wconf 88' lang='lat' dir='ltr'><strong>icanatorum;</strong></span> <span class='ocrx_word' id='word_1_73' title='bbox 837 1299 1027 1356; x_wconf 85' lang='lat' dir='ltr'><strong>velum</strong></span> <span class='ocrx_word' id='word_1_74' title='bbox 1055 1299 1366 1368; x_wconf 89' lang='lat' dir='ltr'><strong>decimum,</strong></span> <span class='ocrx_word' id='word_1_75' title='bbox 1402 1301 1727 1357; x_wconf 74' lang='lat' dir='ltr'><strong>tribunissaa</strong></span> <span class='ocrx_word' id='word_1_76' title='bbox 1758 1299 2069 1358; x_wconf 71' lang='lat' dir='ltr'><strong>comitissaa</strong></span> 
     </span>
    </p>
   </div>
   <div class='ocr_carea' id='block_1_15' title="bbox 419 1391 2072 1465">
    <p class='ocr_par' dir='ltr' id='par_1_15' title="bbox 419 1391 2072 1465">
     <span class='ocr_line' id='line_1_15' title="bbox 419 1391 2072 1465; baseline -0.001 -18"><span class='ocrx_word' id='word_1_77' title='bbox 419 1391 501 1448; x_wconf 85' lang='lat' dir='ltr'><strong>rei</strong></span> <span class='ocrx_word' id='word_1_78' title='bbox 535 1392 795 1462; x_wconf 88' lang='lat' dir='ltr'><strong>navalis;</strong></span> <span class='ocrx_word' id='word_1_79' title='bbox 829 1393 1230 1462; x_wconf 90' lang='lat' dir='ltr'><strong>undecimum,</strong></span> <span class='ocrx_word' id='word_1_80' title='bbox 1265 1395 1724 1465; x_wconf 69' lang='lat' dir='ltr'><strong>protectorissaa;</strong></span> <span class='ocrx_word' id='word_1_81' title='bbox 1779 1391 2072 1449; x_wconf 88' lang='lat' dir='ltr'><strong>centurio-</strong></span> 
     </span>
    </p>
   </div>
   <div class='ocr_carea' id='block_1_16' title="bbox 425 1482 2070 1558">
    <p class='ocr_par' dir='ltr' id='par_1_16' title="bbox 425 1482 2070 1558">
     <span class='ocr_line' id='line_1_16' title="bbox 425 1482 2070 1558; baseline 0 -20"><span class='ocrx_word' id='word_1_82' title='bbox 425 1499 569 1538; x_wconf 87' lang='lat' dir='ltr'><strong>num</strong></span> <span class='ocrx_word' id='word_1_83' title='bbox 603 1498 830 1539; x_wconf 82' lang='lat' dir='ltr'><strong>uxores.</strong></span> <span class='ocrx_word' id='word_1_84' title='bbox 864 1482 960 1538; x_wconf 76' lang='lat' dir='ltr'><strong>Haa</strong></span> <span class='ocrx_word' id='word_1_85' title='bbox 989 1500 1195 1540; x_wconf 89' lang='lat' dir='ltr'><strong>omnes</strong></span> <span class='ocrx_word' id='word_1_86' title='bbox 1228 1485 1432 1540; x_wconf 81' lang='lat' dir='ltr'><strong>ordine</strong></span> <span class='ocrx_word' id='word_1_87' title='bbox 1463 1485 1766 1558; x_wconf 65' lang='lat' dir='ltr'><strong>ingressae,</strong></span> <span class='ocrx_word' id='word_1_88' title='bbox 1797 1483 2070 1539; x_wconf 89' lang='lat' dir='ltr'><strong>domino-</strong></span> 
     </span>
    </p>
   </div>
   <div class='ocr_carea' id='block_1_17' title="bbox 425 1574 2069 1645">
    <p class='ocr_par' dir='ltr' id='par_1_17' title="bbox 425 1574 2069 1645">
     <span class='ocr_line' id='line_1_17' title="bbox 425 1574 2069 1645; baseline -0.002 -16"><span class='ocrx_word' id='word_1_89' title='bbox 425 1586 554 1629; x_wconf 90' lang='lat' dir='ltr'><strong>rum</strong></span> <span class='ocrx_word' id='word_1_90' title='bbox 586 1588 750 1644; x_wconf 71' lang='lat' dir='ltr'><strong>aeque</strong></span> <span class='ocrx_word' id='word_1_91' title='bbox 781 1588 845 1627; x_wconf 89' lang='lat' dir='ltr'><strong>ac</strong></span> <span class='ocrx_word' id='word_1_92' title='bbox 883 1574 1158 1642; x_wconf 66' lang='lat' dir='ltr'><strong>Augustas</strong></span> <span class='ocrx_word' id='word_1_93' title='bbox 1205 1590 1400 1645; x_wconf 84' lang='lat' dir='ltr'><strong>genua</strong></span> <span class='ocrx_word' id='word_1_94' title='bbox 1429 1580 1800 1642; x_wconf 81' lang='lat' dir='ltr'><strong>venerantur,</strong></span> <span class='ocrx_word' id='word_1_95' title='bbox 1833 1577 1890 1628; x_wconf 87' lang='lat' dir='ltr'><strong>et</strong></span> <span class='ocrx_word' id='word_1_96' title='bbox 1927 1588 2069 1627; x_wconf 92' lang='lat' dir='ltr'><strong>con-</strong></span> 
     </span>
    </p>
   </div>
   <div class='ocr_carea' id='block_1_18' title="bbox 419 1660 2070 1736">
    <p class='ocr_par' dir='ltr' id='par_1_18' title="bbox 419 1660 2070 1736">
     <span class='ocr_line' id='line_1_18' title="bbox 419 1660 2070 1736; baseline 0 -20"><span class='ocrx_word' id='word_1_97' title='bbox 419 1660 651 1716; x_wconf 89' lang='lat' dir='ltr'><strong>sistorio</strong></span> <span class='ocrx_word' id='word_1_98' title='bbox 683 1666 932 1729; x_wconf 87' lang='lat' dir='ltr'><strong>astante,</strong></span> <span class='ocrx_word' id='word_1_99' title='bbox 965 1662 1198 1729; x_wconf 78' lang='lat' dir='ltr'><strong>signum</strong></span> <span class='ocrx_word' id='word_1_100' title='bbox 1258 1664 1569 1736; x_wconf 63' lang='lat' dir='ltr'><strong>praeposito</strong></span> <span class='ocrx_word' id='word_1_101' title='bbox 1615 1663 1835 1720; x_wconf 87' lang='lat' dir='ltr'><strong>domini</strong></span> <span class='ocrx_word' id='word_1_102' title='bbox 1906 1663 2070 1730; x_wconf 83' lang='lat' dir='ltr'><strong>dant,</strong></span> 
     </span>
    </p>
   </div>
   <div class='ocr_carea' id='block_1_19' title="bbox 421 1749 2072 1824">
    <p class='ocr_par' dir='ltr' id='par_1_19' title="bbox 421 1749 2072 1824">
     <span class='ocr_line' id='line_1_19' title="bbox 421 1749 2072 1824; baseline 0.001 -21"><span class='ocrx_word' id='word_1_103' title='bbox 421 1749 523 1820; x_wconf 90' lang='lat' dir='ltr'><strong>qui</strong></span> <span class='ocrx_word' id='word_1_104' title='bbox 554 1749 697 1804; x_wconf 85' lang='lat' dir='ltr'><strong>dicit</strong></span> <span class='ocrx_word' id='word_1_105' title='bbox 729 1765 742 1806; x_wconf 91' lang='lat'><strong>:</strong></span> <span class='ocrx_word' id='word_1_106' title='bbox 780 1771 809 1799; x_wconf 91' lang='grc'><strong>‹‹</strong></span> <span class='ocrx_word' id='word_1_107' title='bbox 837 1749 1068 1815; x_wconf 87' lang='lat' dir='ltr'><strong>Jubete,</strong></span> <span class='ocrx_word' id='word_1_108' title='bbox 1101 1771 1129 1799; x_wconf 87' lang='lat'>»</span> <span class='ocrx_word' id='word_1_109' title='bbox 1163 1749 1372 1806; x_wconf 90' lang='lat' dir='ltr'><strong>deinde</strong></span> <span class='ocrx_word' id='word_1_110' title='bbox 1403 1751 1802 1824; x_wconf 79' lang='lat' dir='ltr'><strong>egrediuntur.</strong></span> <span class='ocrx_word' id='word_1_111' title='bbox 1847 1749 2072 1822; x_wconf 78' lang='lat' dir='ltr'><strong>Reliqui</strong></span> 
     </span>
    </p>
   </div>
   <div class='ocr_carea' id='block_1_20' title="bbox 2183 579 3840 662">
    <p class='ocr_par' dir='ltr' id='par_1_20' title="bbox 2183 579 3840 662">
     <span class='ocr_line' id='line_1_20' title="bbox 2183 579 3840 662; baseline 0.005 -28"><span class='ocrx_word' id='word_1_112' title='bbox 2183 601 2264 635; x_wconf 90' lang='grc' dir='ltr'><strong>σιν</strong></span> <span class='ocrx_word' id='word_1_113' title='bbox 2326 582 2378 635; x_wconf 69' lang='grc' dir='ltr'>οἱ</span> <span class='ocrx_word' id='word_1_114' title='bbox 2437 579 2692 637; x_wconf 77' lang='grc' dir='ltr'><strong>δεσπόται</strong></span> <span class='ocrx_word' id='word_1_115' title='bbox 2767 585 2848 653; x_wconf 77' lang='grc' dir='ltr'>τῷ</span> <span class='ocrx_word' id='word_1_116' title='bbox 2914 582 3281 656; x_wconf 84' lang='grc' dir='ltr'>πραιποσίτῳ,</span> <span class='ocrx_word' id='word_1_117' title='bbox 3354 585 3601 650; x_wconf 86' lang='grc' dir='ltr'>κάκεῖνος</span> <span class='ocrx_word' id='word_1_118' title='bbox 3667 581 3840 662; x_wconf 62' lang='grc' dir='ltr'>λέγει.</span> 
     </span>
    </p>
   </div>
   <div class='ocr_carea' id='block_1_21' title="bbox 2183 669 3848 746">
    <p class='ocr_par' dir='ltr' id='par_1_21' title="bbox 2183 669 3848 746">
     <span class='ocr_line' id='line_1_21' title="bbox 2183 669 3848 746; baseline 0.006 -25"><span class='ocrx_word' id='word_1_119' title='bbox 2183 694 2211 721; x_wconf 82' lang='grc' dir='ltr'>ι(</span> <span class='ocrx_word' id='word_1_120' title='bbox 2247 670 2569 727; x_wconf 73' lang='grc' dir='ltr'>Κελεύσατε*</span> <span class='ocrx_word' id='word_1_121' title='bbox 2607 695 2634 723; x_wconf 84' lang='grc'><strong>››</strong></span> <span class='ocrx_word' id='word_1_122' title='bbox 2673 671 2764 726; x_wconf 80' lang='grc' dir='ltr'><strong>καὶ</strong></span> <span class='ocrx_word' id='word_1_123' title='bbox 2797 669 3120 746; x_wconf 79' lang='grc' dir='ltr'>ἐπεύχονται</span> <span class='ocrx_word' id='word_1_124' title='bbox 3152 673 3370 743; x_wconf 80' lang='grc' dir='ltr'>πάντες,</span> <span class='ocrx_word' id='word_1_125' title='bbox 3402 698 3430 724; x_wconf 91' lang='grc'><strong>‹‹</strong></span> <span class='ocrx_word' id='word_1_126' title='bbox 3463 673 3558 736; x_wconf 84' lang='grc' dir='ltr'><strong>Εἰς</strong></span> <span class='ocrx_word' id='word_1_127' title='bbox 3590 673 3848 739; x_wconf 79' lang='grc' dir='ltr'>πολλοὺς</span> 
     </span>
    </p>
   </div>
   <div class='ocr_carea' id='block_1_22' title="bbox 2181 759 3844 841">
    <p class='ocr_par' dir='ltr' id='par_1_22' title="bbox 2181 759 3844 841">
     <span class='ocr_line' id='line_1_22' title="bbox 2181 759 3844 841; baseline 0.004 -28"><span class='ocrx_word' id='word_1_128' title='bbox 2181 761 2269 814; x_wconf 84' lang='grc' dir='ltr'><strong>καὶ</strong></span> <span class='ocrx_word' id='word_1_129' title='bbox 2328 759 2562 836; x_wconf 78' lang='grc' dir='ltr'>ἀγαθοὺς</span> <span class='ocrx_word' id='word_1_130' title='bbox 2594 761 2854 836; x_wconf 77' lang='grc' dir='ltr'>χρόνους,</span> <span class='ocrx_word' id='word_1_131' title='bbox 2903 785 2929 811; x_wconf 72' lang='grc'><strong>››</strong></span> <span class='ocrx_word' id='word_1_132' title='bbox 2984 761 3074 816; x_wconf 78' lang='grc' dir='ltr'><strong>καὶ</strong></span> <span class='ocrx_word' id='word_1_133' title='bbox 3118 761 3458 841; x_wconf 72' lang='grc' dir='ltr'>ἐξέρχονται.</span> <span class='ocrx_word' id='word_1_134' title='bbox 3490 762 3594 820; x_wconf 81' lang='grc' dir='ltr'><strong>Καὶ</strong></span> <span class='ocrx_word' id='word_1_135' title='bbox 3639 763 3844 830; x_wconf 80' lang='grc' dir='ltr'>εύθέως</span> 
     </span>
    </p>
   </div>
   <div class='ocr_carea' id='block_1_23' title="bbox 2183 848 3843 928">
    <p class='ocr_par' dir='ltr' id='par_1_23' title="bbox 2183 848 3843 928">
     <span class='ocr_line' id='line_1_23' title="bbox 2183 848 3843 928; baseline 0.005 -26"><span class='ocrx_word' id='word_1_136' title='bbox 2183 848 2484 928; x_wconf 72' lang='grc' dir='ltr'>εἰσέρχεται</span> <span class='ocrx_word' id='word_1_137' title='bbox 2531 851 2594 905; x_wconf 84' lang='grc' dir='ltr'>τὸ</span> <span class='ocrx_word' id='word_1_138' title='bbox 2641 851 2888 922; x_wconf 80' lang='grc' dir='ltr'>σέκρετον</span> <span class='ocrx_word' id='word_1_139' title='bbox 2939 854 3045 905; x_wconf 82' lang='grc' dir='ltr'><strong>τῶν</strong></span> <span class='ocrx_word' id='word_1_140' title='bbox 3095 857 3385 925; x_wconf 78' lang='grc' dir='ltr'>γυναικῶν,</span> <span class='ocrx_word' id='word_1_141' title='bbox 3439 851 3616 927; x_wconf 78' lang='grc' dir='ltr'>βῆλον</span> <span class='ocrx_word' id='word_1_142' title='bbox 3667 855 3733 914; x_wconf 71' lang='grc' dir='ltr'><strong>α’.</strong></span> <span class='ocrx_word' id='word_1_143' title='bbox 3786 856 3843 910; x_wconf 73' lang='grc' dir='ltr'>αἱ</span> 
     </span>
    </p>
   </div>
   <div class='ocr_carea' id='block_1_24' title="bbox 2185 938 3839 1018">
    <p class='ocr_par' dir='ltr' id='par_1_24' title="bbox 2185 938 3839 1018">
     <span class='ocr_line' id='line_1_24' title="bbox 2185 938 3839 1018; baseline 0.005 -26"><span class='ocrx_word' id='word_1_144' title='bbox 2185 939 2401 1007; x_wconf 82' lang='grc' dir='ltr'>ζωσταί’</span> <span class='ocrx_word' id='word_1_145' title='bbox 2459 938 2632 1013; x_wconf 77' lang='grc' dir='ltr'>βῆλον</span> <span class='ocrx_word' id='word_1_146' title='bbox 2693 942 2760 1015; x_wconf 85' lang='grc' dir='ltr'><strong>β“,</strong></span> <span class='ocrx_word' id='word_1_147' title='bbox 2807 941 2862 995; x_wconf 72' lang='grc' dir='ltr'>αἱ</span> <span class='ocrx_word' id='word_1_148' title='bbox 2901 940 3202 1016; x_wconf 82' lang='grc' dir='ltr'>πατρίκιαι·</span> <span class='ocrx_word' id='word_1_149' title='bbox 3260 941 3432 1018; x_wconf 74' lang='grc' dir='ltr'>βῆλον</span> <span class='ocrx_word' id='word_1_150' title='bbox 3479 944 3549 1018; x_wconf 87' lang='grc' dir='ltr'>γ’,</span> <span class='ocrx_word' id='word_1_151' title='bbox 3595 944 3649 998; x_wconf 78' lang='grc' dir='ltr'>αἱ</span> <span class='ocrx_word' id='word_1_152' title='bbox 3683 964 3839 1018; x_wconf 87' lang='grc' dir='ltr'>πρω-</span> 
     </span>
    </p>
   </div>
   <div class='ocr_carea' id='block_1_25' title="bbox 2179 1029 3843 1106">
    <p class='ocr_par' dir='ltr' id='par_1_25' title="bbox 2179 1029 3843 1106">
     <span class='ocr_line' id='line_1_25' title="bbox 2179 1029 3843 1106; baseline 0.004 -22"><span class='ocrx_word' id='word_1_153' title='bbox 2179 1029 2541 1104; x_wconf 77' lang='grc' dir='ltr'>τοσπαθάριαι</span> <span class='ocrx_word' id='word_1_154' title='bbox 2606 1030 2696 1085; x_wconf 86' lang='grc' dir='ltr'><strong>καὶ</strong></span> <span class='ocrx_word' id='word_1_155' title='bbox 2764 1031 3078 1104; x_wconf 73' lang='grc' dir='ltr'>σπαθάριαιο</span> <span class='ocrx_word' id='word_1_156' title='bbox 3153 1031 3328 1106; x_wconf 82' lang='grc' dir='ltr'>βῆλον</span> <span class='ocrx_word' id='word_1_157' title='bbox 3388 1029 3450 1103; x_wconf 83' lang='grc' dir='ltr'>δ’,</span> <span class='ocrx_word' id='word_1_158' title='bbox 3527 1033 3843 1090; x_wconf 77' lang='grc' dir='ltr'>ὑπάτισσαι·</span> 
     </span>
    </p>
   </div>
   <div class='ocr_carea' id='block_1_26' title="bbox 2185 1117 3844 1198">
    <p class='ocr_par' dir='ltr' id='par_1_26' title="bbox 2185 1117 3844 1198">
     <span class='ocr_line' id='line_1_26' title="bbox 2185 1117 3844 1198; baseline 0.004 -25"><span class='ocrx_word' id='word_1_159' title='bbox 2185 1117 2360 1192; x_wconf 84' lang='grc' dir='ltr'>βῆλον</span> <span class='ocrx_word' id='word_1_160' title='bbox 2390 1120 2451 1189; x_wconf 89' lang='grc' dir='ltr'>ε’,</span> <span class='ocrx_word' id='word_1_161' title='bbox 2485 1121 2902 1195; x_wconf 82' lang='grc' dir='ltr'>στρατώρισσαι·</span> <span class='ocrx_word' id='word_1_162' title='bbox 2961 1121 3138 1198; x_wconf 80' lang='grc' dir='ltr'>βῆλον</span> <span class='ocrx_word' id='word_1_163' title='bbox 3188 1122 3252 1194; x_wconf 85' lang='grc' dir='ltr'>ς’,</span> <span class='ocrx_word' id='word_1_164' title='bbox 3304 1124 3661 1195; x_wconf 75' lang='grc' dir='ltr'>κομήτισσαι,</span> <span class='ocrx_word' id='word_1_165' title='bbox 3713 1146 3844 1180; x_wconf 86' lang='grc' dir='ltr'>καν-</span> 
     </span>
    </p>
   </div>
   <div class='ocr_carea' id='block_1_27' title="bbox 2185 1203 3847 1288">
    <p class='ocr_par' dir='ltr' id='par_1_27' title="bbox 2185 1203 3847 1288">
     <span class='ocr_line' id='line_1_27' title="bbox 2185 1203 3847 1288; baseline 0.007 -28"><span class='ocrx_word' id='word_1_166' title='bbox 2185 1203 2484 1263; x_wconf 75' lang='grc' dir='ltr'>διδάτισσαι</span> <span class='ocrx_word' id='word_1_167' title='bbox 2542 1210 2607 1246; x_wconf 68' lang='grc'><strong>⁸⁵⁸</strong></span> <span class='ocrx_word' id='word_1_168' title='bbox 2668 1209 2844 1286; x_wconf 80' lang='grc' dir='ltr'>βῆλον</span> <span class='ocrx_word' id='word_1_169' title='bbox 2909 1212 2972 1280; x_wconf 81' lang='grc' dir='ltr'><strong>ζ“,</strong></span> <span class='ocrx_word' id='word_1_170' title='bbox 3023 1205 3436 1286; x_wconf 77' lang='grc' dir='ltr'>σκριϐώνισσαι,</span> <span class='ocrx_word' id='word_1_171' title='bbox 3493 1209 3847 1288; x_wconf 77' lang='grc' dir='ltr'>δομεστίκισ-</span> 
     </span>
    </p>
   </div>
   <div class='ocr_carea' id='block_1_28' title="bbox 2186 1296 3845 1378">
    <p class='ocr_par' dir='ltr' id='par_1_28' title="bbox 2186 1296 3845 1378">
     <span class='ocr_line' id='line_1_28' title="bbox 2186 1296 3845 1378; baseline 0.005 -27"><span class='ocrx_word' id='word_1_172' title='bbox 2186 1317 2294 1352; x_wconf 74' lang='grc' dir='ltr'>σαι*</span> <span class='ocrx_word' id='word_1_173' title='bbox 2333 1296 2505 1372; x_wconf 79' lang='grc' dir='ltr'>βῆλον</span> <span class='ocrx_word' id='word_1_174' title='bbox 2558 1300 2628 1369; x_wconf 87' lang='grc' dir='ltr'><strong>η’.</strong></span> <span class='ocrx_word' id='word_1_175' title='bbox 2692 1297 3138 1375; x_wconf 75' lang='grc' dir='ltr'>σιλεντιοὶρισσαι’</span> <span class='ocrx_word' id='word_1_176' title='bbox 3207 1300 3382 1375; x_wconf 82' lang='grc' dir='ltr'>βῆλον</span> <span class='ocrx_word' id='word_1_177' title='bbox 3438 1303 3503 1373; x_wconf 83' lang='grc' dir='ltr'>θ’,</span> <span class='ocrx_word' id='word_1_178' title='bbox 3563 1298 3845 1378; x_wconf 80' lang='grc' dir='ltr'>μανδατὸ-</span> 
     </span>
    </p>
   </div>
   <div class='ocr_carea' id='block_1_29' title="bbox 2184 1387 3847 1466">
    <p class='ocr_par' dir='ltr' id='par_1_29' title="bbox 2184 1387 3847 1466">
     <span class='ocr_line' id='line_1_29' title="bbox 2184 1387 3847 1466; baseline 0.005 -24"><span class='ocrx_word' id='word_1_179' title='bbox 2184 1408 2364 1463; x_wconf 88' lang='grc' dir='ltr'>ρισσαι</span> <span class='ocrx_word' id='word_1_180' title='bbox 2415 1387 2718 1463; x_wconf 78' lang='grc' dir='ltr'>βασιλικαὶ,</span> <span class='ocrx_word' id='word_1_181' title='bbox 2770 1391 3101 1464; x_wconf 78' lang='grc' dir='ltr'>κομήτισσαι</span> <span class='ocrx_word' id='word_1_182' title='bbox 3149 1395 3247 1446; x_wconf 78' lang='grc' dir='ltr'><strong>τοῦ</strong></span> <span class='ocrx_word' id='word_1_183' title='bbox 3299 1392 3532 1466; x_wconf 80' lang='grc' dir='ltr'>ἀριθμοῦ</span> <span class='ocrx_word' id='word_1_184' title='bbox 3574 1398 3682 1448; x_wconf 83' lang='grc' dir='ltr'><strong>τῶν</strong></span> <span class='ocrx_word' id='word_1_185' title='bbox 3718 1395 3847 1450; x_wconf 78' lang='grc' dir='ltr'>ἱκα-</span> 
     </span>
    </p>
   </div>
   <div class='ocr_carea' id='block_1_30' title="bbox 2182 1474 3847 1556">
    <p class='ocr_par' dir='ltr' id='par_1_30' title="bbox 2182 1474 3847 1556">
     <span class='ocr_line' id='line_1_30' title="bbox 2182 1474 3847 1556; baseline 0.004 -24"><span class='ocrx_word' id='word_1_186' title='bbox 2182 1479 2379 1532; x_wconf 75' lang='grc' dir='ltr'>νάτων·</span> <span class='ocrx_word' id='word_1_187' title='bbox 2454 1477 2626 1553; x_wconf 84' lang='grc' dir='ltr'>βῆλον</span> <span class='ocrx_word' id='word_1_188' title='bbox 2705 1484 2754 1550; x_wconf 85' lang='grc' dir='ltr'>ι’,</span> <span class='ocrx_word' id='word_1_189' title='bbox 2830 1474 3206 1554; x_wconf 78' lang='grc' dir='ltr'>τριϐούνισσαι</span> <span class='ocrx_word' id='word_1_190' title='bbox 3264 1483 3309 1516; x_wconf 77' lang='grc'><strong>⁵⁵</strong></span> <span class='ocrx_word' id='word_1_191' title='bbox 3369 1483 3452 1554; x_wconf 90' lang='grc'><strong>(3)</strong></span> <span class='ocrx_word' id='word_1_192' title='bbox 3508 1485 3847 1556; x_wconf 83' lang='grc' dir='ltr'>κομήτισσαι</span> 
     </span>
    </p>
   </div>
   <div class='ocr_carea' id='block_1_31' title="bbox 2182 1565 3845 1648">
    <p class='ocr_par' dir='ltr' id='par_1_31' title="bbox 2182 1565 3845 1648">
     <span class='ocr_line' id='line_1_31' title="bbox 2182 1565 3845 1648; baseline 0.004 -26"><span class='ocrx_word' id='word_1_193' title='bbox 2182 1565 2464 1640; x_wconf 83' lang='grc' dir='ltr'>πλο·ἱμων’</span> <span class='ocrx_word' id='word_1_194' title='bbox 2521 1566 2694 1642; x_wconf 84' lang='grc' dir='ltr'>βῆλον</span> <span class='ocrx_word' id='word_1_195' title='bbox 2749 1571 2840 1639; x_wconf 76' lang='grc' dir='ltr'>ια’,</span> <span class='ocrx_word' id='word_1_196' title='bbox 2889 1568 3380 1644; x_wconf 87' lang='grc' dir='ltr'>πρωτικτόρισσαι,</span> <span class='ocrx_word' id='word_1_197' title='bbox 3433 1572 3845 1648; x_wconf 78' lang='grc' dir='ltr'>κεντάρχισσαι.</span> 
     </span>
    </p>
   </div>
   <div class='ocr_carea' id='block_1_32' title="bbox 2184 1657 3848 1737">
    <p class='ocr_par' dir='ltr' id='par_1_32' title="bbox 2184 1657 3848 1737">
     <span class='ocr_line' id='line_1_32' title="bbox 2184 1657 3848 1737; baseline 0.002 -24"><span class='ocrx_word' id='word_1_198' title='bbox 2184 1657 2542 1733; x_wconf 74' lang='grc' dir='ltr'>Εἰσέρχονται</span> <span class='ocrx_word' id='word_1_199' title='bbox 2601 1657 2740 1712; x_wconf 75' lang='grc' dir='ltr'>κατὰ</span> <span class='ocrx_word' id='word_1_200' title='bbox 2786 1658 2959 1731; x_wconf 72' lang='grc' dir='ltr'>τάξιν,</span> <span class='ocrx_word' id='word_1_201' title='bbox 3015 1662 3420 1734; x_wconf 80' lang='grc' dir='ltr'>προσκυνοῦσαι</span> <span class='ocrx_word' id='word_1_202' title='bbox 3478 1661 3547 1716; x_wconf 73' lang='grc' dir='ltr'>τὰ</span> <span class='ocrx_word' id='word_1_203' title='bbox 3596 1657 3691 1716; x_wconf 83' lang='grc' dir='ltr'><strong>δύο</strong></span> <span class='ocrx_word' id='word_1_204' title='bbox 3738 1663 3848 1737; x_wconf 77' lang='grc' dir='ltr'>γό-</span> 
     </span>
    </p>
   </div>
   <div class='ocr_carea' id='block_1_33' title="bbox 2183 1744 3854 1825">
    <p class='ocr_par' dir='ltr' id='par_1_33' title="bbox 2183 1744 3854 1825">
     <span class='ocr_line' id='line_1_33' title="bbox 2183 1744 3854 1825; baseline 0.004 -25"><span class='ocrx_word' id='word_1_205' title='bbox 2183 1767 2315 1801; x_wconf 87' lang='grc' dir='ltr'>νατα</span> <span class='ocrx_word' id='word_1_206' title='bbox 2344 1751 2452 1801; x_wconf 82' lang='grc' dir='ltr'><strong>τῶν</strong></span> <span class='ocrx_word' id='word_1_207' title='bbox 2505 1744 2781 1802; x_wconf 82' lang='grc' dir='ltr'>δεσποτῶν</span> <span class='ocrx_word' id='word_1_208' title='bbox 2833 1747 3044 1820; x_wconf 81' lang='grc' dir='ltr'>ὁμοίως</span> <span class='ocrx_word' id='word_1_209' title='bbox 3089 1749 3181 1803; x_wconf 83' lang='grc' dir='ltr'><strong>καὶ</strong></span> <span class='ocrx_word' id='word_1_210' title='bbox 3229 1755 3329 1818; x_wconf 83' lang='grc' dir='ltr'>τῆς</span> <span class='ocrx_word' id='word_1_211' title='bbox 3381 1748 3723 1825; x_wconf 84' lang='grc' dir='ltr'>Αύγούστης,</span> <span class='ocrx_word' id='word_1_212' title='bbox 3755 1751 3854 1807; x_wconf 81' lang='grc' dir='ltr'><strong>καὶ</strong></span> 
     </span>
    </p>
   </div>
   <div class='ocr_carea' id='block_1_34' title="bbox 416 1833 2073 1928">
    <p class='ocr_par' dir='ltr' id='par_1_34' title="bbox 416 1838 2073 1912">
     <span class='ocr_line' id='line_1_34' title="bbox 416 1838 2073 1912; baseline -0.001 -18"><span class='ocrx_word' id='word_1_213' title='bbox 416 1855 484 1894; x_wconf 85' lang='lat' dir='ltr'><strong>ex</strong></span> <span class='ocrx_word' id='word_1_214' title='bbox 525 1838 688 1895; x_wconf 81' lang='lat' dir='ltr'><strong>urbis</strong></span> <span class='ocrx_word' id='word_1_215' title='bbox 737 1839 944 1895; x_wconf 83' lang='lat' dir='ltr'><strong>incolis</strong></span> <span class='ocrx_word' id='word_1_216' title='bbox 991 1840 1296 1896; x_wconf 88' lang='lat' dir='ltr'><strong>ordinibus</strong></span> <span class='ocrx_word' id='word_1_217' title='bbox 1342 1845 1400 1896; x_wconf 90' lang='lat' dir='ltr'><strong>et</strong></span> <span class='ocrx_word' id='word_1_218' title='bbox 1463 1841 1742 1908; x_wconf 85' lang='lat' dir='ltr'><strong>numeris,</strong></span> <span class='ocrx_word' id='word_1_219' title='bbox 1802 1856 1961 1912; x_wconf 64' lang='lat' dir='ltr'><strong>mque</strong></span> <span class='ocrx_word' id='word_1_220' title='bbox 2011 1855 2073 1895; x_wconf 91' lang='lat' dir='ltr'><strong>ac</strong></span> 
     </span>
    </p>
   </div>
   <div class='ocr_carea' id='block_1_35' title="bbox 2183 1833 3856 1928">
    <p class='ocr_par' dir='ltr' id='par_1_35' title="bbox 2183 1833 3856 1912">
     <span class='ocr_line' id='line_1_35' title="bbox 2183 1833 3856 1912; baseline 0.005 -24"><span class='ocrx_word' id='word_1_221' title='bbox 2183 1833 2431 1891; x_wconf 76' lang='grc' dir='ltr'>’ίστανται</span> <span class='ocrx_word' id='word_1_222' title='bbox 2489 1838 2533 1872; x_wconf 78' lang='grc'><strong>⁸⁸</strong></span> <span class='ocrx_word' id='word_1_223' title='bbox 2589 1837 3000 1912; x_wconf 85' lang='grc' dir='ltr'>κονσιστώριον,</span> <span class='ocrx_word' id='word_1_224' title='bbox 3041 1838 3131 1892; x_wconf 82' lang='grc' dir='ltr'><strong>καὶ</strong></span> <span class='ocrx_word' id='word_1_225' title='bbox 3187 1837 3432 1893; x_wconf 78' lang='grc' dir='ltr'>νεύουσιν</span> <span class='ocrx_word' id='word_1_226' title='bbox 3484 1839 3536 1894; x_wconf 77' lang='grc' dir='ltr'>οἱ</span> <span class='ocrx_word' id='word_1_227' title='bbox 3591 1837 3856 1897; x_wconf 79' lang='grc' dir='ltr'><strong>δεσπόται</strong></span> 
     </span>
    </p>
   </div>
   <div class='ocr_carea' id='block_1_36' title="bbox 412 1929 2079 1997">
    <p class='ocr_par' dir='ltr' id='par_1_36' title="bbox 412 1929 2079 1997">
     <span class='ocr_line' id='line_1_36' title="bbox 412 1929 2079 1997; baseline 0 -13"><span class='ocrx_word' id='word_1_228' title='bbox 412 1945 555 1984; x_wconf 88' lang='lat' dir='ltr'><strong>vasa</strong></span> <span class='ocrx_word' id='word_1_229' title='bbox 585 1929 804 1997; x_wconf 87' lang='lat' dir='ltr'><strong>omnia,</strong></span> <span class='ocrx_word' id='word_1_230' title='bbox 837 1929 893 1984; x_wconf 89' lang='lat' dir='ltr'><strong>in</strong></span> <span class='ocrx_word' id='word_1_231' title='bbox 927 1929 1208 1986; x_wconf 85' lang='lat' dir='ltr'><strong>tribunali</strong></span> <span class='ocrx_word' id='word_1_232' title='bbox 1245 1929 1370 1986; x_wconf 85' lang='lat' dir='ltr'><strong>XIX</strong></span> <span class='ocrx_word' id='word_1_233' title='bbox 1403 1930 1783 1986; x_wconf 88' lang='lat' dir='ltr'><strong>accubituum</strong></span> <span class='ocrx_word' id='word_1_234' title='bbox 1807 1931 2079 1985; x_wconf 87' lang='lat' dir='ltr'><strong>ordinan-</strong></span> 
     </span>
    </p>
   </div>
   <div class='ocr_carea' id='block_1_37' title="bbox 417 2017 2078 2092">
    <p class='ocr_par' dir='ltr' id='par_1_37' title="bbox 417 2017 2078 2092">
     <span class='ocr_line' id='line_1_37' title="bbox 417 2017 2078 2092; baseline 0.001 -20"><span class='ocrx_word' id='word_1_235' title='bbox 417 2021 515 2072; x_wconf 91' lang='lat' dir='ltr'><strong>tur</strong></span> <span class='ocrx_word' id='word_1_236' title='bbox 547 2034 560 2074; x_wconf 89' lang='lat'><strong>:</strong></span> <span class='ocrx_word' id='word_1_237' title='bbox 592 2018 813 2088; x_wconf 90' lang='lat' dir='ltr'><strong>patricii</strong></span> <span class='ocrx_word' id='word_1_238' title='bbox 844 2018 901 2073; x_wconf 89' lang='lat' dir='ltr'><strong>in</strong></span> <span class='ocrx_word' id='word_1_239' title='bbox 935 2019 1251 2090; x_wconf 89' lang='lat' dir='ltr'><strong>onopodio,</strong></span> <span class='ocrx_word' id='word_1_240' title='bbox 1279 2026 1580 2076; x_wconf 83' lang='lat' dir='ltr'><strong>senatores</strong></span> <span class='ocrx_word' id='word_1_241' title='bbox 1602 2020 1660 2076; x_wconf 89' lang='lat' dir='ltr'><strong>in</strong></span> <span class='ocrx_word' id='word_1_242' title='bbox 1692 2021 1921 2092; x_wconf 87' lang='lat' dir='ltr'><strong>porticu</strong></span> <span class='ocrx_word' id='word_1_243' title='bbox 1943 2017 2078 2074; x_wconf 85' lang='lat' dir='ltr'><strong>XIX</strong></span> 
     </span>
    </p>
   </div>
   <div class='ocr_carea' id='block_1_38' title="bbox 421 2107 2077 2182">
    <p class='ocr_par' dir='ltr' id='par_1_38' title="bbox 421 2107 2077 2182">
     <span class='ocr_line' id='line_1_38' title="bbox 421 2107 2077 2182; baseline 0.001 -20"><span class='ocrx_word' id='word_1_244' title='bbox 421 2107 796 2164; x_wconf 90' lang='lat' dir='ltr'><strong>accubituum</strong></span> <span class='ocrx_word' id='word_1_245' title='bbox 829 2112 1005 2163; x_wconf 81' lang='lat' dir='ltr'><strong>stant.</strong></span> <span class='ocrx_word' id='word_1_246' title='bbox 1039 2111 1305 2182; x_wconf 84' lang='lat' dir='ltr'><strong>Augusta</strong></span> <span class='ocrx_word' id='word_1_247' title='bbox 1331 2127 1360 2164; x_wconf 90' lang='lat' dir='ltr'><strong>a</strong></span> <span class='ocrx_word' id='word_1_248' title='bbox 1381 2109 1651 2166; x_wconf 89' lang='lat' dir='ltr'><strong>cubiculo</strong></span> <span class='ocrx_word' id='word_1_249' title='bbox 1675 2110 1890 2182; x_wconf 86' lang='lat' dir='ltr'><strong>stipata</strong></span> <span class='ocrx_word' id='word_1_250' title='bbox 1913 2125 2077 2180; x_wconf 86' lang='lat' dir='ltr'><strong>egre-</strong></span> 
     </span>
    </p>
   </div>
   <div class='ocr_carea' id='block_1_39' title="bbox 419 2195 2077 2270">
    <p class='ocr_par' dir='ltr' id='par_1_39' title="bbox 419 2195 2077 2270">
     <span class='ocr_line' id='line_1_39' title="bbox 419 2195 2077 2270; baseline 0.002 -20"><span class='ocrx_word' id='word_1_251' title='bbox 419 2195 602 2264; x_wconf 84' lang='lat' dir='ltr'><strong>ditur,</strong></span> <span class='ocrx_word' id='word_1_252' title='bbox 637 2212 869 2270; x_wconf 87' lang='lat' dir='ltr'><strong>unaque</strong></span> <span class='ocrx_word' id='word_1_253' title='bbox 890 2214 1022 2253; x_wconf 89' lang='lat' dir='ltr'><strong>cum</strong></span> <span class='ocrx_word' id='word_1_254' title='bbox 1054 2198 1185 2270; x_wconf 89' lang='lat' dir='ltr'><strong>ipsa</strong></span> <span class='ocrx_word' id='word_1_255' title='bbox 1215 2199 1440 2254; x_wconf 90' lang='lat' dir='ltr'><strong>domini</strong></span> <span class='ocrx_word' id='word_1_256' title='bbox 1474 2200 1547 2254; x_wconf 88' lang='lat' dir='ltr'><strong>ad</strong></span> <span class='ocrx_word' id='word_1_257' title='bbox 1572 2215 1808 2254; x_wconf 86' lang='lat' dir='ltr'><strong>auream</strong></span> <span class='ocrx_word' id='word_1_258' title='bbox 1835 2215 2077 2254; x_wconf 88' lang='lat' dir='ltr'><strong>manum</strong></span> 
     </span>
    </p>
   </div>
   <div class='ocr_carea' id='block_1_40' title="bbox 418 2287 2078 2361">
    <p class='ocr_par' dir='ltr' id='par_1_40' title="bbox 418 2287 2078 2361">
     <span class='ocr_line' id='line_1_40' title="bbox 418 2287 2078 2361; baseline 0.001 -21"><span class='ocrx_word' id='word_1_259' title='bbox 418 2287 737 2357; x_wconf 89' lang='lat' dir='ltr'><strong>procedunt</strong></span> <span class='ocrx_word' id='word_1_260' title='bbox 766 2302 833 2342; x_wconf 90' lang='lat' dir='ltr'><strong>ac</strong></span> <span class='ocrx_word' id='word_1_261' title='bbox 876 2291 1266 2343; x_wconf 90' lang='lat' dir='ltr'><strong>revertuntur.</strong></span> <span class='ocrx_word' id='word_1_262' title='bbox 1295 2288 1428 2360; x_wconf 83' lang='lat' dir='ltr'><strong>ipsa</strong></span> <span class='ocrx_word' id='word_1_263' title='bbox 1451 2305 1584 2345; x_wconf 90' lang='lat' dir='ltr'><strong>vero</strong></span> <span class='ocrx_word' id='word_1_264' title='bbox 1607 2288 1963 2361; x_wconf 89' lang='lat' dir='ltr'><strong>onopodium</strong></span> <span class='ocrx_word' id='word_1_265' title='bbox 1989 2288 2078 2342; x_wconf 90' lang='lat' dir='ltr'><strong>in-</strong></span> 
     </span>
    </p>
   </div>
   <div class='ocr_carea' id='block_1_41' title="bbox 416 2376 2082 2450">
    <p class='ocr_par' dir='ltr' id='par_1_41' title="bbox 416 2376 2082 2450">
     <span class='ocr_line' id='line_1_41' title="bbox 416 2376 2082 2450; baseline 0.001 -20"><span class='ocrx_word' id='word_1_266' title='bbox 416 2388 641 2446; x_wconf 87' lang='lat' dir='ltr'><strong>gressa,</strong></span> <span class='ocrx_word' id='word_1_267' title='bbox 675 2376 900 2448; x_wconf 84' lang='lat' dir='ltr'><strong>patricii</strong></span> <span class='ocrx_word' id='word_1_268' title='bbox 937 2393 1070 2433; x_wconf 92' lang='lat' dir='ltr'><strong>cum</strong></span> <span class='ocrx_word' id='word_1_269' title='bbox 1114 2378 1335 2434; x_wconf 69' lang='lat' dir='ltr'><strong>caeteris</strong></span> <span class='ocrx_word' id='word_1_270' title='bbox 1389 2379 1760 2434; x_wconf 88' lang='lat' dir='ltr'><strong>senatoribus</strong></span> <span class='ocrx_word' id='word_1_271' title='bbox 1812 2395 2082 2450; x_wconf 89' lang='lat' dir='ltr'><strong>procum-</strong></span> 
     </span>
    </p>
   </div>
   <div class='ocr_carea' id='block_1_42' title="bbox 413 2463 2078 2540">
    <p class='ocr_par' dir='ltr' id='par_1_42' title="bbox 413 2463 2078 2540">
     <span class='ocr_line' id='line_1_42' title="bbox 413 2463 2078 2540; baseline 0.002 -22"><span class='ocrx_word' id='word_1_272' title='bbox 413 2463 580 2533; x_wconf 90' lang='lat' dir='ltr'><strong>bunt,</strong></span> <span class='ocrx_word' id='word_1_273' title='bbox 604 2469 660 2521; x_wconf 87' lang='lat' dir='ltr'><strong>et</strong></span> <span class='ocrx_word' id='word_1_274' title='bbox 684 2471 999 2538; x_wconf 87' lang='lat' dir='ltr'><strong>postquam</strong></span> <span class='ocrx_word' id='word_1_275' title='bbox 1035 2483 1359 2538; x_wconf 87' lang='lat' dir='ltr'><strong>surrexere,</strong></span> <span class='ocrx_word' id='word_1_276' title='bbox 1383 2467 1618 2540; x_wconf 83' lang='lat' dir='ltr'><strong>signum</strong></span> <span class='ocrx_word' id='word_1_277' title='bbox 1645 2466 2078 2522; x_wconf 70' lang='lat' dir='ltr'><strong>caaremoniario</strong></span> 
     </span>
    </p>
   </div>
   <div class='ocr_carea' id='block_1_43' title="bbox 409 2552 2078 2629">
    <p class='ocr_par' dir='ltr' id='par_1_43' title="bbox 409 2552 2078 2629">
     <span class='ocr_line' id='line_1_43' title="bbox 409 2552 2078 2629; baseline 0.001 -21"><span class='ocrx_word' id='word_1_278' title='bbox 409 2552 570 2623; x_wconf 89' lang='lat' dir='ltr'><strong>dant,</strong></span> <span class='ocrx_word' id='word_1_279' title='bbox 618 2555 718 2626; x_wconf 88' lang='lat' dir='ltr'><strong>qui</strong></span> <span class='ocrx_word' id='word_1_280' title='bbox 777 2556 919 2610; x_wconf 90' lang='lat' dir='ltr'><strong>dicit</strong></span> <span class='ocrx_word' id='word_1_281' title='bbox 953 2574 965 2611; x_wconf 88' lang='lat'><strong><em>:</em></strong></span> <span class='ocrx_word' id='word_1_282' title='bbox 1001 2579 1028 2606; x_wconf 87' lang='lat'><strong>«</strong></span> <span class='ocrx_word' id='word_1_283' title='bbox 1077 2555 1310 2626; x_wconf 88' lang='lat' dir='ltr'><strong>Jubete,</strong></span> <span class='ocrx_word' id='word_1_284' title='bbox 1343 2578 1372 2607; x_wconf 87' lang='lat'><strong>»</strong></span> <span class='ocrx_word' id='word_1_285' title='bbox 1430 2558 1642 2629; x_wconf 84' lang='lat' dir='ltr'><strong>reliqui</strong></span> <span class='ocrx_word' id='word_1_286' title='bbox 1698 2558 1960 2612; x_wconf 78' lang='lat' dir='ltr'><strong>faustum</strong></span> <span class='ocrx_word' id='word_1_287' title='bbox 2011 2571 2078 2610; x_wconf 91' lang='lat' dir='ltr'><strong>ac</strong></span> 
     </span>
    </p>
   </div>
   <div class='ocr_carea' id='block_1_44' title="bbox 411 2643 2075 2718">
    <p class='ocr_par' dir='ltr' id='par_1_44' title="bbox 411 2643 2075 2718">
     <span class='ocr_line' id='line_1_44' title="bbox 411 2643 2075 2718; baseline 0.002 -22"><span class='ocrx_word' id='word_1_288' title='bbox 411 2643 761 2700; x_wconf 88' lang='lat' dir='ltr'><strong>diuturnum</strong></span> <span class='ocrx_word' id='word_1_289' title='bbox 795 2645 1103 2714; x_wconf 90' lang='lat' dir='ltr'><strong>imperium</strong></span> <span class='ocrx_word' id='word_1_290' title='bbox 1122 2646 1439 2717; x_wconf 89' lang='lat' dir='ltr'><strong>apprecati,</strong></span> <span class='ocrx_word' id='word_1_291' title='bbox 1476 2646 1668 2718; x_wconf 90' lang='lat' dir='ltr'><strong>ipsam</strong></span> <span class='ocrx_word' id='word_1_292' title='bbox 1695 2647 1764 2701; x_wconf 89' lang='lat' dir='ltr'><strong>ad</strong></span> <span class='ocrx_word' id='word_1_293' title='bbox 1792 2645 2075 2702; x_wconf 87' lang='lat' dir='ltr'><strong>solarium</strong></span> 
     </span>
    </p>
   </div>
   <div class='ocr_carea' id='block_1_45' title="bbox 417 2731 2078 2806">
    <p class='ocr_par' dir='ltr' id='par_1_45' title="bbox 417 2731 2078 2806">
     <span class='ocr_line' id='line_1_45' title="bbox 417 2731 2078 2806; baseline 0.002 -19"><span class='ocrx_word' id='word_1_294' title='bbox 417 2731 725 2790; x_wconf 88' lang='lat' dir='ltr'><strong>tribunalis</strong></span> <span class='ocrx_word' id='word_1_295' title='bbox 787 2734 1164 2790; x_wconf 64' lang='lat' dir='ltr'><strong>comitantur.</strong></span> <span class='ocrx_word' id='word_1_296' title='bbox 1219 2735 1383 2791; x_wconf 89' lang='lat' dir='ltr'><strong>Tunc</strong></span> <span class='ocrx_word' id='word_1_297' title='bbox 1430 2736 1703 2792; x_wconf 87' lang='lat' dir='ltr'><strong>consules</strong></span> <span class='ocrx_word' id='word_1_298' title='bbox 1742 2753 1808 2792; x_wconf 89' lang='lat' dir='ltr'><strong>ac</strong></span> <span class='ocrx_word' id='word_1_299' title='bbox 1867 2733 2078 2806; x_wconf 89' lang='lat' dir='ltr'><strong>reliqui</strong></span> 
     </span>
    </p>
   </div>
   <div class='ocr_carea' id='block_1_46' title="bbox 417 2823 2076 2894">
    <p class='ocr_par' dir='ltr' id='par_1_46' title="bbox 417 2823 2076 2894">
     <span class='ocr_line' id='line_1_46' title="bbox 417 2823 2076 2894; baseline 0 -15"><span class='ocrx_word' id='word_1_300' title='bbox 417 2826 715 2879; x_wconf 83' lang='lat' dir='ltr'><strong>senatores</strong></span> <span class='ocrx_word' id='word_1_301' title='bbox 744 2823 1128 2892; x_wconf 88' lang='lat' dir='ltr'><strong>descendunt,</strong></span> <span class='ocrx_word' id='word_1_302' title='bbox 1165 2824 1389 2894; x_wconf 83' lang='lat' dir='ltr'><strong>patricii</strong></span> <span class='ocrx_word' id='word_1_303' title='bbox 1445 2840 1578 2880; x_wconf 87' lang='lat' dir='ltr'><strong>vero</strong></span> <span class='ocrx_word' id='word_1_304' title='bbox 1640 2824 1774 2880; x_wconf 86' lang='lat' dir='ltr'><strong>hinc</strong></span> <span class='ocrx_word' id='word_1_305' title='bbox 1832 2823 1993 2879; x_wconf 89' lang='lat' dir='ltr'><strong>illinc</strong></span> <span class='ocrx_word' id='word_1_306' title='bbox 2017 2826 2076 2879; x_wconf 91' lang='lat' dir='ltr'><strong>in</strong></span> 
     </span>
    </p>
   </div>
   <div class='ocr_carea' id='block_1_47' title="bbox 418 2911 2074 2985">
    <p class='ocr_par' dir='ltr' id='par_1_47' title="bbox 418 2911 2074 2985">
     <span class='ocr_line' id='line_1_47' title="bbox 418 2911 2074 2985; baseline -0.001 -17"><span class='ocrx_word' id='word_1_307' title='bbox 418 2911 578 2968; x_wconf 89' lang='lat' dir='ltr'><strong>scala</strong></span> <span class='ocrx_word' id='word_1_308' title='bbox 597 2917 776 2980; x_wconf 88' lang='lat' dir='ltr'><strong>stant,</strong></span> <span class='ocrx_word' id='word_1_309' title='bbox 820 2913 1080 2984; x_wconf 89' lang='lat' dir='ltr'><strong>dumque</strong></span> <span class='ocrx_word' id='word_1_310' title='bbox 1130 2912 1259 2985; x_wconf 87' lang='lat' dir='ltr'><strong>ipsa</strong></span> <span class='ocrx_word' id='word_1_311' title='bbox 1307 2912 1538 2968; x_wconf 87' lang='lat' dir='ltr'><strong>vultum</strong></span> <span class='ocrx_word' id='word_1_312' title='bbox 1590 2930 1765 2969; x_wconf 92' lang='lat' dir='ltr'><strong>suum</strong></span> <span class='ocrx_word' id='word_1_313' title='bbox 1798 2911 2074 2980; x_wconf 86' lang='lat' dir='ltr'><strong>ostendit,</strong></span> 
     </span>
    </p>
   </div>
   <div class='ocr_carea' id='block_1_48' title="bbox 415 3000 2078 3058">
    <p class='ocr_par' dir='ltr' id='par_1_48' title="bbox 415 3000 2078 3058">
     <span class='ocr_line' id='line_1_48' title="bbox 415 3000 2078 3058; baseline 0.002 -3"><span class='ocrx_word' id='word_1_314' title='bbox 415 3000 699 3056; x_wconf 85' lang='lat' dir='ltr'><strong>factiones</strong></span> <span class='ocrx_word' id='word_1_315' title='bbox 758 3001 1135 3058; x_wconf 89' lang='lat' dir='ltr'><strong>acclamant:</strong></span> <span class='ocrx_word' id='word_1_316' title='bbox 1189 3025 1217 3052; x_wconf 86' lang='lat'><strong>«</strong></span> <span class='ocrx_word' id='word_1_317' title='bbox 1279 3001 1560 3058; x_wconf 89' lang='lat' dir='ltr'><strong>Sanctusl</strong></span> <span class='ocrx_word' id='word_1_318' title='bbox 1607 3000 1894 3058; x_wconf 78' lang='lat' dir='ltr'><strong>Sanctus!</strong></span> <span class='ocrx_word' id='word_1_319' title='bbox 1937 3002 2078 3058; x_wconf 89' lang='lat' dir='ltr'><strong>San-</strong></span> 
     </span>
    </p>
   </div>
   <div class='ocr_carea' id='block_1_49' title="bbox 412 3089 2074 3163">
    <p class='ocr_par' dir='ltr' id='par_1_49' title="bbox 412 3089 2074 3163">
     <span class='ocr_line' id='line_1_49' title="bbox 412 3089 2074 3163; baseline -0.002 -17"><span class='ocrx_word' id='word_1_320' title='bbox 412 3090 571 3146; x_wconf 87' lang='lat' dir='ltr'><strong>ctus!</strong></span> <span class='ocrx_word' id='word_1_321' title='bbox 634 3089 834 3146; x_wconf 89' lang='lat' dir='ltr'><strong>Gloria</strong></span> <span class='ocrx_word' id='word_1_322' title='bbox 885 3091 944 3146; x_wconf 92' lang='lat' dir='ltr'><strong>in</strong></span> <span class='ocrx_word' id='word_1_323' title='bbox 999 3090 1247 3147; x_wconf 84' lang='lat' dir='ltr'><strong>excelsis</strong></span> <span class='ocrx_word' id='word_1_324' title='bbox 1297 3096 1430 3158; x_wconf 92' lang='lat' dir='ltr'><strong>Deo,</strong></span> <span class='ocrx_word' id='word_1_325' title='bbox 1489 3095 1546 3147; x_wconf 89' lang='lat' dir='ltr'><strong>et</strong></span> <span class='ocrx_word' id='word_1_326' title='bbox 1575 3108 1687 3163; x_wconf 87' lang='lat' dir='ltr'><strong>pax</strong></span> <span class='ocrx_word' id='word_1_327' title='bbox 1713 3093 1771 3148; x_wconf 92' lang='lat' dir='ltr'><strong>in</strong></span> <span class='ocrx_word' id='word_1_328' title='bbox 1822 3091 2011 3148; x_wconf 88' lang='lat' dir='ltr'><strong>terra!</strong></span> <span class='ocrx_word' id='word_1_329' title='bbox 2045 3114 2074 3143; x_wconf 82' lang='lat'>»</span> 
     </span>
    </p>
   </div>
   <div class='ocr_carea' id='block_1_50' title="bbox 416 3181 2069 3254">
    <p class='ocr_par' dir='ltr' id='par_1_50' title="bbox 416 3181 2069 3254">
     <span class='ocr_line' id='line_1_50' title="bbox 416 3181 2069 3254; baseline 0.003 -19"><span class='ocrx_word' id='word_1_330' title='bbox 416 3181 634 3238; x_wconf 89' lang='lat' dir='ltr'><strong>Deinde</strong></span> <span class='ocrx_word' id='word_1_331' title='bbox 668 3181 948 3241; x_wconf 84' lang='lat' dir='ltr'><strong>factiones</strong></span> <span class='ocrx_word' id='word_1_332' title='bbox 974 3199 1062 3250; x_wconf 86' lang='lat' dir='ltr'><strong>ea,</strong></span> <span class='ocrx_word' id='word_1_333' title='bbox 1110 3198 1240 3254; x_wconf 72' lang='lat' dir='ltr'><strong>qua:</strong></span> <span class='ocrx_word' id='word_1_334' title='bbox 1299 3184 1658 3239; x_wconf 88' lang='lat' dir='ltr'><strong>coronationi</strong></span> <span class='ocrx_word' id='word_1_335' title='bbox 1695 3185 2069 3253; x_wconf 87' lang='lat' dir='ltr'><strong>conveniunt,</strong></span> 
     </span>
    </p>
   </div>
   <div class='ocr_carea' id='block_1_51' title="bbox 414 3271 2071 3343">
    <p class='ocr_par' dir='ltr' id='par_1_51' title="bbox 414 3271 2071 3343">
     <span class='ocr_line' id='line_1_51' title="bbox 414 3271 2071 3343; baseline 0.003 -17"><span class='ocrx_word' id='word_1_336' title='bbox 414 3277 542 3326; x_wconf 90' lang='lat' dir='ltr'><strong>acta</strong></span> <span class='ocrx_word' id='word_1_337' title='bbox 571 3271 839 3340; x_wconf 74' lang='lat' dir='ltr'><strong>recitent,</strong></span> <span class='ocrx_word' id='word_1_338' title='bbox 875 3277 1138 3343; x_wconf 81' lang='lat' dir='ltr'><strong>Augusta</strong></span> <span class='ocrx_word' id='word_1_339' title='bbox 1168 3288 1364 3328; x_wconf 89' lang='lat' dir='ltr'><strong>cereos</strong></span> <span class='ocrx_word' id='word_1_340' title='bbox 1415 3272 1486 3328; x_wconf 90' lang='lat' dir='ltr'><strong>ad</strong></span> <span class='ocrx_word' id='word_1_341' title='bbox 1519 3273 1912 3329; x_wconf 86' lang='lat' dir='ltr'><strong>venerandam</strong></span> <span class='ocrx_word' id='word_1_342' title='bbox 1945 3291 2071 3332; x_wconf 86' lang='lat' dir='ltr'><strong>cru-</strong></span> 
     </span>
    </p>
   </div>
   <div class='ocr_carea' id='block_1_52' title="bbox 414 3361 2068 3435">
    <p class='ocr_par' dir='ltr' id='par_1_52' title="bbox 414 3361 2068 3435">
     <span class='ocr_line' id='line_1_52' title="bbox 414 3361 2068 3435; baseline 0.003 -20"><span class='ocrx_word' id='word_1_343' title='bbox 414 3375 538 3416; x_wconf 90' lang='lat' dir='ltr'><strong>cem</strong></span> <span class='ocrx_word' id='word_1_344' title='bbox 569 3361 855 3428; x_wconf 89' lang='lat' dir='ltr'><strong>accendit,</strong></span> <span class='ocrx_word' id='word_1_345' title='bbox 889 3361 1142 3433; x_wconf 93' lang='lat' dir='ltr'><strong>populus</strong></span> <span class='ocrx_word' id='word_1_346' title='bbox 1174 3378 1306 3418; x_wconf 89' lang='lat' dir='ltr'><strong>vero</strong></span> <span class='ocrx_word' id='word_1_347' title='bbox 1337 3371 1390 3418; x_wconf 86' lang='lat' dir='ltr'><strong>et</strong></span> <span class='ocrx_word' id='word_1_348' title='bbox 1423 3362 1678 3418; x_wconf 89' lang='lat' dir='ltr'><strong>dominis</strong></span> <span class='ocrx_word' id='word_1_349' title='bbox 1724 3372 1780 3420; x_wconf 84' lang='lat' dir='ltr'><strong>et</strong></span> <span class='ocrx_word' id='word_1_350' title='bbox 1801 3366 2068 3435; x_wconf 71' lang='lat' dir='ltr'><strong>Augustas</strong></span> 
     </span>
    </p>
   </div>
   <div class='ocr_carea' id='block_1_53' title="bbox 409 3449 2071 3524">
    <p class='ocr_par' dir='ltr' id='par_1_53' title="bbox 409 3449 2071 3524">
     <span class='ocr_line' id='line_1_53' title="bbox 409 3449 2071 3524; baseline 0.004 -20"><span class='ocrx_word' id='word_1_351' title='bbox 409 3449 611 3505; x_wconf 87' lang='lat' dir='ltr'><strong>fautea</strong></span> <span class='ocrx_word' id='word_1_352' title='bbox 641 3455 1007 3520; x_wconf 85' lang='lat' dir='ltr'><strong>apprecatur,</strong></span> <span class='ocrx_word' id='word_1_353' title='bbox 1041 3468 1156 3522; x_wconf 92' lang='lat' dir='ltr'><strong>quo</strong></span> <span class='ocrx_word' id='word_1_354' title='bbox 1190 3451 1364 3517; x_wconf 77' lang='lat' dir='ltr'><strong>iacto,</strong></span> <span class='ocrx_word' id='word_1_355' title='bbox 1396 3452 1453 3507; x_wconf 90' lang='lat' dir='ltr'><strong>in</strong></span> <span class='ocrx_word' id='word_1_356' title='bbox 1490 3457 1738 3524; x_wconf 91' lang='lat' dir='ltr'><strong>utroque</strong></span> <span class='ocrx_word' id='word_1_357' title='bbox 1762 3453 2071 3511; x_wconf 88' lang='lat' dir='ltr'><strong>latereAu-</strong></span> 
     </span>
    </p>
   </div>
   <div class='ocr_carea' id='block_1_54' title="bbox 417 3541 2068 3616">
    <p class='ocr_par' dir='ltr' id='par_1_54' title="bbox 417 3541 2068 3616">
     <span class='ocr_line' id='line_1_54' title="bbox 417 3541 2068 3616; baseline 0.004 -23"><span class='ocrx_word' id='word_1_358' title='bbox 417 3543 594 3610; x_wconf 80' lang='lat' dir='ltr'><strong>gusta</strong></span> <span class='ocrx_word' id='word_1_359' title='bbox 621 3541 844 3610; x_wconf 88' lang='lat' dir='ltr'><strong>adorat,</strong></span> <span class='ocrx_word' id='word_1_360' title='bbox 878 3556 1096 3612; x_wconf 89' lang='lat' dir='ltr'><strong>perque</strong></span> <span class='ocrx_word' id='word_1_361' title='bbox 1125 3547 1474 3612; x_wconf 85' lang='lat' dir='ltr'><strong>augusteum</strong></span> <span class='ocrx_word' id='word_1_362' title='bbox 1500 3559 1614 3597; x_wconf 86' lang='lat' dir='ltr'><strong>una</strong></span> <span class='ocrx_word' id='word_1_363' title='bbox 1639 3559 1768 3598; x_wconf 89' lang='lat' dir='ltr'><strong>cum</strong></span> <span class='ocrx_word' id='word_1_364' title='bbox 1790 3545 2068 3616; x_wconf 87' lang='lat' dir='ltr'><strong>obsequio</strong></span> 
     </span>
    </p>
   </div>
   <div class='ocr_carea' id='block_1_55' title="bbox 416 3627 2067 3703">
    <p class='ocr_par' dir='ltr' id='par_1_55' title="bbox 416 3627 2067 3703">
     <span class='ocr_line' id='line_1_55' title="bbox 416 3627 2067 3703; baseline 0.005 -22"><span class='ocrx_word' id='word_1_365' title='bbox 416 3627 740 3684; x_wconf 88' lang='lat' dir='ltr'><strong>revertitur.</strong></span> <span class='ocrx_word' id='word_1_366' title='bbox 771 3628 1050 3685; x_wconf 87' lang='lat' dir='ltr'><strong>Consules</strong></span> <span class='ocrx_word' id='word_1_367' title='bbox 1083 3629 1142 3685; x_wconf 91' lang='lat' dir='ltr'><strong>in</strong></span> <span class='ocrx_word' id='word_1_368' title='bbox 1186 3629 1437 3701; x_wconf 90' lang='lat' dir='ltr'><strong>porticu,</strong></span> <span class='ocrx_word' id='word_1_369' title='bbox 1494 3631 1698 3703; x_wconf 84' lang='lat' dir='ltr'><strong>patrici</strong></span> <span class='ocrx_word' id='word_1_370' title='bbox 1729 3634 1799 3688; x_wconf 89' lang='lat' dir='ltr'><strong>ad</strong></span> <span class='ocrx_word' id='word_1_371' title='bbox 1833 3650 2067 3690; x_wconf 86' lang='lat' dir='ltr'><strong>auream</strong></span> 
     </span>
    </p>
   </div>
   <div class='ocr_carea' id='block_1_56' title="bbox 419 3720 1658 3788">
    <p class='ocr_par' dir='ltr' id='par_1_56' title="bbox 419 3720 1658 3788">
     <span class='ocr_line' id='line_1_56' title="bbox 419 3720 1658 3788; baseline 0.003 -16"><span class='ocrx_word' id='word_1_372' title='bbox 419 3733 603 3788; x_wconf 90' lang='lat' dir='ltr'><strong>usque</strong></span> <span class='ocrx_word' id='word_1_373' title='bbox 634 3735 875 3773; x_wconf 87' lang='lat' dir='ltr'><strong>manum</strong></span> <span class='ocrx_word' id='word_1_374' title='bbox 909 3723 1085 3788; x_wconf 83' lang='lat' dir='ltr'><strong>stant,</strong></span> <span class='ocrx_word' id='word_1_375' title='bbox 1118 3723 1176 3774; x_wconf 85' lang='lat' dir='ltr'><strong>et</strong></span> <span class='ocrx_word' id='word_1_376' title='bbox 1208 3720 1393 3776; x_wconf 89' lang='lat' dir='ltr'><strong>missa</strong></span> <span class='ocrx_word' id='word_1_377' title='bbox 1415 3721 1658 3776; x_wconf 85' lang='lat' dir='ltr'><strong>dantur.</strong></span> 
     </span>
    </p>
   </div>
   <div class='ocr_carea' id='block_1_57' title="bbox 2182 1924 3854 2006">
    <p class='ocr_par' dir='ltr' id='par_1_57' title="bbox 2182 1924 3854 2006">
     <span class='ocr_line' id='line_1_57' title="bbox 2182 1924 3854 2006; baseline 0.003 -25"><span class='ocrx_word' id='word_1_378' title='bbox 2182 1929 2263 1998; x_wconf 75' lang='grc' dir='ltr'>τῷ</span> <span class='ocrx_word' id='word_1_379' title='bbox 2296 1925 2668 2000; x_wconf 82' lang='grc' dir='ltr'>πραιποσίτῳ,</span> <span class='ocrx_word' id='word_1_380' title='bbox 2720 1927 2810 1982; x_wconf 77' lang='grc' dir='ltr'><strong>καὶ</strong></span> <span class='ocrx_word' id='word_1_381' title='bbox 2859 1924 3033 2004; x_wconf 76' lang='grc' dir='ltr'>λέγει,</span> <span class='ocrx_word' id='word_1_382' title='bbox 3091 1951 3118 1980; x_wconf 87' lang='grc'>‹‹</span> <span class='ocrx_word' id='word_1_383' title='bbox 3153 1925 3476 1999; x_wconf 82' lang='grc' dir='ltr'>Κελεύσατε,</span> <span class='ocrx_word' id='word_1_384' title='bbox 3511 1954 3538 1980; x_wconf 86' lang='grc'><strong>››</strong></span> <span class='ocrx_word' id='word_1_385' title='bbox 3569 1930 3662 1984; x_wconf 83' lang='grc' dir='ltr'><strong>καὶ</strong></span> <span class='ocrx_word' id='word_1_386' title='bbox 3695 1929 3854 2006; x_wconf 75' lang='grc' dir='ltr'>ἐξέρο</span> 
     </span>
    </p>
   </div>
   <div class='ocr_carea' id='block_1_58' title="bbox 2186 2014 3847 2091">
    <p class='ocr_par' dir='ltr' id='par_1_58' title="bbox 2186 2014 3847 2091">
     <span class='ocr_line' id='line_1_58' title="bbox 2186 2014 3847 2091; baseline 0.004 -21"><span class='ocrx_word' id='word_1_387' title='bbox 2186 2036 2403 2091; x_wconf 87' lang='grc' dir='ltr'>χονται.</span> <span class='ocrx_word' id='word_1_388' title='bbox 2437 2015 2515 2074; x_wconf 87' lang='grc' dir='ltr'><strong>Τὸ</strong></span> <span class='ocrx_word' id='word_1_389' title='bbox 2547 2014 2602 2071; x_wconf 76' lang='grc' dir='ltr'><strong>δὲ</strong></span> <span class='ocrx_word' id='word_1_390' title='bbox 2653 2017 2847 2071; x_wconf 80' lang='grc' dir='ltr'><strong>Λοιπὸν</strong></span> <span class='ocrx_word' id='word_1_391' title='bbox 2888 2021 2984 2071; x_wconf 75' lang='grc' dir='ltr'>τοῦ</span> <span class='ocrx_word' id='word_1_392' title='bbox 3035 2015 3174 2072; x_wconf 69' lang='grc' dir='ltr'>λαοῦ</span> <span class='ocrx_word' id='word_1_393' title='bbox 3220 2024 3320 2087; x_wconf 81' lang='grc' dir='ltr'>τῆς</span> <span class='ocrx_word' id='word_1_394' title='bbox 3360 2018 3577 2080; x_wconf 85' lang='grc' dir='ltr'>πόλεως</span> <span class='ocrx_word' id='word_1_395' title='bbox 3609 2021 3699 2075; x_wconf 83' lang='grc' dir='ltr'><strong>καὶ</strong></span> <span class='ocrx_word' id='word_1_396' title='bbox 3731 2025 3847 2076; x_wconf 82' lang='grc' dir='ltr'><strong>τῶν</strong></span> 
     </span>
    </p>
   </div>
   <div class='ocr_carea' id='block_1_59' title="bbox 2182 2105 3846 2180">
    <p class='ocr_par' dir='ltr' id='par_1_59' title="bbox 2182 2105 3846 2180">
     <span class='ocr_line' id='line_1_59' title="bbox 2182 2105 3846 2180; baseline 0.003 -19"><span class='ocrx_word' id='word_1_397' title='bbox 2182 2105 2472 2180; x_wconf 75' lang='grc' dir='ltr'><strong>ταγμάτων</strong></span> <span class='ocrx_word' id='word_1_398' title='bbox 2533 2106 2624 2160; x_wconf 81' lang='grc' dir='ltr'><strong>καὶ</strong></span> <span class='ocrx_word' id='word_1_399' title='bbox 2683 2110 2789 2161; x_wconf 80' lang='grc' dir='ltr'><strong>τῶν</strong></span> <span class='ocrx_word' id='word_1_400' title='bbox 2845 2106 3129 2180; x_wconf 85' lang='grc' dir='ltr'>νουμέρων</span> <span class='ocrx_word' id='word_1_401' title='bbox 3186 2108 3276 2162; x_wconf 83' lang='grc' dir='ltr'>καὶ</span> <span class='ocrx_word' id='word_1_402' title='bbox 3327 2107 3396 2162; x_wconf 74' lang='grc' dir='ltr'>τὰ</span> <span class='ocrx_word' id='word_1_403' title='bbox 3451 2108 3614 2180; x_wconf 83' lang='grc' dir='ltr'>σκεύη</span> <span class='ocrx_word' id='word_1_404' title='bbox 3663 2111 3846 2166; x_wconf 71' lang='grc' dir='ltr'>πάντα</span> 
     </span>
    </p>
   </div>
   <div class='ocr_carea' id='block_1_60' title="bbox 2185 2192 3841 2272">
    <p class='ocr_par' dir='ltr' id='par_1_60' title="bbox 2185 2192 3841 2272">
     <span class='ocr_line' id='line_1_60' title="bbox 2185 2192 3841 2272; baseline 0.004 -23"><span class='ocrx_word' id='word_1_405' title='bbox 2185 2195 2563 2269; x_wconf 74' lang='grc' dir='ltr'>ἑτοιμάζονται</span> <span class='ocrx_word' id='word_1_406' title='bbox 2599 2197 2675 2258; x_wconf 85' lang='grc' dir='ltr'><strong>εἰς</strong></span> <span class='ocrx_word' id='word_1_407' title='bbox 2724 2196 2786 2251; x_wconf 84' lang='grc' dir='ltr'>τὸ</span> <span class='ocrx_word' id='word_1_408' title='bbox 2816 2192 3201 2272; x_wconf 78' lang='grc' dir='ltr'>τριϐουνάλιον</span> <span class='ocrx_word' id='word_1_409' title='bbox 3241 2201 3350 2252; x_wconf 81' lang='grc' dir='ltr'><strong>τῶν</strong></span> <span class='ocrx_word' id='word_1_410' title='bbox 3396 2199 3460 2261; x_wconf 87' lang='grc' dir='ltr'>ιθ’</span> <span class='ocrx_word' id='word_1_411' title='bbox 3515 2194 3841 2260; x_wconf 79' lang='grc' dir='ltr'>ἁκουϐίτων.</span> 
     </span>
    </p>
   </div>
   <div class='ocr_carea' id='block_1_61' title="bbox 2184 2284 3846 2362">
    <p class='ocr_par' dir='ltr' id='par_1_61' title="bbox 2184 2284 3846 2362">
     <span class='ocr_line' id='line_1_61' title="bbox 2184 2284 3846 2362; baseline 0.002 -21"><span class='ocrx_word' id='word_1_412' title='bbox 2184 2284 2287 2341; x_wconf 81' lang='grc' dir='ltr'>Καὶ</span> <span class='ocrx_word' id='word_1_413' title='bbox 2343 2284 2583 2340; x_wconf 86' lang='grc' dir='ltr'>ἳστανται</span> <span class='ocrx_word' id='word_1_414' title='bbox 2643 2285 2695 2339; x_wconf 73' lang='grc' dir='ltr'>οἱ</span> <span class='ocrx_word' id='word_1_415' title='bbox 2753 2285 3027 2362; x_wconf 77' lang='grc' dir='ltr'>πατρίκιοι</span> <span class='ocrx_word' id='word_1_416' title='bbox 3089 2286 3143 2340; x_wconf 81' lang='grc' dir='ltr'>ἐν</span> <span class='ocrx_word' id='word_1_417' title='bbox 3199 2291 3279 2359; x_wconf 77' lang='grc' dir='ltr'>τῷ</span> <span class='ocrx_word' id='word_1_418' title='bbox 3327 2284 3621 2361; x_wconf 81' lang='grc' dir='ltr'>ὀνοποδίῳ,</span> <span class='ocrx_word' id='word_1_419' title='bbox 3682 2289 3733 2344; x_wconf 80' lang='grc' dir='ltr'>οἱ</span> <span class='ocrx_word' id='word_1_420' title='bbox 3786 2286 3846 2345; x_wconf 75' lang='grc' dir='ltr'>δὲ</span> 
     </span>
    </p>
   </div>
   <div class='ocr_carea' id='block_1_62' title="bbox 2185 2372 3846 2451">
    <p class='ocr_par' dir='ltr' id='par_1_62' title="bbox 2185 2372 3846 2451">
     <span class='ocr_line' id='line_1_62' title="bbox 2185 2372 3846 2451; baseline 0.003 -23"><span class='ocrx_word' id='word_1_421' title='bbox 2185 2372 2543 2449; x_wconf 76' lang='grc' dir='ltr'>συγκλητικοὶ</span> <span class='ocrx_word' id='word_1_422' title='bbox 2575 2373 2651 2436; x_wconf 79' lang='grc' dir='ltr'><strong>εἰς</strong></span> <span class='ocrx_word' id='word_1_423' title='bbox 2691 2375 2782 2430; x_wconf 86' lang='grc' dir='ltr'><strong>τὸν</strong></span> <span class='ocrx_word' id='word_1_424' title='bbox 2830 2376 3063 2451; x_wconf 88' lang='grc' dir='ltr'>πόρτικα</span> <span class='ocrx_word' id='word_1_425' title='bbox 3110 2379 3216 2429; x_wconf 83' lang='grc' dir='ltr'><strong>τῶν</strong></span> <span class='ocrx_word' id='word_1_426' title='bbox 3271 2377 3332 2430; x_wconf 84' lang='grc' dir='ltr'><strong>ιΟ¹</strong></span> <span class='ocrx_word' id='word_1_427' title='bbox 3381 2373 3708 2436; x_wconf 76' lang='grc' dir='ltr'>ἀκουϐίτων.</span> <span class='ocrx_word' id='word_1_428' title='bbox 3741 2381 3846 2436; x_wconf 79' lang='grc' dir='ltr'><strong>Καὶ</strong></span> 
     </span>
    </p>
   </div>
   <div class='ocr_carea' id='block_1_63' title="bbox 2185 2459 3842 2538">
    <p class='ocr_par' dir='ltr' id='par_1_63' title="bbox 2185 2459 3842 2538">
     <span class='ocr_line' id='line_1_63' title="bbox 2185 2459 3842 2538; baseline 0.003 -22"><span class='ocrx_word' id='word_1_429' title='bbox 2185 2459 2464 2537; x_wconf 76' lang='grc' dir='ltr'>ἐξέρχεται</span> <span class='ocrx_word' id='word_1_430' title='bbox 2523 2465 2557 2533; x_wconf 82' lang='grc' dir='ltr'><strong>ἡ</strong></span> <span class='ocrx_word' id='word_1_431' title='bbox 2618 2461 2920 2538; x_wconf 76' lang='grc' dir='ltr'>Αύγοῦστα,</span> <span class='ocrx_word' id='word_1_432' title='bbox 2973 2463 3338 2538; x_wconf 69' lang='grc' dir='ltr'>ὀψικευομὲνη</span> <span class='ocrx_word' id='word_1_433' title='bbox 3401 2465 3502 2520; x_wconf 87' lang='grc' dir='ltr'>ὑπὸ</span> <span class='ocrx_word' id='word_1_434' title='bbox 3557 2470 3655 2520; x_wconf 78' lang='grc' dir='ltr'><strong>τοῦ</strong></span> <span class='ocrx_word' id='word_1_435' title='bbox 3706 2487 3842 2521; x_wconf 85' lang='grc' dir='ltr'>κου-</span> 
     </span>
    </p>
   </div>
   <div class='ocr_carea' id='block_1_64' title="bbox 2189 2547 3838 2629">
    <p class='ocr_par' dir='ltr' id='par_1_64' title="bbox 2189 2547 3838 2629">
     <span class='ocr_line' id='line_1_64' title="bbox 2189 2547 3838 2629; baseline 0.003 -24"><span class='ocrx_word' id='word_1_436' title='bbox 2189 2547 2509 2622; x_wconf 79' lang='grc' dir='ltr'>6ουκλείου,</span> <span class='ocrx_word' id='word_1_437' title='bbox 2555 2553 2645 2606; x_wconf 82' lang='grc' dir='ltr'><strong>καὶ</strong></span> <span class='ocrx_word' id='word_1_438' title='bbox 2688 2553 3099 2628; x_wconf 78' lang='grc' dir='ltr'>συνεξέρχονται</span> <span class='ocrx_word' id='word_1_439' title='bbox 3150 2551 3206 2608; x_wconf 75' lang='grc' dir='ltr'>δὲ</span> <span class='ocrx_word' id='word_1_440' title='bbox 3257 2553 3395 2629; x_wconf 72' lang='grc' dir='ltr'>αὐτῇ</span> <span class='ocrx_word' id='word_1_441' title='bbox 3424 2553 3513 2609; x_wconf 80' lang='grc' dir='ltr'><strong>καὶ</strong></span> <span class='ocrx_word' id='word_1_442' title='bbox 3553 2555 3604 2608; x_wconf 78' lang='grc' dir='ltr'>οἱ</span> <span class='ocrx_word' id='word_1_443' title='bbox 3635 2551 3838 2610; x_wconf 77' lang='grc' dir='ltr'>δεσπό-</span> 
     </span>
    </p>
   </div>
   <div class='ocr_carea' id='block_1_65' title="bbox 2181 2641 3836 2723">
    <p class='ocr_par' dir='ltr' id='par_1_65' title="bbox 2181 2641 3836 2723">
     <span class='ocr_line' id='line_1_65' title="bbox 2181 2641 3836 2723; baseline 0.004 -27"><span class='ocrx_word' id='word_1_444' title='bbox 2181 2662 2270 2697; x_wconf 85' lang='grc' dir='ltr'><strong>ται</strong></span> <span class='ocrx_word' id='word_1_445' title='bbox 2331 2641 2497 2717; x_wconf 80' lang='grc' dir='ltr'>μέχρι</span> <span class='ocrx_word' id='word_1_446' title='bbox 2554 2645 2656 2709; x_wconf 78' lang='grc' dir='ltr'>τῆς</span> <span class='ocrx_word' id='word_1_447' title='bbox 2719 2650 2930 2717; x_wconf 66' lang='grc' dir='ltr'>χρυσῆς</span> <span class='ocrx_word' id='word_1_448' title='bbox 2994 2642 3208 2719; x_wconf 88' lang='grc' dir='ltr'>χειρὸς,</span> <span class='ocrx_word' id='word_1_449' title='bbox 3266 2645 3354 2699; x_wconf 85' lang='grc' dir='ltr'><strong>καὶ</strong></span> <span class='ocrx_word' id='word_1_450' title='bbox 3419 2641 3836 2723; x_wconf 66' lang='grc' dir='ltr'>ὑποστρέφουσὶ.</span> 
     </span>
    </p>
   </div>
   <div class='ocr_carea' id='block_1_66' title="bbox 2187 2731 3846 2805">
    <p class='ocr_par' dir='ltr' id='par_1_66' title="bbox 2187 2731 3846 2805">
     <span class='ocr_line' id='line_1_66' title="bbox 2187 2731 3846 2805; baseline 0.003 -19"><span class='ocrx_word' id='word_1_451' title='bbox 2187 2731 2287 2787; x_wconf 80' lang='grc' dir='ltr'><strong>Καὶ</strong></span> <span class='ocrx_word' id='word_1_452' title='bbox 2340 2731 2664 2803; x_wconf 77' lang='grc' dir='ltr'>ἐξελθούσης</span> <span class='ocrx_word' id='word_1_453' title='bbox 2716 2734 2888 2796; x_wconf 66' lang='grc' dir='ltr'>αύτῖς</span> <span class='ocrx_word' id='word_1_454' title='bbox 2941 2733 3016 2798; x_wconf 82' lang='grc' dir='ltr'>εἰς</span> <span class='ocrx_word' id='word_1_455' title='bbox 3061 2734 3123 2788; x_wconf 89' lang='grc' dir='ltr'>τὸ</span> <span class='ocrx_word' id='word_1_456' title='bbox 3183 2731 3500 2805; x_wconf 85' lang='grc' dir='ltr'>όνοπόδιον,</span> <span class='ocrx_word' id='word_1_457' title='bbox 3548 2734 3846 2791; x_wconf 77' lang='grc' dir='ltr'>πίπτουσιν</span> 
     </span>
    </p>
   </div>
   <div class='ocr_carea' id='block_1_67' title="bbox 2190 2822 3852 2903">
    <p class='ocr_par' dir='ltr' id='par_1_67' title="bbox 2190 2822 3852 2903">
     <span class='ocr_line' id='line_1_67' title="bbox 2190 2822 3852 2903; baseline 0.003 -27"><span class='ocrx_word' id='word_1_458' title='bbox 2190 2823 2243 2877; x_wconf 75' lang='grc' dir='ltr'>οἱ</span> <span class='ocrx_word' id='word_1_459' title='bbox 2300 2822 2578 2898; x_wconf 75' lang='grc' dir='ltr'>πατρίκιοι</span> <span class='ocrx_word' id='word_1_460' title='bbox 2645 2823 2780 2896; x_wconf 84' lang='grc' dir='ltr'>μετά</span> <span class='ocrx_word' id='word_1_461' title='bbox 2832 2829 2940 2879; x_wconf 82' lang='grc' dir='ltr'>τῶν</span> <span class='ocrx_word' id='word_1_462' title='bbox 2997 2822 3209 2880; x_wconf 82' lang='grc' dir='ltr'>λοιπῶν</span> <span class='ocrx_word' id='word_1_463' title='bbox 3283 2823 3692 2903; x_wconf 79' lang='grc' dir='ltr'>συγκλητικῶν,</span> <span class='ocrx_word' id='word_1_464' title='bbox 3756 2827 3852 2881; x_wconf 82' lang='grc' dir='ltr'><strong>καὶ</strong></span> 
     </span>
    </p>
   </div>
   <div class='ocr_carea' id='block_1_68' title="bbox 2185 2910 3852 2989">
    <p class='ocr_par' dir='ltr' id='par_1_68' title="bbox 2185 2910 3852 2989">
     <span class='ocr_line' id='line_1_68' title="bbox 2185 2910 3852 2989; baseline 0.003 -23"><span class='ocrx_word' id='word_1_465' title='bbox 2185 2912 2526 2968; x_wconf 80' lang='grc' dir='ltr'>ἀναστάντων</span> <span class='ocrx_word' id='word_1_466' title='bbox 2588 2910 2786 2982; x_wconf 76' lang='grc' dir='ltr'>αὒτῶν,</span> <span class='ocrx_word' id='word_1_467' title='bbox 2856 2915 3072 2968; x_wconf 82' lang='grc' dir='ltr'>νεύουσι</span> <span class='ocrx_word' id='word_1_468' title='bbox 3143 2918 3222 2986; x_wconf 79' lang='grc' dir='ltr'>τῷ</span> <span class='ocrx_word' id='word_1_469' title='bbox 3273 2921 3375 2985; x_wconf 77' lang='grc' dir='ltr'>τῆς</span> <span class='ocrx_word' id='word_1_470' title='bbox 3443 2915 3852 2989; x_wconf 76' lang='grc' dir='ltr'>καταστάσεως,</span> 
     </span>
    </p>
   </div>
   <div class='ocr_carea' id='block_1_69' title="bbox 2183 3002 3847 3080">
    <p class='ocr_par' dir='ltr' id='par_1_69' title="bbox 2183 3002 3847 3080">
     <span class='ocr_line' id='line_1_69' title="bbox 2183 3002 3847 3080; baseline 0.002 -22"><span class='ocrx_word' id='word_1_471' title='bbox 2183 3005 2273 3059; x_wconf 76' lang='grc' dir='ltr'><strong>καὶ</strong></span> <span class='ocrx_word' id='word_1_472' title='bbox 2306 3002 2474 3080; x_wconf 71' lang='grc' dir='ltr'>λέγει,</span> <span class='ocrx_word' id='word_1_473' title='bbox 2509 3028 2536 3055; x_wconf 89' lang='grc'><strong>((</strong></span> <span class='ocrx_word' id='word_1_474' title='bbox 2570 3003 2893 3072; x_wconf 82' lang='grc' dir='ltr'>Κελεύσατε,</span> <span class='ocrx_word' id='word_1_475' title='bbox 2929 3028 2957 3056; x_wconf 82' lang='grc'><strong>››</strong></span> <span class='ocrx_word' id='word_1_476' title='bbox 2993 3005 3078 3058; x_wconf 81' lang='grc' dir='ltr'><strong>καὶ</strong></span> <span class='ocrx_word' id='word_1_477' title='bbox 3117 3005 3464 3079; x_wconf 80' lang='grc' dir='ltr'>ἐπεύχονται,</span> <span class='ocrx_word' id='word_1_478' title='bbox 3508 3030 3535 3057; x_wconf 87' lang='grc'><strong>‹‹</strong></span> <span class='ocrx_word' id='word_1_479' title='bbox 3571 3005 3665 3068; x_wconf 84' lang='grc' dir='ltr'><strong>Εἰς</strong></span> <span class='ocrx_word' id='word_1_480' title='bbox 3697 3004 3847 3062; x_wconf 89' lang='grc' dir='ltr'>πολ-</span> 
     </span>
    </p>
   </div>
   <div class='ocr_carea' id='block_1_70' title="bbox 2183 3091 3838 3170">
    <p class='ocr_par' dir='ltr' id='par_1_70' title="bbox 2183 3091 3838 3170">
     <span class='ocr_line' id='line_1_70' title="bbox 2183 3091 3838 3170; baseline 0.002 -21"><span class='ocrx_word' id='word_1_481' title='bbox 2183 3091 2315 3157; x_wconf 77' lang='grc' dir='ltr'>λοὺς</span> <span class='ocrx_word' id='word_1_482' title='bbox 2363 3095 2452 3149; x_wconf 83' lang='grc' dir='ltr'><strong>καὶ</strong></span> <span class='ocrx_word' id='word_1_483' title='bbox 2485 3093 2720 3169; x_wconf 79' lang='grc' dir='ltr'>ἀγαθοὺς</span> <span class='ocrx_word' id='word_1_484' title='bbox 2763 3096 3020 3170; x_wconf 61' lang='grc' dir='ltr'>χρόνους,</span> <span class='ocrx_word' id='word_1_485' title='bbox 3055 3119 3084 3147; x_wconf 88' lang='grc'><strong>››</strong></span> <span class='ocrx_word' id='word_1_486' title='bbox 3129 3095 3219 3150; x_wconf 75' lang='grc' dir='ltr'>κΞὶ</span> <span class='ocrx_word' id='word_1_487' title='bbox 3266 3095 3612 3169; x_wconf 81' lang='grc' dir='ltr'>ὀψικεύουσιν</span> <span class='ocrx_word' id='word_1_488' title='bbox 3664 3097 3838 3165; x_wconf 72' lang='grc' dir='ltr'>αὐτὴν</span> 
     </span>
    </p>
   </div>
   <div class='ocr_carea' id='block_1_71' title="bbox 2186 3181 3839 3262">
    <p class='ocr_par' dir='ltr' id='par_1_71' title="bbox 2186 3181 3839 3262">
     <span class='ocr_line' id='line_1_71' title="bbox 2186 3181 3839 3262; baseline 0.001 -22"><span class='ocrx_word' id='word_1_489' title='bbox 2186 3185 2355 3260; x_wconf 73' lang='grc' dir='ltr'>μέχρι</span> <span class='ocrx_word' id='word_1_490' title='bbox 2385 3189 2482 3240; x_wconf 74' lang='grc' dir='ltr'>τοῦ</span> <span class='ocrx_word' id='word_1_491' title='bbox 2513 3183 2749 3254; x_wconf 84' lang='grc' dir='ltr'>ἡλιακοῦ</span> <span class='ocrx_word' id='word_1_492' title='bbox 2788 3189 2884 3241; x_wconf 80' lang='grc' dir='ltr'>τοῦ</span> <span class='ocrx_word' id='word_1_493' title='bbox 2931 3181 3341 3261; x_wconf 72' lang='grc' dir='ltr'>τριϐουναλίου.</span> <span class='ocrx_word' id='word_1_494' title='bbox 3393 3186 3493 3241; x_wconf 83' lang='grc' dir='ltr'><strong>Καὶ</strong></span> <span class='ocrx_word' id='word_1_495' title='bbox 3537 3186 3839 3262; x_wconf 79' lang='grc' dir='ltr'>κατέρχονο</span> 
     </span>
    </p>
   </div>
   <div class='ocr_carea' id='block_1_72' title="bbox 2181 3273 3848 3352">
    <p class='ocr_par' dir='ltr' id='par_1_72' title="bbox 2181 3273 3848 3352">
     <span class='ocr_line' id='line_1_72' title="bbox 2181 3273 3848 3352; baseline 0.001 -22"><span class='ocrx_word' id='word_1_496' title='bbox 2181 3296 2270 3330; x_wconf 88' lang='grc' dir='ltr'><strong>ται</strong></span> <span class='ocrx_word' id='word_1_497' title='bbox 2302 3276 2353 3329; x_wconf 77' lang='grc' dir='ltr'>οἱ</span> <span class='ocrx_word' id='word_1_498' title='bbox 2388 3273 2582 3330; x_wconf 73' lang='grc' dir='ltr'>ὕπατοι</span> <span class='ocrx_word' id='word_1_499' title='bbox 2613 3277 2701 3330; x_wconf 86' lang='grc' dir='ltr'><strong>καὶ</strong></span> <span class='ocrx_word' id='word_1_500' title='bbox 2756 3276 2808 3330; x_wconf 78' lang='grc' dir='ltr'><strong>οἱ</strong></span> <span class='ocrx_word' id='word_1_501' title='bbox 2858 3273 3049 3331; x_wconf 86' lang='grc' dir='ltr'>λοιποὶ</span> <span class='ocrx_word' id='word_1_502' title='bbox 3100 3275 3482 3352; x_wconf 76' lang='grc' dir='ltr'>συγκλητικοὶ,</span> <span class='ocrx_word' id='word_1_503' title='bbox 3543 3277 3595 3330; x_wconf 73' lang='grc' dir='ltr'>οἱ</span> <span class='ocrx_word' id='word_1_504' title='bbox 3638 3274 3696 3331; x_wconf 76' lang='grc' dir='ltr'><strong>δὲ</strong></span> <span class='ocrx_word' id='word_1_505' title='bbox 3734 3297 3848 3332; x_wconf 84' lang='grc' dir='ltr'>πα·</span> 
     </span>
    </p>
   </div>
   <div class='ocr_carea' id='block_1_73' title="bbox 2179 3361 3835 3441">
    <p class='ocr_par' dir='ltr' id='par_1_73' title="bbox 2179 3361 3835 3441">
     <span class='ocr_line' id='line_1_73' title="bbox 2179 3361 3835 3441; baseline 0 -20"><span class='ocrx_word' id='word_1_506' title='bbox 2179 3365 2380 3441; x_wconf 86' lang='grc' dir='ltr'>τρίκιοι</span> <span class='ocrx_word' id='word_1_507' title='bbox 2436 3362 2678 3420; x_wconf 71' lang='grc' dir='ltr'>’ίστανται</span> <span class='ocrx_word' id='word_1_508' title='bbox 2733 3363 2810 3427; x_wconf 80' lang='grc' dir='ltr'><strong>εἷς</strong></span> <span class='ocrx_word' id='word_1_509' title='bbox 2863 3366 2930 3420; x_wconf 79' lang='grc' dir='ltr'>τὰ</span> <span class='ocrx_word' id='word_1_510' title='bbox 2983 3365 3156 3441; x_wconf 77' lang='grc' dir='ltr'>βάθρα</span> <span class='ocrx_word' id='word_1_511' title='bbox 3199 3361 3345 3420; x_wconf 79' lang='grc' dir='ltr'>ἔνθεν</span> <span class='ocrx_word' id='word_1_512' title='bbox 3419 3364 3686 3438; x_wconf 73' lang='grc' dir='ltr'>κάκεῖθεν,</span> <span class='ocrx_word' id='word_1_513' title='bbox 3736 3366 3835 3421; x_wconf 82' lang='grc' dir='ltr'><strong>καὶ</strong></span> 
     </span>
    </p>
   </div>
   <div class='ocr_carea' id='block_1_74' title="bbox 2186 3449 3842 3530">
    <p class='ocr_par' dir='ltr' id='par_1_74' title="bbox 2186 3449 3842 3530">
     <span class='ocr_line' id='line_1_74' title="bbox 2186 3449 3842 3530; baseline 0 -20"><span class='ocrx_word' id='word_1_514' title='bbox 2186 3452 2534 3525; x_wconf 79' lang='grc' dir='ltr'>δεικνυούσης</span> <span class='ocrx_word' id='word_1_515' title='bbox 2595 3455 2764 3524; x_wconf 73' lang='grc' dir='ltr'>αὐτῆς</span> <span class='ocrx_word' id='word_1_516' title='bbox 2807 3454 2854 3490; x_wconf 74' lang='grc'><strong>⁸⁷</strong></span> <span class='ocrx_word' id='word_1_517' title='bbox 2905 3456 3006 3523; x_wconf 78' lang='grc' dir='ltr'>τήν</span> <span class='ocrx_word' id='word_1_518' title='bbox 3048 3449 3172 3529; x_wconf 72' lang='grc' dir='ltr'>ὄψιν</span> <span class='ocrx_word' id='word_1_519' title='bbox 3216 3457 3316 3529; x_wconf 84' lang='grc'><strong>(4),</strong></span> <span class='ocrx_word' id='word_1_520' title='bbox 3363 3455 3726 3530; x_wconf 72' lang='grc' dir='ltr'>ἀνακράζουσι</span> <span class='ocrx_word' id='word_1_521' title='bbox 3773 3455 3842 3512; x_wconf 78' lang='grc' dir='ltr'>τὰ</span> 
     </span>
    </p>
   </div>
   <div class='ocr_carea' id='block_1_75' title="bbox 2188 3543 3829 3621">
    <p class='ocr_par' dir='ltr' id='par_1_75' title="bbox 2188 3543 3829 3621">
     <span class='ocr_line' id='line_1_75' title="bbox 2188 3543 3829 3621; baseline -0.008 -9"><span class='ocrx_word' id='word_1_522' title='bbox 2188 3544 2348 3619; x_wconf 74' lang='grc' dir='ltr'>μέρη·</span> <span class='ocrx_word' id='word_1_523' title='bbox 2380 3569 2406 3596; x_wconf 73' lang='grc' dir='ltr'>(ι</span> <span class='ocrx_word' id='word_1_524' title='bbox 2442 3549 2659 3621; x_wconf 70' lang='grc' dir='ltr'>Ἄγιος,</span> <span class='ocrx_word' id='word_1_525' title='bbox 2691 3543 2868 3618; x_wconf 64' lang='grc' dir='ltr'>ἅγιος,</span> <span class='ocrx_word' id='word_1_526' title='bbox 2912 3545 3084 3620; x_wconf 78' lang='grc' dir='ltr'>ἅγιος.</span> <span class='ocrx_word' id='word_1_527' title='bbox 3132 3544 3266 3614; x_wconf 82' lang='grc' dir='ltr'>Δόξα</span> <span class='ocrx_word' id='word_1_528' title='bbox 3315 3543 3366 3599; x_wconf 81' lang='grc' dir='ltr'>ἐν</span> <span class='ocrx_word' id='word_1_529' title='bbox 3419 3543 3668 3618; x_wconf 78' lang='grc' dir='ltr'>ὑψίστοις</span> <span class='ocrx_word' id='word_1_530' title='bbox 3699 3548 3829 3616; x_wconf 81' lang='grc' dir='ltr'>Θεῷ,</span> 
     </span>
    </p>
   </div>
   <div class='ocr_carea' id='block_1_76' title="bbox 2182 3631 3840 3711">
    <p class='ocr_par' dir='ltr' id='par_1_76' title="bbox 2182 3631 3840 3711">
     <span class='ocr_line' id='line_1_76' title="bbox 2182 3631 3840 3711; baseline 0.001 -23"><span class='ocrx_word' id='word_1_531' title='bbox 2182 3634 2272 3688; x_wconf 86' lang='grc' dir='ltr'><strong>καὶ</strong></span> <span class='ocrx_word' id='word_1_532' title='bbox 2303 3632 2390 3688; x_wconf 84' lang='grc' dir='ltr'><strong>ἐπὶ</strong></span> <span class='ocrx_word' id='word_1_533' title='bbox 2432 3641 2536 3711; x_wconf 76' lang='grc' dir='ltr'><strong>γῆς</strong></span> <span class='ocrx_word' id='word_1_534' title='bbox 2589 3634 2805 3707; x_wconf 73' lang='grc' dir='ltr'>εἰρήνη.</span> <span class='ocrx_word' id='word_1_535' title='bbox 2842 3657 2870 3684; x_wconf 81' lang='grc'><strong>››</strong></span> <span class='ocrx_word' id='word_1_536' title='bbox 2918 3635 3019 3689; x_wconf 88' lang='grc' dir='ltr'>Καὶ</span> <span class='ocrx_word' id='word_1_537' title='bbox 3068 3631 3434 3708; x_wconf 80' lang='grc' dir='ltr'>ἀκτολογοῦσι</span> <span class='ocrx_word' id='word_1_538' title='bbox 3482 3635 3550 3689; x_wconf 68' lang='grc' dir='ltr'>τὰ</span> <span class='ocrx_word' id='word_1_539' title='bbox 3591 3633 3731 3710; x_wconf 71' lang='grc' dir='ltr'>μέρη</span> <span class='ocrx_word' id='word_1_540' title='bbox 3773 3634 3840 3689; x_wconf 75' lang='grc' dir='ltr'><strong>τὸ.</strong></span> 
     </span>
    </p>
   </div>
   <div class='ocr_carea' id='block_1_77' title="bbox 2179 3719 3840 3803">
    <p class='ocr_par' dir='ltr' id='par_1_77' title="bbox 2179 3719 3840 3803">
     <span class='ocr_line' id='line_1_77' title="bbox 2179 3719 3840 3803; baseline 0.001 -24"><span class='ocrx_word' id='word_1_541' title='bbox 2179 3729 2259 3797; x_wconf 76' lang='grc' dir='ltr'>τῷ</span> <span class='ocrx_word' id='word_1_542' title='bbox 2309 3724 2556 3798; x_wconf 69' lang='grc' dir='ltr'>στεψίμῳ</span> <span class='ocrx_word' id='word_1_543' title='bbox 2600 3723 2927 3798; x_wconf 79' lang='grc' dir='ltr'>ἁρμόζοντα,</span> <span class='ocrx_word' id='word_1_544' title='bbox 2979 3724 3069 3779; x_wconf 82' lang='grc' dir='ltr'><strong>καὶ</strong></span> <span class='ocrx_word' id='word_1_545' title='bbox 3121 3719 3389 3798; x_wconf 77' lang='grc' dir='ltr'>λαμϐάνει</span> <span class='ocrx_word' id='word_1_546' title='bbox 3443 3727 3477 3795; x_wconf 83' lang='grc' dir='ltr'>ἠ</span> <span class='ocrx_word' id='word_1_547' title='bbox 3529 3725 3578 3760; x_wconf 71' lang='grc'><strong>⁸8</strong></span> <span class='ocrx_word' id='word_1_548' title='bbox 3618 3725 3840 3803; x_wconf 76' lang='grc' dir='ltr'>Αύγοῦ-</span> 
     </span>
    </p>
   </div>
   <div class='ocr_carea' id='block_1_78' title="bbox 415 3806 3850 3893">
    <p class='ocr_par' dir='ltr' id='par_1_78' title="bbox 415 3806 3850 3893">
     <span class='ocr_line' id='line_1_78' title="bbox 415 3806 3850 3893; baseline 0.002 -33"><span class='ocrx_word' id='word_1_549' title='bbox 415 3824 512 3860; x_wconf 84' lang='grc' dir='ltr'><strong>στα</strong></span> <span class='ocrx_word' id='word_1_550' title='bbox 541 3807 768 3880; x_wconf 79' lang='grc' dir='ltr'>κηροὺς,</span> <span class='ocrx_word' id='word_1_551' title='bbox 800 3806 892 3862; x_wconf 89' lang='grc' dir='ltr'><strong>καὶ</strong></span> <span class='ocrx_word' id='word_1_552' title='bbox 923 3806 1078 3861; x_wconf 78' lang='grc' dir='ltr'>ἅπτει</span> <span class='ocrx_word' id='word_1_553' title='bbox 1111 3806 1248 3882; x_wconf 82' lang='grc' dir='ltr'>πρὸς</span> <span class='ocrx_word' id='word_1_554' title='bbox 1285 3808 1377 3863; x_wconf 78' lang='grc' dir='ltr'>τὸν</span> <span class='ocrx_word' id='word_1_555' title='bbox 1404 3807 1589 3881; x_wconf 82' lang='grc' dir='ltr'>τίμιον</span> <span class='ocrx_word' id='word_1_556' title='bbox 1620 3809 1867 3885; x_wconf 87' lang='grc' dir='ltr'>σταυρὸν,</span> <span class='ocrx_word' id='word_1_557' title='bbox 1927 3811 2015 3868; x_wconf 84' lang='grc' dir='ltr'><strong>καὶ</strong></span> <span class='ocrx_word' id='word_1_558' title='bbox 2085 3815 2324 3893; x_wconf 78' lang='grc' dir='ltr'>εὐφημεῖ</span> <span class='ocrx_word' id='word_1_559' title='bbox 2391 3814 2418 3868; x_wconf 82' lang='grc' dir='ltr'>ὁ</span> <span class='ocrx_word' id='word_1_560' title='bbox 2479 3813 2611 3878; x_wconf 84' lang='grc' dir='ltr'>λαὸς</span> <span class='ocrx_word' id='word_1_561' title='bbox 2667 3815 2794 3877; x_wconf 79' lang='grc' dir='ltr'>τοὺς</span> <span class='ocrx_word' id='word_1_562' title='bbox 2829 3813 3116 3885; x_wconf 84' lang='grc' dir='ltr'>δεσπότας,</span> <span class='ocrx_word' id='word_1_563' title='bbox 3167 3813 3404 3893; x_wconf 78' lang='grc' dir='ltr'>εὐφημεῖ</span> <span class='ocrx_word' id='word_1_564' title='bbox 3451 3814 3540 3869; x_wconf 85' lang='grc' dir='ltr'><strong>καὶ</strong></span> <span class='ocrx_word' id='word_1_565' title='bbox 3591 3837 3692 3882; x_wconf 55' lang='grc' dir='ltr'><strong>την</strong></span> <span class='ocrx_word' id='word_1_566' title='bbox 3733 3814 3850 3872; x_wconf 82' lang='grc' dir='ltr'><strong>Αύ-</strong></span> 
     </span>
    </p>
   </div>
   <div class='ocr_carea' id='block_1_79' title="bbox 410 3893 3844 3978">
    <p class='ocr_par' dir='ltr' id='par_1_79' title="bbox 410 3893 3844 3978">
     <span class='ocr_line' id='line_1_79' title="bbox 410 3893 3844 3978; baseline 0.003 -30"><span class='ocrx_word' id='word_1_567' title='bbox 410 3899 661 3968; x_wconf 79' lang='grc' dir='ltr'>γοῦσταν,</span> <span class='ocrx_word' id='word_1_568' title='bbox 691 3896 780 3950; x_wconf 87' lang='grc' dir='ltr'><strong>καὶ</strong></span> <span class='ocrx_word' id='word_1_569' title='bbox 813 3898 902 3951; x_wconf 82' lang='grc' dir='ltr'><strong>ὅτε</strong></span> <span class='ocrx_word' id='word_1_570' title='bbox 930 3893 1204 3971; x_wconf 75' lang='grc' dir='ltr'>πληρωθῇ</span> <span class='ocrx_word' id='word_1_571' title='bbox 1237 3898 1271 3966; x_wconf 74' lang='grc' dir='ltr'>ἡ</span> <span class='ocrx_word' id='word_1_572' title='bbox 1300 3896 1564 3972; x_wconf 77' lang='grc' dir='ltr'>εὐφημία,</span> <span class='ocrx_word' id='word_1_573' title='bbox 1592 3905 1886 3972; x_wconf 87' lang='grc' dir='ltr'>προσκυνεῖ</span> <span class='ocrx_word' id='word_1_574' title='bbox 1911 3904 1944 3970; x_wconf 85' lang='grc' dir='ltr'>ἡ</span> <span class='ocrx_word' id='word_1_575' title='bbox 1967 3901 2250 3978; x_wconf 81' lang='grc' dir='ltr'>Αύγοῢστα</span> <span class='ocrx_word' id='word_1_576' title='bbox 2282 3900 2428 3966; x_wconf 81' lang='grc' dir='ltr'>ἔνθεν</span> <span class='ocrx_word' id='word_1_577' title='bbox 2459 3903 2726 3972; x_wconf 79' lang='grc' dir='ltr'>κάκεῖθεν,</span> <span class='ocrx_word' id='word_1_578' title='bbox 2755 3905 2840 3958; x_wconf 87' lang='grc' dir='ltr'><strong>καὶ</strong></span> <span class='ocrx_word' id='word_1_579' title='bbox 2880 3903 3201 3978; x_wconf 71' lang='grc' dir='ltr'>ὑποστρέφει</span> <span class='ocrx_word' id='word_1_580' title='bbox 3245 3902 3333 3957; x_wconf 77' lang='grc' dir='ltr'><strong>διὰ</strong></span> <span class='ocrx_word' id='word_1_581' title='bbox 3365 3907 3461 3958; x_wconf 77' lang='grc' dir='ltr'>τοῦ</span> <span class='ocrx_word' id='word_1_582' title='bbox 3494 3902 3844 3978; x_wconf 80' lang='grc' dir='ltr'>αὐγουστὲως</span> 
     </span>
    </p>
   </div>
   <div class='ocr_carea' id='block_1_80' title="bbox 413 3983 3843 4069">
    <p class='ocr_par' dir='ltr' id='par_1_80' title="bbox 413 3983 3843 4069">
     <span class='ocr_line' id='line_1_80' title="bbox 413 3983 3843 4069; baseline 0.003 -31"><span class='ocrx_word' id='word_1_583' title='bbox 413 3983 797 4060; x_wconf 81' lang='grc' dir='ltr'>ὀψικευομένη·</span> <span class='ocrx_word' id='word_1_584' title='bbox 833 3987 886 4041; x_wconf 78' lang='lat' dir='ltr'><strong>oi</strong></span> <span class='ocrx_word' id='word_1_585' title='bbox 915 3984 973 4041; x_wconf 76' lang='grc' dir='ltr'>δὲ</span> <span class='ocrx_word' id='word_1_586' title='bbox 1003 3985 1198 4042; x_wconf 78' lang='grc' dir='ltr'>ὕπατοι</span> <span class='ocrx_word' id='word_1_587' title='bbox 1224 3984 1470 4044; x_wconf 75' lang='grc' dir='ltr'>’ίστανται</span> <span class='ocrx_word' id='word_1_588' title='bbox 1512 3987 1589 4048; x_wconf 85' lang='grc' dir='ltr'>εἰς</span> <span class='ocrx_word' id='word_1_589' title='bbox 1634 3988 1728 4044; x_wconf 86' lang='grc' dir='ltr'>τὸν</span> <span class='ocrx_word' id='word_1_590' title='bbox 1774 3991 2028 4066; x_wconf 81' lang='grc' dir='ltr'>πόρτικα,</span> <span class='ocrx_word' id='word_1_591' title='bbox 2082 3993 2133 4048; x_wconf 78' lang='lat' dir='ltr'><strong>oi</strong></span> <span class='ocrx_word' id='word_1_592' title='bbox 2182 3990 2239 4048; x_wconf 75' lang='grc' dir='ltr'>δὲ</span> <span class='ocrx_word' id='word_1_593' title='bbox 2265 3991 2546 4068; x_wconf 86' lang='grc' dir='ltr'>πατρίκιοι</span> <span class='ocrx_word' id='word_1_594' title='bbox 2605 3992 2769 4069; x_wconf 79' lang='grc' dir='ltr'>μέχρι</span> <span class='ocrx_word' id='word_1_595' title='bbox 2822 4000 2920 4063; x_wconf 81' lang='grc' dir='ltr'>τῆς</span> <span class='ocrx_word' id='word_1_596' title='bbox 2966 4011 3180 4068; x_wconf 82' lang='grc' dir='ltr'>χρυσης</span> <span class='ocrx_word' id='word_1_597' title='bbox 3209 3993 3418 4068; x_wconf 83' lang='grc' dir='ltr'>χειρὸς,</span> <span class='ocrx_word' id='word_1_598' title='bbox 3459 3993 3548 4048; x_wconf 86' lang='grc' dir='ltr'><strong>καὶ</strong></span> <span class='ocrx_word' id='word_1_599' title='bbox 3595 3990 3843 4050; x_wconf 82' lang='grc' dir='ltr'>δίδονται</span> 
     </span>
    </p>
   </div>
   <div class='ocr_carea' id='block_1_81' title="bbox 417 4071 625 4146">
    <p class='ocr_par' dir='ltr' id='par_1_81' title="bbox 417 4071 625 4146">
     <span class='ocr_line' id='line_1_81' title="bbox 417 4071 625 4146; baseline 0.005 -19"><span class='ocrx_word' id='word_1_600' title='bbox 417 4071 625 4146; x_wconf 87' lang='grc' dir='ltr'>μίνσαι,</span> 
     </span>
    </p>
   </div>
   <div class='ocr_carea' id='block_1_82' title="bbox 1787 4171 2464 4232">
    <p class='ocr_par' dir='ltr' id='par_1_82' title="bbox 1787 4171 2464 4232">
     <span class='ocr_line' id='line_1_82' title="bbox 1787 4171 2464 4232; baseline 0.009 -6"><span class='ocrx_word' id='word_1_601' title='bbox 1787 4171 2029 4228; x_wconf 76' lang='lat' dir='ltr'><strong>VARle</strong></span> <span class='ocrx_word' id='word_1_602' title='bbox 2071 4174 2464 4232; x_wconf 82' lang='lat' dir='ltr'><strong>LECTIONES</strong></span> 
     </span>
    </p>
   </div>
   <div class='ocr_carea' id='block_1_83' title="bbox 441 4261 3834 4350">
    <p class='ocr_par' dir='ltr' id='par_1_83' title="bbox 441 4261 3834 4350">
     <span class='ocr_line' id='line_1_83' title="bbox 441 4261 3834 4350; baseline 0.002 -33"><span class='ocrx_word' id='word_1_603' title='bbox 441 4335 459 4350; x_wconf 34' lang='grc' dir='ltr'><strong>ε</strong></span> <span class='ocrx_word' id='word_1_604' title='bbox 487 4264 533 4300; x_wconf 72' lang='grc'><strong>⁸³</strong></span> <span class='ocrx_word' id='word_1_605' title='bbox 562 4261 864 4350; x_wconf 55' lang='grc' dir='ltr'>ἐπληρώθη</span> <span class='ocrx_word' id='word_1_606' title='bbox 897 4267 988 4322; x_wconf 91' lang='lat' dir='ltr'><strong>ed.</strong></span> <span class='ocrx_word' id='word_1_607' title='bbox 1062 4265 1112 4350; x_wconf 50' lang='grc' dir='ltr'>ξι</span> <span class='ocrx_word' id='word_1_608' title='bbox 1142 4262 1557 4350; x_wconf 48' lang='grc' dir='ltr'>κανδιδᾴτισῇαξ.</span> <span class='ocrx_word' id='word_1_609' title='bbox 1581 4285 1698 4324; x_wconf 91' lang='lat' dir='ltr'><strong>om.</strong></span> <span class='ocrx_word' id='word_1_610' title='bbox 1730 4270 1822 4324; x_wconf 90' lang='lat' dir='ltr'><strong>ed.</strong></span> <span class='ocrx_word' id='word_1_611' title='bbox 1846 4278 1914 4350; x_wconf 39' lang='lat' dir='ltr'><strong>.et</strong></span> <span class='ocrx_word' id='word_1_612' title='bbox 1945 4289 2080 4350; x_wconf 66' lang='lat' dir='ltr'><strong>mox</strong></span> <span class='ocrx_word' id='word_1_613' title='bbox 2101 4290 2214 4350; x_wconf 78' lang='lat' dir='ltr'><strong>pro</strong></span> <span class='ocrx_word' id='word_1_614' title='bbox 2265 4267 2656 4350; x_wconf 41' lang='grc' dir='ltr'>σκριξιῴνισεαι</span> <span class='ocrx_word' id='word_1_615' title='bbox 2687 4306 2757 4350; x_wconf 66' lang='grc' dir='ltr'><strong>-τ</strong></span> <span class='ocrx_word' id='word_1_616' title='bbox 2791 4270 2966 4350; x_wconf 34' lang='grc' dir='ltr'>βῆλιον</span> <span class='ocrx_word' id='word_1_617' title='bbox 2999 4273 3073 4344; x_wconf 72' lang='grc' dir='ltr'>η’,</span> <span class='ocrx_word' id='word_1_618' title='bbox 3105 4275 3286 4350; x_wconf 72' lang='lat' dir='ltr'><strong>habet</strong></span> <span class='ocrx_word' id='word_1_619' title='bbox 3315 4267 3729 4350; x_wconf 55' lang='lat' dir='ltr'><strong>ﬁsos-gsépiccar</strong></span> <span class='ocrx_word' id='word_1_620' title='bbox 3759 4269 3834 4340; x_wconf 75' lang='grc' dir='ltr'><strong>η’.</strong></span> 
     </span>
    </p>
   </div>
   <div class='ocr_carea' id='block_1_84' title="bbox 414 4331 3839 4420">
    <p class='ocr_par' dir='ltr' id='par_1_84' title="bbox 414 4331 3839 4420">
     <span class='ocr_line' id='line_1_84' title="bbox 414 4331 3839 4420; baseline 0.002 -30"><span class='ocrx_word' id='word_1_621' title='bbox 414 4331 891 4420; x_wconf 40' lang='grc' dir='ltr'>δδιτριβρύνισσαί,</span> <span class='ocrx_word' id='word_1_622' title='bbox 925 4339 1259 4420; x_wconf 70' lang='grc' dir='ltr'>κομήτισσαι</span> <span class='ocrx_word' id='word_1_623' title='bbox 1291 4341 1382 4396; x_wconf 91' lang='lat' dir='ltr'><strong>ed.</strong></span> <span class='ocrx_word' id='word_1_624' title='bbox 1459 4339 1505 4375; x_wconf 81' lang='grc'><strong>⁶⁶</strong></span> <span class='ocrx_word' id='word_1_625' title='bbox 1533 4337 1748 4395; x_wconf 68' lang='grc' dir='ltr'>’ίσταται</span> <span class='ocrx_word' id='word_1_626' title='bbox 1794 4343 1884 4399; x_wconf 86' lang='lat' dir='ltr'><strong>ed.</strong></span> <span class='ocrx_word' id='word_1_627' title='bbox 1963 4343 2008 4378; x_wconf 74' lang='grc'><strong>⁸⁷</strong></span> <span class='ocrx_word' id='word_1_628' title='bbox 2057 4331 2227 4414; x_wconf 74' lang='grc' dir='ltr'>αύτῆς</span> <span class='ocrx_word' id='word_1_629' title='bbox 2270 4331 2370 4416; x_wconf 60' lang='grc' dir='ltr'><strong>την</strong></span> <span class='ocrx_word' id='word_1_630' title='bbox 2403 4340 2525 4420; x_wconf 76' lang='grc' dir='ltr'>ὄψιν</span> <span class='ocrx_word' id='word_1_631' title='bbox 2565 4346 2653 4417; x_wconf 83' lang='lat' dir='ltr'><strong>R.,</strong></span> <span class='ocrx_word' id='word_1_632' title='bbox 2687 4331 2863 4416; x_wconf 55' lang='grc' dir='ltr'>αὐτὴν</span> <span class='ocrx_word' id='word_1_633' title='bbox 2885 4331 3195 4419; x_wconf 45' lang='grc' dir='ltr'>ὄψινκῖοάη</span> <span class='ocrx_word' id='word_1_634' title='bbox 3228 4331 3397 4415; x_wconf 68' lang='grc' dir='ltr'>αύτήν</span> <span class='ocrx_word' id='word_1_635' title='bbox 3440 4331 3839 4420; x_wconf 61' lang='grc' dir='ltr'>ὅψικευομὲνην</span> 
     </span>
    </p>
   </div>
   <div class='ocr_carea' id='block_1_85' title="bbox 411 4407 970 4478">
    <p class='ocr_par' dir='ltr' id='par_1_85' title="bbox 411 4407 970 4478">
     <span class='ocr_line' id='line_1_85' title="bbox 411 4407 970 4478; baseline 0.007 -15"><span class='ocrx_word' id='word_1_636' title='bbox 411 4407 536 4464; x_wconf 77' lang='grc' dir='ltr'>εᾶ.’</span> <span class='ocrx_word' id='word_1_637' title='bbox 581 4407 628 4444; x_wconf 78' lang='grc'><strong>⁸⁸</strong></span> <span class='ocrx_word' id='word_1_638' title='bbox 658 4408 693 4478; x_wconf 80' lang='grc' dir='ltr'>ἡ</span> <span class='ocrx_word' id='word_1_639' title='bbox 727 4426 845 4467; x_wconf 90' lang='lat' dir='ltr'><strong>om.</strong></span> <span class='ocrx_word' id='word_1_640' title='bbox 879 4412 970 4467; x_wconf 91' lang='lat' dir='ltr'><strong>ed.</strong></span> 
     </span>
    </p>
   </div>
   <div class='ocr_carea' id='block_1_86' title="bbox 1461 4501 2781 4566">
    <p class='ocr_par' dir='ltr' id='par_1_86' title="bbox 1461 4501 2781 4566">
     <span class='ocr_line' id='line_1_86' title="bbox 1461 4501 2781 4566; baseline 0.004 -7"><span class='ocrx_word' id='word_1_641' title='bbox 1461 4501 1665 4560; x_wconf 83' lang='lat' dir='ltr'><strong>JOAN.</strong></span> <span class='ocrx_word' id='word_1_642' title='bbox 1707 4504 1850 4560; x_wconf 86' lang='lat' dir='ltr'><strong>JAC.</strong></span> <span class='ocrx_word' id='word_1_643' title='bbox 1894 4505 2159 4563; x_wconf 82' lang='lat' dir='ltr'><strong>REISKII</strong></span> <span class='ocrx_word' id='word_1_644' title='bbox 2199 4507 2781 4566; x_wconf 77' lang='lat' dir='ltr'><strong>COMMENTARIUS.</strong></span> 
     </span>
    </p>
   </div>
   <div class='ocr_carea' id='block_1_87' title="bbox 484 4597 3333 4674">
    <p class='ocr_par' dir='ltr' id='par_1_87' title="bbox 484 4597 3333 4674">
     <span class='ocr_line' id='line_1_87' title="bbox 484 4597 3333 4674; baseline 0.003 -20"><span class='ocrx_word' id='word_1_645' title='bbox 484 4598 563 4670; x_wconf 83' lang='grc'><strong>(3)</strong></span> <span class='ocrx_word' id='word_1_646' title='bbox 593 4597 909 4674; x_wconf 65' lang='lat' dir='ltr'><strong>M,_rur_sus</strong></span> <span class='ocrx_word' id='word_1_647' title='bbox 957 4615 1183 4674; x_wconf 69' lang='lat' dir='ltr'><strong>comnja</strong></span> <span class='ocrx_word' id='word_1_648' title='bbox 1226 4599 1323 4656; x_wconf 89' lang='lat' dir='ltr'><strong>hic</strong></span> <span class='ocrx_word' id='word_1_649' title='bbox 1372 4617 1507 4674; x_wconf 87' lang='lat' dir='ltr'><strong>non</strong></span> <span class='ocrx_word' id='word_1_650' title='bbox 1539 4603 1957 4674; x_wconf 83' lang='lat' dir='ltr'><strong>agnoscebant,</strong></span> <span class='ocrx_word' id='word_1_651' title='bbox 2010 4609 2075 4661; x_wconf 90' lang='lat' dir='ltr'><strong>ut</strong></span> <span class='ocrx_word' id='word_1_652' title='bbox 2105 4611 2153 4674; x_wconf 84' lang='grc' dir='ltr'><strong>ι)</strong></span> <span class='ocrx_word' id='word_1_653' title='bbox 2184 4601 2419 4674; x_wconf 85' lang='grc' dir='ltr'>λυπτρα.</span> <span class='ocrx_word' id='word_1_654' title='bbox 2458 4606 2588 4662; x_wconf 88' lang='lat' dir='ltr'><strong>Vid.</strong></span> <span class='ocrx_word' id='word_1_655' title='bbox 2613 4606 2913 4663; x_wconf 86' lang='lat' dir='ltr'><strong>Plutarch.</strong></span> <span class='ocrx_word' id='word_1_656' title='bbox 2964 4606 3333 4664; x_wconf 77' lang='lat' dir='ltr'><strong>Timoleonta</strong></span> 
     </span>
    </p>
   </div>
   <div class='ocr_carea' id='block_1_88' title="bbox 416 4669 2072 4745">
    <p class='ocr_par' dir='ltr' id='par_1_88' title="bbox 416 4669 2072 4745">
     <span class='ocr_line' id='line_1_88' title="bbox 416 4669 2072 4745; baseline 0.004 -19"><span class='ocrx_word' id='word_1_657' title='bbox 416 4669 561 4745; x_wconf 84' lang='lat' dir='ltr'><strong>adeo</strong></span> <span class='ocrx_word' id='word_1_658' title='bbox 600 4670 935 4745; x_wconf 69' lang='lat' dir='ltr'><strong>tribunissaa</strong></span> <span class='ocrx_word' id='word_1_659' title='bbox 980 4671 1290 4728; x_wconf 67' lang='lat' dir='ltr'><strong>comitisse</strong></span> <span class='ocrx_word' id='word_1_660' title='bbox 1334 4689 1452 4745; x_wconf 79' lang='lat' dir='ltr'><strong>non</strong></span> <span class='ocrx_word' id='word_1_661' title='bbox 1481 4669 1610 4728; x_wconf 69' lang='lat' dir='ltr'><strong>duae</strong></span> <span class='ocrx_word' id='word_1_662' title='bbox 1660 4669 2072 4745; x_wconf 49' lang='lat' dir='ltr'><strong>diversae,&#39;sed</strong></span> 
     </span>
    </p>
   </div>
   <div class='ocr_carea' id='block_1_89' title="bbox 415 4741 2071 4866">
    <p class='ocr_par' dir='ltr' id='par_1_89' title="bbox 415 4741 2071 4866">
     <span class='ocr_line' id='line_1_89' title="bbox 415 4741 2071 4866; baseline 0.005 -71"><span class='ocrx_word' id='word_1_663' title='bbox 415 4741 908 4866; x_wconf 42' lang='lat' dir='ltr'><strong>laac‘tzeniiic‘iignitas</strong></span> <span class='ocrx_word' id='word_1_664' title='bbox 942 4749 1164 4816; x_wconf 87' lang='lat' dir='ltr'><strong>essent,</strong></span> <span class='ocrx_word' id='word_1_665' title='bbox 1197 4748 1263 4801; x_wconf 89' lang='lat' dir='ltr'><strong>ut</strong></span> <span class='ocrx_word' id='word_1_666' title='bbox 1292 4743 1561 4800; x_wconf 85' lang='lat' dir='ltr'><strong>tribunus</strong></span> <span class='ocrx_word' id='word_1_667' title='bbox 1594 4760 1811 4802; x_wconf 92' lang='lat' dir='ltr'><strong>comes.</strong></span> <span class='ocrx_word' id='word_1_668' title='bbox 1835 4741 1966 4802; x_wconf 85' lang='lat' dir='ltr'><strong>Vid.</strong></span> <span class='ocrx_word' id='word_1_669' title='bbox 2001 4749 2071 4804; x_wconf 92' lang='lat' dir='ltr'><strong>ad</strong></span> 
     </span>
     <span class='ocr_line' id='line_1_90' title="bbox 458 4831 704 4866; baseline 0.004 -1"><span class='ocrx_word' id='word_1_670' title='bbox 458 4831 486 4866; x_wconf 68' lang='lat' dir='ltr'><strong>ﬂ</strong></span> <span class='ocrx_word' id='word_1_671' title='bbox 536 4850 548 4864; x_wconf 80' lang='grc' dir='ltr'><strong>ο</strong></span> <span class='ocrx_word' id='word_1_672' title='bbox 694 4854 704 4866; x_wconf 89' lang='lat'><strong>.</strong></span> 
     </span>
    </p>
   </div>
   <div class='ocr_carea' id='block_1_90' title="bbox 413 4826 704 4882">
    <p class='ocr_par' dir='ltr' id='par_1_90' title="bbox 413 4826 704 4882">
     <span class='ocr_line' id='line_1_91' title="bbox 413 4826 704 4882; baseline 0.007 -16"><span class='ocrx_word' id='word_1_673' title='bbox 413 4826 548 4882; x_wconf 84' lang='lat' dir='ltr'><strong>pag.</strong></span> <span class='ocrx_word' id='word_1_674' title='bbox 584 4826 704 4868; x_wconf 75' lang='lat'><strong>114.</strong></span> 
     </span>
    </p>
   </div>
   <div class='ocr_carea' id='block_1_91' title="bbox 489 4882 2072 4958">
    <p class='ocr_par' dir='ltr' id='par_1_91' title="bbox 489 4882 2072 4958">
     <span class='ocr_line' id='line_1_92' title="bbox 489 4882 2072 4958; baseline 0.008 -24"><span class='ocrx_word' id='word_1_675' title='bbox 489 4882 562 4952; x_wconf 81' lang='grc'><strong>(4)</strong></span> <span class='ocrx_word' id='word_1_676' title='bbox 597 4886 696 4938; x_wconf 88' lang='lat' dir='ltr'><strong>Est</strong></span> <span class='ocrx_word' id='word_1_677' title='bbox 725 4901 938 4943; x_wconf 86' lang='lat' dir='ltr'><strong>sensus</strong></span> <span class='ocrx_word' id='word_1_678' title='bbox 971 4904 985 4943; x_wconf 88' lang='lat'><strong>:</strong></span> <span class='ocrx_word' id='word_1_679' title='bbox 1020 4886 1336 4944; x_wconf 78' lang='lat' dir='ltr'><strong>ostendente</strong></span> <span class='ocrx_word' id='word_1_680' title='bbox 1367 4888 1611 4958; x_wconf 78' lang='lat' dir='ltr'><strong>Augusta</strong></span> <span class='ocrx_word' id='word_1_681' title='bbox 1638 4889 1856 4945; x_wconf 79' lang='lat' dir='ltr'><strong>vultum</strong></span> <span class='ocrx_word' id='word_1_682' title='bbox 1885 4907 2072 4946; x_wconf 80' lang='lat' dir='ltr'><strong>suum.</strong></span> 
     </span>
    </p>
   </div>
   <div class='ocr_carea' id='block_1_92' title="bbox 417 4952 2078 5030">
    <p class='ocr_par' dir='ltr' id='par_1_92' title="bbox 417 4952 2078 5030">
     <span class='ocr_line' id='line_1_93' title="bbox 417 4952 2078 5030; baseline 0.006 -22"><span class='ocrx_word' id='word_1_683' title='bbox 417 4952 656 5030; x_wconf 81' lang='lat' dir='ltr'><strong>Sponsae</strong></span> <span class='ocrx_word' id='word_1_684' title='bbox 689 4971 900 5028; x_wconf 88' lang='lat' dir='ltr'><strong>nempe</strong></span> <span class='ocrx_word' id='word_1_685' title='bbox 932 4960 1287 5026; x_wconf 63' lang='lat' dir='ltr'><strong>Graecorum,</strong></span> <span class='ocrx_word' id='word_1_686' title='bbox 1325 4966 1390 5016; x_wconf 89' lang='lat' dir='ltr'><strong>ut</strong></span> <span class='ocrx_word' id='word_1_687' title='bbox 1438 4952 1640 5015; x_wconf 75' lang='lat' dir='ltr'><strong>notum</strong></span> <span class='ocrx_word' id='word_1_688' title='bbox 1700 4967 1809 5030; x_wconf 80' lang='lat' dir='ltr'><strong>est,</strong></span> <span class='ocrx_word' id='word_1_689' title='bbox 1845 4963 2078 5018; x_wconf 87' lang='lat' dir='ltr'><strong>nubunt</strong></span> 
     </span>
    </p>
   </div>
   <div class='ocr_carea' id='block_1_93' title="bbox 412 5024 2076 5104">
    <p class='ocr_par' dir='ltr' id='par_1_93' title="bbox 412 5024 2076 5104">
     <span class='ocr_line' id='line_1_94' title="bbox 412 5024 2076 5104; baseline 0.008 -27"><span class='ocrx_word' id='word_1_690' title='bbox 412 5024 679 5104; x_wconf 71' lang='lat' dir='ltr'><strong>yultum,_</strong></span> <span class='ocrx_word' id='word_1_691' title='bbox 702 5024 890 5099; x_wconf 80' lang='lat' dir='ltr'><strong>neque</strong></span> <span class='ocrx_word' id='word_1_692' title='bbox 919 5032 1243 5104; x_wconf 82' lang='lat' dir='ltr'><strong>ostendunt</strong></span> <span class='ocrx_word' id='word_1_693' title='bbox 1261 5024 1420 5101; x_wconf 87' lang='lat' dir='ltr'><strong>eum,</strong></span> <span class='ocrx_word' id='word_1_694' title='bbox 1456 5033 1567 5087; x_wconf 86' lang='lat' dir='ltr'><strong>nisi</strong></span> <span class='ocrx_word' id='word_1_695' title='bbox 1599 5024 1830 5104; x_wconf 78' lang='lat' dir='ltr'><strong>amicis,</strong></span> <span class='ocrx_word' id='word_1_696' title='bbox 1864 5035 2076 5104; x_wconf 82' lang='lat' dir='ltr'><strong>quibus</strong></span> 
     </span>
    </p>
   </div>
   <div class='ocr_carea' id='block_1_94' title="bbox 412 5095 2078 5178">
    <p class='ocr_par' dir='ltr' id='par_1_94' title="bbox 412 5095 2078 5178">
     <span class='ocr_line' id='line_1_95' title="bbox 412 5095 2078 5178; baseline 0.008 -28"><span class='ocrx_word' id='word_1_697' title='bbox 412 5095 815 5178; x_wconf 39' lang='lat' dir='ltr'><strong>bene&#39;volunt,</strong></span> <span class='ocrx_word' id='word_1_698' title='bbox 866 5109 920 5156; x_wconf 91' lang='lat' dir='ltr'><strong>et</strong></span> <span class='ocrx_word' id='word_1_699' title='bbox 978 5095 1515 5178; x_wconf 76' lang='lat' dir='ltr'><strong>quibusbonorem</strong></span> <span class='ocrx_word' id='word_1_700' title='bbox 1562 5095 1834 5178; x_wconf 76' lang='lat' dir='ltr'><strong>exhibere</strong></span> <span class='ocrx_word' id='word_1_701' title='bbox 1871 5095 2078 5162; x_wconf 77' lang='lat' dir='ltr'><strong>volunt</strong></span> 
     </span>
    </p>
   </div>
   <div class='ocr_carea' id='block_1_95' title="bbox 421 5168 2076 5246">
    <p class='ocr_par' dir='ltr' id='par_1_95' title="bbox 421 5168 2076 5246">
     <span class='ocr_line' id='line_1_96' title="bbox 421 5168 2076 5246; baseline 0.006 -22"><span class='ocrx_word' id='word_1_702' title='bbox 421 5168 684 5246; x_wconf 70' lang='lat' dir='ltr'><strong>convivis</strong></span> <span class='ocrx_word' id='word_1_703' title='bbox 715 5170 782 5222; x_wconf 89' lang='lat' dir='ltr'><strong>ad</strong></span> <span class='ocrx_word' id='word_1_704' title='bbox 825 5168 1056 5243; x_wconf 80' lang='lat' dir='ltr'><strong>nuptias</strong></span> <span class='ocrx_word' id='word_1_705' title='bbox 1085 5175 1467 5231; x_wconf 81' lang='lat' dir='ltr'><strong>celebrandas</strong></span> <span class='ocrx_word' id='word_1_706' title='bbox 1498 5177 1743 5232; x_wconf 86' lang='lat' dir='ltr'><strong>vocatis.</strong></span> <span class='ocrx_word' id='word_1_707' title='bbox 1787 5175 2076 5246; x_wconf 82' lang='lat' dir='ltr'><strong>Sponsam</strong></span> 
     </span>
    </p>
   </div>
   <div class='ocr_carea' id='block_1_96' title="bbox 423 5238 2074 5317">
    <p class='ocr_par' dir='ltr' id='par_1_96' title="bbox 423 5238 2074 5317">
     <span class='ocr_line' id='line_1_97' title="bbox 423 5238 2074 5317; baseline 0.008 -24"><span class='ocrx_word' id='word_1_708' title='bbox 423 5239 598 5317; x_wconf 69' lang='lat' dir='ltr'><strong>talem</strong></span> <span class='ocrx_word' id='word_1_709' title='bbox 650 5238 926 5317; x_wconf 73' lang='lat' dir='ltr'><strong>ﬂammeo</strong></span> <span class='ocrx_word' id='word_1_710' title='bbox 979 5252 1220 5317; x_wconf 88' lang='lat' dir='ltr'><strong>nuptam</strong></span> <span class='ocrx_word' id='word_1_711' title='bbox 1278 5251 1595 5304; x_wconf 85' lang='lat' dir='ltr'><strong>Armenam</strong></span> <span class='ocrx_word' id='word_1_712' title='bbox 1649 5247 1707 5302; x_wconf 92' lang='lat' dir='ltr'><strong>in</strong></span> <span class='ocrx_word' id='word_1_713' title='bbox 1769 5238 2074 5317; x_wconf 71' lang='lat' dir='ltr'><strong>ecclesiam</strong></span> 
     </span>
    </p>
   </div>
   <div class='ocr_carea' id='block_1_97' title="bbox 416 5311 2075 5389">
    <p class='ocr_par' dir='ltr' id='par_1_97' title="bbox 416 5311 2075 5389">
     <span class='ocr_line' id='line_1_98' title="bbox 416 5311 2075 5389; baseline 0.007 -23"><span class='ocrx_word' id='word_1_714' title='bbox 416 5311 928 5389; x_wconf 77' lang='lat' dir='ltr'><strong>deducendam,et</strong></span> <span class='ocrx_word' id='word_1_715' title='bbox 957 5311 1127 5372; x_wconf 66' lang='lat' dir='ltr'><strong>alia&#39;m</strong></span> <span class='ocrx_word' id='word_1_716' title='bbox 1178 5319 1491 5374; x_wconf 89' lang='lat' dir='ltr'><strong>Turcicam</strong></span> <span class='ocrx_word' id='word_1_717' title='bbox 1554 5318 1663 5375; x_wconf 89' lang='lat' dir='ltr'><strong>sub</strong></span> <span class='ocrx_word' id='word_1_718' title='bbox 1710 5316 1964 5389; x_wconf 79' lang='grc' dir='ltr'>παστάδι,</span> <span class='ocrx_word' id='word_1_719' title='bbox 2014 5323 2075 5377; x_wconf 89' lang='lat' dir='ltr'><strong>in</strong></span> 
     </span>
    </p>
   </div>
   <div class='ocr_carea' id='block_1_98' title="bbox 412 5383 2076 5463">
    <p class='ocr_par' dir='ltr' id='par_1_98' title="bbox 412 5383 2076 5463">
     <span class='ocr_line' id='line_1_99' title="bbox 412 5383 2076 5463; baseline 0.008 -26"><span class='ocrx_word' id='word_1_720' title='bbox 412 5383 612 5463; x_wconf 74' lang='lat' dir='ltr'><strong>mariti</strong></span> <span class='ocrx_word' id='word_1_721' title='bbox 637 5385 1328 5463; x_wconf 22' lang='lat' dir='ltr'><strong>do_m‘um_deducenidam,</strong></span> <span class='ocrx_word' id='word_1_722' title='bbox 1353 5391 1534 5446; x_wconf 86' lang='lat' dir='ltr'><strong>videri</strong></span> <span class='ocrx_word' id='word_1_723' title='bbox 1562 5393 1658 5460; x_wconf 86' lang='lat' dir='ltr'><strong>qui</strong></span> <span class='ocrx_word' id='word_1_724' title='bbox 1687 5407 1754 5446; x_wconf 91' lang='lat' dir='ltr'><strong>cu</strong></span> <span class='ocrx_word' id='word_1_725' title='bbox 1768 5392 1867 5463; x_wconf 82' lang='lat' dir='ltr'><strong>pit.</strong></span> <span class='ocrx_word' id='word_1_726' title='bbox 1888 5383 2076 5450; x_wconf 63' lang='lat' dir='ltr'><strong>exire-</strong></span> 
     </span>
    </p>
   </div>
   <div class='ocr_carea' id='block_1_99' title="bbox 413 5456 2074 5533">
    <p class='ocr_par' dir='ltr' id='par_1_99' title="bbox 413 5456 2074 5533">
     <span class='ocr_line' id='line_1_100' title="bbox 413 5456 2074 5533; baseline 0.007 -24"><span class='ocrx_word' id='word_1_727' title='bbox 413 5471 538 5533; x_wconf 82' lang='lat' dir='ltr'><strong>m_a_s</strong></span> <span class='ocrx_word' id='word_1_728' title='bbox 568 5456 840 5533; x_wconf 83' lang='lat' dir='ltr'><strong>inspiciat</strong></span> <span class='ocrx_word' id='word_1_729' title='bbox 870 5459 1125 5533; x_wconf 84' lang='lat' dir='ltr'><strong>Tabulas</strong></span> <span class='ocrx_word' id='word_1_730' title='bbox 1156 5456 1591 5525; x_wconf 64' lang='lat' dir='ltr'><strong>Ferriolenses,</strong></span> <span class='ocrx_word' id='word_1_731' title='bbox 1623 5456 1864 5518; x_wconf 80' lang='lat' dir='ltr'><strong>Parisiis</strong></span> <span class='ocrx_word' id='word_1_732' title='bbox 1915 5465 2074 5533; x_wconf 80' lang='grc'>1714,</span> 
     </span>
    </p>
   </div>
   <div class='ocr_carea' id='block_1_100' title="bbox 415 5527 2075 5603">
    <p class='ocr_par' dir='ltr' id='par_1_100' title="bbox 415 5527 2075 5603">
     <span class='ocr_line' id='line_1_101' title="bbox 415 5527 2075 5603; baseline 0.005 -21"><span class='ocrx_word' id='word_1_733' title='bbox 415 5527 622 5603; x_wconf 76' lang='lat' dir='ltr'><strong>editas.</strong></span> <span class='ocrx_word' id='word_1_734' title='bbox 675 5529 978 5603; x_wconf 23' lang='lat' dir='ltr'><strong>Diequuo</strong></span> <span class='ocrx_word' id='word_1_735' title='bbox 1067 5532 1125 5589; x_wconf 89' lang='lat' dir='ltr'><strong>id</strong></span> <span class='ocrx_word' id='word_1_736' title='bbox 1211 5535 1412 5601; x_wconf 84' lang='lat' dir='ltr'><strong>tlebat,</strong></span> <span class='ocrx_word' id='word_1_737' title='bbox 1471 5535 1610 5590; x_wconf 74' lang='lat' dir='ltr'><strong>olim</strong></span> <span class='ocrx_word' id='word_1_738' title='bbox 1683 5533 1750 5587; x_wconf 77' lang='grc' dir='ltr'>τὰ</span> <span class='ocrx_word' id='word_1_739' title='bbox 1815 5527 2075 5590; x_wconf 65' lang='grc' dir='ltr'>ἀνακαλυὲ</span> 
     </span>
    </p>
   </div>
   <div class='ocr_carea' id='block_1_101' title="bbox 413 5599 2075 5679">
    <p class='ocr_par' dir='ltr' id='par_1_101' title="bbox 413 5599 2075 5679">
     <span class='ocr_line' id='line_1_102' title="bbox 413 5599 2075 5679; baseline 0.008 -27"><span class='ocrx_word' id='word_1_740' title='bbox 413 5599 621 5679; x_wconf 42' lang='lat' dir='ltr'><strong>arripiat</strong></span> <span class='ocrx_word' id='word_1_741' title='bbox 661 5599 1096 5679; x_wconf 68' lang='lat' dir='ltr'><strong>appellabatur;</strong></span> <span class='ocrx_word' id='word_1_742' title='bbox 1131 5619 1185 5660; x_wconf 77' lang='grc' dir='ltr'>ν.</span> <span class='ocrx_word' id='word_1_743' title='bbox 1220 5599 1413 5661; x_wconf 75' lang='lat' dir='ltr'><strong>Olear.</strong></span> <span class='ocrx_word' id='word_1_744' title='bbox 1444 5607 1513 5679; x_wconf 88' lang='lat' dir='ltr'><strong>ad</strong></span> <span class='ocrx_word' id='word_1_745' title='bbox 1551 5603 1819 5679; x_wconf 81' lang='lat' dir='ltr'><strong>Philostr.</strong></span> <span class='ocrx_word' id='word_1_746' title='bbox 1857 5623 1912 5679; x_wconf 91' lang='lat' dir='ltr'><strong>p.</strong></span> <span class='ocrx_word' id='word_1_747' title='bbox 1945 5611 2075 5665; x_wconf 78' lang='lat'><strong>611.</strong></span> 
     </span>
    </p>
   </div>
   <div class='ocr_carea' id='block_1_102' title="bbox 416 5671 2074 5748">
    <p class='ocr_par' dir='ltr' id='par_1_102' title="bbox 416 5671 2074 5748">
     <span class='ocr_line' id='line_1_103' title="bbox 416 5671 2074 5748; baseline 0.006 -21"><span class='ocrx_word' id='word_1_748' title='bbox 416 5677 536 5748; x_wconf 88' lang='lat' dir='ltr'><strong>_not.</strong></span> <span class='ocrx_word' id='word_1_749' title='bbox 569 5671 631 5741; x_wconf 89' lang='lat'><strong>8;</strong></span> <span class='ocrx_word' id='word_1_750' title='bbox 667 5671 922 5748; x_wconf 28' lang='lat' dir='ltr'><strong>etjdona,</strong></span> <span class='ocrx_word' id='word_1_751' title='bbox 953 5671 1092 5748; x_wconf 63' lang='lat' dir='ltr'><strong>quas</strong></span> <span class='ocrx_word' id='word_1_752' title='bbox 1115 5691 1347 5748; x_wconf 74' lang='lat' dir='ltr'><strong>sponsae</strong></span> <span class='ocrx_word' id='word_1_753' title='bbox 1378 5677 1604 5748; x_wconf 84' lang='lat' dir='ltr'><strong>vultum</strong></span> <span class='ocrx_word' id='word_1_754' title='bbox 1659 5671 1937 5736; x_wconf 74' lang='lat' dir='ltr'><strong>revelanti</strong></span> <span class='ocrx_word' id='word_1_755' title='bbox 1969 5682 2074 5737; x_wconf 90' lang='lat' dir='ltr'><strong>da-</strong></span> 
     </span>
    </p>
   </div>
   <div class='ocr_carea' id='block_1_103' title="bbox 414 5741 2073 5821">
    <p class='ocr_par' dir='ltr' id='par_1_103' title="bbox 414 5741 2073 5821">
     <span class='ocr_line' id='line_1_104' title="bbox 414 5741 2073 5821; baseline 0.005 -23"><span class='ocrx_word' id='word_1_756' title='bbox 414 5741 651 5816; x_wconf 83' lang='lat' dir='ltr'><strong>bantur,</strong></span> <span class='ocrx_word' id='word_1_757' title='bbox 719 5741 926 5804; x_wconf 77' lang='lat' dir='ltr'><strong>itidem</strong></span> <span class='ocrx_word' id='word_1_758' title='bbox 967 5741 1166 5805; x_wconf 46' lang='lat' dir='ltr'><strong>&quot;erant&#39;</strong></span> <span class='ocrx_word' id='word_1_759' title='bbox 1203 5744 1658 5821; x_wconf 82' lang='grc' dir='ltr'>ἀνακαλυπτήρια</span> <span class='ocrx_word' id='word_1_760' title='bbox 1741 5757 1795 5806; x_wconf 91' lang='lat' dir='ltr'><strong>et</strong></span> <span class='ocrx_word' id='word_1_761' title='bbox 1875 5750 2073 5806; x_wconf 85' lang='grc' dir='ltr'>ἀνακά-</span> 
     </span>
    </p>
   </div>
   <div class='ocr_carea' id='block_1_104' title="bbox 3417 4604 3848 4663">
    <p class='ocr_par' dir='ltr' id='par_1_104' title="bbox 3417 4604 3848 4663">
     <span class='ocr_line' id='line_1_105' title="bbox 3417 4604 3848 4663; baseline -0.002 -1"><span class='ocrx_word' id='word_1_762' title='bbox 3417 4649 3430 4662; x_wconf 90' lang='grc'><strong>.</strong></span> <span class='ocrx_word' id='word_1_763' title='bbox 3464 4607 3590 4663; x_wconf 81' lang='grc'><strong>435.</strong></span> <span class='ocrx_word' id='word_1_764' title='bbox 3651 4606 3742 4663; x_wconf 90' lang='lat' dir='ltr'><strong>ed.</strong></span> <span class='ocrx_word' id='word_1_765' title='bbox 3773 4604 3848 4662; x_wconf 86' lang='lat' dir='ltr'><strong>II.</strong></span> 
     </span>
    </p>
   </div>
   <div class='ocr_carea' id='block_1_105' title="bbox 2185 4677 3847 4750">
    <p class='ocr_par' dir='ltr' id='par_1_105' title="bbox 2185 4677 3847 4750">
     <span class='ocr_line' id='line_1_106' title="bbox 2185 4677 3847 4750; baseline 0 -16"><span class='ocrx_word' id='word_1_766' title='bbox 2185 4677 2411 4750; x_wconf 61' lang='lat' dir='ltr'><strong>Steph.</strong></span> <span class='ocrx_word' id='word_1_767' title='bbox 2448 4677 2644 4734; x_wconf 89' lang='lat' dir='ltr'><strong>Vales.</strong></span> <span class='ocrx_word' id='word_1_768' title='bbox 2697 4679 2789 4750; x_wconf 10' lang='lat' dir='ltr'><strong>ad,</strong></span> <span class='ocrx_word' id='word_1_769' title='bbox 2832 4679 3168 4750; x_wconf 85' lang='lat' dir='ltr'><strong>Harpocrat.</strong></span> <span class='ocrx_word' id='word_1_770' title='bbox 3202 4697 3256 4749; x_wconf 90' lang='lat' dir='ltr'><strong>p.</strong></span> <span class='ocrx_word' id='word_1_771' title='bbox 3287 4677 3419 4748; x_wconf 81' lang='lat'><strong>223,</strong></span> <span class='ocrx_word' id='word_1_772' title='bbox 3450 4679 3558 4750; x_wconf 10' lang='lat' dir='ltr'><strong>red.</strong></span> <span class='ocrx_word' id='word_1_773' title='bbox 3591 4678 3847 4734; x_wconf 86' lang='lat' dir='ltr'><strong>Gronov.</strong></span> 
     </span>
    </p>
   </div>
   <div class='ocr_carea' id='block_1_106' title="bbox 2189 4749 3854 4877">
    <p class='ocr_par' dir='ltr' id='par_1_106' title="bbox 2189 4749 3854 4877">
     <span class='ocr_line' id='line_1_107' title="bbox 2189 4749 3854 4877; baseline 0.001 -72"><span class='ocrx_word' id='word_1_774' title='bbox 2189 4755 2246 4805; x_wconf 90' lang='lat' dir='ltr'><strong>et</strong></span> <span class='ocrx_word' id='word_1_775' title='bbox 2280 4749 2360 4806; x_wconf 89' lang='lat' dir='ltr'><strong>Du</strong></span> <span class='ocrx_word' id='word_1_776' title='bbox 2385 4749 2579 4823; x_wconf 83' lang='lat' dir='ltr'>Gange</span> <span class='ocrx_word' id='word_1_777' title='bbox 2609 4766 2662 4806; x_wconf 89' lang='lat' dir='ltr'><strong>v.</strong></span> <span class='ocrx_word' id='word_1_778' title='bbox 2698 4749 3207 4877; x_wconf 53' lang='grc' dir='ltr'>θεώρητςον,ᾳυοά</span> <span class='ocrx_word' id='word_1_779' title='bbox 3241 4749 3643 4833; x_wconf 54' lang='grc' dir='ltr'>θεῐουίόιιιιὶᾶ</span> <span class='ocrx_word' id='word_1_780' title='bbox 3669 4765 3854 4822; x_wconf 90' lang='lat' dir='ltr'><strong>spon-</strong></span> 
     </span>
     <span class='ocr_line' id='line_1_108' title="bbox 2189 4819 3851 4877; baseline 0 0"><span class='ocrx_word' id='word_1_781' title='bbox 2189 4838 2293 4877; x_wconf 87' lang='lat' dir='ltr'><strong>sus</strong></span> <span class='ocrx_word' id='word_1_782' title='bbox 2332 4838 2553 4877; x_wconf 75' lang='lat' dir='ltr'><strong>snonsae</strong></span> <span class='ocrx_word' id='word_1_783' title='bbox 2599 4823 2700 4877; x_wconf 89' lang='lat' dir='ltr'><strong>dat</strong></span> <span class='ocrx_word' id='word_1_784' title='bbox 2745 4819 2914 4876; x_wconf 81' lang='grc' dir='ltr'>ἀνακα</span> <span class='ocrx_word' id='word_1_785' title='bbox 2960 4821 3242 4877; x_wconf 80' lang='grc' dir='ltr'>υπτηοίων</span> <span class='ocrx_word' id='word_1_786' title='bbox 3295 4823 3410 4877; x_wconf 79' lang='lat' dir='ltr'><strong>die.</strong></span> <span class='ocrx_word' id='word_1_787' title='bbox 3458 4839 3590 4877; x_wconf 90' lang='lat' dir='ltr'><strong>cum</strong></span> <span class='ocrx_word' id='word_1_788' title='bbox 3627 4837 3851 4877; x_wconf 77' lang='lat' dir='ltr'><strong>suonsa</strong></span> 
     </span>
    </p>
   </div>
   <div class='ocr_carea' id='block_1_107' title="bbox 2187 4819 3851 4895">
    <p class='ocr_par' dir='ltr' id='par_1_107' title="bbox 2187 4819 3851 4895">
     <span class='ocr_line' id='line_1_109' title="bbox 2187 4819 3851 4895; baseline -0.001 -18"><span class='ocrx_word' id='word_1_789' title='bbox 2187 4838 2293 4878; x_wconf 85' lang='lat' dir='ltr'><strong>sus</strong></span> <span class='ocrx_word' id='word_1_790' title='bbox 2332 4819 2553 4895; x_wconf 68' lang='lat' dir='ltr'><strong>sponsae</strong></span> <span class='ocrx_word' id='word_1_791' title='bbox 2599 4823 2700 4877; x_wconf 89' lang='lat' dir='ltr'><strong>dat</strong></span> <span class='ocrx_word' id='word_1_792' title='bbox 2745 4819 3410 4895; x_wconf 41' lang='lat' dir='ltr'><strong>a’zv&#39;azxalmi-cﬁptwadie‘,</strong></span> <span class='ocrx_word' id='word_1_793' title='bbox 3458 4819 3851 4895; x_wconf 10' lang='lat' dir='ltr'><strong>cumisponsa</strong></span> 
     </span>
    </p>
   </div>
   <div class='ocr_carea' id='block_1_108' title="bbox 2187 4893 3849 4974">
    <p class='ocr_par' dir='ltr' id='par_1_108' title="bbox 2187 4893 3849 4974">
     <span class='ocr_line' id='line_1_110' title="bbox 2187 4893 3849 4974; baseline -0.001 -25"><span class='ocrx_word' id='word_1_794' title='bbox 2187 4909 2248 4949; x_wconf 87' lang='lat' dir='ltr'><strong>se</strong></span> <span class='ocrx_word' id='word_1_795' title='bbox 2278 4894 2589 4974; x_wconf 67' lang='lat' dir='ltr'><strong>videndam</strong></span> <span class='ocrx_word' id='word_1_796' title='bbox 2640 4896 2946 4974; x_wconf 74' lang='lat' dir='ltr'><strong>praebet_et</strong></span> <span class='ocrx_word' id='word_1_797' title='bbox 2995 4896 3051 4950; x_wconf 90' lang='lat' dir='ltr'><strong>in</strong></span> <span class='ocrx_word' id='word_1_798' title='bbox 3111 4893 3412 4974; x_wconf 75' lang='lat' dir='ltr'><strong>publicum</strong></span> <span class='ocrx_word' id='word_1_799' title='bbox 3447 4894 3690 4974; x_wconf 82' lang='lat' dir='ltr'><strong>prodit_;</strong></span> <span class='ocrx_word' id='word_1_800' title='bbox 3741 4893 3849 4974; x_wconf 67' lang='lat' dir='ltr'><strong>ubi</strong></span> 
     </span>
    </p>
   </div>
   <div class='ocr_carea' id='block_1_109' title="bbox 2187 4962 3844 5037">
    <p class='ocr_par' dir='ltr' id='par_1_109' title="bbox 2187 4962 3844 5037">
     <span class='ocr_line' id='line_1_111' title="bbox 2187 4962 3844 5037; baseline -0.001 -17"><span class='ocrx_word' id='word_1_801' title='bbox 2187 4966 2372 5020; x_wconf 86' lang='lat' dir='ltr'><strong>multa</strong></span> <span class='ocrx_word' id='word_1_802' title='bbox 2401 4967 2486 5037; x_wconf 86' lang='lat' dir='ltr'><strong>Du</strong></span> <span class='ocrx_word' id='word_1_803' title='bbox 2515 4962 2709 5037; x_wconf 70' lang='lat' dir='ltr'><strong>Gange</strong></span> <span class='ocrx_word' id='word_1_804' title='bbox 2753 4967 2823 5021; x_wconf 89' lang='lat' dir='ltr'><strong>de</strong></span> <span class='ocrx_word' id='word_1_805' title='bbox 2872 4966 2983 5024; x_wconf 89' lang='lat' dir='ltr'><strong>hoc</strong></span> <span class='ocrx_word' id='word_1_806' title='bbox 3031 4962 3195 5021; x_wconf 76' lang='lat' dir='ltr'><strong>more</strong></span> <span class='ocrx_word' id='word_1_807' title='bbox 3241 4962 3471 5020; x_wconf 84' lang='lat' dir='ltr'><strong>vultum</strong></span> <span class='ocrx_word' id='word_1_808' title='bbox 3518 4962 3844 5037; x_wconf 82' lang='lat' dir='ltr'><strong>revelandi,</strong></span> 
     </span>
    </p>
   </div>
   <div class='ocr_carea' id='block_1_110' title="bbox 2190 5035 3852 5093">
    <p class='ocr_par' dir='ltr' id='par_1_110' title="bbox 2190 5035 3852 5093">
     <span class='ocr_line' id='line_1_112' title="bbox 2190 5035 3852 5093; baseline 0.001 -3"><span class='ocrx_word' id='word_1_809' title='bbox 2190 5036 2519 5091; x_wconf 86' lang='lat' dir='ltr'><strong>Admodum</strong></span> <span class='ocrx_word' id='word_1_810' title='bbox 2582 5035 2787 5093; x_wconf 61' lang='lat' dir='ltr'><strong>invidae</strong></span> <span class='ocrx_word' id='word_1_811' title='bbox 2847 5039 2936 5093; x_wconf 91' lang='lat' dir='ltr'><strong>sui</strong></span> <span class='ocrx_word' id='word_1_812' title='bbox 2991 5039 3192 5093; x_wconf 87' lang='lat' dir='ltr'><strong>vultus</strong></span> <span class='ocrx_word' id='word_1_813' title='bbox 3253 5035 3622 5092; x_wconf 89' lang='lat' dir='ltr'><strong>monstrandi</strong></span> <span class='ocrx_word' id='word_1_814' title='bbox 3679 5041 3852 5091; x_wconf 86' lang='lat' dir='ltr'><strong>erant</strong></span> 
     </span>
    </p>
   </div>
   <div class='ocr_carea' id='block_1_111' title="bbox 2185 5108 3851 5180">
    <p class='ocr_par' dir='ltr' id='par_1_111' title="bbox 2185 5108 3851 5180">
     <span class='ocr_line' id='line_1_113' title="bbox 2185 5108 3851 5180; baseline -0.001 -17"><span class='ocrx_word' id='word_1_815' title='bbox 2185 5110 2464 5179; x_wconf 67' lang='lat' dir='ltr'><strong>Augustae</strong></span> <span class='ocrx_word' id='word_1_816' title='bbox 2495 5108 2754 5165; x_wconf 74' lang='lat' dir='ltr'><strong>CPtanaa.</strong></span> <span class='ocrx_word' id='word_1_817' title='bbox 2784 5109 2928 5166; x_wconf 90' lang='lat' dir='ltr'><strong>Nam</strong></span> <span class='ocrx_word' id='word_1_818' title='bbox 2987 5125 3118 5164; x_wconf 91' lang='lat' dir='ltr'><strong>cum</strong></span> <span class='ocrx_word' id='word_1_819' title='bbox 3144 5109 3271 5180; x_wconf 88' lang='lat' dir='ltr'><strong>ipso</strong></span> <span class='ocrx_word' id='word_1_820' title='bbox 3318 5108 3670 5180; x_wconf 82' lang='lat' dir='ltr'><strong>imperatore</strong></span> <span class='ocrx_word' id='word_1_821' title='bbox 3692 5123 3851 5180; x_wconf 68' lang='lat' dir='ltr'><strong>pone</strong></span> 
     </span>
    </p>
   </div>
   <div class='ocr_carea' id='block_1_112' title="bbox 2183 5175 3845 5264">
    <p class='ocr_par' dir='ltr' id='par_1_112' title="bbox 2183 5175 3845 5264">
     <span class='ocr_line' id='line_1_114' title="bbox 2183 5175 3845 5264; baseline -0.001 -30"><span class='ocrx_word' id='word_1_822' title='bbox 2183 5175 2378 5264; x_wconf 63' lang='lat' dir='ltr'><strong>velum</strong></span> <span class='ocrx_word' id='word_1_823' title='bbox 2403 5175 3540 5264; x_wconf 44' lang='lat' dir='ltr'><strong>et‘cancellosloquebantur.‘Itdaialas,_t.</strong></span> <span class='ocrx_word' id='word_1_824' title='bbox 3567 5177 3639 5264; x_wconf 44' lang='lat' dir='ltr'><strong>.I_I.</strong></span> <span class='ocrx_word' id='word_1_825' title='bbox 3669 5175 3845 5264; x_wconf 35' lang='lat'><strong>[535$</strong></span> 
     </span>
    </p>
   </div>
   <div class='ocr_carea' id='block_1_113' title="bbox 2184 5244 3846 5325">
    <p class='ocr_par' dir='ltr' id='par_1_113' title="bbox 2184 5244 3846 5325">
     <span class='ocr_line' id='line_1_115' title="bbox 2184 5244 3846 5325; baseline -0.002 -20"><span class='ocrx_word' id='word_1_826' title='bbox 2184 5250 2318 5325; x_wconf 86' lang='lat' dir='ltr'><strong>Vid.</strong></span> <span class='ocrx_word' id='word_1_827' title='bbox 2351 5253 2419 5306; x_wconf 90' lang='lat' dir='ltr'><strong>ad</strong></span> <span class='ocrx_word' id='word_1_828' title='bbox 2462 5252 2656 5308; x_wconf 88' lang='lat' dir='ltr'><strong>Nostri</strong></span> <span class='ocrx_word' id='word_1_829' title='bbox 2690 5272 2746 5324; x_wconf 90' lang='lat' dir='ltr'><strong>p.</strong></span> <span class='ocrx_word' id='word_1_830' title='bbox 2779 5244 2905 5320; x_wconf 63' lang='lat'><strong>362,</strong></span> <span class='ocrx_word' id='word_1_831' title='bbox 2929 5263 2983 5308; x_wconf 87' lang='lat' dir='ltr'><strong>et</strong></span> <span class='ocrx_word' id='word_1_832' title='bbox 3008 5257 3077 5308; x_wconf 87' lang='lat' dir='ltr'><strong>ad</strong></span> <span class='ocrx_word' id='word_1_833' title='bbox 3115 5270 3168 5325; x_wconf 92' lang='lat' dir='ltr'><strong>p.</strong></span> <span class='ocrx_word' id='word_1_834' title='bbox 3197 5252 3321 5325; x_wconf 79' lang='grc'>124,</span> <span class='ocrx_word' id='word_1_835' title='bbox 3347 5253 3444 5325; x_wconf 86' lang='lat' dir='ltr'><strong>ubi</strong></span> <span class='ocrx_word' id='word_1_836' title='bbox 3467 5244 3684 5325; x_wconf 75' lang='lat' dir='ltr'><strong>dicitur</strong></span> <span class='ocrx_word' id='word_1_837' title='bbox 3713 5244 3846 5302; x_wconf 79' lang='grc' dir='ltr'><strong>ἀνά-</strong></span> 
     </span>
    </p>
   </div>
   <div class='ocr_carea' id='block_1_114' title="bbox 2187 5321 3848 5398">
    <p class='ocr_par' dir='ltr' id='par_1_114' title="bbox 2187 5321 3848 5398">
     <span class='ocr_line' id='line_1_116' title="bbox 2187 5321 3848 5398; baseline 0 -22"><span class='ocrx_word' id='word_1_838' title='bbox 2187 5322 2386 5398; x_wconf 73' lang='grc' dir='ltr'>φαίνει,</span> <span class='ocrx_word' id='word_1_839' title='bbox 2419 5327 2567 5394; x_wconf 90' lang='lat' dir='ltr'><strong>quod</strong></span> <span class='ocrx_word' id='word_1_840' title='bbox 2621 5321 2812 5397; x_wconf 80' lang='lat' dir='ltr'><strong>potest</strong></span> <span class='ocrx_word' id='word_1_841' title='bbox 2862 5325 3023 5382; x_wconf 90' lang='lat' dir='ltr'><strong>reddi</strong></span> <span class='ocrx_word' id='word_1_842' title='bbox 3059 5341 3074 5380; x_wconf 88' lang='lat'><strong>:</strong></span> <span class='ocrx_word' id='word_1_843' title='bbox 3115 5321 3582 5398; x_wconf 44' lang='lat' dir='ltr'><strong>conspiciendam</strong></span> <span class='ocrx_word' id='word_1_844' title='bbox 3609 5336 3672 5398; x_wconf 79' lang='lat' dir='ltr'><strong>_se</strong></span> <span class='ocrx_word' id='word_1_845' title='bbox 3721 5326 3848 5386; x_wconf 77' lang='lat' dir='ltr'><strong>dat,</strong></span> 
     </span>
    </p>
   </div>
   <div class='ocr_carea' id='block_1_115' title="bbox 2186 5395 3855 5466">
    <p class='ocr_par' dir='ltr' id='par_1_115' title="bbox 2186 5395 3855 5466">
     <span class='ocr_line' id='line_1_117' title="bbox 2186 5395 3855 5466; baseline -0.001 -15"><span class='ocrx_word' id='word_1_846' title='bbox 2186 5395 2243 5451; x_wconf 83' lang='lat' dir='ltr'><strong>et</strong></span> <span class='ocrx_word' id='word_1_847' title='bbox 2271 5395 2715 5466; x_wconf 72' lang='lat' dir='ltr'><strong>conspiciendum</strong></span> <span class='ocrx_word' id='word_1_848' title='bbox 2773 5399 2866 5452; x_wconf 82' lang='lat' dir='ltr'><strong>dat</strong></span> <span class='ocrx_word' id='word_1_849' title='bbox 2922 5400 3156 5453; x_wconf 84' lang='lat' dir='ltr'><strong>vultum.</strong></span> <span class='ocrx_word' id='word_1_850' title='bbox 3201 5398 3323 5453; x_wconf 87' lang='lat' dir='ltr'><strong>Non</strong></span> <span class='ocrx_word' id='word_1_851' title='bbox 3368 5396 3524 5466; x_wconf 87' lang='lat' dir='ltr'><strong>enim</strong></span> <span class='ocrx_word' id='word_1_852' title='bbox 3571 5395 3722 5466; x_wconf 83' lang='lat' dir='ltr'><strong>idem</strong></span> <span class='ocrx_word' id='word_1_853' title='bbox 3756 5398 3855 5466; x_wconf 84' lang='lat' dir='ltr'><strong>est</strong></span> 
     </span>
    </p>
   </div>
   <div class='ocr_carea' id='block_1_116' title="bbox 2186 5464 3853 5540">
    <p class='ocr_par' dir='ltr' id='par_1_116' title="bbox 2186 5464 3853 5540">
     <span class='ocr_line' id='line_1_118' title="bbox 2186 5464 3853 5540; baseline -0.001 -16"><span class='ocrx_word' id='word_1_854' title='bbox 2186 5483 2268 5540; x_wconf 90' lang='lat' dir='ltr'><strong>se,</strong></span> <span class='ocrx_word' id='word_1_855' title='bbox 2301 5472 2357 5522; x_wconf 85' lang='lat' dir='ltr'><strong>et</strong></span> <span class='ocrx_word' id='word_1_856' title='bbox 2399 5464 2631 5523; x_wconf 79' lang='lat' dir='ltr'><strong>vultum</strong></span> <span class='ocrx_word' id='word_1_857' title='bbox 2694 5486 2868 5524; x_wconf 91' lang='lat' dir='ltr'><strong>suum</strong></span> <span class='ocrx_word' id='word_1_858' title='bbox 2922 5469 3406 5540; x_wconf 89' lang='lat' dir='ltr'><strong>conspiciendum</strong></span> <span class='ocrx_word' id='word_1_859' title='bbox 3466 5465 3624 5540; x_wconf 85' lang='lat' dir='ltr'><strong>dare.</strong></span> <span class='ocrx_word' id='word_1_860' title='bbox 3678 5464 3853 5523; x_wconf 85' lang='lat' dir='ltr'><strong>Prius</strong></span> 
     </span>
    </p>
   </div>
   <div class='ocr_carea' id='block_1_117' title="bbox 2185 5539 3847 5612">
    <p class='ocr_par' dir='ltr' id='par_1_117' title="bbox 2185 5539 3847 5612">
     <span class='ocr_line' id='line_1_119' title="bbox 2185 5539 3847 5612; baseline -0.002 -17"><span class='ocrx_word' id='word_1_861' title='bbox 2185 5539 2408 5610; x_wconf 85' lang='lat' dir='ltr'><strong>absque</strong></span> <span class='ocrx_word' id='word_1_862' title='bbox 2435 5540 2935 5612; x_wconf 73' lang='lat' dir='ltr'><strong>revelationeveli</strong></span> <span class='ocrx_word' id='word_1_863' title='bbox 2963 5539 3155 5612; x_wconf 89' lang='lat' dir='ltr'><strong>potest</strong></span> <span class='ocrx_word' id='word_1_864' title='bbox 3187 5541 3337 5612; x_wconf 80' lang='lat' dir='ltr'><strong>ﬁeri,</strong></span> <span class='ocrx_word' id='word_1_865' title='bbox 3370 5539 3662 5612; x_wconf 15' lang='lat' dir='ltr'><strong>noniitem</strong></span> <span class='ocrx_word' id='word_1_866' title='bbox 3697 5554 3847 5612; x_wconf 85' lang='lat' dir='ltr'><strong>pos-</strong></span> 
     </span>
    </p>
   </div>
   <div class='ocr_carea' id='block_1_118' title="bbox 2184 5609 3846 5686">
    <p class='ocr_par' dir='ltr' id='par_1_118' title="bbox 2184 5609 3846 5686">
     <span class='ocr_line' id='line_1_120' title="bbox 2184 5609 3846 5686; baseline -0.001 -20"><span class='ocrx_word' id='word_1_867' title='bbox 2184 5609 2387 5686; x_wconf 75' lang='lat' dir='ltr'><strong>terius.</strong></span> <span class='ocrx_word' id='word_1_868' title='bbox 2433 5610 2496 5665; x_wconf 90' lang='lat' dir='ltr'><strong>In</strong></span> <span class='ocrx_word' id='word_1_869' title='bbox 2531 5610 2893 5686; x_wconf 44' lang='lat' dir='ltr'><strong>prioribqu</strong></span> <span class='ocrx_word' id='word_1_870' title='bbox 2923 5609 3139 5683; x_wconf 70' lang='grc' dir='ltr'>ὲὰυτήν,</span> <span class='ocrx_word' id='word_1_871' title='bbox 3183 5611 3244 5668; x_wconf 90' lang='lat' dir='ltr'><strong>in</strong></span> <span class='ocrx_word' id='word_1_872' title='bbox 3290 5611 3598 5686; x_wconf 88' lang='lat' dir='ltr'><strong>posteriori</strong></span> <span class='ocrx_word' id='word_1_873' title='bbox 3651 5609 3846 5668; x_wconf 78' lang='lat' dir='ltr'><strong>selum</strong></span> 
     </span>
    </p>
   </div>
   <div class='ocr_carea' id='block_1_119' title="bbox 2182 5680 2972 5758">
    <p class='ocr_par' dir='ltr' id='par_1_119' title="bbox 2182 5680 2972 5758">
     <span class='ocr_line' id='line_1_121' title="bbox 2182 5680 2972 5758; baseline 0.009 -23"><span class='ocrx_word' id='word_1_874' title='bbox 2182 5682 2244 5736; x_wconf 85' lang='grc' dir='ltr'>τὸ</span> <span class='ocrx_word' id='word_1_875' title='bbox 2276 5680 2570 5756; x_wconf 83' lang='grc' dir='ltr'>πρόσωπον</span> <span class='ocrx_word' id='word_1_876' title='bbox 2603 5680 2972 5758; x_wconf 79' lang='lat' dir='ltr'><strong>intelligitur.</strong></span> 
     </span>
    </p>
   </div>
  </div>
