4158 6370
358 356 482 418 45⁵1

455 580 566 646 Τῆς
606 576 869 645 συνήθους
921 576 1108 647 πάσης
1135 574 1340 646 τάξεως
1395 573 1737 649 τελουμένης
1786 578 1882 628 τοῦ
1914 593 2033 628 στε-

386 670 557 744 ψίμου
585 665 633 721 ἐν
675 665 757 737 τῷ
800 664 1074 738 τρικλίνῳ
1114 668 1212 720 τοῦ
1249 663 1611 740 αὖγουστέως,
1643 665 1730 718 καί
1775 663 1883 719 ἀπὸ
1925 667 2033 719 τῶν

381 759 546 814 ἐκεῖσε
595 754 730 810 κατᾶ
781 754 871 808 τὸν
936 753 1172 818 εἰωθότα
1244 751 1414 809 τύπον
1491 753 1889 827 ὀψικευομένης
1937 759 2037 822 τῆς

364 845 687 921 Αὐγούστης
739 843 845 898 ὑπὸ
905 843 1087 913 πάσης
1149 849 1251 912 τῆς
1304 840 1642 917 συγκλήτου,
1677 843 1728 897 οἱ
1790 842 1884 916 μὲν
1937 843 2036 910 τῆς

363 933 688 1010 συγκλήτου
719 929 1039 1007 ἐξέρχονται
1074 929 1164 986 διὰ
1211 936 1310 986 τοῦ
1347 931 1588 1006 μεγάλου
1633 929 1886 996 πυλῶνος
1940 935 2036 986 τοῦ

358 1019 784 1100 τριϐουναλίου,
818 1022 871 1076 οἱ
931 1019 990 1076 δὶ
1045 1025 1153 1076 τῶν
1205 1021 1495 1097 ταγμάτων
1554 1023 1818 1096 ἄρχοντες
1845 1019 2036 1076 *ἔσταν-

356 1136 451 1171 ται
487 1114 543 1169 ἐν
578 1116 661 1184 τῷ
693 1110 841 1184 αὐτῷ
870 1105 1265 1185 τριϐουναλίῳ,
1296 1108 1423 1175 ἔνθα
1452 1108 1668 1166 ἵσταται
1700 1111 1726 1165 6
1783 1111 2033 1185 σταυρὸς,

359 1206 434 1260 τὰ
465 1224 526 1258 τε
578 1208 833 1275 σκῆπτρα
887 1199 978 1255 καὶ
1028 1199 1096 1255 τὰ
1152 1198 1321 1256 λοιπὰ
1369 1200 1531 1270 σκεύη
1595 1202 1729 1272 μετᾶ
1780 1201 1869 1254 καὶ
1926 1204 2033 1254 τῶν

361 1288 782 1368 λαϐοόρων,τὰ
838 1287 897 1344 δὲ
955 1286 1052 1344 δύο
1115 1290 1251 1364 μὲρη
1285 1289 1400 1362 ἅμα
1443 1287 1693 1344 ἵστανται
1731 1288 2035 1364 ἔμπροσθεν

367 1388 482 1439 τῶν
513 1383 812 1456 σκήπτρων
860 1378 953 1434 καὶ
1014 1382 1214 1433 σκευῶν
1258 1378 1347 1433 καὶ
1399 1376 1632 1452 βάνδων.
1667 1380 1768 1436 Καὶ
1819 1375 1885 1448 δὴ
1935 1385 2039 1448 τῆς

376 1469 699 1545 Αὖγοόστης
757 1467 1160 1541 ὀψικευομένης
1242 1465 1346 1521 ὑπό
1417 1487 1475 1521 τε
1523 1471 1621 1522 τοῦ
1678 1466 2038 1542 πραιποσίτου

374 1560 470 1615 καὶ
501 1566 602 1627 τῆς
633 1557 843 1626 λοιπῆς
872 1556 1074 1626 τάξεως
1099 1559 1197 1611 τοῦ
1243 1550 1670 1624 κουὸουκλείου,
1705 1556 1794 1611 καὶ
1850 1556 1914 1611 τὸ
1956 1553 2039 1626 ἐξ·

373 1646 556 1712 ελθεῖν
588 1645 758 1715 αὐτὴν
815 1643 907 1700 καί
950 1650 1143 1714 στῆναι
1192 1643 1281 1699 ἐπὶ
1331 1648 1430 1699 τοῦ
1473 1642 1732 1716 ἡλιακοῦ,
1780 1644 2039 1721 κράζουσι

375 1739 446 1794 τὰ
500 1735 598 1792 δύο
658 1739 832 1810 μέρη·
873 1761 900 1787 α
935 1737 1158 1808 "Apoc,
1191 1729 1374 1809 ἅγιος,
1417 1729 1596 1811 ἅγιος,
1634 1760 1654 1787 ι
1698 1733 1790 1790 καί
1847 1733 2044 1798 εὐθέως

1237 351 1340 413 DE
1384 350 1836 413 CERIMONIIS
1880 349 2115 413 AULIE
2157 349 2639 415 ΒΥΖΑΝΤΙΝᾸΞ
2680 353 2829 413 LIB.
2873 349 2924 410 Ι.

368 484 696 561 Ἀκτολογία
768 487 876 540 τῶν
943 482 1143 559 δήμων
1211 483 1303 540 ἐπῖ
1388 485 1636 560 στεψίμῳ
1695 483 2035 561 Αὔγοόστης.
2070 488 2121 552 Α

3683 352 3802 414 458

2233 489 2565 547 Acclamalio
2595 486 2904 557 [actionum
2933 483 2994 538 in
3026 484 3381 542 coronatione
3410 487 3687 558 Augustae.

2214 581 2492 638 Universo
2523 575 2915 634 coronationis
2936 573 3137 629 ordine
3163 573 3221 629 in
3241 574 3497 631 triclinio
3526 579 3796 648 augustei

2148 689 2250 745 pro
2283 685 2440 726 more
2474 673 2727 739 peracto,
2777 665 2916 718 dum
2966 665 3229 733 Augusta
3276 665 3347 719 ab
3395 666 3668 723 universo
3700 685 3797 725 se-

2147 766 2314 825 natu,
2347 756 2598 825 utsolet,
2632 755 2866 824 stipata,
2900 751 3036 806 inde
3070 752 3347 822 procedit,
3378 761 3625 811 senatus
3657 759 3798 828 qui-

2146 852 2276 905 dem
2313 864 2413 919 per
2453 861 2726 917 magnam
2763 848 2988 914 portam
3030 840 3345 895 tribunalis
3393 845 3676 913 procedit,
3710 853 3797 903 ta-

2147 945 2412 1012 gmatum
2438 942 2631 992 autem
2667 951 2772 989 seu
2805 947 3172 988 numerorum
3218 932 3470 1001 praefecti
3504 934 3562 988 in
3595 937 3798 992 eodem

2147 1027 2475 1093 tribunalii,
2508 1025 2606 1081 ubi
2638 1039 2800 1093 crux,
2834 1023 2979 1079 12]
3033 1025 3264 1092 sceptra
3293 1037 3361 1076 ac
3405 1021 3632 1094 reliqua
3668 1041 3803 1083 vasa

2149 1134 2280 1174 cum
2324 1115 2542 1172 labaris
2574 1118 2754 1176 stant,
2788 1117 2844 1168 et
2887 1117 3023 1166 ante
3053 1117 3306 1182 sceptra,
3337 1128 3476 1167 vasa
3510 1130 3576 1169 ac
3609 1114 3805 1172 banda

2150 1207 2277 1264 duae
2309 1205 2608 1262 factiones.
2645 1207 2822 1258 Porro
2847 1203 3137 1272 Augusta,
3163 1215 3198 1256 a
3225 1203 3553 1272 praepositis
3585 1207 3644 1259 et
3674 1204 3806 1261 reli-

2151 1298 2283 1368 quis
2337 1293 2608 1350 cubiculo
2641 1290 2906 1362 ascriptis
2939 1290 3148 1350 cincta.
3198 1291 3340 1344 dum
3369 1293 3629 1362 procedit
3658 1304 3711 1349 et
3739 1294 3804 1352 in

2150 1385 2362 1444 solario
2393 1382 2683 1449 subsistit,
2729 1380 3010 1436 factiones
3053 1379 3382 1435 acclamant
3416 1395 3429 1435 :
3466 1402 3492 1434 α
3525 1382 3802 1453 Sanctus,

2150 1481 2413 1537 sanctus,
2447 1470 2720 1530 sanctus!
2756 1494 2778 1523 ι
2817 1470 3126 1541 statimque
3157 1475 3388 1541 sceptra
3416 1475 3474 1527 et
3503 1489 3642 1530 vasa
3671 1490 3806 1530 cum

2150 1565 2362 1622 bandis
2395 1561 2724 1633 procidunt.
2751 1560 3026 1615 Cantores
3055 1559 3259 1615 dicunt
3294 1575 3308 1614 :
3343 1582 3370 1610 ‹‹
3397 1560 3594 1618 Gloria
3627 1563 3685 1618 in
3717 1580 3809 1620 ex-

2152 1653 2320 1710 celsis
2358 1654 2496 1719 Deo,
2537 1655 2592 1708 et
2633 1667 2742 1722 pax
2771 1649 2830 1705 in
2865 1649 3049 1704 terra!
3089 1669 3118 1697 »
3161 1649 3364 1704 eadem
3409 1651 3664 1721 populus
3696 1658 3804 1709 ter.

2151 1747 2448 1799 Cantores:
2466 1742 2564 1796 «In
2587 1736 3724 1809 bominibustristianisbeneplacitum
3742 1741 3756 1798 l
3774 1764 3804 1795 »

381 1830 747 1902 προσκυνοῦσι
819 1824 887 1880 τά
942 1845 1002 1879 τε
1060 1830 1310 1898 σκῆπτρα
1362 1823 1454 1878 καὶ
1514 1823 1676 1895 σκεύη
1741 1827 1874 1897 μετὰ
1929 1828 2038 1879 τῶν

2162 1834 2352 1890 eadem
2389 1830 2640 1903 p0pulus
2673 1835 2775 1884 ler.
2799 1827 3072 1883 Cantores
3106 1842 3120 1882 :
3154 1847 3183 1876 «
3216 1827 3496 1893 Quoniam
3529 1828 3683 1885 Deus
3713 1848 3807 1903 po-

379 1915 617 1994 βὰνδων.
652 1915 758 1974 Καὶ
811 1912 1062 1990 λέγουσιν
1095 1914 1146 1969 οἱ
1190 1913 1437 1989 κράιιται·
1466 1939 1493 1967 ‹‹
1528 1914 1663 1985 Δόξα
1695 1913 1748 1969 ἐν
1799 1912 2044 1988 ὑψίστοις

369 2013 512 2081 Θεῷ,
549 2007 638 2061 καὶ
674 2004 764 2060 ἐπὶ
797 2011 902 2078 γῆς
935 2002 1150 2078 εἰρήνη·
1182 2026 1212 2056 ››
1255 2004 1283 2058 6
1317 2003 1446 2065 λαὸς
1493 2002 1552 2058 ἐκ
1578 2002 1764 2080 τρίτου
1811 2005 2040 2076 ὁμοίως.

366 2100 438 2157 Ol.
487 2098 749 2171 κρακται·
785 2116 815 2146 α
849 2094 939 2150 Ἐν
964 2091 1276 2167 ἀνθρώποις
1329 2096 1675 2166 Χριστιανῶν
1727 2091 1980 2148 εὐδοκίαο
2014 2115 2042 2146 »

377 2188 407 2241 6
437 2184 576 2248 λαὸς
607 2182 824 2257 ὁμοίως
854 2179 917 2237 ὲκ
957 2181 1162 2258 τρίτου.
1188 2181 1255 2239 Oi.
1283 2181 1511 2256 κράκται
1539 2201 1550 2214 °
1596 2206 1624 2234 «
1652 2185 1775 2240 ’Ότι
1809 2180 2044 2254 ἠλέησεν

372 2277 402 2331 6
436 2276 566 2337 Θεὸς
594 2276 682 2329 τὸν
729 2275 861 2331 λαὸν
913 2273 1121 2328 αὐτοῦ·
1157 2295 1186 2326 ››
1241 2272 1270 2326 6
1320 2269 1456 2334 λαὸς
1509 2270 1718 2346 ὁμοίως
1770 2271 1828 2327 ἐκ
1874 2273 1941 2346 γ’.
1969 2268 2040 2330 Οἱ

368 2365 623 2440 κράχταιο
658 2388 688 2417 κ
720 2362 870 2434 Αὕτη
905 2364 940 2432 ἡ
973 2363 1155 2435 ἡμέρα
1186 2358 1396 2435 Κυρίου
1442 2363 1476 2429 ἡ
1521 2361 1762 2435 μεγάλη·
1798 2385 1825 2414 (ι
1860 2361 1888 2415 6
1912 2359 2046 2425 λαὸς

365 2454 428 2510 ἐκ
463 2455 513 2528 γ’
554 2453 788 2526 ὁμοίως.
815 2453 884 2509 Ol.
913 2451 1173 2525 κράκται·
1212 2473 1237 2505 ι
1268 2451 1412 2520 Αὕτη
1446 2452 1481 2518 ἡ
1513 2448 1695 2523 ἡμέρα
1740 2457 1842 2520 τῆς
1895 2455 2044 2520 ζωῆς

359 2550 474 2601 τῶν
499 2541 800 2617 Ῥωμαίων
830 2561 842 2573 ·
876 2565 903 2594 (ι
939 2541 967 2595 ὁ
1026 2539 1160 2601 λαὸς
1208 2537 1268 2594 ἐκ
1302 2539 1485 2612 τρίτου
1525 2538 1757 2612 ὁμοίως.
1791 2541 1859 2598 Οἱ
1911 2541 2046 2614 κρά-

368 2657 499 2692 κται
526 2655 538 2666 ·
583 2657 611 2689 ι
641 2632 792 2703 Αὕτη
844 2633 878 2701 ἡ
913 2630 1062 2706 χαρὰ
1107 2629 1197 2685 καὶ
1245 2631 1280 2699 ἠ
1334 2627 1462 2701 δόξα
1506 2634 1609 2685 τοῦ
1653 2630 1904 2704 κόσμου’
1952 2655 1979 2684 »
2016 2632 2044 2686 6

383 2725 525 2784 λαὸς
571 2723 633 2777 ἐκ
656 2724 702 2795 γ’
736 2723 964 2795 ὁμοίως.
1024 2721 1086 2775 Οἱ
1131 2719 1396 2793 κράκταιο
1431 2743 1456 2773 ιι
1504 2722 1590 2776 Ἐν
1731 2720 1794 2774 τὸ
1853 2721 2044 2799 στέφος

391 2820 498 2881 τῆς
550 2810 824 2885 βασιλείας
867 2814 934 2886 τῇ
980 2813 1194 2886 κορυφῇ
1241 2831 1336 2865 σου
1382 2808 1546 2882 ἀξίως
1596 2809 1877 2884 περιετέθη
1904 2830 1917 2844 ·
1954 2835 1982 2863 ‹‹
2016 2812 2044 2866 6

392 2903 532 2963 λαὸς
559 2901 622 2956 ἐκ
659 2901 840 2975 τρίτου
879 2901 1101 2974 ὁμοίως.
1136 2901 1204 2957 Οἱ
1241 2900 1469 2976 κράκται
1504 2918 1516 2930 ·
1553 2925 1581 2952 «ι
1616 2899 1752 2971 Δόξα
1803 2906 1920 2974 Θεῷ
1966 2906 2046 2975 τῷ

387 2991 641 3064 Δεσπότῃ
706 2990 948 3044 πάντων·
981 3013 1008 3042 u
1069 2990 1097 3044 6
1159 2989 1287 3050 λαὸς
1341 2990 1552 3062 ὁμοίως
1603 2987 1663 3044 ἐκ
1718 2989 1924 3064 τρίτου.
1982 2990 2044 3044 Οἱ

379 3081 664 3156 κράκται’
700 3103 730 3131 ‹‹
771 3080 902 3150 Δόξα
959 3083 1039 3152 τῷ
1093 3082 1210 3151 Θεῷ
1267 3083 1345 3151 τῷ
1391 3076 1726 3148 ἆναδείξαντί
1771 3101 1834 3134 ’σε
1886 3079 2042 3156 βασί-

2157 1921 2276 1994 puli
2299 1921 2386 1976 sui
2414 1921 2689 1976 misertus
2715 1923 2832 1984 est;
2860 1938 2887 1966 »
2916 1915 3167 1989 populus
3190 1915 3478 1973 similiter.
3498 1919 3802 1978 Cantores:

2160 2034 2187 2064 ι(
2213 2011 2344 2067 Η.ξο
2363 2018 2450 2068 est
2473 2026 2685 2077 magna
2705 2009 2833 2063 dies
2853 2005 3112 2075 Domini;
3134 2028 3162 2056 »
3189 2006 3438 2077 populus
3468 2009 3653 2064 eadezx
3694 2014 3802 2066 ter.

2156 2101 2438 2160 Cantores
2471 2116 2485 2155 :
2521 2120 2550 2149 ‹‹
2584 2098 2711 2154 Haec
2741 2102 2828 2154 et
2858 2097 2983 2151 dies
3015 2095 3143 2151 vitae
3177 2096 3568 2153 Romanorum
3602 2115 3668 2166 ς»
3704 2116 3806 2172 po.

2158 2188 2332 2263 pulus
2363 2188 2561 2245 eadem
2596 2195 2700 2244 ter.
2731 2186 3012 2242 Cantores
3047 2202 3060 2240 :
3095 2207 3122 2235 ‹‹
3157 2183 3288 2241 Haec
3318 2190 3409 2241 est
3437 2187 3717 2258 gaudium
3751 2192 3810 2245 et

2157 2281 2338 2337 decus
2366 2279 2524 2335 orbis
2551 2295 2565 2347 ;
2599 2299 2628 2328 »
2662 2275 2913 2348 populus
2945 2276 3144 2332 eadem
3175 2279 3285 2331 ter.
3315 2274 3595 2334 Cantores
3628 2294 3641 2332 :
3677 2301 3704 2328 «
3739 2279 3808 2335 In

2158 2387 2274 2442 qua
2321 2385 2536 2426 corona
2579 2365 2739 2438 regni
2784 2370 2886 2421 tuo
2925 2364 3128 2420 vertici
3167 2380 3236 2419 ex
3287 2365 3493 2421 merito
3533 2367 3810 2435 imposita

2156 2467 2286 2528 est;
2317 2482 2338 2510 ι
2373 2457 2628 2531 populus
2658 2457 2863 2514 eadem
2898 2465 3002 2512 ter.
3033 2456 3310 2512 Cantores
3345 2473 3358 2512 :
3392 2478 3420 2506 «
3451 2456 3644 2514 Gloria
3673 2463 3807 2530 Deo,

2158 2549 2422 2606 omnium
2461 2545 2746 2604 Domino!
2800 2569 2829 2597 »
2877 2547 2960 2602 sic
3010 2547 3262 2618 populus
3319 2551 3426 2602 ter.
3479 2547 3806 2604 Cantores:

2158 2662 2186 2690 «
2239 2638 2432 2695 Gloria
2463 2639 2578 2693 Deo
2623 2637 2720 2708 qui
2764 2641 2820 2691 te
2850 2635 3282 2706 imperatricem
3317 2637 3570 2693 ostendit
3602 2655 3616 2704 ;
3653 2659 3681 2687 »
3713 2653 3812 2708 po-

2153 2727 2329 2800 pulus
2360 2729 2562 2784 eadem
2595 2731 2700 2782 ter.
2735 2728 3011 2781 Cantores
3043 2742 3056 2780 :
3094 2748 3121 2775 «
3155 2725 3351 2780 Gloria
3381 2725 3519 2796 Deo,
3549 2727 3650 2797 qui
3684 2743 3806 2783 ver-

2158 2817 2330 2873 ticem
2365 2821 2531 2872 tuum
2564 2814 2903 2883 coronavit;
2937 2836 2965 2864 »
3000 2812 3251 2886 populus
3281 2814 3483 2871 eadem
3518 2820 3622 2870 ter.
3667 2819 3809 2872 Can-

2157 2913 2358 2963 tores:
2404 2929 2433 2957 «
2472 2905 2669 2962 Gloria
2731 2907 2862 2969 Deo,
2912 2905 3004 2962 cui
3063 2891 3171 2960 hoc
3217 2904 3292 2960 ita
3347 2907 3536 2961 visum
3586 2905 3743 2975 fuit;
3775 2929 3804 2958 η

2157 2998 2412 3072 populus
2429 2998 2632 3053 eadem
2655 3001 2760 3053 ter.
2779 2996 3050 3052 Cantores
3075 3013 3088 3052 :
3115 2995 3274 3053 «Sed
3298 2996 3396 3069 qui
3422 3013 3530 3053 sua
3551 3014 3726 3052 manu
3750 3001 3809 3054 te

2155 3088 2224 3144 N.
2286 3087 2629 3155 coronavit;
2675 3105 2702 3138 ι
2760 3084 3013 3158 populus
3057 3085 3258 3141 eadem
3309 3091 3417 3142 ter.
3469 3089 3748 3144 Cantores
3791 3104 3806 3142 :

384 3169 622 3227 λισσαν·
656 3193 684 3221 ι(
730 3172 758 3224 6
817 3167 948 3232 λαὸς
1005 3167 1215 3241 ὁμοίως
1276 3167 1336 3222 ἐκ
1384 3168 1592 3243 τρίτου.
1655 3169 1723 3226 Οἱ
1779 3169 2036 3243 κράκται·

2162 3198 2182 3227 ί(
2216 3177 2416 3232 Servet
2446 3180 2502 3232 te
2531 3174 2772 3248 longum
2805 3179 3038 3246 tempus
3082 3175 3141 3230 in
3175 3191 3474 3246 purpura;
3505 3197 3532 3225 »
3557 3175 3810 3248 populus

396 3281 420 3311 ι
459 3260 594 3329 Δόξα
621 3264 698 3331 τῷ
748 3263 866 3331 Θεῷ
912 3258 992 3331 τῷ
1044 3260 1292 3332 στέψαντι
1342 3260 1441 3328 τήν
1494 3259 1740 3335 κορυφήν
1792 3278 1909 3314 σου⁹
1939 3284 1959 3308 ι
2014 3260 2042 3314 6

386 3349 520 3411 λαός
552 3349 764 3422 ὁμοίως
811 3346 873 3403 ἐκ.
908 3348 1122 3422 τρίτου.
1149 3347 1214 3402 Οἱ
1265 3347 1492 3421 κράκται
1515 3359 1528 3379 ⁸
1559 3370 1587 3399 ‹‹
1621 3347 1756 3416 Δόξα
1803 3351 1922 3420 Θεῷ
1963 3352 2043 3421 τῷ

379 3435 744 3508 εὖδοκήσαντι
777 3435 950 3497 οὕτως
985 3455 998 3468 ο
1037 3459 1064 3488 ιι
1105 3431 1132 3490 6
1165 3433 1299 3497 λαὸς
1353 3435 1564 3510 ὁμοίως
1618 3433 1678 3490 ἐκ
1735 3434 1940 3508 τρίτου.
1976 3437 2042 3494 Οἱ

373 3528 617 3604 κράκται
642 3543 656 3558 ⁸
693 3550 722 3578 ‹‹
754 3524 914 3582 Ἀλλ’
944 3527 972 3580 6
1004 3521 1198 3599 στὲψας
1243 3545 1302 3580 σε
1333 3525 1360 3578 6
1393 3521 1542 3578 δεῖνα
1590 3523 1930 3600 αὐτοχείρως
1966 3543 1979 3556 ⁸
2013 3549 2041 3579 »

2153 3265 2358 3322 eadem
2391 3269 2498 3320 ter.
2529 3267 2808 3319 Cantores
2846 3288 2860 3320 :
2893 3284 2921 3312 ‹‹
2957 3263 3020 3318 In
3042 3261 3290 3335 gloriam
3321 3267 3379 3318 et
3409 3263 3660 3319 salutem
3695 3263 3810 3320 Ro-

2157 3369 2467 3409 manorum
2494 3372 2509 3422 ;
2537 3375 2564 3402 »
2597 3351 2848 3424 populus
2876 3353 3079 3408 eadem
3104 3356 3210 3408 ter.
3236 3350 3512 3408 Cantores
3537 3369 3550 3408 :
3576 3374 3604 3402 «
3628 3352 3816 3409 Exau-

2155 3442 2274 3498 diet
2322 3442 2475 3500 Deus
2529 3441 2815 3514 populum
2873 3448 3175 3500 vestrum;
3216 3465 3234 3491 ι»
3284 3441 3547 3514 populus
3609 3442 3814 3500 eadem

2158 3539 2264 3588 ter.

372 3620 403 3674 6
453 3617 598 3680 λαὸς
653 3615 714 3672 ἐκ
770 3616 958 3690 τρίτου
1003 3615 1233 3688 ὁμοίως.
1270 3614 1337 3673 Οἱ
1366 3615 1593 3689 κράκται
1628 3635 1641 3648 ·
1679 3638 1706 3667 ‹‹
1739 3613 1974 3685 Φυλάξει
2007 3637 2066 3672 σε
2135 3621 2214 3682 εἰς
2270 3617 2461 3691 πλήθη
2508 3619 2728 3694 χρόνῶν
2769 3617 2822 3674 ἐν
2867 3621 2936 3692 τῇ
2967 3618 3239 3696 πορφὺρᾳ·
3277 3640 3306 3670 ‹‹
3347 3617 3376 3672 6
3417 3617 3550 3681 λαὸς
3596 3617 3656 3674 ἐκ
3704 3617 3818 3694 τρί-

380 3731 480 3766 του
525 3706 770 3782 ὁμοίως.
804 3707 872 3764 Ol.
921 3707 1168 3782 κράκται·
1199 3730 1228 3760 ι(
1263 3705 1358 3768 Ei:
1397 3702 1553 3778 δόξαν
1611 3707 1698 3761 καὶ
1760 3703 2035 3782 ἀνέγερσιν
2087 3714 2196 3764 τῶν
2263 3710 2578 3784 Ῥωμαίων·
2605 3733 2634 3764 ›ι
2665 3709 2692 3764 6
2752 3706 2887 3772 λαὸς
2944 3708 3154 3782 ὁμοίως
3211 3705 3270 3763 ἐκ
3306 3709 3372 3783 γ’.
3407 3709 3474 3766 Οἱ
3531 3709 3760 3783 κράκται
3797 3725 3813 3744 ⁸

384 3825 412 3852 (ι
435 3797 771 3858 Εἰσακούσει
815 3798 844 3852 ὁ
875 3798 1007 3860 Θεὸς
1039 3800 1134 3852 τοῦ
1167 3801 1304 3852 λαοῦ
1337 3797 1490 3868 ὑμῶν
1513 3813 1525 3825 ³
1553 3817 1580 3850 ι
1617 3796 1645 3851 6
1682 3795 1812 3858 λαὸς
1844 3797 2057 3871 ὁμοίως
2085 3795 2146 3854 ἐκ
2171 3799 2382 3875 τρίτου.

718 3885 1045 3960 Ἀκτολογία
1078 3885 1154 3948 είς
1193 3886 1321 3948 τοὺς
1355 3884 1615 3959 βασιλέας
1646 3885 1712 3942 ⁸9.

455 3982 528 4038 Οἱ
568 3978 804 4054 κράκται
829 3997 842 4010 ο
881 4000 909 4028 ‹‹
951 3975 1165 4046 Πολλὰ,
1197 3973 1408 4046 πολλὰ,
1458 3974 1683 4032 πολλά·
1721 4000 1750 4029 ››
1799 3978 1827 4032 6
1868 3974 2003 4040 λαός
2036 3996 2049 4010 ·

392 4093 422 4122 ‹‹
455 4068 658 4126 Πολλᾶ
695 4067 788 4139 ἔτη
823 4067 898 4129 εἰς
929 4063 1137 4123 πολλά.
1167 4091 1187 4118 1
1215 4065 1278 4120 Οἱ
1307 4065 1536 4140 κράκται
1561 4085 1574 4099 ⁸
1617 4091 1644 4119 ‹‹
1679 4065 1899 4122 Πολλοὶ
1922 4068 2051 4140 ῧμῖν

388 4160 618 4235 χρόνοι,
651 4159 681 4214 6
721 4155 868 4213 δεῖνα
893 4157 984 4212 καὶ
1015 4156 1044 4211 6
1076 4153 1221 4211 δεῖνα
1249 4154 1650 4230 αὐτοκράτορες
1682 4155 1997 4230 Ῥωμαίωνο
2025 4178 2053 4208 »

375 4249 403 4303 6
438 4247 582 4311 λαός
614 4265 627 4280 ·
667 4270 694 4298 α
730 4244 942 4303 Πολλοὶ
987 4245 1116 4319 ὑμῖν
1144 4243 1362 4320 χρόνοι.
1397 4268 1427 4297 ››
1459 4246 1526 4303 Οἱ
1556 4245 1786 4318 κράκται
1811 4265 1826 4279 ο
1852 4269 1880 4298 ι(
1915 4245 2059 4301 Πολ-

371 4336 471 4393 λοὶ
506 4337 644 4409 ὑμῖν
675 4334 892 4411 χρόνοι,
918 4336 970 4391 o't
1003 4335 1326 4410 θεράποντες
1350 4339 1448 4390 τοῦ
1487 4336 1694 4409 Κυρίου
1720 4353 1732 4367 ·
1759 4358 1788 4388 ››
1821 4336 1850 4390 ὁ
1883 4332 2018 4397 λαός
2041 4356 2056 4370 ·

2577 3890 2914 3947 Acciamalio
2944 3889 3015 3945 ad
3043 3888 3420 3962 imperatores.

2235 3982 2513 4036 Cantores
2550 3997 2562 4035 :
2599 4002 2627 4030 ‹‹
2652 3978 2882 4045 Multos,
2907 3976 3141 4045 multos,
3166 3978 3383 4034 multos
3409 3977 3421 4034 ι
3456 3999 3486 4029 ››
3516 3977 3766 4051 populus
3797 3993 3816 4036 :

2166 4092 2194 4121 «
2237 4070 2442 4126 Multos
2483 4085 2668 4125 annos
2718 4070 2779 4124 in
2823 4067 3064 4124 multos.
3112 4088 3142 4119 »
3184 4067 3512 4124 Cantores:
3562 4090 3590 4119 ι(
3622 4069 3821 4141 Longa

2165 4159 2331 4214 vobis
2363 4164 2650 4228 tempora,
2679 4157 2749 4214 N.
2791 4156 2862 4214 N.
2899 4157 3284 4228 imperatores
3315 4157 3710 4213 Romanorum
3740 4155 3753 4209 i
3787 4176 3816 4205 »

2169 4246 2420 4319 populus
2475 4263 2489 4302 :
2537 4270 2564 4297 «
2623 4247 2823 4318 Longa
2870 4247 3032 4302 vobis
3077 4251 3363 4319 tempora.
3414 4268 3446 4298 »
3493 4245 3814 4302 Cantores:

2174 4359 2202 4387 ‹‹
2235 4341 2433 4409 Longa
2459 4336 2623 4391 vobis
2654 4341 2943 4405 tempora,
2968 4335 3114 4391 servi
3147 4335 3419 4392 Domini!
3457 4356 3484 4385 ››
3518 4333 3768 4406 papulus
3802 4349 3817 4389 :

383 4450 414 4479 α
435 4424 653 4482 ιὶολλοὶ
685 4425 811 4498 ὑμῖν
838 4423 1054 4500 χρόνοι.
1072 4425 1182 4482 “Ol.
1205 4423 1452 4500 κράκταιο
1471 4449 1499 4478 ‹‹
1522 4423 1740 4480 Πολλοὶ
1769 4425 1897 4498 ὑμῖν
1924 4423 2064 4503 χρό-

2177 4447 2206 4476 ‹‹
2240 4426 2439 4498 Longa
2463 4424 2626 4480 vobis
2651 4423 2949 4495 tempora!
2987 4445 3011 4475 ι
3035 4428 3315 4481 Cantores
3339 4439 3352 4479 :
3388 4444 3417 4473 «
3441 4423 3640 4495 Longa
3658 4421 3824 4479 vobis

395 4535 512 4582 νοι,
559 4519 665 4569 τῶν
714 4517 1006 4591 σκήπτρων
1052 4516 1088 4584 ἡ
1139 4511 1402 4590 εὓτυχία·
1438 4537 1467 4567 ››
1501 4515 1529 4569 6
1579 4512 1741 4577 λαός·
1771 4537 1801 4567 α
1843 4513 2058 4570 Πολλοὶ

396 4606 535 4678 ὑμῖν
587 4605 794 4678 χρόνοι.
829 4629 857 4658 ‹‹
891 4605 960 4662 Οἱ
1000 4604 1232 4680 κράκται
1259 4623 1272 4636 ·
1311 4628 1339 4656 ‹‹
1384 4601 1601 4660 Πολλοί
1653 4624 1749 4659 σου
1781 4603 2000 4680 χρόνοι,
2032 4604 2060 4658 ὁ

392 4693 548 4751 δεῖνα
589 4694 844 4771 βασιλεὺς
875 4698 983 4751 τῶν
1018 4693 1310 4769 Ῥωμαίων
1336 4698 1350 4726 ‘
1389 4720 1410 4748 ι
1450 4695 1479 4750 6
1539 4691 1676 4756 λαός
1703 4713 1715 4727 ο
1771 4717 1800 4746 ‹‹
1850 4692 2062 4750 Πολλοὶ

384 4808 488 4843 σου
512 4785 736 4861 χρόνοι.
771 4810 800 4838 ‹‹
833 4785 895 4840 Οἱ
925 4785 1154 4860 κράκται
1181 4805 1192 4817 ·
1228 4807 1257 4836 ‹‹
1289 4782 1508 4840 Πολλοὶ
1559 4784 1688 4857 ὑμῖν
1717 4783 1936 4858 χρόνοι,
1979 4779 2066 4839 δι-

388 4876 619 4944 σπόται,
653 4875 748 4929 σὺν
797 4879 915 4937 ταῖς
962 4872 1301 4948 Αὐγούσταις
1348 4875 1438 4929 καὶ
1513 4877 1630 4934 τοῖς
1689 4891 2064 4950 πορφυρογεν-

389 4968 588 5036 νήτοις
611 4984 626 4998 ·
664 4989 694 5018 n
727 4965 756 5019 6
787 4962 919 5027 λαός
943 4981 957 4997 ⁸
995 4988 1024 5015 ‹‹
1057 4961 1271 5019 Πολλοὶ
1321 4964 1450 5036 υμῖν
1497 4961 1713 5038 χρόνοι.
1749 4983 1777 5014 ›)
1817 4963 1884 5020 Οἱ
1933 4963 2065 5038 κρά-

392 5073 518 5108 xm:
553 5075 566 5089 θ
599 5076 628 5108 σ
668 5051 827 5110 Ἀλλ’
869 5054 898 5108 ὁ
935 5053 1156 5108 πάντων
1198 5053 1445 5123 Ποιητής
1487 5051 1576 5108 καὶ
1627 5051 1900 5122 Δεσπότης
1925 5072 1938 5086 ο
1973 5075 2001 5102 ι)
2038 5053 2066 5106 6

385 5140 525 5204 λαὸς
575 5141 637 5198 ἔκ
687 5140 902 5216 τρίτου.
944 5143 1013 5198 Οἳ
1067 5139 1296 5215 κράκται
1332 5160 1344 5174 ⁶
1383 5165 1411 5192 ‹‹
1448 5145 1509 5197 '0
1564 5137 1758 5213 στέψας
1807 5139 1946 5212 ὑμᾶς
1994 5142 2063 5213 τῇ

387 5231 559 5287 αὐτοῦ
592 5230 835 5306 παλάμῃ
864 5252 876 5264 ο
912 5255 942 5284 ››
968 5231 996 5284 6
1038 5228 1173 5294 λαὸς
1206 5229 1439 5304 ὁμοίως.
1473 5231 1541 5287 Οἱ
1572 5228 1801 5303 κράκται
1827 5249 1838 5261 ·
1874 5253 1900 5280 ‹‹
1925 5228 2064 5290 Τοὺς

390 5323 636 5395 χρόνους
698 5321 854 5392 ὑμῶν
935 5320 1202 5391 πληθύνει
1263 5317 1357 5374 σὺν
1427 5323 1546 5383 ταῖς
1603 5317 1935 5393 Αὐγούσταις
1974 5317 2065 5372 καὶ

391 5415 510 5474 τοῖς
572 5411 1164 5488 πορφυρογεννήτοιςο
1224 5432 1244 5462 α
1303 5409 1332 5463 6
1392 5405 1524 5470 λαὸς
1567 5407 1796 5482 ὁμοίως.
1830 5407 1898 5465 Οἱ
1935 5407 2066 5462 κοά-

2169 4521 2454 4588 tempora,
2485 4513 2733 4570 felicitas
2764 4518 3122 4584 sceptrorum
3150 4513 3163 4568 ί
3187 4532 3214 4565 ο
3245 4514 3496 4586 populus
3529 4531 3542 4569 :
3584 4531 3606 4561 ι
3628 4513 3826 4582 Longa

2169 4605 2334 4661 vobis
2356 4610 2620 4676 tempora
2649 4603 2662 4658 i
2699 4625 2727 4652 ››
2751 4602 3030 4658 Cantores
3065 4621 3079 4659 :
3121 4626 3141 4652 ι
3167 4602 3364 4674 Longa
3393 4601 3500 4657 tibi
3532 4605 3820 4673 tempora,

2173 4699 2238 4748 N.
2296 4694 2618 4766 imperator
2666 4693 3098 4748 Romanorum!
3149 4714 3178 4744 »
3230 4691 3484 4766 populus
3518 4709 3531 4748 :
3564 4712 3593 4741 «
3626 4690 3826 4763 Longa

2173 4783 2282 4838 tibi
2315 4782 2614 4855 tempore!
2650 4804 2680 4832 »
2704 4782 2980 4838 Cantores
3014 4799 3027 4837 :
3063 4803 3090 4831 «
3124 4781 3323 4852 Longa
3352 4780 3514 4837 vobis
3537 4787 3824 4851 tempora,

2177 4873 2423 4943 domini,
2447 4888 2580 4929 cum
2615 4873 2994 4942 Augustabus
3020 4875 3077 4926 et
3097 4869 3604 4943 porphyrogenitis
3629 4868 3640 4924 Ι
3668 4889 3693 4919 ››
3723 4883 3826 4941 po~

2176 4961 2354 5034 pulus
2388 4979 2401 5017 :
2437 4985 2463 5011 ‹‹
2501 4961 2695 5032 Longa
2723 4961 2887 5016 vobis
2916 4965 3176 5030 tempora
3206 4958 3219 5014 l
3255 4981 3282 5010 ›ι
3317 4959 3630 5015 Cantores:
3667 4957 3827 5014 «Sed

2176 5051 2444 5107 omnium
2478 5052 2713 5106 Creator
2733 5055 2792 5105 et
2826 5049 3142 5117 Dominus;
3167 5070 3195 5100 »
3221 5049 3474 5121 populus
3496 5049 3698 5104 eadem
3721 5055 3828 5103 ter.

2175 5141 2451 5196 Cantores
2486 5155 2500 5194 :
2527 5161 2555 5189 «
2580 5139 2684 5202 Qui
2711 5155 2818 5194 sua
2844 5155 2945 5194 vos
2969 5154 3144 5194 manu
3170 5138 3506 5204 coronavit;
3531 5159 3560 5186 »
3582 5135 3830 5208 populus

2177 5231 2400 5285 eadem.
2434 5227 2715 5282 Cantores
2741 5243 2753 5281 :
2793 5248 2820 5277 «
2843 5227 3132 5297 Tempora
3159 5232 3350 5282 vestra
3372 5241 3503 5281 cum
3533 5229 3831 5296 Augusta-

2180 5318 2288 5373 bus
2319 5328 2368 5373 et
2404 5316 2912 5388 porphyrogenitis
2937 5315 3182 5389 augeat!
3211 5338 3239 5366 »
3262 5315 3512 5388 populus
3536 5313 3830 5370 similiter.

2178 5407 2333 5464 ην
2385 5407 2662 5464 Cantores
2699 5421 2712 5459 :
2744 5428 2771 5456 «
2808 5405 2872 5460 In
2905 5410 3220 5478 perlectum
3264 5407 3511 5461 salutem
3549 5403 3833 5458 Romano-

1773 5584 2017 5643 VARI/E
2055 5584 2361 5642 LECTION
2372 5583 2474 5640 ES.

455 5727 509 5769 ⁸⁸
540 5726 626 5790 τίς
677 5725 814 5786 τοὺς
851 5722 1106 5800 βασιλέας
1138 5721 1206 5781 R.
1238 5739 1355 5782 em.
1387 5740 1457 5780 ex
1483 5723 1612 5797 sigl.
1646 5723 1802 5793 cod.,
1836 5721 1912 5784 εἰς
1944 5719 2042 5790 τήν
2081 5717 2406 5795 βασίλισσαν
2446 5719 2539 5781 ed.

723 5855 995 5916 ΡΑτιοι.
1049 5851 1161 5915 Gs.
1207 5849 1390 5914 CXII.

3444 5843 3522 5902 15
