4158 6394
365 378 481 441 459

1445 369 1816 432 CONSTAN
1830 366 1990 429 TINI
2037 364 2737 430 PORPHYROGENITI

3670 367 3789 430 460

365 525 517 566 rum.
555 531 577 558 ι
621 509 829 563 Postea
877 505 1004 561 dum
1051 504 1329 562 factiones
1379 504 1657 560 accinunt
1687 519 1700 557 :
1735 525 1762 554 «
1798 500 2012 558 Multos

2140 519 2246 554 ιται
2273 513 2284 526 ·
2323 521 2350 548 ‹‹
2389 496 2481 560 Εἰς
2531 495 2742 552 τελείαν
2767 495 3034 552 ’συστασιν
3091 498 3199 552 τῶν
3242 494 3550 572 Ῥωμαίων.
3592 520 3622 549 ››
3683 498 3786 554 Καὶ

365 613 549 655 annos
594 593 1085 669 imperatoribus!
1121 616 1150 645 »
1200 599 1258 651 et
1288 593 1513 665 reliqua
1543 590 2010 650 acclamationis.

364 685 586 750 Quibus
615 685 891 758 peractis,
926 684 1115 742 fausta
1139 683 1441 756 apprecati
1471 683 1713 739 abeunt.

990 956 1222 1014 CAPUT
1259 954 1397 1012 XLI.

471 1046 817 1107 Observanda
847 1049 906 1104 in
936 1049 1190 1119 Augustas
1219 1044 1575 1103 coronalione
1604 1045 1656 1098 et
1676 1043 1905 1114 nuptiis.

441 1209 480 1262 Ι.
514 1205 701 1262 Pridie
727 1205 899 1262 unius
931 1203 1044 1260 diei
1080 1201 1420 1259 mandatum
1451 1202 1524 1257 de
1558 1199 1887 1257 mutatoriis
1919 1199 2020 1256 da-

365 1301 508 1367 tur;
546 1293 810 1368 sequenti
857 1309 1060 1350 omnes
1108 1296 1409 1349 senatores
1453 1292 1650 1347 statim
1696 1289 2021 1362 procedunt

365 1391 671 1457 vestesque
701 1385 760 1441 in
793 1382 1133 1440 consistorio
1168 1386 1420 1449 mutant,
1447 1378 1674 1452 patricii
1709 1394 1942 1452 quoque
1963 1381 2020 1434 et

369 1476 559 1532 caeteri
592 1472 913 1543 secretarii,
938 1472 987 1529 si
1017 1472 1099 1528 ita
1128 1471 1382 1528 dominis
1413 1470 1660 1540 videtur,
1683 1470 1752 1524 ad
1778 1484 2019 1525 auream

369 1582 610 1622 manum
660 1564 1001 1630 ascendunt,
1038 1562 1402 1634 thronosque
1439 1561 1498 1616 in
1532 1563 1817 1631 augusteo
1850 1574 2020 1630 repo-

373 1666 542 1722 nunt,
575 1655 633 1711 in
685 1654 900 1726 quibus
941 1651 1175 1708 Domini
1215 1651 1470 1708 coronati
1504 1649 1813 1706 consident
1842 1653 1899 1704 et
1931 1665 2020 1704 se-

373 1746 512 1802 creti
561 1744 689 1800 vela
734 1760 836 1816 pro
889 1759 1047 1799 more
1094 1741 1409 1814 excipiunt.
1462 1739 1745 1796 Universo
1796 1744 2021 1795 secreto

372 1839 615 1903 astante,
662 1833 1106 1889 cerimoniarius
1145 1837 1204 1888 et
1248 1829 1507 1903 quinque
1557 1828 1655 1884 alii
1713 1827 2020 1885 silentiarii

373 1937 502 1999 post
533 1930 822 1982 secretum
856 1924 927 1980 ab
973 1929 1215 1996 utroque
1245 1922 1427 1978 latere
1458 1921 1703 1988 intrant,
1738 1920 2026 1992 signoque

375 2017 446 2071 ab
474 2016 827 2088 imperatore
850 2013 1150 2084 praeposito
1177 2013 1334 2078 dato,
1360 2011 1418 2068 S.
1436 2010 1710 2083 Stephani
1736 2008 2025 2080 templum

376 2105 792 2176 ingrediuntur
832 2120 846 2158 :
895 2107 1034 2158 tunc
1093 2101 1425 2172 patriarcha
1471 2101 1811 2165 accersitur,
1847 2102 1907 2153 ut
1953 2099 2024 2154 ad

377 2197 731 2265 augusteum
750 2193 944 2249 veniat
968 2208 980 2246 :
1006 2208 1121 2263 quo
1147 2192 1314 2260 facto,
1340 2189 1561 2246 domini
1584 2192 1834 2260 surgunt
1860 2203 2028 2244 eum-

375 2299 486 2355 que
508 2281 857 2353 suscipiunt.
881 2285 1020 2336 Post
1040 2279 1282 2336 thronos
1302 2278 1708 2350 imperatorios
1733 2277 2026 2333 antimeu-

375 2373 532 2428 sium
585 2377 718 2441 stat,
751 2372 808 2426 in
860 2389 975 2443 quo
1016 2370 1279 2440 chlamys
1322 2370 1701 2440 imperatoria
1731 2370 1912 2440 jacet,
1954 2367 2026 2424 ad

377 2463 531 2534 quod
559 2478 690 2517 cum
725 2461 1056 2533 patriarcha
1078 2460 1346 2528 accessit,
1370 2459 1692 2530 imperator
1713 2459 2027 2531 preposito

383 2553 624 2624 signum
659 2552 774 2622 dat,
793 2558 847 2607 et
867 2549 1090 2606 intrant
1119 2549 1376 2622 episcOpi
1396 2554 1453 2604 et
1481 2547 1671 2604 clerus
1693 2549 1896 2604 secreti
1930 2565 2027 2619 pa-

374 2639 724 2707 triarchalis,
749 2644 856 2696 eta
887 2645 1047 2712 tergo
1080 2637 1440 2710 imperatorii
1464 2637 1669 2694 secreti
1704 2638 1772 2693 ad
1807 2637 2029 2708 apsidis

374 2735 595 2801 partem
629 2729 977 2786 consistunt.
997 2728 1163 2785 Tunc
1188 2729 1470 2784 mandato
1494 2727 1868 2800 imperatoris
1891 2744 2030 2799 pra-

373 2821 600 2892 positus
628 2821 973 2893 Augustam,
1011 2825 1219 2891 praeter
1253 2817 1570 2874 matorium
1604 2823 1820 2874 vestem
1855 2818 2032 2873 astri-

375 2918 548 2978 ctam,
591 2925 769 2981 quam
813 2909 1157 2965 sticharium
1197 2908 1638 2980 imperatorium
1674 2912 1898 2979 vocant,
1931 2923 2029 2980 ge-

381 3005 663 3062 stantem.
696 3017 794 3071 per
823 3004 879 3054 S.
911 2998 1190 3071 Stephani
1221 2998 1511 3069 porticum
1547 2999 1615 3054 ad
1659 3003 2030 3070 augusteum,

378 3107 514 3146 cum
565 3094 736 3145 antea
766 3087 824 3144 in
875 3088 1141 3145 cubiculo
1174 3088 1434 3144 interiori
1475 3088 1773 3159 octanguli
1805 3087 2029 3156 fuisset,

379 3181 449 3236 ad
491 3177 760 3234 dominos
806 3177 989 3246 ducit,
1029 3182 1087 3233 et
1125 3177 1320 3233 statim
1364 3175 1702 3250 patriarcha
1741 3193 1938 3248 preces
1971 3176 2031 3233 in

377 3269 746 3341 chlamydem
782 3267 1005 3324 recitat.

2122 587 2228 642 απὸ
2277 584 2483 642 τούτων
2535 585 2847 660 εὐφημοῦσι
2885 586 2952 641 τὰ
2999 583 3097 642 δύο
3150 586 3313 662 μέρη,
3373 585 3464 642 καὶ
3516 585 3785 662 λέγουσι·

2125 702 2153 730 ι(
2187 675 2377 733 Πολλὰ
2431 677 2499 732 τὰ
2553 672 2646 748 ἔτη
2704 680 2812 732 τῶν
2867 669 3174 752 βασιλέωνο
3211 698 3243 734 ››
3287 679 3378 734 καὶ
3425 677 3493 733 τὰ
3519 679 3645 749 ἑξῆς
3691 683 3793 733 τοῦ

2120 765 2560 842 καταλέγματος.
2620 764 2722 822 Καὶ
2770 767 2906 839 μετὰ
2955 769 3121 822 ταῦτα
3179 765 3513 845 ἑπεύχονται
3560 766 3651 822 καὶ
3710 765 3790 838 ἐξ·

2127 859 2300 910 ιοῦσιν
2330 856 2395 910 ⁷ο.

2724 947 2982 1004 ΚΕΦΔΛ.
3026 948 3169 1004 MA'.

2124 1035 2263 1092 Ὅσα
2321 1031 2402 1090 δεῖ
2466 1033 2904 1113 παραφυλάττειν
2973 1035 3062 1113 ἐπὶ
3129 1038 3381 1111 στεψίμῳ
3462 1035 3790 1112 Δὸγούστης

2687 1108 2777 1162 καὶ
2808 1108 3249 1186 στεφανώματοςζ

2197 1198 2274 1253 Α’.
2320 1197 2430 1271 Πρὸ
2498 1202 2624 1270 μιᾶς
2691 1194 2902 1253 δίδοται
2971 1196 3257 1272 ἀπόκρισις
3301 1201 3378 1272 (5)
3436 1196 3788 1273 ἀλλαξίμων,

2126 1285 2215 1340 καὶ
2264 1289 2332 1360 τῇ
2371 1287 2495 1356 ἑξῆς
2541 1287 2735 1360 τάχιον
2788 1286 3158 1363 προέρχονται
3219 1288 3410 1349 πάντες
3447 1289 3498 1342 οἱ
3542 1287 3794 1363 συγκλη-

2126 1373 2292 1447 τικοὶ,
2332 1375 2423 1430 καὶ
2464 1375 2836 1431 ἀλλάσσουσιν
2887 1379 2942 1432 ἓν
2993 1382 3074 1451 τῷ
3118 1376 3519 1452 κονσιστωρίῳ,
3551 1378 3644 1432 καὶ
3701 1377 3795 1434 ὅτε

2127 1463 2441 1521 κελεύουσιν
2472 1467 2524 1520 οἱ
2563 1463 2840 1538 δεσπόται,
2878 1464 3202 1543 ἁνέρχονται
3251 1468 3302 1523 o't
3363 1467 3644 1542 πατρίκιοι
3703 1467 3800 1522 καὶ

2131 1557 2182 1611 οἱ
2233 1557 2424 1612 λοιποὶ
2471 1561 2568 1612 τοῦ
2622 1557 2874 1632 σεκρέτου
2924 1558 3000 1621 εἷς
3045 1560 3146 1627 τήν
3206 1564 3419 1637 χρυσῆν
3475 1564 3660 1634 χεῖρα,
3704 1557 3798 1614 καὶ

2185 1645 2236 1701 θὲ
2400 1644 2521 1702 ’λλ’
2646 1647 2660 1667 ’
2785 1648 2824 1686 ἰ
2916 1647 2929 1668 ’
3012 1672 3018 1682 ·
3112 1649 3132 1680 ¹’
3299 1650 3312 1668 ‘
3430 1647 3485 1702 0‘
3586 1669 3614 1684 ’-

2127 1667 2177 1702 τι
2220 1667 2330 1701 ,ασι
2362 1669 2421 1702 σε
2508 1668 2558 1701 ια
2617 1668 2693 1710 εις
2747 1669 2838 1703 τοι
2873 1669 3192 1723 αυγορστια,
3227 1669 3315 1704 και
3360 1669 3428 1703 κα
3466 1653 3675 1718 εζονιαι
3740 1649 3802 1702 οἱ

2132 1735 2390 1792 δεσπόται
2433 1734 2775 1810 ἕστεμμὲνοι,
2819 1739 2907 1794 καὶ
2945 1736 3199 1814 δέχονται
3224 1739 3288 1794 τὸ
3329 1737 3578 1813 σὲκρετον
3621 1739 3798 1814 βῆλα,

2135 1826 2285 1901 βῆλα
2325 1830 2393 1898 τί,
2432 1827 2609 1888 καθὼς
2642 1823 2760 1902 ἔχει
2790 1828 2824 1896 ἡ
2859 1830 3136 1899 συνήθεια.
3179 1829 3287 1886 Καὶ
3336 1830 3469 1902 μετᾶ
3501 1829 3565 1884 τὸ
3598 1836 3796 1899 στῆναι

2132 1916 2193 1970 τὸ
2252 1915 2502 1992 σὲκρετον
2545 1913 2700 1990 ὅλον,
2734 1919 3138 1993 συνεισέρχεται
3167 1919 3195 1973 6
3257 1925 3358 1988 τῆς
3409 1920 3797 1981 καταστάσεως

2135 2006 2269 2080 μετά
2304 2008 2393 2061 καὶ
2425 2005 2615 2062 ἄλλων
2655 2005 2811 2064 πέντε
2841 2006 3222 2084 σιλεντιαρίων
3271 2005 3492 2065 ὄπισθεν
3543 2013 3644 2065 τοῦ
3696 2031 3802 2065 σε-

2129 2097 2322 2173 κρέτου
2400 2093 2546 2154 ἔνθεν
2615 2099 2881 2168 κάκεῖθεν,
2935 2101 3026 2155 καὶ
3102 2099 3246 2156 νεύει
3304 2100 3331 2156 ὁ
3385 2098 3644 2175 βασιλεὺς
3716 2105 3799 2173 τῷ

2132 2189 2504 2264 πραιποσίτῳ,
2533 2189 2622 2244 καὶ
2681 2188 3022 2265 εἷ’σέρχονται
3080 2191 3154 2252 εἰς
3210 2191 3302 2246 τὸν
3345 2193 3542 2266 ’Ἂγιον
3585 2191 3804 2269 Στέφα-

2130 2299 2241 2347 νον,
2274 2277 2362 2334 καὶ
2413 2277 2804 2353 προσκαλεῖται
2851 2281 2940 2336 νὸν
3005 2281 3377 2357 πατριάρχην,
3423 2281 3516 2337 καὶ
3571 2280 3796 2357 ἐξέρχε-

2132 2392 2220 2427 ται
2265 2370 2341 2433 εἷς
2407 2372 2498 2427 τὸν
2554 2371 2869 2446 αύγουστὲα,
2924 2373 3015 2428 καὶ
3097 2373 3229 2446 μετὰ
3285 2375 3349 2428 τὸ
3407 2372 3639 2444 ἐξελθεῖν
3695 2374 3793 2429 τὸν

2133 2463 2481 2541 πατριάρχην
2513 2461 2809 2539 ἐγείρονται
2852 2464 2908 2520 οἷ
2941 2461 3198 2520 δεσπόται
3242 2468 3333 2520 καί
3404 2462 3655 2540 δέχονται
3685 2463 3786 2518 αὖ-

2131 2553 2247 2609 τόν.
2311 2553 2415 2608 Καὶ
2480 2549 2696 2618 ὄπισθεν
2763 2557 2872 2608 τῶν
2945 2552 3244 2628 βασιλικῶν
3287 2552 3518 2610 σελλίων
3565 2550 3785 2607 ἵσταται

2134 2641 2464 2716 ἀντιμίσιον,
2519 2640 2643 2706 ἔνθα
2722 2648 2897 2698 νεῖται
3053 2641 3316 2718 βασιλικὴ
3404 2641 3641 2718 χλαμὺς,
3689 2641 3784 2696 καὶ

2137 2729 2360 2794 στάντος
2413 2735 2512 2784 τοῦ
2556 2729 2902 2809 πατριάρχου
2955 2730 3032 2792 εἷς
3088 2732 3150 2785 τὸ
3192 2730 3518 2804 ἆντιμίσιον,
3566 2729 3711 2784 νεύει
3772 2728 3802 2783 6

2141 2818 2398 2894 βασιλεὺς
2428 2825 2506 2892 τῷ
2552 2831 2922 2893 πραιποσιτῳ,
2953 2821 3043 2876 καὶ
3089 2818 3430 2899 εἰσέρχονται
3477 2820 3531 2876 οἱ
3579 2818 3807 2874 ἐπίσκο-

2138 2930 2232 2964 ποι
2264 2909 2354 2967 καὶ
2387 2910 2414 2964 6
2454 2911 2660 2985 κλῆρος
2715 2914 2812 2965 τοῦ
2861 2911 3116 2986 σεκρέτου
3169 2915 3268 2966 τοῦ
3301 2907 3670 2986 πατριάρχου,
3713 2907 3803 2963 καὶ

2131 2996 2377 3055 ’ίστανται
2412 2994 2631 3054 ὄπισθεν
2661 3003 2757 3056 τοῦ
2794 2997 3082 3074 βασιλικοῦ
3137 3000 3390 3076 σεκρέτου
3449 2999 3539 3054 ἐπὶ
3593 2999 3656 3054 τὸ
3696 3001 3801 3062 τῆς

2142 3086 2337 3163 ἁψῖδος
2421 3088 2607 3164 μέρος.
2665 3089 2764 3143 Καὶ
2851 3089 3049 3152 εὐθέως
3123 3090 3266 3145 νεύει
3323 3090 3352 3145 ὁ
3415 3087 3673 3163 βασιλεὺς
3724 3091 3808 3160 τῷ

2140 3177 2507 3254 πραιπὸσίτῳ,
2541 3179 2631 3234 καὶ
2681 3178 2885 3254 εἰσάγει
2934 3181 3034 3248 τὴν
3092 3179 3402 3255 Αύγούσταν
3458 3178 3566 3234 ἀπὸ
3620 3197 3805 3254 μαφο-

2065 3253 2108 3321 C
2147 3253 2289 3345 ρίου,
2322 3274 2590 3346 φοροῦσαν
2640 3269 2730 3324 καὶ
2781 3253 3032 3346 στιχάριν
3097 3253 3407 3345 βασιλίκιον
3453 3272 3553 3344 (6),
3588 3265 3679 3323 διὰ
3706 3253 3808 3323 τοῦ

379 3355 698 3414 διαϐατικοῦ
735 3361 832 3412 τοῦ
865 3357 1061 3433 Ἀγίου
1091 3354 1365 3433 Στεφάνου
1399 3355 1476 3420 εἷς
1508 3357 1600 3412 τὸν
1635 3354 1954 3430 αὐγουστέα,
1987 3357 2155 3432 οὔσης
2183 3361 2354 3430 αὐτῆς
2387 3360 2463 3424 εἰς
2504 3361 2595 3416 τὸν
2640 3367 2879 3418 κοιτῶνα
2926 3356 3074 3418 ἔνδον
3122 3366 3220 3417 τοῦ
3271 3361 3608 3436 ὀκταγώνου,
3657 3359 3808 3434 πρὸς

381 3451 506 3512 τοὺς
541 3446 828 3517 δεσπότας,
852 3446 943 3502 καὶ
971 3446 1169 3511 εὐθέως
1200 3445 1424 3521 ἄρχεται
1460 3447 1489 3501 6
1525 3447 1877 3522 πατριάρχης
1905 3449 2004 3518 τὴν
2032 3451 2204 3526 εὐχὴν
2240 3451 2318 3513 εἷς
2349 3451 2447 3520 τὴν
2478 3448 2766 3526 χλαμύδα.

453 3543 523 3597 II.
570 3541 818 3606 Interea,
863 3541 1004 3595 dum
1052 3539 1381 3611 patriarcha
1429 3547 1719 3611 precatur,
1768 3541 2034 3611 Augusta

381 3647 573 3688 cereos
604 3629 804 3694 sumit,
829 3637 883 3685 et
913 3628 1188 3701 precibus
1222 3628 1426 3699 ﬁnitis,
1449 3643 1548 3685 eos
1581 3629 1909 3700 primicerio
1931 3647 2031 3687 seu

387 3720 624 3778 ostiario
657 3719 829 3775 tradit
861 3736 874 3775 :
908 3719 1128 3774 domini
1161 3718 1471 3775 matorium
1497 3722 1766 3788 Augustae
1797 3724 2038 3788 exuunt,

387 3811 535 3880 quod
560 3807 909 3865 cubicularii
933 3814 1176 3864 sumunt
1197 3813 1254 3865 et
1285 3808 1435 3864 circa
1457 3808 1646 3879 ipsam
1661 3809 2035 3881 complicant.

387 3897 724 3956 Patriarcha
763 3914 896 3955 vero
945 3897 1316 3972 chlamydem
1363 3897 1621 3954 dominis
1672 3898 1865 3967 tradit,
1925 3917 2039 3972 qua

389 3989 591 4045 statim
623 3989 948 4060 Augustam
983 3989 1257 4056 induunt,
1281 3987 1510 4060 ipsique
1541 3985 1737 4044 ﬁbulis
1758 4003 1878 4043 eam
1909 4004 2039 4046 con-

391 4084 672 4146 nectunt;
716 4080 809 4135 hic
848 4079 997 4135 123
1031 4095 1240 4135 rursus
1281 4094 1459 4150 super
1507 4093 1721 4134 corona
1767 4078 2042 4149 vittisque

389 4172 684 4240 precatur,
712 4167 1009 4239 ﬁnitisque
1031 4167 1328 4239 precibus,
1351 4182 1630 4223 coronam
1654 4166 1907 4223 dominis
1929 4172 2040 4223 tra-

390 4259 494 4326 dit,
529 4258 629 4331 qui
677 4258 867 4332 ipsam
918 4257 1094 4330 capiti
1135 4258 1416 4328 Augustae
1459 4257 1792 4328 imponunt.
1827 4257 2040 4314 Eodem

389 4349 563 4405 modo
595 4347 927 4421 patriarcha
955 4346 1098 4418 ipsis
1127 4351 1309 4402 vtttas
1336 4346 1454 4417 dat,
1489 4363 1638 4419 quas
1679 4362 1901 4403 coronae
1925 4347 2045 4402 Au-

388 4447 570 4511 gustae
591 4438 964 4512 appendunt;
985 4452 1117 4493 mox
1139 4435 1472 4508 patriarcha
1485 4436 1542 4492 S.
1563 4435 1843 4508 Stephani
1864 4437 2042 4492 aedem

2215 3544 2289 3599 B'.
2323 3543 2428 3598 Καὶ
2460 3542 2550 3598 ὅτε
2578 3545 2612 3613 ἡ
2653 3543 2791 3622 εὐχὴ
2843 3544 2991 3618 παρὰ
3035 3547 3133 3600 τοῦ
3164 3542 3514 3619 πατριάρχου
3543 3540 3803 3610 τελεῖται,

2147 3627 2414 3705 λαμϐάνει
2446 3634 2480 3702 ἡ
2512 3631 2798 3708 Αὐγούστα
2835 3634 3067 3710 κηροὺς,
3115 3633 3204 3689 καὶ
3261 3630 3663 3707 πληρωθείσης
3710 3635 3810 3700 τῆς

2146 3721 2321 3795 εὐχῆς
2368 3719 2655 3778 ἐπιδίδωσι
2695 3721 2820 3786 τοὺς
2875 3721 3084 3798 κηροὺς
3135 3727 3218 3795 τῷ
3281 3721 3638 3797 πριμικηρίῳ
3698 3717 3810 3775 εἴτε

2145 3811 2224 3879 τῷ
2257 3807 2538 3883 ὀστιαρίῳ,
2571 3809 2662 3864 καὶ
2703 3809 3174 3880 ἀποσκεπάζουσιν
3217 3813 3297 3885 (7)
3336 3810 3389 3866 οἱ
3437 3807 3692 3865 δεσπόται
3749 3807 3815 3863 τὸ

2153 3898 2420 3974 μαφόριον
2477 3905 2579 3968 τῆς
2620 3898 2960 3974 Αὐγούστης,
2993 3901 3082 3955 καὶ
3155 3894 3532 3974 λαμϐάνουσιν
3573 3897 3708 3954 αὐτὸ
3762 3897 3816 3952 οἱ

2147 3983 2598 4062 κουϐικουλάριοι
2641 3987 2948 4052 ἁπλοῦντες
3016 3993 3099 4064 (8)
3157 3989 3288 4045 αὐτὸ
3337 3988 3566 4066 γύροθεν
3616 3987 3810 4056 αὐτῆς.

2151 4077 2248 4132 Καὶ
2290 4073 2558 4151 λαμϐάνει
2603 4078 2630 4132 6
2689 4079 3041 4158 πατριάρχης
3092 4080 3192 4148 τὴν
3251 4075 3517 4154 χλαμύδα
3550 4076 3638 4131 καὶ
3697 4075 3817 4130 ἐπι-

2152 4163 2341 4222 δίδωσι
2395 4173 2513 4230 τοῖς
2571 4164 2877 4237 δεσπόταις,
2932 4168 3024 4222 καὶ
3081 4166 3278 4231 εὐθέως
3335 4166 3691 4242 περιτιθέασιν
3756 4165 3812 4218 οἱ

2152 4252 2408 4311 δεσπόται
2437 4258 2536 4325 τὴν
2572 4255 2836 4332 χλαμύδα
2865 4261 2933 4332 τῇ
2985 4257 3305 4333 Αὐγούστῃ,
3338 4257 3425 4312 καὶ
3487 4247 3803 4329 φιὸλὼνου·

2152 4366 2234 4400 σιν
2284 4345 2454 4416 αὐτὴν
2489 4347 2540 4401 οἱ
2598 4347 2777 4417 αὐτοὶ,
2807 4348 2898 4402 καὶ
2955 4345 3120 4402 πάλιν
3175 4351 3326 4401 ποιεῖ
3377 4343 3544 4420 εὐχὴν
3586 4340 3675 4396 ἰπὶ
3712 4343 3817 4396 τοῦ

2154 4434 2464 4510 στέμματος
2509 4435 2598 4491 καὶ
2629 4440 2739 4492 τῶν
2777 4433 3218 4513 πρεπενδουλίων
3247 4436 3349 4509 (9),
3381 4433 3474 4490 καὶ
3525 4433 3613 4488 ὅτε
3665 4429 3820 4502 πλη-

1765 4544 2006 4600 VARIJE
2048 4545 2461 4602 LECTIONES.

457 4617 508 4654 7"
540 4617 742 4689 ἐξίασιν
773 4620 864 4677 ed.
944 4621 985 4656 ⁷¹
1025 4614 1172 4694 βῆλα
1204 4633 1322 4675 om.
1354 4617 1451 4673 ad.

1328 4746 1331 4749 -
1421 4707 1619 4763 JOAN.
1663 4706 1812 4764 JAC.
1855 4707 2116 4765 REISKII
2157 4709 2750 4767 COMMENTARIUS.

463 4822 542 4891 (5)
588 4822 691 4895 Est
735 4820 1022 4895 ἀπόκρισις
1075 4819 1265 4877 omnis
1331 4815 1680 4883 enuntiatio,
1721 4816 2042 4895 _declara_lio
2076 4821 2118 4886 D
2151 4821 2230 4895 De
2267 4820 2377 4878 hac
2417 4823 2811 4895 contractione
2842 4819 3285 4895 terminationie
3307 4839 3386 4874 ιον
3430 4819 3491 4876 in

398 4889 510 4947 suae
548 4889 890 4958 voluntatis,
931 4909 1217 4950 sensuum
1250 4907 1509 4955 suorum,
1565 4889 1733 4959 quasi
1769 4892 2036 4959 secretio,

394 4963 808 5034 elfusioanimi
838 4966 968 5034 sui;
1003 4965 1140 5022 hinc
1173 4962 1539 5020 mandatum.
1564 4961 1708 5017 Hinc
1734 4961 1873 5016 dicti
1907 4978 2037 5034 apo-

394 5032 665 5097 crisiarii,
707 5036 800 5104 qui
844 5032 1154 5104 apocrises,
1203 5036 1474 5090 mandata
1516 5034 1814 5104 perferunt
1853 5041 1908 5088 et
1947 5032 2039 5089 re-

397 5105 693 5167 nuntiant,
753 5111 873 5161 tam
925 5107 1085 5163 illius
1129 5107 1229 5178 qui
1288 5106 1484 5172 mittit,
1533 5120 1708 5178 quam
1759 5104 1922 5159 illius
1967 5105 2038 5160 ad

394 5192 564 5245 quem
616 5178 944 5232 mittuntur.
991 5181 1037 5233 A
1083 5176 1278 5234 Graeco
1313 5180 1417 5233 huc
1447 5176 1727 5232 vocabulo
1767 5178 2039 5247 manavit,

394 5247 550 5320 quod
585 5247 768 5320 Latini
817 5250 1115 5320 sequiores
1146 5266 1400 5318 respousa
1445 5265 1547 5320 pro
1581 5247 2039 5320 negotiis_,_com-

395 5319 772 5392 missionibus
831 5317 1134 5392 usurpant.
1183 5317 1461 5377 Chronic;
1513 5317 1739 5374 Cassia.
1794 5317 1888 5384 IV,
1919 5321 1990 5374 66
2011 5336 2038 5392 (ε

393 5394 587 5444 Petrus
634 5389 920 5457 diaconus,
970 5389 1072 5464 pro
1121 5409 1392 5463 responszs
1443 5390 2043 5464 Casinensiscwnoait

393 5464 808 5530 apocrisiarius,
876 5460 1324 5520 ud'Lothurium
1381 5463 1477 5520 IH
1530 5460 2043 5532 Βοιηᾳῑλὶτηρμάί-

393 5527 595 5588 rectus.
626 5535 928 5605 Signiﬁcat
967 5536 1144 5603 igitur
1175 5537 1352 5591 dictio
1385 5541 1582 5590 nostra
1621 5551 1634 5589 :
1670 5527 1881 5605 δίδοται
1915 5531 2046 5587 ἀπό-

392 5622 566 5684 κρισις
614 5602 964 5684 ᾀλλαξίμων,
1007 5607 1248 5684 eduntur
1274 5607 1554 5684 mandata
1606 5621 1709 5661 seu
1747 5604 2042 5676 signiﬁca-

400 5678 569 5730 tiones
598 5678 663 5733 de
693 5679 990 5734 mduendis
1018 5679 1356 5734 mutatoriis.

465 5748 542 5820 (6)
597 5749 674 5806 M.
731 5768 980 5827 στιχαριν
1045 5747 1361 5826 βασιλίκην,
1423 5750 1482 5805 id
1533 5753 1644 5819 est,
1706 5745 2040 5822 βασιλίκιον.

3541 4840 3606 4890 ην
3641 4823 3700 4876 et
3733 4834 3818 4879 ιος

2151 4892 2210 4964 in
2269 4913 2339 4959 ης
2392 4893 2530 4949 alibi
2588 4895 2716 4951 dico
2767 4900 2824 4950 et
2881 4893 3160 4964 sticharto
3217 4893 3314 4948 ad.
3369 4909 3426 4964 p.
3474 4893 3602 4949 266.
3655 4891 3828 4947 Talis

2154 4962 2342 5039 {orgia
2365 4975 2450 5020 est
2475 4965 2828 5038 καισαρίκην,
2870 4963 3236 5039 σπαθαρίκην,
3269 4962 3382 5022 etc;

2222 5035 2298 5107 (7)
2327 5039 2582 5109 Apparet
2623 5035 2784 5107 hinc,
2814 5035 3189 5109 'maphorium
3235 5039 3413 5107 caput
3441 5035 3632 5107 ipsum
3667 5050 3822 5104 quo-

2153 5124 2264 5178 que
2313 5109 2642 5181 involvisse,
2675 5111 2832 5181 quod
2879 5109 2995 5164 alio
3023 5109 3147 5165 loco
3179 5123 3411 5179 quoque
3443 5111 3823 5181 demonstra-

2155 5176 2308 5234 mus.
2351 5180 2494 5235 Nam
2531 5176 2814 5250 σκεπάζειν
2865 5181 2939 5236 de
2969 5176 3236 5237 vestibus
3270 5176 3548 5250 iii—specie
3595 5176 3824 5230 dicitur

2154 5250 2294 5318 illis,
2327 5268 2456 5322 quas
2485 5260 2584 5308 aut
2613 5249 2804 5310 solum
2837 5257 3034 5322 caput,
3076 5257 3179 5308 aut
3208 5253 3318 5307 hoc
3345 5249 3545 5322 ipsum
3579 5261 3821 5319 quoque

2153 5337 2284 5378 cum
2319 5324 2450 5396 aliis
2483 5325 2766 5382 membris
2790 5329 3023 5396 tegunt.

2225 5396 2301 5466 (8)
2357 5395 2658 5470 Exprlicant
2695 5390 3066 5470 maph'orium
3105 5399 3380 5470 Augustae
3413 5395 3470 5449 et
3501 5390 3657 5470 velut
3689 5405 3830 5446 cor-

2156 5465 2339 5540 tinam
2374 5465 2486 5538 ipsi
2521 5465 2911 5540 praetendunt,
2943 5484 3012 5540 ne
3041 5484 3077 5523 a
3105 5465 3636 5540 barbatoquodam
3675 5478 3829 5535 pre-

2154 5540 2243 5620 ter
2288 5537 2711 5622 imperatorem
2741 5548 2800 5597 et
2830 5539 3225 5613 patriarcham
3258 5538 3416 5594 nudo
3458 5537 3648 5609 capite
3679 5551 3832 5591 con-

2155 5619 2501 5678 apiciantur.

2226 5681 2304 5752 (9)
2367 5683 2506 5740 Puto
2538 5684 2960 5756 Apraepeudulia
3001 5680 3178 5756 idem
3234 5687 3409 5755 atque
3457 5680 3525 5734 τὰ
3563 5678 3817 5756 διατάσει-

2157 5748 2255 5807 στα
2284 5748 2461 5827 ἀπο,
2494 5748 2592 5813 ﬁla
2621 5748 2724 5814 ill'a
2763 5754 3211 5831 margaritarum
3259 5748 3332 5811 et"
3373 5748 3820 5821 stemmatibus,
