4158 6374
406 386 526 446 463

1259 380 1360 442 DE
1402 379 1853 443 GERIMONHS
1901 375 2130 443 AULzE
2174 375 2642 438 ΒῩΖΑΝΤῙΝιΕ
2687 377 2831 438 LIB.
2883 377 2969 439 I.’

3709 376 3828 438 464

407 529 466 584 in
499 527 729 583 diciono
761 523 1056 592 subsistit,
1095 527 1395 580 senatores
1437 538 1572 580 vero
1621 539 1740 578 una
1786 537 1918 580 cum
1950 536 2050 593 pa-
2086 578 2088 584 ς

2177 515 2450 590 Λύγούστα
2511 514 2585 578 εἷς
2631 515 2694 570 τὸ
2754 512 3094 588 δικιόνιονπ,
3125 515 3216 571 καὶ
3256 511 3546 571 πίπτουσιν
3597 513 3652 569 οἱ
3699 535 3829 588 συγ·

407 616 592 672 triciis
625 615 888 681 adorant,
903 612 1050 686 ipsis
1065 629 1177 686 que
1190 612 1594 685 surgentibus,
1613 610 1960 684 praepositus
1985 607 2059 664 si-

405 704 679 761 lentiario
707 703 943 774 signum
967 704 1090 772 dat,
1124 707 1180 758 et
1225 701 1369 758 dicit
1403 719 1416 756 :
1450 725 1478 751 «
1511 701 1745 767 Jubete,
1791 721 1818 749 ››
1869 697 2059 755 ceteri

406 811 510 867 pro
534 810 693 850 more
742 793 1090 850 acclamant.
1125 794 1280 850 124
1317 794 1456 849 Inde
1513 796 1758 848 senatus
1787 789 2058 856 discedit,

407 890 466 941 et
484 900 588 956 per
605 884 858 939 mediam
890 883 1206 938 tribunalis
1229 888 1454 954 portam
1479 896 1848 953 progressus,
1871 879 1932 934 in
1959 895 2057 934 su-

408 975 613 1046 periori
649 973 816 1031 scala:
851 977 1012 1044 parte
1043 974 1112 1028 ab
1148 977 1394 1044 utroque
1448 973 1646 1039 latere,
1699 974 1764 1025 ut
1794 969 1855 1024 in
1887 969 2059 1024 obsec

406 1065 562 1136 quio,
595 1068 763 1131 astat,
815 1068 1156 1118 ceterorum
1189 1078 1320 1116 vero
1377 1060 1707 1116 officiorum
1771 1057 2062 1130 principes

408 1153 483 1210 ad
539 1152 678 1208 item
713 1151 987 1221 tribunal,
1033 1151 1130 1206 ubi
1161 1165 1324 1219 crux,
1377 1155 1630 1220 sceptra,
1681 1146 1879 1203 labare
1927 1160 2061 1202 cum

409 1243 634 1298 ceteris
663 1241 839 1309 vasis,
874 1241 1104 1296 duabus
1139 1239 1488 1296 factionibus
1521 1254 1586 1294 ac
1617 1235 1775 1292 omni
1835 1235 2064 1306 reliqua

412 1336 584 1390 turba
615 1333 1258 1403 adsunt,desoendunt,
1290 1330 1547 1402 praefecti
1566 1335 1888 1386 turmarum
1923 1344 2062 1384 suas

417 1423 700 1480 stationes
731 1427 865 1478 ante
897 1439 1031 1478 vasa
1078 1425 1391 1493 occupant.
1431 1422 1694 1490 Dumque
1737 1423 1976 1474 senatus
2007 1421 2064 1474 et

410 1513 644 1585 patricii
694 1512 911 1579 egressi
954 1515 1176 1579 astant,
1235 1512 1500 1582 Augusta
1555 1528 1586 1564 a
1645 1507 1952 1580 praeposito
2010 1513 2064 1562 et

411 1601 744 1674 primicerio
767 1602 1041 1668 adducta,
1066 1604 1381 1670 comparet,
1415 1599 1602 1670 eique.
1637 1598 1696 1652 in
1731 1597 1924 1652 medio
1964 1611 2062 1651 soo

411 1691 556 1748 lario
571 1691 810 1757 astanti,
840 1691 1118 1746 factiones
1139 1689 1402 1744 etomnis
1423 1687 1670 1759 populus
1693 1686 2021 1742 acclamant
2045 1701 2060 1740 :

412 1805 436 1832 ‹‹
469 1782 740 1847 Sanctus,
763 1784 1276 1848 sanctus,sanctus
1304 1777 1318 1832 l
1352 1777 1624 1834 Gloriain
1647 1773 1888 1833 excelsis
1921 1775 2062 1839 Deo,

2167 604 2425 674 κλητικοὶ
2456 603 2570 680 ἅμα
2620 609 2738 668 τοῖς
2789 603 3125 680 πατρικίοις,
3185 604 3276 660 καὶ
3337 601 3678 660 ἀναστάντων
3729 604 3830 659 αὖ·

2168 700 2299 764 τῶν,
2332 695 2471 750 νεύει
2505 695 2532 750 ὁ
2576 693 2939 770 πραιπόσιτος
2975 697 3056 766 τῷ
3101 693 3476 770 σιλεντιαρίῳ,
3507 694 3596 749 καὶ
3654 693 3826 770 λέγει·

2170 809 2198 836 ‹‹
2269 784 2596 852 Κελεύσατε,
2659 809 2688 837 ››
2747 782 2838 839 καί
2907 783 3258 858 ἑπεύχονται.
3316 783 3419 840 Καὶ
3487 783 3736 839 ἀποκινεῖ
3792 783 3829 852 ὴ

2169 873 2474 950 σύγκλητος
2506 875 2576 943 ⁷⁸,
2622 873 2711 928 καὶ
2760 872 3034 953 ἐξερχεται
3078 870 3168 928 διὰ
3203 877 3301 928 τοῦ
3359 871 3527 946 μέσου
3570 877 3830 934 πυλῶνος

2166 967 2262 1018 τοῦ
2293 957 2690 1038 τριόουναλίου
2719 959 2866 1018 ἔνθεν
2899 963 3141 1018 κάκεῖθεν
3174 963 3250 1025 εἰς
3285 963 3386 1032 τὴν
3427 959 3673 1036 κεφαλὴν
3718 962 3829 1017 τῶν

2170 1055 2411 1128 βάθρων,
2453 1055 2633 1118 καθὼς
2683 1053 3049 1128 ὀψικεύουσιν·
3107 1053 3160 1107 οἱ
3209 1049 3266 1108 δὲ
3315 1049 3502 1107 λοιποὶ
3565 1048 3831 1128 ἄρχοντες

2167 1146 2274 1197 τῶν
2307 1143 2602 1217 ταγμάτων
2633 1141 2996 1217 κατέρχονται
3025 1139 3077 1196 ἒν
3118 1145 3197 1214 τῷ
3237 1140 3382 1215 αὐτῷ
3435 1136 3830 1217 τριεουναλίῳ,

2171 1229 2292 1286 ἔνθα
2318 1228 2535 1287 ῖσταται
2567 1231 2596 1286 ὁ
2647 1233 2873 1306 σταυρὸς
2903 1232 2994 1286 καὶ
3034 1231 3102 1286 τὰ
3156 1234 3431 1305 σκῆπτρα,
3477 1226 3726 1304 λάϐουρά
3775 1252 3833 1288 τε

2172 1315 2284 1393 ἅμα
2333 1319 2423 1375 καὶ
2488 1325 2596 1376 τῶν
2661 1320 2875 1375 λοιπῶν
2947 1324 3172 1386 σκευῶν,
3215 1321 3281 1375 τὰ
3313 1317 3369 1375 δὲ
3415 1317 3511 1374 δύο
3575 1321 3713 1394 μέρη
3777 1319 3832 1375 ἐν

2168 1413 2248 1480 τῷ
2280 1410 2414 1482 ἅμα,
2440 1410 2528 1463 καὶ
2560 1409 2620 1464 τὸ
2662 1409 2858 1465 λοιπὸν
2894 1410 3033 1464 ἃπαν
3064 1413 3161 1464 τοῦ
3194 1407 3329 1464 λαοῦ
3381 1409 3470 1463 καὶ
3513 1409 3564 1462 oi
3624 1407 3832 1485 ἄρχον-

2170 1519 2257 1560 τες
2312 1503 2420 1554 τῶν
2477 1502 2772 1575 ταγμάτων
2803 1497 3050 1555 ’ίστανται
3106 1496 3411 1573 ἔμπροσθεν
3457 1503 3565 1554 τῶν
3624 1503 3831 1554 σκευῶν

2171 1588 2249 1653 εἷς
2278 1589 2401 1651 τοὺς
2435 1588 2636 1652 τόπους
2665 1588 2865 1644 αὐτῶν.
2913 1586 3018 1644 Καί
3069 1584 3158 1643 ὅτε
3196 1587 3386 1662 ἐξέλθῃ
3425 1589 3460 1657 ἡ
3521 1585 3833 1663 σύγκλητος

2169 1679 2288 1752 ’ἁμα
2325 1684 2442 1742 τοῖς
2489 1677 2797 1754 πατρικίοις
2855 1679 2945 1733 καὶ
3009 1683 3230 1748 στῶσιν,
3291 1676 3568 1754 ἀναφαίνει
3622 1680 3734 1752 (11)
3793 1681 3830 1748 ἡ

2170 1768 2486 1844 Αύγούστα,
2563 1766 2914 1843 ὁδηγουμένη
2973 1768 3076 1823 ὑπὸ
3131 1771 3228 1823 τοῦ
3295 1768 3658 1841 πραιποσίτου
3738 1767 3832 1823 καὶ

412 1888 523 1942 pax
553 1870 613 1925 in
645 1869 838 1925 terra!
867 1890 893 1918 ι»
919 1868 1391 1924 recitantdeinde
1423 1866 1706 1922 factiones
1736 1864 1942 1920 laudes
1975 1880 2066 1920 co.

2177 1861 2568 1935 πριμικηρίου,
2621 1858 2709 1914 καὶ
2761 1862 2964 1929 στάσης
3033 1857 3202 1927 αὐτῆς
3271 1856 3346 1920 εἷς
3391 1859 3490 1928 τὴν
3545 1859 3714 1932 μέσην
3735 1863 3831 1914 τοῦ

2187 1948 2238 1959 ..
2384 1952 2410 1959 _
2485 1946 2496 1959 .
2918 1947 2931 1959 .
3055 1943 3064 1959 .
3261 1947 3272 1959 .
3327 1941 3348 1959 η
3583 1951 3609 1959 -
3673 1945 3691 1959 ς
3779 1951 3806 1959 ..

413 1961 706 2016 ronationi
739 1965 923 2028 aptas.
951 1958 1268 2030 Postquam
1290 1959 1552 2028 Augusta
1581 1973 1612 2013 e
1644 1955 1836 2011 modio
1856 1953 2066 2010 solario

415 2049 678 2116 excessit,
715 2049 785 2103 ad
820 2047 1045 2104 medios
1105 2047 1395 2103 cancellos
1427 2045 1720 2113 subsistit,
1755 2044 1854 2099 ubi
1888 2044 2066 2099 ostia-

417 2140 545 2194 rius
575 2138 723 2193 duos
748 2137 857 2208 ipsi
891 2152 1088 2192 cereos
1117 2135 1317 2201 tradit,
1344 2151 1490 2206 quos
1522 2151 1700 2190 manu
1735 2137 1960 2201 tenens,
1994 2132 2065 2187 ad

417 2242 651 2283 crucem
686 2227 929 2292 adorat;
978 2241 1095 2296 quo
1153 2223 1328 2291 facto,
1363 2239 1654 2295 proceres,
1679 2239 1817 2277 vasa
1846 2221 2063 2290 omnia,

418 2321 671 2389 sceptra,
697 2315 895 2369 labare
919 2317 976 2368 et
1007 2312 1232 2384 reliqua
1254 2313 1312 2367 in
1346 2328 1534 2385 genua
1565 2311 1976 2383 procumbunt,
2011 2313 2066 2366 et

417 2406 606 2476 ipsam
649 2407 1021 2459 venerantur.

2175 1948 2436 2019 ἡλιακοῦ,
2480 1945 2835 2020 ὰνακράζουσι
2875 1947 2942 2001 τὰ
3000 1943 3139 2020 μέρη
3189 1947 3276 2002 καὶ
3322 1941 3459 2001 ἅπαν
3516 1951 3614 2002 τοῦ
3673 1945 3831 2002 λαοῦ’

2177 2045 2206 2091 '«
2241 2038 2454 2112 ιἌγιος,
2511 2038 2688 2114 ἅγιος,
2749 2037 2924 2112 ἅγιος·
2989 2035 3116 2107 δόξα
3177 2035 3228 2092 ἐν
3292 2037 3540 2110 ὑψίστοις
3572 2041 3709 2110 Θεῷ,
3739 2038 3831 2092 καὶ

2177 2125 2265 2182 ὲπὶ
2315 2133 2420 2200 γῆς
2478 2126 2744 2201 εἰρήνην)
2806 2125 2896 2180 καὶ
2937 2123 3306 2200 ἆκτολογοῦσι
3345 2126 3410 2181 τὰ
3465 2127 3600 2201 μέρη
3649 2129 3716 2181 sit
3751 2129 3834 2200 τῷ

2177 2216 2424 2291 στεψίμῳ
2461 2216 2792 2290 ἁρμόζοντα.
2847 2215 2944 2270 Καὶ
2992 2217 3242 2271 ἆποκινεῖ
3298 2219 3333 2286 ἠ
3380 2216 3666 2292 Αὐγούστα
3723 2216 3832 2273 ἀπὸ

2174 2309 2275 2376 τὴν
2298 2309 2344 2344 ⁷⁸
2375 2306 2544 2381 μέσην
2580 2309 2696 2381 (12)
2725 2311 2822 2362 τοῦ
2863 2306 3122 2378 ἡλιακοῦ,
3153 2306 3243 2362 καὶ
3285 2305 3374 2362 ὅτε
3403 2306 3613 2378 ἆπὲλθη
3647 2306 3725 2370 εἰς
3771 2309 3834 2363 τὸ

2178 2399 2341 2471 μέσον
2386 2395 2675 2471 κάγκελον.
2721 2393 3004 2471 ’ίσταυρὸν,
3050 2397 3142 2450 καὶ
3201 2393 3516 2451 ἐπιδίδωσιν
3563 2398 3591 2450 ὁ
3649 2397 3835 2451 ἀστιά·

422 2514 537 2570 ριος
593 2494 756 2564 ζυγήν
801 2492 1006 2563 κηροὺς
1063 2491 1152 2544 καὶ
1209 2483 1454 2544 λαϐοῦσα
1511 2487 1638 2550 τοὺς
1703 2486 1910 2561 κηροὺς
1965 2491 2118 2542 ποιεῖ
2141 2487 2508 2563 προσκύνησιν
2564 2485 2650 2541 ἐπὶ
2709 2487 2801 2541 τὸν
2851 2487 3102 2562 σταυρὸν,
3155 2486 3243 2542 καὶ
3303 2487 3492 2549 εὐθέως
3540 2485 3832 2541 πίπτουσιν

420 2585 474 2639 οἱ
504 2583 764 2657 ἄρχοντες
793 2581 882 2637 καὶ
908 2584 1302 2655 προσκυνοῦσιν
1345 2579 1511 2649 αὐτὴν
1553 2578 1643 2634 καὶ
1675 2578 1740 2633 τὰ
1771 2577 1933 2649 σκεύη
1967 2579 2163 2652 πάντα,
2185 2586 2457 2654 σκῆπτρα,
2491 2573 2736 2654 λάϐουρα
2756 2583 2846 2634 καί
2874 2579 2941 2634 τὰ
2971 2579 3159 2636 λοιπά.

490 2677 584 2730 IV.
663 2674 986 2736 Postremo,
1037 2672 1183 2727 actis
1225 2671 1691 2742 inaugurationis
1741 2669 2074 2741 completis,

420 2771 725 2835 postquam
779 2761 1058 2816 factiones
1107 2768 1346 2832 precatae
1376 2764 1551 2815 sunt:
1589 2782 1616 2810 ‹‹
1648 2759 1913 2830 Regnum
1944 2759 2074 2829 boc,

420 2853 599 2916 Deus,
620 2852 788 2905 firma
801 2854 859 2905 et
879 2849 1131 2916 custodi,
1153 2871 1180 2900 »
1196 2853 1335 2904 tunc
1362 2847 1678 2904 triclinium
1693 2846 1824 2904 XIX
1839 2847 2074 2903 accubi-

423 2951 589 2997 tuum
621 2945 921 2996 senatores
935 2943 1162 3010 petunt,
1187 2944 1244 2993 et
1256 2938 1671 2995 consistorium
1689 2954 1869 3008 usque
1891 2938 1960 2993 ad
1982 2937 2075 2991 di-

2258 2675 2328 2725 A'.
2363 2668 2458 2722 Καὶ
2491 2667 2577 2722 ’ὀτε
2610 2666 3000 2742 πληρώσουσιν
3032 2669 3096 2722 τὰ
3131 2665 3271 2744 μέρη
3311 2669 3376 2724 τὰ
3404 2667 3535 2722 ἅκτα
3572 2674 3671 2736 τῆς
3702 2667 3830 2721 ἀνα-

2184 2757 2606 2832 γορεύσεως,καὶ
2630 2755 2824 2811 εἶ’πωσι
2865 2759 3001 2830 (13)·
3039 2781 3066 2808 ››
3099 2760 3276 2815 Τοῦτο
3301 2757 3364 2812 τὸ
3392 2758 3665 2832 βασίλειον
3700 2759 3842 2827 (ili),

2187 2846 2370 2921 Κύριε,
2420 2847 2743 2922 στερέωσον,
2781 2871 2800 2897 ι
2861 2845 3059 2910 εὐθέως
3106 2845 3412 2922 εἰσέρχεται
3452 2849 3487 2916 ἡ
3529 2844 3843 2922 σύγκλητος

2186 2935 2263 2998 εἷς
2293 2938 2384 2992 τὸν
2414 2937 2664 3011 πόρτηκα
2684 2941 2792 2991 τῶν
2838 2939 2904 2991 ιθ¹
2936 2931 3261 3008 ἀκουϐίτων,
3302 2938 3392 2992 καὶ
3421 2939 3664 2992 ἳστανται
3705 2957 3837 2992 κον·

425 3031 679 3088 cionium
705 3029 1123 3098 etonOpodium
1147 3027 1543 3094 consistuunt,
1569 3029 1820 3098 dumque
1834 3035 2074 3082 senatus

2188 3027 2474 3102 σιστώριον
2512 3027 2680 3101 μέχρι
2707 3030 2803 3081 τοῦ
2837 3023 3195 3082 δικιονίουκαὶ
3215 3025 3529 3096 ὀνοποδίου,
3551 3029 3606 3082 αἱ
3634 3023 3690 3082 δὲ
3717 3047 3845 3104 συγ-

425 3118 762 3175 interiorem
797 3115 1458 3188 portamingressusest,
1483 3117 1712 3171 femine
1735 3121 2073 3171 senatorum

417 3226 552 3265 ‘una
565 3211 776 3273 astant,
793 3215 845 3260 et
862 3206 930 3260 ad
951 3214 1144 3276 portas
1156 3207 1440 3260 eburneas
1452 3204 1830 3261 castrensium
1844 3204 2078 3270 abeunt,

429 3298 532 3364 ibi,
565 3297 705 3351 dum
725 3297 987 3365 Augusta
1008 3293 1374 3365 ingrediatur
1391 3297 1760 3364 augusteum,
1782 3297 2078 3364 exspecta-

427 3392 596 3442 tura.
626 3385 895 3451 Senatus,
929 3398 1118 3455 usque
1149 3381 1284 3438 dum
1308 3383 1436 3438 duae
1464 3382 1744 3438 factiones
1786 3383 2076 3439 acclama-

430 3479 568 3532 runt
599 3491 612 3529 :
654 3495 680 3526 α
712 3472 922 3528 Multos
978 3488 1182 3540 annos,
1215 3477 1350 3539 etc.,
1383 3493 1411 3523 »
1449 3472 1525 3528 ibi
1562 3475 1798 3540 manet;
1850 3476 2080 3544 peracta

427 3580 564 3620 vero
595 3561 1033 3627 acclamatione,
1053 3563 1317 3632 Augusta
1348 3560 1485 3617 hinc
1518 3560 1678 3617 illinc
1711 3561 1785 3616 ad
1815 3562 1962 3616 duas
1994 3561 2079 3617 fa-

427 3655 650 3710 ctiones
700 3653 926 3721 adorat,
960 3666 1092 3707 mox
1123 3649 1558 3721 introgreditur,
1611 3650 1964 3706 factionibus
1997 3651 2079 3706 dl-

425 3743 726 3800 centibus:
761 3763 790 3792 «
847 3741 999 3796 Deus
1031 3742 1355 3811 Augustam
1403 3743 1591 3796 servet
1618 3739 1630 3794 l
1663 3763 1690 3791 »
1717 3741 1942 3798 Interea
1974 3757 2074 3813 pa-

421 3833 597 3889 tricias
630 3832 786 3888 intra
810 3835 1035 3902 portam
1065 3828 1373 3886 tribunalis
1399 3834 1558 3884 stant
1586 3833 1644 3885 et
1674 3833 2020 3902 Augustam,
2042 3847 2076 3886 a

419 3921 636 3977 solario
667 3920 781 3976 huc
811 3919 1154 3986 venientem,
1189 3918 1261 3974 ad
1299 3934 1534 3974 auream
1570 3935 1809 3975 manum
1845 3919 2074 3992 patricii

419 4011 778 4066 comitantur
811 4025 822 4062 :
857 4015 1146 4064 secretum
1179 4022 1312 4063 vero
1329 4006 1636 4064 consulum
1662 4024 1844 4080 usque
1874 4009 1942 4064 ad
1983 4007 2073 4063 die

418 4098 675 4154 cioaium
710 4100 845 4158 stat.
879 4113 993 4168 quo
1022 4099 1330 4168 postquam
1362 4097 1622 4168 Augusta
1662 4096 1930 4165 accessit,
1967 4112 2071 4153 ac-

416 4187 675 4242 clamant
705 4203 719 4241 :
745 4209 772 4236 «
808 4186 868 4241 In
895 4185 1078 4241 multa
1108 4184 1376 4256 bonaque
1393 4184 1684 4257 tempora!
1722 4207 1750 4235 ››
1773 4185 1864 4241 Sic
1891 4185 2069 4242 etiam

414 4276 643 4349 patricii
675 4277 732 4332 in
767 4290 944 4330 aurea
1005 4291 1184 4330 manu
1244 4273 1481 4344 adsunt,
1517 4275 1776 4346 dumque
1805 4277 2069 4346 Augusta

411 4367 644 4435 transit,
665 4374 1035 4438 augusleum,
1059 4364 1160 4420 ubi
1183 4368 1371 4420 totum
1391 4363 1730 4421 cubiculum
1751 4380 2067 4438 congrega-

409 4460 536 4510 tum
569 4459 676 4524 est,
700 4455 1056 4528 ingressura,
1073 4453 1278 4509 dicunt
1299 4453 1498 4526 lingua
1522 4453 1783 4510 Romana
1810 4472 1822 4508 :
1849 4477 1876 4505 «
1895 4454 2068 4522 Bene,

409 4548 576 4614 bene,
601 4547 767 4612 bene,
829 4543 1131 4614 Augusta!
1165 4542 1410 4615 pulchre
1431 4543 1666 4612 venisti,
1701 4543 1994 4615 Augusta!
2033 4567 2059 4593 ››

410 4637 558 4694 I25
592 4641 797 4692 Postea
827 4635 884 4691 in
911 4642 1258 4704 octagonum
1290 4641 1451 4690 extra
1479 4637 1535 4688 S.
1570 4633 1843 4704 Stephani
1875 4635 2057 4692 sedem

408 4726 582 4794 venit,
607 4727 756 4796 quod
780 4725 923 4782 dum
955 4723 1275 4797 imperator
1303 4716 1436 4779 cum
1480 4723 1750 4794 Augusta
1798 4724 2060 4795 ingredi-

2185 3113 2444 3184 κλητικαί
2511 3119 2757 3189 γυναῖκες
2825 3114 3243 3185 ἀκολουθοῦσαι,
3303 3116 3393 3170 ὅτε
3431 3114 3751 3186 ἀποκινήσει
3802 3115 3839 3184 ἡ

2194 3201 2507 3278 σύγκλητος
2547 3203 2646 3272 τήν
2681 3200 2806 3276 ἔσω,
2842 3203 3180 3276 μεθίστανται
3201 3227 3252 3260 αι
3283 3211 3527 3281 γυναῖκες
3558 3205 3646 3260 καὶ
3677 3202 3848 3280 ἀπέρ-

2187 3289 2487 3366 χονταιὲπὶ
2517 3294 2644 3354 τοὺς
2704 3291 3082 3370 ἐλεφαντίνους
3131 3293 3389 3356 πυλῶνας
3439 3299 3535 3350 τοῦ
3597 3315 3843 3369 καστρη-

2184 3383 2396 3450 σιάκου,
2426 3381 2515 3436 καὶ
2576 3379 2890 3460 ἐκδέχονται
2950 3382 3142 3452 ἐκεῖσε,
3179 3380 3378 3462 μέχρις
3436 3382 3496 3439 ἄν
3548 3383 3838 3458 εἰσὲληῃή

2181 3471 2471 3546 Αὐγούστα
2509 3472 2584 3526 εἰς
2623 3473 2715 3526 τὸν
2767 3472 3086 3547 αὐγουστέα.
3119 3474 3180 3531 Ἡ
3223 3471 3281 3528 δὲ
3328 3472 3634 3548 σύγκλητος
3678 3474 3839 3529 ’ἱστα-

2179 3582 2289 3630 ται,
2315 3570 2511 3637 μέχρις
2543 3556 2603 3616 ἅν
2625 3560 2966 3636 πληρώσωσι
2988 3563 3054 3618 τὰ
3086 3563 3286 3638 μὲρτμι
3311 3563 3502 3619 Πολλά
3523 3565 3588 3619 τὰ
3609 3563 3701 3635 ἔτη
3727 3563 3835 3634 77,)

2179 3650 2267 3704 καὶ
2309 3652 2375 3705 τὰ
2434 3649 2580 3720 ἑξῆς,
2629 3651 2719 3705 καὶ
2770 3652 2860 3705 ὅτε
2917 3650 3259 3726 πληρώσωσι
3311 3653 3410 3722 τήν
3452 3651 3715 3730 εύφηρίαν
3767 3651 3836 3706 τὰ

2182 3738 2342 3812 μέρη,
2393 3745 2686 3814 προσκυνεῖ
2723 3743 2756 3810 ἡ
2800 3740 3086 3817 Αύγούστα
3134 3736 3282 3796 ἔνθεν
3326 3741 3542 3796 κάκεῖσε
3598 3741 3736 3810 πρὸς
3770 3741 3841 3796 τὰ

2179 3827 2275 3883 δύο
2319 3825 2482 3904 μέρη,
2513 3829 2603 3885 καὶ
2633 3829 2885 3885 ἀποκινεῖ
2921 3837 3020 3899 τῆν
3053 3829 3179 3900 ἔσω,
3213 3831 3301 3886 καὶ
3353 3831 3571 3908 λέγουσι
3620 3832 3687 3885 τὰ
3736 3828 3836 3886 δύο

2181 3916 2340 3991 μέρη·
2387 3942 2414 3971 ιι
2475 3920 2770 3993 Περισώσει
2815 3920 2843 3974 ὁ
2902 3919 3032 3982 Θεὸς
3060 3921 3160 3989 τὴν
3201 3919 3538 3994 Αύγούσταν·
3573 3945 3601 3973 ››
3660 3920 3714 3974 αἱ
3777 3917 3838 3974 δὲ

2175 4008 2456 4082 πατρίκιαι
2497 4007 2743 4064 ἵστανται
2784 4006 2931 4064 ἔνδον
2980 4015 3082 4079 τῆς
3130 4008 3313 4082 πύλης
3379 4015 3477 4066 τοῦ
3534 4005 3832 4085 τριὸουνα-

2178 4095 2324 4165 Λίου,
2355 4097 2443 4152 καὶ
2471 4097 2559 4154 ὅτε
2599 4097 2816 4172 ιῗσέλθῃ
2849 4099 2884 4168 ἡ
2945 4098 3234 4174 Αύγούστα
3282 4100 3388 4156 ἀπὸ
3425 4105 3524 4156 τοῦ
3564 4098 3828 4171 ἡλιακοῦ,

2174 4185 2521 4242 ἆποκινοῦσιν
2573 4187 2624 4242 o't
2682 4185 2962 4262 πατρίκιοι
3017 4188 3185 4264 μέχρι
3243 4190 3342 4258 τῆς
3379 4193 3587 4266 χρυσῆς
3633 4189 3827 4264 χειρὸς

2175 4275 2543 4349 ὀψικεύοντες·
2587 4277 2649 4330 τὸ
2691 4272 2748 4331 δὲ
2803 4277 3051 4352 σὲκρετον
3124 4281 3232 4333 τῶν
3313 4278 3526 4334 ὑπάτων
3606 4277 3826 4332 ἳσταται

2183 4365 2351 4443 μὲχρι
2381 4371 2478 4420 τοῦ
2512 4363 2797 4435 δικιονίου,
2829 4367 2921 4421 καὶ
2952 4367 3042 4422 ’ὀτε
3085 4368 3293 4442 μεσάσῃ
3346 4371 3380 4437 ἡ
3426 4367 3708 4444 Δύγούστα
3748 4367 3832 4432 εἷς

2178 4455 2278 4523 τήν
2337 4454 2504 4528 μέσην
2535 4459 2646 4510 τῶν
2700 4455 2940 4523 ὑπάτων,
2995 4457 3318 4532 ἐπεύχονται
3361 4459 3447 4513 τὸ·
3490 4482 3519 4511 ‹‹
3551 4458 3647 4520 Εἰς
3690 4457 3834 4514 πολ-

2174 4542 2306 4606 λοὺς
2337 4544 2424 4598 καὶ
2451 4544 2684 4621 ἀγαθοὺς
2731 4543 2986 4621 χρόνους.
3033 4569 3061 4599 »
3113 4546 3356 4619 Ὁμοίως
3395 4547 3486 4602 καὶ
3519 4548 3570 4602 οἱ
3635 4547 3837 4624 πατρί-

2169 4655 2279 4689 κιοι
2314 4633 2387 4696 εἰς
2413 4635 2511 4703 τήν
2535 4641 2747 4710 χρυσῆν
2777 4640 2960 4711 χεῖρα,
3003 4636 3092 4692 καὶ
3127 4633 3402 4710 διέρχεται
3435 4640 3470 4708 ἡ
3515 4637 3828 4713 Αὑγούστα,

2168 4723 2259 4780 καὶ
2317 4723 2620 4799 εἰσέρχεται
2683 4721 2758 4785 εἰς
2815 4723 2909 4779 τὸν
2976 4722 3298 4800 αύγουστὲα,
3347 4726 3438 4781 καὶ
3485 4723 3704 4784 ’ίσταται
3763 4729 3830 4782 τὸ

1771 4871 2011 4930 VARI/E
2051 4875 2466 4933 LECTIONES.

477 4987 520 5020 7‘
560 4983 798 5041 δικίονον
831 4989 958 5045 cod.
1037 4987 1082 5024 ⁷⁸
1115 4986 1451 5063 συγκλητική
1484 4988 1573 5044 ed.
1654 4988 1699 5024 ⁷⁸
1727 4986 1833 5042 ἀπὸ
1854 4989 1955 5058 τήν
1976 4992 2128 5063 conj.
2155 4995 2246 5063 R.,
2287 4989 2374 5044 ἐπὶ
2403 4991 2502 5058 τήν
2533 4992 2661 5048 cod.
2697 4997 2752 5048 et
2783 4994 2872 5050 ed.
2951 4995 2994 5030 ⁷⁷
3023 4992 3210 5050 πολλὰ
3247 4991 3339 5066 ἔτη
3372 4997 3462 5054 ed.

1429 5115 1631 5171 JOAN.
1674 5115 1820 5173 JAC.
1865 5117 2136 5173 REISKII
2174 5117 2771 5179 COMMENTARIUS.

475 5237 956 5312 (tl)_Sabintell.
1008 5238 1229 5308 ἑαυτὴν,
1263 5239 1640 5310 semetipssm
1691 5241 2057 5312 conspicien-

403 5308 538 5382 dam
597 5309 714 5382 dat,
778 5311 968 5380 prodit
1044 5312 1102 5366 in
1153 5308 1528 5382 conspectum
1565 5328 1590 5382 ;7
1659 5308 2058 5382 quod'potest

401 5380 525 5435 ﬁeri
556 5381 788 5456 etiamsi
822 5399 933 5456 non
970 5382 1202 5456 sublato
1231 5380 1352 5456 velo
1385 5383 1511 5451 ;vel
1543 5380 1918 5456 tamquam
1939 5383 2057 5437 ἒαυ-

397 5457 518 5579 ζῆς,
553 5451 711 5579 qiggd
759 5459 823 5509 ut
855 5454 978 5523 fiat,
1032 5452 1353 5510 tollendum
1403 5460 1494 5510 est
1533 5451 1748 5510 velum.
1795 5455 1928 5511 Vid.
1980 5457 2051 5512 ad

441 5541 529 5579 ac.
682 5567 692 5578 .

397 5540 812 5723 Ρῗδὲῖἓέίωι
843 5598 975 5653 novi
1007 5595 1188 5652 Graeci
1218 5594 1324 5650 ἀπὸ
1355 5613 1490 5653 cum
1550 5598 1880 5655 accusativo
1911 5615 2047 5654 con-

397 5684 422 5723 s
461 5684 650 5723 ruere.

394 5684 650 5724 Struere.

467 5741 578 5816 (l3)
609 5739 910 5798 Coberent
957 5738 1115 5797 enim
1139 5746 1294 5796 arcto
1327 5755 1476 5797 nexu
1510 5755 1643 5797 cum
1671 5741 1764 5798 bis
1795 5757 2046 5816 sequen-

2169 5242 2249 5297 tia
2280 5251 2333 5298 et
2363 5244 2636 5315 apodosis
2688 5245 2760 5301 ad
2793 5245 2884 5300 ὅτε
2939 5253 3029 5304 est
3073 5247 3131 5304 in
3182 5247 3371 5306 verbis
3403 5242 3603 5309 εὐθέως
3643 5245 3830 5322 sia-ip-

2420 5385 2551 5442 Hec
2608 5389 2988 5468 vox_Graic_i_s
3043 5390 3396 5468 novisidem
3456 5393 3634 5468 atque
3669 5391 3829 5468 βασι-

2165 5452 2610 5536 λεία,’νεᾳηιιιη,
2668 5460 2840 5536 valet.
2900 5461 3452 5536 Hinc_intelli_gitur
3499 5452 3680 5536 gmira'
3716 5463 3830 5522 illa

2162 5529 2341 5652 gictio
2390 5529 2652 5614 TlleOQb.
2689 5548 2703 5587 :
2737 5531 2967 5607 ’Ἃρ-χειν
3025 5532 3090 5588 τὸ
3164 5529 3444 5609 βασίλειον
3499 5532 3609 5590 τῶν
3671 5540 3828 5590 Σκυ-

2195 5620 2290 5652 ων.
2347 5599 2585 5652 admum
2613 5619 2848 5652 manum
2897 5604 3256 5652 Scytharum-
3306 5607 3566 5652 'l‘hnnnh-
3601 5623 3657 5652 η,
3708 5608 3820 5652 882

2162 5599 2313 5729 23;}.
2613 5599 3256 5678 regnurifScyt/carim.
3306 5607 3568 5682 TbeOpb.
3601 5623 3660 5680 p.
3708 5608 3820 5666 88:
