4158 6406
402 414 520 480 465

1294 421 1392 482 DE
1435 420 1893 484 CERIMONIIS
1934 423 2172 485 AULIE
2217 422 2696 484 ΒΥΖΑΝΤΙΝᾸΞ
2744 423 2891 483 LIB.
2943 420 2985 481 l.

3734 421 3855 481 466

410 555 519 607 π’άν
554 552 645 605 τοῦ
689 540 1099 605 κουϐουκλείου
1147 548 1224 612 εἰς
1269 552 1362 607 τὸν
1411 551 1730 628 αὐγουστέα,
1782 553 1875 609 καὶ
1929 554 2073 609 Ῥω-

2191 557 2309 625 tur,
2344 553 2605 612 officium
2638 552 2982 623 celebratur,
3009 560 3067 609 et
3095 544 3176 609 sic
3208 568 3237 609 e
3268 552 3480 625 templo
3510 552 3847 612 discedunt.

419 640 679 716 μαῒζουσι·
731 660 761 691 α
815 640 1004 710 Βαῖνε,
1056 641 1209 713 βαῖνε
1247 644 1383 715 (51),
1437 644 1472 711 ἡ
1527 642 1845 720 Αὐγούστα·
1879 640 2083 704 καλῶς

2196 643 2524 718 Liturgiam
2574 660 2708 700 vero
2759 659 2981 700 sacram
3040 642 3374 715 patriarcha
3424 642 3697 711 celebrat,
3731 659 3851 715 qua

422 733 601 801 ἦλθες,
630 731 663 798 ἡ
696 726 1017 805 Αὐγούστα.
1050 753 1080 781 ››
1125 729 1222 784 Καὶ
1268 729 1574 809 εἰσέρχεται
1605 733 1639 802 ἡ
1674 731 1976 807 Αὐγούστα
2006 730 2082 795 εἷς

2195 734 2384 802 finita,
2420 734 2650 791 Domini
2681 750 2814 790 cum
2856 736 3123 805 Augusta
3173 732 3418 803 intrant,
3462 736 3520 788 et
3549 733 3846 789 coronatio

418 821 480 876 16
526 819 835 893 ὀκτάγωνον
867 817 934 872 τὸ
964 812 1069 887 ἔξω
1098 822 1198 874 τοῦ
1229 818 1415 895 ιΛγίου
1449 821 1748 899 Στεφάνου,
1780 821 1870 877 καὶ
1912 820 2082 895 εἰσέρ-

2195 822 2469 895 nuptialis
2500 824 2820 896 peragitur.

413 910 571 965 χεται
623 909 651 962 6
694 904 953 983 βασιλεὺς
1000 908 1090 963 καὶ
1143 910 1177 977 ἡ
1225 906 1512 985 Αὐγούστα
1564 909 1640 973 εἷς
1690 910 1751 965 τὸ
1803 910 1987 985 Ἀγιον
2052 909 2343 987 Στέφανον,
2394 910 2485 966 καὶ
2532 910 2734 987 γίνεται
2784 909 2847 964 τὸ
2900 915 3170 983 μνῆπρον
3224 909 3355 981 (16),
3404 907 3494 962 καὶ
3534 906 3843 982 ἐξέρχονται

404 1003 510 1066 τῆς
542 995 862 1067 ἐκκλησίας.
900 995 1005 1053 Καὶ
1038 994 1402 1071 λειτουργεῖὸ
1441 999 1812 1074 πατριάρχης,
1843 1001 1932 1055 καὶ
1974 1000 2064 1055 ὅτε
2102 998 2367 1056 ἀπολύσει
2409 1002 2443 1071 ἡ
2496 999 2827 1074 λειτουργία,
2880 998 3219 1073 εἰσέρχονται
3268 998 3320 1052 οἱ
3370 993 3624 1052 δεσπόται
3682 998 3771 1052 καὶ
3804 1001 3839 1067 ἡ

399 1086 727 1161 Δύγούστα,
759 1084 850 1141 καὶ
883 1085 1085 1160 γίνεται
1115 1087 1178 1141 τὸ
1211 1087 1554 1164 στεφάνωμα.

472 1178 557 1235 E'.
590 1176 722 1252 Χρή
757 1173 815 1231 δὲ
844 1172 1066 1248 εἰδέναι,
1098 1174 1181 1231 ὅτι
1212 1176 1243 1230 6
1286 1175 1545 1251 βασιλεὺς
1584 1176 1916 1254 ἐστεμμένος
1946 1200 2074 1235 στε-

402 1270 694 1345 φανοῦται,
770 1266 862 1320 καὶ
935 1261 1250 1340 ἐξέρχονται
1336 1265 1769 1345 ἐστεφανωμένοι
1828 1267 1917 1323 ἐπὶ
1975 1272 2076 1339 τὴν

404 1361 620 1432 χρυσῆν
652 1360 840 1431 χεῖρα,
881 1355 969 1410 καὶ
1023 1352 1280 1432 ὃέγονται
1330 1357 1381 1411 oi
1431 1357 1708 1430 πατρίκιοι
1742 1356 1794 1412 ἐν
1836 1362 1916 1430 τῷ
1951 1357 2074 1413 ὀνο-

406 1442 609 1518 ποδίῳ,
656 1444 749 1500 καὶ
797 1442 1040 1500 στάντων
1094 1448 1202 1500 τῶν
1248 1446 1298 1481 ⁷⁸
1346 1442 1644 1515 δεσποτῶν,
1696 1447 1988 1502 πίπτουσιν
2021 1449 2073 1503 οἱ

409 1534 585 1593 αὐτοί.
630 1535 731 1591 Καὶ
780 1534 1125 1590 ἀναστάντων
1183 1533 1383 1602 αὐτῶν,
1439 1535 1580 1591 νεύει
1636 1538 1664 1591 6
1710 1537 2073 1611 πραιπόσιτος

403 1629 484 1697 τῷ
540 1630 643 1693 τῆς
703 1623 1107 1689 καταστάσεως,
1165 1622 1257 1678 καὶ
1335 1622 1507 1700 λέγει’
1572 1650 1600 1677 ‹‹
1664 1625 1985 1695 Κελεύσατε,
2043 1650 2070 1677 ››

402 1715 494 1770 καὶ
527 1712 875 1787 ἐπεύχονται·
915 1735 944 1764 ι(
974 1711 1069 1774 Εἷς
1098 1711 1352 1776 πολλοὺς
1382 1714 1473 1768 καὶ
1496 1715 1730 1787 ἀγαθοὺς
1752 1715 2006 1789 χρόνους,
2042 1737 2069 1765 η

408 1804 502 1859 καὶ
564 1803 943 1868 ἀποκινοῦσιν,
1005 1800 1353 1875 ὀψικεόοντες
1414 1802 1581 1877 μέχρι
1646 1807 1748 1858 τοῦ
1819 1802 2071 1878 σεκρέτου

409 1898 522 1949 τῶν
559 1894 797 1961 ὑπάτων,
844 1892 933 1947 καὶ
977 1893 1220 1948 στάντων
1258 1898 1368 1947 τῶν
1420 1891 1726 1961 δεσποτῶν,
1777 1894 2070 1950 πίπτουσιν

402 1985 455 2039 οἱ
518 1980 884 2057 συγκλητικοὶ
944 1979 1132 2042 πάντες
1210 1977 1325 2055 ἅμα
1400 1987 1518 2045 τοῖς
1587 1983 1918 2055 πατρικίοις,
1977 1983 2067 2037 καὶ

396 2071 749 2129 ἆταστάντων
806 2069 1009 2137 αὐτῶν,
1066 2071 1210 2126 νεύει
1262 2072 1290 2125 6
1349 2072 1709 2147 πραιπόσιτος
1764 2077 1842 2145 τῷ
1882 2043 2145 2128 σιλεν-Β

399 2160 624 2235 τιαρίῳ,
679 2159 773 2213 καὶ
834 2157 1005 2234 λέγει·
1071 2182 1099 2211 ‹‹
1149 2158 1476 2230 Κελεύσατε,
1527 2185 1556 2213 ››
1595 2161 1685 2215 καὶ
1719 2162 2065 2217 ἀποκινοῦσιν

408 2249 751 2324 ὄψικεύοντες
784 2247 955 2325 μέχρι
1000 2253 1097 2304 τοῦ
1150 2254 1379 2306 παστοῦ.
1428 2250 1511 2307 Τὰ
1542 2248 1600 2305 δὲ
1633 2250 1771 2325 μέρη
1807 2248 2061 2326 δέχονται

406 2341 484 2403 εἰς
535 2340 625 2395 τὸν
676 2339 961 2413 τρίκλινον
993 2342 1039 2377 7’
1066 2345 1174 2395 τῶν
1233 2337 1569 2395 κανδιδάτων
1630 2340 1768 2396 ἔνθεν
1820 2341 2060 2397 κάκεῖθεν

396 2429 635 2501 πλησίον
668 2433 778 2484 τῶν
811 2426 1133 2504 γραδηλίων
1167 2436 1268 2499 τῆς
1304 2429 1611 2504 Μαναῦρας,
1646 2431 1696 2485 οἱ
1738 2429 1796 2486 δὲ
1834 2432 2062 2504 κράκται

387 2524 501 2575 τῶν
536 2517 634 2574 δύο
679 2524 864 2592 μερῶν
892 2518 1169 2590 ἡνωμένοι
1204 2517 1458 2593 λέγουσιν
1495 2521 1547 2573 oi.
1580 2518 1885 2599 ἄμφότεροι
1916 2522 2061 2595 ὁμοῦ

388 2612 486 2673 τὰς
520 2610 929 2686 ἀναφωνήσεις,
977 2610 1045 2665 τὰ
1092 2606 1149 2665 δὲ
1202 2606 1407 2686 ὄργανα
1446 2609 1704 2666 αὐλοῦσιν
1748 2610 1835 2665 ἐπὶ
1865 2612 1928 2666 τὸ
1962 2611 2062 2683 μέ-

402 2719 493 2773 ρος
549 2704 659 2754 τῶν
720 2698 1021 2773 Πρασίνων.
1084 2699 1182 2754 Καὶ
1214 2698 1303 2755 ὅτε
1346 2697 1534 2775 διέλθῃ
1596 2701 1657 2755 τὸ
1711 2701 2057 2776 στεφάνωμα,

410 2786 755 2865 εἰσέρχονται
780 2789 845 2843 τὰ
895 2788 1032 2863 μέρη
1083 2788 1159 2850 εἷς
1210 2788 1304 2844 τὸν
1353 2791 1581 2863 παστὸν,
1612 2792 1703 2844 καὶ
1730 2788 1971 2845 ’ίστανται
2006 2790 2057 2844 οἱ

414 2875 671 2951 βασιλεῖς
701 2875 1004 2949 ἐστεμμένοι
1059 2877 1137 2942 εἷς
1183 2878 1275 2933 τὸν
1307 2881 1539 2946 παστὸν,
1567 2880 1658 2934 καὶ
1689 2878 2056 2954 ἀκτολογοῦσι

407 2965 476 3019 τά
526 2964 670 3037 μέρη
720 2965 785 3019 τὰ
828 2967 951 3020 κατά
999 2969 1299 3037 συνήθειαν.
1353 2968 1455 3024 Καὶ
1504 2967 1840 3046 ἀπέρχονται
1881 2966 1932 3022 οἱ
1966 2964 2056 3022 δε-

399 3057 603 3110 σπόται
644 3054 1071 3132 ἐστεφανωμένοι
1116 3056 1198 3112 sic
1251 3058 1352 3127 τὴν
1407 3058 1626 3132 κόγχην
1683 3061 1781 3113 τοῦ
1827 3060 2054 3127 παστοῦ,

394 3144 527 3201 ἔνθα
568 3144 785 3199 ’ίσταται
836 3146 863 3200 6
917 3146 1198 3222 βασικικὸς
1245 3142 1571 3223 κράϐάττος,
1619 3146 1710 3202 καὶ
1754 3146 1960 3210 τιθέασι
1989 3148 2057 3200 τὰ

405 3234 688 3308 στέμματα
735 3235 821 3290 ἐπὶ
872 3237 965 3292 τὸν
1032 3232 1356 3311 κράϐαττον,
1407 3238 1498 3292 καὶ
1548 3234 1746 3299 εὐθέως
1786 3236 2056 3312 ἀπέρχον-

2256 1181 2320 1237 ν.
2356 1180 2931 1255 Nequepraetermitti
2956 1180 3062 1237 hoc
3085 1179 3211 1236 loco
3236 1180 3843 1249 debet,imperatorem

2181 1275 2337 1327 serto
2369 1271 2705 1327 redimitum
2756 1272 3041 1335 coronari,
3074 1274 3131 1326 et
3180 1271 3252 1326 ad
3304 1285 3543 1326 auream
3594 1286 3837 1325 manum

2181 1376 2479 1433 egressum
2511 1379 2545 1416 a
2579 1360 2843 1431 patriciis
2874 1359 2932 1414 in
2974 1360 3265 1430 onopodio
3297 1358 3504 1429 excipi,
3538 1358 3660 1430 qui,
3693 1359 3835 1413 dum

2181 1450 2515 1506 subsistunt
2543 1449 2798 1516 Domini,
2823 1449 2882 1504 in
2916 1457 3127 1505 terram
3153 1448 3487 1520 procidunt.
3521 1448 3839 1519 Postquam

2178 1555 2313 1595 vero
2364 1556 2687 1607 surrexere,
2739 1538 3091 1611 praepositus
3149 1537 3387 1609 signum
3436 1536 3840 1593 cerimoniario

2179 1630 2295 1696 dat,
2330 1629 2430 1701 qui
2463 1629 2606 1685 dicit
2638 1646 2651 1682 :
2690 1648 2714 1680 α
2748 1628 2975 1694 Jubete,
3010 1649 3037 1677 »
3071 1625 3277 1698 reliqui
3322 1627 3577 1682 faustum
3612 1642 3677 1681 ac
3710 1623 3841 1680 diu-

2179 1722 2424 1774 turnum
2466 1717 2776 1788 imperium
2827 1718 3233 1788 apprecantur,
3267 1723 3318 1771 et
3350 1716 3411 1771 in
3443 1715 3731 1786 obsequio
3765 1715 3837 1769 ad

2178 1811 2466 1865 secretum
2493 1806 2805 1863 consulum
2829 1806 3068 1873 abeunt,
3093 1809 3151 1861 et
3171 1804 3430 1861 dominis
3452 1804 3533 1860 ibi
3556 1804 3837 1860 constitu-

2177 1896 2268 1965 tis,
2303 1903 2601 1951 senatores
2652 1910 2854 1950 omnes
2912 1911 3044 1950 cum
3096 1893 3361 1965 patriciis
3412 1892 3832 1965 procumbunt,

2177 1983 3291 2057 quipostquamsurrexere,praapositus
3314 1983 3547 2054 signum
3572 1981 3833 2037 silentia-

2177 2075 2261 2131 rio
2284 2076 2403 2142 dat,
2434 2072 2537 2143 qui
2568 2073 2710 2129 dicit
2734 2089 2748 2129 :
2772 2096 2798 2123 «
2832 2073 3059 2139 Jubete,
3094 2094 3122 2121 »
3154 2076 3211 2128 et
3242 2071 3328 2128 sic
3359 2073 3417 2126 in
3450 2070 3727 2142 obsequio
3752 2071 3825 2125 ad

2174 2161 2502 2218 thalamum
2538 2166 2808 2235 pergunt.
2843 2162 3146 2217 Factiones
3179 2162 3238 2217 in
3271 2160 3521 2216 triclinio
3554 2159 3833 2216 candida-

2174 2255 2369 2307 torum
2411 2252 2481 2307 ab
2515 2256 2766 2323 utroque
2798 2251 2976 2307 latere
3021 2266 3196 2322 prope
3228 2250 3447 2323 gradus
3496 2249 3828 2321 Magnaurm

2172 2341 2525 2411 consistunt,
2557 2342 2864 2398 ambarum
2895 2356 3030 2396 vero
3061 2339 3376 2396 factionum
3413 2344 3700 2408 cantores,
3733 2338 3830 2393 in-

2170 2429 2357 2487 vicem
2382 2430 2598 2502 juncti,
2621 2430 2922 2487 cantiones
2954 2427 3135 2485 simul
3155 2429 3422 2494 recitent,
3447 2429 3584 2484 dum
3610 2444 3828 2501 organa

2171 2520 2231 2576 in
2254 2520 2794 2592 partePrasinorum
2819 2520 3146 2590 pulsantur.
3162 2516 3545 2574 Coronatione
3568 2526 3821 2588 peracta,

2171 2608 2448 2665 factiones
2478 2608 2550 2663 ad
2584 2607 2929 2674 thalamum,
2965 2606 3063 2661 ubi
3094 2607 3326 2662 coronis
3357 2605 3541 2660 ornati
3566 2606 3817 2677 impera-

2169 2702 2327 2754 tores
2358 2703 2533 2768 stanl,
2569 2698 2787 2752 abeunt
2815 2700 2872 2749 ct
2902 2695 3190 2751 solemnes
3223 2694 3673 2751 acclamationes
3696 2712 3824 2765 per-

2168 2794 2367 2857 agunt.
2403 2786 2490 2841 Illi
2518 2802 2650 2841 vero
2681 2783 2962 2851 coronati,
2994 2784 3064 2837 ad
3097 2782 3378 2839 concham
3413 2781 3680 2849 thalami,
3720 2783 3820 2836 ubi

2168 2876 2445 2949 grabatus
2477 2874 2885 2945 imperatorius
2933 2872 3218 2943 repositus
3248 2875 3356 2937 est,
3389 2870 3719 2939 discedunt,
3751 2887 3820 2927 ac

2169 2965 2453 3036 depositis
2483 2964 2563 3018 ibi
2595 2961 2953 3033 coronis,per
2976 2960 3260 3034 porticus,
3284 2960 3448 3032 quasi
3464 2959 3533 3013 ad
3563 2976 3821 3025 amores,

2168 3055 2243 3112 ad
2274 3054 2409 3111 XIX
2457 3054 2759 3109 accubitus
2807 3055 3043 3119 abeunt,
3074 3067 3141 3106 ac
3186 3050 3267 3106 ibi
3318 3066 3535 3105 mensae
3578 3065 3814 3105 accum-

2170 3145 2337 3212 bunt,
2362 3148 2419 3199 et
2451 3148 2762 3215 postquam
2794 3156 3115 3205 surrexere,
3141 3139 3383 3203 amicos,
3416 3155 3564 3210 quos
3598 3139 3809 3195 invita-

2171 3233 2221 3289 ri
2252 3232 2397 3301 vult,
2430 3233 2752 3302 imperator
2790 3228 3070 3296 nominat,
3103 3228 3223 3300 qui,
3277 3233 3337 3284 ut
3383 3243 3505 3283 mos
3546 3233 3651 3294 est,
3684 3228 3819 3283 tha-

404 3346 493 3380 ται
552 3326 603 3379 οἱ
658 3322 913 3381 δεσπόται
967 3323 1058 3381 διὰ
1109 3331 1222 3383 τῶν
1282 3322 1632 3397 ὃιαόατικῶν,
1692 3328 1767 3390 ὡς
1826 3325 1913 3382 ἐπὶ
1966 3327 2056 3380 τὸν

2175 3324 2397 3378 lamum
2432 3321 2675 3375 intrant.

394 3412 591 3489 ἔρωτα,
625 3417 701 3480 εἰς
727 3418 797 3473 τά
829 3419 893 3472 ιθ¹
932 3412 1214 3490 ἆκούϐιτα,
1246 3417 1336 3473 καὶ
1367 3413 1788 3491 ἀκουμϐίζουσι,
1819 3418 1909 3473 καὶ
1942 3418 2031 3472 ὅτε
2061 3416 2388 3479 ἂναστῶσιν,
2422 3409 2613 3484 ὁρίζει,
2636 3408 2729 3470 οὓς
2752 3406 2961 3464 κελεύει
2984 3406 3179 3486 φίλους
3204 3408 3340 3482 (17),
3364 3406 3454 3463 καὶ
3476 3407 3821 3483 εἰσέρχονται

386 3504 466 3568 εἰς
496 3506 591 3560 τὸν
624 3507 853 3574 παστὸν,
886 3506 962 3569 ὡς
994 3504 1109 3581 ἔχει
1141 3510 1177 3577 ἡ
1207 3508 1483 3578 συνήθεια.

462 3598 525 3664 ζ’.
580 3598 698 3670 Χρή
752 3594 811 3650 δὲ
850 3597 1160 3673 γινώσκειν,
1202 3596 1284 3652 ὅτι
1318 3595 1381 3652 οὐ
1412 3598 1727 3666 καθέζονται
1761 3599 1812 3652 οἱ
1855 3594 2053 3651 δεσπό-

384 3705 473 3738 ται
522 3684 659 3755 μετὰ
719 3682 981 3757 χλανίδια
1020 3685 1095 3747 εἰς
1146 3686 1239 3740 τὸν
1288 3685 1490 3740 παστὸν
1548 3684 1680 3757 μετὰ
1709 3689 1816 3739 τῶν
1851 3682 2051 3762 φίλων,

382 3771 514 3828 ἀλλ’
569 3774 620 3809 ⁸ο
678 3775 707 3828 6
760 3772 931 3848 μέγας
978 3772 1234 3849 βασιλεὺς
1289 3778 1471 3853 φορῶν
1506 3774 1692 3849 σαγίον
1723 3779 1987 3849 χρυσοῦν,
2024 3775 2051 3828 6

383 3856 441 3915 δὲ
477 3860 680 3932 μικρὸς
737 3859 992 3935 βασιλεὺς
1051 3865 1233 3940 φορῶν
1290 3863 1620 3934 τζιτζάκιον,
1653 3863 1706 3916 oi
1764 3860 1821 3918 δὲ
1874 3860 2050 3937 φίλοι,

390 3950 576 4010 καθὼς
648 3945 1100 4021 ἆκουμϐίζουσιν.
1160 3952 1278 4025 Χρή
1338 3948 1395 4006 δὲ
1450 3953 1755 4026 γινώσκειν,
1806 3951 1912 4023 ὅτι,
1961 3950 2049 4007 ἐάν

389 4035 577 4112 ἒξέλθῃ
638 4040 673 4108 ἠ
729 4038 1017 4117 Αὐγούστα
1075 4036 1381 4115 ἐστεμμένη
1428 4040 1480 4096 ἐν
1526 4041 1606 4112 τῷ
1656 4040 1948 4116 τρικλίνῳ,
1997 4043 2049 4097 o't

388 4130 687 4205 σπαθάριοι
730 4130 867 4202 μετᾶ
915 4126 1202 4205 διστράλια
1260 4130 1629 4204 ὀψικεῦουσιι,
1675 4137 1738 4186 τὸ
1793 4129 1847 4187 δὲ
1902 4132 2049 4206 ἅρμα

380 4218 479 4274 οὖν
512 4217 831 4274 άκολουθεῖ’
866 4218 912 4275 εἷ
944 4216 1001 4275 δὲ
1052 4218 1141 4274 ἐπὶ
1190 4222 1297 4275 τῶν
1365 4220 1426 4274 ιθ⁵
1483 4221 1524 4256 ⁸⁸
1586 4216 1912 4289 ἂκουϐίτων,
1947 4220 2049 4275 οὐκ

378 4308 741 4382 ὀψικεύουσιν
770 4309 824 4363 οἳ
863 4309 1154 4382 σπαθάριοι
1200 4310 1265 4364 16
1313 4306 1568 4366 σύνολον.
1612 4309 1680 4367 Δὶ
1714 4306 1771 4364 δὲ
1802 4310 2047 4384 συγκλη-

378 4398 553 4467 τικαὶ,
585 4396 680 4470 ἀφ’
708 4394 771 4452 οὗ
803 4396 1021 4472 εἰσέλθῃ
1069 4400 1104 4468 ἡ
1150 4397 1441 4472 Αὐγούστα
1486 4399 1593 4453 ἀπὸ
1620 4402 1717 4453 τοῦ
1747 4394 2044 4473 τριϐουνα-

385 4484 515 4539 λίου
563 4484 640 4548 εἰς
678 4485 771 4541 τὸν
817 4484 1133 4561 αὐγοῦστέα,
1185 4483 1524 4562 εἰσέρχονται
1555 4487 1647 4542 καὶ
1696 4487 1750 4542 αἱ
1790 4491 2043 4562 γυναῖκες

390 4571 485 4627 διὰ
507 4577 603 4627 τοῦ
621 4573 897 4649 τρικλίνου
919 4580 1027 4631 τῶν
1052 4576 1116 4639 ιθ¹
1138 4570 1444 4631 ἆκουόίτων
1468 4573 1558 4632 διὰ
1574 4582 1676 4646 τῆς
1710 4574 1925 4632 εἰσόδου
1946 4580 2044 4633 τοῦ

390 4660 684 4737 βασιλικοῦ
743 4658 1059 4733 ἀκουϐίτου,
1108 4666 1200 4720 καὶ
1248 4663 1584 4741 ἀπέρχονται
1632 4665 1708 4728 εἰς
1758 4666 1849 4720 τὸν
1905 4666 2041 4742 πόρ-

377 4773 526 4824 τηκα
580 4758 679 4808 τοῦ
752 4752 1117 4830 αὐγουσθέως,
1191 4751 1320 4809 ἔνθα
1376 4754 1640 4830 γρέμαται
1699 4757 1734 4824 ἡ
1793 4757 2041 4831 κορτίνα.

2239 3592 2323 3650 γι.
2358 3591 2532 3647 Porro
2564 3589 3067 3646 animadversione
3098 3588 3341 3661 dignum
3375 3591 3482 3654 est,
3516 3588 3673 3660 quod
3707 3589 3813 3644 do-

2169 3680 2315 3737 mini
2352 3697 2466 3736 non
2517 3681 2578 3735 in
2612 3678 3023 3750 chlamydibus
3056 3695 3189 3733 cum
3225 3677 3432 3732 amicis
3464 3677 3523 3732 in
3555 3676 3817 3734 thalamo

2162 3771 2525 3835 consideant,
2550 3769 2653 3825 sed
2688 3784 2934 3841 magnus
2965 3770 3277 3839 imperator
3308 3782 3550 3822 aureum
3583 3782 3817 3838 sagum,

2163 3865 2356 3921 minor
2386 3864 2737 3935 tzitzacium,
2779 3864 2954 3920 amici
2992 3868 3205 3929 vestes,
3237 3862 3295 3917 in
3329 3861 3546 3934 quibus
3578 3875 3817 3916 accum-

2162 3956 2328 4021 bunt,
2356 3958 2607 4026 gestent.
2641 3954 2952 4010 Sciendum
2983 3968 3215 4024 quoque
3245 3956 3352 4021 est,
3387 3954 3713 4024 Augustam
3754 3952 3814 4007 in

2161 4047 2482 4104 triclinium
2515 4062 2647 4101 cum
2696 4060 2909 4102 corona
2958 4060 3277 4115 egressam,
3309 4043 3644 4114 spatharios
3674 4044 3816 4099 dex-

2158 4138 2329 4193 tralia
2359 4136 2635 4192 manibus
2687 4138 2934 4191 ferentes
2991 4133 3276 4203 comitari,
3309 4151 3473 4189 arma
3521 4150 3656 4190 vero
3697 4150 3813 4189 non

2158 4226 2325 4297 sequi
2358 4224 2543 4281 solere
2575 4241 2588 4279 :
2624 4225 2672 4279 si
2697 4238 2832 4279 vero
2864 4227 2934 4278 ad
2968 4225 3108 4279 XIX
3140 4223 3441 4278 accubitus
3463 4223 3655 4289 abeat,
3677 4239 3806 4294 spa-

2157 4314 2377 4369 tharios
2407 4329 2533 4368 eam
2580 4312 2752 4385 plane
2793 4329 2908 4368 non
2939 4313 3231 4369 comitari.
3265 4313 3399 4377 Quae
3433 4319 3747 4383 postquam
3776 4328 3810 4366 a

2155 4404 2433 4461 tribunali
2482 4405 2540 4461 in
2593 4408 2942 4476 augusteum
3007 4405 3269 4474 ingressa
3316 4409 3424 4471 est,
3465 4410 3807 4459 senatorum

2155 4511 2363 4552 uxores
2395 4510 2497 4565 per
2544 4493 2864 4550 triclinium
2912 4492 3035 4548 XIX
3086 4494 3241 4550 I26
3291 4493 3672 4549 accubituum
3708 4508 3811 4564 per

2153 4583 2465 4639 introitum
2491 4582 2858 4655 imperatorii
2876 4581 3183 4638 accubitus
3205 4582 3449 4646 intrant,
3468 4585 3527 4637 et
3544 4581 3614 4636 ad
3643 4580 3811 4651 porti-

2155 4687 2293 4729 cum
2310 4671 2948 4744 augustei,ubicortina
2961 4686 3247 4741 suspensa
3267 4679 3377 4737 est,
3403 4671 3640 4726 abeunt.
3664 4673 3808 4725 Cum

2155 4761 2452 4817 coronatio
2483 4761 2541 4817 in
2575 4776 2753 4817 aurea
2801 4776 2976 4816 manu
3010 4764 3137 4816 acta
3167 4763 3275 4831 est,
3320 4760 3575 4832 patriciae
3606 4775 3671 4814 ac
3701 4776 3811 4815 cis-

370 4843 479 4902 Kat
513 4841 609 4898 ὅτε
641 4840 834 4917 διέλθῃ
865 4844 929 4900 τὸ
962 4843 1293 4921 στεφάνωμα
1339 4843 1413 4906 εἰς
1461 4844 1561 4913 τήν
1596 4850 1806 4920 χρυσῆν
1860 4850 2041 4921 χεῖρα,
2074 4833 2082 4898 l

2174 4864 2283 4905 eras
2315 4853 2443 4921 post
2472 4849 2661 4921 ipsam
2708 4866 2897 4922 usque
2946 4850 3017 4905 ad
3064 4853 3326 4919 pontem,
3371 4849 3443 4906 ad
3477 4849 3809 4905 convivium

1735 4981 1977 5039 VARle
2017 4983 2429 5045 LECTIONES.

447 5088 496 5125 ’⁸
522 5091 637 5143 τῶν
668 5103 788 5146 om.
821 5090 914 5146 ed.
992 5087 1038 5124 ⁷ο
1064 5088 1127 5143 τὸ
1154 5086 1339 5163 τρίκλ.
1372 5089 1462 5146 ed.
1540 5089 1586 5125 ⁸ο
1622 5085 1749 5143 ἀλλ’
1781 5090 1944 5147 deest
1970 5091 2032 5149 in
2062 5091 2186 5150 cod.
2222 5092 2386 5150 Forte
2416 5092 2585 5167 plura
2616 5094 2847 5153 desunt.
2924 5095 2966 5130 ’ί
2997 5096 3107 5148 τῶν
3138 5093 3181 5146 θ’
3210 5094 3304 5152 ed.

1436 5216 1643 5275 JOAN.
1674 5217 1817 5274 JAC.
1854 5218 2118 5277 REISKII
2147 5218 2743 5280 COMMENTARIUS.

442 5349 561 5421 (15)
596 5346 960 5421 Bene,
991 5345 1330 5403 Proximum
1381 5361 1632 5418 sequens
1676 5342 1860 5406 καλῶς
1914 5346 2043 5417 ejus

381 5425 471 5476 est
498 5419 925 5492 interpretatio.

450 5493 566 5565 (16)
616 5488 993 5564 Desponsam,
1056 5488 1215 5565 ritus.
1251 5491 1308 5545 et
1355 5496 1519 5545 actus
1562 5488 2036 5565 desponsationis

382 5559 759 5632 nubentiutn,
793 5578 923 5636 quae
955 5560 1395 5618 coronationem
1428 5559 1755 5632 nuptialem
1792 5559 2038 5617 debebat

382 5636 725 5693 praecedere.

414 5653 725 5694 recedere.

374 5652 725 5708 praecedere.

376 5779 389 5782 Α
445 5710 562 5782 (17)
593 5708 994 5782 imperatores
1023 5703 1084 5759 in
1114 5702 1334 5782 nuptiis
1371 5702 1494 5760 suis
1534 5706 1833 5782 senatores
1868 5702 2040 5758 adbi-

375 5775 594 5838 bebant
614 5775 904 5839 conviviis
928 5791 1065 5833 cum
1088 5775 1363 5833 uxoribus
1388 5791 1587 5833 eorum
1611 5780 1669 5832 et
1698 5775 1770 5830 iis
1801 5791 2044 5833 munera

2153 5346 2600 5422 d‘istribuebant.
2637 5347 2841 5422 Dionis
2871 5349 3064 5422 cassii
3085 5350 3326 5421 quidem
3358 5353 3622 5422 tempore
3652 5354 3806 5410 acci-

2145 5418 2395 5495 piebant
2416 5418 2629 5495 milites
2649 5418 3469 5495 250_drachmas'in_epulum,
3489 5418 3806 5495 populares

2148 5491 2570 5564 7159;Xipbil.g
2603 5508 2659 5564 p.
2716 5492 2874 5561 1358,
2922 5493 3011 5549 ⁸75.
3060 5491 3315 5549 Desiitne
3364 5495 3458 5549 hic
3496 5491 3634 5550 'mos
3693 5497 3805 5551 sub

2147 5562 2657 5646 impp'LCPtanis‘l?
2689 5564 2983 5646 Equidem
3017 5564 3182 5646 pulla
3210 5566 3339 5646 ejus
3365 5566 3614 5646 vestigia.
3635 5581 3799 5637 repe-

2149 5634 2287 5717 rio",
2308 5634 2408 5717 illa
2428 5638 2592 5717 certe
2621 5640 2904 5717 tempore,
2938 5634 2989 5691 si
3021 5636 3162 5717 [orte
3193 5634 3796 5717 m'ajumam'aliquam

2150 5706 2390 5772 ferrent,
2424 5710 2648 5763 tantam
2681 5712 2877 5763 tamen
2912 5706 3335 5779 profusionem,
3366 5712 3430 5762 ut
3460 5706 3648 5762 acciso
3682 5711 3793 5763 im-

2152 5778 2332 5836 perio.
2366 5794 2480 5836 non
2510 5778 2791 5836 ferebant.

2150 5794 2332 5851 pOPlO,
2366 5794 2480 5836 non
2510 5794 2791 5836 ῙΘΓΘΒΕΠὩ.
