4158 6426
321 417 438 478 471

1341 416 1876 481 CONSTAN'I'INI
1923 418 2623 480 PORPHYROGENITI

3623 418 3744 478 472

319 548 441 604 htec
493 548 636 604 dies.
660 569 687 598 ››
706 552 984 605 Cantores
1009 564 1022 602 :
1050 570 1079 600 ‹‹
1113 552 1180 604 Et
1215 550 1354 620 quid
1407 551 1546 622 ipsis
1563 552 1908 624 contingat?
1933 574 1960 602 »

2093 547 2235 603 (Kal.
2269 549 2550 625 ὲνίσχυσον
2604 547 2816 619 αὐτοὺς,
2866 551 2978 618 καὶ,
3021 550 3207 622 Κύριε,
3262 547 3324 604 σὺ
3373 548 3572 611 αὐτοὺς
3630 553 3742 605 σῶ-

314 638 567 708 pOpulus
590 657 606 699 :
631 660 658 688 ‹‹
693 643 774 694 Tu
808 638 969 706 ipsos
989 639 1320 700 corrobora.
1353 641 1467 696 imo
1495 642 1754 710 Domine,
1781 649 1842 696 tu
1874 659 1973 698 eos

317 743 502 794 serva,
547 727 685 796 imo,
741 728 1001 796 Domine,
1044 728 1293 800 insignis
1342 730 1597 786 victoriis
1637 736 1727 786 est
1764 732 1911 788 dies.
1943 752 1973 782 »

393 816 463 872 II.
512 815 614 872 His
664 817 867 885 ﬁnitis,
919 824 1188 875 cantores
1239 818 1354 874 alia
1403 819 1614 876 deinde
1659 827 1789 876 acta
1823 821 1973 877 reci-

318 907 452 960 tant
488 921 500 959 :
537 926 566 957 κ
600 905 883 963 Pulchrae
933 923 1000 964 ac
1050 908 1244 963 felices
1291 908 1415 964 dies
1463 911 1744 978 dominis,
1774 927 1973 966 veram

319 993 665 1066 religionem
724 996 1119 1065 servantibus,
1152 997 1307 1053 Deus
1351 998 1604 1054 tribuat!
1641 1021 1668 1049 »
1720 999 1974 1071 populus

321 1085 525 1140 eadem
557 1090 665 1140 ter.
695 1085 978 1141 Cantores
1012 1103 1026 1141 :
1062 1107 1090 1136 «
1127 1086 1417 1142 Felicibus
1448 1089 1656 1144 diebus
1687 1094 1842 1145 Deus
1885 1104 1974 1144 re-

322 1190 501 1244 gnum
547 1174 789 1245 impleat
824 1175 836 1230 !
868 1197 896 1228 »
936 1174 1188 1248 populus
1236 1178 1438 1234 eodem
1485 1179 1653 1236 modo
1684 1183 1790 1236 ter.
1825 1179 1974 1235 Can-

321 1266 480 1318 tores
515 1279 527 1317 :
563 1285 592 1316 ‹‹
615 1264 771 1320 Deus
803 1264 998 1320 felices
1029 1265 1154 1322 dies
1185 1265 1438 1322 dominis
1471 1269 1742 1324 concedat
1769 1269 1780 1323 ι
1817 1291 1846 1318 ››
1879 1285 1976 1341 po-

320 1351 497 1425 pulus
543 1352 815 1408 similiter
861 1353 1052 1411 tribus
1102 1355 1350 1412 vicibus.
1401 1357 1721 1414 Cantores:
1761 1379 1789 1409 ι(
1823 1359 1974 1415 Deus

323 1440 520 1498 felices
543 1441 668 1498 dies
691 1445 966 1516 Auguste
989 1449 1046 1500 et
1068 1447 1580 1520 porphyrogenitis
1602 1449 1917 1517 concedat;
1944 1468 1969 1500 ι

321 1530 577 1601 populus
626 1533 831 1588 eadem
881 1537 988 1588 ter.
1037 1534 1362 1592 Cantores:
1398 1558 1425 1586 «
1462 1537 1746 1593 Perfectas
1794 1538 1972 1593 victo-

327 1619 444 1676 rias
468 1619 622 1676 Deus
652 1620 721 1677 N.
751 1632 804 1677 et
835 1622 901 1677 N.
933 1624 1192 1693 tribuat;
1232 1645 1255 1676 ο
1291 1625 1374 1681 sic
1408 1627 1664 1699 populus
1696 1631 1800 1684 ter.
1835 1627 1977 1684 Can-

319 1713 477 1766 tores
508 1725 522 1765 :
565 1730 588 1759 ι
620 1711 776 1767 Deus
810 1712 1008 1769 felices
1040 1713 1165 1770 dies
1195 1731 1261 1769 ac
1308 1715 1532 1771 natales
1581 1719 1976 1789 porphyroge—

319 1799 463 1868 nito,
489 1816 658 1870 quem
681 1803 1047 1872 suscepistis,
1073 1805 1354 1859 concedat
1381 1803 1395 1858 l
1431 1828 1452 1858 ι
1484 1805 1736 1877 populus
1767 1808 1972 1864 eodem

319 1888 494 1944 modo
542 1893 651 1945 ter.
699 1890 978 1947 Cantores
1012 1908 1024 1948 :
1061 1915 1089 1942 «
1123 1893 1378 1964 Spiritus
1409 1895 1806 1962 sanctissime,
1853 1897 1971 1952 Au-

2083 659 2198 710 σον,
2229 639 2337 711 ναὶ,
2361 640 2546 714 Κύριε,
2579 639 2753 702 νίκαις
2783 639 2928 709 καλή
2961 639 3162 713 ἡμέρα.
3198 663 3227 691 ››

2152 817 2228 873 B‘.
2262 817 2328 874 Οἱ
2351 818 2574 892 κράκται
2609 815 2665 873 δὲ
2705 815 2963 892 λέγουσιν
3003 815 3109 872 ἀπὸ
3137 816 3345 871 τούτων
3379 811 3533 892 ἕτερα
3581 819 3741 876 ἄκτα.

2082 929 2110 957 tt
2164 905 2347 970 Καλάς
2400 909 2610 982 ἡμέρας
2664 907 2756 962 καὶ
2794 907 3000 984 ἀγαθάς
3054 907 3081 962 6
3125 906 3259 968 Θεὸς
3303 907 3562 982 παράσχῃ
3617 913 3742 972 τοῖς

2082 993 2395 1069 ὁρθοδόξοις
2423 993 2730 1060 δεσπόταιςο
2768 1020 2796 1050 ››
2832 996 2859 1051 6
2901 994 3034 1057 λαὸς
3066 996 3276 1067 ὁμοίως
3299 995 3360 1051 ἐκ
3389 999 3455 1073 γ’.
3488 998 3556 1053 Οἱ
3605 998 3748 1070 κρά-

2079 1102 2223 1141 κται.
2264 1109 2284 1134 ι
2313 1085 2374 1141 Ὁ
2403 1087 2532 1146 Θεὸς
2575 1082 2770 1146 καλαῖς
2810 1085 3046 1159 ἡμέραις
3093 1083 3381 1138 πλεονάσει
3415 1084 3516 1153 τὴν
3578 1086 3744 1160 βασι-

2083 1171 2251 1228 λείαν·
2283 1198 2310 1225 ››
2344 1176 2372 1229 6
2414 1172 2545 1237 λαὸς
2597 1173 2808 1246 ὁμοίως
2858 1174 2916 1228 ἐκ
2953 1175 3020 1248 γ“.
3071 1174 3139 1231 Οἱ
3179 1175 3428 1249 κράκται⁶
3467 1173 3576 1232 «Ὁ
3607 1175 3740 1232 Θεὸς

2080 1261 2254 1324 καλὰς
2289 1264 2503 1340 ἡμέρας
2535 1265 2876 1338 καταπέμψει
2905 1269 3024 1321 τοῖς
3048 1261 3336 1326 δεσπόταις
3377 1264 3442 1321 ⁸ο.
3480 1287 3508 1314 ››
3549 1265 3576 1318 6
3608 1261 3747 1328 λαὸς

2084 1352 2297 1425 ὁμοίως
2336 1352 2396 1408 ἐκ
2425 1355 2493 1430 γ’.
2549 1353 2618 1411 Οἱ
2685 1359 2934 1426 κράκται·
2969 1377 2996 1405 α
3058 1353 3119 1408 Ὃ
3183 1353 3311 1414 Θεὸς
3381 1352 3551 1415 καλὰς
3599 1355 3747 1426 ἡμέ-

2085 1461 2178 1518 ρας
2243 1443 2586 1517 καταπέμψει
2655 1449 2776 1504 ταῖς
2837 1441 3184 1516 Αὐγούσταις
3260 1442 3352 1496 σὺν
3415 1447 3532 1504 τοῖς
3601 1463 3740 1519 πορ-

2087 1534 2526 1610 φυρογεννήτοις·
2572 1556 2600 1584 ››
2654 1533 2682 1586 6
2732 1529 2865 1594 λαὸς
2917 1530 3126 1604 ὁμοίως
3163 1528 3221 1586 ἐκ
3265 1531 3332 1606 γ’.
3388 1531 3453 1588 Οἱ
3492 1533 3744 1606 κράκται*

2096 1645 2120 1670 ι(
2171 1621 2399 1680 Τελείας
2447 1621 2600 1683 νίκας
2645 1621 2672 1676 6
2722 1621 2852 1683 Θεὸς
2904 1623 3215 1698 χορηγήσει
3289 1621 3317 1674 ὁ
3369 1617 3522 1675 δεῖνα
3569 1621 3659 1676 καὶ
3711 1621 3741 1677 6

2089 1709 2255 1766 δεῖνα·
2306 1735 2334 1763 ››
2393 1712 2421 1765 6
2481 1710 2612 1774 λαὸς
2669 1711 2880 1784 ὁμοίως
2939 1712 2999 1766 ἐκ
3042 1711 3109 1787 γ“.
3155 1711 3218 1765 Οἱ
3276 1711 3527 1786 κράκταιο
3585 1735 3612 1763 ‹‹
3675 1713 3740 1770 Ὀ

2098 1801 2227 1863 Θεὸς
2263 1800 2436 1864 καλὰς
2477 1803 2687 1876 ἡμέρας
2731 1801 2822 1855 καὶ
2870 1799 3012 1855 καλὰ
3060 1796 3313 1874 γενέθλια
3350 1799 3612 1876 παράσχῃ
3657 1805 3740 1875 τῷ

2079 1891 2333 1965 τεχθέντι
2367 1891 2492 1963 ὑμῖν
2527 1890 2554 1944 6
2607 1887 2758 1944 δεῖνα
2785 1894 2866 1962 τῷ
2921 1891 3438 1968 πορφυρογεννήτῳ,
3477 1912 3502 1939 ι)
3545 1891 3572 1944 6
3607 1887 3741 1953 λαὸς

319 1982 521 2051 gustas
571 1983 774 2046 tuere;
808 2002 836 2030 «
871 1979 1122 2052 populus
1171 1985 1372 2038 eodem
1418 1985 1609 2041 modo.
1645 1986 1922 2042 Cantores
1957 2003 1970 2042 :

2093 1979 2304 2050 ὁμοίως
2362 1978 2420 2033 ἐκ
2463 1981 2528 2056 γ’.
2584 1979 2644 2033 Οἱ
2711 1980 2958 2053 κράκται⁴
2996 2002 3024 2030 ‹‹
3088 1982 3307 2051 Πνεῦμα
3357 1979 3418 2033 τὸ
3449 1980 3740 2056 πανάγιον,

2128 2068 2140 2083 ε
2227 2067 2283 2083 Α,
2375 2067 2389 2083 ,
2631 2069 2641 2083 .
2953 2069 2966 2083 ,
3016 2065 3036 2083 κ
3097 2067 3109 2083 ς
3208 2068 3221 2083 .
3317 2066 3329 2083 ι
3455 2067 3470 2083 ,
3595 2070 3607 2083 ,
3673 2071 3730 2083 Α.

319 2089 346 2117 ‹‹
381 2071 563 2123 Mater
611 2067 714 2124 Dei
764 2071 969 2139 nostri,
1003 2087 1172 2128 serva
1202 2074 1763 2147 porphyrogenitos;
1806 2096 1834 2126 »
1872 2093 1971 2145 po-

319 2155 498 2228 pulus
542 2156 831 2215 similiter.
883 2159 1164 2216 Cantores
1199 2179 1212 2218 :
1246 2184 1274 2211 ‹‹
1312 2168 1464 2218 Deus
1510 2168 1731 2228 sancte,
1783 2164 1973 2219 domi-

323 2259 427 2299 nos
458 2260 662 2314 serva;
695 2267 723 2295 η
748 2245 994 2317 papulus
1015 2248 1220 2304 eodem
1253 2251 1447 2305 modo.
1473 2250 1790 2308 Cantores:
1817 2251 1969 2308 I28

321 2356 351 2386 ‹‹
384 2333 650 2404 Domine,
681 2336 861 2391 vitam
893 2353 1097 2393 eorum
1141 2354 1209 2394 ex
1239 2344 1439 2394 nostra
1465 2339 1620 2408 vita;
1655 2362 1684 2391 ι)
1719 2347 1971 2413 populus

324 2423 529 2478 eodem
556 2425 744 2479 modo.
775 2424 1075 2482 Postremo
1131 2443 1372 2483 omnes:
1401 2450 1430 2479 α
1461 2427 1609 2485 Deus
1655 2429 1969 2501 imperium

316 2517 579 2569 vestrum
603 2514 950 2571 diuturnum
980 2531 1110 2572 esse
1131 2517 1371 2587 jubeatl
1406 2540 1434 2568 »

901 2694 1139 2752 CAPUT
1176 2695 1372 2752 XLIII.

629 2783 977 2841 Obseruando
1008 2785 1065 2840 in
1099 2787 1336 2840 Casaris
1367 2787 1650 2844 electione.

388 2871 431 2928 Ι.
453 2871 704 2928 Senatus
731 2877 790 2928 et
818 2873 1010 2929 omnis
1042 2875 1328 2930 exercitus
1351 2876 1424 2930 de
1450 2879 1836 2945 promovendo
1855 2878 1967 2935 Cte-

315 2975 445 3016 sare
495 2961 788 3017 sententia
817 2961 1164 3034 postulatur,
1206 2979 1320 3036 quo
1351 2965 1526 3030 facto,
1559 2969 1638 3034 et,
1685 2965 1735 3022 si
1777 2967 1964 3023 domi-

318 3049 376 3103 ni
395 3048 622 3118 jubent,
639 3051 874 3120 quando
900 3050 1104 3107 electio
1130 3053 1188 3106 in
1213 3057 1412 3108 sancta
1429 3054 1728 3110 Dominica
1748 3062 1964 3111 sanctas

317 3136 786 3193 Resurrectionis
808 3138 1157 3206 celebratur,
1173 3140 1254 3194 ita
1273 3140 1620 3198 instituitur.
1638 3144 1964 3199 Procedunt

317 3229 474 3284 dicto
507 3228 600 3284 die
630 3228 830 3284 statim
858 3245 1062 3285 omnes
1092 3246 1360 3302 proceres
1393 3238 1451 3286 et
1469 3231 1648 3305 copiae
1681 3233 1965 3290 militares

320 3316 395 3373 ad
415 3315 668 3372 tribunal
696 3334 878 3384 arma»,
910 3321 1060 3389 quod
1095 3324 1255 3374 extra
1277 3321 1411 3376 XIX
1443 3321 1744 3377 accubitus
1772 3327 1881 3388 est,
1905 3327 1965 3380 et

2083 2068 2178 2129 τὰς
2211 2067 2524 2144 Αὐγούστας
2557 2069 2841 2123 σκέπασον·
2875 2091 2900 2121 ι
2947 2069 2974 2122 6
3016 2065 3150 2129 λαὸς
3201 2066 3413 2140 ὁμοίως
3453 2067 3513 2123 ἐκ
3559 2070 3629 2145 γ’.
3669 2071 3737 2128 OI

2083 2157 2330 2230 κράκται·
2367 2181 2394 2209 ‹‹
2436 2158 2638 2232 Μήτηρ
2670 2161 2766 2212 τοῦ
2792 2161 2925 2213 Θεοῦ
2964 2158 3149 2228 ἡμῶν,
3201 2153 3441 2234 φύλαττε
3487 2157 3556 2211 τὰ
3602 2178 3737 2233 πορ-

2086 2245 2478 2323 φυρογέννητα.
2535 2269 2564 2298 ››
2623 2247 2650 2300 6
2693 2243 2828 2308 λαὸς
2883 2245 3090 2318 ὁμοίως
3149 2243 3208 2299 ἐκ
3245 2246 3310 2319 γ“.
3363 2246 3432 2302 Οἱ
3488 2247 3737 2321 κράκται·

2082 2359 2111 2386 ‹‹
2143 2335 2203 2391 Ὁ
2225 2334 2355 2396 Θεὸς
2380 2335 2408 2388 6
2433 2333 2588 2409 ’ἁγιος
2607 2335 2679 2404 9‘,
2710 2334 2862 2404 τοὺς,
2898 2331 3162 2396 δεσπότας
3190 2333 3446 2411 φύλαττε*
3487 2357 3512 2385 ››
3547 2337 3574 2390 6
3607 2333 3738 2399 λαὸς

2081 2423 2291 2496 ὁμοίως
2311 2422 2370 2477 ἐκ
2396 2424 2462 2497 γ’.
2512 2425 2580 2480 Οἱ
2628 2425 2876 2497 κράκται·
2914 2447 2941 2474 ‹‹
2989 2422 3179 2498 Κύριε,
3233 2425 3379 2493 ζωὴν
3425 2423 3596 2479 αὐτῶν
3639 2421 3728 2480 διά

2080 2515 2224 2583 ζωήν
2253 2514 2433 2584 ἡμῶν.
2465 2536 2493 2563 »ι
2525 2514 2553 2568 ὁ
2587 2512 2719 2574 λαὸς
2752 2513 2961 2587 ὁμοίως
2991 2512 3046 2568 ἐγ
3077 2515 3144 2589 γ’,
3196 2512 3302 2570 Καὶ
3343 2511 3551 2589 λέγουσι
3589 2511 3716 2567 πάν-

2078 2619 2188 2666 τες·
2215 2625 2242 2655 ››
2265 2602 2655 2679 Ηολυχρόνιον
2680 2605 2900 2673 ποιήσει
2935 2604 2962 2658 6
2994 2603 3145 2667 Θεός.
3172 2626 3200 2655 ››

2685 2694 2943 2749 ΚΕΦΑΛ.
2997 2693 3126 2750 Ml".

2146 2783 2284 2839 Ὅσα
2315 2778 2396 2836 δεῖ
2432 2779 2875 2858 παραφυλάττειν
2903 2779 2990 2836 ἐπὶ
3022 2800 3339 2856 χειροτονιᾳ
3373 2779 3663 2856 Καίσαρος.

2148 2871 2232 2926 Α“.
2293 2868 2520 2938 Αἴτησις
2584 2869 2791 2946 γίνεται
2837 2875 2939 2939 τῆς
2991 2867 3309 2946 συγκλήτου
3369 2868 3460 2924 καὶ
3518 2868 3740 2924 πάντων

2077 2963 2184 3014 τῶν
2215 2959 2655 3032 στρατευμάτων,
2707 2958 2798 3012 καὶ
2854 2958 2944 3012 ὅτε
2990 2956 3304 3013 κελεύουσιν
3349 2957 3400 3013 οἱ
3461 2954 3746 3028 δεσπόται,

2073 3050 2175 3116 τῆς
2246 3048 2599 3122 ὑποσχέσεως
2664 3047 2965 3124 γενομένης
3021 3052 3092 3121 τῇ
3151 3048 3281 3125 ἁγίᾳ
3324 3050 3573 3122 Κυριακῇ
3648 3049 3750 3115 τῆς

2074 3137 2231 3212 ἁγίας
2279 3134 2643 3205 ἀναστάσεως,
2716 3135 2924 3212 γίνεται
2980 3137 3176 3198 οὓτως.
3227 3138 3311 3211 Ἰῇ
3362 3137 3499 3212 αὐτῇ
3565 3138 3752 3212 ἡμέρα

2079 3227 2452 3301 προέρχονται
2519 3226 2710 3300 τάχιον
2769 3226 2962 3288 πάντες
3021 3227 3073 3280 o't
3123 3228 3388 3302 ἄρχοντες
3442 3227 3534 3282 καὶ
3585 3247 3748 3303 στρα-

2085 3317 2327 3390 τεύματα
2358 3315 2434 3377 εἰς
2455 3316 2516 3370 τὸ
2555 3311 2940 3391 τριϐουνάλιον
2995 3322 3098 3385 τῆς
3144 3315 3333 3392 ἀραίας
3382 3318 3494 3390 (32)
3551 3313 3748 3388 ἔξωθεν

326 3405 776 3478 imperatoribus
798 3407 1122 3463 acclamant
1141 3410 1341 3465 eodem
1368 3411 1559 3466 modo.
1582 3415 1728 3466 Tum
1759 3413 1832 3467 ob
1854 3411 1977 3468 Ca2-

2093 3410 2196 3460 τῶν
2221 3406 2283 3460 ιθ¹
2313 3400 2644 3474 ἂκουϐίτων,
2678 3405 2768 3459 καὶ
2819 3404 3129 3484 εὐφημοῦσι
3168 3407 3296 3468 τοὺς
3335 3404 3585 3480 βασιλεῖς
3629 3406 3746 3481 (33)

330 3513 517 3553 sarem
543 3504 858 3568 precantur
875 3499 1100 3555 etbrevi
1128 3517 1476 3571 responsum
1500 3502 1818 3575 accipiunt,
1838 3505 1980 3560 dum

331 3592 434 3642 aut
480 3587 801 3658 imperator
837 3589 964 3661 ipse
997 3593 1384 3662 progreditur,
1415 3599 1516 3648 aut
1563 3595 1617 3647 id
1666 3611 1769 3666 per
1798 3597 1982 3652 alium

330 3676 466 3743 edit,
483 3675 743 3732 etsilent.
762 3677 1068 3734 Dominiin
1091 3681 1568 3746 magnotriclinio
1585 3685 1983 3740 novemdecim

329 3766 702 3823 accubituum
755 3768 1087 3836 consident,
1147 3769 1480 3840 patriarcha
1532 3787 1665 3828 vero
1725 3774 1988 3830 celeriter

328 3855 652 3927 ingressus,
702 3856 760 3912 in
809 3858 867 3914 S.
911 3860 1189 3931 Stephani
1222 3867 1537 3932 exspectat,
1571 3866 1627 3918 ct
1671 3868 1987 3935 postquam

331 3946 723 4002 consederunt
754 3949 998 4016 domini,
1026 3950 1233 4006 secreti
1268 3949 1460 4006 velum
1495 3952 1774 4022 primum,
1805 3954 1989 4025 magi-

333 4041 507 4098 stros,
533 4033 745 4090 deinde
777 4035 1002 4106 reliqua
1031 4037 1157 4092 vela
1191 4055 1294 4108 pro
1329 4055 1485 4094 more
1514 4040 1832 4110 excipiunt,
1858 4041 1990 4112 qui-

339 4121 452 4176 bus
487 4125 786 4190 omnibus,
838 4125 1002 4182 nullo
1037 4125 1370 4191 deﬁciente,
1420 4128 1732 4199 ingressis,
1781 4130 1996 4199 jubent

334 4211 580 4276 domini,
615 4213 916 4281 dibetesia,
965 4215 1309 4287 chlamydes
1343 4223 1400 4271 et
1439 4234 1684 4273 coronas
1712 4235 1851 4273 suas
1890 4235 1990 4289 ge-

338 4309 584 4369 stanti-3,
611 4309 671 4356 ut
700 4306 770 4357 de
800 4302 1024 4359 Caesare
1056 4321 1250 4360 sermo
1284 4306 1644 4374 instituatur,
1676 4317 1730 4363 et
1759 4309 1993 4379 quando

335 4406 540 4445 omnes
588 4391 644 4445 in
694 4391 976 4447 electione
1034 4393 1274 4448 Caesaris
1323 4397 1720 4461 consentiunt,
1771 4395 1994 4451 domini

340 4479 648 4550 praeposito
673 4481 904 4552 signum
931 4481 1092 4545 dant,
1127 4483 1224 4553 qui
1249 4483 1391 4538 dicit
1422 4501 1436 4539 :
1464 4505 1492 4534 ‹‹
1520 4483 1746 4539 Jubete.
1780 4506 1808 4533 »
1832 4485 1996 4540 Tunc

338 4575 465 4636 post
484 4568 1163 4626 faustasncclamationes
1182 4583 1467 4627 secretum
1491 4572 1995 4643 discedit,patricii

333 4660 745 4714 consistorium
766 4660 822 4715 in
840 4662 1058 4730 porticu
1075 4659 1587 4717 XlXaccubituum
1604 4664 1996 4730 constituunt,

335 4746 546 4817 reliqui
579 4756 880 4806 senatores
924 4751 1146 4805 abeunt
1187 4755 1244 4804 et
1286 4750 1356 4805 in
1395 4750 1675 4823 gradibus
1703 4766 1862 4805 ιιι-ωε
1912 4754 1978 4807 ah

2095 4768 2184 4805 ται
2230 4751 2309 4818 τῷ
2359 4746 2706 4822 πραιποσίτῳ
2755 4744 2846 4800 καὶ
2908 4744 3072 4821 λέγει·
3119 4769 3147 4797 ‹‹

337 4843 580 4904 utroque
604 4837 798 4892 solarii
825 4839 1024 4908 latere,
1045 4845 1274 4910 sceptra
1301 4855 1430 4895 vero
1454 4845 1511 4894 et
1540 4839 1738 4895 labara
1766 4845 1823 4895 et
1854 4857 1989 4897 vasa

337 4922 538 4977 omnia
557 4939 690 4981 cum
714 4942 883 4984 cruce
897 4933 955 4984 et
973 4929 1188 5000 populo
1204 4929 1473 4985 universo
1491 4929 1548 4984 in
1569 4930 1846 4985 tribunali
1865 4946 2001 4986 con-

339 5010 577 5076 sistunt,
603 5013 698 5068 ubi
725 5015 900 5072 etiam
920 5016 1343 5075 antimensium
1366 5017 1703 5087 collocatur,
1727 5019 1823 5076 cui
1841 5018 2000 5076 chla-

2089 3495 2225 3550 κατὰ
2244 3495 2335 3550 τὸν
2370 3493 2566 3568 ὅμοιον
2597 3495 2821 3570 τρόπον.
2863 3495 2969 3551 Καὶ
3022 3495 3297 3550 αἰτοῦνται
3330 3493 3419 3549 διὰ
3463 3496 3556 3550 τὸν
3605 3497 3747 3551 Καὶ·

2095 3604 2251 3658 σαρα,
2300 3581 2391 3638 καὶ
2441 3583 2726 3656 συντόμως
2787 3578 3160 3656 λαμϐάνουσιν
3234 3580 3546 3657 ἀπόκρισιν,
3634 3582 3748 3638 εἴτε

2094 3673 2262 3728 αὐτοῦ
2291 3677 2388 3728 τοῦ
2423 3669 2693 3748 βασιλέως
2735 3669 3121 3748 ἔξερχομένου,
3160 3669 3270 3728 εἷ’τε
3311 3669 3756 3743 δηλοποιοῦντος

2097 3762 2301 3831 αὐτοῖς,
2334 3762 2422 3817 καὶ
2465 3765 2764 3821 σιωπῶσιν,
2799 3760 3128 3831 Καθέζονται
3185 3759 3242 3817 δὲ
3292 3763 3344 3816 οἱ
3393 3759 3652 3818 δεσπόται
3698 3761 3756 3818 ἐν

2097 3856 2178 3924 τῷ
2239 3849 2466 3926 μεγάλῳ
2521 3851 2786 3926 τρικλίνῳ
2840 3855 2948 3906 τῶν
3003 3852 3065 3906 ιϐ’
3096 3846 3426 3923 ἀκουϐίτων,
3457 3852 3545 3907 καὶ
3590 3851 3764 3926 εἷσέρο

2100 3961 2257 4020 χεται
2308 3941 2335 3994 6
2394 3944 2744 4019 πατριάρχης
2802 3940 3022 4015 τάχιον,
3081 3939 3171 3996 καὶ
3225 3937 3508 4020 ἐκδέχεται
3559 3939 3635 4003 εἷς
3664 3942 3762 3997 τὸν

2100 4033 2292 4107 ’Ἀγιον
2349 4030 2640 4108 Στέφανον,
2680 4030 2769 4084 καὶ
2841 4030 3204 4086 καθεσθέντων
3275 4035 3382 4085 τῶν
3458 4028 3759 4101 δεσποτῶν,

2104 4117 2354 4195 δέχονται
2397 4122 2460 4176 τὸ
2500 4119 2771 4195 σέκρετον,
2808 4120 2985 4196 βῆλον
3015 4122 3082 4191 α’,
3114 4120 3245 4184 τοὺς
3278 4120 3631 4197 μαγίστρους,
3666 4122 3759 4176 καὶ

2103 4209 2172 4265 τά
2220 4208 2390 4265 λοιπὰ
2442 4207 2590 4284 βῆλα
2627 4210 2764 4264 κατὰ
2819 4211 2989 4282 τάξιν,
3023 4210 3097 4271 ὡς
3137 4207 3256 4290 ἔχει
3315 4213 3593 4282 συνήθεια,
3661 4209 3752 4263 καὶ

2105 4302 2194 4355 ὅτε
2253 4297 2536 4355 εἰσέλθωσι
2592 4299 2661 4354 τά
2697 4299 2848 4374 βῆλα
2897 4299 2989 4353 καὶ
3037 4296 3404 4374 πληρωθῶσι,
3445 4297 3752 4355 κελεύουσιν

2105 4390 2156 4445 οἱ
2217 4386 2472 4443 δεσπόται
2533 4385 2774 4457 λαλῆσαι
2825 4386 3008 4451 αὐτοῖς
3046 4392 3113 4443 τά
3162 4390 3286 4464 περὶ
3326 4393 3423 4444 τοῦ
3467 4388 3767 4464 Καίσαρος,

2107 4482 2396 4557 φοροῦντες
2454 4475 2545 4532 καὶ
2588 4477 2656 4532 τὰ
2712 4473 3010 4548 διϐητήσια
3053 4476 3144 4532 καὶ
3191 4479 3286 4541 τὰς
3333 4475 3625 4554 χλαμύδας
3672 4482 3763 4534 καὶ

2104 4569 2172 4623 τὰ
2238 4569 2520 4640 στέμματα
2587 4564 2796 4636 αὒτῶν,
2853 4568 2944 4622 καὶ
3002 4565 3216 4622 πάντων
3280 4569 3675 4623 συναινούντων
3727 4568 3778 4605 η

2105 4656 2194 4713 ἐπὶ
2224 4661 2290 4722 τῆ
2323 4657 2638 4733 χειροτονίᾳ
2675 4659 2777 4712 τοῦ
2825 4657 3118 4732 Καίσαρος,
3171 4654 3412 4712 νεύουσιν
3465 4657 3522 4711 οἱ
3564 4655 3775 4713 δεσπό-

3211 4744 3538 4816 Κελεῦσασε,
3603 4769 3631 4799 ››
3673 4747 3769 4802 καὶ

2098 4835 2449 4911 ἰπεύχονται.
2511 4835 2615 4892 Καὶ
2664 4834 2943 4910 ἐξέρχεται
2998 4835 3060 4890 τὸ
3121 4833 3396 4911 σέκρετον,
3447 4835 3539 4890 καὶ
3580 4832 3769 4891 ’ίσταν-

2110 4949 2197 4984 ται
2231 4927 2283 4981 οἱ
2335 4927 2615 5002 πατρίκιοι
2653 4926 3049 5000 κονσιστώριον
3108 4925 3186 4988 εἰς
3233 4925 3324 4982 τὸν
3371 4925 3623 5001 πόρτηκα
3666 4931 3775 4981 τῶν

2116 5017 2180 5071 ιθ’
2218 5010 2557 5085 ἀκουϐίτων,
2603 5016 2656 5070 o't
2703 5011 2762 5070 δὲ
2804 5014 2997 5071 λοιποὶ
3043 5013 3406 5090 συγκλητικοὶ
3455 5012 3771 5090 ἐξέρχονται

1697 5143 1946 5202 VARIIE
1993 5141 2415 5201 LECTIONES.

414 5229 461 5266 '0
497 5227 624 5295 τοὺς
656 5229 918 5299 δεσπότας
950 5243 1076 5300 cod,

1182 5245 1224 5280 ⁹¹
1256 5243 1388 5306 Θεὸς
1419 5242 1577 5321 ἃγιος
1599 5246 1691 5302 ed.
1769 5245 1816 5281 ³³
1846 5244 2246 5321 συναιρούντων
2280 5242 2373 5299 ed.

1394 5372 1590 5430 JOAN.
1630 5371 1778 5430 JAC.
1821 5373 2088 5430 REISKII
2127 5370 2717 5428 COMMENTARIUS.

409 5473 824 5555 (BQ-psam
839 5483 959 5555 est,
993 5495 1183 5538 vacute
1215 5482 1503 5555 planitiei,
1525 5499 1649 5555 qute
1679 5499 1876 5539 coram
1907 5499 2007 5539 xix
2117 5480 2454 5555 studebant.

339 5545 626 5629 accubitis
680 5545 963 5629 σεμνοὶ
1009 5559 1099 5608 est
1142 5545 1364 5629 Latina.
1417 5545 1793 5629 ’ἱζποσχέσεως
1840 5573 1997 5627 γενο-

342 5614 531 5699 μένης,
553 5623 785 5699 quando
802 5623 1181 5696 imperatores
1206 5627 1471 5698 petitioni
1493 5614 1736 5683 senatus
1755 5614 1808 5699 et
1830 5614 1996 5682 exer-

339 5691 937 5770 cituum_indulturos
987 5691 1222 5770 seesse'
1250 5699 1660 5770 promiserint.
1707 5698 1995 5755 Volabant

340 5760 497 5816 enim
532 5759 587 5817 id
631 5767 842 5839 rogari,
868 5769 1023 5840 quod
1057 5769 1169 5840 ipsi
1202 5759 1550 5843 plerumque
1588 5770 1905 5842 cupiebant
1938 5774 1995 5827 et

2177 5553 2290 5623 (33)
2321 5552 2398 5609 M.
2433 5569 2549 5608 non
2593 5555 2721 5623 post
2750 5550 2810 5606 b.
2845 5567 2898 5606 v.
2931 5553 3018 5618 (ut
3048 5555 3171 5606 erat
3201 5550 3263 5604 in
3291 5549 3475 5623 edit),
3509 5547 3612 5604 sed
3645 5553 3779 5623 post

2106 5619 2309 5703 τρόπον
2341 5619 2676 5703 distinguit,
2699 5627 2764 5703 ut
2795 5622 2990 5703 itaque
3019 5623 3131 5678 sit:
3161 5638 3272 5703 una
3302 5619 3770 5703 cadentquemodo

2106 5693 2287 5766 a'mbo,
2327 5697 2409 5752 vel
2436 5693 2643 5768 plures,
2672 5695 2721 5752 si
2756 5693 2917 5768 sunt,
2949 5693 3338 5768 imperatores,
3372 5698 3476 5750 aut
3504 5697 3562 5750 et
3590 5693 3770 5763 impe-

2109 5765 2342 5825 ratorem
2365 5765 2527 5840 atoue
2559 5767 2964 5838 imperatriccm
2997 5765 3253 5824 laudant.
