4158 6402
352 399 472 462 475

1434 390 1969 455 CONSTANTINI
2016 387 2704 452 PORPHYROGENITI

3651 391 3768 453 4⁸76

354 533 705 608 πατριάρχης
761 535 864 599 τῆς
918 530 1092 604 εὐχῆς
1147 527 1248 583 τό·
1305 551 1334 580 ιι
1397 527 1638 583 Δέσποτα
1695 525 1898 600 Κύριε·
1926 545 1954 576 »
1988 523 2078 578 καὶ
2135 520 2226 578 ὅτε
2269 519 2544 596 πληρώσῃ
2592 521 2692 591 τὴν
2735 521 2909 598 εὐχὴν
2957 518 3274 598 μίχριτοῦ,
3305 543 3336 580 ιι
3365 526 3474 582 Νῦν
3518 524 3608 580 καὶ
3664 523 3768 593 ἀεὶ,

348 624 440 680 καὶ
488 623 564 685 εἰς
603 621 731 683 τοὺς
788 620 988 684 αἰῶνας
1045 624 1153 675 τῶν
1199 618 1438 688 αἰώνων,
1474 642 1502 670 »
1531 617 1624 673 καὶ
1680 616 2045 690 ἀποκριθῆναι
2103 612 2196 667 τὸν
2251 609 2421 667 λαόν·
2459 633 2486 666 α
2520 613 2721 684 Ἀμήν,
2755 635 2785 665 ››
2817 613 3029 688 ἐπαίρει
3061 615 3090 668 6
3122 617 3473 691 πατριάρχης
3513 616 3577 671 τὸ
3627 613 3774 691 χλα-

347 710 519 770 νίδιον
594 711 934 785 ἐπικείμενον
967 713 1010 749 9⁸
1059 710 1134 773 εἰς
1174 711 1308 766 αὐτὸ
1374 709 1438 765 τὸ
1503 704 1726 786 φιϐλίον
1802 706 1893 759 καί
1978 699 2264 759 ἐπιδίδωσι
2325 701 2452 764 τοὺς
2515 704 2875 778 βεστήτορας,
2933 703 3135 769 εὐθέως
3211 704 3477 761 ἁπλοῦσιν
3537 705 3670 763 αὐτὸ
3719 707 3773 762 o't

353 805 699 880 βεστητορες,
723 805 1045 877 κρατοῦντες
1073 801 1204 855 αὐτὸ
1235 799 1538 874 ἔμπροσθεν
1576 802 1687 853 τῶν
1727 793 2030 851 δεσποτῶν.

419 897 519 953 ΙΙΙ.
552 898 673 962 Quo
704 896 874 963 facto,
909 896 1256 967 praepositus
1284 899 1340 950 et
1388 891 1671 962 magister
1700 893 1995 963 promotos

2181 890 2253 942 l".
2287 885 2390 940 Καὶ
2439 884 2589 960 ιρέρει
2646 885 2674 940 6
2725 885 3084 962 πραιπόσιτος
3113 888 3201 943 καὶ
3237 888 3266 943 6
3301 888 3597 965 μάγιστρος
3636 887 3768 952 τοὺς

349 986 412 1042 in
457 988 839 1056 conspectum
907 983 1274 1040 dominorum
1337 980 1596 1045 adducit,
1648 980 1745 1052 qui
1797 994 2008 1034 manus

352 1076 640 1149 pandunt,
663 1078 719 1130 et
737 1073 1045 1146 chlamyde
1067 1073 1305 1130 sublata
1321 1073 1576 1128 Caesares
1599 1070 1854 1126 induunt
1877 1084 2010 1125 eos-

347 1182 462 1237 que
489 1163 864 1221 osculantur:
923 1162 1249 1218 factionarii
1290 1177 1396 1218 seu
1443 1168 1712 1218 cantores
1761 1159 2006 1214 dicunt:

341 1276 369 1305 ‹ι
403 1253 689 1323 Feliciter,
718 1252 989 1318 feliciter,
1012 1273 1040 1303 η
1068 1251 1343 1324 idemque
1380 1251 1633 1323 populus
1655 1254 1745 1305 ter
1774 1247 2006 1320 repetit.

345 1343 509 1398 Tunc
557 1340 892 1415 patriarcha
921 1345 1014 1396 ter
1051 1355 1226 1397 cruce
1275 1338 1581 1412 populum,
1615 1343 1682 1394 ut
1721 1337 1830 1409 ipsi
1883 1353 2013 1392 mos

350 1437 457 1498 est,
474 1432 740 1504 signans,
757 1430 976 1488 dicit:«
992 1429 1105 1486 Pax
1119 1429 1394 1486 omnibus
1417 1446 1431 1498 ;
1457 1450 1487 1479 »
1511 1428 2015 1501 populusrespon-

355 1521 486 1577 det:
513 1542 540 1570 «
574 1525 643 1575 Et
667 1519 900 1590 spiritui
944 1523 1067 1575 tuo.
1099 1540 1129 1569 δ)
1167 1519 1452 1574 Diaconus
1477 1533 1491 1574 :
1517 1537 1548 1567 ιι
1587 1517 1790 1589 Capita
1819 1520 2014 1572 nostra

355 1606 965 1665 Dominoinclinemus
989 1623 1049 1663 ε»
1065 1605 1350 1679 populus:
1373 1627 1403 1656 «
1417 1603 2012 1675 Tu,Domine.»Tunc

356 1696 612 1770 populus
631 1701 806 1767 caput
828 1695 1124 1768 paulisper
1143 1694 1408 1763 inclinat,
1433 1695 1587 1765 quod
1607 1699 1664 1750 et
1685 1691 2014 1763 patriarcha

354 1794 409 1842 et
465 1787 846 1856 imperatores
893 1789 952 1840 et
997 1784 1256 1840 Causares
1321 1784 1585 1851 faciunt;
1635 1798 1836 1853 preces
1881 1797 2011 1838 vero

354 1876 643 1931 secundas
677 1873 1010 1946 patriarcha
1035 1873 1314 1930 instituit.
1347 1872 1570 1939 Quibus
1594 1872 1800 1940 finitis,
1831 1887 2014 1944 popu-

351 1964 469 2032 lus,
487 1985 512 2017 ιι
528 1966 736 2031 Amen,
753 1985 782 2016 »
798 1963 940 2020 dicit
962 1965 1264 2036 ;ipsevero
1279 1963 1574 2020 cmsaricia
1594 1962 1825 2018 sublata
1845 1977 2012 2020 oscu-

355 2054 513 2110 latur
541 2057 598 2109 et
625 2051 880 2109 dominis
903 2053 1100 2118 tradit,
1127 2053 1228 2125 qui
1247 2069 1314 2108 ea
1335 2067 1570 2124 quoque
1592 2050 1933 2108 osculantur
1947 2067 2014 2107 ac

360 2140 688 2198 Caesaribus
710 2140 1037 2198 osculanda
1056 2143 1314 2198 tradunt.
1338 2140 1484 2197 Cum
1500 2139 1594 2196 his
1613 2139 1822 2196 deinde
1842 2154 2015 2210 supra

351 2234 535 2302 caput
564 2229 814 2286 sublatis
844 2230 1084 2304 signum
1133 2230 1324 2286 crucis
1372 2230 1616 2296 faciunt,
1657 2227 1918 2284 invocato
1951 2229 2010 2284 S.

360 2320 668 2377 Trinitatis
681 2320 940 2389 nomine,
954 2324 1083 2393 post
1095 2319 1264 2378 electi
1277 2318 1515 2376 Cesaris
1530 2317 2018 2390 capitiimponunt

354 2409 497 2466 dum
524 2409 804 2467 factiones
833 2411 1052 2466 interea
1075 2414 1132 2465 et
1157 2410 1410 2482 populus
1429 2409 1625 2465 omnis
1646 2409 1974 2465 acclamant
1997 2426 2012 2478 ;

358 2505 626 2558 cantores
652 2501 891 2572 quidem
916 2517 930 2556 :
959 2521 984 2553 ιι
1013 2498 1387 2566 Felicissime,
1409 2499 1772 2565 felicissime,
1801 2498 2015 2555 felicis-

356 2590 536 2656 sime;
557 2611 578 2638 ι
601 2589 853 2661 populus
867 2592 986 2644 ter:
1007 2609 1031 2639 ι
1051 2588 1433 2644 Felicissimo.
1455 2608 1481 2640 ι
1496 2591 1808 2645 Cantores:
1825 2609 1854 2639 «
1871 2587 2018 2643 Mul-

358 2684 452 2735 tos
475 2694 661 2734 annos
689 2677 1139 2749 imperatoribus
1163 2679 1174 2732 l
1211 2677 1280 2733 N.
1304 2677 1373 2732 N.
1401 2675 2015 2748 magnisimperatori-

358 2769 466 2826 bus
495 2769 711 2825 multos
733 2785 921 2824 annos
947 2768 958 2822 !
987 2785 1022 2824 a
1043 2768 1159 2825 Deo
1181 2766 1960 2839 promotisimperatoribus,
1983 2787 2013 2818 »

355 2867 410 2915 st
435 2876 561 2931 quae
591 2862 944 2930 sequuntur.

353 2947 643 3022 Καίσαρος,
700 2945 790 3000 καὶ
865 2945 1063 3008 εὐθέως
1151 2944 1515 3020 ἀνακράζουσι
1575 2946 1644 3000 τὰ
1718 2946 1857 3019 μέρη
1919 2945 2010 3000 καὶ
2085 2948 2190 3006 πᾶς
2268 2945 2296 3000 6
2383 2942 2536 3012 λαὸς,
2605 2944 2656 2999 οἱ
2741 2946 3008 3020 κράκται·
3071 2969 3098 2996 ιι

354 3033 642 3108 λικήσιμε,
707 3033 1111 3108 φιλλικήσιμε·
1155 3034 1301 3089 »καὶ
1347 3036 1374 3088 6
1416 3033 1548 3096 λαὸς
1604 3033 1664 3088 ἐκ
1720 3034 1944 3107 τρίτου’
2007 3057 2036 3086 ι(

2085 3033 2492 3109 Φιλλικήσιμε.
2543 3058 2572 3086 ››

2115 971 2548 1054 προϐληθέντας,
2591 976 2683 1032 καὶ
2741 981 3074 1053 παριστῶσιν
3131 976 3330 1043 αὖτοὺς
3397 985 3514 1042 τοῖς
3577 977 3772 1035 δεσπό-

2114 1089 2256 1131 ταις,
2300 1067 2392 1123 καὶ
2450 1066 2785 1146 ἐφαπλοῦσιν
2850 1069 2903 1124 οἱ
2962 1065 3222 1125 δεσπόται
3276 1071 3374 1132 τὰς
3417 1076 3627 1146 χεῖρας,
3681 1071 3772 1125 καὶ

2115 1162 2376 1233 κρατοῦσι
2403 1158 2504 1227 τὴν
2537 1155 2822 1232 χλαμύδα,
2855 1159 2944 1213 καὶ
2995 1153 3393 1233 περιϐάλλουσι
3449 1160 3578 1224 τοὺς
3631 1159 3775 1218 Καί-

2119 1268 2284 1323 σαρας
2335 1247 2383 1282 9⁷
2447 1249 2539 1302 καὶ
2596 1246 2846 1324 φιλοῦσιν
2902 1246 3120 1317 αὐτοὺς,
3177 1250 3266 1304 καὶ
3344 1249 3690 1324 ἀποκρίνεται
3748 1250 3777 1304 6

2123 1337 2278 1403 λαὸς,
2310 1333 2437 1406 ἤτοι
2464 1336 2516 1390 οἱ
2541 1336 2794 1410 κράκται,
2818 1334 3091 1412 λέγοντες·
3109 1361 3138 1390 ιι
3160 1337 3446 1414 Εὖτυχῶς,
3467 1338 3776 1414 εὐτυχῶςο»

2118 1425 2210 1480 καὶ
2245 1427 2273 1480 6
2323 1424 2458 1487 λαὸς
2498 1423 2558 1481 ἐκ
2595 1427 2783 1501 τρίτου
2811 1425 2875 1481 τὸ
2901 1425 3053 1486 αὐτό,
3084 1425 3186 1483 Καὶ
3218 1427 3414 1491 εὐθέως
3443 1428 3473 1483 6
3509 1429 3777 1502 πατριάρ-

2123 1534 2233 1591 χης
2297 1515 2724 1592 κατασφραγίζει
2780 1517 2918 1590 πρὸς
2973 1516 3065 1572 τὸν
3113 1516 3246 1572 λαὸν
3275 1518 3461 1586 τρίτον
3517 1519 3584 1574 τὰ
3635 1517 3777 1574 κατᾶ

2123 1607 2405 1676 συνήθειαν
2436 1605 2560 1680 τρία
2590 1606 2816 1678 σταυρία
2847 1606 2935 1660 καὶ
2990 1603 3138 1682 λέγει
3164 1626 3177 1640 ·
3211 1630 3239 1658 ιι
3273 1606 3486 1683 Εἰρήνη
3527 1613 3719 1663 πᾶσιν·
3745 1631 3774 1662 ››

2121 1696 2212 1750 καὶ
2270 1695 2614 1770 ἀποκρίνεται
2647 1695 2674 1749 ὁ
2727 1693 2901 1758 λαός·
2937 1719 2964 1747 ιι
3001 1695 3098 1753 Καὶ
3155 1701 3236 1769 τῷ
3284 1697 3551 1771 πνεύματί
3593 1718 3710 1754 σου.
3749 1721 3778 1750 ››

2122 1784 2226 1840 Καὶ
2260 1783 2406 1860 λέγει
2432 1785 2459 1838 6
2505 1781 2752 1845 διάκονος
2777 1803 2789 1816 ·
2817 1808 2845 1836 ιι
2877 1785 2984 1847 Τὰς
3015 1783 3257 1863 κεφαλὰς
3308 1789 3473 1860 ἡμῶν
3528 1791 3609 1860 τῷ
3663 1791 3779 1845 Κυ·

2125 1873 2226 1950 ρίῳ
2273 1871 2583 1946 κλίνωμεν·
2620 1898 2648 1925 ››
2682 1873 2770 1929 καὶ
2829 1874 2858 1928 6
2918 1873 3050 1936 λαός
3080 1895 3092 1908 ·
3126 1898 3154 1927 ιι
3217 1875 3312 1947 Σὺ,
3366 1876 3547 1950 Κύριε.
3589 1899 3611 1927 ι
3672 1877 3778 1933 Καὶ

2121 1963 2424 2026 κόπτοντος
2479 1968 2577 2019 τοῦ
2635 1963 2770 2020 λαοῦ
2821 1965 3013 2038 μικρὸν
3062 1963 3246 2040 μέρος,
3279 1965 3370 2020 καὶ
3430 1967 3458 2020 6
3507 1967 3779 2042 πατριάρ-

2125 2072 2234 2129 χης
2263 2054 2438 2128 κόψας
2467 2053 2556 2108 καὶ
2585 2055 2634 2109 οἱ
2687 2051 2934 2129 βασιλεῖς
2965 2055 3056 2109 καὶ
3107 2056 3159 2109 οἱ
3203 2056 3498 2131 Καίσαρες,
3549 2055 3701 2132 λέγει
3751 2058 3780 2114 6

2122 2144 2474 2219 πατριάρχης
2524 2145 2625 2214 τὴν
2670 2140 2919 2220 δευτέραν
2969 2142 3164 2219 εὐχήν.
3210 2143 3310 2199 Καὶ
3358 2146 3450 2201 ὅτε
3505 2143 3781 2221 πληρώσῃ

2126 2238 2227 2306 τήν
2287 2235 2482 2310 εὐχὴν,
2514 2235 2604 2290 καὶ
2662 2233 2935 2310 ἀποκριθῇ
2962 2236 3006 2272 ⁸⁸
3060 2235 3087 2289 6
3143 2232 3274 2296 λαὸς
3328 2236 3420 2290 τὸ·
3458 2259 3487 2287 ιι
3517 2237 3718 2309 Ἀμήν,
3754 2260 3782 2288 ι»

2130 2324 2340 2398 ἐπαίρει
2397 2324 2426 2378 ὁ
2473 2323 2828 2398 πατριάρχης
2877 2323 2945 2378 τὰ
2998 2322 3332 2398 καισαρίκια,
3391 2322 3566 2401 φιλῶν
3623 2323 3780 2396 αὐτὰ,

2123 2414 2213 2469 καὶ
2265 2409 2553 2468 ἐπιδίδωσι
2602 2417 2719 2475 τοῖς
2770 2410 3080 2481 δεσπόταις,
3137 2412 3229 2466 καὶ
3289 2407 3659 2486 λαμϐάνοντες
3715 2415 3770 2468 οἱ

2127 2502 2406 2572 δεσπόται,
2467 2500 2718 2578 φιλοῦσιν
2776 2500 2911 2557 αὐτὰ
2955 2503 3042 2557 καὶ
3103 2505 3324 2557 ποιοῦσι
3381 2500 3608 2575 φιλῆσαι
3680 2501 3770 2556 καὶ

2125 2592 2253 2652 τοὺς
2330 2589 2625 2664 Καίσαρας.
2686 2590 2789 2647 Καὶ
2859 2589 3064 2653 εὐθέως
3144 2588 3658 2668 κατασφραγίζουσιν
3717 2589 3770 2644 οἱ

2126 2676 2382 2735 δεσπόται
2434 2679 2550 2752 μετ’
2609 2677 2784 2733 αὐτῶν
2864 2676 3042 2732 ἐπάνω
3103 2685 3206 2748 τῆς
3272 2675 3512 2754 κεφαλῆς
3570 2677 3776 2747 αὗτῶν,

2123 2768 2590 2840 κατονομάςοντες
2612 2767 2660 2803 9°
2688 2767 2751 2823 τὸ
2791 2762 2968 2838 ὄνομα
3013 2773 3112 2836 τῆς
3162 2767 3319 2842 ἁγίας
3350 2764 3600 2840 Τριάδος,
3639 2765 3780 2842 βάλ-

2127 2866 2315 2911 Αουσιν
2345 2855 2483 2911 αὐτὰ
2511 2856 2530 2890 ί
2563 2853 2639 2918 εἰς
2667 2857 2767 2924 τήν
2799 2853 3047 2930 κεφαλὴν
3080 2857 3101 2891 ⁸
3145 2859 3244 2910 τοῦ
3282 2854 3782 2930 χειροτονουμένου

3180 2943 3590 3018 Φιλλικήσιμε,
3650 2954 3781 3022 φιλο

2632 3035 2699 3092 Οἱ
2757 3033 2983 3108 κράκται
3018 3049 3033 3064 ⁸
3067 3058 3095 3086 ιι
3155 3032 3350 3092 Πολλᾶ
3403 3035 3468 3094 τὰ
3524 3029 3616 3102 ἔτη
3670 3038 3782 3088 τῶν

361 3121 657 3200 βασιλέων,
697 3124 726 3179 6
758 3120 904 3178 δεῖνα
932 3123 1025 3178 καὶ
1065 3124 1094 3177 6
1145 3121 1293 3178 δεῖνα
1346 3121 1600 3198 μεγάλων
1651 3121 1918 3200 βασιλέων
1947 3121 2134 3180 πολλὰ
2159 3123 2228 3179 τὰ
2283 3121 2401 3194 ἔτη,
2435 3117 2862 3196 θεοπροΰλήτων
2919 3121 3210 3198 βασιλέων,
3244 3126 3287 3195 ³,
3320 3147 3350 3176 ››
3399 3125 3488 3179 καὶ
3537 3123 3602 3178 τὰ
3635 3123 3779 3193 ἑξῆς.

426 3220 466 3274 1
482 3218 583 3273 80
607 3216 699 3275 IV.
729 3217 842 3273 Hac
860 3216 1284 3273 acclamatione
1304 3224 1359 3272 et
1378 3218 1670 3272 Cassarum
1697 3216 2008 3288 inaugura-

358 3308 518 3364 tione
550 3308 799 3378 peracta,
828 3305 1046 3362 domini
1087 3321 1220 3361 cum
1252 3305 1583 3377 patriarcha
1607 3310 1665 3360 et
1683 3307 2011 3362 Caesaribus

363 3395 680 3452 triclinium
695 3395 835 3451 XIX
850 3394 1226 3451 accubituum
1241 3393 1514 3466 ingressi,
1531 3397 1588 3449 in
1605 3394 1854 3461 thronis,
1871 3403 1923 3450 et
1939 3395 2011 3449 ad

362 3493 680 3557 utrumque
702 3479 855 3540 latus
877 3500 1074 3539 eorum
1097 3486 1347 3540 Caesares
1360 3483 1690 3540 consident.
1707 3485 1874 3540 Tunc
1895 3489 2013 3540 sta-

358 3577 469 3633 tim
499 3592 659 3643 vasa,
695 3574 980 3630 factiones
1033 3580 1091 3630 et
1143 3574 1335 3630 omnis
1387 3573 1641 3646 populus
1687 3574 1926 3640 abeunt,
1954 3575 2014 3629 in

356 3663 502 3720 locis
533 3664 659 3720 suis
694 3663 1049 3730 subsistunt,
1081 3667 1140 3720 et
1182 3661 1625 3719 considentibus
1675 3662 1950 3730 dominis,
1984 3679 2018 3717 a

2193 3215 2264 3272 A'.
2299 3214 2397 3269 Καὶ
2441 3215 2529 3269 ὅτε
2577 3215 2851 3287 πληρωθῇ
2902 3216 2937 3282 ἡ
2997 3213 3242 3290 εὐφημία
3287 3214 3377 3268 καί
3427 3214 3782 3289 ἀναγόρευσις

2119 3308 2228 3360 τῶν
2280 3304 2585 3378 Καισάρων,
2640 3303 2984 3379 εἰσέρχονται
3042 3303 3098 3358 οἱ
3151 3300 3407 3360 δεσπόται
3489 3305 3625 3377 μετά
3681 3309 3782 3360 τοῦ

2121 3394 2468 3469 πατριάρχου
2525 3391 2615 3447 καὶ
2671 3396 2780 3448 τῶν
2841 3393 3122 3468 Καισάρων
3183 3391 3259 3456 εἰς
3306 3394 3394 3449 τὸν
3426 3394 3450 3430 ⁴
3495 3392 3778 3468 τρίκλινον

2123 3488 2231 3538 τῶν
2283 3484 2343 3547 to'
2394 3479 2729 3543 ἀκουϐίτων,
2761 3482 2852 3537 καὶ
2916 3484 3233 3553 καθέζονται
3281 3483 3332 3538 ἐν
3391 3481 3659 3551 σελλίοις,
3689 3483 3775 3538 καί

2126 3573 2179 3627 οἳ
2236 3571 2499 3647 Καίσαρες
2568 3565 2710 3625 ἔνθεν
2757 3571 3025 3635 κάκεῖθεν.
3086 3570 3190 3630 Καὶ
3252 3570 3448 3635 εὐθέως
3492 3571 3562 3628 τὰ
3619 3571 3775 3642 στεόη

2126 3661 2213 3716 καί
2247 3663 2314 3718 τὰ
2349 3663 2486 3736 μέρη
2519 3661 2609 3714 καὶ
2640 3665 2743 3721 πᾶς
2775 3661 2803 3715 6
2835 3658 2969 3722 λαὸς
3001 3659 3338 3735 ἀπέρχονται
3386 3663 3475 3716 καὶ
3537 3660 3782 3717 ἵστανται

355 3753 538 3810 latere
569 3770 792 3827 agapen
823 3753 1239 3810 distribuentes
1263 3753 1506 3820 intrant,
1526 3769 1715 3825 genua
1739 3752 1937 3826 magni
1961 3756 2013 3809 et

2127 3751 2203 3813 εἰς
2249 3750 2378 3814 τοὺς
2426 3752 2628 3814 τόπους
2687 3749 2888 3820 αὐτῶν,
2949 3751 3040 3807 καί
3098 3752 3463 3817 καθεσθέντων
3532 3757 3642 3809 τῶν
3703 3751 3787 3810 δε-

354 3843 600 3900 minoris
630 3843 1002 3915 imperatoris
1043 3842 1400 3911 osculantur,
1432 3842 1516 3898 ita
1546 3848 1611 3898 ut
1640 3859 1820 3898 unum
1857 3859 2007 3913 genu

353 3933 594 3990 Caesaris
627 3933 700 3988 ad
733 3932 1016 3999 dextram,
1043 3947 1227 3988 unum
1255 3932 1327 3986 ad
1363 3930 1668 3988 sinistram
1694 3931 2012 3986 assidentis

359 4029 724 4092 venerentur,
757 4022 827 4077 ad
860 4021 984 4077 haec
1012 4021 1187 4077 etiam
1221 4036 1440 4092 agapen
1474 4019 1857 4077 distribuunt.
1881 4019 2012 4086 Qui-

355 4111 470 4166 bus
492 4110 766 4167 omnibus
796 4110 1070 4183 peractis,
1104 4115 1396 4167 secretum
1447 4114 1631 4166 totum
1685 4109 1884 4175 intrat,
1916 4125 2012 4164 ve-

358 4200 482 4257 lum
508 4201 787 4274 primum,
813 4201 1100 4274 magistri,
1119 4209 1178 4256 et
1198 4204 1399 4257 cetera
1424 4217 1531 4257 suo
1553 4202 1775 4267 ordine,
1800 4204 1866 4256 ut
1890 4216 2014 4255 mo-

355 4309 417 4349 re
448 4295 750 4365 receptum
774 4296 898 4358 est;
925 4297 1189 4356 senatus,
1214 4291 1552 4348 adoratione
1584 4292 1754 4356 facta,
1788 4306 2012 4362 agapen

353 4382 471 4449 dat,
503 4399 619 4454 qua
669 4381 1002 4446 distributa,
1036 4382 1383 4453 praepositus
1425 4398 1458 4435 a
1513 4381 1792 4436 mandato
1835 4379 2009 4434 dicit:

355 4495 385 4525 ιι
419 4471 649 4530 Jubete.
690 4492 718 4520 »
749 4471 914 4526 Tunc
953 4469 1171 4543 egressi
1200 4469 1420 4526 domini
1471 4471 1593 4526 lora
1643 4474 1700 4526 et
1746 4485 2012 4537 coronas,

354 4564 608 4618 Cessares
659 4559 780 4618 lora
826 4563 883 4616 et
930 4558 1228 4616 casaricia
1274 4564 1504 4615 mutant
1561 4564 1618 4615 et
1690 4557 1926 4626 abeunt,
1960 4562 2017 4613 et

357 4667 533 4706 omne
565 4649 828 4707 officium
863 4649 1020 4717 festi,
1055 4655 1117 4704 ut
1146 4649 1208 4704 in
1239 4648 1430 4719 typico
1461 4647 1870 4720 praescriptum
1901 4651 2012 4711 est,

354 4741 711 4798 celebratur.
743 4741 826 4797 Ad
858 4756 1084 4813 agapen
1127 4743 1185 4797 et
1233 4738 1708 4796 communionem
1759 4738 2014 4810 primum

358 4829 580 4888 domini
604 4845 861 4904 cumque
877 4830 1022 4903 ipsis
1043 4829 1295 4886 Caesares
1316 4829 1554 4899 abeunt,
1583 4826 1881 4901 simulque
1898 4843 2017 4884 me-

355 4920 633 4976 tatorium
695 4921 934 4988 intrant,
990 4919 1307 4990 omniaque
1365 4919 1688 4975 secundum
1749 4919 2015 4975 ordinem

356 5008 514 5077 festi,
549 5013 615 5063 ut
640 5008 698 5063 in
731 5008 925 5081 typico
948 5024 1052 5064 seu
1083 5007 1380 5064 ordinario
1411 5011 1521 5079 est,
1553 5010 1831 5080 aguntur.

2121 3845 2356 3909 σποτῶν,
2412 3837 2753 3915 εἰσέρχονται
2825 3839 2876 3892 οἰ
2947 3835 3186 3900 διδόντες
3238 3841 3339 3908 τὴν
3399 3841 3612 3917 ἆγάπην
3675 3841 3785 3897 ἀπὸ

2121 3930 2383 4005 πλαγίου,
2413 3928 2503 3984 καὶ
2533 3932 2905 4004 προσκυνοῦσι
2933 3929 3000 3984 τὰ
3054 3925 3151 3984 δύο
3204 3929 3405 4006 γόνατα
3461 3934 3561 3986 τοῦ
3612 3931 3786 4006 μεγά-

2124 4026 2225 4075 λου
2261 4018 2550 4095 βασιλέως,
2593 4017 2802 4092 ὁμοίως
2850 4017 2939 4073 καὶ
2984 4021 3082 4073 τοῦ
3141 4022 3362 4094 μικροῦ,
3408 4021 3498 4074 καὶ
3538 4040 3784 4095 προσκυ-

2121 4113 2304 4165 νοῦσιν
2328 4108 2384 4164 ’ἐν
2413 4109 2688 4184 γόνατον⁵
2729 4105 2831 4163 τοῦ
2881 4105 3150 4180 Καίσαρος
3202 4112 3300 4165 τοῦ
3337 4107 3396 4165 ἐκ
3454 4107 3644 4180 δεξιῶν
3690 4112 3784 4166 καὶ

2123 4199 2177 4254 ἐν
2216 4203 2312 4254 τοῦ
2369 4199 2420 4268 ἐξ
2480 4197 2802 4270 εὐωνύμων,
2833 4198 2924 4253 καὶ
2977 4203 3407 4272 προσκυνοῦντες
3463 4196 3649 4254 δίδωσι
3688 4200 3779 4253 καί

2121 4289 2220 4357 τὴν
2258 4286 2496 4364 ἀγάπην.
2533 4286 2636 4344 Καὶ
2683 4285 2773 4342 ὅτε
2826 4285 3187 4360 πληρώσουσι
3240 4288 3307 4342 τὰ
3355 4288 3463 4344 ἀπὸ
3516 4286 3780 4361 πλαγίου,

2124 4375 2425 4453 εἰσέρχεται
2452 4389 2514 4432 το
2562 4375 2814 4449 σέκρετον
2864 4374 3020 4447 ὅλον,
3057 4374 3234 4451 βῆλον
3264 4378 3330 4445 α’,
3357 4379 3408 4432 οἱ
3469 4377 3785 4452 μάγιστροι,

2123 4466 2312 4522 καὶτὰ
2339 4466 2510 4523 λοιπά
2555 4465 2705 4542 βῆλα
2752 4465 2890 4522 κατὰ
2943 4466 3116 4540 τάξιν,
3145 4467 3219 4530 ὡς
3260 4462 3382 4546 ἔχει
3429 4469 3463 4537 ἡ
3508 4470 3786 4539 συνήθεια,

2121 4557 2214 4612 καὶ
2244 4561 2620 4632 προσκυνοῦσα
2652 4558 2687 4625 ἡ
2719 4555 3035 4630 σύγκλητος
3069 4552 3260 4612 δίδωσι
3291 4558 3391 4626 τὴν
3425 4556 3663 4632 ἀγάπην,
3697 4558 3789 4614 καὶ

2122 4645 2523 4723 πληρωσάσης,
2556 4644 2708 4720 λέγει
2747 4647 2776 4700 6
2819 4645 3185 4720 πραιπόσιτος
3216 4646 3322 4701 ἀπὸ
3353 4645 3656 4710 κελεύσεως
3684 4647 3786 4704 τό·

2127 4737 2492 4807 ιιΚεΛεόσατε.
2512 4759 2540 4788 ››
2557 4735 2660 4793 Καὶ
2683 4733 2996 4811 ἐξέρχονται
3017 4735 3108 4790 καὶ
3137 4734 3503 4792 ἀλλάσσουσιν
3524 4737 3576 4792 οἱ
3601 4735 3790 4794 δεσπιῖο

2122 4845 2210 4881 ται
2241 4823 2369 4886 τοὺς
2391 4821 2608 4898 λώρους
2630 4823 2718 4878 καὶ
2741 4823 2809 4878 τὰ
2843 4821 3147 4897 πέμματα,
3163 4824 3375 4898 ὁμοίως
3396 4825 3488 4881 καί
3520 4827 3572 4882 οἱ
3594 4827 3792 4884 Καίσαο

2127 4935 2214 4990 ρες
2269 4912 2396 4976 τοὺς
2455 4911 2675 4986 λώρους
2723 4912 2907 4968 καὶτὰ
2935 4913 3268 4988 καισαρίκια,
3300 4915 3391 4970 καὶ
3449 4913 3791 4992 ἐξέρχονται,

2124 5005 2214 5060 καὶ
2248 5001 2560 5078 πληροῦται
2593 5009 2737 5058 πᾶσα
2784 5005 2820 5072 ἠ
2866 5001 3169 5068 ἀκολουθία
3208 5011 3308 5074 τῆς
3339 5007 3561 5080 ἓορτῆς,
3597 5005 3674 5070 ὡς
3718 5008 3788 5078 ἦν

363 5096 612 5153 τυπικόν.
645 5093 742 5160 Εἷς
802 5093 861 5150 δὲ
914 5097 1013 5166 τὴν
1074 5096 1287 5174 ἀγάπην
1342 5096 1432 5152 καὶ
1492 5095 1593 5166 τήν
1649 5094 1937 5152 κοινωνίαν
1977 5099 2195 5170 πρῶτον
2257 5095 2310 5149 οἱ
2367 5091 2646 5165 δεσπόται,
2696 5092 2787 5149 καί
2840 5094 2960 5168 μετ’
3015 5095 3194 5150 αὐτῶν
3254 5095 3307 5150 οἱ
3361 5095 3622 5170 Καίσαρες
3677 5099 3791 5170 (38)

1713 5213 1959 5272 VARUE
1996 5211 2301 5270 LECTION
2309 5211 2412 5270 ES.

431 5313 480 5349 9°
511 5314 605 5386 καὶ
659 5318 796 5373 ante
850 5311 1190 5386 ἐπικείμενον
1241 5314 1527 5386 excidisse
1565 5318 1747 5386 putat
1941 5313 1987 5348 9"
2041 5313 2131 5368 καὶ
2184 5315 2445 5386 κρατοῦσι
2508 5312 2778 5386 Καίσαρας
2824 5327 2973 5386 Ϋοωκ
3015 5311 3106 5386 ed.
3185 5310 3249 5386 ⁸³-
3291 5309 3635 5386 άποιιρίνετ-αι
3689 5314 3785 5374 ed.

363 5387 411 5463 Ῡο
438 5385 527 5463 καὶ
560 5385 743 5463 ’ὄνομ
780 5403 901 5463 pro
939 5383 1200 5463 κατόνομ.
1231 5387 1322 5446 ed.
1401 5389 1420 5427 ι
1452 5383 1597 5442 αὗτᾶ
1628 5387 1721 5458 Βη,
1765 5384 1896 5441 αὐτὸ
1954 5386 2079 5443 cod.
2131 5390 2189 5441 et
2224 5383 2328 5443 'ed.
2407 5385 2430 5420 ²
2477 5383 2557 5445 εἰς
2609 5383 2729 5463 neq).
2771 5385 2861 5440 ed.

364 5459 384 5494 ⁵
413 5457 490 5522 εἷς
521 5457 583 5513 τὸ
614 5457 705 5516 ed.
781 5457 807 5494 ⁵
837 5459 967 5536 γόνυ
999 5461 1091 5516 ed.

2957 5384 2979 5418 ³
3008 5378 3411 5458 θεοπροϐλήτῳ
3439 5378 3661 5458 ’βασιλεῖ
3689 5387 3785 5445 ed.

1412 5563 1612 5622 JOAN.
1649 5564 1799 5622 JAC.
1842 5565 2104 5622 REISKII
2141 5562 2719 5622 COMMENTARIUS

431 5683 544 5754 (38)
593 5683 822 5743 Scilicet
871 5683 1704 5758 xowwvoﬁat,_communirant,
1763 5683 2240 5743 communionem
2299 5687 2564 5744 sanctam
2620 5681 2972 5758 percipiunt.
3031 5681 3164 5738 Vid.
3226 5697 3284 5754 p.
3348 5682 3470 5740 134.
3520 5683 3669 5740 Μετὰ
3724 5686 3788 5746 in

359 5755 465 5812 hac
495 5773 628 5816 cum
658 5759 908 5830 genitivo
933 5754 1370 5818 constructione
1397 5756 1692 5827 signiﬁcat
1716 5764 1862 5829 post.
