4158 6430
368 408 448 468 79
1404 391 1924 493 CONSTANTINl
1966 391 2668 464 PORPHYROGENITI

3632 399 3752 462 £80

328 539 440 598 sito
454 534 672 592 domini
686 537 742 590 et
763 533 1111 592 candidatus
1125 551 1380 590 cesaree
1403 530 1705 607 dignitatis
1719 530 1978 598 sumunt,

2113 533 2190 582 ποῦ
2248 528 2523 602 διακονου,
2583 528 2926 610 λαμϐάνουσι
2973 533 3104 597 τοὺς
3171 534 3376 611 κηρούς
3449 534 3599 609 παρὰ
3651 537 3752 588 τοῦ

331 644 396 684 ac
426 632 514 682 ter
543 626 787 696 repetita
817 623 1152 679 adoratione
1173 625 1393 695 gratias
1415 624 1532 680 Deo
1559 625 1759 690 agunt,
1790 617 1982 675 omnis

327 732 463 774 vero
497 713 749 786 pepulus
771 713 845 767 ad
876 712 1158 768 orientem
1192 713 1397 770 faciem
1423 710 1730 768 convertit.
1765 708 1986 764 Interea

334 807 474 863 dum
505 804 738 858 futurus
769 801 957 857 Caesar
980 817 1014 856 a
1045 801 1355 872 praeposito
1395 805 1452 857 et
1483 799 1671 871 primo
1705 797 1986 870 magistro

333 893 659 961 adducitur,
683 891 964 946 diaconus
994 890 1135 945 dicit
1166 907 1178 945 :
1207 913 1236 941 ‹‹
1270 891 1332 946 In
1357 907 1497 961 pace
1527 887 1755 945 Domini
1787 901 1989 958 prece-

333 998 468 1039 mur
501 999 516 1049 ;
550 1001 577 1030 ››
610 977 905 1051 populus:
938 1000 964 1028 «
987 977 1582 1046 Domine,misererel
1621 998 1649 1026 »
1675 992 1792 1047 quo
1812 975 1984 1042 facto,

338 1085 538 1144 preces
569 1067 842 1125 solenues
875 1065 1207 1138 patriarcha
1248 1066 1495 1134 orditur,
1530 1065 1744 1135 quibus
1778 1062 1987 1129 finitis,

334 1164 642 1232 postquam
670 1155 950 1228 populus:
973 1157 1222 1226 «Amen,
1248 1178 1274 1205 ››
1294 1153 1620 1226 respondit,
1650 1151 1989 1223 patriarcha

335 1246 703 1319 chlamydem
720 1243 871 1300 tollit
885 1259 1132 1315 eamque
1147 1242 1520 1299 vestitoribus
1535 1242 1731 1307 tradit,
1746 1241 1985 1296 vestito-

339 1354 432 1394 res
463 1351 656 1392 coram
678 1333 930 1390 dominis
961 1333 1269 1404 explicant,
1304 1332 1649 1404 praepositus
1678 1334 1735 1386 et
1764 1331 1992 1401 primus

342 1424 620 1498 magister
638 1423 1012 1494 designatum
1041 1422 1324 1478 Cassarem
1341 1421 1662 1490 adducunt,
1677 1419 1994 1489 statimque

335 1512 558 1571 domini
590 1529 801 1567 manus
820 1511 1176 1582 expendunt,
1202 1510 1567 1580 chlamydem
1589 1511 1788 1565 tenent
1811 1522 1993 1579 eaque

335 1609 624 1663 Cessarem
644 1602 1212 1671 vestiunt,vestitum
1237 1601 1601 1670 osculantur,
1616 1607 1666 1655 et
1683 1603 1952 1655 cantores
1977 1613 1990 1654 :

338 1694 492 1750 182
518 1713 546 1743 α
569 1690 858 1757 Feliciter,
888 1689 1151 1756 feliciter,
1184 1688 1468 1746 feliciter!
1505 1711 1534 1739 »
1558 1687 1814 1760 populus
1835 1688 1991 1742 idem

337 1789 426 1843 ter
455 1782 687 1854 repetit.

2093 621 2461 694 πραιποσίτου
2503 622 2558 678 οἳ
2577 644 2634 678 τε
2679 621 2933 680 δεσπόται
2974 623 3065 679 καὶ
3124 622 3285 685 αὐτὸς
3341 624 3370 678 6
3405 620 3628 696 μέλλων
3659 643 3753 696 γε·

2093 709 2273 765 νέσθαι
2337 715 2558 787 Καῖσαρ,
2603 714 2692 769 καὶ
2751 712 2840 770 δια
2896 721 2996 784 τῆς
3049 720 3277 787 τρισσῆς
3328 715 3752 787 προσκυνήσεως

2096 799 2559 876 ἆπευχαριστοῦσι
2616 808 2696 875 τῷ
2737 806 2873 873 Θεῷ,
2903 803 2990 857 καὶ
3043 800 3326 880 στρέφεται
3367 803 3506 864 ἅπας
3555 802 3584 857 6
3617 801 3756 863 λαὸς

2095 887 2233 942 κατὰ
2272 889 2559 961 ἀνατολὰς,
2601 890 2954 967 εἰσαγομένου
3010 895 3108 948 τοῦ
3175 890 3484 964 μέλλοντος
3535 891 3758 965 γίνεσθο

2099 976 2366 1052 Καὶσκρος
2397 980 2543 1055 παρά
2589 1001 2647 1036 τε
2705 984 2803 1036 τοῦ
2850 981 3216 1056 πραιποσίτου
3253 978 3343 1034 καὶ
3382 983 3479 1036 τοῦ
3536 979 3756 1052 πρώτοι

2102 1066 2421 1139 μαγίστρου,
2462 1071 2551 1124 καὶ
2584 1071 2629 1108 ¹³
2660 1070 2808 1146 λέγει
2852 1072 2880 1125 6
2932 1067 3205 1132 διάκονος·
3236 1093 3264 1122 ι(
3309 1071 3394 1126 Ἐν
3437 1069 3626 1143 εἰρήνῃ
3657 1071 3760 1122 τοῦ

2099 1155 2304 1230 Κυρίου
2333 1155 2635 1233 δεηθῶμεν·
2675 1184 2702 1210 ››
2739 1161 2831 1214 καὶ
2880 1161 2908 1214 6
2968 1159 3120 1220 λαός.
3155 1183 3183 1210 «
3217 1160 3383 1235 Κύριε
3430 1157 3691 1228 ἐλέησον·
3728 1182 3760 1209 ››

2099 1244 2189 1298 καὶ
2232 1246 2368 1316 μετᾶ
2433 1246 2496 1300 τὸ
2556 1248 2853 1322 πληρῶσαι
2908 1247 2999 1302 τὸν
3052 1245 3301 1301 διάκονον
3347 1245 3655 1322 ἀπέρχεται
3729 1247 3760 1301 6

2101 1335 2449 1410 πατριάρχης
2483 1337 2582 1405 τὴν
2618 1334 2814 1411 εὐχὴν,
2846 1336 2934 1392 καὶ
2967 1333 3034 1406 δὴ
3093 1341 3190 1392 τοῦ
3245 1337 3592 1411 πατριάρχου
3651 1338 3756 1404 τὴν

2103 1423 2352 1478 εἰωθυῖαν
2385 1423 2731 1499 πληροῦντος
2764 1427 2958 1501 εὐχὴν,
2983 1427 3090 1482 ’καί
3127 1427 3224 1482 τοῦ
3256 1425 3394 1481 λαοῦ
3451 1425 3760 1500 ἀποκρινο-

2107 1508 2269 1584 μένου
2299 1515 2382 1585 τὸ,
2420 1537 2447 1566 ιι
2480 1515 2677 1588 ’Δμὴν,
2713 1538 2742 1567 ››
2796 1513 2937 1591 α’ίρει
2988 1517 3016 1571 6
3064 1517 3413 1593 πατριάχρης
3459 1518 3560 1585 τήν
3611 1514 3766 1591 χλα-

2108 1598 2252 1672 μύδα
2280 1601 2370 1656 καὶ
2419 1601 2703 1658 ἐπιδίδωσι
2733 1609 2848 1667 τοῖς
2902 1606 3249 1680 βεστήτορσι,
3283 1606 3334 1659 οἱ
3399 1602 3456 1659 δὲ
3498 1606 3760 1679 βεστήτο-

2107 1710 2195 1764 ρες
2251 1691 2518 1747 ἀπλοῦσιν
2570 1693 2736 1763 αὐτὴν
2804 1690 3104 1770 ἔμπροσθεν
3161 1699 3270 1750 τῶν
3328 1692 3624 1767 δεσποτῶν,
3667 1697 3762 1750 καὶ

2108 1777 2257 1852 φέρει
2318 1782 2346 1836 6
2396 1783 2755 1856 πραιπόσιτος
2813 1783 2904 1837 καὶ
2966 1784 2995 1836 6
3044 1788 3261 1856 πρῶτος
3307 1784 3605 1856 μάγιστρος
3666 1783 3765 1839 τὸν

340 1867 838 1946 χέιροτονούμενον
887 1867 1151 1942 Καίσαρα,
1193 1866 1282 1922 καὶ
1341 1866 1539 1922 εὐθέως
1598 1865 1863 1921 ἆπλοῦσιν
1915 1865 1968 1919 οἱ
2029 1861 2286 1923 δεσπόται
2339 1870 2435 1932 τὰς
2483 1876 2670 1945 χεῖρας
2728 1872 2817 1926 καὶ
2881 1875 3140 1946 κρατοῦσι
3198 1872 3296 1939 τὴν
3357 1869 3642 1946 χλαμύδα,
3675 1872 3770 1926 καὶ

338 1957 670 2036 περιτιθέασι
699 1961 778 2028 τῷ
808 1957 1059 2031 Καίσαριο
1089 1956 1177 2012 καὶ
1203 1957 1456 2034 φιλοῦσιν
1492 1955 1651 2011 αὐτὸν
1689 1956 1778 2010 καὶ
1811 1953 2066 2030 λέγουσιν
2095 1957 2148 2010 οἱ
2216 1935 2526 2030 κράκται·’‹;
2578 1935 2855 2035 Ἐύτυχῶς
2902 1935 3035 2034 ('40),
3095 1935 3398 2037 εὐτυχῶς..
3425 1935 3697 2036 εύιτυχᾶλς,
3731 1981 3762 2015 ι

339 2053 429 2106 καὶ
460 2052 487 2105 6
518 2048 652 2110 λαὸς
683 2046 800 2124 ἐκγ¹
829 2048 894 2103 τὸ
925 2048 1078 2103 αὐτό.

415 2150 512 2207 III.
542 2149 707 2206 Tunc
737 2148 1065 2218 patriarcha
1091 2153 1178 2204 ter
1207 2147 1488 2219 populum
1512 2161 1684 2202 cruce
1716 2146 1906 2217 signat
1936 2151 1990 2201 et

2174 2153 2242 2204 Γ’.
2267 2147 2366 2202 Καὶ
2407 2148 2604 2211 εὐθέως
2636 2151 2664 2204 6
2713 2151 3065 2225 πατριάρχης
3132 2149 3565 2228 κατασφραγίζει
3627 2151 3773 2223 πρὸς

344 2241 489 2296 dicit
513 2256 526 2295 :
561 2237 916 2294 «Paxvobis.
946 2261 966 2287 -
990 2237 1246 2310 Populus
1265 2253 1277 2292 :
1296 2259 1321 2286 «
1341 2236 1654 2307 Etspiritui
1673 2239 1794 2290 tuo.
1815 2234 1995 2290 nPor-

345 2347 408 2388 ro
431 2330 748 2386 diaconus:
774 2351 801 2379 ‹‹
838 2327 1040 2399 Capita
1061 2337 1261 2384 nostra
1291 2325 1536 2382 Domino
1561 2324 1936 2382 inclinemus.
1967 2345 1996 2374 »

346 2424 584 2478 Peracto
615 2423 810 2473 autem
835 2416 1079 2473 solemni
1098 2418 1208 2472 ritu
1225 2413 1626 2471 inclinationis
1647 2413 2000 2484 capitis,sci-

341 2509 483 2566 licet
510 2513 818 2581 postquam
851 2507 1237 2579 imperatores
1267 2521 1428 2576 mque
1466 2519 1531 2560 ac
1589 2503 1775 2559 Caesar
1826 2505 2003 2574 caput

343 2598 732 2664 inclinarunt,
765 2596 1273 2668 precesqueﬁnita
1297 2597 1460 2661 sunt,
1489 2592 1822 2665 patriarcha
1840 2607 2003 2647 coro-

347 2707 483 2746 nam
517 2705 616 2745 seu
641 2688 990 2746 casaricium
1015 2688 1216 2755 sumit,
1241 2686 1416 2758 idque
1438 2685 1737 2742 osculatus
1759 2684 2007 2752 impera-

350 2778 460 2836 tori
494 2779 691 2845 tradit,
726 2776 825 2848 qui
855 2777 912 2832 id
945 2776 1120 2832 etiam
1171 2776 1474 2831 osculatur
1503 2773 2007 2843 osculandumque

348 2868 560 2928 Caesari
584 2867 788 2934 tradit,
813 2866 1135 2937 statimque
1166 2881 1342 2937 super
1364 2865 1554 2935 capite
1611 2863 1739 2933 ejus
1769 2861 2005 2930 signum

352 2958 492 3014 facit
523 2973 588 3013 ac
620 2956 798 3012 dicit:
825 2978 850 3005 ‹‹
871 2958 934 3011 In
961 2954 1426 3019 nominePatris,
1457 2950 2010 3022 etFiIii,etSpiritus

356 3046 560 3104 sancti.
601 3067 627 3094 ››
658 3045 756 3099 Sic
788 3060 1019 3115 quoque
1048 3059 1323 3100 coronam
1352 3041 1529 3114 capiti
1561 3040 1854 3112 designati
1884 3041 2009 3097 Cae-

356 3136 509 3192 saris
539 3132 808 3206 imponit,
840 3143 1106 3189 cantores
1129 3132 1333 3187 dicunt
1366 3149 1380 3188 :
1414 3153 1442 3181 ‹‹
1467 3129 1849 3198 Felicissimo,
1881 3127 2006 3184 feli-

353 3225 611 3294 cissime,
645 3222 1006 3291 felicissime;
1040 3243 1067 3273 »
1101 3225 1228 3277 tum
1270 3220 1524 3293 populus
1556 3224 1679 3276 ter:
1709 3241 1737 3270 «
1771 3218 2009 3274 Felicis-

352 3315 522 3381 sime,
539 3335 568 3364 »
588 3313 798 3369 deinde
817 3313 1146 3368 acclamant
1168 3326 1182 3367 :
1202 3332 1230 3362 ‹‹
1246 3310 1461 3366 Multos
1510 3325 1720 3374 annos,
1750 3330 1778 3358 ››
1793 3311 1850 3364 et
1870 3305 1971 3362 rel.
1991 3323 2005 3375 ;

355 3412 649 3477 postremo
681 3418 700 3456 :
735 3422 764 3450 ‹‹
806 3399 1016 3455 Multos
1070 3415 1255 3455 annos
1313 3397 1654 3454 felicissimo
1689 3395 1896 3452 Caesari
1929 3413 1945 3464 ;
1977 3415 2006 3446 υ

2103 2235 2194 2290 τὸν
2235 2235 2366 2291 λαὸν
2397 2239 2608 2312 τρίτον,
2636 2240 2724 2294 καὶ
2752 2238 2902 2316 λέγει
2931 2256 2981 2306 ;‹‹
3017 2239 3224 2314 Εἰρήνη
3258 2243 3438 2293 πᾶσιν·
3472 2264 3497 2291 η
3547 2241 3575 2294 ὁ
3610 2239 3770 2302 λαόςο

2109 2349 2136 2377 ‹‹
2173 2327 2270 2382 Καὶ
2303 2331 2383 2399 τῷ
2435 2327 2697 2400 πνεύματί
2768 2349 2884 2384 σου.
2917 2349 2944 2380 ι
3011 2328 3150 2385 Εἶτα
3211 2322 3358 2403 λέγει
3420 2328 3448 2383 6
3493 2325 3768 2390 διάκονος·

2115 2435 2137 2464 ι
2164 2416 2274 2477 Τὰς
2305 2415 2542 2494 κεφαλὰς
2577 2419 2736 2490 ἡμῶν
2793 2423 2872 2489 τῷ
2921 2418 3103 2493 Κυρίῳ
3143 2417 3440 2490 κλίνωμενο
3476 2443 3504 2468 ››
3536 2418 3636 2475 Καὶ
3667 2425 3772 2486 τῆς

2112 2507 2379 2575 συνήθους
2445 2506 2649 2576 τάξεως
2734 2513 2832 2576 τῆς
2923 2505 3353 2584 κεφαλογλισίας
3408 2506 3762 2578 τελουμένης,

2111 2594 2371 2665 δηλονότι
2401 2593 2946 2668 κεφαλοκλινούντων
2979 2597 3070 2651 καὶ
3097 2602 3205 2651 τῶν
3241 2595 3506 2671 βασιλέων
3539 2595 3758 2650 καὶτοῦ

2111 2684 2655 2758 Καίσαρος,καὶμετᾶ
2700 2686 2798 2754 νὴν
2855 2685 3138 2763 τεχείωσιν
3175 2693 3273 2755 τῆς
3340 2683 3506 2754 εὒκῆς
3551 2689 3691 2758 αῖρει
3730 2684 3759 2737 6

2113 2794 2463 2850 πατριαρχης
2491 2775 2584 2829 τὸν
2613 2773 2893 2852 στέφανον,
2934 2776 3060 2844 ἤτοι
3090 2776 3153 2830 τὸ
3192 2774 3554 2849 καισαρίκιον,
3587 2772 3770 2850 φιλῶν

2117 2864 2270 2934 αὐτὸ,
2327 2864 2418 2918 καὶ
2459 2861 2773 2918 ἐπιδίδωσιν
2828 2863 2959 2920 αὐτὸ
3007 2869 3087 2936 τῷ
3147 2863 3382 2940 βατιλεῖ.
3413 2864 3475 2921 Ὁ
3516 2860 3573 2917 δὲ
3605 2863 3771 2936 βασι-

2118 2951 2244 3014 λεὺς
2303 2954 2597 3022 ἀσπάζεται
2655 2952 2810 3018 αὐτὸ,
2858 2954 2948 3008 καὶ
3011 2958 3162 3008 ποιεῖ
3217 2954 3450 3032 φιλῆσαι
3501 2951 3630 3006 αὐτὸ
3688 2950 3784 3006 καὶ

2115 3045 2208 3098 τὸν
2256 3044 2519 3116 Καίσαρα,
2564 3044 2655 3098 καὶ
2713 3044 2913 3104 εὐθέως
2964 3044 3386 3119 κατασφραγίζει
3445 3041 3629 3097 ἐπάνω
3676 3048 3782 3111 τῆς

2118 3132 2364 3211 κεφαλῆς
2398 3133 2567 3188 αὐτοῦ
2595 3131 2790 3209 λέγων·
2827 3158 2854 3186 ‹‹
2888 3132 2982 3196 Εἷς
3012 3133 3075 3188 τὸ
3106 3129 3281 3207 ὄνομα
3312 3137 3408 3187 σοῦ
3433 3132 3664 3206 Πατρὸς,
3688 3129 3782 3186 καὶ

2115 3226 2213 3278 τοῦ
2235 3220 2385 3289 Υίοῦ,
2416 3221 2505 3275 καὶ
2537 3225 2633 3276 τοῦ
2695 3221 3005 3294 ΙΙνεύματος
3036 3222 3217 3298 ἁγίου.
3253 3246 3282 3273 ››
3323 3222 3421 3276 Καὶ
3472 3222 3567 3285 εἶθ’
3599 3220 3780 3282 οὓτως

2116 3311 2427 3387 περιτίθησι
2456 3311 2548 3366 τὸν
2597 3312 2850 3389 στέφανον
2907 3311 2983 3373 εἷς
3039 3312 3137 3380 τήν
3171 3313 3412 3389 κορυφὴν
3445 3314 3542 3365 τοῦ
3584 3329 3781 3386 χειρο-

2120 3400 2452 3474 τονουμένου
2483 3399 2772 3473 Καίσαρος,
2802 3401 2892 3455 καὶ
2927 3401 3177 3475 Λέγουσιν
3221 3402 3273 3456 oi.
3303 3401 3556 3475 κράκται.
3581 3425 3610 3451 ‹‹
3644 3399 3782 3454 Φιλ·

357 3491 568 3548 deinde
599 3506 612 3545 :
648 3511 676 3534 ει
701 3489 818 3545 Nos
846 3489 993 3546 servi
1028 3488 1464 3558 imperatorum,
1512 3503 1620 3542 nos
1650 3486 1801 3541 servi
1831 3484 1999 3539 Caesa

2132 3492 2414 3581 λικήσιμε,
2447 3489 2834 3564 φιλλικήσιμε,
2869 3489 3258 3567 φιλλικήσιμε,
3298 3513 3326 3542 η
3359 3491 3462 3547 Καὶ
3494 3491 3523 3544 6
3559 3489 3692 3551 λαὸς
3720 3489 3778 3543 ἐκ

359 3582 462 3647 ris,
495 3579 600 3635 Fili
629 3579 840 3644 Dei,da
869 3577 1016 3649 ipsis
1048 3579 1250 3640 vitam,
1276 3577 1380 3631 Fili
1412 3575 1535 3640 Dei,
1569 3575 1644 3630 da
1674 3574 1821 3646 ipsis
1842 3574 2014 3628 victo-

357 3667 538 3726 riam!
595 3690 623 3717 »
679 3667 917 3723 Peracta
945 3682 1081 3722 vero
1141 3665 1580 3731 acclamatione,
1619 3662 2007 3719 dominicum

355 3759 687 3834 patriarcha
717 3761 773 3812 et
795 3757 1017 3813 Caesare
1046 3755 1374 3811 triclinium
1407 3752 1810 3810 novemdecim
1847 3768 2012 3807 accu-

355 3849 584 3904 bituum
643 3845 889 3910 intrant,
923 3843 1252 3900 consident.
1288 3848 1344 3898 et
1377 3841 1646 3898 adoratio
1688 3841 2006 3912 peragitur.

2122 3580 2328 3654 τρίτου⁶
2365 3603 2392 3631 ‹‹
2452 3578 2833 3652 Φιλλικήσιμε
2864 3583 2929 3646 ¹⁴,
2983 3602 3013 3632 »
3043 3580 3134 3634 καὶ
3178 3581 3277 3635 εἶθ’
3307 3578 3482 3642 οὕτως
3511 3579 3714 3654 γίνεται
3743 3578 3777 3647 ἡ

2123 3670 2388 3748 εὐφημία.
2439 3690 2466 3722 α
2500 3665 2696 3724 Ηολλᾶ
2723 3669 2792 3722 τὰ
2821 3665 2915 3738 ἔτη
2942 3669 3007 3736 ⁸⁸,
3043 3691 3071 3718 ››
3103 3667 3193 3722 καὶ
3247 3669 3314 3723 τὰ
3343 3665 3491 3740 ἑξῆς,
3533 3666 3585 3721 έν
3616 3664 3676 3722 δὶ
3702 3670 3785 3739 τῷ

2121 3758 2397 3829 τελευτᾷν⁸
2443 3781 2473 3810 ‹‹
2510 3755 2704 3814 Πολλὰ
2739 3757 2810 3812 τὰ
2854 3754 2948 3827 ἔτη
2989 3761 3087 3811 τοῦ
3137 3757 3529 3836 εύτυχεςτάτου
3577 3756 3786 3812 Καίσα-

2122 3870 2234 3919 ρος.
2270 3872 2298 3901 κ
2337 3848 2484 3904 Εἶτα·
2514 3870 2541 3899 ‹‹
2574 3847 2770 3920 Ἡμεῖς
2801 3842 3117 3901 δοῦλοιτῶν
3155 3845 3444 3922 βασιλέων,
3465 3848 3632 3917 ἡμεῖς
3654 3843 3790 3900 δοῦ-

359 3952 452 4008 λοι
480 3955 582 4007 τοῦ
621 3949 1048 4023 Καίσαρος,⁹ῐ“ὶὶ
1096 3952 1257 4018 Θεοῦ,
1319 3949 1467 4017 ζωὴν
1495 3947 1680 4008 αὐτοῖς
1728 3946 1834 4000 ’Υἱὲ
1865 3949 2020 4012 Θεοῦ,
2079 3943 2234 4010 νίκην
2291 3938 2499 3998 αὐτοῖς.
2530 3959 2558 3990 ››
2613 3936 2721 3994 Καὶ
2756 3937 2846 3991 ὅτε
2901 3935 3180 4011 πληρωθῇ
3237 3939 3273 4006 ἡ
3317 3934 3787 4016 εύφημία,εἶσέρ-

361 4061 554 4117 χονται
579 4041 631 4095 οἱ
653 4036 911 4094 δεσπόται
946 4041 1080 4113 μετὰ
1107 4043 1205 4093 τοῦ
1235 4039 1579 4112 πατριάρχου
1605 4036 1691 4091 καὶ
1717 4038 1815 4091 τοῦ
1847 4033 2112 4108 Καίσαρος
2145 4031 2220 4091 εἰς
2261 4030 2356 4086 τὸΛ
2384 4026 2682 4103 τρικλίνιον
2732 4031 2842 4082 τῶν
2894 4027 2955 4082 ιθ¹
3011 4025 3338 4098 ἀκουῆίτων,
3378 4026 3471 4082 καὶ
3518 4026 3784 4094 καθέζον-

359 4152 473 4199 ται,
505 4131 595 4184 καῖ
619 4127 950 4184 ἐπιτελεῖται
979 4131 1015 4197 ἡ
1048 4127 1437 4200 προσκύνησις.

959 4216 1192 4273 CAPUT
1233 4217 1419 4273 XLIV.

580 4305 930 4365 Obseruantia
959 4309 1017 4362 in
1055 4305 1392 4380 promotionc
1435 4305 1798 4362 Nobilissimi.

429 4475 473 4534 Ι.
507 4473 697 4530 Pridie
710 4471 887 4529 unius
906 4471 1017 4527 diei
1033 4469 1360 4528 demarchis
1373 4472 1431 4525 et
1447 4465 1838 4525 referendario
1854 4479 2022 4520 man-

2733 4208 2998 4262 ΚΕΦΑΛ.
3034 4205 3166 4262 ΜΔ’.

2164 4298 2304 4356 ,ιΟσα
2350 4293 2430 4351 δεῖ
2479 4292 3062 4439 παραφυλάττεὲγμέἰτὶ
3102 4294 3418 4370 χειροτονίᾳ
3468 4287 3743 4363 Νωόελη-

2203 4459 2284 4516 Δ’.
2319 4455 2433 4531 Ηρὸ
2484 4460 2611 4528 μιᾶς
2659 4451 2868 4510 δίδοται
2919 4451 3208 4531 ἀπόκρισις
3268 4454 3346 4520 είς
3421 4455 3616 4530 ἑορτὴν
3669 4459 3790 4516 τοῖς

367 4566 572 4623 datum
593 4565 662 4620 de
681 4564 827 4620 festo
844 4562 1039 4632 datur,
1062 4561 1344 4632 omnique
1371 4557 1601 4615 senatui
1617 4555 1932 4620 indicatur,
1956 4569 1992 4607 u

2133 4545 2451 4624 δημάρχοις
2479 4545 2570 4600 καὶ
2611 4549 2691 4616 τῷ
2742 4543 3159 4632 ῥεφερενδαρίῳ,
3189 4546 3279 4600 καὶ
3329 4545 3593 4616 μηνύεται
3647 4548 3796 4598 πᾶσα

369 4655 635 4726 sequenti
651 4669 820 4710 mane
840 4668 973 4708 cum
994 4649 1328 4706 mutatoriis
1344 4649 1600 4714 veniant,
1633 4660 1814 4718 quare
1843 4659 1910 4699 eo
1931 4640 1999 4696 diu

2133 4639 2166 4706 ἡ
2201 4635 2531 4713 σύγκλητος,
2570 4633 2660 4688 ’ἱνα
2699 4631 2847 4708 πρωΐ
2877 4629 3080 4698 ἔλθωσι
3115 4635 3250 4706 μετὰ
3309 4631 3651 4706 ἆλλαξίμων,
3699 4629 3792 4686 καὶ

365 4721 560 4803 omnis
573 4746 812 4799 senatus
823 4756 985 4813 aque
997 4756 1064 4795 ac
1079 4737 1331 4812 prefecti
1345 4736 1669 4793 scholarum
1685 4749 1749 4790 ac
1773 4731 1999 4804 reliquo

2133 4728 2195 4782 τὸ
2234 4723 2380 4800 πρωῒ
2411 4723 2672 4779 ἀλλάσσει
2704 4727 2846 4778 πᾶσα
2877 4726 2910 4793 ἡ
2943 4723 3257 4799 σύγκλητος
3286 4723 3376 4778 καὶ
3418 4721 3486 4778 τὰ
3533 4723 3793 4795 ἀξιώμα-

367 4850 496 4891 rum
509 4833 782 4888 ordinum
804 4810 998 4888 vestes
1017 4810 1271 4896 mutant,
1287 4841 1538 4897 vasaque
1549 4823 1624 4880 ad
1645 4823 1752 4879 ded
1763 4822 1999 4878 ucendoa

2130 4837 2197 4871 τα
2223 4819 2332 4870 τῶν
2369 4810 2591 4888 σχολῶν
2633 4813 2721 4867 καὶ
2762 4815 2869 4867 τῶν
2921 4811 3132 4868 λοιπῶν
3178 4812 3490 4888 ταγμάτων,
3532 4811 3622 4866 καὶ
3679 4831 3788 4866 πα-

369 4923 430 4977 in
447 4922 729 4993 obsequio
745 4920 1016 4977 dominos
1027 4917 1350 4974 adducunt.
1367 4914 1588 4971 Paratis
1609 4912 1902 4976 omnibus,
1918 4927 1999 4983 pa«

2130 4899 2546 4982 ραλαμϐιὶνουσι
2601 4902 2670 4958 τὰ
2730 4901 2891 4972 σκεύη
2960 4904 3095 4978 πρὸς
3182 4903 3244 4957 τὸ
3314 4901 3596 4973 ὀψικεῦσαι
3657 4902 3790 4964 τοὺς

367 4986 624 5065 triarcha
635 5009 792 5066 venit
804 5024 1019 5082 perque
1034 5008 1104 5064 da
1111 5007 1329 5081 phnem
1345 5005 1418 5062 ad
1433 5005 1494 5062 S.
1507 5002 1786 5075 Stephani
1805 5001 1999 5074 pergit,

2130 4992 2412 5056 δεσπότας.
2476 4989 2575 5047 Καὶ
2646 4992 2860 5046 πάντων
2915 4990 3395 5068 εὐτρεπισθέντων,
3474 4986 3697 5065 ἔρχεται
3763 4991 3794 5046 6

365 5097 638 5154 dominos
695 5077 940 5170 excipit,
976 5077 1130 5155 vasa
1168 5095 1367 5155 omnia
1423 5110 1540 5151 una
1569 5108 1702 5150 cum
1743 5106 1914 5148 cruce
1942 5090 1999 5146 ac‘

2128 5081 2482 5162 πατριάρχης
2541 5080 2632 5135 καὶ
2695 5079 2997 5158 εἰσέρχεται
3055 5079 3143 5137 διὰ
3199 5087 3298 5152 τῆς
3346 5077 3553 5158 δάφνης
3593 5077 3669 5140 εἰς
3694 5080 3792 5135 τὸν

1738 5227 1982 5287 VARUS
2021 5221 2411 5285 LECTIONES

442 5351 489 5391 ¹³
516 5349 608 5405 καὶ
639 5367 756 5408 om.
788 5352 880 5408 ed.
961 5350 1006 5390 ¹⁸
1037 5349 1195 5429 φιλλ.
1227 5348 1387 5428 φιλλ.
1418 5347 1510 5404 καί
1530 5377 1601 5392 -ο
1631 5342 1789 5426 φιλλ.
1822 5361 1940 5402 om.
1971 5343 2090 5410 ed.,
2130 5340 2292 5399 dedit
2321 5339 2389 5398 Β.
2415 5343 2536 5396 not.
2614 5339 2659 5376 ³⁸
2687 5334 2875 5394 πολλὰ
2902 5333 2995 5406 ἔτη
3029 5339 3121 5395 ed.

1417 5473 1620 5533 JOAN.
1658 5471 1809 5530 JAC.
1860 5467 2122 5526 REISKII
2162 5462 2736 5521 COMMENTARIUS

443 5573 558 5646 (40)
580 5573 741 5644 Sapit
761 5573 870 5631 hoc
901 5582 1159 5632 veterum
1206 5576 1602 5632 Romanorum
1636 5573 1694 5625 in
1727 5567 2034 5646 electioni-
2143 5557 3759 5646 ρνωιοτιρηοζιιιη[βιζοίίεςζςιζναίονξίξερρονίίρωίξιξςξξςζ
3786 5581 3802 5626 ς

373 5628 497 5702 bu‘s
517 5628 1608 5716 impartamm'aé'ciﬁhahai'ﬁerem.
1653 5641 1829 5716 Ita_in
1863 5642 2035 5716 Acto_-_
2143 5628 3041 5716 exercitium‘Romhpisfeliriter;
3063 5632 3266 5716 pietati
3283 5638 3506 5716 senatus
3535 5628 3796 5714 feliciter.

374 5717 531 5790 logia
560 5702 1291 5790 senatusaanei-tinacem
1326 5726 1451 5789 post
1498 5729 1700 5771 necem
1716 5709 2041 5790 Δ(ξρῐῐιιιιοιίξ
2151 5707 2292 5790 Inde
2320 5705 2564 5790 feliciter
2592 5702 2986 5778 alicui'optare
3013 5702 3106 5790 est
3133 5705 3312 5790 idem,
3345 5709 3521 5790 atque
3549 5702 3806 5790 inlapsu:-

376 5771 527 5846 δ’ἔᾶ
557 5771 1387 5863 hiBSiEBIniEidLTiiiis};
1412 5771 1563 5857 illuc.
1623 5803 1680 5856 p.
1713 5785 1820 5839 325
1845 5799 1858 5838 :
1883 5781 2041 5840 Fidei
2149 5771 2333 5836 torem
2395 5777 2566 5834 Rom.
2599 5771 2975 5848 nuncupare;
3027 5778 3318 5849 Spartian.
3349 5781 3392 5832 t.
3426 5771 3470 5846 l,
3506 5789 3562 5845 p.
3594 5771 3721 5838 644,
3745 5771 3802 5826 5.
