  <div class='ocr_page' id='page_1' title='image "/cluster/home/n/w/nwhite01/storage/ocr_20150623/112:no.1/coo.31924054870161/249.png"; bbox 0 0 4158 6412; ppageno 0'>
   <div class='ocr_carea' id='block_1_1' title="bbox 341 394 456 454">
    <p class='ocr_par' dir='ltr' id='par_1_1' title="bbox 341 394 456 454">
     <span class='ocr_line' id='line_1_1' title="bbox 341 394 456 454; baseline 0 -1"><span class='ocrx_word' id='word_1_1' title='bbox 341 394 456 454; x_wconf 71' lang='grc'><strong>483</strong></span> 
     </span>
    </p>
   </div>
   <div class='ocr_carea' id='block_1_2' title="bbox 1402 372 2684 444">
    <p class='ocr_par' dir='ltr' id='par_1_2' title="bbox 1402 372 2684 444">
     <span class='ocr_line' id='line_1_2' title="bbox 1402 372 2684 444; baseline -0.004 -2"><span class='ocrx_word' id='word_1_2' title='bbox 1402 372 1943 444; x_wconf 82' lang='lat' dir='ltr'><strong>CONSTANTINI</strong></span> <span class='ocrx_word' id='word_1_3' title='bbox 1990 372 2684 440; x_wconf 83' lang='lat' dir='ltr'><strong>PORPHYROGENITI</strong></span> 
     </span>
    </p>
   </div>
   <div class='ocr_carea' id='block_1_3' title="bbox 3633 387 3752 448">
    <p class='ocr_par' dir='ltr' id='par_1_3' title="bbox 3633 387 3752 448">
     <span class='ocr_line' id='line_1_3' title="bbox 3633 387 3752 448; baseline 0.008 -1"><span class='ocrx_word' id='word_1_4' title='bbox 3633 387 3752 448; x_wconf 70' lang='grc'><strong>484</strong></span> 
     </span>
    </p>
   </div>
   <div class='ocr_carea' id='block_1_4' title="bbox 345 499 1991 592">
    <p class='ocr_par' dir='ltr' id='par_1_4' title="bbox 345 509 1976 592">
     <span class='ocr_line' id='line_1_4' title="bbox 345 509 1976 592; baseline -0.012 -11"><span class='ocrx_word' id='word_1_5' title='bbox 345 523 674 582; x_wconf 88' lang='lat' dir='ltr'><strong>ornandum</strong></span> <span class='ocrx_word' id='word_1_6' title='bbox 702 520 780 576; x_wconf 86' lang='lat' dir='ltr'><strong>&#39;in</strong></span> <span class='ocrx_word' id='word_1_7' title='bbox 813 519 1194 592; x_wconf 87' lang='lat' dir='ltr'><strong>conspectum</strong></span> <span class='ocrx_word' id='word_1_8' title='bbox 1225 514 1596 571; x_wconf 88' lang='lat' dir='ltr'><strong>dominorum</strong></span> <span class='ocrx_word' id='word_1_9' title='bbox 1623 509 1976 583; x_wconf 86' lang='lat' dir='ltr'><strong>producunt,</strong></span> 
     </span>
    </p>
   </div>
   <div class='ocr_carea' id='block_1_5' title="bbox 2104 499 3762 592">
    <p class='ocr_par' dir='ltr' id='par_1_5' title="bbox 2104 499 3762 592">
     <span class='ocr_line' id='line_1_5' title="bbox 2104 499 3762 592; baseline 0.01 -35"><span class='ocrx_word' id='word_1_10' title='bbox 2104 503 2181 558; x_wconf 82' lang='grc' dir='ltr'><strong>ιαὶ</strong></span> <span class='ocrx_word' id='word_1_11' title='bbox 2213 504 2241 557; x_wconf 99' lang='lat'><strong>6</strong></span> <span class='ocrx_word' id='word_1_12' title='bbox 2273 499 2660 592; x_wconf 74' lang='grc' dir='ltr'>νωϐελήσιμος</span> <span class='ocrx_word' id='word_1_13' title='bbox 2704 509 2934 583; x_wconf 74' lang='grc' dir='ltr'>κηροῦς,</span> <span class='ocrx_word' id='word_1_14' title='bbox 2983 510 3076 564; x_wconf 76' lang='grc' dir='ltr'><strong>καὶ</strong></span> <span class='ocrx_word' id='word_1_15' title='bbox 3126 511 3382 580; x_wconf 79' lang='grc' dir='ltr'><strong>ἅπτουσι,</strong></span> <span class='ocrx_word' id='word_1_16' title='bbox 3417 513 3512 568; x_wconf 79' lang='grc' dir='ltr'><strong>καὶ</strong></span> <span class='ocrx_word' id='word_1_17' title='bbox 3543 513 3634 570; x_wconf 77' lang='grc' dir='ltr'><strong>ὅτε</strong></span> <span class='ocrx_word' id='word_1_18' title='bbox 3665 516 3762 572; x_wconf 68' lang='grc' dir='ltr'>λε-</span> 
     </span>
    </p>
   </div>
   <div class='ocr_carea' id='block_1_6' title="bbox 345 599 1992 687">
    <p class='ocr_par' dir='ltr' id='par_1_6' title="bbox 345 599 1992 687">
     <span class='ocr_line' id='line_1_6' title="bbox 345 599 1992 687; baseline -0.01 -16"><span class='ocrx_word' id='word_1_19' title='bbox 345 617 440 687; x_wconf 88' lang='lat' dir='ltr'><strong>qui</strong></span> <span class='ocrx_word' id='word_1_20' title='bbox 472 611 921 686; x_wconf 85' lang='lat' dir='ltr'><strong>acceptatunica</strong></span> <span class='ocrx_word' id='word_1_21' title='bbox 949 626 1080 666; x_wconf 90' lang='lat' dir='ltr'><strong>eum</strong></span> <span class='ocrx_word' id='word_1_22' title='bbox 1104 607 1380 675; x_wconf 90' lang='lat' dir='ltr'><strong>induunt,</strong></span> <span class='ocrx_word' id='word_1_23' title='bbox 1403 604 1766 672; x_wconf 89' lang='lat' dir='ltr'><strong>osculantur,</strong></span> <span class='ocrx_word' id='word_1_24' title='bbox 1791 599 1992 656; x_wconf 81' lang='lat' dir='ltr'><strong>factio-</strong></span> 
     </span>
    </p>
   </div>
   <div class='ocr_carea' id='block_1_7' title="bbox 346 689 1992 771">
    <p class='ocr_par' dir='ltr' id='par_1_7' title="bbox 346 689 1992 771">
     <span class='ocr_line' id='line_1_7' title="bbox 346 689 1992 771; baseline -0.012 -10"><span class='ocrx_word' id='word_1_25' title='bbox 346 704 522 760; x_wconf 81' lang='lat' dir='ltr'><strong>nibus</strong></span> <span class='ocrx_word' id='word_1_26' title='bbox 574 707 631 759; x_wconf 71' lang='grc' dir='ltr'><strong>ιιι</strong></span> <span class='ocrx_word' id='word_1_27' title='bbox 686 701 846 758; x_wconf 91' lang='lat' dir='ltr'><strong>omni</strong></span> <span class='ocrx_word' id='word_1_28' title='bbox 893 698 1103 771; x_wconf 91' lang='lat' dir='ltr'><strong>populo</strong></span> <span class='ocrx_word' id='word_1_29' title='bbox 1151 695 1652 754; x_wconf 82' lang='lat' dir='ltr'><strong>exclamantibus:</strong></span> <span class='ocrx_word' id='word_1_30' title='bbox 1711 712 1741 744; x_wconf 87' lang='lat'>«</span> <span class='ocrx_word' id='word_1_31' title='bbox 1776 689 1992 746; x_wconf 89' lang='lat' dir='ltr'><strong>Multos</strong></span> 
     </span>
    </p>
   </div>
   <div class='ocr_carea' id='block_1_8' title="bbox 343 778 1991 864">
    <p class='ocr_par' dir='ltr' id='par_1_8' title="bbox 343 778 1991 864">
     <span class='ocr_line' id='line_1_8' title="bbox 343 778 1991 864; baseline -0.013 -12"><span class='ocrx_word' id='word_1_32' title='bbox 343 810 527 852; x_wconf 86' lang='lat' dir='ltr'><strong>annos</strong></span> <span class='ocrx_word' id='word_1_33' title='bbox 558 788 1047 864; x_wconf 81' lang='lat' dir='ltr'><strong>imperatoribus!</strong></span> <span class='ocrx_word' id='word_1_34' title='bbox 1081 788 1147 843; x_wconf 89' lang='lat' dir='ltr'><strong>N.</strong></span> <span class='ocrx_word' id='word_1_35' title='bbox 1173 787 1241 844; x_wconf 90' lang='lat' dir='ltr'><strong>N.</strong></span> <span class='ocrx_word' id='word_1_36' title='bbox 1279 787 1508 858; x_wconf 83' lang='lat' dir='ltr'><strong>magnis</strong></span> <span class='ocrx_word' id='word_1_37' title='bbox 1537 778 1991 855; x_wconf 90' lang='lat' dir='ltr'><strong>imperatoribus</strong></span> 
     </span>
    </p>
   </div>
   <div class='ocr_carea' id='block_1_9' title="bbox 339 866 1992 947">
    <p class='ocr_par' dir='ltr' id='par_1_9' title="bbox 339 866 1992 947">
     <span class='ocr_line' id='line_1_9' title="bbox 339 866 1992 947; baseline -0.011 -7"><span class='ocrx_word' id='word_1_38' title='bbox 339 900 406 940; x_wconf 89' lang='lat' dir='ltr'><strong>ac</strong></span> <span class='ocrx_word' id='word_1_39' title='bbox 432 881 685 938; x_wconf 89' lang='lat' dir='ltr'><strong>dominis</strong></span> <span class='ocrx_word' id='word_1_40' title='bbox 715 879 932 936; x_wconf 86' lang='lat' dir='ltr'><strong>multos</strong></span> <span class='ocrx_word' id='word_1_41' title='bbox 959 872 1148 934; x_wconf 84' lang='lat' dir='ltr'><strong>annos</strong></span> <span class='ocrx_word' id='word_1_42' title='bbox 1177 875 1190 930; x_wconf 77' lang='grc' dir='ltr'><strong>ί</strong></span> <span class='ocrx_word' id='word_1_43' title='bbox 1220 876 1288 932; x_wconf 93' lang='grc' dir='ltr'><strong>Ν.</strong></span> <span class='ocrx_word' id='word_1_44' title='bbox 1323 875 1434 947; x_wconf 64' lang='lat' dir='ltr'><strong>piae</strong></span> <span class='ocrx_word' id='word_1_45' title='bbox 1464 877 1739 946; x_wconf 69' lang='lat' dir='ltr'><strong>Auguste</strong></span> <span class='ocrx_word' id='word_1_46' title='bbox 1771 866 1992 924; x_wconf 87' lang='lat' dir='ltr'><strong>multos</strong></span> 
     </span>
    </p>
   </div>
   <div class='ocr_carea' id='block_1_10' title="bbox 339 957 1986 1030">
    <p class='ocr_par' dir='ltr' id='par_1_10' title="bbox 339 957 1986 1030">
     <span class='ocr_line' id='line_1_10' title="bbox 339 957 1986 1030; baseline -0.007 0"><span class='ocrx_word' id='word_1_47' title='bbox 339 970 565 1030; x_wconf 88' lang='lat' dir='ltr'><strong>annos!</strong></span> <span class='ocrx_word' id='word_1_48' title='bbox 610 967 941 1025; x_wconf 86' lang='lat' dir='ltr'><strong>felicissimo</strong></span> <span class='ocrx_word' id='word_1_49' title='bbox 987 966 1188 1022; x_wconf 66' lang='lat' dir='ltr'><strong>Casari</strong></span> <span class='ocrx_word' id='word_1_50' title='bbox 1223 965 1443 1021; x_wconf 91' lang='lat' dir='ltr'><strong>multos</strong></span> <span class='ocrx_word' id='word_1_51' title='bbox 1474 960 1690 1020; x_wconf 78' lang='lat' dir='ltr'><strong>annos!</strong></span> <span class='ocrx_word' id='word_1_52' title='bbox 1724 960 1792 1018; x_wconf 91' lang='lat' dir='ltr'><strong>N.</strong></span> <span class='ocrx_word' id='word_1_53' title='bbox 1847 957 1986 1018; x_wconf 90' lang='lat' dir='ltr'><strong>illu-</strong></span> 
     </span>
    </p>
   </div>
   <div class='ocr_carea' id='block_1_11' title="bbox 339 1052 1596 1119">
    <p class='ocr_par' dir='ltr' id='par_1_11' title="bbox 339 1052 1596 1119">
     <span class='ocr_line' id='line_1_11' title="bbox 339 1052 1596 1119; baseline -0.013 0"><span class='ocrx_word' id='word_1_54' title='bbox 339 1061 624 1119; x_wconf 86' lang='lat' dir='ltr'><strong>strissimo</strong></span> <span class='ocrx_word' id='word_1_55' title='bbox 656 1056 1026 1114; x_wconf 91' lang='lat' dir='ltr'><strong>nobilissimo</strong></span> <span class='ocrx_word' id='word_1_56' title='bbox 1057 1056 1275 1112; x_wconf 90' lang='lat' dir='ltr'><strong>multos</strong></span> <span class='ocrx_word' id='word_1_57' title='bbox 1305 1071 1491 1111; x_wconf 89' lang='lat' dir='ltr'><strong>annos</strong></span> <span class='ocrx_word' id='word_1_58' title='bbox 1521 1052 1532 1107; x_wconf 89' lang='lat'>!</span> <span class='ocrx_word' id='word_1_59' title='bbox 1568 1076 1596 1103; x_wconf 83' lang='grc'><strong>››</strong></span> 
     </span>
    </p>
   </div>
   <div class='ocr_carea' id='block_1_12' title="bbox 2102 591 3759 680">
    <p class='ocr_par' dir='ltr' id='par_1_12' title="bbox 2102 591 3759 680">
     <span class='ocr_line' id='line_1_12' title="bbox 2102 591 3759 680; baseline 0.008 -34"><span class='ocrx_word' id='word_1_60' title='bbox 2102 614 2185 670; x_wconf 88' lang='grc' dir='ltr'><strong>γει</strong></span> <span class='ocrx_word' id='word_1_61' title='bbox 2235 595 2263 648; x_wconf 97' lang='lat'><strong>6</strong></span> <span class='ocrx_word' id='word_1_62' title='bbox 2314 591 2563 657; x_wconf 86' lang='grc' dir='ltr'>διάκονος</span> <span class='ocrx_word' id='word_1_63' title='bbox 2616 598 2716 666; x_wconf 82' lang='grc' dir='ltr'><strong>τήν</strong></span> <span class='ocrx_word' id='word_1_64' title='bbox 2769 596 3033 670; x_wconf 88' lang='grc' dir='ltr'>λιτανίαν,</span> <span class='ocrx_word' id='word_1_65' title='bbox 3091 599 3283 656; x_wconf 88' lang='grc' dir='ltr'>κύπτει</span> <span class='ocrx_word' id='word_1_66' title='bbox 3335 601 3362 656; x_wconf 88' lang='grc' dir='ltr'><strong>ὁ</strong></span> <span class='ocrx_word' id='word_1_67' title='bbox 3403 604 3759 680; x_wconf 81' lang='grc' dir='ltr'>πατριάρχης</span> 
     </span>
    </p>
   </div>
   <div class='ocr_carea' id='block_1_13' title="bbox 2100 685 3754 776">
    <p class='ocr_par' dir='ltr' id='par_1_13' title="bbox 2100 685 3754 776">
     <span class='ocr_line' id='line_1_13' title="bbox 2100 685 3754 776; baseline 0.007 -37"><span class='ocrx_word' id='word_1_68' title='bbox 2100 685 2188 740; x_wconf 85' lang='grc' dir='ltr'><strong>καὶ</strong></span> <span class='ocrx_word' id='word_1_69' title='bbox 2240 693 2388 742; x_wconf 81' lang='grc' dir='ltr'>ποιεῖ</span> <span class='ocrx_word' id='word_1_70' title='bbox 2427 689 2529 757; x_wconf 78' lang='grc' dir='ltr'>τὴν</span> <span class='ocrx_word' id='word_1_71' title='bbox 2578 689 2772 764; x_wconf 74' lang='grc' dir='ltr'>εὐχήν,</span> <span class='ocrx_word' id='word_1_72' title='bbox 2819 689 2910 746; x_wconf 83' lang='grc' dir='ltr'><strong>καὶ</strong></span> <span class='ocrx_word' id='word_1_73' title='bbox 2956 691 3046 746; x_wconf 84' lang='grc' dir='ltr'><strong>ὅτε</strong></span> <span class='ocrx_word' id='word_1_74' title='bbox 3093 689 3372 769; x_wconf 79' lang='grc' dir='ltr'><strong>πληρώσῃ</strong></span> <span class='ocrx_word' id='word_1_75' title='bbox 3420 697 3523 764; x_wconf 77' lang='grc' dir='ltr'><strong>τήν</strong></span> <span class='ocrx_word' id='word_1_76' title='bbox 3556 695 3754 776; x_wconf 73' lang='grc' dir='ltr'>εὐχὴν,</span> 
     </span>
    </p>
   </div>
   <div class='ocr_carea' id='block_1_14' title="bbox 2101 771 3762 862">
    <p class='ocr_par' dir='ltr' id='par_1_14' title="bbox 2101 771 3762 862">
     <span class='ocr_line' id='line_1_14' title="bbox 2101 771 3762 862; baseline 0.008 -32"><span class='ocrx_word' id='word_1_77' title='bbox 2101 771 2370 848; x_wconf 79' lang='grc' dir='ltr'>λαμϐάνει</span> <span class='ocrx_word' id='word_1_78' title='bbox 2403 779 2502 847; x_wconf 77' lang='grc' dir='ltr'>τὴν</span> <span class='ocrx_word' id='word_1_79' title='bbox 2544 776 2811 856; x_wconf 75' lang='grc' dir='ltr'><strong>χλαμύδα</strong></span> <span class='ocrx_word' id='word_1_80' title='bbox 2854 780 2944 834; x_wconf 87' lang='grc' dir='ltr'><strong>καὶ</strong></span> <span class='ocrx_word' id='word_1_81' title='bbox 2993 778 3277 837; x_wconf 76' lang='grc' dir='ltr'><strong>ἐπιδίδωσι</strong></span> <span class='ocrx_word' id='word_1_82' title='bbox 3305 790 3422 846; x_wconf 87' lang='grc' dir='ltr'>τοῖς</span> <span class='ocrx_word' id='word_1_83' title='bbox 3455 771 3762 862; x_wconf 62' lang='grc' dir='ltr'>βεστήτορ-</span> 
     </span>
    </p>
   </div>
   <div class='ocr_carea' id='block_1_15' title="bbox 2099 865 3750 946">
    <p class='ocr_par' dir='ltr' id='par_1_15' title="bbox 2099 865 3750 946">
     <span class='ocr_line' id='line_1_15' title="bbox 2099 865 3750 946; baseline 0.008 -28"><span class='ocrx_word' id='word_1_84' title='bbox 2099 885 2174 933; x_wconf 87' lang='grc' dir='ltr'><strong>σι,</strong></span> <span class='ocrx_word' id='word_1_85' title='bbox 2221 865 2312 920; x_wconf 86' lang='grc' dir='ltr'><strong>καὶ</strong></span> <span class='ocrx_word' id='word_1_86' title='bbox 2352 867 2406 920; x_wconf 74' lang='grc' dir='ltr'>οἱ</span> <span class='ocrx_word' id='word_1_87' title='bbox 2449 867 2776 942; x_wconf 72' lang='grc' dir='ltr'>βεστήτορες</span> <span class='ocrx_word' id='word_1_88' title='bbox 2826 867 3160 946; x_wconf 79' lang='grc' dir='ltr'>ἐφαπλοῦσιν</span> <span class='ocrx_word' id='word_1_89' title='bbox 3197 872 3389 944; x_wconf 82' lang='grc' dir='ltr'>αὑτήν,</span> <span class='ocrx_word' id='word_1_90' title='bbox 3427 874 3516 929; x_wconf 80' lang='grc' dir='ltr'><strong>καὶ</strong></span> <span class='ocrx_word' id='word_1_91' title='bbox 3550 875 3750 941; x_wconf 62' lang='grc' dir='ltr'>εὐθέως</span> 
     </span>
    </p>
   </div>
   <div class='ocr_carea' id='block_1_16' title="bbox 2101 954 3762 1044">
    <p class='ocr_par' dir='ltr' id='par_1_16' title="bbox 2101 954 3762 1044">
     <span class='ocr_line' id='line_1_16' title="bbox 2101 954 3762 1044; baseline 0.009 -37"><span class='ocrx_word' id='word_1_92' title='bbox 2101 954 2392 1031; x_wconf 78' lang='grc' dir='ltr'><strong>προσφέρει</strong></span> <span class='ocrx_word' id='word_1_93' title='bbox 2444 956 2472 1010; x_wconf 90' lang='lat'><strong>6</strong></span> <span class='ocrx_word' id='word_1_94' title='bbox 2522 959 2884 1031; x_wconf 74' lang='grc' dir='ltr'>πραιπόσιτος</span> <span class='ocrx_word' id='word_1_95' title='bbox 2929 958 3019 1044; x_wconf 75' lang='grc' dir='ltr'>καὶ</span> <span class='ocrx_word' id='word_1_96' title='bbox 3073 960 3100 1014; x_wconf 89' lang='lat'><strong>6</strong></span> <span class='ocrx_word' id='word_1_97' title='bbox 3155 961 3454 1037; x_wconf 85' lang='grc' dir='ltr'>μάγιστρος</span> <span class='ocrx_word' id='word_1_98' title='bbox 3481 965 3572 1019; x_wconf 86' lang='grc' dir='ltr'>τὸν</span> <span class='ocrx_word' id='word_1_99' title='bbox 3606 965 3762 1044; x_wconf 74' lang='grc' dir='ltr'>ὀφεί-</span> 
     </span>
    </p>
   </div>
   <div class='ocr_carea' id='block_1_17' title="bbox 2101 1042 3758 1128">
    <p class='ocr_par' dir='ltr' id='par_1_17' title="bbox 2101 1042 3758 1128">
     <span class='ocr_line' id='line_1_17' title="bbox 2101 1042 3758 1128; baseline 0.007 -28"><span class='ocrx_word' id='word_1_100' title='bbox 2101 1044 2268 1100; x_wconf 89' lang='grc' dir='ltr'>λοντα</span> <span class='ocrx_word' id='word_1_101' title='bbox 2315 1046 2760 1120; x_wconf 68' lang='grc' dir='ltr'><strong>προχειρίζεσθαι</strong></span> <span class='ocrx_word' id='word_1_102' title='bbox 2833 1042 3224 1124; x_wconf 74' lang='grc' dir='ltr'>νωϐελήσιμον</span> <span class='ocrx_word' id='word_1_103' title='bbox 3285 1050 3587 1128; x_wconf 80' lang='grc' dir='ltr'>ἔμπροσθεν</span> <span class='ocrx_word' id='word_1_104' title='bbox 3645 1042 3758 1111; x_wconf 82' lang='grc' dir='ltr'><strong>τῶν</strong></span> 
     </span>
    </p>
   </div>
   <div class='ocr_carea' id='block_1_18' title="bbox 345 1129 3758 1217">
    <p class='ocr_par' dir='ltr' id='par_1_18' title="bbox 345 1129 3758 1217">
     <span class='ocr_line' id='line_1_18' title="bbox 345 1129 3758 1217; baseline -0.002 -11"><span class='ocrx_word' id='word_1_105' title='bbox 345 1149 648 1217; x_wconf 82' lang='grc' dir='ltr'>δεσποτῶν,</span> <span class='ocrx_word' id='word_1_106' title='bbox 703 1146 794 1200; x_wconf 80' lang='grc' dir='ltr'><strong>καὶ</strong></span> <span class='ocrx_word' id='word_1_107' title='bbox 845 1139 1214 1217; x_wconf 77' lang='grc' dir='ltr'>λαμϐάνουσιν</span> <span class='ocrx_word' id='word_1_108' title='bbox 1267 1143 1318 1197; x_wconf 77' lang='grc' dir='ltr'>οἱ</span> <span class='ocrx_word' id='word_1_109' title='bbox 1368 1139 1622 1197; x_wconf 84' lang='grc' dir='ltr'>δεσπόται</span> <span class='ocrx_word' id='word_1_110' title='bbox 1681 1141 1782 1209; x_wconf 75' lang='grc' dir='ltr'>τὴν</span> <span class='ocrx_word' id='word_1_111' title='bbox 1843 1134 2105 1215; x_wconf 79' lang='grc' dir='ltr'>χλαμύδα</span> <span class='ocrx_word' id='word_1_112' title='bbox 2151 1135 2241 1190; x_wconf 88' lang='grc' dir='ltr'>καὶ</span> <span class='ocrx_word' id='word_1_113' title='bbox 2290 1129 2720 1208; x_wconf 76' lang='grc' dir='ltr'>περιϐαλλουσιν</span> <span class='ocrx_word' id='word_1_114' title='bbox 2768 1135 2935 1208; x_wconf 83' lang='grc' dir='ltr'>αὐτῷ,</span> <span class='ocrx_word' id='word_1_115' title='bbox 2989 1137 3080 1194; x_wconf 86' lang='grc' dir='ltr'><strong>καὶ</strong></span> <span class='ocrx_word' id='word_1_116' title='bbox 3131 1140 3384 1217; x_wconf 69' lang='grc' dir='ltr'>φιλοῦσιν</span> <span class='ocrx_word' id='word_1_117' title='bbox 3433 1142 3612 1212; x_wconf 78' lang='grc' dir='ltr'>αὐτὸν,</span> <span class='ocrx_word' id='word_1_118' title='bbox 3663 1144 3758 1200; x_wconf 83' lang='grc' dir='ltr'><strong>καὶ</strong></span> 
     </span>
    </p>
   </div>
   <div class='ocr_carea' id='block_1_19' title="bbox 338 1220 3760 1310">
    <p class='ocr_par' dir='ltr' id='par_1_19' title="bbox 338 1220 3760 1310">
     <span class='ocr_line' id='line_1_19' title="bbox 338 1220 3760 1310; baseline -0.001 -15"><span class='ocrx_word' id='word_1_119' title='bbox 338 1237 536 1300; x_wconf 66' lang='grc' dir='ltr'>εὐθέως</span> <span class='ocrx_word' id='word_1_120' title='bbox 629 1235 995 1310; x_wconf 77' lang='grc' dir='ltr'>ἀνακράζουσι</span> <span class='ocrx_word' id='word_1_121' title='bbox 1067 1233 1136 1288; x_wconf 80' lang='grc' dir='ltr'><strong>τὰ</strong></span> <span class='ocrx_word' id='word_1_122' title='bbox 1194 1233 1334 1306; x_wconf 67' lang='grc' dir='ltr'>μέρη</span> <span class='ocrx_word' id='word_1_123' title='bbox 1380 1231 1474 1286; x_wconf 84' lang='grc' dir='ltr'><strong>καὶ</strong></span> <span class='ocrx_word' id='word_1_124' title='bbox 1518 1234 1624 1293; x_wconf 85' lang='grc' dir='ltr'>πᾶς</span> <span class='ocrx_word' id='word_1_125' title='bbox 1673 1230 1702 1284; x_wconf 90' lang='lat'><strong>6</strong></span> <span class='ocrx_word' id='word_1_126' title='bbox 1745 1229 1901 1291; x_wconf 76' lang='grc' dir='ltr'>λαόςο</span> <span class='ocrx_word' id='word_1_127' title='bbox 1962 1251 1990 1281; x_wconf 84' lang='grc'><strong>‹‹</strong></span> <span class='ocrx_word' id='word_1_128' title='bbox 2042 1223 2234 1282; x_wconf 81' lang='grc' dir='ltr'>Πολλὰ</span> <span class='ocrx_word' id='word_1_129' title='bbox 2289 1223 2357 1278; x_wconf 80' lang='grc' dir='ltr'><strong>τὰ.</strong></span> <span class='ocrx_word' id='word_1_130' title='bbox 2401 1220 2494 1294; x_wconf 80' lang='grc' dir='ltr'>ἔτη</span> <span class='ocrx_word' id='word_1_131' title='bbox 2548 1229 2657 1310; x_wconf 88' lang='grc' dir='ltr'><strong>τῶν</strong></span> <span class='ocrx_word' id='word_1_132' title='bbox 2707 1226 3000 1300; x_wconf 71' lang='grc' dir='ltr'>βασιλὲωψ</span> <span class='ocrx_word' id='word_1_133' title='bbox 3053 1230 3081 1283; x_wconf 90' lang='grc' dir='ltr'>ὁ</span> <span class='ocrx_word' id='word_1_134' title='bbox 3130 1235 3279 1286; x_wconf 78' lang='grc' dir='ltr'>δεῖνα</span> <span class='ocrx_word' id='word_1_135' title='bbox 3320 1231 3408 1286; x_wconf 77' lang='grc' dir='ltr'><strong>καὶ</strong></span> <span class='ocrx_word' id='word_1_136' title='bbox 3460 1230 3610 1288; x_wconf 88' lang='grc' dir='ltr'>δεῖνα</span> <span class='ocrx_word' id='word_1_137' title='bbox 3661 1255 3760 1308; x_wconf 88' lang='grc' dir='ltr'>με-</span> 
     </span>
    </p>
   </div>
   <div class='ocr_carea' id='block_1_20' title="bbox 341 1309 3759 1406">
    <p class='ocr_par' dir='ltr' id='par_1_20' title="bbox 341 1309 3759 1406">
     <span class='ocr_line' id='line_1_20' title="bbox 341 1309 3759 1406; baseline -0.009 -21"><span class='ocrx_word' id='word_1_138' title='bbox 341 1326 528 1406; x_wconf 84' lang='grc' dir='ltr'>γάλων</span> <span class='ocrx_word' id='word_1_139' title='bbox 580 1309 848 1401; x_wconf 69' lang='grc' dir='ltr'>βασιλέων</span> <span class='ocrx_word' id='word_1_140' title='bbox 889 1322 980 1377; x_wconf 87' lang='grc' dir='ltr'><strong>καὶ</strong></span> <span class='ocrx_word' id='word_1_141' title='bbox 1029 1319 1444 1397; x_wconf 80' lang='grc' dir='ltr'>αὐτοκρατόρων</span> <span class='ocrx_word' id='word_1_142' title='bbox 1494 1318 1683 1406; x_wconf 85' lang='grc' dir='ltr'>πολλά</span> <span class='ocrx_word' id='word_1_143' title='bbox 1734 1320 1799 1406; x_wconf 78' lang='grc' dir='ltr'><strong>τὰ</strong></span> <span class='ocrx_word' id='word_1_144' title='bbox 1849 1317 1964 1406; x_wconf 10' lang='grc' dir='ltr'><strong>ἔτην·</strong></span> <span class='ocrx_word' id='word_1_145' title='bbox 2013 1317 2041 1372; x_wconf 82' lang='grc' dir='ltr'>ὁ</span> <span class='ocrx_word' id='word_1_146' title='bbox 2092 1313 2251 1406; x_wconf 5' lang='grc' dir='ltr'>δεῖνα,</span> <span class='ocrx_word' id='word_1_147' title='bbox 2288 1319 2388 1383; x_wconf 84' lang='grc' dir='ltr'><strong>τῆς</strong></span> <span class='ocrx_word' id='word_1_148' title='bbox 2438 1309 2826 1406; x_wconf 66' lang='grc' dir='ltr'>εὐσεϐεστάτης</span> <span class='ocrx_word' id='word_1_149' title='bbox 2878 1317 3199 1393; x_wconf 82' lang='grc' dir='ltr'>Αὐγούστης</span> <span class='ocrx_word' id='word_1_150' title='bbox 3239 1319 3425 1376; x_wconf 73' lang='grc' dir='ltr'>πολλὰ</span> <span class='ocrx_word' id='word_1_151' title='bbox 3469 1323 3536 1377; x_wconf 67' lang='grc' dir='ltr'>τὰ</span> <span class='ocrx_word' id='word_1_152' title='bbox 3575 1317 3693 1394; x_wconf 66' lang='grc' dir='ltr'><strong>ἔτη.</strong></span> <span class='ocrx_word' id='word_1_153' title='bbox 3727 1325 3759 1379; x_wconf 70' lang='grc' dir='ltr'><strong><em>δ</em></strong></span> 
     </span>
    </p>
   </div>
   <div class='ocr_carea' id='block_1_21' title="bbox 341 1399 3469 1489">
    <p class='ocr_par' dir='ltr' id='par_1_21' title="bbox 341 1399 3469 1489">
     <span class='ocr_line' id='line_1_21' title="bbox 341 1399 3469 1489; baseline -0.004 -14"><span class='ocrx_word' id='word_1_154' title='bbox 341 1399 488 1476; x_wconf 76' lang='grc' dir='ltr'>δεῖνα</span> <span class='ocrx_word' id='word_1_155' title='bbox 513 1399 904 1489; x_wconf 76' lang='grc' dir='ltr'>εὐτυχεστάτου</span> <span class='ocrx_word' id='word_1_156' title='bbox 936 1411 1207 1486; x_wconf 85' lang='grc' dir='ltr'>Καίσαρος</span> <span class='ocrx_word' id='word_1_157' title='bbox 1237 1409 1424 1466; x_wconf 72' lang='grc' dir='ltr'>πολλὰ</span> <span class='ocrx_word' id='word_1_158' title='bbox 1451 1411 1518 1465; x_wconf 81' lang='grc' dir='ltr'>τὰ</span> <span class='ocrx_word' id='word_1_159' title='bbox 1547 1404 1664 1479; x_wconf 76' lang='grc' dir='ltr'>ἔτη·</span> <span class='ocrx_word' id='word_1_160' title='bbox 1699 1409 1727 1463; x_wconf 91' lang='lat'><strong>6</strong></span> <span class='ocrx_word' id='word_1_161' title='bbox 1758 1405 1910 1463; x_wconf 81' lang='grc' dir='ltr'>δεῖνα</span> <span class='ocrx_word' id='word_1_162' title='bbox 1937 1405 2359 1486; x_wconf 74' lang='grc' dir='ltr'>ἐπιφανεστάτου</span> <span class='ocrx_word' id='word_1_163' title='bbox 2392 1405 2508 1476; x_wconf 79' lang='grc'><strong>(44)</strong></span> <span class='ocrx_word' id='word_1_164' title='bbox 2534 1399 2926 1480; x_wconf 78' lang='grc' dir='ltr'>νωϐελησίμου</span> <span class='ocrx_word' id='word_1_165' title='bbox 2958 1406 3142 1464; x_wconf 84' lang='grc' dir='ltr'>πολλὰ</span> <span class='ocrx_word' id='word_1_166' title='bbox 3182 1411 3249 1466; x_wconf 83' lang='grc' dir='ltr'><strong>τὰ</strong></span> <span class='ocrx_word' id='word_1_167' title='bbox 3289 1409 3404 1481; x_wconf 85' lang='grc' dir='ltr'>ἔτη.</span> <span class='ocrx_word' id='word_1_168' title='bbox 3442 1438 3469 1464; x_wconf 84' lang='grc'>››</span> 
     </span>
    </p>
   </div>
   <div class='ocr_carea' id='block_1_22' title="bbox 415 1494 1991 1583">
    <p class='ocr_par' dir='ltr' id='par_1_22' title="bbox 415 1503 1991 1573">
     <span class='ocr_line' id='line_1_22' title="bbox 415 1503 1991 1573; baseline -0.006 -7"><span class='ocrx_word' id='word_1_169' title='bbox 415 1511 516 1567; x_wconf 88' lang='lat' dir='ltr'><strong>Ill.</strong></span> <span class='ocrx_word' id='word_1_170' title='bbox 550 1509 740 1563; x_wconf 87' lang='lat' dir='ltr'><strong>Finita</strong></span> <span class='ocrx_word' id='word_1_171' title='bbox 768 1506 1207 1572; x_wconf 80' lang='lat' dir='ltr'><strong>acclamatione,</strong></span> <span class='ocrx_word' id='word_1_172' title='bbox 1240 1503 1485 1573; x_wconf 82' lang='lat' dir='ltr'><strong>domini,</strong></span> <span class='ocrx_word' id='word_1_173' title='bbox 1517 1503 1769 1558; x_wconf 70' lang='lat' dir='ltr'><strong>Caesares</strong></span> <span class='ocrx_word' id='word_1_174' title='bbox 1799 1506 1856 1558; x_wconf 89' lang='lat' dir='ltr'><strong>et</strong></span> <span class='ocrx_word' id='word_1_175' title='bbox 1883 1517 1991 1557; x_wconf 86' lang='lat' dir='ltr'><strong>no-</strong></span> 
     </span>
    </p>
   </div>
   <div class='ocr_carea' id='block_1_23' title="bbox 2104 1494 3764 1583">
    <p class='ocr_par' dir='ltr' id='par_1_23' title="bbox 2175 1494 3764 1583">
     <span class='ocr_line' id='line_1_23' title="bbox 2175 1494 3764 1583; baseline 0.008 -33"><span class='ocrx_word' id='word_1_176' title='bbox 2175 1497 2246 1554; x_wconf 85' lang='grc' dir='ltr'><strong>Γ’.</strong></span> <span class='ocrx_word' id='word_1_177' title='bbox 2297 1494 2494 1583; x_wconf 14' lang='grc' dir='ltr'><strong>Καὶῗὲν</strong></span> <span class='ocrx_word' id='word_1_178' title='bbox 2533 1499 2602 1568; x_wconf 82' lang='grc' dir='ltr'><strong>τῇ</strong></span> <span class='ocrx_word' id='word_1_179' title='bbox 2653 1498 3056 1573; x_wconf 85' lang='grc' dir='ltr'>συμπληρώσει</span> <span class='ocrx_word' id='word_1_180' title='bbox 3112 1508 3212 1571; x_wconf 74' lang='grc' dir='ltr'><strong>τῆς</strong></span> <span class='ocrx_word' id='word_1_181' title='bbox 3263 1501 3534 1583; x_wconf 74' lang='grc' dir='ltr'>εὐφημίας</span> <span class='ocrx_word' id='word_1_182' title='bbox 3584 1505 3764 1582; x_wconf 81' lang='grc' dir='ltr'>εἷσὲρ-</span> 
     </span>
    </p>
   </div>
   <div class='ocr_carea' id='block_1_24' title="bbox 341 1582 1991 1668">
    <p class='ocr_par' dir='ltr' id='par_1_24' title="bbox 341 1591 1991 1668">
     <span class='ocr_line' id='line_1_24' title="bbox 341 1591 1991 1668; baseline -0.008 -10"><span class='ocrx_word' id='word_1_183' title='bbox 341 1600 690 1664; x_wconf 87' lang='lat' dir='ltr'><strong>bilissimus,</strong></span> <span class='ocrx_word' id='word_1_184' title='bbox 721 1595 972 1668; x_wconf 86' lang='lat' dir='ltr'><strong>ingressi</strong></span> <span class='ocrx_word' id='word_1_185' title='bbox 1003 1595 1063 1650; x_wconf 89' lang='lat' dir='ltr'><strong>in</strong></span> <span class='ocrx_word' id='word_1_186' title='bbox 1105 1593 1358 1649; x_wconf 88' lang='lat' dir='ltr'><strong>triclinio</strong></span> <span class='ocrx_word' id='word_1_187' title='bbox 1389 1591 1786 1648; x_wconf 85' lang='lat' dir='ltr'><strong>novemdecim</strong></span> <span class='ocrx_word' id='word_1_188' title='bbox 1820 1606 1991 1646; x_wconf 83' lang='lat' dir='ltr'><strong>accu-</strong></span> 
     </span>
    </p>
   </div>
   <div class='ocr_carea' id='block_1_25' title="bbox 2104 1582 3764 1668">
    <p class='ocr_par' dir='ltr' id='par_1_25' title="bbox 2104 1582 3764 1668">
     <span class='ocr_line' id='line_1_25' title="bbox 2104 1582 3764 1668; baseline 0.007 -28"><span class='ocrx_word' id='word_1_189' title='bbox 2104 1605 2296 1661; x_wconf 84' lang='grc' dir='ltr'>χονται</span> <span class='ocrx_word' id='word_1_190' title='bbox 2328 1585 2382 1640; x_wconf 77' lang='grc' dir='ltr'>οἱ</span> <span class='ocrx_word' id='word_1_191' title='bbox 2413 1582 2670 1640; x_wconf 85' lang='grc' dir='ltr'>δεσπόται</span> <span class='ocrx_word' id='word_1_192' title='bbox 2719 1587 2809 1642; x_wconf 84' lang='grc' dir='ltr'><strong>καὶ</strong></span> <span class='ocrx_word' id='word_1_193' title='bbox 2861 1588 2913 1642; x_wconf 75' lang='lat' dir='ltr'><strong>o&#39;t</strong></span> <span class='ocrx_word' id='word_1_194' title='bbox 2967 1592 3232 1664; x_wconf 83' lang='grc' dir='ltr'>Καίσαρες</span> <span class='ocrx_word' id='word_1_195' title='bbox 3269 1582 3359 1648; x_wconf 85' lang='grc' dir='ltr'><strong>καὶ</strong></span> <span class='ocrx_word' id='word_1_196' title='bbox 3392 1596 3420 1650; x_wconf 85' lang='lat'><strong>6</strong></span> <span class='ocrx_word' id='word_1_197' title='bbox 3451 1589 3764 1668; x_wconf 69' lang='grc' dir='ltr'>νωϐελὴσι-</span> 
     </span>
    </p>
   </div>
   <div class='ocr_carea' id='block_1_26' title="bbox 345 1676 1991 1755">
    <p class='ocr_par' dir='ltr' id='par_1_26' title="bbox 345 1680 1991 1753">
     <span class='ocr_line' id='line_1_26' title="bbox 345 1680 1991 1753; baseline -0.007 -7"><span class='ocrx_word' id='word_1_198' title='bbox 345 1691 576 1748; x_wconf 90' lang='lat' dir='ltr'><strong>bituum</strong></span> <span class='ocrx_word' id='word_1_199' title='bbox 607 1686 764 1742; x_wconf 76' lang='grc'><strong>134</strong></span> <span class='ocrx_word' id='word_1_200' title='bbox 786 1685 1113 1753; x_wconf 88' lang='lat' dir='ltr'><strong>consident,</strong></span> <span class='ocrx_word' id='word_1_201' title='bbox 1137 1682 1258 1748; x_wconf 91' lang='lat' dir='ltr'><strong>ubi,</strong></span> <span class='ocrx_word' id='word_1_202' title='bbox 1285 1698 1439 1737; x_wconf 89' lang='lat' dir='ltr'><strong>unus</strong></span> <span class='ocrx_word' id='word_1_203' title='bbox 1468 1681 1660 1738; x_wconf 71' lang='lat' dir='ltr'><strong>Caesar</strong></span> <span class='ocrx_word' id='word_1_204' title='bbox 1689 1681 1746 1735; x_wconf 91' lang='lat' dir='ltr'><strong>in</strong></span> <span class='ocrx_word' id='word_1_205' title='bbox 1769 1680 1991 1748; x_wconf 85' lang='lat' dir='ltr'><strong>dextro,</strong></span> 
     </span>
    </p>
   </div>
   <div class='ocr_carea' id='block_1_27' title="bbox 2104 1676 3770 1755">
    <p class='ocr_par' dir='ltr' id='par_1_27' title="bbox 2107 1676 3770 1755">
     <span class='ocr_line' id='line_1_27' title="bbox 2107 1676 3770 1755; baseline 0.008 -25"><span class='ocrx_word' id='word_1_206' title='bbox 2107 1696 2228 1748; x_wconf 83' lang='grc' dir='ltr'>μος,</span> <span class='ocrx_word' id='word_1_207' title='bbox 2276 1676 2368 1731; x_wconf 80' lang='grc' dir='ltr'><strong>καὶ</strong></span> <span class='ocrx_word' id='word_1_208' title='bbox 2410 1676 2723 1746; x_wconf 63' lang='grc' dir='ltr'>καθέζονται</span> <span class='ocrx_word' id='word_1_209' title='bbox 2772 1677 2824 1731; x_wconf 85' lang='grc' dir='ltr'>ἐν</span> <span class='ocrx_word' id='word_1_210' title='bbox 2869 1683 2950 1752; x_wconf 81' lang='grc' dir='ltr'><strong>τῷ</strong></span> <span class='ocrx_word' id='word_1_211' title='bbox 2995 1679 3263 1755; x_wconf 80' lang='grc' dir='ltr'>τρικλίνῳ</span> <span class='ocrx_word' id='word_1_212' title='bbox 3294 1687 3402 1738; x_wconf 92' lang='grc' dir='ltr'><strong>τῶν</strong></span> <span class='ocrx_word' id='word_1_213' title='bbox 3451 1686 3516 1750; x_wconf 87' lang='grc' dir='ltr'>ιθ¹</span> <span class='ocrx_word' id='word_1_214' title='bbox 3545 1681 3770 1742; x_wconf 78' lang='grc' dir='ltr'>ἀκουϐί-</span> 
     </span>
    </p>
   </div>
   <div class='ocr_carea' id='block_1_28' title="bbox 346 1765 1991 1850">
    <p class='ocr_par' dir='ltr' id='par_1_28' title="bbox 346 1769 1991 1836">
     <span class='ocr_line' id='line_1_28' title="bbox 346 1769 1991 1836; baseline -0.007 -1"><span class='ocrx_word' id='word_1_215' title='bbox 346 1780 494 1835; x_wconf 83' lang='lat' dir='ltr'><strong>alter</strong></span> <span class='ocrx_word' id='word_1_216' title='bbox 522 1776 580 1831; x_wconf 89' lang='lat' dir='ltr'><strong>in</strong></span> <span class='ocrx_word' id='word_1_217' title='bbox 621 1773 860 1830; x_wconf 88' lang='lat' dir='ltr'><strong>sinistro</strong></span> <span class='ocrx_word' id='word_1_218' title='bbox 908 1773 1086 1828; x_wconf 80' lang='lat' dir='ltr'><strong>latere</strong></span> <span class='ocrx_word' id='word_1_219' title='bbox 1136 1772 1364 1836; x_wconf 89' lang='lat' dir='ltr'><strong>sedent,</strong></span> <span class='ocrx_word' id='word_1_220' title='bbox 1409 1769 1814 1825; x_wconf 90' lang='lat' dir='ltr'><strong>nobilissimus</strong></span> <span class='ocrx_word' id='word_1_221' title='bbox 1860 1783 1991 1824; x_wconf 88' lang='lat' dir='ltr'><strong>vero</strong></span> 
     </span>
    </p>
   </div>
   <div class='ocr_carea' id='block_1_29' title="bbox 2104 1765 3761 1850">
    <p class='ocr_par' dir='ltr' id='par_1_29' title="bbox 2104 1765 3761 1850">
     <span class='ocr_line' id='line_1_29' title="bbox 2104 1765 3761 1850; baseline 0.005 -28"><span class='ocrx_word' id='word_1_222' title='bbox 2104 1787 2232 1835; x_wconf 84' lang='grc' dir='ltr'>των,</span> <span class='ocrx_word' id='word_1_223' title='bbox 2265 1765 2355 1820; x_wconf 85' lang='grc' dir='ltr'><strong>καὶ</strong></span> <span class='ocrx_word' id='word_1_224' title='bbox 2385 1766 2466 1827; x_wconf 85' lang='grc' dir='ltr'>εἷς</span> <span class='ocrx_word' id='word_1_225' title='bbox 2499 1768 2708 1840; x_wconf 87' lang='grc' dir='ltr'>Καῖσαρ</span> <span class='ocrx_word' id='word_1_226' title='bbox 2738 1768 3017 1838; x_wconf 66' lang='grc' dir='ltr'>καθεζεται</span> <span class='ocrx_word' id='word_1_227' title='bbox 3065 1767 3116 1825; x_wconf 80' lang='grc' dir='ltr'>ἐν</span> <span class='ocrx_word' id='word_1_228' title='bbox 3167 1776 3248 1844; x_wconf 80' lang='grc' dir='ltr'>τῷ</span> <span class='ocrx_word' id='word_1_229' title='bbox 3295 1771 3455 1846; x_wconf 80' lang='grc' dir='ltr'>δεξιῷ</span> <span class='ocrx_word' id='word_1_230' title='bbox 3487 1774 3636 1850; x_wconf 87' lang='grc' dir='ltr'>μέρει</span> <span class='ocrx_word' id='word_1_231' title='bbox 3669 1777 3761 1832; x_wconf 85' lang='grc' dir='ltr'><strong>καὶ</strong></span> 
     </span>
    </p>
   </div>
   <div class='ocr_carea' id='block_1_30' title="bbox 344 1853 1991 1936">
    <p class='ocr_par' dir='ltr' id='par_1_30' title="bbox 344 1857 1991 1931">
     <span class='ocr_line' id='line_1_30' title="bbox 344 1857 1991 1931; baseline -0.006 -8"><span class='ocrx_word' id='word_1_232' title='bbox 344 1868 414 1923; x_wconf 91' lang='lat' dir='ltr'><strong>ad</strong></span> <span class='ocrx_word' id='word_1_233' title='bbox 451 1866 710 1921; x_wconf 84' lang='lat' dir='ltr'><strong>dextram</strong></span> <span class='ocrx_word' id='word_1_234' title='bbox 744 1867 881 1931; x_wconf 86' lang='lat' dir='ltr'><strong>stat,</strong></span> <span class='ocrx_word' id='word_1_235' title='bbox 913 1867 970 1918; x_wconf 89' lang='lat' dir='ltr'><strong>et</strong></span> <span class='ocrx_word' id='word_1_236' title='bbox 999 1861 1222 1916; x_wconf 85' lang='lat' dir='ltr'><strong>intrant</strong></span> <span class='ocrx_word' id='word_1_237' title='bbox 1250 1858 1459 1916; x_wconf 90' lang='lat' dir='ltr'><strong>secreti</strong></span> <span class='ocrx_word' id='word_1_238' title='bbox 1491 1858 1616 1914; x_wconf 83' lang='lat' dir='ltr'><strong>vela</strong></span> <span class='ocrx_word' id='word_1_239' title='bbox 1648 1857 1898 1927; x_wconf 78' lang='lat' dir='ltr'><strong>singula.</strong></span> <span class='ocrx_word' id='word_1_240' title='bbox 1931 1860 1991 1913; x_wconf 88' lang='lat' dir='ltr'><strong>ut</strong></span> 
     </span>
    </p>
   </div>
   <div class='ocr_carea' id='block_1_31' title="bbox 2104 1853 3764 1936">
    <p class='ocr_par' dir='ltr' id='par_1_31' title="bbox 2104 1853 3764 1936">
     <span class='ocr_line' id='line_1_31' title="bbox 2104 1853 3764 1936; baseline 0.007 -26"><span class='ocrx_word' id='word_1_241' title='bbox 2104 1857 2184 1918; x_wconf 79' lang='grc' dir='ltr'>εἷς</span> <span class='ocrx_word' id='word_1_242' title='bbox 2217 1853 2268 1926; x_wconf 79' lang='grc' dir='ltr'>ἐξ</span> <span class='ocrx_word' id='word_1_243' title='bbox 2299 1855 2604 1930; x_wconf 79' lang='grc' dir='ltr'>ἀριστερᾶς,</span> <span class='ocrx_word' id='word_1_244' title='bbox 2664 1858 2756 1912; x_wconf 85' lang='grc' dir='ltr'>καὶ</span> <span class='ocrx_word' id='word_1_245' title='bbox 2812 1857 3027 1914; x_wconf 84' lang='grc' dir='ltr'>ἳσταται</span> <span class='ocrx_word' id='word_1_246' title='bbox 3080 1859 3108 1913; x_wconf 88' lang='lat'><strong>6</strong></span> <span class='ocrx_word' id='word_1_247' title='bbox 3163 1856 3556 1936; x_wconf 70' lang='grc' dir='ltr'>νωϐελήσιμος</span> <span class='ocrx_word' id='word_1_248' title='bbox 3587 1865 3666 1928; x_wconf 84' lang='grc' dir='ltr'><strong>εἰς</strong></span> <span class='ocrx_word' id='word_1_249' title='bbox 3697 1866 3764 1922; x_wconf 85' lang='grc' dir='ltr'>τὸ</span> 
     </span>
    </p>
   </div>
   <div class='ocr_carea' id='block_1_32' title="bbox 341 1943 1991 2029">
    <p class='ocr_par' dir='ltr' id='par_1_32' title="bbox 341 1945 1991 2026">
     <span class='ocr_line' id='line_1_32' title="bbox 341 1945 1991 2026; baseline -0.007 -14"><span class='ocrx_word' id='word_1_250' title='bbox 341 1972 468 2012; x_wconf 89' lang='lat' dir='ltr'><strong>mos</strong></span> <span class='ocrx_word' id='word_1_251' title='bbox 497 1959 605 2011; x_wconf 89' lang='lat' dir='ltr'><strong>est.</strong></span> <span class='ocrx_word' id='word_1_252' title='bbox 638 1954 817 2026; x_wconf 82' lang='lat' dir='ltr'><strong>Siqua</strong></span> <span class='ocrx_word' id='word_1_253' title='bbox 847 1961 1052 2008; x_wconf 83' lang='lat' dir='ltr'><strong>sancta</strong></span> <span class='ocrx_word' id='word_1_254' title='bbox 1080 1957 1139 2007; x_wconf 91' lang='lat' dir='ltr'><strong>et</strong></span> <span class='ocrx_word' id='word_1_255' title='bbox 1170 1966 1378 2022; x_wconf 85' lang='lat' dir='ltr'><strong>magna</strong></span> <span class='ocrx_word' id='word_1_256' title='bbox 1419 1947 1720 2005; x_wconf 86' lang='lat' dir='ltr'><strong>Dominica</strong></span> <span class='ocrx_word' id='word_1_257' title='bbox 1765 1945 1991 2016; x_wconf 86' lang='lat' dir='ltr'><strong>incidit,</strong></span> 
     </span>
    </p>
   </div>
   <div class='ocr_carea' id='block_1_33' title="bbox 2104 1943 3764 2029">
    <p class='ocr_par' dir='ltr' id='par_1_33' title="bbox 2106 1943 3764 2029">
     <span class='ocr_line' id='line_1_33' title="bbox 2106 1943 3764 2029; baseline 0.008 -30"><span class='ocrx_word' id='word_1_258' title='bbox 2106 1943 2277 2018; x_wconf 79' lang='grc' dir='ltr'>δεξιὸν</span> <span class='ocrx_word' id='word_1_259' title='bbox 2315 1944 2496 2020; x_wconf 70' lang='grc' dir='ltr'>μέρος,</span> <span class='ocrx_word' id='word_1_260' title='bbox 2528 1946 2618 2001; x_wconf 82' lang='grc' dir='ltr'><strong>καὶ</strong></span> <span class='ocrx_word' id='word_1_261' title='bbox 2650 1946 2956 2027; x_wconf 66' lang='grc' dir='ltr'>εἰσέρχεται</span> <span class='ocrx_word' id='word_1_262' title='bbox 2985 1950 3049 2004; x_wconf 83' lang='grc' dir='ltr'>τὸ</span> <span class='ocrx_word' id='word_1_263' title='bbox 3095 1951 3369 2024; x_wconf 74' lang='grc' dir='ltr'>σὲκρετον,</span> <span class='ocrx_word' id='word_1_264' title='bbox 3406 1953 3554 2028; x_wconf 81' lang='grc' dir='ltr'><strong>βῆλα</strong></span> <span class='ocrx_word' id='word_1_265' title='bbox 3589 1955 3764 2029; x_wconf 77' lang='grc' dir='ltr'>βῆλα,</span> 
     </span>
    </p>
   </div>
   <div class='ocr_carea' id='block_1_34' title="bbox 343 2032 1991 2123">
    <p class='ocr_par' dir='ltr' id='par_1_34' title="bbox 343 2037 1991 2114">
     <span class='ocr_line' id='line_1_34' title="bbox 343 2037 1991 2114; baseline -0.008 -10"><span class='ocrx_word' id='word_1_266' title='bbox 343 2051 583 2104; x_wconf 82' lang='lat' dir='ltr'><strong>senatus</strong></span> <span class='ocrx_word' id='word_1_267' title='bbox 617 2043 778 2100; x_wconf 83' lang='lat' dir='ltr'><strong>ﬂexis</strong></span> <span class='ocrx_word' id='word_1_268' title='bbox 802 2041 1054 2114; x_wconf 85' lang='lat' dir='ltr'><strong>genibus</strong></span> <span class='ocrx_word' id='word_1_269' title='bbox 1079 2056 1300 2113; x_wconf 83' lang='lat' dir='ltr'><strong>agapen</strong></span> <span class='ocrx_word' id='word_1_270' title='bbox 1323 2040 1460 2107; x_wconf 86' lang='lat' dir='ltr'><strong>dat;</strong></span> <span class='ocrx_word' id='word_1_271' title='bbox 1492 2039 1543 2093; x_wconf 93' lang='lat' dir='ltr'><strong>si</strong></span> <span class='ocrx_word' id='word_1_272' title='bbox 1577 2038 1733 2093; x_wconf 90' lang='lat' dir='ltr'><strong>aliud</strong></span> <span class='ocrx_word' id='word_1_273' title='bbox 1761 2037 1991 2105; x_wconf 82' lang='lat' dir='ltr'><strong>festum,</strong></span> 
     </span>
    </p>
   </div>
   <div class='ocr_carea' id='block_1_35' title="bbox 2104 2032 3766 2123">
    <p class='ocr_par' dir='ltr' id='par_1_35' title="bbox 2105 2032 3766 2123">
     <span class='ocr_line' id='line_1_35' title="bbox 2105 2032 3766 2123; baseline 0.008 -35"><span class='ocrx_word' id='word_1_274' title='bbox 2105 2033 2179 2096; x_wconf 82' lang='grc' dir='ltr'>ὥς</span> <span class='ocrx_word' id='word_1_275' title='bbox 2211 2032 2352 2089; x_wconf 76' lang='grc' dir='ltr'>ἐστιν</span> <span class='ocrx_word' id='word_1_276' title='bbox 2385 2037 2419 2104; x_wconf 81' lang='grc' dir='ltr'>ἡ</span> <span class='ocrx_word' id='word_1_277' title='bbox 2453 2037 2730 2105; x_wconf 71' lang='grc' dir='ltr'>συνήθεια.</span> <span class='ocrx_word' id='word_1_278' title='bbox 2767 2037 2832 2093; x_wconf 80' lang='grc' dir='ltr'><strong>Εἰ</strong></span> <span class='ocrx_word' id='word_1_279' title='bbox 2866 2038 2965 2110; x_wconf 69' lang='grc' dir='ltr'>μὲν</span> <span class='ocrx_word' id='word_1_280' title='bbox 2997 2033 3140 2094; x_wconf 79' lang='grc' dir='ltr'>ἔστιν</span> <span class='ocrx_word' id='word_1_281' title='bbox 3171 2043 3206 2111; x_wconf 84' lang='grc' dir='ltr'>ἠ</span> <span class='ocrx_word' id='word_1_282' title='bbox 3243 2041 3372 2118; x_wconf 77' lang='grc' dir='ltr'>ἁγία</span> <span class='ocrx_word' id='word_1_283' title='bbox 3414 2044 3509 2098; x_wconf 84' lang='grc' dir='ltr'><strong>καὶ</strong></span> <span class='ocrx_word' id='word_1_284' title='bbox 3547 2045 3766 2123; x_wconf 81' lang='grc' dir='ltr'>μεγάλη</span> 
     </span>
    </p>
   </div>
   <div class='ocr_carea' id='block_1_36' title="bbox 344 2126 1991 2212">
    <p class='ocr_par' dir='ltr' id='par_1_36' title="bbox 344 2128 1991 2200">
     <span class='ocr_line' id='line_1_36' title="bbox 344 2128 1991 2200; baseline -0.008 -8"><span class='ocrx_word' id='word_1_285' title='bbox 344 2139 574 2192; x_wconf 86' lang='lat' dir='ltr'><strong>tantum</strong></span> <span class='ocrx_word' id='word_1_286' title='bbox 609 2134 849 2188; x_wconf 89' lang='lat' dir='ltr'><strong>adorat:</strong></span> <span class='ocrx_word' id='word_1_287' title='bbox 901 2136 1209 2186; x_wconf 77' lang='lat' dir='ltr'><strong>veneratur</strong></span> <span class='ocrx_word' id='word_1_288' title='bbox 1260 2135 1457 2184; x_wconf 82' lang='lat' dir='ltr'><strong>autem</strong></span> <span class='ocrx_word' id='word_1_289' title='bbox 1499 2128 1675 2200; x_wconf 81' lang='lat' dir='ltr'><strong>pedes</strong></span> <span class='ocrx_word' id='word_1_290' title='bbox 1703 2133 1756 2182; x_wconf 88' lang='lat' dir='ltr'><strong>et</strong></span> <span class='ocrx_word' id='word_1_291' title='bbox 1803 2141 1991 2197; x_wconf 87' lang='lat' dir='ltr'><strong>genua</strong></span> 
     </span>
    </p>
   </div>
   <div class='ocr_carea' id='block_1_37' title="bbox 2104 2126 3767 2212">
    <p class='ocr_par' dir='ltr' id='par_1_37' title="bbox 2105 2126 3767 2212">
     <span class='ocr_line' id='line_1_37' title="bbox 2105 2126 3767 2212; baseline 0.008 -35"><span class='ocrx_word' id='word_1_292' title='bbox 2105 2126 2371 2212; x_wconf 74' lang='grc' dir='ltr'>Κυριακή,</span> <span class='ocrx_word' id='word_1_293' title='bbox 2403 2130 2777 2199; x_wconf 80' lang='grc' dir='ltr'>προσκυνοῦσα</span> <span class='ocrx_word' id='word_1_294' title='bbox 2825 2131 2858 2197; x_wconf 81' lang='grc' dir='ltr'>ἡ</span> <span class='ocrx_word' id='word_1_295' title='bbox 2911 2127 3218 2202; x_wconf 75' lang='grc' dir='ltr'>σύγκλητος</span> <span class='ocrx_word' id='word_1_296' title='bbox 3266 2129 3461 2189; x_wconf 80' lang='grc' dir='ltr'>δίδωσι</span> <span class='ocrx_word' id='word_1_297' title='bbox 3488 2136 3589 2203; x_wconf 77' lang='grc' dir='ltr'>τὴν</span> <span class='ocrx_word' id='word_1_298' title='bbox 3623 2137 3767 2212; x_wconf 84' lang='grc' dir='ltr'>ἀγά-</span> 
     </span>
    </p>
   </div>
   <div class='ocr_carea' id='block_1_38' title="bbox 348 2211 1991 2298">
    <p class='ocr_par' dir='ltr' id='par_1_38' title="bbox 348 2217 1991 2297">
     <span class='ocr_line' id='line_1_38' title="bbox 348 2217 1991 2297; baseline -0.008 -17"><span class='ocrx_word' id='word_1_299' title='bbox 348 2224 547 2297; x_wconf 88' lang='lat' dir='ltr'><strong>magni</strong></span> <span class='ocrx_word' id='word_1_300' title='bbox 581 2239 745 2294; x_wconf 68' lang='lat' dir='ltr'><strong>aeque</strong></span> <span class='ocrx_word' id='word_1_301' title='bbox 795 2236 859 2276; x_wconf 91' lang='lat' dir='ltr'><strong>ac</strong></span> <span class='ocrx_word' id='word_1_302' title='bbox 909 2219 1157 2274; x_wconf 90' lang='lat' dir='ltr'><strong>minoris</strong></span> <span class='ocrx_word' id='word_1_303' title='bbox 1199 2217 1446 2287; x_wconf 82' lang='lat' dir='ltr'><strong>domini,</strong></span> <span class='ocrx_word' id='word_1_304' title='bbox 1500 2229 1800 2286; x_wconf 87' lang='lat' dir='ltr'><strong>unumque</strong></span> <span class='ocrx_word' id='word_1_305' title='bbox 1847 2227 1991 2283; x_wconf 84' lang='lat' dir='ltr'><strong>genu</strong></span> 
     </span>
    </p>
   </div>
   <div class='ocr_carea' id='block_1_39' title="bbox 2104 2211 3763 2298">
    <p class='ocr_par' dir='ltr' id='par_1_39' title="bbox 2104 2211 3763 2298">
     <span class='ocr_line' id='line_1_39' title="bbox 2104 2211 3763 2298; baseline 0.008 -32"><span class='ocrx_word' id='word_1_306' title='bbox 2104 2235 2246 2283; x_wconf 77' lang='grc' dir='ltr'>πηη,</span> <span class='ocrx_word' id='word_1_307' title='bbox 2279 2213 2324 2268; x_wconf 79' lang='grc' dir='ltr'><strong>εἰ</strong></span> <span class='ocrx_word' id='word_1_308' title='bbox 2356 2211 2414 2268; x_wconf 76' lang='grc' dir='ltr'>δὲ</span> <span class='ocrx_word' id='word_1_309' title='bbox 2463 2212 2610 2284; x_wconf 80' lang='grc' dir='ltr'>ἄλλη</span> <span class='ocrx_word' id='word_1_310' title='bbox 2665 2216 2850 2290; x_wconf 72' lang='grc' dir='ltr'>ἑορτὴ,</span> <span class='ocrx_word' id='word_1_311' title='bbox 2900 2220 3000 2287; x_wconf 80' lang='grc' dir='ltr'><strong>τήν</strong></span> <span class='ocrx_word' id='word_1_312' title='bbox 3046 2220 3416 2294; x_wconf 75' lang='grc' dir='ltr'>προσκύνησιν</span> <span class='ocrx_word' id='word_1_313' title='bbox 3449 2223 3540 2278; x_wconf 78' lang='grc' dir='ltr'><strong>καὶ</strong></span> <span class='ocrx_word' id='word_1_314' title='bbox 3573 2211 3763 2298; x_wconf 86' lang='grc' dir='ltr'>μόνον,</span> 
     </span>
    </p>
   </div>
   <div class='ocr_carea' id='block_1_40' title="bbox 347 2302 1991 2390">
    <p class='ocr_par' dir='ltr' id='par_1_40' title="bbox 347 2302 1991 2385">
     <span class='ocr_line' id='line_1_40' title="bbox 347 2302 1991 2385; baseline -0.009 -14"><span class='ocrx_word' id='word_1_315' title='bbox 347 2314 492 2385; x_wconf 82' lang='lat' dir='ltr'><strong>ejus,</strong></span> <span class='ocrx_word' id='word_1_316' title='bbox 528 2313 626 2384; x_wconf 88' lang='lat' dir='ltr'><strong>qui</strong></span> <span class='ocrx_word' id='word_1_317' title='bbox 658 2311 727 2366; x_wconf 87' lang='lat' dir='ltr'><strong>ad</strong></span> <span class='ocrx_word' id='word_1_318' title='bbox 761 2311 1024 2366; x_wconf 82' lang='lat' dir='ltr'><strong>dextram</strong></span> <span class='ocrx_word' id='word_1_319' title='bbox 1067 2308 1231 2362; x_wconf 86' lang='lat' dir='ltr'><strong>sedet</strong></span> <span class='ocrx_word' id='word_1_320' title='bbox 1270 2305 1538 2370; x_wconf 63' lang='lat' dir='ltr'><strong>Cesaris,</strong></span> <span class='ocrx_word' id='word_1_321' title='bbox 1569 2309 1626 2359; x_wconf 90' lang='lat' dir='ltr'><strong>et</strong></span> <span class='ocrx_word' id='word_1_322' title='bbox 1657 2319 1834 2358; x_wconf 92' lang='lat' dir='ltr'><strong>unum</strong></span> <span class='ocrx_word' id='word_1_323' title='bbox 1866 2302 1991 2371; x_wconf 87' lang='lat' dir='ltr'><strong>ejus</strong></span> 
     </span>
    </p>
   </div>
   <div class='ocr_carea' id='block_1_41' title="bbox 2104 2302 3764 2390">
    <p class='ocr_par' dir='ltr' id='par_1_41' title="bbox 2104 2303 3764 2390">
     <span class='ocr_line' id='line_1_41' title="bbox 2104 2303 3764 2390; baseline 0.01 -35"><span class='ocrx_word' id='word_1_324' title='bbox 2104 2303 2192 2356; x_wconf 79' lang='grc' dir='ltr'><strong>καὶ</strong></span> <span class='ocrx_word' id='word_1_325' title='bbox 2225 2308 2587 2377; x_wconf 85' lang='grc' dir='ltr'>προσκυνοῦσι</span> <span class='ocrx_word' id='word_1_326' title='bbox 2614 2305 2742 2366; x_wconf 81' lang='grc' dir='ltr'>τοὺς</span> <span class='ocrx_word' id='word_1_327' title='bbox 2789 2303 2962 2368; x_wconf 84' lang='grc' dir='ltr'>πόδας</span> <span class='ocrx_word' id='word_1_328' title='bbox 3011 2309 3102 2363; x_wconf 85' lang='grc' dir='ltr'><strong>καὶ</strong></span> <span class='ocrx_word' id='word_1_329' title='bbox 3153 2308 3219 2364; x_wconf 63' lang='grc' dir='ltr'><strong>τά</strong></span> <span class='ocrx_word' id='word_1_330' title='bbox 3277 2308 3373 2366; x_wconf 83' lang='grc' dir='ltr'><strong>δύο</strong></span> <span class='ocrx_word' id='word_1_331' title='bbox 3423 2312 3625 2390; x_wconf 85' lang='grc' dir='ltr'>γόνατα</span> <span class='ocrx_word' id='word_1_332' title='bbox 3664 2320 3764 2371; x_wconf 88' lang='grc' dir='ltr'><strong>τοῦ</strong></span> 
     </span>
    </p>
   </div>
   <div class='ocr_carea' id='block_1_42' title="bbox 349 2389 1991 2478">
    <p class='ocr_par' dir='ltr' id='par_1_42' title="bbox 349 2391 1991 2476">
     <span class='ocr_line' id='line_1_42' title="bbox 349 2391 1991 2476; baseline -0.007 -18"><span class='ocrx_word' id='word_1_333' title='bbox 349 2402 448 2476; x_wconf 86' lang='lat' dir='ltr'><strong>qui</strong></span> <span class='ocrx_word' id='word_1_334' title='bbox 485 2402 557 2458; x_wconf 90' lang='lat' dir='ltr'><strong>ad</strong></span> <span class='ocrx_word' id='word_1_335' title='bbox 616 2400 919 2456; x_wconf 86' lang='lat' dir='ltr'><strong>sinistram</strong></span> <span class='ocrx_word' id='word_1_336' title='bbox 953 2402 1063 2466; x_wconf 91' lang='lat' dir='ltr'><strong>est,</strong></span> <span class='ocrx_word' id='word_1_337' title='bbox 1105 2394 1460 2452; x_wconf 86' lang='lat' dir='ltr'><strong>nobilissimi</strong></span> <span class='ocrx_word' id='word_1_338' title='bbox 1509 2398 1704 2450; x_wconf 89' lang='lat' dir='ltr'><strong>autem</strong></span> <span class='ocrx_word' id='word_1_339' title='bbox 1755 2391 1991 2448; x_wconf 77' lang='lat' dir='ltr'><strong>astantis</strong></span> 
     </span>
    </p>
   </div>
   <div class='ocr_carea' id='block_1_43' title="bbox 2104 2389 3754 2478">
    <p class='ocr_par' dir='ltr' id='par_1_43' title="bbox 2109 2389 3754 2478">
     <span class='ocr_line' id='line_1_43' title="bbox 2109 2389 3754 2478; baseline 0.009 -33"><span class='ocrx_word' id='word_1_340' title='bbox 2109 2390 2351 2468; x_wconf 84' lang='grc' dir='ltr'>μεγάλου</span> <span class='ocrx_word' id='word_1_341' title='bbox 2383 2389 2666 2461; x_wconf 84' lang='grc' dir='ltr'>δεσπότου,</span> <span class='ocrx_word' id='word_1_342' title='bbox 2703 2395 2916 2466; x_wconf 87' lang='grc' dir='ltr'>ὁμοίως</span> <span class='ocrx_word' id='word_1_343' title='bbox 2947 2397 3040 2452; x_wconf 81' lang='grc' dir='ltr'><strong>καὶ</strong></span> <span class='ocrx_word' id='word_1_344' title='bbox 3079 2396 3177 2453; x_wconf 83' lang='grc' dir='ltr'><strong>τοῦ</strong></span> <span class='ocrx_word' id='word_1_345' title='bbox 3211 2389 3443 2474; x_wconf 80' lang='grc' dir='ltr'>μικροῦ,</span> <span class='ocrx_word' id='word_1_346' title='bbox 3464 2403 3551 2458; x_wconf 78' lang='grc' dir='ltr'><strong>καὶ</strong></span> <span class='ocrx_word' id='word_1_347' title='bbox 3582 2423 3754 2478; x_wconf 73' lang='grc' dir='ltr'>προσε-</span> 
     </span>
    </p>
   </div>
   <div class='ocr_carea' id='block_1_44' title="bbox 347 2479 1991 2565">
    <p class='ocr_par' dir='ltr' id='par_1_44' title="bbox 347 2480 1991 2561">
     <span class='ocr_line' id='line_1_44' title="bbox 347 2480 1991 2561; baseline -0.009 -12"><span class='ocrx_word' id='word_1_348' title='bbox 347 2507 588 2549; x_wconf 89' lang='lat' dir='ltr'><strong>manum</strong></span> <span class='ocrx_word' id='word_1_349' title='bbox 613 2488 948 2561; x_wconf 54' lang='lat' dir='ltr'><strong>{osculatam</strong></span> <span class='ocrx_word' id='word_1_350' title='bbox 1001 2491 1058 2542; x_wconf 91' lang='lat' dir='ltr'><strong>et</strong></span> <span class='ocrx_word' id='word_1_351' title='bbox 1101 2489 1234 2558; x_wconf 89' lang='lat' dir='ltr'><strong>post</strong></span> <span class='ocrx_word' id='word_1_352' title='bbox 1279 2484 1679 2540; x_wconf 87' lang='lat' dir='ltr'><strong>adorationem</strong></span> <span class='ocrx_word' id='word_1_353' title='bbox 1711 2480 1991 2538; x_wconf 87' lang='lat' dir='ltr'><strong>consisto-</strong></span> 
     </span>
    </p>
   </div>
   <div class='ocr_carea' id='block_1_45' title="bbox 2104 2479 3745 2565">
    <p class='ocr_par' dir='ltr' id='par_1_45' title="bbox 2104 2479 3745 2565">
     <span class='ocr_line' id='line_1_45' title="bbox 2104 2479 3745 2565; baseline 0.005 -28"><span class='ocrx_word' id='word_1_354' title='bbox 2104 2486 2356 2537; x_wconf 82' lang='grc' dir='ltr'>κυνοῦσιν</span> <span class='ocrx_word' id='word_1_355' title='bbox 2407 2479 2464 2536; x_wconf 74' lang='grc' dir='ltr'>ἓν</span> <span class='ocrx_word' id='word_1_356' title='bbox 2513 2483 2738 2558; x_wconf 84' lang='grc' dir='ltr'>γόνατον</span> <span class='ocrx_word' id='word_1_357' title='bbox 2798 2490 2894 2540; x_wconf 90' lang='grc' dir='ltr'><strong>τοῦ</strong></span> <span class='ocrx_word' id='word_1_358' title='bbox 2944 2487 3005 2542; x_wconf 82' lang='grc' dir='ltr'>ἐκ</span> <span class='ocrx_word' id='word_1_359' title='bbox 3052 2485 3229 2559; x_wconf 80' lang='grc' dir='ltr'>δεξιοῦ</span> <span class='ocrx_word' id='word_1_360' title='bbox 3262 2493 3306 2528; x_wconf 81' lang='grc' dir='ltr'>ί⁹</span> <span class='ocrx_word' id='word_1_361' title='bbox 3336 2492 3621 2565; x_wconf 81' lang='grc' dir='ltr'>Καίσαρος,</span> <span class='ocrx_word' id='word_1_362' title='bbox 3654 2492 3745 2546; x_wconf 74' lang='grc' dir='ltr'>καὶ</span> 
     </span>
    </p>
   </div>
   <div class='ocr_carea' id='block_1_46' title="bbox 344 2567 1991 2660">
    <p class='ocr_par' dir='ltr' id='par_1_46' title="bbox 344 2573 1991 2660">
     <span class='ocr_line' id='line_1_46' title="bbox 344 2573 1991 2660; baseline -0.008 -22"><span class='ocrx_word' id='word_1_363' title='bbox 344 2582 496 2638; x_wconf 87' lang='lat' dir='ltr'><strong>rium</strong></span> <span class='ocrx_word' id='word_1_364' title='bbox 573 2578 899 2636; x_wconf 86' lang='lat' dir='ltr'><strong>constituit.</strong></span> <span class='ocrx_word' id='word_1_365' title='bbox 967 2574 1297 2630; x_wconf 84' lang='lat' dir='ltr'><strong>Gratiarum</strong></span> <span class='ocrx_word' id='word_1_366' title='bbox 1390 2573 1614 2660; x_wconf 69' lang='lat' dir='ltr'><strong>actione</strong></span> <span class='ocrx_word' id='word_1_367' title='bbox 1676 2588 1711 2626; x_wconf 86' lang='lat' dir='ltr'><strong>a</strong></span> <span class='ocrx_word' id='word_1_368' title='bbox 1784 2574 1991 2627; x_wconf 91' lang='lat' dir='ltr'><strong>senatu</strong></span> 
     </span>
    </p>
   </div>
   <div class='ocr_carea' id='block_1_47' title="bbox 2104 2567 3738 2660">
    <p class='ocr_par' dir='ltr' id='par_1_47' title="bbox 2104 2567 3738 2657">
     <span class='ocr_line' id='line_1_47' title="bbox 2104 2567 3738 2657; baseline 0.006 -32"><span class='ocrx_word' id='word_1_369' title='bbox 2104 2567 2153 2625; x_wconf 71' lang='grc' dir='ltr'>ἓν</span> <span class='ocrx_word' id='word_1_370' title='bbox 2179 2574 2275 2625; x_wconf 91' lang='grc' dir='ltr'><strong>τοῦ</strong></span> <span class='ocrx_word' id='word_1_371' title='bbox 2305 2569 2356 2640; x_wconf 80' lang='grc' dir='ltr'><strong>ἐξ</strong></span> <span class='ocrx_word' id='word_1_372' title='bbox 2389 2569 2690 2644; x_wconf 83' lang='grc' dir='ltr'>εὐωνύμου,</span> <span class='ocrx_word' id='word_1_373' title='bbox 2723 2576 2821 2628; x_wconf 89' lang='grc' dir='ltr'><strong>τοῦ</strong></span> <span class='ocrx_word' id='word_1_374' title='bbox 2871 2571 2928 2629; x_wconf 77' lang='grc' dir='ltr'>δὲ</span> <span class='ocrx_word' id='word_1_375' title='bbox 2976 2576 3210 2640; x_wconf 69' lang='grc' dir='ltr'>ἑστῶτος</span> <span class='ocrx_word' id='word_1_376' title='bbox 3239 2575 3612 2652; x_wconf 76' lang='grc' dir='ltr'>νωϐελησίμου</span> <span class='ocrx_word' id='word_1_377' title='bbox 3645 2601 3738 2657; x_wconf 78' lang='grc' dir='ltr'>φι-</span> 
     </span>
    </p>
   </div>
   <div class='ocr_carea' id='block_1_48' title="bbox 343 2656 1991 2742">
    <p class='ocr_par' dir='ltr' id='par_1_48' title="bbox 343 2656 1991 2742">
     <span class='ocr_line' id='line_1_48' title="bbox 343 2656 1991 2742; baseline -0.007 -16"><span class='ocrx_word' id='word_1_378' title='bbox 343 2668 655 2742; x_wconf 89' lang='lat' dir='ltr'><strong>completa,</strong></span> <span class='ocrx_word' id='word_1_379' title='bbox 679 2665 902 2722; x_wconf 91' lang='lat' dir='ltr'><strong>domini</strong></span> <span class='ocrx_word' id='word_1_380' title='bbox 928 2663 1237 2737; x_wconf 63' lang='lat' dir='ltr'><strong>praeposito</strong></span> <span class='ocrx_word' id='word_1_381' title='bbox 1260 2656 1552 2731; x_wconf 80' lang='lat' dir='ltr'><strong>annuunt;</strong></span> <span class='ocrx_word' id='word_1_382' title='bbox 1578 2661 1624 2716; x_wconf 86' lang='lat' dir='ltr'><strong>is</strong></span> <span class='ocrx_word' id='word_1_383' title='bbox 1647 2661 1805 2716; x_wconf 88' lang='lat' dir='ltr'><strong>dicit:</strong></span> <span class='ocrx_word' id='word_1_384' title='bbox 1834 2682 1861 2709; x_wconf 85' lang='lat'><strong>«</strong></span> <span class='ocrx_word' id='word_1_385' title='bbox 1883 2659 1991 2715; x_wconf 88' lang='lat' dir='ltr'><strong>Ju-</strong></span> 
     </span>
    </p>
   </div>
   <div class='ocr_carea' id='block_1_49' title="bbox 2104 2656 3746 2742">
    <p class='ocr_par' dir='ltr' id='par_1_49' title="bbox 2106 2656 3746 2737">
     <span class='ocr_line' id='line_1_49' title="bbox 2106 2656 3746 2737; baseline 0.006 -25"><span class='ocrx_word' id='word_1_386' title='bbox 2106 2656 2263 2713; x_wconf 85' lang='grc' dir='ltr'>λοῦσι</span> <span class='ocrx_word' id='word_1_387' title='bbox 2295 2659 2391 2726; x_wconf 77' lang='grc' dir='ltr'><strong>τήν</strong></span> <span class='ocrx_word' id='word_1_388' title='bbox 2440 2664 2623 2733; x_wconf 82' lang='grc' dir='ltr'>χεῖρα,</span> <span class='ocrx_word' id='word_1_389' title='bbox 2679 2661 2769 2716; x_wconf 84' lang='grc' dir='ltr'><strong>καὶ</strong></span> <span class='ocrx_word' id='word_1_390' title='bbox 2823 2669 3251 2737; x_wconf 85' lang='grc' dir='ltr'>προσκυνοῦντες</span> <span class='ocrx_word' id='word_1_391' title='bbox 3295 2665 3533 2722; x_wconf 70' lang='grc' dir='ltr'>’ίστανται</span> <span class='ocrx_word' id='word_1_392' title='bbox 3561 2656 3746 2722; x_wconf 15' lang='grc' dir='ltr'>κονίσι-</span> 
     </span>
    </p>
   </div>
   <div class='ocr_carea' id='block_1_50' title="bbox 344 2749 1993 2830">
    <p class='ocr_par' dir='ltr' id='par_1_50' title="bbox 344 2749 1993 2830">
     <span class='ocr_line' id='line_1_50' title="bbox 344 2749 1993 2830; baseline -0.008 -14"><span class='ocrx_word' id='word_1_393' title='bbox 344 2760 493 2827; x_wconf 88' lang='lat' dir='ltr'><strong>bete,</strong></span> <span class='ocrx_word' id='word_1_394' title='bbox 519 2780 548 2810; x_wconf 86' lang='lat'><strong>»</strong></span> <span class='ocrx_word' id='word_1_395' title='bbox 570 2767 621 2814; x_wconf 92' lang='lat' dir='ltr'><strong>et</strong></span> <span class='ocrx_word' id='word_1_396' title='bbox 645 2761 979 2830; x_wconf 86' lang='lat' dir='ltr'><strong>precantur,</strong></span> <span class='ocrx_word' id='word_1_397' title='bbox 1006 2764 1060 2811; x_wconf 91' lang='lat' dir='ltr'><strong>et</strong></span> <span class='ocrx_word' id='word_1_398' title='bbox 1083 2758 1367 2822; x_wconf 79' lang='lat' dir='ltr'><strong>secretum</strong></span> <span class='ocrx_word' id='word_1_399' title='bbox 1394 2751 1533 2818; x_wconf 91' lang='lat' dir='ltr'><strong>abit,</strong></span> <span class='ocrx_word' id='word_1_400' title='bbox 1559 2766 1849 2822; x_wconf 84' lang='lat' dir='ltr'><strong>omneque</strong></span> <span class='ocrx_word' id='word_1_401' title='bbox 1864 2749 1993 2804; x_wconf 78' lang='lat' dir='ltr'><strong>offi-</strong></span> 
     </span>
    </p>
   </div>
   <div class='ocr_carea' id='block_1_51' title="bbox 345 2842 1994 2916">
    <p class='ocr_par' dir='ltr' id='par_1_51' title="bbox 345 2842 1994 2916">
     <span class='ocr_line' id='line_1_51' title="bbox 345 2842 1994 2916; baseline -0.006 -12"><span class='ocrx_word' id='word_1_402' title='bbox 345 2850 497 2906; x_wconf 89' lang='lat' dir='ltr'><strong>cium</strong></span> <span class='ocrx_word' id='word_1_403' title='bbox 529 2845 682 2916; x_wconf 82' lang='lat' dir='ltr'><strong>festi,</strong></span> <span class='ocrx_word' id='word_1_404' title='bbox 706 2855 770 2901; x_wconf 89' lang='lat' dir='ltr'><strong>ut</strong></span> <span class='ocrx_word' id='word_1_405' title='bbox 797 2845 1132 2902; x_wconf 89' lang='lat' dir='ltr'><strong>institutum</strong></span> <span class='ocrx_word' id='word_1_406' title='bbox 1163 2842 1689 2914; x_wconf 66' lang='lat' dir='ltr'><strong>praescriptumque</strong></span> <span class='ocrx_word' id='word_1_407' title='bbox 1719 2843 1830 2907; x_wconf 88' lang='lat' dir='ltr'><strong>est,</strong></span> <span class='ocrx_word' id='word_1_408' title='bbox 1865 2853 1994 2911; x_wconf 86' lang='lat' dir='ltr'><strong>per-</strong></span> 
     </span>
    </p>
   </div>
   <div class='ocr_carea' id='block_1_52' title="bbox 346 2931 1997 3011">
    <p class='ocr_par' dir='ltr' id='par_1_52' title="bbox 346 2931 1997 3011">
     <span class='ocr_line' id='line_1_52' title="bbox 346 2931 1997 3011; baseline -0.007 -16"><span class='ocrx_word' id='word_1_409' title='bbox 346 2939 556 3011; x_wconf 80' lang='lat' dir='ltr'><strong>agitur.</strong></span> <span class='ocrx_word' id='word_1_410' title='bbox 605 2941 892 2994; x_wconf 68' lang='lat' dir='ltr'><strong>Caeterum</strong></span> <span class='ocrx_word' id='word_1_411' title='bbox 943 2933 1238 2990; x_wconf 84' lang='lat' dir='ltr'><strong>observari</strong></span> <span class='ocrx_word' id='word_1_412' title='bbox 1291 2936 1571 2997; x_wconf 82' lang='lat' dir='ltr'><strong>meretur,</strong></span> <span class='ocrx_word' id='word_1_413' title='bbox 1602 2931 1663 2986; x_wconf 85' lang='lat' dir='ltr'><strong>in</strong></span> <span class='ocrx_word' id='word_1_414' title='bbox 1714 2944 1898 3002; x_wconf 82' lang='lat' dir='ltr'><strong>agape</strong></span> <span class='ocrx_word' id='word_1_415' title='bbox 1938 2931 1997 2984; x_wconf 84' lang='lat' dir='ltr'><strong>et</strong></span> 
     </span>
    </p>
   </div>
   <div class='ocr_carea' id='block_1_53' title="bbox 344 3015 1994 3082">
    <p class='ocr_par' dir='ltr' id='par_1_53' title="bbox 344 3015 1994 3082">
     <span class='ocr_line' id='line_1_53' title="bbox 344 3015 1994 3082; baseline -0.007 -1"><span class='ocrx_word' id='word_1_416' title='bbox 344 3024 760 3082; x_wconf 90' lang='lat' dir='ltr'><strong>communione</strong></span> <span class='ocrx_word' id='word_1_417' title='bbox 789 3023 1042 3078; x_wconf 71' lang='lat' dir='ltr'><strong>Caesares</strong></span> <span class='ocrx_word' id='word_1_418' title='bbox 1073 3037 1140 3076; x_wconf 87' lang='lat' dir='ltr'><strong>ac</strong></span> <span class='ocrx_word' id='word_1_419' title='bbox 1169 3019 1607 3075; x_wconf 87' lang='lat' dir='ltr'><strong>nobilissimum</strong></span> <span class='ocrx_word' id='word_1_420' title='bbox 1642 3033 1777 3073; x_wconf 90' lang='lat' dir='ltr'><strong>cum</strong></span> <span class='ocrx_word' id='word_1_421' title='bbox 1807 3015 1994 3072; x_wconf 89' lang='lat' dir='ltr'><strong>domi-</strong></span> 
     </span>
    </p>
   </div>
   <div class='ocr_carea' id='block_1_54' title="bbox 345 3108 1741 3182">
    <p class='ocr_par' dir='ltr' id='par_1_54' title="bbox 345 3108 1741 3182">
     <span class='ocr_line' id='line_1_54' title="bbox 345 3108 1741 3182; baseline -0.006 -12"><span class='ocrx_word' id='word_1_422' title='bbox 345 3114 438 3170; x_wconf 88' lang='lat' dir='ltr'><strong>nis</strong></span> <span class='ocrx_word' id='word_1_423' title='bbox 467 3111 904 3169; x_wconf 87' lang='lat' dir='ltr'><strong>communicare</strong></span> <span class='ocrx_word' id='word_1_424' title='bbox 936 3125 1167 3182; x_wconf 90' lang='lat' dir='ltr'><strong>unaque</strong></span> <span class='ocrx_word' id='word_1_425' title='bbox 1199 3125 1422 3180; x_wconf 86' lang='lat' dir='ltr'><strong>agapen</strong></span> <span class='ocrx_word' id='word_1_426' title='bbox 1457 3108 1741 3178; x_wconf 88' lang='lat' dir='ltr'><strong>accipere.</strong></span> 
     </span>
    </p>
   </div>
   <div class='ocr_carea' id='block_1_55' title="bbox 2105 2747 3756 2833">
    <p class='ocr_par' dir='ltr' id='par_1_55' title="bbox 2105 2747 3756 2833">
     <span class='ocr_line' id='line_1_55' title="bbox 2105 2747 3756 2833; baseline 0.007 -32"><span class='ocrx_word' id='word_1_427' title='bbox 2105 2748 2360 2822; x_wconf 86' lang='grc' dir='ltr'>στώριον.</span> <span class='ocrx_word' id='word_1_428' title='bbox 2392 2748 2500 2806; x_wconf 82' lang='grc' dir='ltr'>Καὶ</span> <span class='ocrx_word' id='word_1_429' title='bbox 2532 2750 2621 2804; x_wconf 78' lang='grc' dir='ltr'><strong>ὅτε</strong></span> <span class='ocrx_word' id='word_1_430' title='bbox 2652 2747 2924 2826; x_wconf 84' lang='grc' dir='ltr'>πληρώσῃ</span> <span class='ocrx_word' id='word_1_431' title='bbox 2971 2756 3006 2824; x_wconf 77' lang='grc' dir='ltr'>ἡ</span> <span class='ocrx_word' id='word_1_432' title='bbox 3057 2753 3365 2829; x_wconf 84' lang='grc' dir='ltr'>σύγκλητος</span> <span class='ocrx_word' id='word_1_433' title='bbox 3392 2758 3489 2826; x_wconf 76' lang='grc' dir='ltr'>τὴν</span> <span class='ocrx_word' id='word_1_434' title='bbox 3530 2756 3756 2833; x_wconf 76' lang='grc' dir='ltr'>εὐχαρι-</span> 
     </span>
    </p>
   </div>
   <div class='ocr_carea' id='block_1_56' title="bbox 2105 2836 3758 2920">
    <p class='ocr_par' dir='ltr' id='par_1_56' title="bbox 2105 2836 3758 2920">
     <span class='ocr_line' id='line_1_56' title="bbox 2105 2836 3758 2920; baseline 0.007 -29"><span class='ocrx_word' id='word_1_435' title='bbox 2105 2836 2273 2906; x_wconf 85' lang='grc' dir='ltr'>στίαν,</span> <span class='ocrx_word' id='word_1_436' title='bbox 2327 2836 2572 2893; x_wconf 81' lang='grc' dir='ltr'>νεύουσιν</span> <span class='ocrx_word' id='word_1_437' title='bbox 2630 2841 2682 2894; x_wconf 84' lang='lat' dir='ltr'><strong>o&#39;t</strong></span> <span class='ocrx_word' id='word_1_438' title='bbox 2737 2837 2993 2898; x_wconf 81' lang='grc' dir='ltr'>δεσπόται</span> <span class='ocrx_word' id='word_1_439' title='bbox 3076 2848 3155 2917; x_wconf 80' lang='grc' dir='ltr'><strong>τῷ</strong></span> <span class='ocrx_word' id='word_1_440' title='bbox 3233 2847 3602 2920; x_wconf 87' lang='grc' dir='ltr'>πραιποσίτῳ,</span> <span class='ocrx_word' id='word_1_441' title='bbox 3664 2847 3758 2903; x_wconf 86' lang='grc' dir='ltr'><strong>καὶ</strong></span> 
     </span>
    </p>
   </div>
   <div class='ocr_carea' id='block_1_57' title="bbox 2107 2925 3757 3015">
    <p class='ocr_par' dir='ltr' id='par_1_57' title="bbox 2107 2925 3757 3015">
     <span class='ocr_line' id='line_1_57' title="bbox 2107 2925 3757 3015; baseline 0.006 -33"><span class='ocrx_word' id='word_1_442' title='bbox 2107 2925 2270 3000; x_wconf 70' lang='grc' dir='ltr'>λέγει·</span> <span class='ocrx_word' id='word_1_443' title='bbox 2307 2951 2334 2978; x_wconf 88' lang='grc'><strong>‹‹</strong></span> <span class='ocrx_word' id='word_1_444' title='bbox 2372 2926 2692 3001; x_wconf 84' lang='grc' dir='ltr'>Κελεύσατε,</span> <span class='ocrx_word' id='word_1_445' title='bbox 2724 2954 2751 2982; x_wconf 83' lang='grc'>››</span> <span class='ocrx_word' id='word_1_446' title='bbox 2784 2932 2873 2986; x_wconf 88' lang='grc' dir='ltr'><strong>καὶ</strong></span> <span class='ocrx_word' id='word_1_447' title='bbox 2905 2932 3247 3008; x_wconf 80' lang='grc' dir='ltr'>ἐπεύχονται,</span> <span class='ocrx_word' id='word_1_448' title='bbox 3271 2935 3362 2991; x_wconf 86' lang='grc' dir='ltr'><strong>καὶ</strong></span> <span class='ocrx_word' id='word_1_449' title='bbox 3394 2935 3672 3015; x_wconf 76' lang='grc' dir='ltr'>ἐξέρχεται</span> <span class='ocrx_word' id='word_1_450' title='bbox 3692 2937 3757 2992; x_wconf 83' lang='grc' dir='ltr'><strong>τὸ</strong></span> 
     </span>
    </p>
   </div>
   <div class='ocr_carea' id='block_1_58' title="bbox 2105 3019 3762 3101">
    <p class='ocr_par' dir='ltr' id='par_1_58' title="bbox 2105 3019 3762 3101">
     <span class='ocr_line' id='line_1_58' title="bbox 2105 3019 3762 3101; baseline 0.008 -32"><span class='ocrx_word' id='word_1_451' title='bbox 2105 3036 2377 3089; x_wconf 74' lang='grc' dir='ltr'>σεκρετον,</span> <span class='ocrx_word' id='word_1_452' title='bbox 2429 3019 2519 3072; x_wconf 86' lang='grc' dir='ltr'><strong>καὶ</strong></span> <span class='ocrx_word' id='word_1_453' title='bbox 2562 3019 2870 3094; x_wconf 82' lang='grc' dir='ltr'>πληροῦται</span> <span class='ocrx_word' id='word_1_454' title='bbox 2919 3027 3066 3076; x_wconf 81' lang='grc' dir='ltr'>πᾶσα</span> <span class='ocrx_word' id='word_1_455' title='bbox 3093 3025 3129 3092; x_wconf 81' lang='grc' dir='ltr'><strong>ἡ</strong></span> <span class='ocrx_word' id='word_1_456' title='bbox 3170 3023 3470 3089; x_wconf 82' lang='grc' dir='ltr'>ἀκολουθία</span> <span class='ocrx_word' id='word_1_457' title='bbox 3506 3028 3604 3094; x_wconf 75' lang='grc' dir='ltr'><strong>τῆς</strong></span> <span class='ocrx_word' id='word_1_458' title='bbox 3635 3027 3762 3101; x_wconf 71' lang='grc' dir='ltr'>ἑορ-</span> 
     </span>
    </p>
   </div>
   <div class='ocr_carea' id='block_1_59' title="bbox 2104 3105 3751 3188">
    <p class='ocr_par' dir='ltr' id='par_1_59' title="bbox 2104 3105 3751 3188">
     <span class='ocr_line' id='line_1_59' title="bbox 2104 3105 3751 3188; baseline 0.006 -28"><span class='ocrx_word' id='word_1_459' title='bbox 2104 3107 2227 3175; x_wconf 82' lang='grc' dir='ltr'>τῆς,</span> <span class='ocrx_word' id='word_1_460' title='bbox 2260 3105 2334 3167; x_wconf 83' lang='grc' dir='ltr'>ὡς</span> <span class='ocrx_word' id='word_1_461' title='bbox 2372 3106 2438 3174; x_wconf 84' lang='grc' dir='ltr'><strong>ἧν</strong></span> <span class='ocrx_word' id='word_1_462' title='bbox 2488 3108 2734 3168; x_wconf 83' lang='grc' dir='ltr'>τυπικόν.</span> <span class='ocrx_word' id='word_1_463' title='bbox 2800 3112 2911 3186; x_wconf 76' lang='grc' dir='ltr'><strong>Κρὴ</strong></span> <span class='ocrx_word' id='word_1_464' title='bbox 2973 3108 3031 3167; x_wconf 76' lang='grc' dir='ltr'>δὲ</span> <span class='ocrx_word' id='word_1_465' title='bbox 3088 3113 3395 3188; x_wconf 84' lang='grc' dir='ltr'>γινώσκειν,</span> <span class='ocrx_word' id='word_1_466' title='bbox 3429 3115 3514 3171; x_wconf 83' lang='grc' dir='ltr'><strong>ὅτι</strong></span> <span class='ocrx_word' id='word_1_467' title='bbox 3545 3114 3621 3176; x_wconf 87' lang='grc' dir='ltr'>εἷς</span> <span class='ocrx_word' id='word_1_468' title='bbox 3650 3116 3751 3185; x_wconf 78' lang='grc' dir='ltr'><strong>τήν</strong></span> 
     </span>
    </p>
   </div>
   <div class='ocr_carea' id='block_1_60' title="bbox 345 3188 3762 3278">
    <p class='ocr_par' dir='ltr' id='par_1_60' title="bbox 345 3188 3762 3278">
     <span class='ocr_line' id='line_1_60' title="bbox 345 3188 3762 3278; baseline 0.001 -21"><span class='ocrx_word' id='word_1_469' title='bbox 345 3200 555 3276; x_wconf 81' lang='grc' dir='ltr'>ἀγάπην</span> <span class='ocrx_word' id='word_1_470' title='bbox 597 3201 708 3273; x_wconf 84' lang='grc'><strong>(45)</strong></span> <span class='ocrx_word' id='word_1_471' title='bbox 747 3199 838 3254; x_wconf 80' lang='grc' dir='ltr'><strong>καὶ</strong></span> <span class='ocrx_word' id='word_1_472' title='bbox 870 3199 946 3259; x_wconf 87' lang='grc' dir='ltr'>εἷς</span> <span class='ocrx_word' id='word_1_473' title='bbox 975 3198 1075 3268; x_wconf 83' lang='grc' dir='ltr'><strong>τήν</strong></span> <span class='ocrx_word' id='word_1_474' title='bbox 1104 3195 1391 3253; x_wconf 88' lang='grc' dir='ltr'>κοινωνίαν</span> <span class='ocrx_word' id='word_1_475' title='bbox 1426 3196 1478 3251; x_wconf 78' lang='grc' dir='ltr'>οἱ</span> <span class='ocrx_word' id='word_1_476' title='bbox 1509 3195 1774 3269; x_wconf 81' lang='grc' dir='ltr'>Καίσαρες</span> <span class='ocrx_word' id='word_1_477' title='bbox 1803 3194 1895 3249; x_wconf 87' lang='grc' dir='ltr'><strong>καὶ</strong></span> <span class='ocrx_word' id='word_1_478' title='bbox 1939 3193 1967 3248; x_wconf 81' lang='grc' dir='ltr'>ὁ</span> <span class='ocrx_word' id='word_1_479' title='bbox 2010 3188 2394 3267; x_wconf 76' lang='grc' dir='ltr'>νωϐελήσιμος</span> <span class='ocrx_word' id='word_1_480' title='bbox 2438 3198 2571 3269; x_wconf 85' lang='grc' dir='ltr'>μετὰ</span> <span class='ocrx_word' id='word_1_481' title='bbox 2596 3201 2704 3253; x_wconf 90' lang='grc' dir='ltr'><strong>τῶν</strong></span> <span class='ocrx_word' id='word_1_482' title='bbox 2738 3195 3012 3256; x_wconf 80' lang='grc' dir='ltr'>δεσποτῶν</span> <span class='ocrx_word' id='word_1_483' title='bbox 3040 3205 3392 3259; x_wconf 88' lang='grc' dir='ltr'>κοινωνοῦσιν</span> <span class='ocrx_word' id='word_1_484' title='bbox 3427 3205 3639 3278; x_wconf 85' lang='grc' dir='ltr'>ὁμοίως</span> <span class='ocrx_word' id='word_1_485' title='bbox 3667 3203 3762 3261; x_wconf 81' lang='grc' dir='ltr'><strong>καὶ</strong></span> 
     </span>
    </p>
   </div>
   <div class='ocr_carea' id='block_1_61' title="bbox 345 3291 823 3366">
    <p class='ocr_par' dir='ltr' id='par_1_61' title="bbox 345 3291 823 3366">
     <span class='ocr_line' id='line_1_61' title="bbox 345 3291 823 3366; baseline 0 -18"><span class='ocrx_word' id='word_1_486' title='bbox 345 3291 422 3356; x_wconf 80' lang='grc' dir='ltr'>εἷς</span> <span class='ocrx_word' id='word_1_487' title='bbox 451 3294 550 3362; x_wconf 80' lang='grc' dir='ltr'>τὴν</span> <span class='ocrx_word' id='word_1_488' title='bbox 583 3291 823 3366; x_wconf 76' lang='grc' dir='ltr'>ἀγάπην.</span> 
     </span>
    </p>
   </div>
   <div class='ocr_carea' id='block_1_62' title="bbox 401 3377 1939 3453">
    <p class='ocr_par' dir='ltr' id='par_1_62' title="bbox 401 3377 1939 3453">
     <span class='ocr_line' id='line_1_62' title="bbox 401 3377 1939 3453; baseline -0.006 -12"><span class='ocrx_word' id='word_1_489' title='bbox 401 3383 751 3441; x_wconf 60' lang='lat' dir='ltr'><strong>declamatio</strong></span> <span class='ocrx_word' id='word_1_490' title='bbox 778 3385 1084 3452; x_wconf 78' lang='lat' dir='ltr'><strong>[actionum</strong></span> <span class='ocrx_word' id='word_1_491' title='bbox 1116 3381 1175 3437; x_wconf 83' lang='lat' dir='ltr'><strong>in</strong></span> <span class='ocrx_word' id='word_1_492' title='bbox 1200 3379 1546 3453; x_wconf 77' lang='lat' dir='ltr'><strong>promotione</strong></span> <span class='ocrx_word' id='word_1_493' title='bbox 1571 3377 1939 3436; x_wconf 76' lang='lat' dir='ltr'><strong>Nobiliuimi.</strong></span> 
     </span>
    </p>
   </div>
   <div class='ocr_carea' id='block_1_63' title="bbox 414 3538 1995 3615">
    <p class='ocr_par' dir='ltr' id='par_1_63' title="bbox 414 3538 1995 3615">
     <span class='ocr_line' id='line_1_63' title="bbox 414 3538 1995 3615; baseline -0.006 -13"><span class='ocrx_word' id='word_1_494' title='bbox 414 3545 853 3602; x_wconf 84' lang='lat' dir='ltr'><strong>Observandum</strong></span> <span class='ocrx_word' id='word_1_495' title='bbox 909 3550 1013 3612; x_wconf 89' lang='lat' dir='ltr'><strong>est,</strong></span> <span class='ocrx_word' id='word_1_496' title='bbox 1073 3544 1122 3600; x_wconf 91' lang='lat' dir='ltr'><strong>si</strong></span> <span class='ocrx_word' id='word_1_497' title='bbox 1180 3543 1501 3615; x_wconf 86' lang='lat' dir='ltr'><strong>imperator</strong></span> <span class='ocrx_word' id='word_1_498' title='bbox 1556 3538 1995 3596; x_wconf 89' lang='lat' dir='ltr'><strong>nobilissimum</strong></span> 
     </span>
    </p>
   </div>
   <div class='ocr_carea' id='block_1_64' title="bbox 339 3629 1995 3702">
    <p class='ocr_par' dir='ltr' id='par_1_64' title="bbox 339 3629 1995 3702">
     <span class='ocr_line' id='line_1_64' title="bbox 339 3629 1995 3702; baseline -0.005 -10"><span class='ocrx_word' id='word_1_499' title='bbox 339 3652 534 3693; x_wconf 88' lang='lat' dir='ltr'><strong>creare</strong></span> <span class='ocrx_word' id='word_1_500' title='bbox 563 3634 830 3702; x_wconf 88' lang='lat' dir='ltr'><strong>voluerit,</strong></span> <span class='ocrx_word' id='word_1_501' title='bbox 863 3649 1098 3690; x_wconf 88' lang='lat' dir='ltr'><strong>omnem</strong></span> <span class='ocrx_word' id='word_1_502' title='bbox 1151 3632 1334 3688; x_wconf 89' lang='lat' dir='ltr'><strong>ritum</strong></span> <span class='ocrx_word' id='word_1_503' title='bbox 1385 3647 1450 3687; x_wconf 87' lang='lat' dir='ltr'><strong>ac</strong></span> <span class='ocrx_word' id='word_1_504' title='bbox 1499 3630 1762 3687; x_wconf 81' lang='lat' dir='ltr'><strong>ofﬁcium</strong></span> <span class='ocrx_word' id='word_1_505' title='bbox 1812 3629 1995 3700; x_wconf 88' lang='lat' dir='ltr'><strong>idem,</strong></span> 
     </span>
    </p>
   </div>
   <div class='ocr_carea' id='block_1_65' title="bbox 345 3720 1994 3797">
    <p class='ocr_par' dir='ltr' id='par_1_65' title="bbox 345 3720 1994 3797">
     <span class='ocr_line' id='line_1_65' title="bbox 345 3720 1994 3797; baseline -0.004 -17"><span class='ocrx_word' id='word_1_506' title='bbox 345 3726 499 3797; x_wconf 91' lang='lat' dir='ltr'><strong>quod</strong></span> <span class='ocrx_word' id='word_1_507' title='bbox 541 3724 600 3780; x_wconf 90' lang='lat' dir='ltr'><strong>in</strong></span> <span class='ocrx_word' id='word_1_508' title='bbox 652 3724 898 3780; x_wconf 68' lang='lat' dir='ltr'><strong>Caesaris</strong></span> <span class='ocrx_word' id='word_1_509' title='bbox 931 3723 1318 3795; x_wconf 88' lang='lat' dir='ltr'><strong>promotione,</strong></span> <span class='ocrx_word' id='word_1_510' title='bbox 1371 3720 1654 3785; x_wconf 88' lang='lat' dir='ltr'><strong>obtinere,</strong></span> <span class='ocrx_word' id='word_1_511' title='bbox 1705 3721 1994 3776; x_wconf 88' lang='lat' dir='ltr'><strong>acclama-</strong></span> 
     </span>
    </p>
   </div>
   <div class='ocr_carea' id='block_1_66' title="bbox 341 3810 1994 3885">
    <p class='ocr_par' dir='ltr' id='par_1_66' title="bbox 341 3810 1994 3885">
     <span class='ocr_line' id='line_1_66' title="bbox 341 3810 1994 3885; baseline -0.002 -15"><span class='ocrx_word' id='word_1_512' title='bbox 341 3814 533 3870; x_wconf 87' lang='lat' dir='ltr'><strong>tiones</strong></span> <span class='ocrx_word' id='word_1_513' title='bbox 564 3830 798 3885; x_wconf 90' lang='lat' dir='ltr'><strong>quoque</strong></span> <span class='ocrx_word' id='word_1_514' title='bbox 829 3813 1146 3868; x_wconf 83' lang='lat' dir='ltr'><strong>factionum</strong></span> <span class='ocrx_word' id='word_1_515' title='bbox 1179 3810 1423 3879; x_wconf 87' lang='lat' dir='ltr'><strong>similes,</strong></span> <span class='ocrx_word' id='word_1_516' title='bbox 1449 3815 1676 3866; x_wconf 88' lang='lat' dir='ltr'><strong>tantum</strong></span> <span class='ocrx_word' id='word_1_517' title='bbox 1712 3810 1994 3876; x_wconf 87' lang='lat' dir='ltr'><strong>tunicam,</strong></span> 
     </span>
    </p>
   </div>
   <div class='ocr_carea' id='block_1_67' title="bbox 343 3901 1995 3976">
    <p class='ocr_par' dir='ltr' id='par_1_67' title="bbox 343 3901 1995 3976">
     <span class='ocr_line' id='line_1_67' title="bbox 343 3901 1995 3976; baseline -0.002 -18"><span class='ocrx_word' id='word_1_518' title='bbox 343 3919 462 3976; x_wconf 92' lang='lat' dir='ltr'><strong>qua</strong></span> <span class='ocrx_word' id='word_1_519' title='bbox 491 3905 778 3974; x_wconf 85' lang='lat' dir='ltr'><strong>induitur,</strong></span> <span class='ocrx_word' id='word_1_520' title='bbox 803 3920 918 3960; x_wconf 93' lang='lat' dir='ltr'><strong>non</strong></span> <span class='ocrx_word' id='word_1_521' title='bbox 955 3918 1332 3976; x_wconf 88' lang='lat' dir='ltr'><strong>purpuream,</strong></span> <span class='ocrx_word' id='word_1_522' title='bbox 1359 3906 1423 3957; x_wconf 89' lang='lat' dir='ltr'><strong>ut</strong></span> <span class='ocrx_word' id='word_1_523' title='bbox 1452 3901 1717 3972; x_wconf 60' lang='lat' dir='ltr'><strong>Caesaris,</strong></span> <span class='ocrx_word' id='word_1_524' title='bbox 1740 3901 1840 3957; x_wconf 89' lang='lat' dir='ltr'><strong>sed</strong></span> <span class='ocrx_word' id='word_1_525' title='bbox 1865 3916 1995 3956; x_wconf 89' lang='lat' dir='ltr'><strong>coc-</strong></span> 
     </span>
    </p>
   </div>
   <div class='ocr_carea' id='block_1_68' title="bbox 341 3991 1992 4063">
    <p class='ocr_par' dir='ltr' id='par_1_68' title="bbox 341 3991 1992 4063">
     <span class='ocr_line' id='line_1_68' title="bbox 341 3991 1992 4063; baseline -0.002 -15"><span class='ocrx_word' id='word_1_526' title='bbox 341 3993 568 4048; x_wconf 87' lang='lat' dir='ltr'><strong>cineam</strong></span> <span class='ocrx_word' id='word_1_527' title='bbox 626 4009 773 4049; x_wconf 86' lang='lat' dir='ltr'><strong>esse.</strong></span> <span class='ocrx_word' id='word_1_528' title='bbox 837 3993 1062 4049; x_wconf 85' lang='lat' dir='ltr'><strong>Corona</strong></span> <span class='ocrx_word' id='word_1_529' title='bbox 1115 4009 1248 4049; x_wconf 89' lang='lat' dir='ltr'><strong>vero</strong></span> <span class='ocrx_word' id='word_1_530' title='bbox 1299 3992 1409 4063; x_wconf 85' lang='lat' dir='ltr'><strong>ipsi</strong></span> <span class='ocrx_word' id='word_1_531' title='bbox 1471 4008 1586 4047; x_wconf 91' lang='lat' dir='ltr'><strong>non</strong></span> <span class='ocrx_word' id='word_1_532' title='bbox 1646 3991 1992 4062; x_wconf 88' lang='lat' dir='ltr'><strong>imponitur,</strong></span> 
     </span>
    </p>
   </div>
   <div class='ocr_carea' id='block_1_69' title="bbox 340 4081 1748 4153">
    <p class='ocr_par' dir='ltr' id='par_1_69' title="bbox 340 4081 1748 4153">
     <span class='ocr_line' id='line_1_69' title="bbox 340 4081 1748 4153; baseline -0.001 -15"><span class='ocrx_word' id='word_1_533' title='bbox 340 4097 554 4153; x_wconf 89' lang='lat' dir='ltr'><strong>neque,</strong></span> <span class='ocrx_word' id='word_1_534' title='bbox 586 4081 742 4138; x_wconf 83' lang='lat' dir='ltr'><strong>sicut</strong></span> <span class='ocrx_word' id='word_1_535' title='bbox 769 4087 982 4150; x_wconf 65' lang='lat' dir='ltr'><strong>Caesar,</strong></span> <span class='ocrx_word' id='word_1_536' title='bbox 1019 4099 1052 4137; x_wconf 89' lang='lat' dir='ltr'><strong>a</strong></span> <span class='ocrx_word' id='word_1_537' title='bbox 1084 4082 1424 4152; x_wconf 88' lang='lat' dir='ltr'><strong>proceribus</strong></span> <span class='ocrx_word' id='word_1_538' title='bbox 1454 4082 1748 4137; x_wconf 83' lang='lat' dir='ltr'><strong>adoretur.</strong></span> 
     </span>
    </p>
   </div>
   <div class='ocr_carea' id='block_1_70' title="bbox 948 4169 1382 4227">
    <p class='ocr_par' dir='ltr' id='par_1_70' title="bbox 948 4169 1382 4227">
     <span class='ocr_line' id='line_1_70' title="bbox 948 4169 1382 4227; baseline -0.009 -1"><span class='ocrx_word' id='word_1_539' title='bbox 948 4170 1179 4227; x_wconf 87' lang='lat' dir='ltr'><strong>CAPUT</strong></span> <span class='ocrx_word' id='word_1_540' title='bbox 1217 4169 1382 4226; x_wconf 84' lang='lat' dir='ltr'><strong>XLV.</strong></span> 
     </span>
    </p>
   </div>
   <div class='ocr_carea' id='block_1_71' title="bbox 553 4259 1777 4334">
    <p class='ocr_par' dir='ltr' id='par_1_71' title="bbox 553 4259 1777 4334">
     <span class='ocr_line' id='line_1_71' title="bbox 553 4259 1777 4334; baseline -0.004 -15"><span class='ocrx_word' id='word_1_541' title='bbox 553 4261 899 4319; x_wconf 75' lang='lat' dir='ltr'><strong>Obseruando</strong></span> <span class='ocrx_word' id='word_1_542' title='bbox 931 4265 989 4319; x_wconf 85' lang='lat' dir='ltr'><strong>in</strong></span> <span class='ocrx_word' id='word_1_543' title='bbox 1014 4264 1366 4334; x_wconf 67' lang='lat' dir='ltr'><strong>promotion:</strong></span> <span class='ocrx_word' id='word_1_544' title='bbox 1402 4259 1777 4334; x_wconf 67' lang='lat' dir='ltr'><strong>Curopalalae.</strong></span> 
     </span>
    </p>
   </div>
   <div class='ocr_carea' id='block_1_72' title="bbox 408 4426 1993 4499">
    <p class='ocr_par' dir='ltr' id='par_1_72' title="bbox 408 4426 1993 4499">
     <span class='ocr_line' id='line_1_72' title="bbox 408 4426 1993 4499; baseline -0.001 -15"><span class='ocrx_word' id='word_1_545' title='bbox 408 4428 449 4484; x_wconf 95' lang='grc' dir='ltr'><strong>Ι.</strong></span> <span class='ocrx_word' id='word_1_546' title='bbox 484 4427 719 4484; x_wconf 90' lang='lat' dir='ltr'><strong>Domini</strong></span> <span class='ocrx_word' id='word_1_547' title='bbox 743 4427 1050 4496; x_wconf 87' lang='lat' dir='ltr'><strong>dibetesia,</strong></span> <span class='ocrx_word' id='word_1_548' title='bbox 1073 4426 1304 4483; x_wconf 86' lang='lat' dir='ltr'><strong>tunicas</strong></span> <span class='ocrx_word' id='word_1_549' title='bbox 1327 4443 1688 4499; x_wconf 86' lang='lat' dir='ltr'><strong>coronasque</strong></span> <span class='ocrx_word' id='word_1_550' title='bbox 1709 4443 1849 4484; x_wconf 88' lang='lat' dir='ltr'><strong>suas</strong></span> <span class='ocrx_word' id='word_1_551' title='bbox 1871 4443 1993 4482; x_wconf 89' lang='lat' dir='ltr'><strong>mu-</strong></span> 
     </span>
    </p>
   </div>
   <div class='ocr_carea' id='block_1_73' title="bbox 334 4515 1990 4590">
    <p class='ocr_par' dir='ltr' id='par_1_73' title="bbox 334 4515 1990 4590">
     <span class='ocr_line' id='line_1_73' title="bbox 334 4515 1990 4590; baseline -0.001 -17"><span class='ocrx_word' id='word_1_552' title='bbox 334 4524 456 4573; x_wconf 91' lang='lat' dir='ltr'><strong>tant</strong></span> <span class='ocrx_word' id='word_1_553' title='bbox 487 4517 667 4590; x_wconf 89' lang='lat' dir='ltr'><strong>inque</strong></span> <span class='ocrx_word' id='word_1_554' title='bbox 714 4515 927 4573; x_wconf 84' lang='lat' dir='ltr'><strong>throno</strong></span> <span class='ocrx_word' id='word_1_555' title='bbox 977 4517 1305 4573; x_wconf 88' lang='lat' dir='ltr'><strong>consident.</strong></span> <span class='ocrx_word' id='word_1_556' title='bbox 1354 4516 1808 4574; x_wconf 87' lang='lat' dir='ltr'><strong>Cerimoniarius</strong></span> <span class='ocrx_word' id='word_1_557' title='bbox 1851 4515 1990 4573; x_wconf 88' lang='lat' dir='ltr'><strong>foris</strong></span> 
     </span>
    </p>
   </div>
   <div class='ocr_carea' id='block_1_74' title="bbox 333 4605 1989 4679">
    <p class='ocr_par' dir='ltr' id='par_1_74' title="bbox 333 4605 1989 4679">
     <span class='ocr_line' id='line_1_74' title="bbox 333 4605 1989 4679; baseline 0.001 -18"><span class='ocrx_word' id='word_1_558' title='bbox 333 4606 459 4662; x_wconf 84' lang='lat' dir='ltr'><strong>vela</strong></span> <span class='ocrx_word' id='word_1_559' title='bbox 488 4607 740 4677; x_wconf 85' lang='lat' dir='ltr'><strong>ordinat,</strong></span> <span class='ocrx_word' id='word_1_560' title='bbox 771 4611 835 4663; x_wconf 90' lang='lat' dir='ltr'><strong>ut</strong></span> <span class='ocrx_word' id='word_1_561' title='bbox 858 4623 986 4663; x_wconf 88' lang='lat' dir='ltr'><strong>mos</strong></span> <span class='ocrx_word' id='word_1_562' title='bbox 1018 4611 1107 4663; x_wconf 86' lang='lat' dir='ltr'><strong>est</strong></span> <span class='ocrx_word' id='word_1_563' title='bbox 1131 4623 1144 4675; x_wconf 91' lang='lat'><strong>;</strong></span> <span class='ocrx_word' id='word_1_564' title='bbox 1178 4605 1401 4663; x_wconf 90' lang='lat' dir='ltr'><strong>domini</strong></span> <span class='ocrx_word' id='word_1_565' title='bbox 1424 4606 1734 4679; x_wconf 70' lang='lat' dir='ltr'><strong>praeposito</strong></span> <span class='ocrx_word' id='word_1_566' title='bbox 1755 4607 1989 4676; x_wconf 87' lang='lat' dir='ltr'><strong>signum</strong></span> 
     </span>
    </p>
   </div>
   <div class='ocr_carea' id='block_1_75' title="bbox 337 4695 1992 4771">
    <p class='ocr_par' dir='ltr' id='par_1_75' title="bbox 337 4695 1992 4771">
     <span class='ocr_line' id='line_1_75' title="bbox 337 4695 1992 4771; baseline 0 -18"><span class='ocrx_word' id='word_1_567' title='bbox 337 4698 498 4767; x_wconf 81' lang='lat' dir='ltr'><strong>dant,</strong></span> <span class='ocrx_word' id='word_1_568' title='bbox 529 4699 699 4771; x_wconf 87' lang='lat' dir='ltr'><strong>isque</strong></span> <span class='ocrx_word' id='word_1_569' title='bbox 730 4714 864 4755; x_wconf 90' lang='lat' dir='ltr'><strong>cum</strong></span> <span class='ocrx_word' id='word_1_570' title='bbox 894 4697 1146 4755; x_wconf 87' lang='lat' dir='ltr'><strong>ostiariis</strong></span> <span class='ocrx_word' id='word_1_571' title='bbox 1177 4703 1237 4753; x_wconf 89' lang='lat' dir='ltr'><strong>et</strong></span> <span class='ocrx_word' id='word_1_572' title='bbox 1263 4696 1444 4768; x_wconf 81' lang='lat' dir='ltr'><strong>virgis</strong></span> <span class='ocrx_word' id='word_1_573' title='bbox 1476 4712 1843 4768; x_wconf 88' lang='lat' dir='ltr'><strong>progressus,</strong></span> <span class='ocrx_word' id='word_1_574' title='bbox 1866 4695 1992 4754; x_wconf 82' lang='lat' dir='ltr'><strong>vela</strong></span> 
     </span>
    </p>
   </div>
   <div class='ocr_carea' id='block_1_76' title="bbox 335 4786 1989 4860">
    <p class='ocr_par' dir='ltr' id='par_1_76' title="bbox 335 4786 1989 4860">
     <span class='ocr_line' id='line_1_76' title="bbox 335 4786 1989 4860; baseline 0.001 -19"><span class='ocrx_word' id='word_1_575' title='bbox 335 4788 599 4853; x_wconf 77' lang='lat' dir='ltr'><strong>advocat,</strong></span> <span class='ocrx_word' id='word_1_576' title='bbox 631 4789 912 4860; x_wconf 88' lang='lat' dir='ltr'><strong>primum,</strong></span> <span class='ocrx_word' id='word_1_577' title='bbox 939 4786 1289 4859; x_wconf 85' lang='lat' dir='ltr'><strong>magistros;</strong></span> <span class='ocrx_word' id='word_1_578' title='bbox 1319 4786 1671 4857; x_wconf 89' lang='lat' dir='ltr'><strong>secundum,</strong></span> <span class='ocrx_word' id='word_1_579' title='bbox 1694 4787 1989 4859; x_wconf 88' lang='lat' dir='ltr'><strong>patricios,</strong></span> 
     </span>
    </p>
   </div>
   <div class='ocr_carea' id='block_1_77' title="bbox 336 4876 1983 4950">
    <p class='ocr_par' dir='ltr' id='par_1_77' title="bbox 336 4876 1983 4950">
     <span class='ocr_line' id='line_1_77' title="bbox 336 4876 1983 4950; baseline 0.004 -22"><span class='ocrx_word' id='word_1_580' title='bbox 336 4891 468 4930; x_wconf 87' lang='lat' dir='ltr'><strong>cum</strong></span> <span class='ocrx_word' id='word_1_581' title='bbox 504 4877 719 4948; x_wconf 87' lang='lat' dir='ltr'><strong>quibus</strong></span> <span class='ocrx_word' id='word_1_582' title='bbox 747 4877 821 4946; x_wconf 90' lang='lat' dir='ltr'><strong>is,</strong></span> <span class='ocrx_word' id='word_1_583' title='bbox 853 4878 952 4949; x_wconf 89' lang='lat' dir='ltr'><strong>qui</strong></span> <span class='ocrx_word' id='word_1_584' title='bbox 982 4876 1352 4950; x_wconf 86' lang='lat' dir='ltr'><strong>curopalates</strong></span> <span class='ocrx_word' id='word_1_585' title='bbox 1383 4877 1506 4932; x_wconf 79' lang='lat' dir='ltr'><strong>ﬁeri</strong></span> <span class='ocrx_word' id='word_1_586' title='bbox 1557 4879 1742 4950; x_wconf 88' lang='lat' dir='ltr'><strong>cupit,</strong></span> <span class='ocrx_word' id='word_1_587' title='bbox 1789 4877 1983 4950; x_wconf 91' lang='lat' dir='ltr'><strong>ingre-</strong></span> 
     </span>
    </p>
   </div>
   <div class='ocr_carea' id='block_1_78' title="bbox 336 4962 1986 5038">
    <p class='ocr_par' dir='ltr' id='par_1_78' title="bbox 336 4962 1986 5038">
     <span class='ocr_line' id='line_1_78' title="bbox 336 4962 1986 5038; baseline 0.004 -22"><span class='ocrx_word' id='word_1_588' title='bbox 336 4962 525 5030; x_wconf 87' lang='lat' dir='ltr'><strong>ditur;</strong></span> <span class='ocrx_word' id='word_1_589' title='bbox 558 4963 752 5021; x_wconf 90' lang='lat' dir='ltr'><strong>velum</strong></span> <span class='ocrx_word' id='word_1_590' title='bbox 782 4965 1046 5038; x_wconf 88' lang='lat' dir='ltr'><strong>tertium,</strong></span> <span class='ocrx_word' id='word_1_591' title='bbox 1081 4970 1419 5034; x_wconf 87' lang='lat' dir='ltr'><strong>senatores;</strong></span> <span class='ocrx_word' id='word_1_592' title='bbox 1450 4967 1582 5022; x_wconf 84' lang='lat' dir='ltr'><strong>dein</strong></span> <span class='ocrx_word' id='word_1_593' title='bbox 1612 4966 1739 5024; x_wconf 89' lang='lat' dir='ltr'><strong>vela</strong></span> <span class='ocrx_word' id='word_1_594' title='bbox 1768 4982 1986 5023; x_wconf 88' lang='lat' dir='ltr'><strong>consu-</strong></span> 
     </span>
    </p>
   </div>
   <div class='ocr_carea' id='block_1_79' title="bbox 2028 3376 3692 3461">
    <p class='ocr_par' dir='ltr' id='par_1_79' title="bbox 2028 3376 3692 3461">
     <span class='ocr_line' id='line_1_79' title="bbox 2028 3376 3692 3461; baseline 0.007 -28"><span class='ocrx_word' id='word_1_595' title='bbox 2028 3378 2071 3446; x_wconf 85' lang='lat' dir='ltr'><strong>C</strong></span> <span class='ocrx_word' id='word_1_596' title='bbox 2175 3376 2503 3455; x_wconf 83' lang='grc' dir='ltr'>’Λκτολογία</span> <span class='ocrx_word' id='word_1_597' title='bbox 2545 3385 2654 3436; x_wconf 87' lang='grc' dir='ltr'><strong>τῶν</strong></span> <span class='ocrx_word' id='word_1_598' title='bbox 2689 3379 2892 3461; x_wconf 42' lang='grc' dir='ltr'>δήμων.</span> <span class='ocrx_word' id='word_1_599' title='bbox 2926 3384 3013 3439; x_wconf 85' lang='grc' dir='ltr'><strong>ἐπὶ</strong></span> <span class='ocrx_word' id='word_1_600' title='bbox 3066 3387 3382 3461; x_wconf 83' lang='grc' dir='ltr'>χειροτονίᾳ</span> <span class='ocrx_word' id='word_1_601' title='bbox 3412 3383 3692 3460; x_wconf 76' lang='grc' dir='ltr'>Νωὸελη-</span> 
     </span>
    </p>
   </div>
   <div class='ocr_carea' id='block_1_80' title="bbox 2839 3455 3025 3529">
    <p class='ocr_par' dir='ltr' id='par_1_80' title="bbox 2839 3455 3025 3529">
     <span class='ocr_line' id='line_1_80' title="bbox 2839 3455 3025 3529; baseline 0.022 -20"><span class='ocrx_word' id='word_1_602' title='bbox 2839 3455 3025 3529; x_wconf 91' lang='grc' dir='ltr'>σίμου.</span> 
     </span>
    </p>
   </div>
   <div class='ocr_carea' id='block_1_81' title="bbox 2175 3541 3763 3623">
    <p class='ocr_par' dir='ltr' id='par_1_81' title="bbox 2175 3541 3763 3623">
     <span class='ocr_line' id='line_1_81' title="bbox 2175 3541 3763 3623; baseline 0.005 -26"><span class='ocrx_word' id='word_1_603' title='bbox 2175 3541 2302 3614; x_wconf 87' lang='grc' dir='ltr'>Χρή</span> <span class='ocrx_word' id='word_1_604' title='bbox 2336 3543 2647 3617; x_wconf 86' lang='grc' dir='ltr'>γινώσκεῖν,</span> <span class='ocrx_word' id='word_1_605' title='bbox 2682 3544 2788 3614; x_wconf 75' lang='grc' dir='ltr'>ὅτι,</span> <span class='ocrx_word' id='word_1_606' title='bbox 2821 3543 2908 3599; x_wconf 81' lang='grc' dir='ltr'>ἐὰν</span> <span class='ocrx_word' id='word_1_607' title='bbox 2966 3546 3222 3622; x_wconf 81' lang='grc' dir='ltr'>βασιλεὺς</span> <span class='ocrx_word' id='word_1_608' title='bbox 3271 3545 3477 3623; x_wconf 76' lang='grc' dir='ltr'>θελήσῃ</span> <span class='ocrx_word' id='word_1_609' title='bbox 3521 3556 3763 3620; x_wconf 77' lang='grc' dir='ltr'>ποιῆσαι</span> 
     </span>
    </p>
   </div>
   <div class='ocr_carea' id='block_1_82' title="bbox 2103 3624 3761 3708">
    <p class='ocr_par' dir='ltr' id='par_1_82' title="bbox 2103 3624 3761 3708">
     <span class='ocr_line' id='line_1_82' title="bbox 2103 3624 3761 3708; baseline 0.006 -24"><span class='ocrx_word' id='word_1_610' title='bbox 2103 3624 2516 3704; x_wconf 76' lang='grc' dir='ltr'>νωϐελήσιμον,</span> <span class='ocrx_word' id='word_1_611' title='bbox 2567 3634 2602 3701; x_wconf 81' lang='grc' dir='ltr'>ἡ</span> <span class='ocrx_word' id='word_1_612' title='bbox 2650 3639 2793 3688; x_wconf 80' lang='grc' dir='ltr'>πᾶσα</span> <span class='ocrx_word' id='word_1_613' title='bbox 2835 3633 2982 3706; x_wconf 81' lang='grc' dir='ltr'>τάξις</span> <span class='ocrx_word' id='word_1_614' title='bbox 3029 3636 3118 3692; x_wconf 79' lang='grc' dir='ltr'><strong>καὶ</strong></span> <span class='ocrx_word' id='word_1_615' title='bbox 3167 3636 3465 3692; x_wconf 83' lang='grc' dir='ltr'>ἀκολουθία</span> <span class='ocrx_word' id='word_1_616' title='bbox 3493 3638 3761 3708; x_wconf 85' lang='grc' dir='ltr'>τελεῖται,</span> 
     </span>
    </p>
   </div>
   <div class='ocr_carea' id='block_1_83' title="bbox 2106 3717 3758 3803">
    <p class='ocr_par' dir='ltr' id='par_1_83' title="bbox 2106 3717 3758 3803">
     <span class='ocr_line' id='line_1_83' title="bbox 2106 3717 3758 3803; baseline 0.007 -31"><span class='ocrx_word' id='word_1_617' title='bbox 2106 3719 2180 3782; x_wconf 82' lang='grc' dir='ltr'><strong>ὡς</strong></span> <span class='ocrx_word' id='word_1_618' title='bbox 2211 3717 2298 3773; x_wconf 84' lang='grc' dir='ltr'><strong>ἐπὶ</strong></span> <span class='ocrx_word' id='word_1_619' title='bbox 2328 3724 2425 3775; x_wconf 90' lang='grc' dir='ltr'><strong>τοῦ</strong></span> <span class='ocrx_word' id='word_1_620' title='bbox 2457 3720 2756 3796; x_wconf 88' lang='grc' dir='ltr'>Καίσαρος,</span> <span class='ocrx_word' id='word_1_621' title='bbox 2789 3723 3000 3796; x_wconf 83' lang='grc' dir='ltr'>ὁμοίως</span> <span class='ocrx_word' id='word_1_622' title='bbox 3029 3726 3118 3781; x_wconf 86' lang='grc' dir='ltr'><strong>καὶ</strong></span> <span class='ocrx_word' id='word_1_623' title='bbox 3171 3727 3226 3781; x_wconf 76' lang='grc' dir='ltr'>αἱ</span> <span class='ocrx_word' id='word_1_624' title='bbox 3275 3725 3600 3803; x_wconf 83' lang='grc' dir='ltr'>ἀκτολογίαι</span> <span class='ocrx_word' id='word_1_625' title='bbox 3646 3733 3758 3783; x_wconf 87' lang='grc' dir='ltr'><strong>τῶν</strong></span> 
     </span>
    </p>
   </div>
   <div class='ocr_carea' id='block_1_84' title="bbox 2107 3807 3763 3891">
    <p class='ocr_par' dir='ltr' id='par_1_84' title="bbox 2107 3807 3763 3891">
     <span class='ocr_line' id='line_1_84' title="bbox 2107 3807 3763 3891; baseline 0.006 -29"><span class='ocrx_word' id='word_1_626' title='bbox 2107 3807 2323 3881; x_wconf 72' lang='grc' dir='ltr'>δήμωι,</span> <span class='ocrx_word' id='word_1_627' title='bbox 2366 3813 2400 3880; x_wconf 77' lang='grc' dir='ltr'>ἡ</span> <span class='ocrx_word' id='word_1_628' title='bbox 2445 3807 2503 3865; x_wconf 71' lang='grc' dir='ltr'>δὲ</span> <span class='ocrx_word' id='word_1_629' title='bbox 2553 3811 2775 3886; x_wconf 80' lang='grc' dir='ltr'>χλαμὺς</span> <span class='ocrx_word' id='word_1_630' title='bbox 2811 3815 2846 3883; x_wconf 79' lang='grc' dir='ltr'><strong>ἡ</strong></span> <span class='ocrx_word' id='word_1_631' title='bbox 2894 3816 3074 3888; x_wconf 83' lang='grc' dir='ltr'>τοὺτῳ</span> <span class='ocrx_word' id='word_1_632' title='bbox 3102 3818 3482 3891; x_wconf 67' lang='grc' dir='ltr'>περιτιθεμένη</span> <span class='ocrx_word' id='word_1_633' title='bbox 3517 3817 3617 3873; x_wconf 88' lang='grc' dir='ltr'><strong>οὐκ</strong></span> <span class='ocrx_word' id='word_1_634' title='bbox 3646 3815 3763 3874; x_wconf 80' lang='grc' dir='ltr'>ἔστι</span> 
     </span>
    </p>
   </div>
   <div class='ocr_carea' id='block_1_85' title="bbox 2102 3898 3761 3978">
    <p class='ocr_par' dir='ltr' id='par_1_85' title="bbox 2102 3898 3761 3978">
     <span class='ocr_line' id='line_1_85' title="bbox 2102 3898 3761 3978; baseline 0.005 -24"><span class='ocrx_word' id='word_1_635' title='bbox 2102 3903 2375 3978; x_wconf 72' lang='grc' dir='ltr'>πορφυρᾶ,</span> <span class='ocrx_word' id='word_1_636' title='bbox 2410 3898 2498 3956; x_wconf 76' lang='grc' dir='ltr'>θ’ία</span> <span class='ocrx_word' id='word_1_637' title='bbox 2546 3905 2643 3956; x_wconf 90' lang='grc' dir='ltr'><strong>τοῦ</strong></span> <span class='ocrx_word' id='word_1_638' title='bbox 2692 3902 2985 3977; x_wconf 88' lang='grc' dir='ltr'>Καίσαρος,</span> <span class='ocrx_word' id='word_1_639' title='bbox 3017 3903 3167 3961; x_wconf 74' lang='grc' dir='ltr'>ἀλλὰ</span> <span class='ocrx_word' id='word_1_640' title='bbox 3194 3906 3467 3969; x_wconf 86' lang='grc' dir='ltr'>κόκκινος·</span> <span class='ocrx_word' id='word_1_641' title='bbox 3502 3906 3761 3978; x_wconf 73' lang='grc' dir='ltr'>στέφανον</span> 
     </span>
    </p>
   </div>
   <div class='ocr_carea' id='block_1_86' title="bbox 2105 3983 3759 4070">
    <p class='ocr_par' dir='ltr' id='par_1_86' title="bbox 2105 3983 3759 4070">
     <span class='ocr_line' id='line_1_86' title="bbox 2105 3983 3759 4070; baseline 0.004 -28"><span class='ocrx_word' id='word_1_642' title='bbox 2105 3983 2250 4042; x_wconf 81' lang='grc' dir='ltr'>δὲ-οὐ</span> <span class='ocrx_word' id='word_1_643' title='bbox 2282 3989 2632 4064; x_wconf 83' lang='grc' dir='ltr'>περιτίθεται,</span> <span class='ocrx_word' id='word_1_644' title='bbox 2673 3990 2798 4047; x_wconf 79' lang='grc' dir='ltr'>οὔτε</span> <span class='ocrx_word' id='word_1_645' title='bbox 2840 3993 2946 4066; x_wconf 80' lang='grc' dir='ltr'>μὴν</span> <span class='ocrx_word' id='word_1_646' title='bbox 2997 4000 3407 4070; x_wconf 85' lang='grc' dir='ltr'>προσκυνεῖται,</span> <span class='ocrx_word' id='word_1_647' title='bbox 3451 3996 3526 4059; x_wconf 84' lang='grc' dir='ltr'>ὡς</span> <span class='ocrx_word' id='word_1_648' title='bbox 3559 3996 3588 4050; x_wconf 88' lang='lat'><strong>6</strong></span> <span class='ocrx_word' id='word_1_649' title='bbox 3619 3997 3759 4053; x_wconf 80' lang='grc' dir='ltr'>Καῖ-</span> 
     </span>
    </p>
   </div>
   <div class='ocr_carea' id='block_1_87' title="bbox 2103 4078 2845 4156">
    <p class='ocr_par' dir='ltr' id='par_1_87' title="bbox 2103 4078 2845 4156">
     <span class='ocr_line' id='line_1_87' title="bbox 2103 4078 2845 4156; baseline 0.008 -26"><span class='ocrx_word' id='word_1_650' title='bbox 2103 4097 2228 4154; x_wconf 88' lang='grc' dir='ltr'>σαρ,</span> <span class='ocrx_word' id='word_1_651' title='bbox 2262 4078 2365 4133; x_wconf 88' lang='grc' dir='ltr'>ὑπὸ</span> <span class='ocrx_word' id='word_1_652' title='bbox 2393 4083 2501 4135; x_wconf 86' lang='grc' dir='ltr'><strong>τῶν</strong></span> <span class='ocrx_word' id='word_1_653' title='bbox 2533 4079 2845 4156; x_wconf 84' lang='grc' dir='ltr'>ἀρχόντων.</span> 
     </span>
    </p>
   </div>
   <div class='ocr_carea' id='block_1_88' title="bbox 2707 4173 3149 4234">
    <p class='ocr_par' dir='ltr' id='par_1_88' title="bbox 2707 4173 3149 4234">
     <span class='ocr_line' id='line_1_88' title="bbox 2707 4173 3149 4234; baseline 0.018 -9"><span class='ocrx_word' id='word_1_654' title='bbox 2707 4175 2965 4231; x_wconf 78' lang='grc' dir='ltr'><strong>ΚΕΦΑΛ.</strong></span> <span class='ocrx_word' id='word_1_655' title='bbox 3009 4173 3149 4234; x_wconf 84' lang='lat' dir='ltr'><strong>ME’.</strong></span> 
     </span>
    </p>
   </div>
   <div class='ocr_carea' id='block_1_89' title="bbox 2101 4257 3742 4390">
    <p class='ocr_par' dir='ltr' id='par_1_89' title="bbox 2101 4257 3742 4390">
     <span class='ocr_line' id='line_1_89' title="bbox 2101 4257 3742 4390; baseline 0.007 -80"><span class='ocrx_word' id='word_1_656' title='bbox 2101 4261 2240 4316; x_wconf 88' lang='grc' dir='ltr'><strong>Ὅσα</strong></span> <span class='ocrx_word' id='word_1_657' title='bbox 2296 4257 2377 4313; x_wconf 76' lang='grc' dir='ltr'><strong>δεῖ</strong></span> <span class='ocrx_word' id='word_1_658' title='bbox 2431 4259 2903 4390; x_wconf 50' lang='grc' dir='ltr'><strong>ποραιρυλτιὶττειῖά</strong></span> <span class='ocrx_word' id='word_1_659' title='bbox 2944 4259 3030 4318; x_wconf 78' lang='grc' dir='ltr'><strong>ἐπὶ</strong></span> <span class='ocrx_word' id='word_1_660' title='bbox 3108 4268 3407 4342; x_wconf 83' lang='grc' dir='ltr'>προαγωγῇ</span> <span class='ocrx_word' id='word_1_661' title='bbox 3464 4265 3742 4340; x_wconf 78' lang='grc' dir='ltr'>Κουροπα-</span> 
     </span>
     <span class='ocr_line' id='line_1_90' title="bbox 2905 4355 3022 4390; baseline 0.009 -1"><span class='ocrx_word' id='word_1_662' title='bbox 2905 4355 3022 4390; x_wconf 90' lang='grc' dir='ltr'>του.</span> 
     </span>
    </p>
   </div>
   <div class='ocr_carea' id='block_1_90' title="bbox 2905 4355 3022 4393">
    <p class='ocr_par' dir='ltr' id='par_1_90' title="bbox 2905 4355 3022 4393">
     <span class='ocr_line' id='line_1_91' title="bbox 2905 4355 3022 4393; baseline 0.034 -4"><span class='ocrx_word' id='word_1_663' title='bbox 2905 4355 3022 4393; x_wconf 91' lang='grc' dir='ltr'>του.</span> 
     </span>
    </p>
   </div>
   <div class='ocr_carea' id='block_1_91' title="bbox 2171 4419 3749 4499">
    <p class='ocr_par' dir='ltr' id='par_1_91' title="bbox 2171 4419 3749 4499">
     <span class='ocr_line' id='line_1_92' title="bbox 2171 4419 3749 4499; baseline 0.003 -20"><span class='ocrx_word' id='word_1_664' title='bbox 2171 4422 2251 4479; x_wconf 80' lang='grc' dir='ltr'><strong>Α“.</strong></span> <span class='ocrx_word' id='word_1_665' title='bbox 2287 4419 2681 4478; x_wconf 83' lang='grc' dir='ltr'>Ἀλλάσσουσιν</span> <span class='ocrx_word' id='word_1_666' title='bbox 2715 4424 2766 4478; x_wconf 76' lang='grc' dir='ltr'>οἱ</span> <span class='ocrx_word' id='word_1_667' title='bbox 2799 4421 3056 4481; x_wconf 84' lang='grc' dir='ltr'>δεσπόται</span> <span class='ocrx_word' id='word_1_668' title='bbox 3087 4427 3154 4481; x_wconf 73' lang='grc' dir='ltr'><strong>τά</strong></span> <span class='ocrx_word' id='word_1_669' title='bbox 3203 4421 3504 4499; x_wconf 76' lang='grc' dir='ltr'>διὸητήσια</span> <span class='ocrx_word' id='word_1_670' title='bbox 3532 4427 3622 4484; x_wconf 86' lang='grc' dir='ltr'><strong>καὶ</strong></span> <span class='ocrx_word' id='word_1_671' title='bbox 3652 4429 3749 4492; x_wconf 76' lang='grc' dir='ltr'><strong>τὰς</strong></span> 
     </span>
    </p>
   </div>
   <div class='ocr_carea' id='block_1_92' title="bbox 2096 4508 3757 4590">
    <p class='ocr_par' dir='ltr' id='par_1_92' title="bbox 2096 4508 3757 4590">
     <span class='ocr_line' id='line_1_93' title="bbox 2096 4508 3757 4590; baseline 0.004 -25"><span class='ocrx_word' id='word_1_672' title='bbox 2096 4510 2302 4566; x_wconf 92' lang='grc' dir='ltr'>τούτων</span> <span class='ocrx_word' id='word_1_673' title='bbox 2333 4508 2626 4588; x_wconf 81' lang='grc' dir='ltr'>χλαμύδας</span> <span class='ocrx_word' id='word_1_674' title='bbox 2657 4513 2741 4568; x_wconf 74' lang='grc' dir='ltr'>κθὲ</span> <span class='ocrx_word' id='word_1_675' title='bbox 2789 4515 2855 4569; x_wconf 66' lang='grc' dir='ltr'>τὰ</span> <span class='ocrx_word' id='word_1_676' title='bbox 2902 4513 3188 4590; x_wconf 82' lang='grc' dir='ltr'>στέμματα</span> <span class='ocrx_word' id='word_1_677' title='bbox 3217 4514 3418 4585; x_wconf 88' lang='grc' dir='ltr'>αὐτῶν,</span> <span class='ocrx_word' id='word_1_678' title='bbox 3476 4519 3569 4574; x_wconf 85' lang='grc' dir='ltr'><strong>καὶ</strong></span> <span class='ocrx_word' id='word_1_679' title='bbox 3620 4519 3757 4573; x_wconf 68' lang='grc' dir='ltr'>καθ.</span> 
     </span>
    </p>
   </div>
   <div class='ocr_carea' id='block_1_93' title="bbox 2099 4598 3755 4677">
    <p class='ocr_par' dir='ltr' id='par_1_93' title="bbox 2099 4598 3755 4677">
     <span class='ocr_line' id='line_1_94' title="bbox 2099 4598 3755 4677; baseline 0.005 -21"><span class='ocrx_word' id='word_1_680' title='bbox 2099 4598 2308 4670; x_wconf 78' lang='grc' dir='ltr'>έζονται</span> <span class='ocrx_word' id='word_1_681' title='bbox 2367 4601 2442 4663; x_wconf 84' lang='grc' dir='ltr'>εἷς</span> <span class='ocrx_word' id='word_1_682' title='bbox 2505 4601 2569 4671; x_wconf 78' lang='grc' dir='ltr'>τὸ</span> <span class='ocrx_word' id='word_1_683' title='bbox 2627 4603 2829 4673; x_wconf 76' lang='grc' dir='ltr'>σὲνζον·</span> <span class='ocrx_word' id='word_1_684' title='bbox 2887 4604 2915 4659; x_wconf 89' lang='grc' dir='ltr'>ὁ</span> <span class='ocrx_word' id='word_1_685' title='bbox 2972 4600 3029 4660; x_wconf 69' lang='grc' dir='ltr'>δὲ</span> <span class='ocrx_word' id='word_1_686' title='bbox 3082 4613 3183 4676; x_wconf 78' lang='grc' dir='ltr'><strong>τῆς</strong></span> <span class='ocrx_word' id='word_1_687' title='bbox 3241 4608 3621 4670; x_wconf 79' lang='grc' dir='ltr'>καταστάσεως</span> <span class='ocrx_word' id='word_1_688' title='bbox 3652 4602 3755 4677; x_wconf 76' lang='grc' dir='ltr'><strong>ἔξω</strong></span> 
     </span>
    </p>
   </div>
   <div class='ocr_carea' id='block_1_94' title="bbox 2095 4689 3754 4770">
    <p class='ocr_par' dir='ltr' id='par_1_94' title="bbox 2095 4689 3754 4770">
     <span class='ocr_line' id='line_1_95' title="bbox 2095 4689 3754 4770; baseline 0.004 -24"><span class='ocrx_word' id='word_1_689' title='bbox 2095 4692 2268 4754; x_wconf 64' lang='grc' dir='ltr'>ὶστὼς</span> <span class='ocrx_word' id='word_1_690' title='bbox 2311 4691 2610 4762; x_wconf 84' lang='grc' dir='ltr'>εὐτρεπίζει</span> <span class='ocrx_word' id='word_1_691' title='bbox 2657 4691 2724 4748; x_wconf 74' lang='grc' dir='ltr'>τὰ</span> <span class='ocrx_word' id='word_1_692' title='bbox 2778 4692 2947 4769; x_wconf 84' lang='grc' dir='ltr'>βῆλα,</span> <span class='ocrx_word' id='word_1_693' title='bbox 2999 4693 3074 4756; x_wconf 82' lang='grc' dir='ltr'>ὡς</span> <span class='ocrx_word' id='word_1_694' title='bbox 3121 4689 3239 4770; x_wconf 70' lang='grc' dir='ltr'>ἔχει</span> <span class='ocrx_word' id='word_1_695' title='bbox 3266 4698 3301 4766; x_wconf 80' lang='grc' dir='ltr'>ἡ</span> <span class='ocrx_word' id='word_1_696' title='bbox 3335 4698 3614 4768; x_wconf 67' lang='grc' dir='ltr'>συνήθεια,</span> <span class='ocrx_word' id='word_1_697' title='bbox 3659 4697 3754 4752; x_wconf 77' lang='grc' dir='ltr'><strong>καὶ</strong></span> 
     </span>
    </p>
   </div>
   <div class='ocr_carea' id='block_1_95' title="bbox 2097 4779 3754 4862">
    <p class='ocr_par' dir='ltr' id='par_1_95' title="bbox 2097 4779 3754 4862">
     <span class='ocr_line' id='line_1_96' title="bbox 2097 4779 3754 4862; baseline 0.001 -24"><span class='ocrx_word' id='word_1_698' title='bbox 2097 4779 2339 4838; x_wconf 86' lang='grc' dir='ltr'>νεύουσιν</span> <span class='ocrx_word' id='word_1_699' title='bbox 2383 4782 2433 4834; x_wconf 82' lang='grc' dir='ltr'>σ⁶ι</span> <span class='ocrx_word' id='word_1_700' title='bbox 2482 4779 2736 4837; x_wconf 86' lang='grc' dir='ltr'>δεσπόται</span> <span class='ocrx_word' id='word_1_701' title='bbox 2777 4783 2857 4854; x_wconf 81' lang='grc' dir='ltr'><strong>τῷ</strong></span> <span class='ocrx_word' id='word_1_702' title='bbox 2904 4783 3273 4859; x_wconf 84' lang='grc' dir='ltr'>πραιποσίτῳ,</span> <span class='ocrx_word' id='word_1_703' title='bbox 3325 4785 3417 4840; x_wconf 78' lang='grc' dir='ltr'><strong>καὶ</strong></span> <span class='ocrx_word' id='word_1_704' title='bbox 3470 4785 3754 4862; x_wconf 73' lang='grc' dir='ltr'>ἐξερχεται</span> 
     </span>
    </p>
   </div>
   <div class='ocr_carea' id='block_1_96' title="bbox 2099 4868 3759 4951">
    <p class='ocr_par' dir='ltr' id='par_1_96' title="bbox 2099 4868 3759 4951">
     <span class='ocr_line' id='line_1_97' title="bbox 2099 4868 3759 4951; baseline 0.003 -27"><span class='ocrx_word' id='word_1_705' title='bbox 2099 4872 2235 4945; x_wconf 84' lang='grc' dir='ltr'>μετα</span> <span class='ocrx_word' id='word_1_706' title='bbox 2281 4868 2571 4944; x_wconf 83' lang='grc' dir='ltr'>όστιαρίων</span> <span class='ocrx_word' id='word_1_707' title='bbox 2630 4870 2720 4924; x_wconf 87' lang='grc' dir='ltr'>καὶ</span> <span class='ocrx_word' id='word_1_708' title='bbox 2771 4870 3027 4947; x_wconf 85' lang='grc' dir='ltr'>βεργίων,</span> <span class='ocrx_word' id='word_1_709' title='bbox 3078 4872 3168 4927; x_wconf 82' lang='grc' dir='ltr'><strong>καὶ</strong></span> <span class='ocrx_word' id='word_1_710' title='bbox 3222 4874 3618 4948; x_wconf 79' lang='grc' dir='ltr'>προσκαλεῖται</span> <span class='ocrx_word' id='word_1_711' title='bbox 3654 4875 3759 4951; x_wconf 79' lang='grc' dir='ltr'><strong>βῆ-</strong></span> 
     </span>
    </p>
   </div>
   <div class='ocr_carea' id='block_1_97' title="bbox 2096 4957 3752 5037">
    <p class='ocr_par' dir='ltr' id='par_1_97' title="bbox 2096 4957 3752 5037">
     <span class='ocr_line' id='line_1_98' title="bbox 2096 4957 3752 5037; baseline 0.001 -22"><span class='ocrx_word' id='word_1_712' title='bbox 2096 4959 2167 5015; x_wconf 88' lang='grc' dir='ltr'><strong>λα</strong></span> <span class='ocrx_word' id='word_1_713' title='bbox 2225 4961 2290 5026; x_wconf 81' lang='grc' dir='ltr'>α’,</span> <span class='ocrx_word' id='word_1_714' title='bbox 2345 4961 2450 5014; x_wconf 87' lang='grc' dir='ltr'><strong>τῶν</strong></span> <span class='ocrx_word' id='word_1_715' title='bbox 2513 4957 2844 5035; x_wconf 81' lang='grc' dir='ltr'>μαγίστρων·</span> <span class='ocrx_word' id='word_1_716' title='bbox 2886 4959 2952 5034; x_wconf 83' lang='grc' dir='ltr'><strong>β’,</strong></span> <span class='ocrx_word' id='word_1_717' title='bbox 2984 4960 3111 5024; x_wconf 81' lang='grc' dir='ltr'>τοὺς</span> <span class='ocrx_word' id='word_1_718' title='bbox 3146 4961 3488 5037; x_wconf 80' lang='grc' dir='ltr'>πατρικίους’</span> <span class='ocrx_word' id='word_1_719' title='bbox 3540 4983 3752 5018; x_wconf 81' lang='grc' dir='ltr'>συνεισ-</span> 
     </span>
    </p>
   </div>
   <div class='ocr_carea' id='block_1_98' title="bbox 1703 5133 2393 5196">
    <p class='ocr_par' dir='ltr' id='par_1_98' title="bbox 1703 5133 2393 5196">
     <span class='ocr_line' id='line_1_99' title="bbox 1703 5133 2393 5196; baseline -0.009 -2"><span class='ocrx_word' id='word_1_720' title='bbox 1703 5137 1940 5196; x_wconf 75' lang='lat' dir='ltr'><strong>VARl/E</strong></span> <span class='ocrx_word' id='word_1_721' title='bbox 1979 5133 2393 5194; x_wconf 86' lang='lat' dir='ltr'><strong>LECTlONES.</strong></span> 
     </span>
    </p>
   </div>
   <div class='ocr_carea' id='block_1_99' title="bbox 401 5247 1346 5324">
    <p class='ocr_par' dir='ltr' id='par_1_99' title="bbox 401 5247 1346 5324">
     <span class='ocr_line' id='line_1_100' title="bbox 401 5247 1346 5324; baseline 0.008 -19"><span class='ocrx_word' id='word_1_722' title='bbox 401 5253 447 5288; x_wconf 81' lang='grc'><strong>¹⁹</strong></span> <span class='ocrx_word' id='word_1_723' title='bbox 479 5250 541 5306; x_wconf 77' lang='grc' dir='ltr'>ἐκ</span> <span class='ocrx_word' id='word_1_724' title='bbox 573 5247 745 5320; x_wconf 79' lang='grc' dir='ltr'>δεξιὸν</span> <span class='ocrx_word' id='word_1_725' title='bbox 780 5256 926 5310; x_wconf 88' lang='lat' dir='ltr'><strong>cod..</strong></span> <span class='ocrx_word' id='word_1_726' title='bbox 963 5252 1023 5308; x_wconf 73' lang='grc' dir='ltr'>ἐκ</span> <span class='ocrx_word' id='word_1_727' title='bbox 1060 5250 1245 5324; x_wconf 81' lang='grc' dir='ltr'>δεξιῶν</span> <span class='ocrx_word' id='word_1_728' title='bbox 1279 5255 1346 5313; x_wconf 78' lang='grc' dir='ltr'><strong>Η.</strong></span> 
     </span>
    </p>
   </div>
   <div class='ocr_carea' id='block_1_100' title="bbox 1393 5395 2688 5464">
    <p class='ocr_par' dir='ltr' id='par_1_100' title="bbox 1393 5395 2688 5464">
     <span class='ocr_line' id='line_1_101' title="bbox 1393 5395 2688 5464; baseline -0.007 -1"><span class='ocrx_word' id='word_1_729' title='bbox 1393 5406 1593 5463; x_wconf 83' lang='lat' dir='ltr'><strong>JOAN.</strong></span> <span class='ocrx_word' id='word_1_730' title='bbox 1617 5405 1760 5464; x_wconf 85' lang='lat' dir='ltr'><strong>JAC.</strong></span> <span class='ocrx_word' id='word_1_731' title='bbox 1804 5403 2066 5461; x_wconf 84' lang='lat' dir='ltr'><strong>REISKII</strong></span> <span class='ocrx_word' id='word_1_732' title='bbox 2094 5395 2688 5458; x_wconf 79' lang='lat' dir='ltr'><strong>COMMENTARIUS.</strong></span> 
     </span>
    </p>
   </div>
   <div class='ocr_carea' id='block_1_101' title="bbox 407 5554 1994 5632">
    <p class='ocr_par' dir='ltr' id='par_1_101' title="bbox 407 5554 1994 5632">
     <span class='ocr_line' id='line_1_102' title="bbox 407 5554 1994 5632; baseline -0.002 -17"><span class='ocrx_word' id='word_1_733' title='bbox 407 5556 524 5632; x_wconf 9' lang='lat'><strong>(447)</strong></span> <span class='ocrx_word' id='word_1_734' title='bbox 561 5554 931 5632; x_wconf 31' lang='lat' dir='ltr'><strong>Nobilissim‘o</strong></span> <span class='ocrx_word' id='word_1_735' title='bbox 965 5556 1264 5632; x_wconf 83' lang='lat' dir='ltr'><strong>proprium</strong></span> <span class='ocrx_word' id='word_1_736' title='bbox 1292 5559 1397 5632; x_wconf 77' lang='lat' dir='ltr'><strong>hoc</strong></span> <span class='ocrx_word' id='word_1_737' title='bbox 1425 5563 1548 5616; x_wconf 86' lang='lat' dir='ltr'><strong>erat</strong></span> <span class='ocrx_word' id='word_1_738' title='bbox 1578 5558 1994 5632; x_wconf 82' lang='lat' dir='ltr'><strong>epitheto_n,it-</strong></span> 
     </span>
    </p>
   </div>
   <div class='ocr_carea' id='block_1_102' title="bbox 339 5627 1987 5704">
    <p class='ocr_par' dir='ltr' id='par_1_102' title="bbox 339 5627 1987 5704">
     <span class='ocr_line' id='line_1_103' title="bbox 339 5627 1987 5704; baseline 0.001 -22"><span class='ocrx_word' id='word_1_739' title='bbox 339 5627 724 5704; x_wconf 53' lang='lat' dir='ltr'><strong>turpissimus,</strong></span> <span class='ocrx_word' id='word_1_740' title='bbox 761 5633 826 5684; x_wconf 89' lang='lat' dir='ltr'><strong>ut</strong></span> <span class='ocrx_word' id='word_1_741' title='bbox 872 5627 1090 5704; x_wconf 67' lang='lat' dir='ltr'><strong>Caesari</strong></span> <span class='ocrx_word' id='word_1_742' title='bbox 1136 5627 1548 5704; x_wconf 76' lang='grc' dir='ltr'>εὐτυχέστατος,</span> <span class='ocrx_word' id='word_1_743' title='bbox 1606 5627 1987 5702; x_wconf 71' lang='lat' dir='ltr'><strong>felicissimus.</strong></span> 
     </span>
    </p>
   </div>
   <div class='ocr_carea' id='block_1_103' title="bbox 337 5699 1878 5773">
    <p class='ocr_par' dir='ltr' id='par_1_103' title="bbox 337 5699 1878 5773">
     <span class='ocr_line' id='line_1_104' title="bbox 337 5699 1878 5773; baseline 0.002 -19"><span class='ocrx_word' id='word_1_744' title='bbox 337 5699 463 5773; x_wconf 10' lang='lat' dir='ltr'><strong>Vidi.</strong></span> <span class='ocrx_word' id='word_1_745' title='bbox 498 5700 843 5773; x_wconf 66' lang='lat' dir='ltr'><strong>Theophan,</strong></span> <span class='ocrx_word' id='word_1_746' title='bbox 877 5719 930 5773; x_wconf 90' lang='lat' dir='ltr'><strong>p.</strong></span> <span class='ocrx_word' id='word_1_747' title='bbox 969 5701 1039 5756; x_wconf 85' lang='grc'><strong>46</strong></span> <span class='ocrx_word' id='word_1_748' title='bbox 1068 5699 1324 5773; x_wconf 77' lang='lat' dir='ltr'><strong>et_Goar.</strong></span> <span class='ocrx_word' id='word_1_749' title='bbox 1358 5705 1430 5758; x_wconf 91' lang='lat' dir='ltr'><strong>ad</strong></span> <span class='ocrx_word' id='word_1_750' title='bbox 1464 5699 1630 5760; x_wconf 82' lang='lat' dir='ltr'><strong>illum</strong></span> <span class='ocrx_word' id='word_1_751' title='bbox 1666 5705 1878 5760; x_wconf 86' lang='lat' dir='ltr'><strong>locum.</strong></span> 
     </span>
    </p>
   </div>
   <div class='ocr_carea' id='block_1_104' title="bbox 407 5770 1992 5848">
    <p class='ocr_par' dir='ltr' id='par_1_104' title="bbox 407 5770 1992 5848">
     <span class='ocr_line' id='line_1_105' title="bbox 407 5770 1992 5848; baseline 0.001 -22"><span class='ocrx_word' id='word_1_752' title='bbox 407 5772 522 5844; x_wconf 76' lang='grc'><strong>(45)</strong></span> <span class='ocrx_word' id='word_1_753' title='bbox 582 5770 810 5829; x_wconf 77' lang='lat' dir='ltr'><strong>Putem~</strong></span> <span class='ocrx_word' id='word_1_754' title='bbox 846 5770 1026 5829; x_wconf 75' lang='lat' dir='ltr'><strong>verba</strong></span> <span class='ocrx_word' id='word_1_755' title='bbox 1093 5770 1171 5835; x_wconf 77' lang='grc' dir='ltr'>εἰς</span> <span class='ocrx_word' id='word_1_756' title='bbox 1197 5773 1298 5842; x_wconf 78' lang='grc' dir='ltr'><strong>τὴν</strong></span> <span class='ocrx_word' id='word_1_757' title='bbox 1331 5773 1544 5848; x_wconf 80' lang='grc' dir='ltr'>ἀγάπην</span> <span class='ocrx_word' id='word_1_758' title='bbox 1599 5775 1690 5831; x_wconf 85' lang='lat' dir='ltr'><strong>hic</strong></span> <span class='ocrx_word' id='word_1_759' title='bbox 1739 5775 1992 5830; x_wconf 76' lang='lat' dir='ltr'><strong>delenda</strong></span> 
     </span>
    </p>
   </div>
   <div class='ocr_carea' id='block_1_105' title="bbox 2101 5551 3763 5626">
    <p class='ocr_par' dir='ltr' id='par_1_105' title="bbox 2101 5551 3763 5626">
     <span class='ocr_line' id='line_1_106' title="bbox 2101 5551 3763 5626; baseline -0.001 -15"><span class='ocrx_word' id='word_1_760' title='bbox 2101 5569 2251 5612; x_wconf 84' lang='lat' dir='ltr'><strong>esse.</strong></span> <span class='ocrx_word' id='word_1_761' title='bbox 2285 5553 2615 5626; x_wconf 82' lang='lat' dir='ltr'><strong>Recurrunt</strong></span> <span class='ocrx_word' id='word_1_762' title='bbox 2644 5551 2802 5606; x_wconf 90' lang='lat' dir='ltr'><strong>enim</strong></span> <span class='ocrx_word' id='word_1_763' title='bbox 2824 5551 3096 5626; x_wconf 85' lang='lat' dir='ltr'><strong>protinus</strong></span> <span class='ocrx_word' id='word_1_764' title='bbox 3117 5553 3244 5610; x_wconf 90' lang='lat' dir='ltr'><strong>loco</strong></span> <span class='ocrx_word' id='word_1_765' title='bbox 3267 5571 3400 5617; x_wconf 85' lang='lat' dir='ltr'><strong>suo.</strong></span> <span class='ocrx_word' id='word_1_766' title='bbox 3423 5555 3560 5613; x_wconf 85' lang='lat' dir='ltr'><strong>etin</strong></span> <span class='ocrx_word' id='word_1_767' title='bbox 3579 5569 3763 5626; x_wconf 70' lang='lat' dir='ltr'><strong>agape</strong></span> 
     </span>
    </p>
   </div>
   <div class='ocr_carea' id='block_1_106' title="bbox 2099 5624 3761 5701">
    <p class='ocr_par' dir='ltr' id='par_1_106' title="bbox 2099 5624 3761 5701">
     <span class='ocr_line' id='line_1_107' title="bbox 2099 5624 3761 5701; baseline -0.001 -18"><span class='ocrx_word' id='word_1_768' title='bbox 2099 5644 2218 5701; x_wconf 73' lang='lat' dir='ltr'><strong>seu</strong></span> <span class='ocrx_word' id='word_1_769' title='bbox 2235 5624 2438 5682; x_wconf 88' lang='lat' dir='ltr'><strong>osculo</strong></span> <span class='ocrx_word' id='word_1_770' title='bbox 2469 5625 2653 5695; x_wconf 87' lang='lat' dir='ltr'><strong>pacis,</strong></span> <span class='ocrx_word' id='word_1_771' title='bbox 2684 5624 2841 5701; x_wconf 80' lang='lat' dir='ltr'><strong>quod</strong></span> <span class='ocrx_word' id='word_1_772' title='bbox 2864 5627 3343 5684; x_wconf 87' lang='lat' dir='ltr'><strong>communionem</strong></span> <span class='ocrx_word' id='word_1_773' title='bbox 3367 5624 3761 5701; x_wconf 64' lang='lat' dir='ltr'><strong>precedebat,</strong></span> 
     </span>
    </p>
   </div>
   <div class='ocr_carea' id='block_1_107' title="bbox 2101 5696 2803 5755">
    <p class='ocr_par' dir='ltr' id='par_1_107' title="bbox 2101 5696 2803 5755">
     <span class='ocr_line' id='line_1_108' title="bbox 2101 5696 2803 5755; baseline -0.004 -1"><span class='ocrx_word' id='word_1_774' title='bbox 2101 5698 2262 5755; x_wconf 85' lang='lat' dir='ltr'><strong>nulla</strong></span> <span class='ocrx_word' id='word_1_775' title='bbox 2289 5702 2414 5753; x_wconf 88' lang='lat' dir='ltr'><strong>erat</strong></span> <span class='ocrx_word' id='word_1_776' title='bbox 2445 5696 2803 5752; x_wconf 89' lang='lat' dir='ltr'><strong>communio.</strong></span> 
     </span>
    </p>
   </div>
  </div>
