4158 6374
387 367 502 428 487

1497 341 2032 411 CONSTANTINI
2077 339 2771 406 PORPHYROGENITI

3680 335 3805 395 488

385 499 527 555 laria
556 496 681 564 ipse
736 511 769 549 a
826 489 1155 547 demarcbis
1211 485 1444 558 accipit,
1478 483 1536 538 hi
1588 479 1929 545 acclamant,
1966 479 2027 532 ut

2144 475 2434 547 σκουτάρια
2461 478 2560 528 τοῦ
2591 472 2828 546 ἀριθμοῦ
2875 467 2970 523 καὶ
3000 463 3311 540 κούρσωρες
3347 465 3440 520 καὶ
3480 464 3533 519 οἱ
3591 461 3802 520 διαιτά-

382 585 644 659 patriciis
676 597 911 654 quoque
939 576 1374 635 solent.Deinde
1399 589 1500 646 per
1533 572 1766 644 cbytum
1801 568 2026 659 cbalces

385 657 455 731 ad
489 673 768 730 Sanctum
801 672 1051 726 Puteum
1083 665 1403 734 descendit,
1435 668 1492 719 et
1520 677 1717 718 cereos
1743 657 2028 723 accendit,

382 761 710 833 patriarcha
743 757 1022 830 procedit,
1056 772 1254 811 sacras
1287 769 1484 826 preces
1524 750 1726 806 recitat
1775 752 1831 803 et
1861 761 2028 802 com-

383 851 722 907 munionem
767 847 1048 918 impertit,
1093 845 1216 916 ipse
1265 845 1504 898 domum
1545 840 1689 907 abit,
1736 837 1807 892 ab
1839 835 1932 890 bis
1964 850 2028 889 ac

383 939 614 996 duobus
661 934 1018 1001 silentiariis,
1070 933 1171 1004 qui
1221 948 1322 1004 per
1370 937 1486 987 tres
1536 930 1660 984 dies
1697 927 1891 998 virgas
1921 923 2028 996 ipsi

385 1029 721 1100 praeierunt,
755 1027 1006 1097 stipatus
1033 1035 1355 1094 sagumque
1388 1033 1741 1090 purpureum
1772 1019 2026 1087 gestans.

384 1119 486 1174 His
518 1119 690 1173 etiam
724 1115 1052 1180 comitibus,
1089 1113 1230 1166 dum
1254 1110 1496 1176 recedit,
1533 1109 1737 1162 utitur.

2139 584 2248 640 ριοι
2276 568 2383 618 τῶν
2414 563 2560 618 ὅλων
2586 559 2807 616 διαιτῶν
2839 556 2930 612 καὶ
2973 557 3024 611 οἱ
3057 553 3272 610 δεκανοὶ
3312 551 3403 608 διὰ
3430 559 3538 609 τῶν
3577 551 3806 630 σχολῶν

2138 639 2395 728 Δέχονται
2439 652 2507 707 τὰ
2562 651 2700 724 μέρη
2766 649 2842 709 εἷς
2881 646 3011 707 τοὺς
3059 644 3262 706 τόπους
3313 642 3514 712 αὐτῶν,
3567 639 3794 718 λοιμὸά-

2139 763 2216 797 νει
2273 745 2386 814 (53)
2435 743 2520 796 καὶ
2587 735 2910 811 λιὸελλάριν
2962 735 3108 810 παρά
3162 739 3268 789 τῶν
3327 731 3660 812 δημάρχων,
3710 733 3806 788 καί

2140 830 2559 906 ἂκτολογοῦσιν,
2589 829 2662 891 ὡς
2701 822 2819 902 ἔχει
2858 829 2893 895 ἡ
2939 827 3196 895 συνήθεια
3248 822 3337 878 καὶ
3386 821 3474 877 ἐπὶ
3522 829 3631 878 τῶν
3686 845 3805 878 πα-

2137 921 2386 994 τρικίων,
2422 921 2517 975 Καὶ
2571 918 2876 991 εἰσέρχεται
2922 911 3013 968 διὰ
3049 917 3146 968 τοῦ
3203 916 3380 988 χυτοῦ
3437 915 3537 976 τῆς
3579 911 3805 986 χαλκῆς

2141 1009 2215 1070 εἷς
2247 1009 2307 1063 τὸ
2337 1008 2492 1082 ἅγιον
2547 1006 2714 1082 φρέαρ
2747 1006 2883 1077 (54),
2915 1003 3004 1056 καὶ
3051 1003 3205 1058 ἅπτει
3255 999 3479 1075 κηροὺς,
3513 1001 3601 1055 καὶ
3648 999 3807 1075 ἐξέρ-

2138 1118 2299 1173 χεται
2339 1099 2366 1152 6
2406 1096 2758 1172 πατριάρχης
2815 1093 2905 1148 καὶ
2945 1096 3094 1146 ποιεῖ
3140 1090 3337 1164 εύχὴν,
3394 1090 3483 1144 καὶ
3523 1095 3804 1160 κοινωνεῖ,

387 1207 477 1261 καὶ
548 1206 870 1280 ὑποστρέφει
916 1201 994 1264 εἷς
1047 1201 1138 1254 τὸν
1190 1199 1344 1254 οἷκον
1403 1198 1591 1268 αὐτοῦ,
1625 1193 2016 1268 ὀψικευόμενος
2081 1188 2183 1243 ὑπό
2241 1191 2347 1242 τῶν
2413 1187 2611 1254 αὐτῶν,
2643 1185 2730 1239 καὶ
2793 1182 2888 1238 δύο
2943 1180 3296 1254 σιλεντιάριοι
3506 1180 3812 1255 βαστάζον-

387 1315 475 1356 τες
534 1294 599 1348 τὰ
661 1269 853 1368 βεργιία
901 1289 1076 1344 αὐτῶν
1141 1290 1308 1364 μέχρι
1372 1290 1539 1361 τριῶν
1589 1286 1832 1359 ἡμερῶν,
1889 1283 2182 1358 φεροῦντος
2239 1276 2408 1331 αὐτοῦ
2478 1275 2664 1348 σαγίον
2725 1271 3027 1343 ἀληθινόν’
3091 1269 3266 1332 οὕτως
3316 1269 3807 1345 προέρχεται

386 1385 776 1460 ὀψικευόμενος
803 1380 1013 1454 ὁμοίιος
1046 1379 1135 1434 καί
1179 1378 1256 1440 εἰς
1286 1379 1384 1446 τὴν
1428 1376 1779 1450 ἀναχώρησιν
1813 1372 1978 1426 αὐτοῦ
2016 1370 2113 1425 η’.

778 1475 849 1528 De
886 1473 1234 1544 promotioue
1263 1469 1636 1538 Curopalata’.

455 1563 793 1621 Notandum
827 1566 936 1630 est,
971 1560 1030 1616 in
1083 1557 1439 1632 promotione
1469 1554 1817 1628 curopalatm
1846 1551 2030 1608 silen-

385 1656 532 1711 tium
569 1671 682 1710 non
717 1653 879 1714 fieri;
921 1651 1019 1708 sed
1064 1651 1377 1721 imperator
1415 1649 1475 1703 in
1510 1646 1732 1718 privato
1762 1642 2029 1699 cubiculo

381 1745 755 1802 candidatum
815 1742 1122 1816 dignitatis
1170 1741 1521 1812 curopalataa
1581 1735 1816 1806 excipit,
1874 1733 2029 1788 130

376 1838 723 1910 virgamque
771 1836 843 1890 ab
916 1850 1032 1890 uno
1085 1829 1596 1904 imperatoriorum
1653 1827 2025 1882 ostiariorum

382 1931 682 1996 sumptam
716 1925 765 1982 ci
797 1923 998 1980 tradit.
1031 1923 1223 1993 Atque
1253 1920 1335 1975 ita
1360 1919 1552 1991 ipsius
1584 1914 1870 1988 promotio
1900 1930 2031 1986 per-

384 2015 597 2087 agitur.

975 2099 1212 2156 CAPUT
1250 2098 1447 2155 XLVI.

391 2192 736 2251 Observanda
763 2193 820 2246 in
833 2193 1171 2262 promotione
1189 2190 1466 2262 Magistri,
1483 2187 1533 2242 si
1551 2183 2032 2262 imperatoriubcl,

563 2275 625 2320 ut
657 2267 716 2318 in
742 2259 997 2335 processu
1035 2262 1248 2330 Magnae
1277 2259 1519 2316 ecclesia
1540 2260 1886 2314 instituatur.

460 2429 502 2484 Ι.
538 2429 862 2496 Imperator
891 2429 1210 2482 coronatus
1237 2440 1303 2479 ac
1333 2422 1640 2494 chlamyde
1670 2421 1935 2483 indutus,
1967 2433 2034 2473 ex

385 2522 672 2588 augusteo
705 2515 982 2587 procedit,
1017 2528 1073 2570 et
1101 2520 1161 2568 in
1201 2527 1378 2568 aurea
1408 2527 1584 2566 manu
1617 2509 1686 2564 ad
1719 2508 1910 2563 velum
1947 2504 2034 2576 pi-

385 2607 570 2663 cturis
592 2606 782 2660 avium
802 2612 1068 2658 ornatum
1093 2600 1364 2657 subsistit
1387 2617 1400 2655 :
1423 2598 1768 2670 praepositus
1790 2594 2031 2650 ostiario

383 2695 580 2751 velum
615 2693 924 2748 marmorei
959 2691 1188 2763 pulpiti,
1222 2689 1377 2760 quod
1419 2691 1477 2742 in
1509 2685 1866 2757 onopodium
1897 2699 2030 2755 pro-

383 2783 661 2848 tenditur,
695 2781 913 2837 tenenti
945 2781 1175 2836 annuit.
1219 2779 1286 2834 Hi
1320 2777 1486 2850 signo
1531 2777 1690 2840 dato,
1732 2774 2029 2847 patricios,

386 2877 452 2927 ut
481 2872 644 2927 festis
686 2869 892 2925 diebus
951 2869 1313 2924 consuetudo
1365 2871 1475 2936 est,
1534 2865 1858 2931 adducunt,
1895 2877 2030 2917 cum

383 2960 598 3032 quibus
628 2959 702 3027 is,
733 2959 832 3030 qui
866 2958 1133 3030 magistri
1165 2957 1445 3029 dignitate
1471 2955 1771 3010 ornandus
1797 2957 2032 3018 est,una

383 3049 736 3120 ingreditur,
767 3052 824 3103 et
853 3048 910 3102 in
943 3049 1252 3118 angiportu
1303 3062 1486 3101 aureae
1527 3060 1762 3108 manus,
1793 3042 1892 3097 ubi
1925 3042 2028 3096 do-

383 3137 530 3194 mini
562 3143 740 3204 stant,
774 3152 979 3192 omnes
1019 3135 1351 3207 procidunt.
1387 3134 1702 3205 Postquam
1735 3147 1866 3187 vero
1898 3146 2031 3186 sur-

383 3244 598 3292 rexere,
632 3226 855 3282 domini
888 3226 1197 3297 praeposito
1227 3229 1516 3291 annuunt,
1547 3223 1597 3278 is
1632 3239 1644 3278 :
1679 3245 1708 3272 «
1739 3221 1968 3286 Jubete,
1995 3242 2025 3271 »

382 3320 620 3384 dicit,et
650 3318 734 3373 sic
763 3318 824 3372 in
851 3317 1128 3388 obsequio
1145 3317 1520 3371 dominorum
1544 3315 1615 3369 ad
1647 3313 2023 3384 onepodium,

379 3409 477 3464 ubi
512 3405 957 3463 cerimoniarius
1010 3412 1068 3460 et
1107 3421 1271 3460 arma
1315 3410 1374 3461 et
1410 3403 1695 3475 spatbarii
1725 3419 1831 3458 sua
1861 3419 2027 3458 arma

377 3501 674 3570 gestantes
705 3496 938 3560 adsunt,
993 3495 1318 3566 procedunt
1350 3493 1598 3566 patricii,
1645 3509 1745 3564 pro
1779 3509 1936 3548 more
1962 3507 2024 3548 se

376 3586 1126 3658 prosternunt,prtepositus
1154 3600 1287 3640 vero
1311 3583 1718 3639 ccrimoniario
1739 3598 2022 3648 annuens,

377 3675 565 3731 dicit:
601 3697 629 3725 ‹‹
671 3675 894 3730 Jubete.
933 3695 959 3727 ι
1014 3673 1243 3728 Patricii
1301 3673 1568 3728 dominos
1614 3672 1684 3728 ad
1740 3687 2023 3744 magnum

377 3781 565 3837 usque
595 3764 1030 3830 consistorium,
1067 3763 1164 3818 ubi
1215 3765 1482 3818 consules
1512 3779 1577 3818 ac
1623 3761 1830 3834 reliqui
1857 3779 2023 3818 sena-

374 3861 533 3911 tores
554 3855 788 3917 adsunt,
811 3854 956 3909 ltetis
978 3852 1249 3908 omnibus
1277 3861 1731 3924 prosequuntur,
1756 3867 1822 3908 ac
1845 3851 2027 3908 domi-

375 3944 468 4000 nis
499 3947 559 3999 in
591 3943 808 3998 ciborio
841 3959 1016 4014 super
1048 3941 1447 4013 porphyretica
1478 3941 1637 3997 scala
1663 3940 2022 4010 constitutis,

373 4036 677 4089 senatores
708 4047 912 4086 omnes
946 4030 1358 4102 procumbunt.

2467 1455 2598 1528 Περὶ
2629 1459 2971 1529 προαγωγῆς
3002 1449 3457 1526 Κουροπαλάτου.

2213 1547 2336 1621 Χρὴ
2399 1542 2619 1614 εἰδέναι,
2671 1545 2778 1612 ὅτι,
2863 1542 3151 1617 γινομένου
3245 1539 3684 1614 κουροπαλάτου,
3739 1543 3804 1599 ού

2139 1637 2346 1709 γίνεται
2414 1632 2680 1688 σιλὲντιον
2755 1636 2884 1706 (57),
2938 1629 3062 1686 ἀλλ’
3119 1632 3148 1686 6
3201 1629 3453 1705 βασιλεὺς
3504 1627 3806 1705 λαμϐάνων

2140 1723 2192 1778 ἐν
2223 1729 2303 1796 τῶ
2361 1721 2483 1796 ἰδίῳ
2538 1723 2630 1777 τὸν
2691 1722 2970 1796 μέλλοντα
3025 1722 3271 1796 γενέσθαι
3355 1719 3804 1796 κουροπαλάτην,

2141 1811 2350 1888 ἒπαίρει
2395 1813 2616 1887 βεργίον
2686 1811 2738 1881 ἐξ
2807 1812 2925 1873 ἐνὸς
2968 1815 3078 1866 τῶν
3131 1807 3433 1886 βασιλικῶν
3485 1809 3802 1881 ὀστιαρίων,

2060 1902 2107 1967 Β
2138 1905 2226 1960 καὶ
2279 1899 2594 1958 ἐπιδίδωσιν
2655 1901 2828 1974 αὐτῷ,
2877 1901 2967 1956 καὶ
3004 1901 3210 1976 γίνεται
3257 1902 3290 1970 ἡ
3352 1903 3654 1976 προαγωγή
3698 1901 3802 1957 αύ-

2139 2014 2259 2050 του.

2751 2081 3172 2149 ΚΕΦΑΑ.Μς.

2139 2173 2274 2225 ’Ὀσα
2361 2169 2471 2246 δεῖΔ
2526 2169 2992 2246 παρα-φυλάττειν.
3041 2168 3140 2246 Δἐπὶ
3224 2168 3523 2246 προαγωγῇ
3619 2169 3798 2246 Μαγί-

2213 2262 2399 2317 στρου,
2431 2239 2878 2317 είᾼκελεύει-(ὕϐ)
2937 2239 3094 2317 αύτρν
3159 2239 3394 2317 ίποιῆσαι
3435 2239 3801 2316 ὲνπροκὲνσῳ

2211 2309 2310 2383 τῆς
2343 2311 2611 2390 Μεγάλης
2641 2309 2936 2383 ἐκκλησίας
2970 2313 2997 2366 6
3029 2309 3303 2387 βασιλεύς.

2210 2419 2633 2494 Α’.Ἐξὲρχεται
2702 2419 2730 2473 6
2784 2416 3040 2493 βασιλεὺς
3108 2418 3216 2472 ἀπὸ
3300 2422 3398 2474 τοῦ
3456 2419 3792 2493 αύγουστὲως

2139 2507 2489 2582 ἐστεμμένος,
2551 2513 2733 2587 φορῶν
2802 2511 2900 2575 τήν
2963 2504 3248 2585 χλαμύδα,
3307 2508 3400 2562 καὶ
3445 2505 3651 2562 ’ίσταται
3709 2508 3786 2569 εἰς

2137 2599 2237 2667 τήν
2281 2606 2491 2674 χρυσῆν
2544 2603 2704 2672 χεῖρα
2753 2597 3002 2651 ἀπέναντι
3049 2601 3146 2651 τοῦ
3200 2594 3381 2670 βήλου
3413 2599 3504 2650 τοῦ
3550 2617 3783 2669 ταγηνα-

2142 2689 2284 2762 ρίου,
2317 2688 2407 2742 καὶ
2446 2687 2589 2741 νεύει
2620 2687 2647 2740 6
2689 2686 3049 2761 πραιπόσιτος
3095 2689 3175 2757 τῷ
3226 2685 3490 2760 ὀστιαρίῳ
3534 2689 3610 2755 τῷ
3653 2705 3794 2759 κρα-

2137 2781 2320 2832 τοῦντι
2375 2777 2437 2832 τὸ
2499 2775 2673 2850 βῆλον
2731 2780 2827 2832 τοῦ
2917 2778 3264 2849 μαρμαρινοῦ
3337 2771 3646 2829 πουλπίτου
3695 2779 3796 2830 τοῦ

2138 2864 2504 2940 ἓξερχομένου
2561 2864 2638 2926 εἷς
2725 2864 2786 2919 τὸ
2846 2861 3152 2920 όνοπόδιον.
3189 2863 3287 2918 Καὶ
3347 2862 3474 2918 ὅταν
3528 2858 3672 2938 λάϐῃ
3733 2865 3798 2920 τὸ

2135 2960 2325 3028 νεῦμα,
2386 2955 2658 3030 εἰσάγουσι
2729 2955 2855 3016 τοὺς
2942 2955 3287 3024 πατρικίους,
3343 2955 3526 3016 καθὼς
3583 2951 3701 3028 ἔχει
3761 2956 3797 3024 ἡ

2138 3047 2392 3116 συνήθεια
2452 3049 2560 3099 τῶν
2616 3045 2816 3119 ἑορτῶν
2845 3063 2857 3076 ·
2902 3043 3303 3118 συνεισέρχεται
3364 3039 3420 3097 δὲ
3476 3044 3565 3097 καὶ
3599 3043 3626 3098 6
3663 3043 3797 3117 βου-

2139 3132 2377 3206 λόμενος
2433 3132 2677 3208 γενέσθαι
2729 3132 3050 3208 μάγιστρος.
3099 3131 3189 3186 καὶ
3250 3131 3540 3186 πίπτόυσιν
3599 3129 3676 3194 εἷς
3734 3133 3800 3188 τὸ

2139 3222 2415 3277 στενάκιον
2472 3228 2570 3290 τῆς
2603 3228 2832 3295 ,χρυσῆς
2891 3221 3099 3295 χειρὸς,
3146 3215 3271 3284 ἔνθα
3311 3217 3556 3275 ἵστανται
3610 3221 3662 3274 oi
3709 3217 3801 3276 δε-

2139 3313 2356 3368 σπόται.
2403 3312 2499 3368 Καὶ
2541 3313 2884 3366 ἀναστάντων
2935 3311 3138 3381 αὐτῶν,
3177 3310 3422 3365 νεύουσιν
3492 3311 3544 3364 οἱ
3595 3307 3796 3365 δεσπό-

2132 3409 2334 3477 ταιτῷ
2372 3405 2740 3478 πραιποσίτῳ,
2791 3403 2881 3460 καὶ
2941 3403 3128 3479 λέγει·
3183 3428 3211 3456 ‹‹
3265 3402 3581 3473 Κελεύσατε,
3615 3429 3643 3456 ››
3700 3403 3789 3458 καὶ

2135 3495 2450 3575 ἐξέρχονται
2519 3494 2867 3569 ὀψικεύοντες
2921 3494 3049 3559 τοὺς
3108 3492 3372 3558 δεσπότας
3457 3494 3621 3574 μέχρι
3685 3497 3784 3548 τοῦ

2133 3583 2422 3652 ὀνόποδος,
2456 3584 2579 3640 ἔνθα
2606 3584 2816 3640 ἳσταται
2851 3585 2879 3639 ὁ
2935 3587 3033 3654 τῆς
3087 3585 3465 3647 καταστάσεως
3503 3584 3593 3640 καὶ
3632 3584 3699 3639 τὰ
3742 3583 3789 3619 ³⁸

2135 3672 2349 3752 ἅρματα
2397 3678 2486 3732 καὶ
2545 3677 2597 3731 οἱ
2657 3675 2945 3752 σπαθάριοι
2993 3677 3350 3750 βαστάζοντες
3391 3676 3458 3732 τά
3488 3674 3635 3730 ὅπλα
3692 3674 3793 3730 αύ-

2130 3771 2263 3835 τῶν,
2305 3765 2396 3820 καὶ
2462 3766 2752 3820 πίπτουσιν
2814 3766 2865 3820 οἱ
2923 3765 3078 3820 αὐτοὶ
3137 3767 3411 3841 πατρίκιοι
3448 3766 3583 3820 κατά
3633 3767 3796 3835 συνή.

2134 3865 2302 3921 θειαν,
2351 3851 2442 3908 καὶ
2494 3850 2636 3907 νεύει
2696 3853 2723 3906 ὁ
2785 3853 3148 3926 πραιπόσιτος
3213 3856 3294 3924 τῷ
3364 3859 3463 3922 τῆς
3521 3852 3792 3907 καταστά-

2133 3962 2291 4011 σεως,
2331 3942 2422 3997 καὶ
2481 3940 2660 4016 λέγει⁹
2697 3965 2724 3992 ‹‹
2770 3939 3092 4011 Κελεύσατε,
3129 3963 3152 3994 ο
3203 3941 3292 3996 καὶ
3349 3939 3680 4016 ἐπεύχονται
3741 3941 3797 3994 oi

2131 4030 2432 4105 πατρίκιοι,
2501 4030 2846 4103 ὀψικεύοντες
2911 4029 3039 4092 τοὺς
3106 4026 3370 4094 δεσπότας
3452 4031 3620 4105 μέχρι
3693 4033 3796 4085 τοῦ

385 4119 629 4198 μεγάλου
676 4120 1087 4194 κονσιστωρίου,
1155 4117 1278 4183 ἔνθα
1331 4118 1578 4174 ’ίστανται
1625 4119 1676 4174 οἱ
1744 4117 1940 4175 ὕπατοι
2006 4122 2397 4196 κονσιστώριον
2455 4126 2546 4176 καί
2635 4122 2686 4175 oi
2763 4120 2950 4176 λοιποὶ
3043 4119 3422 4196 συγκλητικοὶ,
3473 4119 3562 4175 καὶ
3638 4121 3800 4176 στάν-

374 4234 481 4268 των
535 4215 640 4267 τῶν
704 4207 976 4266 ’δεσποτῶν
1046 4208 1120 4270 εἷς
1162 4209 1223 4264 τὸ
1281 4204 1542 4285 κιϐώριον
1598 4208 1778 4265 ἐπάνω
1833 4216 1942 4268 τῶν
2000 4217 2296 4290 πορφυρῶν
2362 4209 2707 4287 γραδηλίων,
2768 4211 3058 4268 πίπτουσιν
3128 4213 3180 4267 οἱ
3248 4210 3608 4291 συγκλητικοὶ
3668 4211 3806 4267 πάν⁸

376 4323 486 4366 τες.

1744 4422 1985 4482 νΑΡιΙΕ
2031 4423 2434 4482 LECTIONES.

450 4525 517 4562 ²²⁴¹
543 4523 707 4580 αὐτοῦ
739 4540 855 4582 om.
888 4525 979 4581 ed.
1056 4523 1102 4560 ³⁸
1131 4521 1198 4578 τὰ
1227 4538 1345 4579 om.
1388 4523 1479 4580 ed.

1442 4650 1646 4708 JOAN.
1679 4651 1825 4710 JAC.
1880 4651 2138 4710 REISKII
2171 4647 2762 4709 COMMENTARIUS.

448 4769 564 4844 (53)
599 4771 948 4844 Membrana
978 4769 1146 4844 aliter
1177 4785 1358 4844 quam
1395 4769 1587 4844 editus
1617 4769 1798 4844 codex
1827 4770 2034 4844 distin-
2065 4774 2112 4840 D

376 4841 706 4913 gu'unt.Sed
733 4845 973 4914 praefero
996 4842 1433 4897 distinctionem
1465 4842 1587 4898 acl.
1615 4841 2038 4914 Leicbioiintro-

378 4909 1238 4986 ductam.Distinguuptautem
1257 4914 1777 4986 membranesic...
1794 4913 1861 4986 φὶ
1881 4909 2035 4986 δεκα-

379 4981 466 5058 νοὶ
531 4979 619 5035 διὰ
671 4987 792 5058 ’τῶν
843 4979 1082 5058 ’σχολῶν
1127 4981 1385 5058 δέχονται
1444 4983 1512 5036 τὰ
1563 4984 1725 5056 μέρη.
1763 4984 1857 5046 Εἷς
1906 4983 2034 5047 τοὺς

379 5055 585 5113 τόπους
632 5051 830 5109 αὒτῶν.
891 5050 1821 5126 Xadevet."Utcunque'verses,
1881 5074 2038 5113 sem-

379 5143 483 5199 per
514 5127 674 5181 deest
706 5127 965 5199 aliquid;
999 5130 1144 5183 forte
1172 5126 1380 5199 plura;
1415 5128 1526 5182 vnd.
1577 5144 1632 5197 p.
1672 5129 1771 5183 138
1804 5133 1859 5182 et
1892 5147 2036 5196 pras-

376 5198 636 5272 eipue__p.
674 5198 794 5252 140.
839 5201 917 5272 A_d
973 5198 1279 5254 minimum
1340 5203 1501 5254 deest
1525 5201 1778 5272 verbum
1815 5199 2034 5272 ὀψικεύ-

379 5267 685 5343 ουίσιᾟ-ιιω
713 5277 836 5338 post
853 5267 1234 5343 ἀναχωροῦσιν
1264 5278 1416 5325 recte
1449 5267 2037 5329 collocavitlibrarius

378 5341 439 5397 in
472 5339 668 5414 codice
702 5339 994 5414 punctum
1013 5339 1330 5411 perfectum
1360 5359 1372 5398 :
1399 5371 1424 5383 -
1449 5373 1469 5384 -
1503 5358 1674 5413 usque
1705 5344 1773 5397 ad
1795 5345 2035 5414 regiam,

377 5417 431 5466 et
459 5411 663 5485 abeunt
689 5413 966 5482 deinceps.
1011 5415 1350 5485 Axiomatici
1391 5429 1539 5485 vero,
1579 5411 1667 5470 vel
1711 5411 2033 5472 honorati...

378 5484 722 5539 comitantur
751 5500 874 5538 eum
899 5500 998 5554 per
1025 5484 1263 5539 scholas.

455 5555 570 5622 (54)
602 5554 1083 5626 Ξίυδὶηιοιίιὶεἰιυῐξ
1108 5555 1168 5610 S.
1199 5555 1445 5626 Sophim.

458 5627 571 5699 (55)
603 5625 822 5698 Nempe
858 5625 1256 5699 ὑποστρέφουσι
1282 5625 1408 5697 μετ’
1441 5625 1608 5681 αὐτοῦ
1642 5626 1716 5688 εἷς
1748 5630 1838 5684 τὸν
1885 5629 2036 5684 οἶκον

385 5695 574 5771 αὐτοῦ,
603 5695 769 5771 quod
794 5698 962 5756 facile
991 5695 1452 5772 e'superioribus
1483 5717 1517 5756 a
1548 5703 1846 5758 communi
1880 5718 2036 5776 repe-

2143 4771 2579 4843 tendum._Nam
2612 4777 2763 4843 recte
2795 4769 3134 4843 codex_pos_t
3154 4765 3333 4823 αὐτῶν
3367 4773 3652 4842 punctum
3687 4770 3808 4843 ple-

2147 4859 2288 4897 num
2323 4840 2586 4897 collocat.
2634 4841 2753 4914 Duo_
2793 4839 3121 4908 silentiarii,
3171 4839 3441 4912 gestantes
3487 4839 3809 4914 virgas,'cel

2148 4914 2372 4985 bacillos
2405 4928 2555 4981 suos,
2608 4912 2955 4968 comitantur
2991 4929 3116 4968 eum
3161 4919 3385 4968 domum
3418 4912 3588 4985 usque
3623 4931 3806 4970 suam.

2148 4984 2350 5041 Deinde
2364 4986 2522 5056 gerit
2548 5000 2654 5054 per
2684 4985 2952 5039 triduum
2980 5000 3324 5056 purpureum
3354 4984 3568 5055 sagum.

2220 5057 2330 5126 (56)
2363 5054 2435 5111 Ut
2460 5072 2664 5130 verum
2721 5056 2926 5130 latear,
2980 5054 3091 5111 non
3134 5057 3325 5130 video,
3371 5054 3511 5127 quid
3547 5057 3666 5112 haec
3705 5073 3805 5130 po-

2149 5124 2368 5200 strema
2403 5127 2515 5181 sibi
2546 5126 2730 5183 velint
2767 5143 2779 5181 :
2814 5124 2988 5200 οὕτως
3015 5124 3514 5200 «mitiga-cauete.

2217 5199 2330 5269 (57)
2366 5200 2421 5252 Id
2455 5203 2546 5254 est
2578 5218 2591 5252 :
2628 5213 2731 5268 per
2759 5199 3139 5265 silentiuriOs,
3169 5199 3438 5254 cursores
3470 5207 3526 5254 et
3553 5199 3806 5254 manda-

2147 5276 2305 5326 tores
2356 5286 2470 5325 non
2525 5270 2811 5325 indicitur
2841 5270 2938 5327 illo
2977 5271 3067 5328 vel
3113 5270 3211 5327 illo
3264 5272 3358 5326 die
3387 5271 3806 5327 consistorium

2148 5341 2412 5398 solemne
2447 5344 2590 5396 fore.

2222 5414 2337 5485 (58)
2361 5419 2520 5482 Sicpe
2561 5417 2851 5485 usurpant
2897 5414 3030 5468 novi
3073 5414 3254 5471 Graeci
3311 5413 3415 5486 pro
3445 5414 3599 5482 velle,
3633 5416 3691 5468 et
3721 5415 3813 5471 sic

2150 5486 2455 5558 usurpavit
2488 5501 2725 5557 quoque
2749 5487 2875 5558 jam
2907 5485 3240 5558 Euripides.
3274 5485 3336 5542 Si
3369 5491 3479 5542 vult
3502 5489 3816 5558 imperator

2147 5573 2270 5630 eam
2299 5556 2516 5630 faccre,
2535 5556 2943 5630 processionem
2985 5556 3070 5612 ἐπ’
3093 5557 3347 5630 Magnam
3377 5557 3681 5630 ecclesiam,
3711 5572 3814 5616 seu

2149 5629 2184 5684 S
2199 5670 2211 5683 .
2244 5628 2535 5701 Sophiam,
2574 5629 2850 5702 facturus.
