4158 6376
367 349 489 408 489

445 479 524 535 B'.
556 474 662 531 Καὶ
693 471 794 536 εἶθ’
834 469 1014 533 οὕτως
1068 469 1308 526 νεύουσιν
1342 472 1395 526 οἱ
1453 468 1709 526 δεσπόται
1754 468 1835 538 τῷ
1864 482 2031 538 πραι-
2061 465 2114 532 Α

378 566 608 638 ποσίτῳ,
665 562 758 616 καὶ
826 559 1032 636 εἰσάγει
1097 560 1190 614 τὸν
1267 558 1561 638 ὀφείλοντα
1643 549 2037 631 προϐληθῆναι

392 656 678 731 μάγιστρον
709 650 788 712 εἷς
836 649 965 712 τοὺς
994 646 1167 713 πόδας
1195 653 1304 706 τῶν
1366 646 1666 710 δεσποτῶν,
1701 644 1791 700 καὶ
1849 641 2039 696 πίπτει

382 728 489 808 ξιξ
519 743 579 798 τὸ
627 745 846 816 πρῶτον
894 737 1198 815 γραδήλιον
1249 741 1298 775 ³⁸
1347 739 1376 793 ὁ
1425 731 1907 811 προϐαλλόμενος,
1945 728 2035 784 καὶ

377 830 628 908 ἀναφέρει
661 830 820 886 αὐτὸν
852 829 928 893 εἰς
981 829 1044 884 τὸ
1100 830 1285 903 τρίτον
1340 824 1668 903 γραδήλιον,
1725 823 1819 879 xvi
1869 840 2040 895 προσ-

369 927 551 979 κυνῶν
607 919 760 997 φιλεῖ
806 917 934 983 τοὺς
989 917 1160 980 πόδας
1217 921 1325 972 τῶν
1404 913 1704 986 δεσποτῶν,
1787 910 2036 967 ἑστώτων

370 1015 560 1070 αὐτῶν
617 1012 710 1067 καὶ
758 1009 820 1066 οὐ
879 1007 1277 1083 καθεζομένων,
1325 1005 1466 1063 διότι
1523 1006 1600 1070 εἷς
1651 1006 1844 1080 έορτὴν
1904 1021 2038 1076 προ-

371 1103 650 1181 βάλλεται
700 1101 753 1158 έν
800 1103 1083 1177 προκένσῳ
1131 1109 1231 1171 τῆς
1280 1097 1602 1170 ἐκκλησίας.
1637 1096 1741 1152 Καὶ
1787 1093 2036 1151 ἀσπασά-

378 1215 550 1270 μενος
599 1192 731 1256 τοὺς
789 1189 964 1256 πόδας
1019 1192 1046 1246 6
1098 1189 1462 1269 προϐληθεὶς,
1513 1188 1814 1256 ἀνίσταται,
1859 1185 1950 1240 καὶ
2011 1184 2040 1237 6

371 1285 564 1360 ’ἕτερος
606 1283 968 1357 πραιπόσιτος
1009 1280 1240 1357 παρέχει
1298 1284 1414 1341 τοῖς
1476 1277 1769 1340 δεσπόταις
1796 1275 1858 1330 τὸ
1914 1295 2038 1330 στι-

374 1358 582 1450 χάριον
618 1369 797 1426 καὶτὸ
850 1365 1154 1444 βαλτίδιον,
1186 1365 1276 1423 καὶ
1326 1367 1379 1421 οἱ
1430 1363 1685 1421 δεσπόται
1729 1358 2038 1417 έπιδιδοῦσι

366 1465 456 1532 τῷ
514 1456 962 1536 προϐαλλομένῳ
1025 1455 1328 1532 μαγίστρῳ,
1379 1457 1468 1511 καὶ
1523 1452 1676 1528 φιλεῖ
1703 1451 1798 1515 τὰς
1847 1455 2038 1526 χεῖρας

373 1555 493 1606 τῶν
528 1547 806 1604 δεσποτῶν
842 1548 869 1602 6
901 1542 1266 1622 προϐληθεὶς,
1298 1539 1600 1618 λαμϐάνων
1631 1542 1695 1598 τὸ
1754 1542 2037 1616 στιχάριον

375 1639 472 1696 καὶ
495 1640 559 1694 τὸ
585 1634 889 1714 βαλτίδιον,
921 1636 1011 1692 καὶ
1052 1631 1318 1710 λαμϐάνει
1378 1634 1514 1689 αὐτὰ
1574 1633 1602 1687 6
1659 1631 1819 1692 αὐτὸς
1876 1650 2041 1704 πραι-

381 1732 632 1800 πόσιτος,
678 1729 909 1803 εἰσάγων
967 1726 1127 1784 αὐτὸν
1171 1726 1225 1783 ἐν
1255 1731 1334 1799 τῷ
1383 1729 1688 1801 χειμερινῷ
1741 1742 2038 1778 κονσιστω-

1231 342 1332 402 DE
1373 333 1844 400 CERIMONIIS
1892 331 2128 392 AULIE
2178 333 2652 404 ΒΥΖΑΝΤῙΝᾹΞ
2696 346 2842 404 LIB.
2888 345 2936 405 Ι.

3678 347 3798 406 490

2219 467 2291 526 ll.
2327 473 2512 546 Tunc,
2554 482 2790 550 accepto
2837 496 2872 535 a
2928 479 3180 536 dominis
3218 481 3408 552 signo,
3451 480 3798 552 prapositus

2155 560 2424 632 magistri
2455 566 2738 638 dignitate
2777 568 3104 624 ornandum
3137 570 3208 624 ad
3242 570 3419 642 pedes
3458 584 3659 625 eorum
3692 569 3802 626 ad-

2151 645 2349 717 ducit;
2384 651 2433 707 is
2490 653 2547 709 in
2583 655 2769 724 primo
2801 658 2980 727 gradu
3015 671 3076 712 se
3117 656 3451 726 prosternit,
3485 657 3695 712 deinde
3725 656 3798 713 ad

2150 739 2385 796 tertium
2407 745 2978 811 ascendens,adorat
3000 761 3063 801 ac
3085 746 3260 816 pedes
3279 745 3796 818 dominorum,qui

2149 831 2327 896 stant,
2353 847 2468 886 non
2493 833 2715 903 sedent,
2742 834 3020 906 quoniam
3054 835 3200 890 festo
3222 835 3314 890 die
3347 835 3403 889 in
3436 835 3798 906 processione

2149 917 2404 975 ecclesiis
2436 931 2688 995 creatur,
2718 923 3038 981 osculatur.
3073 924 3285 981 Osculo
3317 923 3566 996 pedibus
3599 924 3798 994 inﬁxo,

2152 1012 2458 1077 promotus
2487 1011 2692 1084 surgit,
2717 1012 2982 1086 aliusque
3006 1015 3353 1088 praepositus
3379 1013 3722 1070 sticharium
3745 1019 3804 1069 et

2151 1097 2409 1155 balteum
2424 1103 2700 1171 dominis,
2717 1103 2776 1158 hi
2795 1105 3069 1176 magistro
3085 1109 3350 1174 promoto
3362 1104 3579 1170 dant,is
3592 1119 3806 1160 manus

2151 1186 2520 1245 dominorum
2539 1192 2857 1263 osculatus,
2873 1193 3216 1250 sticharium
3235 1210 3299 1250 ac
3315 1194 3572 1249 balteum
3591 1193 3800 1264 sumit,

2151 1290 2354 1331 rursus
2402 1277 2602 1335 eadem
2643 1280 2798 1336 idem
2841 1282 3192 1353 praepositus
3223 1281 3456 1354 accipit,
3490 1282 3704 1352 ipsum,
3739 1281 3799 1338 in

2152 1362 2468 1422 hibernum
2493 1368 2907 1426 consistorium
2941 1373 3283 1439 deductum,
3313 1371 3592 1427 stichario
3614 1371 3805 1426 induit

2152 1452 2460 1526 balteoque
2491 1457 2690 1530 cingit,
2720 1460 2864 1515 137
2909 1465 2966 1515 et
2997 1465 3185 1532 gestat
3218 1461 3507 1532 prepriam
3541 1460 3802 1516 tunicam

2149 1558 2328 1612 super
2358 1546 2656 1602 stichario.
2688 1548 2856 1604 Tuna
2888 1550 3042 1604 idem
3073 1550 3421 1622 praepositus
3452 1566 3585 1606 eum
3616 1551 3682 1604 ad
3721 1551 3805 1604 ci-

2151 1629 2406 1701 borium,
2441 1635 2540 1689 ubi
2591 1635 2816 1693 domini
2864 1644 3046 1704 stant,
3085 1638 3343 1705 adducit,
3387 1639 3465 1694 ibi
3527 1639 3582 1694 in
3618 1638 3807 1710 primo

2149 1721 2331 1791 gradu
2366 1726 2780 1796 procumbens,
2809 1729 2977 1796 pedes
3007 1744 3210 1783 eorum
3233 1728 3556 1795 osculatur,
3575 1733 3632 1783 et
3655 1733 3808 1798 post-

394 1821 519 1896 ρίῳ,
568 1819 656 1876 ναὶ
719 1816 892 1875 ένδύει
953 1818 1114 1873 αὐτὸν
1182 1817 1243 1872 τὸ
1293 1817 1577 1891 στιχάριον
1633 1813 1724 1868 καὶ
1779 1812 2036 1881 ζὼννυσιν

2162 1827 2326 1882 μασι
2386 1814 2655 1881 surrexit,
2708 1816 2926 1887 gratias
2976 1817 3094 1888 agit
3128 1832 3142 1870 :
3177 1816 3312 1872 dein
3346 1818 3689 1889 praepositus
3730 1819 3802 1872 ad

392 1911 553 1967 αὐτὸν
574 1911 635 1966 τὸ
683 1905 1098 1985 βαλτίδιον,καὶ
1152 1911 1307 1984 φορεῖ
1351 1905 1413 1960 τὸ
1455 1901 1744 1983 χλανίδιον
1791 1899 1952 1956 αὐτοῦ
1981 1899 2044 1955 τὸ

378 2000 527 2058 ’ίδιον
565 1997 748 2055 ἐπάνῶ
777 2001 875 2054 τοῦ
919 1996 1236 2072 στιχαρίου.
1271 1993 1377 2052 Καὶ
1409 1992 1620 2068 ἐπαίρει
1667 1990 1826 2046 αὐτὸν
1886 1990 1914 2044 6
1946 1987 2044 2044 αύ-

381 2087 478 2152 τός
507 2091 558 2126 ’⁵
590 2088 977 2164 πραιπόσιτος,
1035 2085 1126 2140 καὶ
1182 2083 1381 2160 εἰσάγει
1428 2083 1588 2139 αὐτὸν
1618 2080 1696 2144 εἷς
1762 2080 1824 2135 τὸ
1871 2073 2042 2134 κιϐώ-

393 2201 531 2256 ριον,
590 2172 713 2243 ἔνθα
773 2175 1018 2231 ἵστανται
1074 2176 1125 2229 οἱ
1176 2173 1454 2239 δεσπόται,
1509 2170 1598 2227 καὶ
1638 2169 1823 2225 πίπτει
1866 2167 1942 2230 εἷς
1981 2168 2044 2222 τὸ

401 2273 620 2346 πιρῶτον
647 2264 949 2342 γραδήλιον
981 2265 1071 2320 καὶ
1102 2263 1255 2344 φιλεῖ
1295 2261 1422 2324 τοὺς
1450 2259 1622 2324 πόδας
1676 2263 1786 2315 τῶν
1846 2255 2044 2312 δεσπο⁴

393 2363 528 2426 τῶν,
582 2357 668 2412 καὶ
720 2355 952 2417 ἀναστάς
1017 2355 1433 2428 ἀπευχαριστεῖ,
1473 2349 1561 2404 καὶ
1636 2347 1856 2419 ’ίστησιν
1942 2346 2044 2402 αὐ-

388 2447 536 2504 τὸνὸ
569 2445 928 2521 πραιπόσιτος
967 2442 1043 2505 εἷς
1095 2438 1338 2521 κεφαλὴν
1396 2444 1494 2494 τοῦ
1556 2439 1808 2512 σεκρέτου
1865 2433 2044 2490 ἐπάνω

386 2539 606 2594 πάντων
655 2539 764 2590 τῶν
800 2530 1127 2607 πατρικίων,
1184 2531 1275 2585 καὶ
1334 2526 1532 2593 εὐθέως
1586 2527 1638 2582 o't
1688 2523 2043 2598 σιλεντιάριοι

389 2623 611 2682 ὄπισθεν
647 2628 744 2680 τοῦ
801 2621 1053 2697 σεκρέτου
1111 2616 1256 2676 ἔνθεν
1311 2619 1558 2674 κάκεῖθεν
1582 2617 1862 2694 εἰσάγουσι
1908 2613 2044 2668 κατὰ

394 2717 566 2788 τιμὴν
595 2711 844 2783 ἕκαστον,
873 2710 966 2766 καὶ
1017 2709 1304 2766 πίπτουσιν
1364 2705 1666 2782 ἔμπροσθεν
1694 2708 1802 2759 τῶν
1851 2700 2044 2758 δεσπο-

2156 1905 2331 1972 caput
2351 1902 2555 1958 secreti
2575 1920 2752 1973 super
2779 1921 2982 1962 omnes
3006 1906 3279 1978 patricios
3307 1923 3441 1962 eum
3475 1907 3803 1974 constituit,

2158 2006 2225 2046 ac
2245 1989 2442 2047 statim
2464 1991 2774 2050 silentiarii
2797 1998 2924 2065 post
2944 1999 3236 2052 secretum
3260 1995 3524 2068 singulos
3549 2013 3652 2068 pro
3686 2013 3804 2052 suae

2155 2081 2441 2155 dignitate
2472 2083 2795 2152 adducunt,
2828 2087 2927 2159 qui
2961 2087 3128 2159 proni
3159 2088 3219 2143 in
3260 2092 3476 2143 terram
3525 2087 3692 2159 quasi
3743 2089 3802 2144 in

2155 2170 2342 2242 capite
2373 2174 2578 2228 secreti
2611 2175 2930 2242 constituti,
2964 2175 3218 2234 dominis
3248 2176 3462 2249 gratias
3488 2181 3698 2246 agunt:
3723 2177 3808 2232 sic

2154 2267 2206 2314 el
2237 2260 2506 2318 consules
2539 2267 2893 2336 ceterosque
2920 2281 3107 2337 usque
3139 2267 3210 2321 ad
3245 2271 3605 2336 postremum
3636 2282 3806 2321 sena-

2137 2353 2332 2406 .torem
2365 2349 2685 2407 adducunt.
2702 2351 2907 2408 Ultimo
2926 2353 3149 2409 domini
3170 2355 3503 2425 praeposito,
3534 2353 3585 2410 is
3609 2353 3809 2410 tunica

2155 2451 2259 2492 sua
2289 2436 2612 2495 silentiario
2644 2440 2704 2496 in
2738 2441 2928 2497 medio
2960 2446 3184 2498 secreto
3212 2442 3536 2498 constituto
3567 2442 3803 2513 signum

2154 2525 2272 2594 dat,
2296 2529 2354 2580 et
2377 2526 2518 2582 dicit
2544 2545 2556 2583 :
2593 2548 2618 2580 ‹
2648 2530 2892 2595 Jubete;
2930 2553 2959 2580 »
2989 2536 3223 2588 senatus
3240 2548 3394 2601 vero,
3427 2554 3456 2582 «
3492 2532 3674 2588 Multa
3704 2533 3806 2588 bo-

2156 2629 2343 2685 neque
2373 2619 2655 2688 tempora,
2689 2641 2718 2670 ‹‹
2753 2619 3008 2676 dominis
3035 2626 3402 2692 apprecatus,
3430 2621 3491 2678 in
3525 2638 3801 2693 processu

2155 2702 2410 2758 ecclesiae
2443 2720 2557 2760 una
2587 2723 2717 2762 cum
2750 2708 3004 2764 dominis
3027 2707 3297 2765 discedit.

389 2807 500 2858 τῶν
555 2803 1093 2876 ἀπιυχαριστοῦντες,
1161 2799 1236 2862 ὡς
1301 2792 1565 2860 λαϐόντες
1623 2793 1868 2873 κεφαλὴν
1931 2790 2182 2865 σεκρέτου
2248 2792 2384 2864 (59),
2448 2793 2661 2866 ὁμοίως
2701 2797 2790 2850 καὶ
2862 2793 3100 2859 ὕπάτους
3169 2795 3334 2871 μέχρι
3399 2801 3496 2853 τοῦ
3563 2797 3799 2876 ἐσχάτου

383 2898 502 2950 τῶν
561 2889 950 2966 συγκλητικῶν,
1017 2891 1138 2955 Εἴθ’
1200 2888 1372 2951 οὕτως
1411 2887 1656 2942 νεύουσιν
1722 2885 1774 2939 οῖ
1842 2880 2096 2938 δεσπόται
2163 2883 2243 2952 τῷ
2308 2886 2957 2958 πραιποσίτῳ,κάκεῖνος
3020 2889 3163 2942 νεύει
3235 2885 3324 2942 διὰ
3357 2895 3458 2956 τῆς
3527 2887 3796 2964 χλανίδος

378 2983 555 3040 αὐτοῦ
586 2983 682 3038 τὸν
711 2980 1062 3060 σιλεντιάριον
1090 2980 1184 3038 τὸν
1217 2980 1421 3036 ἑστῶτα
1455 2979 1618 3052 μέσον
1649 2979 1746 3032 τοῦ
1777 2974 2052 3048 σεκρέτου,
2087 2970 2176 3024 καὶ
2209 2969 2375 3047 λέγει·
2422 2997 2450 3026 ‹‹
2489 2974 2809 3048 Κελεύσατε,
2844 3001 2872 3029 ››
2920 2976 3010 3032 καὶ
3058 2977 3348 3053 ἐπεύχεται
3388 2984 3531 3034 πᾶσα
3580 2982 3614 3049 ἡ
3662 2979 3801 3055 σύγ-

372 3073 616 3144 κλητος·
645 3097 674 3126 ‹‹
707 3071 802 3138 Εἲς
828 3058 1073 3134 πολλοὺς
1101 3071 1193 3127 καὶ
1213 3069 1451 3146 ἀγαθοὺς
1474 3068 1735 3146 χρόνους,
1769 3088 1797 3117 ››
1830 3062 1919 3118 καὶ
1939 3062 1985 3098 ²⁶
2008 3061 2256 3116 ἆποκιδεῖ
2276 3058 2328 3116 ἒν
2359 3067 2439 3136 τῷ
2457 3063 2735 3139 προκένσῳ
2761 3073 2862 3136 τῆς
2885 3065 3176 3138 ἐκκλησίας
3200 3063 3313 3141 ἅμα
3337 3073 3455 3130 τοῖς
3485 3066 3796 3132 δεσπόταις.

374 3163 518 3220 ’Ὁσα
597 3163 682 3220 δεῖ
738 3163 1206 3241 ,παρυφυλάττειν
1288 3158 1378 3215 ἐπὶ
1411 3161 1765 3241 μπροαγιυγῇ

462 3257 647 3311 στρου,
706 3235 757 3292 εἴ
808 3228 1020 3292 κελεύει
1076 3233 1236 3290 αὐτὸν
1305 3228 1534 3302 ποιῆσαι
1611 3228 2038 3303 εἷς”κυριακὴν

466 3310 706 3386 παγανήν
717 3351 731 3365 .

458 3405 539 3457 Δ’.
574 3399 689 3475 Πρὸ
748 3402 875 3472 μιᾶς
933 3401 1003 3472 τῇ
1062 3395 1197 3471 αὐτῇ
1274 3391 1472 3468 ἑσπέρᾳ
1530 3389 1919 3468 ἆσφαλίζονται
1995 3386 2048 3440 οἳ

373 3495 529 3565 τρεῖς
580 3486 832 3552 πυλῶνες
883 3488 936 3543 οἳ
984 3485 1320 3565 ἐλεφάντινοι
1366 3488 1457 3539 τοῦ
1506 3480 1917 3554 κονσιστωρίου,
1958 3475 2048 3532 καὶ

377 3579 439 3636 o't
466 3577 822 3653 ἐξερχόμενοι
854 3576 931 3637 είς
969 3577 1060 3632 τὸν
1118 3576 1380 3650 μάκρωνα
1424 3577 1532 3626 τῶν
1593 3567 1930 3626 κανδιδάτων
1959 3565 2048 3620 καὶ

374 3672 640 3744 κρεμῶσι
706 3665 853 3742 βῆλα
907 3665 984 3730 είς
1039 3667 1166 3728 τοὺς
1215 3670 1364 3742 τρεῖς
1440 3663 1723 3732 πυλῶνας,
1803 3662 2054 3737 ἀσφαίζε-

376 3781 476 3816 ται
509 3756 602 3812 καῖ
652 3757 717 3812 τὸ
761 3757 1014 3832 τρίθυρον
1063 3758 1160 3810 τοῦ
1205 3751 1519 3811 ὁνοποδίου.
1582 3753 1792 3827 ὁμοίως
1850 3752 1939 3807 καὶ
1997 3753 2052 3808 αῖ

379 3847 550 3919 θύραι
605 3849 706 3900 τοῦ
765 3842 1051 3922 δέλφακος,
1111 3843 1202 3899 καὶ
1257 3844 1472 3899 ἳσταται
1523 3843 1586 3899 τὸ
1646 3845 1831 3914 σένζον
1873 3842 1949 3905 εἰς
1989 3842 2052 3897 τὸ

381 3931 667 4012 κθϐὠριον
688 3938 785 3990 νοῦ
826 3934 1243 4010 κονσιστωρίου,
1296 3934 1384 3988 καὶ
1415 3936 1488 4007 τῇ
1526 3931 1724 4008 ἑσπέρᾳ
1783 3929 2056 4010 φυλάττε-

388 4046 484 4081 ται
531 4026 636 4080 ῧπὸ
699 4021 1073 4099 σιλεντιαρίων
1133 4022 1224 4077 καὶ
1284 4017 1640 4102 ξχοσϐαῖτῶν,
1708 4021 1799 4077 καὶ
1878 4019 2056 4082 οὐδεὶς

395 4114 680 4192 διέρχεται
745 4117 814 4187 τῇ
884 4114 1086 4187 ἑσπέρᾳ
1141 4110 1317 4186 ἐκείνῃ
1382 4111 1435 4166 έν
1509 4115 1588 4183 τῷ
1657 4110 2056 4187 κονσιστωρίῳ,

389 4206 693 4278 ἱσταμένου
747 4203 844 4258 τοῦ
913 4201 1116 4272 σένζου.
1171 4201 1268 4256 Καὶ
1336 4199 1628 4274 μηνύεται,
1661 4199 1750 4277 ἀφ’
1831 4200 2058 4275 ἑσπέρας

388 4299 542 4350 πάσα
574 4295 609 4364 ἡ
663 4290 995 4368 συγκλητος,
1034 4291 1135 4346 ἳνω
1179 4289 1524 4362 προέλθωσιν
1583 4287 1672 4346 ἐπὶ
1717 4287 2057 4364 προελεύσει,

396 4383 587 4438 καὶτὸ
643 4378 794 4456 πρωί
838 4382 954 4455 (60)
1003 4382 1048 4416 ²⁷
1097 4377 1361 4435 ἀλλάσσει
1404 4380 1439 4448 ἡ
1502 4376 1816 4455 σύγκλητος
1873 4376 1924 4434 έν
1981 4383 2061 4451 τῷ

409 4471 654 4546 μάκρωνι
697 4474 806 4526 τῶν
859 4463 1216 4539 κανδιδάτων,
1267 4469 1358 4523 καὶ
1419 4468 1471 4523 οἱ
1527 4467 1805 4543 πατρίκιοι
1859 4465 2062 4524 ἀλλάσ-

1875 3151 2036 3242 μαγί-
2067 3153 2118 3220 C.
2151 3152 2494 3242 Obseruantia
2545 3160 2603 3214 in
2652 3162 2999 3242 ρνρρηοιὶοηθ
3044 3163 3320 3242 magistri,
3349 3163 3416 3242 _si
3444 3161 3599 3233 jubet
3638 3177 3806 3235 tmpe-

2407 3234 2583 3299 rator,
2617 3240 2680 3288 ut
2707 3231 2794 3288 die
2820 3233 2957 3302 festo
2974 3249 3198 3306 pagano
3227 3231 3552 3290 celebretur.

2231 3393 2274 3449 Ι.
2305 3393 2494 3452 Pridie
2531 3395 2660 3468 ejus
2701 3395 2815 3453 diei
2861 3397 3086 3470 vesperi
3131 3401 3249 3455 tres
3307 3398 3573 3455 eburnea:
3629 3402 3808 3471 portae

2160 3483 2513 3555 consistorii,
2565 3491 2692 3544 tum
2735 3503 2863 3560 quae
2903 3488 2974 3544 ad
3019 3505 3350 3546 mucronem
3382 3505 3485 3546 seu
3520 3490 3807 3562 porticum

2161 3573 2607 3632 candidatorum
2655 3584 2883 3647 exeunt,
2930 3575 3310 3648 clauduntur,
3351 3579 3480 3634 vela
3509 3579 3568 3634 in
3615 3579 3806 3635 tribus

2163 3663 2348 3735 portis
2379 3666 2838 3736 suspenduntur,
2872 3666 3078 3738 triplex
3125 3668 3304 3739 janua
3345 3669 3617 3740 onopodii
3649 3683 3812 3740 asque

2162 3768 2228 3808 ao
2257 3757 2436 3824 porta
2467 3753 2768 3828 delphacis
2800 3755 3175 3825 clauduntur,
3210 3756 3460 3814 thronus
3499 3756 3559 3813 in
3591 3757 3810 3814 ciborio

2165 3842 2492 3900 consistorii
2544 3844 2864 3901 collocatur
2919 3851 2972 3901 et
3019 3861 3256 3918 vespere
3301 3863 3335 3901 a
3377 3844 3717 3901 silentiariis
3759 3849 3818 3900 et

2167 3931 2483 3988 cbosbaitis
2523 3935 2869 4003 custoditur,
2922 3951 3026 3991 nec
3076 3934 3212 3991 licet
3264 3933 3367 3990 ulli
3412 3934 3522 3991 hac
3553 3950 3812 4006 vespera,

2169 4020 2354 4092 posito
2387 4022 2622 4091 throno,
2653 4023 3061 4080 consistorium
3095 4023 3342 4096 ingredi.
3374 4029 3552 4081 Porro
3590 4026 3816 4096 vesperi

2169 4115 2409 4167 senatus
2434 4113 2651 4181 omnis,
2680 4113 2826 4184 utiin
2850 4114 3218 4183 processione
3250 4115 3509 4184 prodeat,
3535 4114 3814 4182 monitus,

2172 4215 2339 4256 mane
2370 4200 2429 4256 in
2452 4217 2727 4258 macrone
2745 4203 3216 4273 candidatorum,
3239 4201 3462 4272 patricii
3488 4201 3547 4258 in
3570 4217 3636 4258 eo
3671 4201 3820 4271 loco,

2171 4288 2268 4361 qui
2342 4289 2412 4345 ad
2487 4289 2666 4347 Indos
2721 4296 2986 4360 vocatur,
3020 4291 3297 4364 quoniam
3361 4291 3530 4362 ipsis,
3611 4291 3818 4347 throno

2171 4379 2508 4444 constituto,
2530 4378 2938 4435 consistorium
2965 4379 3179 4436 intrare
3202 4379 3580 4435 interdictum
3603 4383 3710 4447 est,
3733 4395 3823 4435 ve-

2173 4477 2287 4525 stes
2319 4471 2570 4524 mutant.
2591 4467 2653 4523 Si
2678 4483 2813 4526 vero
2835 4467 3055 4524 domini
3078 4469 3137 4524 in
3160 4468 3368 4525 throno
3399 4468 3701 4524 considere
3724 4483 3822 4524 vo-

409 4580 596 4614 σουσιν
637 4559 708 4623 εἰς
750 4559 880 4623 τοὺς
911 4555 1140 4629 Ἰνδοὺς,
1186 4558 1262 4632 μὴ
1317 4554 1539 4634 ἔχοντες
1599 4555 1779 4613 ἄδειαν
1838 4557 2060 4614 εἰσιέναι

2169 4558 2324 4625 lunt,
2356 4573 2598 4613 coronas
2628 4571 2696 4613 ac
2717 4556 3058 4629 chlamydes
3085 4563 3402 4630 gestantes,
3436 4574 3504 4614 ex
3534 4560 3819 4630 augusteo

409 4649 468 4706 ἐν
509 4653 587 4722 τῷ
633 4648 1034 4724 κονσιστωρίῳ,
1077 4647 1371 4720 ἱσταμένου
1418 4650 1515 4702 τοῦ
1565 4648 1773 4717 σένζου.
1825 4649 1928 4706 Καὶ
1978 4651 2068 4707 δτε

403 4739 719 4796 κελεύουσιν
778 4740 830 4794 o't
891 4736 1151 4793 δεσπόται
1196 4737 1416 4792 καθίσαι
1463 4735 1540 4798 εἷς
1586 4737 1650 4791 τὸ
1700 4738 1878 4807 σένζον
1932 4738 2070 4815 ἐξέρ-

399 4849 603 4906 χονται
653 4827 715 4883 έκ
764 4831 862 4882 τοῦ
925 4823 1270 4902 αόγουστέως
1350 4823 1703 4898 ἐστεμμένοι,
1777 4831 2070 4904 φοροῦντες

401 4918 496 4975 καί
551 4918 648 4982 τὰς
694 4913 1012 4996 χλαμύδας,
1052 4913 1144 4970 καὶ
1190 4918 1468 4988 μυστικῶς
1528 4912 1913 4988 όψικευόμενοι
1966 4919 2071 4973 ὑπὸ

407 5012 509 5064 τοῦ
567 5001 995 5075 κουϐουκλείου,
1054 5001 1371 5073 καθέζονται
1430 5000 1508 5064 εἰς
1558 5001 1623 5057 τὸ
1685 4998 1889 5078 σένζον,
1935 5007 1963 5062 6
2015 5005 2072 5064 δὲ

2179 4648 2553 4722 prodeunt,et
2565 4645 2832 4704 cubiculo
2847 4661 2943 4703 eos
2959 4653 3178 4705 secreto
3191 4648 3594 4715 comitante,in
3610 4647 3828 4704 throno

2180 4739 2508 4808 consident,
2549 4735 2994 4794 cerimoniarius
3040 4752 3173 4793 vero
3221 4742 3382 4795 extra
3425 4745 3622 4812 portas
3656 4739 3830 4794 ebur-

2181 4845 2318 4884 neas
2340 4829 2398 4884 in
2427 4828 2602 4899 longa
2629 4825 2852 4899 porticu
2875 4825 3345 4895 candidatorum,
3362 4830 3518 4885 unde
3541 4829 3831 4901 processio

2183 4917 2265 4984 lit,
2303 4916 2426 4972 vela
2475 4915 2915 4988 magistrorum,
2948 4913 3321 4986 patriciorum
3364 4933 3429 4973 ac
3477 4916 3831 4990 reliquorum

2182 5009 2517 5064 senatorum
2541 5005 2795 5062 ordinat.

411 5102 514 5163 τῆς
566 5096 947 5158 καταστάσεως
1005 5092 1196 5166 ἔξωθεν
1271 5097 1382 5150 τῶν
1470 5089 1835 5170 έλεφαντίνων
1906 5101 2092 5152 πυκῶν
2150 5096 2226 5160 είς
2273 5095 2368 5150 τὸν
2426 5094 2688 5168 μάκρωνα
2731 5097 2842 5147 τῶν
2875 5088 3233 5165 κάνδιδάτων,
3283 5087 3407 5148 ἔνθα
3454 5095 3544 5149 καὶ
3597 5097 3631 5167 ἡ
3693 5115 3833 5171 προ-

411 5186 655 5258 ὶλευσις,
680 5186 980 5260 εὑτρεπίζει
1009 5183 1076 5240 τὰ
1103 5182 1368 5258 βῆλαάπὸ
1395 5202 1456 5238 τε
1493 5181 1824 5260 μαγίστρων,
1858 5205 2156 5262 πατρικιων
2188 5184 2279 5242 καὶ
2311 5181 2523 5238 λοιπῶν
2556 5182 2966 5260 συγκλητικῶν.

1781 5305 2023 5361 VARI/IS
2062 5302 2470 5363 LECTIONBS.

489 5417 535 5452 “
571 5408 876 5492 γραδήλιον
908 5404 1186 5488 προϐαλλ.
1227 5411 1321 5470 ed.
1402 5411 1446 5447 "
1473 5407 1634 5472 αὖτός
1668 5428 1784 5468 οιῐιο
1820 5413 1909 5469 εά·
1987 5414 2033 5449 ’³⁸
2063 5435 2069 5468 ε

2184 5416 2317 5471 ante
2342 5409 2593 5465 ἀποκινεῖ
2617 5427 2734 5468 om.
2769 5412 2898 5468 cod.
2929 5412 3062 5470 add.
3100 5412 3296 5472 Leich.

3401 5411 3449 5449 ’7
3469 5415 3551 5486 τῷ
3581 5409 3712 5486 προί
3753 5413 3846 5470 ed.

1485 5519 1689 5580 JOAN.
1729 5519 1872 5578 JAC.
1916 5523 2169 5581 BElSKII
2209 5517 2792 5579 COMMENTARIUS.

489 5634 609 5707 (59)
664 5634 729 5692 Ut
776 5633 930 5689 nacti
974 5636 1162 5703 caput,
1209 5628 1301 5707 vel
1347 5628 1923 5707 principem‘wcreti,
1952 5647 2086 5707 _s_eu

419 5700 687 5780 corporis
719 5700 1053 5778 procerum,
1081 5701 1234 5775 quod
1270 5700 1426 5773 apud
1449 5700 1865 5774 imperatorem
1898 5701 1972 5762 ad
1995 5703 2086 5762 de-

756 5839 1023 5898 PATIOL.
1073 5835 1184 5896 Gn.
1230 5831 1411 5894 CXII.

2197 5625 2570 5687 liberationes
2601 5626 2946 5684 secretiores
2980 5629 3292 5687 convenire
3323 5627 3489 5688 solet.

2271 5700 2383 5773 (60)
2419 5697 2544 5754 Vid.
2583 5702 2700 5756 not.
2737 5698 2804 5755 ad
2849 5715 2904 5772 p.
2945 5699 3064 5756 138.

3458 5827 3530 5886 16
