4158 6400
393 356 509 417 491

1461 341 1993 405 CONSTANTINI
2038 341 2738 408 PORPHYROGENITi

3663 427 3666 429 λ
3688 351 3812 411 492

468 504 535 558 Il.
579 500 960 573 Prepositus,
1006 497 1174 572 signo
1204 515 1237 554 a
1279 495 1537 553 dominis
1579 499 1835 568 accepto,
1887 495 2038 550 foras

2227 476 2283 530 B'
2331 473 2610 549 Λαμόάνει
2657 484 2827 553 νεῦμα
2875 482 3022 556 παρὰ
3063 485 3170 536 τῶν
3219 479 3494 537 δεσποτῶν
3558 483 3586 536 ὁ
3644 501 3810 557 πραι-

394 606 495 664 per
526 589 780 646 mediam
811 587 1140 646 consistorii
1171 591 1424 659 portam,
1455 603 1490 643 a
1537 585 1763 642 duobus
1793 582 2045 640 ostiariis

393 681 662 751 stipatus,
691 678 971 750 procedit,
1001 681 1058 733 et
1080 676 1208 733 vela
1235 677 1474 732 adducit
1510 693 1522 731 :
1557 676 1835 748 primum,
1862 673 2044 744 magi-

395 772 578 836 stros;
605 769 951 836 secundum,
969 765 1238 837 patricios
1257 783 1271 834 ;
1292 767 1551 833 tertium,
1567 762 1866 831 consules;
1882 765 1928 837 _I
1943 761 2042 818 88

395 835 693 912 quartum,
717 835 1020 896 comites"
1041 863 1056 906 ;
1077 839 1372 909 quintum,
1395 838 1771 908 exprisfectos
1797 835 2044 890 etduces

394 931 716 1000 copiarum.
732 927 869 984 Vela
889 927 972 983 sic
995 928 1286 998 completa
1301 935 1608 998 postquam
1633 922 2044 980 consistorium

396 1019 657 1090 ingressa
687 1025 845 1083 sunt,
877 1016 1097 1073 domini
1129 1014 1437 1088 praeposito
1484 1015 1715 1086 signum
1748 1012 1910 1080 dant,
1942 1010 2043 1082 qui

396 1109 660 1181 magistri
684 1108 968 1180 dignitate
988 1106 1318 1163 ornandum
1342 1121 1411 1161 ex
1435 1105 1811 1177 patriciorum
1838 1102 2044 1158 ordine

397 1197 655 1267 adducit,
688 1203 743 1254 et
774 1197 833 1254 in
863 1197 1044 1253 medio
1075 1197 1358 1268 graduum
1387 1192 1922 1267 porphyreticorum
1955 1206 2047 1247 co-

395 1303 519 1342 ram
565 1285 807 1352 ciborio,
842 1286 1052 1341 deinde
1091 1285 1150 1340 in
1182 1285 1354 1340 tertio
1403 1284 1586 1356 gradu
1620 1279 1962 1338 constituit:
1992 1281 2042 1336 is

392 1377 461 1433 ad
491 1375 805 1432 scabellum
842 1376 1029 1432 throni
1076 1376 1424 1447 procumbit,
1458 1377 1754 1448 pedesque
1783 1377 1840 1430 et
1869 1371 2041 1428 ambo

389 1482 579 1537 genua
611 1465 801 1537 magni
842 1464 1212 1537 imperatoris
1242 1481 1406 1536 seque
1435 1481 1501 1520 ac
1532 1463 1774 1519 minoris
1807 1460 2041 1518 oscula-

387 1560 508 1624 tus,
541 1558 728 1627 surgit
757 1559 814 1611 et
838 1555 1113 1626 expansis
1147 1556 1424 1611 manibus
1456 1553 1796 1610 sticbarium
1829 1561 1884 1607 et
1915 1549 2040 1607 bal-

391 1649 548 1700 teum
583 1661 616 1699 a
647 1642 904 1698 dominis
935 1643 1168 1715 accipit.
1193 1643 1358 1699 Tunc
1412 1658 1536 1698 eum
1565 1641 1938 1713 praepositus,
1974 1639 2039 1694 in

385 1733 695 1789 hibernum
728 1733 1141 1788 consistorium
1172 1733 1511 1798 deductum,
1543 1731 1817 1787 stichario
1847 1729 2039 1785 induit

384 1821 660 1916 et-balteo
684 1821 884 1892 cingit,
900 1821 1104 1894 sicque
1126 1822 1198 1877 ad
1230 1823 1411 1916 pedes
1429 1820 1799 1916 dominorum
1825 1818 2036 1916 consti-
2069 1851 2117 1916 B

382 1909 585 1979 tuitur,
635 1927 802 1980 quos,
837 1914 899 1965 ut
938 1911 1216 1981 primum,
1252 1909 1574 1976 osculatus,
1627 1909 1771 1980 ipsis
1821 1907 2042 1980 gratias

385 1999 525 2069 agit.
560 1999 725 2055 Tunc
755 2015 890 2056 eum
931 2001 1278 2072 praepositus
1309 1999 1367 2055 in
1399 1998 1587 2070 capite
1616 1997 1820 2053 secreti
1854 1995 2030 2068 patri-

388 2087 609 2142 ciorum
659 2087 978 2159 constituit,
1024 2094 1082 2145 et
1128 2089 1500 2144 adducuntur
1548 2086 1772 2160 patricii
1821 2100 2036 2153 omnes,

391 2176 731 2233 silentiariis
763 2179 984 2248 stipati,
1017 2183 1074 2234 et
1111 2179 1324 2250 gratias
1365 2182 1569 2248 agunt,
1611 2179 1784 2248 caput
1831 2175 2038 2232 secreti

391 2265 560 2337 quasi
582 2271 867 2324 tenentes.
890 2267 1260 2324 Silentiarius
1287 2271 1502 2332 autem,
1522 2266 1582 2323 in
1601 2265 1790 2322 medio
1815 2269 2037 2320 secreto

389 2360 772 2428 constitutus,
826 2363 1036 2414 nutum
1077 2375 1111 2414 a
1144 2358 1453 2430 praeposito
1485 2358 1718 2429 accipit,
1760 2361 1816 2412 et
1848 2355 1990 2411 dicit
2022 2371 2038 2410 :

390 2467 419 2498 α
441 2447 679 2516 Jubete;
704 2470 734 2498 ››
757 2456 1017 2515 senatus,
1034 2470 1063 2498 «
1090 2447 1266 2504 Multa
1285 2463 1351 2505 ac
1376 2446 1567 2504 felicia
1587 2453 1865 2518 tempora,
1888 2467 1916 2494 »
1946 2460 2040 2516 ap-

389 2545 678 2609 precatur,
693 2544 747 2592 et
764 2539 844 2594 sic
862 2537 922 2593 in
947 2554 1279 2594 macronem
1294 2538 1728 2594 canditatorum
1755 2553 1818 2592 se
1835 2537 2038 2592 confe-

389 2632 548 2697 runt,
571 2629 931 2685 silentiarius
969 2630 1213 2684 missam
1249 2629 1369 2686 dat.
1401 2630 1716 2684 Promotus
1749 2629 1821 2682 ad
1857 2626 2038 2700 magi-

387 2718 490 2773 stri
520 2718 860 2790 dignitatem
883 2718 954 2773 ad
985 2719 1158 2773 Indos
1191 2718 1440 2774 discedit
1461 2732 1790 2790 sagumque
1817 2732 2034 2790 purpu-

386 2822 551 2862 reum
567 2823 743 2879 supra
758 2807 1104 2863 sticharium
1122 2823 1296 2863 suum
1315 2807 1410 2862 ind
1423 2807 1858 2879 uit,et.domum
1874 2807 2031 2863 abit:

385 2912 513 2967 qua
544 2897 594 2953 si
625 2897 892 2968 proxima
923 2896 1138 2968 palatio
1169 2900 1282 2965 est,
1315 2912 1602 2968 proceres,
1642 2897 1949 2952 domestici
1981 2903 2036 2952 et

385 2985 654 3041 scholarii
676 2986 918 3058 pedites,
935 2985 1174 3042 scutarii
1202 2986 1452 3051 numeri,
1473 2985 1717 3042 diaetarii
1741 2990 1801 3041 et
1828 2986 2034 3042 decani

386 3089 519 3129 eum
551 3079 900 3146 sequuntur,
928 3075 1022 3130 sin
1051 3076 1348 3142 remotior,
1379 3074 1580 3146 iidem,
1611 3076 1865 3146 exceptis
1897 3091 2034 3148 pro-

386 3165 638 3232 ceribus,
670 3167 1044 3221 comitantur.
1093 3164 1534 3220 Observandum
1567 3180 1697 3221 vero
1754 3170 1864 3234 est,
1897 3180 2033 3220 eum

385 3255 530 3310 festo
553 3270 786 3326 quoque
807 3254 921 3324 die,
947 3253 995 3309 si
1021 3259 1326 3327 promotus
1350 3258 1458 3322 est,
1483 3253 1573 3309 his
1589 3254 2032 3324 comitantibus,

385 3345 625 3398 domum
661 3343 892 3401 reverti.

2152 563 2374 627 πόσιτος
2430 566 2522 622 καὶ
2567 567 2845 647 ἐξέρχεται
2891 565 2990 640 ἔξω
3042 567 3133 625 διὰ
3193 575 3288 626 τοῦ
3344 570 3517 644 μέσου
3546 569 3808 633 πυλῶνος

2151 659 2249 708 τοῦ
2306 657 2719 732 κονσιστωρίου,
2780 658 3170 733 ὀψικευόμενος
3209 660 3312 714 ὑπὸ
3359 657 3454 714 δύο
3490 657 3808 735 όστιαρίων,

2153 743 2242 797 καὶ
2273 743 2471 818 εἰσάγει
2506 745 2680 820 βῇΛον
2700 748 2766 815 α’,
2809 747 3144 822 μαγίστρους
3178 751 3244 804 ’⁸.
3281 747 3454 824 βῆλον
3489 749 3557 824 β’,
3617 769 3810 825 πατριο

2153 830 2329 895 λίους·
2368 833 2542 908 βῆλον
2583 837 2652 911 γ’,
2709 837 2836 898 τοὺς
2898 837 3156 900 ὑπάτους⁹
3228 836 3404 914 βῆλον
3465 835 3529 908 δ’,
3561 839 3688 900 τοὺς
3720 839 3817 892 κό-

2157 941 2338 994 μητασ
2376 923 2612 997 σεκόρων
2668 927 2778 998 (61)
2821 925 2884 981 ”.
2935 924 3116 1000 βῆλον
3177 927 3234 995 ε’,
3289 927 3417 989 τοὺς
3473 926 3582 981 ἀπὸ
3639 925 3811 1000 ἐπάρ-

2152 1028 2269 1086 χων
2325 1012 2413 1066 καὶ
2466 1012 2861 1087 στρανηλάτας.
2911 1015 3009 1069 Καὶ
3075 1015 3166 1092 ἀφ’
3235 1015 3296 1070 οὗ
3358 1015 3700 1086 πληρωθῶσι
3758 1015 3811 1051 ³ο

2151 1100 2219 1154 τὰ
2279 1099 2426 1174 βῆλσ
2492 1101 2580 1155 καὶ
2637 1101 2957 1166 εἰσέλθωσιν
3025 1099 3176 1159 ἔνδον
3236 1101 3334 1160 τοῦ
3391 1105 3811 1180 κονσιστωρίου,

2153 1188 2393 1244 νεύουσιν
2453 1190 2504 1246 οἱ
2559 1189 2815 1247 δεσπόται
2870 1197 2951 1264 τῷ
3007 1193 3377 1267 πραιποσίτῳ,
3427 1193 3516 1248 καὶ
3604 1193 3815 1270 εἰσάγει

2150 1278 2242 1332 τὸν
2269 1276 2559 1358 ὀφείλοντα
2587 1275 2974 1354 προϐληθῆναι
3017 1282 3315 1358 μάγιστρον
3347 1279 3408 1336 ἐκ
3471 1303 3565 1356 τῃς
3604 1280 3811 1352 τάξεως

2151 1371 2260 1422 τῶν
2307 1368 2627 1442 πατρικίων,
2679 1369 2769 1425 καὶ
2820 1368 2966 1448 φέρει
3023 1370 3185 1426 αὐτὸν
3237 1369 3400 1444 μέσον
3437 1375 3543 1426 τῶν
3593 1392 3810 1450 πορφυ-

2152 1459 2260 1530 ρῶν
2296 1455 2615 1534 γραδηλίων
2681 1455 2982 1536 ἔμπροσθεν
3025 1463 3127 1515 τοῦ
3197 1457 3488 1534 κιϐωρίου,
3541 1460 3632 1516 καὶ
3682 1462 3814 1516 ἀνα-

2151 1545 2298 1624 φέρει
2348 1548 2508 1602 αὐτὸν
2562 1547 2638 1610 εἷς
2704 1549 2767 1603 τὸ
2829 1549 3015 1624 τρίτον
3085 1546 3411 1626 γραδήλιον,
3473 1549 3563 1604 καὶ
3618 1550 3812 1607 πίπτει

2150 1633 2451 1709 ἔμπροσθεν
2480 1641 2577 1691 τοῦ
2619 1635 2923 1693 ὑποποδίου
2967 1642 3065 1694 τοῦ
3097 1637 3303 1708 σένζου,
3347 1638 3438 1694 καὶ
3480 1639 3632 1716 φιλεῖ
3676 1641 3808 1704 τοὺς

2147 1721 2319 1780 πόδας
2378 1729 2475 1780 τοῦ
2529 1725 2775 1802 μεγάλου
2825 1724 3087 1783 δεσπότου
3135 1729 3226 1782 καὶ
3273 1728 3342 1783 τὰ
3416 1726 3512 1783 δύο
3577 1730 3807 1803 γόνατα,

2149 1815 2360 1887 ὁμοίως
2414 1814 2504 1869 καὶ
2551 1819 2649 1870 τοῦ
2712 1821 2932 1890 μικροῦ,
2999 1818 3089 1871 καὶ
3157 1817 3385 1879 ἀναστὰς
3459 1815 3631 1872 ἁπλοῖ
3695 1819 3793 1882 τὰς

2149 1908 2339 1982 χεῖρας
2375 1903 2464 1959 καὶ
2519 1900 2788 1977 λαμϐάνει
2838 1906 2984 1979 παρά
3030 1910 3138 1960 τῶν
3191 1903 3464 1961 δεσποτῶν
3509 1908 3570 1962 τὸ
3605 1909 3806 1984 στιχάε

2153 2014 2264 2070 ριον
2315 1994 2405 2048 καὶ
2475 1994 2538 2049 τὸ
2601 1993 2902 2070 βαλτίδιον.
2954 1997 3059 2051 Καὶ
3102 1995 3302 2071 εἰσάγει
3354 1995 3514 2052 αὐτὸν
3566 1998 3594 2052 ὁ
3642 2018 3810 2072 πραι-

2148 2084 2378 2148 πόσιτος
2430 2082 2484 2139 ἓν
2531 2089 2612 2156 τῷ
2671 2090 2968 2161 χειμερινῷ
3028 2085 3427 2161 κονσιστωρίῳ,
3489 2088 3578 2142 καὶ
3637 2084 3810 2144 ἐνδύει

2149 2171 2308 2228 αὐτὸν
2341 2173 2402 2228 τὸ
2434 2173 2719 2249 στιχάριον
2751 2174 2843 2229 καὶ
2885 2177 3144 2244 ζώννυσιν
3173 2175 3338 2230 αὐτὸ)
3391 2177 3453 2230 τὸ
3497 2174 3807 2250 βαλτίδιον,

2148 2263 2236 2316 καὶ
2289 2263 2381 2318 εἶθ’
2431 2262 2605 2326 οὕτως
2647 2265 2943 2341 προσφέρει
2993 2263 3152 2320 αὐτὸν
3221 2265 3358 2339 πρὸς
3433 2265 3562 2326 τοὺς
3631 2264 3808 2328 πόδας

2147 2357 2254 2409 τῶν
2285 2352 2582 2422 δεσποτῶν,
2615 2355 2704 2411 καὶ
2758 2361 2911 2432 φιλεῖ
2955 2355 3082 2418 τοὺς
3131 2353 3322 2426 πόδας,
3368 2356 3448 2418 ὡς
3496 2357 3558 2412 τὸ
3611 2358 3806 2431 πρότε-

2150 2463 2263 2518 ρον,
2314 2441 2732 2522 ἂπευχαριστῶν
2799 2444 2928 2508 τοὺς
2991 2443 3276 2507 δεσπότας.
3329 2445 3429 2500 Καὶ
3480 2440 3661 2500 λαϐὼν
3699 2445 3798 2499 αύ-

2147 2533 2239 2589 τὸν
2294 2534 2321 2588 ὁ
2377 2535 2736 2610 πραιπόσιτος
2779 2533 2995 2606 ’ίστησιν
3060 2535 3220 2590 αὐτὸν
3282 2534 3358 2597 εἷς
3415 2533 3650 2610 κεφαλήν
3693 2537 3791 2588 τοῦ

2149 2622 2400 2698 σεκρέτου
2457 2628 2566 2678 τῶν
2608 2625 2926 2698 πατρικίων,
2986 2625 3075 2680 καὶ
3165 2625 3470 2702 εἰσάγονται
3539 2622 3644 2677 ἀπὸ
3728 2643 3792 2678 τε

2148 2711 2446 2790 πατρικίων
2505 2713 2671 2789 μέχρι
2700 2720 2810 2769 τῶν
2870 2714 3136 2791 ἐσχάτων,
3167 2715 3522 2789 κρατούμενοι
3562 2712 3666 2767 ὑπὸ
3709 2733 3796 2766 σι-

2147 2801 2486 2879 λεντιαρίων,
2533 2804 2622 2858 καὶ
2677 2803 3193 2881 ἀπευχαριστοῦσιν,
3243 2804 3320 2866 ὡς
3387 2797 3650 2864 λαϐόντες
3708 2821 3806 2856 κε-

2147 2895 2326 2974 φαλήν
2386 2895 2658 2972 σεκρέτου.
2715 2898 2779 2954 '0
2839 2896 2896 2952 δὲ
2955 2896 3341 2973 σιλεντιάριος,
3403 2897 3571 2958 ἑστὼς
3633 2894 3800 2969 μέσον

2142 2992 2240 3042 τοῦ
2279 2988 2553 3063 σεκρέτου,
2602 2985 2868 3062 λαμϐάνει
2925 2993 3100 3063 νεῦμα
3156 2989 3301 3066 παρὰ
3356 2993 3454 3044 τοῦ
3501 2991 3809 3064 πραιποσί-

2144 3097 2245 3132 του
2275 3077 2364 3132 καὶ
2407 3076 2573 3154 λέγει’
2604 3101 2625 3128 α
2659 3079 3020 3150 Κελεύσατε,››
3049 3077 3140 3134 καὶ
3171 3077 3460 3153 ἒπεύχεται
3487 3080 3520 3148 ἡ
3558 3076 3809 3156 σύγκλη-

2149 3186 2261 3228 τος·
2289 3190 2317 3218 ‹‹
2351 3167 2446 3229 Εἷς
2473 3165 2722 3230 πολλοὺς
2746 3169 2836 3223 καὶ
2868 3167 3102 3245 ἀγαθοὺς
3146 3168 3405 3247 χρόνους,
3440 3192 3470 3220 ››
3508 3168 3598 3224 καὶ
3651 3165 3812 3244 ἐξέρ-

2150 3274 2340 3331 χονται
2377 3253 2429 3311 ἐν
2475 3259 2555 3329 τῷ
2588 3259 2836 3332 μάκρωνι
2874 3261 2982 3312 τῶν
3012 3254 3370 3329 κανδιδάτων,
3421 3257 3512 3312 καὶ
3559 3253 3808 3312 δίδονται

2151 3343 2331 3419 μίνσαι
2391 3343 2538 3421 παρᾶ
2601 3349 2698 3400 τοῦ
2758 3343 3144 3421 σιλεντιαρίου.
3202 3346 3264 3404 Ὀ
3330 3343 3388 3400 δε
3459 3339 3806 3418 προϐληθεὶς

389 3432 682 3506 μάγιστρος
748 3430 1023 3506 ἐξέρχεται
1092 3429 1169 3495 εἷς
1233 3429 1360 3493 τοὺς
1419 3428 1641 3501 Ἰνδοὺς,
1697 3429 1788 3485 καὶ
1847 3428 2109 3488 ἀλλάσσει
2172 3433 2351 3510 σαγίον
2416 3434 2679 3507 ἀληθινὸν
2739 3437 2919 3492 ἐπάνω
2978 3440 3076 3492 τοῦ
3109 3434 3403 3513 στιχαρίου
3463 3435 3649 3506 αὐτοῦ,
3707 3435 3797 3489 καὶ

383 3520 666 3598 ἀναχωρεῖ
703 3520 781 3584 εἷς
836 3522 926 3576 τὸν
985 3519 1132 3575 οἶκον
1166 3520 1351 3591 αὑτοῦ,
1410 3520 1500 3574 καὶ
1559 3518 1611 3574 εἷ’
1671 3520 1767 3594 μὲν
1819 3517 1932 3576 ἔστι
1989 3521 2312 3594 πλησιάζων
2369 3529 2448 3597 τῷ
2505 3524 2759 3600 παλατίῳ
2817 3527 2846 3580 ὁ
2908 3526 3058 3590 οἶκος
3117 3525 3304 3597 αὐτοῦ,
3337 3525 3643 3600 ὀψικεύεται
3685 3522 3790 3578 ὑπὸ

385 3609 768 3683 ἀξιωματικῶν
799 3611 887 3666 καὶ
919 3607 1255 3684 δομεστίκων
1303 3607 1526 3665 πεδίτου
1583 3609 1673 3664 καὶ
1717 3609 2056 3685 ζσχολαρίων
2103 3611 2325 3670 πεδίτου
2382 3618 2498 3690 (62)
2537 3616 2628 3671 καὶ
2679 3615 3014 3693 σκουταρίων
3061 3613 3158 3673 τοῦ
3211 3617 3447 3692 ἀριθμοῦ
3503 3615 3594 3671 καὶ
3655 3613 3796 3669 διαι-

379 3701 583 3775 ταρίων
687 3702 777 3756 καὶ
877 3699 1134 3758 δεκανῶνο

384 3793 468 3848 ὃτι
499 3794 589 3848 καὶ
620 3792 672 3848 ἐν
698 3795 882 3866 ὲοστῇ,
916 3794 1002 3848 ἐὰν
1035 3787 1353 3868 προϐληθῇ,
1387 3790 1561 3854 οὕτως
1594 3792 1892 3870 ἀναχωρεῖ.

971 3885 1204 3943 CAPUT
1244 3884 1463 3940 XLVII.

392 3977 742 4034 Obseruando
774 3977 838 4033 in
865 3977 1209 4050 promotione
1235 3975 1472 4050 patricii
1498 3975 1767 4032 senatoris
1794 3985 1847 4032 et
1876 3975 2037 4033 mili-

1002 4053 1122 4105 tum
1145 4049 1412 4121 prafecti.

460 4212 503 4268 Ι.
541 4210 729 4268 Pridie
767 4210 946 4267 unius
977 4210 1092 4265 diei
1129 4225 1476 4282 responsum
1521 4209 1710 4275 datur,
1729 4210 2037 4282 omnisque

384 4305 622 4359 senatus
641 4304 934 4372 monetur,
956 4299 1092 4356 utin
1117 4297 1451 4355 mutatoriis
1485 4298 1784 4369 procedat:
1802 4299 1853 4355 is
1869 4316 2037 4357 mane

1241 3701 1288 3756 εἱ
1392 3699 1449 3755 δὲ
1521 3699 1635 3756 ἐστι
1714 3701 1972 3776 μηκὸθεν,
2032 3704 2087 3758 οἱ
2160 3705 2315 3760 αύτοὶ
2392 3705 2513 3761 ἄνευ
2568 3711 2674 3762 τῶν
2734 3707 3141 3782 ἀξιωματικῶν.
3183 3708 3309 3783 Χρὴ
3374 3703 3432 3761 δὲ
3508 3705 3799 3783 γινώσκειν

2772 3891 3032 3948 ΚΕΦΑΛ.
3055 3889 3185 3948 MZ'.

2146 3977 2288 4050 “0cm
2352 3974 2472 4058 ,δεῖ
2570 3977 3206 4058 παραφυλάττεινιηςέπὶ
3293 3980 3608 4058 ,προαγωγῇ
3700 3999 3810 4058 πα-

2216 4048 2428 4124 τρικίου
2528 4048 2897 4125 συγκλητιγοῦ
2999 4051 3115 4123 (63)
3218 4048 3360 4106 καὶ’
3435 4048 3812 4125 στρατηγοῦν-

2217 4141 2334 4183 τος.

2216 4211 2298 4269 Α’.
2359 4212 2472 4284 ΙΙρό
2523 4215 2648 4283 μιᾶς
2705 4207 2913 4267 δίδοται
2973 4210 3283 4282 ἀπόκρισις,
3354 4211 3443 4266 καὶ
3532 4207 3800 4283 μηνύεται

2147 4301 2290 4354 πᾶσα
2345 4301 2380 4367 ἡ
2441 4297 2767 4374 σύγκλητος,
2820 4297 2913 4356 ’ἶνα
2973 4299 3213 4375 προέλθῃ
3276 4301 3410 4374 μετᾶ
3439 4297 3786 4373 ἀλλαξίμων⁹

1743 4389 1984 4445 νΑΒΙΑι
2025 4390 2442 4448 LECTIONES.

453 4484 499 4519 ³⁸
525 4479 696 4556 βῆλα,
729 4490 774 4536 α’

808 4479 1164 4555 parvis-r9094,
1187 4479 1284 4555 καὶ
1310 4478 1360 4553 β’
1379 4479 1470 4535 ed.
1541 4477 1886 4555 ²⁹Ασεκόρων,
1946 4481 2295 4537 vocabulum
2348 4482 2580 4555 incertae
2625 4481 3072 4555 signiﬁcationis
3120 4482 3250 4555 cod.
3291 4481 3352 4537 b.
3384 4480 3424 4539 l.
3487 4481 3706 4555 praebet
3745 4483 3807 4537 et

383 4551 537 4611 infra
567 4573 623 4628 p.
649 4556 774 4610 237.
809 4551 880 4628 lt
899 4551 976 4628 et
996 4551 1064 4607 12
1095 4551 1366 4628 Leicbius
1397 4567 1466 4628 ea
1490 4551 1831 4628 conjectura
1861 4559 1948 4608 ter
1978 4552 2421 4628 σακρῷνκεεῐηοι
2451 4558 2643 4628 autem
2677 4551 2942 4628 σεκρὲτων
2975 4553 3296 4627 rescripsit.
3333 4551 3648 4625 utrumque
3668 4553 3808 4625 jure

382 4624 754 4699 improbante
783 4624 1039 4681 Reiskio.

1116 4625 1161 4658 ³ο
1193 4619 1465 4695 πληρωθῇ
1500 4619 1944 4684 ϐάξείσέλθωσιν
1978 4619 2359 4692 8.,ἐἰσελθὼν
2393 4625 2545 4692 cod.,
2579 4619 2834 4692 εἰσῆλθον
2866 4626 2959 4683 ed.

1345 4750 1348 4754 λ
1427 4708 1627 4765 JOAN.
1669 4710 1814 4766 JAC.
1858 4713 2122 4770 REISKII
2163 4712 2757 4771 COMMENTARIUS.

455 4803 568 4874 (6t)
609 4803 757 4866 Quid
807 4803 884 4858 sit
932 4799 1192 4875 σεκόρων,
1247 4814 1341 4875 me
1383 4813 1498 4854 non
1550 4799 1777 4875 assequi
1812 4799 2038 4875 fateor;
2071 4804 2117 4868 1)
2151 4802 2296 4875 mini
2332 4817 2453 4875 _me
2510 4802 2852 4875 candidatos
2929 4804 3032 4858 aut
3088 4801 3445 4875 domesticos
3504 4815 3810 4875 sacrarum

386 4871 573 4943 neque
627 4880 822 4930 tamen
884 4871 1194 4931 assensum
1255 4871 1413 4936 dare,
1465 4874 1565 4943 aut
1626 4871 2036 4943 auctoritatem

389 4942 710 5017 Leichianaa
770 4947 1122 5017 conjectura:
1172 4943 1410 5015 σακρῶν,
1457 4942 1562 5017 cui
1621 4942 1746 5013 ipse
1803 4943 2035 5017 diffidit,

387 5011 896 5098 quandoquidem'
924 5035 978 5087 p.
1031 5017 1154 5098 139.
1214 5011 1582 5098 A;.O§?tpéttov
1617 5011 1739 5098 pro
1798 5011 2036 5098 σεκόρων

387 5085 713 5152 substituit,
746 5085 1006 5144 astruere
1033 5090 1212 5144 valeo.
1261 5085 1711 5140 Obtinuerintne
1741 5086 1889 5141 seris
1921 5085 2035 5143 illis

387 5159 747 5226 temporibus
780 5159 1020 5214 comites
1065 5172 1362 5214 sacrarum
1395 5155 1762 5227 largitionem
1810 5157 1868 5212 in
1901 5157 2035 5215 aula

385 5229 722 5301 Byzantina,
765 5230 926 5285 valde
975 5231 1175 5287 dubito
1209 5249 1223 5297 ;
1255 5229 1420 5297 item,
1469 5228 1700 5301 nudene
1758 5229 1841 5284 sic
1893 5229 2032 5286 dicti

385 5299 597 5356 fuerint
641 5317 948 5369 sacrarum,
990 5318 1094 5374 pro
1131 5315 1416 5374 sacrarum
1460 5299 1823 5374 largitionum
1857 5301 2030 5358 comi-

381 5377 463 5444 tes
497 5389 510 5427 :
545 5376 697 5442 quod
733 5373 970 5443 quidem
993 5372 1160 5444 apud
1197 5372 1443 5444 Latinos
1471 5373 1527 5444 in
1561 5387 1671 5426 usu
1700 5375 2029 5444 erat,iapud

382 5443 610 5500 Graecos
641 5442 832 5500 autem
867 5445 994 5501 ideo
1025 5442 1137 5500 non
1161 5444 1392 5498 videtur
1421 5442 1617 5509 fuisse,
1649 5444 1800 5513 quod
1833 5442 2030 5498 illiciat-

380 5532 514 5589 κρας
587 5517 949 5592 appellarent
1000 5514 1686 5592 imperatorumﬁdicta.
1746 5515 2029 5592 Praeterea

381 5586 493 5644 non
539 5586 704 5649 erant
752 5588 949 5660 plures
980 5587 1224 5660 comites
1263 5586 1671 5660 largitionum,
1699 5587 1796 5641 sed
1832 5601 2024 5656 unus;

379 5675 565 5730 neque
589 5657 770 5717 etiam'
788 5665 904 5716 tam
939 5660 1100 5724 viles,
1124 5662 1186 5713 ut
1203 5657 1434 5730 bypatjs
1461 5657 1808 5728 posteriores
1830 5664 2027 5715 essent

2151 4872 2531 4944 largitionum
2605 4873 2864 4945 legisse,
2902 4889 3051 4945 quos
3120 4872 3332 4929 Latina
3405 4871 3812 4945 interpretatio

2147 4961 2204 5016 ρ.
2232 4943 2332 4999 139
2353 4943 2739 5000 commendat.
2773 4943 2930 5000 Mihi
2948 4945 3181 5016 quidem
3217 4961 3289 5000 ne
3323 4943 3639 5015 probabilis
3669 4943 3808 5016 qui-

2146 5015 2279 5072 dem
2327 5017 2662 5086 conjectura
2703 5015 2996 5072 succurrit
3025 5017 3094 5071 de
3143 5031 3344 5086 sensu.
3375 5021 3478 5071 aut
3521 5015 3801 5071 emenda-

2144 5089 2322 5167 tione,
2358 5085 2555 5167 siqua
2581 5099 2728 5167 ’opus
2753 5095 2861 5148 est,
2895 5087 3162 5167 vocabuli
3193 5085 3452 5167 σεκόρων.
3528 5163 3536 5167 Α
3780 5155 3793 5167 ⁸

2214 5161 2328 5230 (62)
2359 5159 2600 5215 Videtur
2623 5161 2777 5216 idem
2808 5175 2937 5216 esse
2957 5165 3132 5231 atque
3164 5162 3464 5231 peditatus,
3488 5163 3546 5212 et
3575 5159 3796 5231 opponi

2143 5227 2484 5303 domesticis
2506 5238 2563 5286 et
2595 5231 2901 5287 scholariis
2931 5227 3250 5303 equitatus,
3273 5229 3362 5303 vel
3391 5227 3793 5303 equestribus.

2140 5301 2477 5374 Domestici,
2514 5303 2660 5359 alias
2704 5299 3059 5374 protectores
3112 5299 3463 5374 domesticis
3494 5299 3802 5371 (deinceps

2139 5373 2416 5429 si-holarii
2441 5375 2605 5442 dicti,
2640 5377 2877 5430 nomine
2908 5375 3212 5431 domestici
3248 5376 3305 5429 in
3329 5373 3589 5444 ipsorum
3622 5377 3804 5444 caput

2139 5453 2192 5500 et
2227 5446 2557 5515 prafectum
2582 5449 2969 5514 transeunte),
2993 5446 3285 5517 geminam
3311 5442 3800 5517 habebantsc‘bo-

2138 5513 2281 5590 lam,
2314 5519 2810 5590 unamipeditum,
2835 5513 3079 5590 alteram
3112 5519 3414 5590 equitum;
3449 5515 3569 5571 vid.
3598 5513 3799 5570 Vales.

2137 5589 2426 5662 aiAmrp.
2462 5589 2715 5646 Marcell.
2750 5589 2927 5662 p.752.
2962 5589 3022 5644 Β.

2205 5660 2321 5744 (ὃᾷ)
2353 5655 2868 5744 Ορροηυᾳιιιιιίιὶο
2897 5658 3126 5744 patricii
3158 5658 3433 5744 curiales,
3461 5657 3562 5731 qui
3592 5657 3665 5712 ad
3693 5655 3796 5725 τὴν

377 5737 434 5789 et
464 5726 786 5798 stratelatis
824 5726 1573 5806 equipararenturtNeque
1605 5745 1867 5802 unquam
1898 5746 2024 5790 me-
2133 5726 3638 5809 c~5~fonro£senatumregni,pertinebant,proceres
3655 5744 3796 5787 con-
