4158 6420
300 323 418 386 499

1379 327 1910 388 CONSTANTINI
1958 326 2654 388 PORPHYROGENITI

3605 326 3730 389 500

300 468 565 537 puteum,
597 479 844 534 cumque
873 464 1056 519 cereis
1078 465 1342 520 accensis
1369 465 1655 537 templum
1680 465 1948 537 ingressi,

2074 464 2136 518 τὰ
2164 465 2448 534 ποιήματα
2499 463 2693 518 αὐτῶν.
2729 463 2856 519 Ὅτε
2886 459 2944 516 δὲ
2975 460 3120 538 λέγει
3159 462 3222 518 τὸ
3272 459 3448 536 ὅνομα
3497 463 3586 518 καὶ
3625 465 3729 533 τήν

300 553 362 608 in
397 567 636 609 scamno
667 553 1045 624 patriciorum
1078 555 1430 624 consistunt,
1463 562 1520 610 et
1550 572 1684 611 cum
1720 563 1953 627 tempus

300 641 652 714 precationis
683 659 716 697 a
748 641 1078 712 patriarcha
1116 659 1294 714 super
1338 645 1601 716 patriciis
1649 647 1954 700 recitandae

300 730 753 803 appropinquat,
784 731 944 786 venit
975 732 1404 788 referendarius
1435 749 1652 805 eosque
1695 735 1957 801 advocat,

302 824 360 876 et
380 820 462 876 sic
483 819 769 891 templum
792 824 849 876 et
869 821 1110 888 soleam,
1127 822 1224 877 ubi
1248 823 1678 879 antimensium
1700 825 1956 895 positum

297 913 405 972 est.
429 909 665 966 intrant.
700 910 1037 966 Patriarcha
1056 912 1126 966 ab
1152 910 1322 967 altari
1347 915 1689 984 procedens,
1714 915 1955 969 codicil-

295 1000 386 1057 los
417 1001 488 1056 ab
517 1002 664 1074 ipsis
695 1006 964 1073 sumptos
995 1003 1053 1057 in
1085 1003 1442 1060 antimensio
1476 1005 1723 1077 reponit,
1758 1021 1954 1074 preces

301 1090 522 1156 recitat,
537 1095 594 1146 et
615 1090 705 1146 his
730 1091 938 1158 ﬁnitis,
960 1092 1280 1165 unicuique
1303 1094 1548 1165 patricio
1567 1111 1706 1150 suos
1724 1095 1952 1150 codicil-

295 1179 384 1236 los
413 1179 628 1249 tradit;
661 1198 776 1252 quo
810 1181 980 1248 facto,
1013 1182 1230 1253 singuli
1264 1183 1492 1255 patricii
1525 1185 1679 1239 dona
1712 1201 1820 1240 sua
1851 1201 1952 1240 seu

302 1269 646 1340 apocombia
676 1271 737 1324 in
769 1270 1119 1326 antimensio
1152 1272 1423 1340 offerunt,
1458 1277 1749 1345 strategus
1792 1290 1958 1329 num-

305 1375 434 1415 mos
465 1359 678 1426 LXXII,
710 1361 1045 1416 ordinarius
1079 1362 1142 1428 L,
1175 1361 1524 1418 honorarius
1555 1364 1812 1419 XXXVI.
1849 1370 1956 1420 Pa-

301 1449 557 1506 triarcha
586 1450 656 1504 ad
682 1449 1122 1518 antimensium,
1152 1451 1210 1507 in
1243 1469 1357 1522 quo
1373 1453 1526 1508 dona
1549 1458 1954 1526 reposuerunt,

306 1553 634 1611 progresso,
671 1539 892 1609 patricii
913 1539 1148 1607 intrant,
1174 1544 1232 1596 et
1252 1543 1661 1597 communione
1685 1543 1831 1614 ipsis
1854 1544 1958 1598 im-

306 1628 540 1698 pertita,
566 1629 636 1682 ad
665 1644 973 1683 scamnum
998 1629 1376 1700 patriciorum
1403 1631 1736 1701 discedunt,
1757 1648 1960 1687 omnes

306 1731 444 1788 saga
470 1731 766 1786 purpurea
794 1721 1050 1787 gestant,
1082 1721 1140 1772 et
1167 1719 1450 1789 obsequio
1507 1719 1793 1790 promotis
1843 1719 1962 1774 dis-

305 1805 551 1872 tributo,
581 1806 651 1860 ad
683 1805 885 1860 domos
915 1822 1053 1861 suas
1085 1822 1222 1862 cum
1266 1808 1574 1862 comitibus
1625 1808 1956 1864 discedunt.

307 1893 620 1949 Silentiarii
643 1894 802 1966 sagis
828 1897 1016 1950 russis
1047 1894 1261 1967 induti,
1294 1897 1627 1953 conscensis
1657 1899 1841 1969 equis,
1874 1897 1958 1968 ip-

303 1999 504 2038 sorum
525 1983 824 2039 codicillos
847 1989 1077 2054 portant
1097 1990 1154 2040 et
1177 2001 1360 2057 usque
1379 1987 1448 2040 ad
1469 1987 1674 2042 domos
1697 2003 1835 2042 suas
1859 2003 1957 2043 eos

306 2078 656 2143 sequuntur.
692 2072 750 2127 Si
791 2078 1088 2143 promotus
1128 2075 1406 2144 patricius
1464 2091 1704 2130 uxorem
1764 2075 1957 2145 habet,

309 2162 662 2218 silentiarius
693 2161 993 2218 codicillos
1026 2165 1278 2234 patriciae
1312 2165 1483 2231 tradi,
1517 2170 1574 2220 et
1595 2165 1665 2220 ab
1688 2182 1756 2221 ea
1787 2182 1957 2221 num-

309 2265 435 2305 mos
457 2249 551 2304 Xll
574 2250 785 2321 accipit
809 2266 821 2306 :
844 2249 893 2305 si
916 2250 1122 2306 caelebs
1146 2257 1250 2320 est,
1276 2251 1635 2308 silentiarius
1657 2253 1959 2310 codicillos

311 2339 371 2393 in
405 2338 644 2410 grabato
671 2339 800 2409 ejus
830 2340 1078 2410 reponit,
1113 2341 1182 2395 ab
1215 2341 1339 2412 ipso
1373 2357 1647 2398 nummos
1677 2343 1780 2398 Xll
1805 2343 1959 2398 acci-

307 2427 414 2498 pit,
446 2432 504 2482 et
535 2426 796 2483 convivio
823 2427 1062 2498 insuper
1085 2433 1380 2500 exceptus,
1414 2431 1653 2485 domum
1686 2432 1957 2488 discedit.

2067 554 2234 624 ἀξίαν,
2268 557 2562 620 προσκυνεῖ
2613 551 2750 626 πρὸς
2780 553 2870 606 τὸν
2905 549 3196 628 δήμαρχον
3237 553 3326 607 καὶ
3377 553 3472 606 τὸν
3519 550 3726 625 δῆμον,

2066 642 2155 695 καὶ
2223 643 2250 696 6
2302 639 2592 715 δήμαρχος
2649 641 2785 715 πρὸς
2844 640 3004 695 αὐτὸν
3050 646 3222 695 ποιῶν
3264 640 3326 695 τὸ
3373 636 3533 703 σέϐας
3579 644 3724 716 (70),

2067 731 2280 804 ὁμοίως
2309 729 2672 804 ἀκτολογοῦσι
2713 731 2804 784 γαῖ
2843 731 2970 792 τοὺς
3019 729 3273 799 λοιποὺς,
3305 731 3519 804 ὁμοίως
3558 730 3651 786 καὶ
3693 732 3722 786 ὁ

2068 819 2245 894 δῆμος
2283 824 2381 874 τοῦ
2431 821 2674 876 Βενὲτου.
2710 819 2816 874 Καὶ
2875 818 3210 895 ἀπέρχονται
3269 820 3322 874 οἱ
3379 815 3726 894 προϐληθέν-

2067 931 2153 972 τες
2205 907 2294 964 διὰ
2337 913 2434 963 τοῦ
2493 913 2666 986 χυτοῦ
2710 915 2810 977 τῆς
2848 910 3068 984 χαλκῆς
3119 909 3195 971 εἷς
3231 909 3294 964 τὸ
3339 909 3495 984 ἅγιον
3529 911 3723 985 φρέαρ,

2067 998 2157 1053 καὶ
2190 999 2419 1053 ἅπτουσι
2473 997 2677 1072 κηροὺς
2735 999 2823 1051 καὶ
2873 997 3214 1072 εἰσέρχονται
3273 997 3325 1052 ἐν
3356 1002 3438 1071 τῷ
3464 1003 3598 1071 ναῷ,
3630 999 3726 1054 καὶ

2062 1087 2307 1143 ’ίστανται
2341 1087 2416 1152 εἷς
2443 1089 2505 1142 τὸ
2547 1088 2781 1161 σκάμνον
2815 1093 2923 1142 τῶν
2969 1087 3292 1162 πατρικίων,
3326 1088 3417 1143 καὶ
3458 1087 3548 1144 ὅτε
3579 1089 3724 1144 ἐστιν

2075 1179 2102 1233 6
2151 1171 2339 1253 καιρὸς
2400 1177 2643 1254 γενέσθαι
2701 1178 2803 1246 τὴν
2863 1178 3035 1253 εὐχὴν
3089 1182 3198 1233 τῶν
3235 1179 3540 1254 πατρικίων
3580 1179 3732 1253 παρᾶ

2073 1269 2170 1324 τοῦ
2207 1268 2580 1346 πατριάρχου,
2621 1262 2842 1343 ἔρχεται
2874 1269 2902 1322 6
2950 1266 3358 1345 ῥεφερενδάριος
3407 1269 3496 1324 καὶ
3554 1289 3732 1344 προσ-

2070 1357 2318 1413 καλεῖται
2361 1356 2576 1424 αὐτοὺς,
2604 1358 2690 1411 καὶ
2727 1357 3067 1432 εἰσέρχονται
3109 1357 3182 1418 εἰς
3215 1359 3305 1412 τὸν
3339 1359 3462 1413 ναὸν
3513 1359 3588 1422 εἷς
3627 1360 3730 1428 τὴν

2075 1446 2337 1516 σωλαίαν,
2371 1443 2490 1500 ἔνθα
2535 1443 2751 1501 ’ίσταται
2807 1446 2870 1500 τὸ
2919 1445 3242 1518 ἀντιμίσιον.
3277 1447 3383 1502 Καὶ
3452 1446 3733 1526 ἐξερχεται

2073 1536 2100 1589 ὀ
2140 1536 2493 1610 πατριάρχης
2532 1534 2592 1589 ἐκ
2621 1538 2716 1590 τοῦ
2756 1535 3166 1609 θυσιαστηρίου,
3198 1536 3284 1589 καὶ
3335 1531 3608 1609 λαμϐάνει
3664 1537 3735 1591 τὰ

2069 1621 2411 1680 κωδικὲλλια
2442 1622 2492 1695 ἐξ
2539 1624 2743 1690 αὐτῶν,
2782 1623 2874 1678 καὶ
2919 1624 3133 1694 τίθησιν
3184 1622 3320 1679 αὐτὰ
3354 1623 3406 1678 ἐν
3449 1629 3528 1696 τῷ
3578 1627 3732 1680 ἀντι-

2075 1713 2259 1786 μισίῳ,
2291 1712 2381 1767 καὶ
2411 1717 2561 1766 ποιεῖ
2604 1713 2704 1780 τήν
2739 1712 2934 1786 εὐχὴν,
2966 1714 3056 1766 καὶ
3118 1713 3216 1766 εἶθ’
3246 1713 3423 1775 οὕτως
3467 1711 3730 1769 ἐπιδίδω-

2073 1823 2154 1857 σιν
2208 1802 2281 1856 ivi
2333 1801 2541 1873 ἑκάστῳ
2589 1800 2860 1874 πατρικίῳ
2905 1801 2971 1855 τὰ
3024 1798 3361 1856 κωδικέλλια
3411 1801 3729 1873 αὖτῶν,καὶ

2063 1890 2290 1952 ἕκαστος
2319 1890 2602 1964 πατρίκιος
2633 1890 2813 1959 τίθησι
2844 1889 2908 1944 τὸ
2939 1885 3280 1964 ἀποκόμὸιον
3333 1891 3499 1946 αὐτοῦ
3542 1891 3595 1946 ἐν
3646 1898 3729 1966 τῷ

2071 1980 2388 2053 ἀντιμισίῳ,
2435 1981 2463 2034 6
2513 1980 2814 2055 στρατηγὸς
2860 1979 3172 2052 νομίσματα
3221 1983 3332 2052 (71)
3382 1981 3486 2056 οβ’,
3543 1982 3571 2036 6
3629 1977 3731 2056 ἔμ-

2067 2092 2303 2147 πραττος
2349 2069 2658 2144 νομίσματα
2713 2077 2775 2142 ν’,
2828 2071 2855 2125 ὁ
2912 2068 3188 2144 ἄπραττος
3247 2073 3570 2146 νομίσματα
3623 2073 3728 2138 λς’.

2069 2162 2170 2218 Καὶ
2205 2161 2506 2234 ἀπέρχεται
2550 2160 2578 2214 6
2608 2160 2963 2235 πατριάρχης
3008 2158 3060 2214 ἐν
3116 2165 3196 2232 τῷ
3255 2161 3571 2234 ἀντιμισίῳ,
3605 2160 3732 2227 ἔνθα

2069 2246 2344 2322 μεταδίδει
2374 2250 2654 2320 1w""(72),
2702 2249 2790 2302 καὶ
2842 2242 3178 2323 εἰσέρχονται
3222 2251 3274 2304 οἱ
3304 2251 3588 2325 πατρίκιοι
3636 2251 3730 2306 καὶ

2068 2341 2467 2408 κοινωνοῦσιν,
2493 2337 2588 2391 εἶθ’
2630 2337 2809 2399 οὕτως
2867 2338 3199 2413 ἀπέρχονται
3260 2339 3338 2402 εἲς
3380 2339 3444 2394 τὸ
3493 2340 3732 2414 σκάμνον

2070 2432 2184 2482 τῶν
2216 2427 2544 2500 πατρικίων,
2575 2427 2666 2481 καὶ
2700 2430 2932 2503 φοροῦσι
2963 2426 3124 2502 σαγία
3155 2425 3393 2498 ἀληθινὰ
3435 2429 3730 2507 ἀμφότεροι

309 2515 403 2572 καὶ
459 2512 828 2590 διαμερίζεται
895 2519 1009 2590 (75)
1069 2518 1130 2571 τὸ
1190 2517 1401 2591 ὀψίκιον
1465 2517 1540 2582 εἷς
1595 2519 1724 2582 τοὺς
1782 2516 2219 2594 προϐληθέντας,
2259 2518 2350 2572 καὶ
2409 2517 2794 2591 ἀναχωροῦσιν
2846 2518 2922 2580 είς
2976 2516 3105 2580 τοὺς
3137 2516 3324 2580 οἷ’κους
3381 2519 3553 2574 αὐτῶν
3603 2519 3727 2592 ὀψι-

307 2607 612 2681 κευόμενοι.
655 2607 761 2663 Καὶ
822 2608 872 2662 οὶ
933 2605 1292 2681 σιλεντιάριοι
1355 2613 1644 2688 φοροῦντες
1703 2610 1862 2683 σαγία
1921 2608 2054 2685 ῥοῆς
2111 2603 2507 2681 καϐαλλάριοι,
2562 2608 2916 2682 βαστάζοντες
2988 2617 3055 2661 τά
3119 2605 3452 2663 κωδικὲλλια
3524 2607 3721 2680 αὐτῶν,

309 2697 400 2754 καὶ
448 2693 784 2773 ἀπέρχονται
837 2697 1003 2773 μέχρι
1059 2703 1166 2753 τῶν
1215 2697 1378 2753 οἴκων
1429 2698 1605 2754 αὐτῶν
1667 2699 2031 2774 ὀψικεύοντες.
2065 2698 2128 2756 Εἰ
2184 2699 2278 2771 μὲν
2341 2697 2457 2772 ἔχει
2489 2702 2716 2772 γυναῖκα
2765 2699 2793 2752 6
2843 2692 3182 2772 προϐληθεὶς
3220 2699 3523 2773 πατρίκιος,
3552 2695 3728 2754 ἐπιδί-

311 2785 474 2842 δωσιν
531 2787 558 2842 6
609 2786 970 2863 σιλεντιάριος
1030 2789 1098 2842 τὰ
1153 2785 1492 2844 κωδικὲλλια
1540 2794 1610 2863 τῇ
1668 2788 1946 2864 πατρικίᾳ,
1975 2789 2066 2844 καὶ
2126 2783 2394 2860 λαμϐάνει
2453 2786 2504 2857 ἐξ
2545 2787 2712 2855 αὐτῆς
2767 2788 3080 2860 νομίσματα
3133 2790 3220 2862 ιβ’·
3257 2787 3303 2842 εί
3357 2785 3413 2842 δὲ
3463 2788 3565 2843 οὐκ
3613 2786 3732 2863 ἔχει

317 2881 572 2953 γυναῖκα,
603 2876 819 2947 τίθησιν
875 2877 1009 2930 αὐτὰ
1066 2877 1141 2938 εἰς
1197 2878 1288 2931 τὸν
1345 2872 1648 2953 κράϐαττον
1699 2878 1884 2945 αὐτοῦ,
1943 2879 2031 2932 καὶ
2101 2872 2367 2950 λαμϐάνει
2424 2876 2490 2930 τὰ
2547 2877 2618 2949 ιβ’
2677 2874 2991 2949 οομίσματα
3047 2874 3098 2946 ἐξ
3157 2876 3343 2948 αὐτοῦ,
3393 2878 3484 2932 καὶ
3541 2876 3739 2952 ἀριστᾷ

316 2969 440 3041 μετ’
471 2965 637 3021 αὐτοῦ
669 2969 803 3038 (74),
835 2966 925 3020 καὶ
957 2967 1135 3028 οὕτως
1167 2966 1443 3042 ἀναχωρεῖ
1475 2966 1553 3021 εἷς
1594 2967 1684 3022 τὸν
1719 2968 1868 3022 οἶκον
1913 2966 2099 3022 αὐτοῦ.

320 3095 326 3100 -
381 3061 450 3112 ν.
486 3057 927 3114 Observandum
979 3062 1089 3125 est,
1138 3060 1292 3128 quod
1333 3059 1424 3113 die
1470 3059 1617 3114 testo
1669 3059 1955 3130 promotio
1987 3065 2030 3131 ί]

311 3145 536 3218 patricii
569 3162 683 3201 non
725 3147 1091 3211 instituatur,
1125 3146 1470 3202 instituatur
1523 3163 1652 3203 vero
1700 3148 1759 3202 in
1793 3149 1966 3203 dode-

314 3251 574 3294 caemero
629 3235 932 3302 festorum,
968 3235 1026 3291 in
1081 3234 1426 3292 hexaemero
1485 3238 1823 3308 septimanae
1883 3253 1966 3292 τεο

317 3323 668 3390 novationis,
700 3325 759 3379 in
791 3325 884 3379 die
918 3323 1246 3380 Palmarum
1277 3333 1331 3380 et
1375 3327 1678 3382 Dominica
1718 3342 1965 3398 pagana.

316 3416 530 3471 Sancto
561 3415 817 3470 Sabbato
843 3420 1084 3470 senatus
1106 3415 1474 3486 admonetur,
1499 3423 1564 3472 ut
1585 3417 1731 3472 albis
1751 3416 1968 3471 tunicis

313 3510 371 3562 et
399 3505 725 3560 atrebaticis
759 3505 1010 3572 incedat,
1042 3511 1100 3561 et
1133 3507 1479 3579 priusquam
1511 3507 1737 3562 domini
1780 3507 1840 3562 in
1873 3523 1970 3562 ec-

317 3594 556 3649 clesiam
609 3595 864 3662 veniant,
919 3599 1208 3650 secretum
1255 3596 1537 3652 candidas
1587 3596 1819 3651 tunicas
1865 3610 1970 3667 ge-

317 3686 484 3738 stans
515 3685 574 3738 in
607 3682 1069 3755 chrysotriclinio
1094 3692 1298 3755 praesto
1328 3689 1438 3752 est,
1463 3683 1749 3756 promotio
1771 3685 1841 3739 ad
1866 3700 1969 3755 pa-

316 3773 583 3828 triciatus
627 3773 969 3844 dignitatem
1019 3772 1365 3842 celebratur,
1419 3781 1468 3829 el
1514 3773 1573 3827 in
1623 3773 1969 3829 consistorio

317 3861 598 3918 solemnis
628 3861 997 3934 imperatoris
1028 3863 1088 3918 in
1118 3862 1328 3917 throno
1352 3878 1652 3919 consessus
1685 3863 1768 3930 tit,
1802 3877 1970 3918 sena-

319 3956 414 4009 tus
433 3951 626 4008 omnis
648 3950 996 4007 atrebaticas
1026 3951 1279 4020 tunicas,
1313 3954 1373 4006 ut
1393 3951 1484 4007 die
1516 3951 1701 4008 sancti
1735 3951 1972 4012 Sabbati

321 4056 449 4096 mos
486 4043 594 4105 est,
628 4039 856 4111 patricii
899 4055 1098 4095 recens
1152 4041 1328 4095 creati
1376 4040 1690 4096 atrebatica
1722 4046 1970 4105 mutant,

323 4133 490 4204 sique
521 4131 580 4186 in
615 4129 704 4186 his
735 4134 1028 4202 strategus
1049 4135 1159 4200 est,
1192 4147 1396 4203 sagum
1424 4147 1777 4203 purpureum
1801 4147 1973 4187 suos-

2144 3056 2214 3111 E'.
2251 3057 2366 3130 Χρή
2421 3051 2477 3109 δὲ
2524 3055 2831 3128 γινώσκειν,
2858 3056 2940 3110 ὅτι
2999 3053 3051 3110 ἐν
3113 3056 3276 3129 ἑορτῇ
3340 3050 3598 3130 προϐολὴ
3635 3076 3735 3110 πα·-

2069 3145 2282 3220 τρικίου
2341 3145 2402 3199 οὗ
2467 3143 2694 3220 γίνεται,
2751 3145 2850 3212 τήν
2934 3141 3352 3219 δωδεκαήμερον
3433 3149 3549 3219 (75)
3627 3150 3734 3200 τῶν

2073 3235 2276 3309 ἑορτῶν
2326 3236 2530 3308 γίνεται
2578 3234 2670 3288 καὶ
2718 3234 2817 3302 την
2879 3233 3178 3308 ὲξαήμερον
3230 3239 3329 3299 τῆς
3394 3232 3738 3306 διακαινησί-

2076 3345 2202 3399 μου,
2233 3324 2324 3378 καὶ
2375 3326 2476 3392 τήν
2531 3323 2740 3397 ἡμέραν
2769 3327 2876 3378 τῶν
2917 3324 3089 3378 Βαίων
3123 3327 3212 3378 καί
3273 3323 3325 3378 ἐν
3381 3330 3598 3402 παγανῇ
3632 3331 3739 3384 Κυ-

2075 3419 2240 3491 ριακῇ
2281 3415 2350 3482 ³⁵,
2383 3415 2472 3468 καὶ
2503 3413 2566 3468 τὸ
2598 3415 2754 3490 ἅγιον
2787 3407 3071 3467 Σάϐϐατον
3107 3413 3369 3486 μηνύεται
3419 3417 3453 3484 ἡ
3503 3416 3736 3490 σύγκλη-

2075 3525 2194 3572 τος,
2252 3501 2343 3556 ’ίνα
2387 3501 2694 3577 βαστάζωσι
2744 3503 2810 3556 τὰ
2854 3501 3033 3578 ἅσπρα
3083 3500 3351 3580 χλανίδια
3420 3505 3557 3577 μετά
3624 3510 3727 3558 τῶν

2077 3585 2476 3666 ἀτραϐατικῶν,
2537 3591 2624 3646 καὶ
2669 3591 2772 3665 πρὸ
2829 3595 2926 3646 τοῦ
2979 3590 3232 3647 ἀπελθεῖν
3291 3591 3418 3648 τοὺς
3471 3591 3730 3657 δεσπότας

2079 3682 2157 3744 εἷς
2213 3683 2313 3749 τὴν
2375 3679 2671 3751 ἐκκλησίαν
2733 3679 2953 3759 δέχεται
3031 3680 3277 3757 σέκρετον
3335 3683 3469 3755 μετά
3527 3682 3736 3740 λευκῶν

2077 3767 2383 3846 χλανιδίων
2434 3769 2509 3830 εἰς
2558 3767 2619 3822 τὰ
2670 3768 3150 3844 χρυσοτρίκλινον,
3181 3771 3271 3824 καὶ
3303 3771 3498 3846 γίνεται
3529 3774 3565 3840 ἡ
3597 3792 3738 3846 προ-

2079 3857 2223 3928 ϐολή
2267 3865 2366 3928 τῆς
2417 3859 2805 3932 πατριὸτητος,
2840 3857 2927 3912 καὶ
2969 3855 3180 3913 δίδοται
3232 3860 3634 3933 μεταστάσιμον
3686 3859 3741 3916 ἒν

2079 3953 2160 4021 τῷ
2218 3947 2612 4022 κονσιστωρίῳ,
2672 3946 2762 4001 καὶ
2820 3944 3083 4002 ἀλλάσσει
3143 3952 3287 4002 πᾶσα
3334 3950 3368 4018 ἡ
3431 3947 3745 4026 σύγκλητος

2082 4031 2414 4111 ἀτραϐατιιιά
2442 4034 2705 4111 χλανίδια
2734 4035 2870 4090 κατά
2906 4037 3006 4107 τὴν
3054 4039 3337 4108 συνήθειαν
3384 4045 3483 4108 τῆς
3529 4037 3742 4113 ἡμέρας

2081 4131 2178 4182 τοῦ
2226 4125 2381 4202 ἁγίου
2440 4121 2744 4196 Σαϐϐάτου,
2798 4125 3008 4199 ὁμοίως
3075 4126 3164 4182 καὶ
3225 4129 3276 4182 οἱ
3334 4124 3746 4202 προϐληθέντες

1614 4231 1851 4288 VARIE
1890 4228 2303 4287 LECTIONES.

393 4329 509 4374 "-35
543 4325 875 4403 μεταδίδωσι
919 4330 1011 4388 ed.
1090 4329 1137 4365 ³⁸
1167 4331 1421 4404 κυριακῇ,
1455 4329 1545 4384 καὶ
1575 4330 1668 4388 ϐἀ.

1357 4436 1556 4493 JOAN.
1597 4438 1735 4492 JAC.
1781 4433 2042 4492 REISKII
2081 4431 2673 4492 COMMENTARIUS.

393 4538 508 4610 (70)
534 4537 780 4620 fv’idetur
801 4535 1088 4620 peculiare
1109 4535 1343 4620 aliquod
1370 4533 1976 4620 genusincllination'i‘s
2006 4534 2053 4600 D
2089 4539 2228 4620 tunc
2251 4530 2749 4620 iseseidividit,hi
2780 4547 2842 4587 se
2874 4531 3008 4589 huic
3037 4533 3296 4620 patricio,
3331 4535 3428 4620 alii
3460 4537 3744 4620 secundo,

323 4602 583 4694 corporis
632 4626 734 4698 seu
785 4602 1245 4698 προσκυνῇξεως,
1266 4602 1627 4698 aiataiat/{0211‘s,
1659 4602 1978 4698 fuisse”?

324 4671 602 4808 πίρόσῆκον
649 4671 942 4751 ἀπονέμειν
995 4671 1158 4739 σέϐας
1214 4671 1392 4760 habet
1447 4671 1689 4761 Cedren:
1743 4695 1794 4746 p.
1851 4677 1975 4731 489.

326 4753 348 4807 l
395 4769 482 4808 em
517 4746 674 4814 σέϐας
708 4769 822 4823 pro
844 4752 955 4807 ﬁde
986 4756 1157 4821 atque
1194 4749 1485 4823 religione
1523 4760 1716 4823 posuit
1762 4766 1816 4819 p.
1851 4748 1978 4823 604.

399 4825 512 4894 (71)
555 4825 650 4879 Μ..
682 4816 759 4890 νῖι,
794 4819 822 4876 ὅ
849 4816 1078 4894 duplici
1103 4816 1586 4894 ειψιινίῖιψοείιῐ).⁸
1607 4820 1670 4875 Id
1701 4816 1784 4875 est
1815 4816 1980 4889 νομί-

329 4891 529 4966 σματα.
562 4895 684 4951 Mos
716 4895 814 4950 ille
857 4891 964 4949 fuit
1012 4893 1253 4966 librarii,
1279 4897 1343 4947 ut
1400 4891 1657 4966 plurales
1707 4907 1980 4947 numeros

330 4963 432 5037 per
461 4966 810 5037 compendia
833 4965 1098 5037 scribens
1119 4965 1339 5037 litteras
1358 4963 1723 5037 geminaret;
1758 4966 1820 5037 ut
1844 4981 1978 5037 κοκο

331 5033 469 5093 sunt
501 5033 766 5103 comites,
798 5033 870 5109 λλ
904 5035 1278 5109 ευηι-λίτραι,
1315 5033 1414 5109 ubi
1445 5051 1629 5090 unum
1669 5053 1732 5087 κο
1775 5034 1982 5109 fuisset

329 5111 514 5178 κόμης
546 5112 604 5163 et
636 5123 812 5162 unum
845 5103 877 5160 λ
909 5103 1596 5164 unalibra.Nomismata
1619 5110 1814 5162 autem
1842 5108 1982 5178 sunt

333 5177 564 5235 nummi
595 5178 778 5245 aurei,
800 5194 1048 5248 quorum
1085 5180 1186 5233 100
1215 5179 1378 5235 initio
1396 5183 1454 5234 et
1477 5179 1690 5233 secutis
1708 5177 1981 5246 tempori-

333 5252 444 5306 bus
481 5251 554 5303 72
581 5251 988 5305 tantummodo
1018 5249 1225 5305 libram
1260 5249 1386 5306 auri
1411 5249 1759 5317 efficiebant,
1783 5254 1841 5304 et
1868 5248 1984 5304 sin-

332 5322 471 5393 gula
501 5323 773 5393 duodena
805 5320 1122 5393 miliaresia
1150 5321 1548 5393 continebant.

404 5393 519 5463 (72)
557 5392 650 5466 Μ..Δ
691 5387 1099 5466 μεταδίδᾳιηξιοο
1162 5400 1250 5448 est
1310 5388 1604 5466 μεταδίδει.
1651 5391 1979 5462 Sepissime

331 5458 540 5519 Noster
571 5458 736 5536 δίδειν
767 5480 869 5536 pro
902 5458 1406 5536 διδόναιυευι-ῥιιι,

404 5537 515 5607 (73)
567 5535 708 5592 Vult
765 5535 1225 5607 diceregTota
1290 5535 1461 5591 turba
1520 5535 1974 5591 silentiariorum

331 5605 789 5680 ceterorumque
836 5605 1332 5680 ofﬁcialiumtqui
1383 5623 1583 5662 recens
1627 5608 1972 5664 honoratum

333 5681 678 5751 obsequiare
699 5678 762 5736 ﬁet
791 5695 920 5736 cum
949 5695 1155 5750 pompa
1183 5678 1418 5733 domum
1439 5680 1720 5734 deducere
1740 5679 1972 5743 debent,

2089 4603 2187 4678 alii
2213 4607 2380 4678 tertio
2404 4609 2460 4658 et
2483 4603 2567 4658 sic
2591 4619 2762 4678 porro
2783 4603 3196 4678 aggreganrt,et
3218 4603 3738 4678 eumobsequiant.

2092 4673 2444 4750 ’apedcepot,
2508 4673 2672 4729 utin
2727 4673 3370 4750 praicedentibusjarn
3429 4673 3742 4750 aliquoties

2090 4746 2464 4820 oﬂ‘endimus,
2498 4762 2681 4820 omnes
2713 4753 2892 4820 notat,
2935 4763 3050 4820 non
3102 4746 3279 4805 ambo.
3313 4746 3608 4820 Quotquot
3639 4751 3742 4807 de-

2091 4819 2506 4896 mu‘mluerint
2535 4817 2782 4896 patricii,
2816 4815 3142 4896 ἀμφότεροι,
3177 4821 3353 4876 simul
3407 4815 3628 4876 omnes.

2161 4889 2274 4960 (74)
2306 4889 2385 4944 De
2416 4889 2692 4944 conviviis
2742 4889 3066 4945 amicorum
3107 4908 3240 4946 cum
3295 4909 3496 4949 recens
3546 4899 3741 4950 creato

2091 4976 2433 5036 quocunque
2465 4960 2808 5036 magistratu
2855 4961 3068 5036 die_su_i
3119 4963 3317 5028 ofﬁcii,
3349 4981 3453 5019 seu
3502 4981 3588 5029 eo,
3621 4982 3740 5036 quo

2089 5032 2346 5104 primum
2381 5038 2682 5104 promotus
2716 5033 2842 5098 fuit,
2872 5050 2928 5088 ν.
2956 5032 3142 5089 Vales.
3169 5037 3239 5090 ad
3275 5036 3566 5093 Ammian.
3593 5032 3740 5091 Mar-

2089 5101 2216 5160 cel].
2258 5121 2312 5174 p.
2345 5105 2435 5169 84,
2470 5110 2521 5158 et
2553 5103 2704 5158 intra
2742 5121 2797 5174 p.
2834 5103 2957 5160 412.

2161 5176 2272 5245 (75)
2305 5174 2496 5230 Nihilo
2529 5176 2662 5245 plus
2693 5174 2849 5230 edito
2880 5176 2954 5231 M.
2991 5176 3085 5232 hic
3126 5175 3234 5232 loci
3291 5177 3532 5235 habent.
3574 5179 3742 5234 Nihi-

2087 5245 2353 5318 lominus
2376 5251 2598 5318 certum
2627 5251 2716 5318 est
2769 5247 2987 5318 aliquid
3022 5247 3256 5318 deesse,
3287 5265 3336 5305 e.
3373 5267 3422 5304 c.
3458 5246 3622 5317 ὑλλά,
3653 5252 3742 5306 vel

2089 5315 2136 5370 εἴ
2169 5317 2246 5387 μή
2284 5315 2471 5389 μόνον,
2505 5317 2592 5389 vel
2627 5315 2768 5389 ὅταν,
2797 5313 3051 5372 δῖε-κατά.
3110 5321 3170 5377 Ut
3220 5313 3524 5377 duodecim
3577 5313 3745 5377 erant

2089 5389 2212 5444 dies
2243 5387 2450 5445 a‘festo
2482 5387 2806 5462 Nativitatis
2829 5389 3038 5444 Christi
3065 5407 3247 5462 usque
3278 5395 3347 5447 ad
3380 5396 3588 5448 festum
3627 5393 3741 5448 Lu-

2090 5461 2312 5516 minum
2347 5478 2447 5516 seu
2479 5460 3291 5532 Theophaniae,quibus_lota
3339 5466 3499 5520 curia
3532 5464 3743 5520 hilaria

2088 5533 2312 5606 agebat.
2350 5533 2431 5587 ita
2477 5549 2708 5603 quoque
2753 5531 3207 5606 convivabantur
3255 5536 3315 5590 in
3367 5536 3502 5591 aula
3550 5553 3647 5606 per
3677 5535 3740 5590 τὸ

2087 5595 2408 5674 ὲξὰήμερον,
2442 5595 2542 5659 sex
2572 5595 2720 5672 dies,
2758 5605 2858 5675 qui
2894 5605 3106 5662 festum
3145 5605 3444 5665 Paschatis
3483 5595 3744 5665 et'octa-

2087 5693 2212 5732 vam
2240 5676 2299 5733 in
2328 5675 2478 5734 albis
2503 5675 2961 5733 intercedebant.
