4134 6422
312 376 431 441 503

1372 370 1906 435 CONSTANTINI
1948 366 2653 433 POBPHYROGENITI

3621 370 3744 433 504·

312 528 506 584 russo,
530 527 565 567 a
590 508 1002 567 cerimoniario
1032 508 1267 582 alioque
1323 506 1645 566 silentiario
1692 509 1980 565 sustenta-

2095 500 2192 559 Βλα
2219 505 2355 560 κατᾶ
2394 506 2496 575 τὴν
2517 507 2797 579 συνήθειαν
2822 504 2874 563 ἐν
2905 508 2986 582 τῷ
3034 506 3483 585 χρυσοτρικλίνῳ
3506 509 3596 564 καὶ
3621 528 3748 565 στα-

312 607 438 669 tus,
468 598 794 667 ingreditur
817 602 874 655 et
905 613 1018 656 una
1038 614 1169 654 cum
1194 597 1541 655 silentiariis
1563 597 1814 670 primam
1844 596 1978 651 ado-

315 690 605 748 rationem
635 688 889 757 exhibet,
909 687 1231 745 secundam
1258 687 1319 743 in
1352 688 1544 744 medio
1563 685 1834 754 triclinio,
1867 692 1976 740 ter-

312 780 458 838 tiam
489 778 746 852 quodam
780 794 815 834 a
844 776 1053 835 throno
1075 776 1398 835 intervallo.
1430 780 1559 833 Mox
1580 776 1652 831 ab
1689 774 1763 831 iis
1794 774 1978 831 dedu-

315 874 468 941 ctus,
501 868 680 942 pedes
711 883 778 924 ac
799 882 993 940 genua
1014 865 1212 939 magni
1240 870 1299 923 et
1330 865 1575 923 minoris
1604 864 1976 938 imperatoris

319 957 638 1026 osculatur,
653 961 713 1013 et
732 956 1006 1030 expansis
1026 956 1323 1026 manibus,
1342 958 1656 1029 postquam
1677 953 1979 1011 codicillos

319 1066 355 1108 a
383 1047 640 1107 dominis
669 1048 916 1120 accepit,
948 1048 1180 1103 dextras
1221 1061 1422 1103 eorum
1474 1043 1796 1112 osculatur,
1827 1046 1979 1101 ceri-

320 1137 644 1196 moniarius
681 1152 814 1195 eum
858 1137 928 1193 ad
961 1135 1179 1204 locum,
1211 1135 1311 1193 ubi
1340 1135 1584 1192 tertium
1640 1134 1982 1208 procubuit,

320 1228 569 1300 reducit,
599 1230 657 1287 et
680 1226 909 1301 patricii
939 1243 975 1284 a
1003 1225 1328 1300 magistris,
1359 1225 1585 1283 caeteris
1615 1224 1880 1298 patriciis
1912 1240 1979 1281 ac

321 1315 662 1375 silentiariis
690 1315 1057 1382 circumdati,
1108 1315 1355 1386 intrant,
1402 1330 1433 1371 e
1481 1314 1696 1386 quibus
1749 1317 1978 1370 tantum

326 1406 552 1480 patricii
584 1405 799 1479 gratias
820 1404 1078 1462 dominis
1106 1409 1309 1476 agunt,
1368 1402 1575 1474 reliqui
1615 1419 1751 1459 vero
1817 1418 1983 1458 sena-

321 1506 495 1567 tores,
518 1497 799 1570 quoniam
832 1512 947 1553 non
979 1512 1134 1552 unus
1164 1494 1254 1551 sui
1288 1494 1514 1551 ordinis
1536 1498 1840 1567 promotus
1868 1498 1980 1561 est,

2081 597 2217 658 θῶσι
2262 594 2671 670 κονσιστὼριον,
2738 602 2929 672 κρατεῖ
2970 598 3000 654 6
3047 604 3148 668 τῆς
3206 599 3585 662 καταστάσεως
3648 598 3744 653 τὸν

2081 682 2373 762 ὀφείλοντα
2401 680 2789 758 προϐληθῆναι
2815 684 2894 752 εἷς
2911 686 2975 742 τὸ
3012 683 3321 743 πούλπιτον
3341 692 3450 742 τῶν
3484 686 3741 763 ἀργυρῶν

2080 776 2272 828 πυλῶν
2308 774 2442 846 μετὰ
2458 770 2635 829 ἀλλου
2666 774 3054 852 σιλεντιαρίου,
3076 776 3167 832 καὶ
3190 770 3411 852 ἔρχεται
3434 776 3462 831 6
3480 776 3533 813 ⁸⁸
3560 773 3746 832 ὀστιά-

2082 882 2200 939 ριος
2244 863 2429 936 μόνος,
2460 862 2552 918 καὶ
2580 860 2799 919 ἵσταται
2828 863 2907 929 εἰς
2936 865 3000 921 τὸ
3044 865 3113 942 βῆ
3126 864 3225 921 λον
3272 861 3494 933 ἔσωθεν,
3524 865 3617 921 καὶ
3649 865 3745 921 ὅτι

2082 947 2227 1026 λάϐῃ
2251 952 2314 1007 τὸ
2342 956 2514 1027 νεῦμα
2536 954 2681 1027 παρὰ
2699 957 2796 1009 τοῦ
2826 954 3216 1031 πραιποσίτου,
3236 953 3421 1015 κρούει
3444 954 3508 1010 τὸ
3535 952 3740 1030 βῆλον,

2080 1039 2170 1096 καὶ
2200 1034 2413 1117 ἕπαίρει
2435 1040 2569 1097 αὐτὸ
2592 1042 2620 1098 6
2661 1040 3049 1118 σιλεντιάριος,
3070 1042 3163 1100 καὶ
3207 1043 3514 1119 εἰσέρχεται
3536 1044 3565 1100 ὁ
3592 1064 3741 1120 προ-

2078 1124 2311 1201 ϐληθεὶς
2341 1129 2625 1207 πατρίκιος
2657 1131 2763 1187 ἀπὸ
2794 1132 2986 1209 σαγίου
3018 1130 3175 1210 ῥοῆς,
3197 1133 3568 1209 κρατούμενος
3628 1132 3741 1188 ὑπὸ

2081 1224 2178 1275 τοῖ’)
2207 1226 2309 1289 τῆς
2334 1221 2713 1285 καταστάσεως
2735 1222 2830 1277 καὶ
2858 1221 3045 1297 ἑτέρου
3096 1220 3484 1299 σιλεντιαρίου,
3524 1223 3615 1278 καὶ
3645 1223 3749 1279 πί-

2082 1328 2206 1365 πτει
2230 1309 2365 1383 μετὰ
2392 1310 2500 1365 τῶν
2544 1308 2924 1388 σιλεντιαρίων
2953 1311 2981 1367 6
3028 1307 3366 1389 προϐληθεὶς
3402 1314 3467 1369 τὸ
3516 1316 3744 1390 πρῶτον

2083 1400 2146 1455 τὸ
2179 1396 2428 1475 δεύτερον
2467 1401 2658 1457 πίπτει
2709 1400 2786 1467 εἷς
2842 1402 2941 1472 τὴν
2984 1401 3155 1476 μέσην
3183 1406 3281 1458 τοῦ
3335 1400 3646 1479 τρικλίνου,
3685 1404 3756 1459 τὸ

2083 1488 2265 1565 τρίτον
2296 1489 2479 1546 πίπτει
2543 1490 2650 1546 ἀπὸ
2683 1486 3057 1564 διαστήματος
3103 1494 3200 1547 τοῦ
3258 1491 3463 1563 σένζου,
3498 1492 3604 1547 Καὶ
3652 1492 3756 1571 φέ-

324 1589 484 1647 haud
517 1587 851 1661 procidunt.
885 1586 1185 1642 Postremo
1217 1585 1277 1641 in
1320 1584 1572 1642 solemni
1603 1583 1879 1656 obsequio
1910 1583 1983 1639 ad

2095 1600 2270 1655 ρουσιν
2329 1578 2512 1650 αὐτὸν,
2542 1581 2632 1637 καὶ
2688 1579 2873 1637 πίπτει
2913 1578 3217 1656 ἔμπροσθεν
3264 1585 3365 1638 τοῦ
3404 1578 3736 1654 ὑποποδίου,

328 1676 775 1745 consistorium,
807 1676 945 1731 inde
978 1676 1050 1732 ad
1085 1674 1399 1731 ecclesiam
1451 1673 1595 1741 abit,
1628 1672 1730 1729 ubi
1760 1672 1989 1746 reliqua

2095 1670 2177 1726 καὶ
2209 1668 2361 1747 φιλεῖ
2416 1667 2545 1734 τούς
2601 1667 2777 1734 πόδας
2833 1674 2931 1727 τοῦ
2966 1670 3209 1748 μεγάλου
3244 1671 3514 1748 βασιλέως
3563 1672 3654 1727 καὶ
3682 1672 3757 1727 τὰ

324 1768 524 1826 omnia
554 1783 658 1840 pro
691 1780 851 1822 more
881 1764 1057 1821 etiam
1092 1781 1122 1820 a
1151 1764 1375 1820 ceteris
1401 1762 1664 1836 patriciis
1696 1778 1985 1835 peragun-

2095 1757 2190 1815 δύο
2224 1758 2385 1815 ούτοῦ
2415 1758 2636 1836 γόνατα,
2664 1759 2878 1834 ὁμοίως
2909 1762 3000 1815 καὶ
3032 1764 3130 1817 τοῦ
3164 1765 3389 1837 μικροῦ,
3431 1760 3520 1816 καὶ
3580 1760 3759 1817 ἁπλοῖ

329 1866 441 1930 tur,
474 1872 545 1914 ex
565 1855 809 1913 ecclesia
836 1870 975 1911 vero
1007 1853 1341 1923 discedens,
1372 1868 1583 1924 sagum
1624 1867 1986 1926 purpureum

2096 1847 2193 1911 τὰς
2251 1852 2441 1924 χεῖρας
2499 1846 2592 1903 καί
2649 1844 2917 1923 λαμϐάνει
2958 1849 3104 1925 παρά
3158 1854 3268 1906 τῶν
3338 1848 3614 1905 δεσποτῶν
3686 1851 3760 1905 τὰ

326 1951 586 2020 gestans,
609 1948 847 2001 domum
865 1944 1009 2003 abit.

2097 1933 2459 2005 κωδικέλλια,
2491 1937 2583 1992 καὶ
2615 1934 2800 2013 φειλεῖ
2826 1938 2921 2001 τὰς
2962 1943 3153 2015 χεῖρας
3183 1941 3292 1994 τῶν
3336 1935 3632 2009 δεσποτῶν,
3664 1935 3761 1993 καὶ

336 2029 694 2090 ὀπισθοποδεῖ
756 2030 917 2087 αὐτὸν
983 2031 1013 2085 ὁ
1079 2036 1181 2101 τῆς
1247 2030 1648 2100 καταστάσεωε,
1716 2026 1840 2083 ἔνθα
1894 2028 1958 2083 τὸ
2035 2027 2219 2103 τρίτον
2298 2024 2695 2102 προσεκύνησε,
2771 2026 2862 2082 καὶ
2939 2026 3282 2106 εῗσέρχονται
3358 2027 3410 2082 οἱ
3477 2024 3762 2102 πατρίκιοι

327 2108 437 2179 ἀπὸ
502 2142 563 2178 τε
628 2123 944 2197 μαγίστρων
982 2120 1074 2175 καὶ
1138 2124 1248 2176 τῶν
1309 2117 1521 2175 λοιπῶν
1591 2117 1917 2193 πατρικίων,
1982 2115 2346 2194 κρατούμενοι
2414 2116 2519 2171 ὑπὸ
2588 2114 2989 2193 σιλεντιαρίων,
3059 2118 3586 2195 ἀπευχαριστοῦντες
3635 2122 3760 2179 τοῖς

332 2209 622 2271 δεσπόταις
678 2209 958 2285 πατρίκιοι
987 2210 1078 2264 καὶ
1141 2209 1329 2282 μόνον·
1363 2210 1415 2263 οἱ
1482 2204 1540 2262 δὶ
1606 2205 1795 2262 λοιποὶ
1838 2205 2202 2283 συγκλητικοὶ
2260 2205 2322 2262 οὐ
2380 2204 2691 2277 πίπτουσιν,
2751 2207 2825 2269 ὡς
2867 2206 2944 2280 μὴ
3010 2207 3304 2283 γενομένου
3346 2204 3745 2283 σύγκλητικοῦ.

328 2303 430 2356 Καὶ
469 2297 769 2374 ἀπέρχεται
818 2298 1207 2373 ὀψικευόμενος
1266 2296 1318 2352 ἐν
1381 2301 1462 2369 τῷ
1499 2295 1900 2371 κονσιστωρίῳ,
1946 2295 2036 2350 καὶ
2095 2293 2270 2359 οὕτως
2316 2293 2653 2370 ἀπέρχονται
2710 2294 2761 2349 ὲν
2818 2299 2888 2371 τῇ
2948 2294 3239 2369 Ξκκλησίᾳ,
3295 2295 3385 2351 καὶ
3451 2296 3517 2352 τὰ
3578 2294 3752 2353 λοιπά

329 2389 501 2444 πάντα
528 2386 863 2463 πληροῦται,
905 2388 980 2449 ὡς
1027 2380 1145 2462 ἔχει
1201 2388 1236 2456 ἡ
1285 2388 1564 2457 συνήθεια,
1620 2384 1712 2439 καὶ
1769 2384 1857 2440 ἐπὶ
1885 2388 1993 2441 τῶν
2047 2382 2281 2453 λοιπῶν,
2313 2384 2408 2439 καὶ
2472 2384 2562 2440 ’ὁτε
2627 2382 2910 2462 ἀναχωρεῖ
2937 2384 3044 2442 ἀπὸ
3098 2393 3199 2457 τῆς
3239 2383 3553 2458 ἐκκλησίας,
3587 2390 3750 2465 φορεῖ

333 2478 425 2533 καὶ
455 2478 625 2540 αὐτὸς
674 2475 858 2552 σαγίον
891 2474 1177 2547 ἀληθινὸν,
1207 2475 1298 2530 καὶ
1333 2474 1507 2538 οὕτως
1535 2475 1817 2550 ἀναχωρεῖ
1844 2474 1919 2538 εἰς
1941 2474 2031 2531 τὸν
2052 2473 2204 2530 οἶκον
2236 2472 2423 2531 αὐτοῦ.

811 2568 967 2623 148
1001 2566 1239 2623 CAPUT
1271 2566 1517 2622 XLVIII.

2704 2565 2962 2623 ΚΕΦΑΛ.
3008 2565 3147 2627 Mll'.

551 2656 894 2714 Obseruantia
915 2657 977 2711 in
1008 2657 1357 2729 promotionc
1382 2656 1777 2727 patriciorum.

2176 2653 2315 2710 Ὅσα
2345 2649 2428 2709 δεῖ
2464 2652 2902 2732 παραφυλάττειν
2934 2653 3023 2709 ἐπὶ
3049 2649 3305 2730 προϐολῇ
3356 2650 3672 2728 πατρικίων.

408 2747 451 2804 Ι.
484 2748 837 2818 Imperatore
876 2760 1166 2811 cameram
1238 2758 1418 2816 prope
1467 2743 1753 2816 templum
1795 2741 1990 2799 Sancti

2175 2744 2257 2800 A'.
2318 2740 2593 2799 Εἰσελθὼν
2655 2743 2683 2798 6
2744 2741 3001 2819 βασιλεὺς
3069 2743 3145 2807 εἷς
3182 2747 3285 2814 τὴν
3353 2742 3596 2819 καμάραν
3649 2742 3754 2812 τὴν

336 2835 624 2893 Theodori
644 2832 1002 2891 intravelum
1020 2833 1308 2907 ingresso,
1333 2832 1680 2905 praepositus
1699 2831 1990 2889 vestitores

2104 2831 2269 2887 οὖσαν
2299 2832 2436 2908 πρὸς
2458 2834 2552 2887 τὸν
2579 2832 2703 2887 ναὸν
2748 2836 2844 2888 τοῦ
2895 2833 3082 2908 Ἀγίου
3137 2829 3425 2908 Θεοδώρου
3454 2828 3603 2887 ἔνδον
3657 2832 3761 2887 τοῦ⁹

342 2932 532 2993 vocat,
563 2924 664 2997 qui
695 2924 891 2997 ipsum
914 2923 1117 2981 tunica
1156 2923 1434 2992 induunt,
1485 2922 1695 2996 bisque
1723 2921 1993 2993 egressis,

341 3033 377 3072 a
406 3014 715 3089 praeposito
745 3021 1077 3083 coronatur,
1120 3011 1333 3069 deinde
1359 3028 1390 3069 e
1413 3028 1644 3068 camera
1675 3011 1773 3069 ubi
1832 3027 1993 3069 coro-

340 3110 516 3160 natus
545 3107 635 3159 est
664 3104 1054 3175 proditatque
1100 3102 1159 3156 in
1191 3100 1398 3156 throno
1429 3117 1534 3157 suo
1564 3100 1622 3156 in
1674 3099 1996 3170 cbrysotri-

346 3192 526 3250 clinio
558 3192 1305 3250 constitutosedet.lnterea
1336 3190 1588 3262 prmfecti
1620 3189 1889 3246 cubiculo
1921 3191 1992 3245 ab

347 3289 595 3355 utroque
650 3281 853 3349 latere,
901 3279 1242 3338 cubicularii
1283 3284 1340 3337 et
1368 3279 1933 3353 spathocubicularii
1961 3296 1996 3335 a

349 3379 508 3444 tergo
540 3369 738 3427 throni
760 3371 817 3426 in
851 3369 1069 3426 circulo
1100 3374 1316 3442 astant,
1349 3376 1415 3426 ut
1444 3375 1533 3426 est
1562 3370 1993 3438 semicirculus,

345 3478 463 3535 quo
493 3476 591 3532 per
619 3469 745 3516 octo
777 3458 898 3515 vela
934 3458 1261 3532 ingressuri
1314 3459 1512 3516 venire
1560 3460 1775 3514 debent
1814 3475 1828 3515 :
1864 3475 1993 3530 pro-

342 3548 691 3620 tospatbarii
708 3564 837 3603 vero
862 3548 1113 3604 eunuchi
1160 3549 1627 3621 propethronum
1645 3547 1992 3615 consistunt,

345 3639 565 3695 Deinde
596 3643 964 3694 mensurator
992 3642 1097 3694 aut
1123 3639 1294 3694 etiam
1333 3638 1534 3710 papias
1565 3636 1769 3709 palatii
1801 3637 1998 3709 magni

344 3726 713 3785 tburibulum
741 3728 944 3797 sumit,
977 3732 1032 3784 et
1057 3745 1090 3783 a
1119 3726 1243 3783 velo
1275 3726 1508 3784 sublato
1545 3726 1999 3799 chrysotriclinii

344 3832 477 3871 cum
514 3815 685 3871 thure
713 3816 977 3883 Veniens,
1013 3815 1424 3886 imperatorem
1456 3814 1742 3884 incensat,
1767 3831 1883 3887 quo
1912 3819 2000 3869 ter

346 3906 518 3976 facto,
579 3906 847 3963 discedit.
892 3905 1057 3962 Tunc
1096 3904 1464 3977 prepositus,
1498 3905 1664 3977 signo
1696 3920 1731 3960 a
1759 3903 1998 3961 domino

346 3998 607 4068 accepto,
647 3995 769 4052 abit
793 3998 851 4051 et
889 4010 1083 4051 coram
1116 3994 1448 4066 imperatore
1478 3994 1541 4050 in
1572 3993 1764 4050 medio
1795 3993 2002 4064 prefe‘

344 4091 564 4140 ctorum
595 4083 848 4142 cubiculi
874 4088 1010 4156 stat,
1042 4084 1435 4156 manibusque
1481 4100 1599 4139 una
1639 4099 1772 4139 cum
1804 4082 2003 4139 tunica

345 4190 456 4231 sua
482 4173 780 4245 expansis,
801 4173 1676 4245 imperatorem—vcneratur,non
1705 4171 2000 4229 inclinatis

342 4268 541 4319 tamen
573 4262 864 4334 genibus;
899 4266 987 4318 est
1008 4263 1165 4318 enim
1198 4266 1425 4318 tantum
1459 4261 1684 4334 species
1713 4260 2001 4316 adoratio-

346 4352 721 4425 nis,qualem
756 4353 898 4407 ordo
956 4350 1070 4407 diei
1127 4353 1393 4422 requirit.
1452 4351 1547 4407 Sic
1578 4366 1711 4407 cum
1768 4351 2001 4407 duobus

345 4440 629 4508 ostiariis,
660 4438 761 4511 qui
812 4443 949 4494 ante
980 4441 1170 4509 ipsum
1205 4439 1400 4511 virgas
1448 4454 1589 4494 suas
1618 4438 1680 4493 in
1712 4438 2004 4510 tripetone

344 4534 597 4601 gestant,
628 4527 1020 4601 progreditur,
1067 4528 1376 4600 magistros
1415 4545 1450 4583 a
1480 4526 1889 4583 cerimoniario
1909 4542 2000 4582 or-

2108 2919 2308 2997 βήλου,
2338 2919 2732 2998 προσκαλεῖται
2765 2922 2793 2977 6
2815 2922 3175 2998 πραιπόσιτος
3212 2920 3340 2985 τούς
3400 2920 3761 2997 βεστήτορας,

2103 3010 2192 3065 καὶ
2249 3005 2649 3087 περιϐάλλουσι
2721 3012 2821 3081 τήν
2876 3008 3116 3087 χλανίδα
3180 3012 3271 3066 τὸν
3342 3009 3592 3087 βασιλέα,
3667 3009 3758 3065 καὶ

2100 3100 2309 3154 τούτων
2366 3098 2715 3173 ἐξελθόντων,
2772 3101 3021 3180 στέφεται
3073 3100 3195 3155 ὑπό’
3224 3103 3321 3156 τοῦ
3369 3097 3757 3176 πραιποσίτου,

2101 3185 2285 3244 ἔπειτα
2342 3186 2615 3266 ἐξέρχεται
2677 3188 2735 3243 ἐκ
2790 3191 2887 3259 τῆς
2939 3190 3214 3265 καμάρας,
3273 3187 3325 3245 ἐν
3384 3191 3423 3263 ᾖ
3497 3187 3758 3266 έστὲφθη,

2174 3278 2188 3298 ς
2259 3277 2274 3297 ς
2423 3278 2439 3297 ε
2951 3280 2964 3299 ,
3085 3283 3113 3295 ..
3476 3279 3490 3300 ε
3571 3282 3598 3294 -
3727 3282 3754 3294 -

2101 3298 2191 3333 και
2249 3277 2484 3334 ανελθων
2543 3280 2821 3349 καθέζεται
2880 3277 2968 3334 ἐπι
3014 3301 3117 3335 του
3170 3280 3356 3349 σένζου
3433 3300 3602 3335 αυτου
3658 3300 3759 3335 του

2101 3366 2366 3441 σταμένου
2413 3366 2490 3431 εἰς
2533 3367 2597 3424 τὸ
2647 3367 3122 3444 χρυσοτρίκλινον.
3173 3367 3493 3425 Στάντων³⁹
3550 3363 3610 3423 δὲ
3647 3372 3757 3423 τῶν

2100 3450 2387 3535 ἀρχόντων
2419 3464 2516 3516 τοῦ
2559 3455 2952 3517 κουϐουκλείου
3010 3457 3159 3527 ἔνθεν
3194 3460 3466 3530 κάκεῖθεν,
3526 3461 3579 3517 οἱ
3622 3480 3750 3515 κους⁹

2105 3547 2454 3624 βικουλάριοι
2513 3547 2601 3604 καὶ
2679 3550 2732 3605 οἱ
2802 3545 3432 3624 σπαθοκουϐικου).άριοι
3503 3547 3743 3603 ’ίσταντσι

2105 3636 2282 3691 ὀπίσω
2321 3636 2509 3710 κύκλῳ
2528 3640 2625 3692 τοῦ
2660 3638 2866 3711 σένζου,
2897 3639 3075 3701 καθὼς
3124 3636 3239 3694 ἑστι
3284 3638 3347 3694 τὸ
3395 3634 3751 3709 ἡμικύκλιον,

2106 3722 2197 3781 διὰ
2225 3725 2289 3782 τὸ
2324 3728 2654 3806 χωρηθῆναι
2691 3725 2820 3790 τοὺς
2877 3725 3186 3802 μέλλοντας
3233 3725 3461 3783 εἶσελεῖν
3509 3723 3601 3782 διὰ
3646 3730 3756 3782 τῶν

2106 3815 2251 3870 ὀκτὼ
2286 3816 2498 3891 βήλωνο
2523 3816 2575 3871 οἱ
2607 3813 2666 3872 δὶ
2711 3818 3194 3893 πρωτοσπαθάριοι
3231 3817 3488 3897 εὐνοῦχοι
3508 3813 3761 3872 ’ίστανται

2104 3901 2342 3975 πλησίον
2398 3907 2494 3959 τοῦ
2547 3902 2759 3976 σένζου.
2830 3904 2961 3963 Εἶτα
3018 3902 3207 3983 λαβὼν
3263 3906 3354 3962 τὸν
3411 3905 3675 3979 θυμιατὸν
3733 3904 3764 3961 6

2110 3990 2485 4066 μινσουράτωρ
2535 3991 2570 4061 ἢ
2624 3992 2715 4047 καὶ
2759 3992 2787 4047 6
2835 3990 3038 4055 παπίας
3078 3996 3176 4049 τοῦ
3222 3990 3493 4049 παλατίου
3520 3994 3621 4047 τοῦ
3664 4010 3765 4064 με·

2105 4076 2300 4157 γάλου,
2334 4082 2503 4154 θυμίᾷ
2526 4078 2633 4137 ἀπό
2681 4084 2779 4137 τοῦ
2818 4078 3118 4158 αἲρομένου
3169 4079 3349 4157 βήλου
3400 4079 3497 4137 τοῦ
3548 4099 3765 4157 γρυσο-

2104 4167 2410 4244 τρικλίνου,
2459 4170 2548 4224 καὶ
2601 4168 2889 4245 ἀνέρχεται
2946 4175 3159 4243 θυμιῶν
3208 4170 3301 4226 τὸν
3351 4168 3603 4248 βασιλέα,
3669 4170 3767 4225 καὶ

2104 4261 2266 4315 τοῦτο
2310 4263 2484 4315 ποιῶν
2528 4258 2589 4313 ἐκ
2643 4258 2833 4335 τρίτου
2887 4260 3193 4335 ὑποχωρεῖ.
3234 4261 3337 4319 Καὶ
3370 4254 3554 4316 λαϐὼν
3593 4263 3767 4334 νεῦμα

2107 4349 2135 4404 6
2184 4348 2549 4422 πραιπόσιτος
2598 4349 2745 4426 παρᾶ
2803 4353 2902 4405 τοῦ
2967 4349 3260 4425 βασιλέως,
3314 4349 3611 4426 ὰπέρχεται
3670 4349 3770 4405 καὶ

2101 4436 2315 4494 ’ίσταται
2343 4437 2648 4515 ἔμπροσθεν
2679 4444 2779 4495 τοῦ
2814 4437 3090 4515 βασιλέως
3122 4439 3284 4514 μέσον
3327 4444 3436 4495 τῶν
3475 4439 3765 4515 ἀρχόντων

2108 4533 2205 4584 τοῦ
2238 4524 2655 4598 κουϐουκλείου,
2708 4529 2798 4614 καὶ
2840 4525 3171 4610 ἐφαπλώσας
3218 4530 3316 4591 τὰς
3357 4534 3549 4605 χεῖρας
3597 4528 3767 4584 αὐτοῦ

346 4619 582 4676 diuatos
614 4620 848 4691 reperit,
881 4633 1101 4680 eosque
1151 4617 1495 4689 prwgositus
1522 4616 1766 4672 advocat
1798 4620 1990 4671 :extrs

2112 4619 2244 4693 μετᾶ
2292 4622 2390 4675 τοῦ
2437 4615 2737 4694 χλανιδίου
2786 4619 2979 4690 αὑτοῦ,
3029 4624 3326 4695 προσκυνεῖ
3378 4619 3467 4674 τὸν
3509 4615 3761 4694 βασιλέα,

345 4707 544 4765 velum
594 4680 774 4779 porta
815 4680 1431 4790 chrysotricl.inii—.duo
1484 4704 1794 4762 silentiarii
1841 4710 1990 4762 stant

2111 4680 2188 4783 μὴ
2220 4704 2412 4771 κλίνας
2442 4680 2523 4762 ’τὰ
2577 4706 2802 4783 γόνατα,
2871 4705 2919 4764 εἷ
3073 4680 3262 4782 ’μόνον
3310 4707 3374 4764 τὸ
3421 4680 3620 4783 σχῆμα
3662 4680 3768 4776 τῆς

345 4804 400 4854 et
421 4796 726 4855 arcessitis
755 4813 791 4852 a
820 4795 1133 4870 preposito
1183 4794 1501 4868 magistris,
1535 4792 1726 4850 velum
1758 4811 1794 4852 a
1823 4794 1990 4851 silen-

2114 4798 2562 4872 προσκυνήσεως,
2602 4795 2664 4852 6'o
2694 4797 2898 4875 τρόπον
2930 4798 2966 4867 ἡ
2996 4803 3098 4867 τῆς
3128 4798 3342 4873 ἡμέρας
3389 4796 3537 4867 τάξις
3595 4794 3769 4851 ἀπαι-

342 4885 532 4943 tiariis
552 4902 787 4943 sursum
809 4886 1056 4952 tollitur,
1079 4891 1138 4942 et
1164 4884 1491 4957 ingreditur
1523 4884 1780 4956 primum
1810 4885 1990 4942 velum

2108 4891 2211 4945 τεῖ,
2253 4885 2352 4941 Καὶ
2401 4886 2502 4950 εἶθ’
2556 4884 2729 4948 οὕτως
2778 4883 3053 4962 ἐξέρχεται
3107 4887 3244 4959 μετὰ
3294 4884 3390 4942 δύο
3447 4884 3763 4963 ἀστιαρίων,

347 4975 755 5047 magistrorum
778 4990 901 5031 cum
924 4974 1256 5049 preposito,
1288 4974 1389 5047 qui
1438 4990 1617 5048 prope
1635 4973 1779 5031 illud
1801 4975 1990 5032 consti-

2110 4969 2413 5049 ἔμπροσθεν
2460 4972 2625 5029 αὐτοῦ
2683 4968 3059 5050 βασταζόντων
3117 4973 3210 5030 καὶ
3240 4971 3333 5044 ,τὰ
3363 4973 3557 5051 βεργία
3585 4971 3763 5028 αὐτῶν

347 5066 534 5130 tutus,
565 5062 708 5119 dum
724 5066 856 5134 post
884 5080 947 5121 se
963 5064 1274 5136 magistros
1286 5062 1485 5136 habet,
1500 5064 1752 5121 ostiariis
1765 5066 1990 5138 signum

2111 5060 2163 5119 έν
2190 5068 2260 5139 τῇ
2290 5063 2605 5138 τριπέτωνι,
2635 5061 2726 5119 καὶ
2767 5060 3005 5138 εὑρίσκει
3033 5063 3164 5127 τοὺς
3218 5063 3555 5139 μαγίστρους
3610 5065 3764 5133 ἡτοι-

350 5150 447 5208 dat
475 5150 631 5209 intra
658 5150 851 5209 velum
870 5152 1377 5212 stantibus.Porro
1389 5152 1737 5228 praepositus
1761 5154 1820 5212 in
1852 5154 1990 5225 velol

2114 5154 2411 5227 μασθὲντας
2478 5152 2626 5229 παρᾶ
2682 5157 2782 5209 τοῦ
2838 5155 2938 5223 τῆς
2978 5153 3395 5227 ἱκαταστάσεως,
3437 5152 3528 5209 καὶ
3593 5172 3764 5229 προσ.

349 5241 520 5314 signo
557 5240 630 5297 ab
658 5239 1014 5313 imperatore
1050 5247 1307 5316 accepto,
1353 5243 1749 5302 mensuratori
1780 5248 1881 5302 aut
1908 5262 1990 5302 cu-

2110 5242 2357 5300 καλεῖται
2414 5241 2610 5304 αὐτοὺς
2669 5243 2697 5299 6
2744 5242 3127 5311 πραιπόσιτος·
3193 5244 3284 5299 καὶ
3346 5241 3599 5299 ’ίστανται
3663 5239 3765 5312 ἔξω

349 5328 635 5386 bicutario
650 5327 840 5386 velum
870 5330 1098 5389 tollenti
1128 5332 1316 5405 capite
1337 5332 1568 5406 aunuit,
1595 5337 1654 5391 et
1677 5333 1990 5406 ingreditur

2107 5334 2206 5389 τοῦ
2240 5329 2420 5408 βήλου
2449 5334 2549 5399 τῆς
2577 5330 2762 5403 πύλης
2796 5333 2895 5387 τοῦ
2927 5330 3391 5410 χρυσοτρικλίνου
3452 5329 3548 5387 δύο
3581 5328 3766 5387 σιλεν-

350 5417 714 5492 praepositus,
746 5434 1038 5493 suumque
1066 5418 1260 5479 locum
1283 5427 1546 5498 occupat.
1583 5422 1842 5497 Magistri
1861 5440 1990 5481 vero

2108 5421 2336 5497 τιάριοι,
2366 5422 2457 5478 καὶ
2485 5420 2649 5492 ἡνίκα
2694 5419 3121 5499 προσκληθῶσιν
3171 5421 3225 5477 οἱ
3278 5421 3570 5497 μάγιστροι
3619 5417 3768 5496 παρά

1704 5593 1794 5649 VA
1807 5593 1950 5650 [1le
1997 5592 2416 5654 LECTIONES.

422 5739 469 5775 ³⁸
500 5740 526 5795 ὁ
558 5759 675 5800 om.
710 5743 803 5801 ed.
881 5740 928 5777 ³⁹
957 5741 1217 5799 ἱστάντων
1248 5746 1339 5802 ed.
