4134 6382
372 354 486 414 50⁷7

1438 341 1958 412 CONSTANTINI
2003 339 2706 402 POHPHYROGENITI

3659 340 3785 403 508

372 507 579 548 rursus
610 489 934 558 ingressus,
967 488 1028 543 in
1077 504 1186 544 suo
1236 487 1442 544 ordine
1489 488 1624 553 stat,
1657 486 1715 536 et
1743 478 1909 550 signo
1938 477 2003 532 ah

2125 475 2450 548 βεστήτορες
2480 471 2570 527 καὶ
2622 472 2650 527 6
2699 467 3001 544 λογοθέτης
3047 471 3135 526 καὶ
3187 473 3216 527 6
3265 469 3480 536 δεκανὸς
3518 473 3782 539 εἰσιοντες

369 581 717 648 imperatore
747 579 906 644 dato,
938 577 998 632 in
1034 578 1292 633 medium
1329 576 1534 649 pergit,
1569 574 1838 639 factaque
1868 567 2010 622 ado-

372 670 616 739 ratione,
645 685 775 725 cum
800 668 1055 726 ostiariis
1077 674 1132 723 et
1162 668 1342 740 virgis
1370 667 1715 738 tripelonem
1747 659 1912 731 petit,
1945 672 2012 712 ac

371 759 615 815 comites
646 757 972 814 scholarum
1007 758 1075 811 ad
1101 757 1368 828 quintum
1389 756 1580 811 velum
1608 748 1892 822 perducit,
1913 746 2012 817 qui

370 851 628 916 eosdem,
656 866 722 905 ac
747 849 992 920 priores,
1010 847 1155 903 ritus
1173 840 2013 914 observant.Prmpositusvero

373 940 676 1006 accedens,
710 939 769 994 in
803 953 911 992 suo
960 937 1082 992 loco
1135 936 1423 1004 subsistit,
1475 950 1540 989 ac
1588 945 1796 986 rursus
1844 927 2013 998 signo

373 1029 529 1094 dato,
561 1027 620 1080 in
647 1027 901 1082 medium
937 1027 1113 1092 venit,
1146 1025 1368 1091 adorat,
1403 1027 1459 1079 et
1494 1035 1781 1093 egressus,
1816 1016 2012 1071 candi-

373 1117 540 1172 datos
559 1117 629 1171 ad
653 1116 844 1171 velum
880 1120 1103 1170 sextum
1127 1115 1309 1183 ducit,
1334 1113 1433 1184 qui
1463 1124 1516 1166 et
1540 1109 1674 1181 ipsi,
1704 1115 2012 1176 postquam

372 1205 680 1270 solemnia,
717 1204 1075 1273 utdiximus,
1130 1202 1510 1267 celebrarunt,
1562 1200 1623 1254 in
1669 1212 1776 1253 suo
1809 1194 2013 1250 ordine

370 1293 718 1348 consistunt.
747 1293 964 1347 Iterum
998 1291 1348 1364 praepositus
1377 1291 1700 1362 ingressus,
1729 1291 1852 1355 post
1875 1284 2016 1338 ado-

370 1383 672 1450 rationem,
716 1383 1085 1449 domesticos,
1128 1382 1321 1438 velum
1370 1380 1709 1452 septimum,
1753 1373 2009 1441 adducit,

369 1471 470 1542 qui
491 1471 725 1527 easdem
744 1472 1094 1527 cerimonias
1115 1471 1425 1527 observant
1450 1486 1461 1523 :
1488 1467 1698 1524 deinde
1720 1468 2010 1529 octavum,

369 1564 754 1630 exprefectos.

2121 563 2185 618 οὐ
2253 562 2563 631 πίπτουσιν,
2623 559 2748 616 ἁλλ’
2784 557 3033 615 Ἱστανται
3093 559 3309 617 ὃπισθεν
3365 567 3462 619 τοῦ
3520 565 3776 642 σεκρέτου

2119 651 2261 716 ἔνθεν
2321 655 2587 721 κάκεῖθεν,
2650 655 2685 722 ἡ
2747 649 2804 706 δὲ
2855 650 3188 727 σύγκλητος,
3262 653 3338 716 ὼς
3421 656 3779 730 προείρηται,

2123 738 2422 797 ἐπελθοῦσα
2462 741 2670 796 ἐκτελεῖ
2701 741 2932 808 ἅπαντα,
2982 741 3056 802 ὡς
3107 742 3197 794 καὶ
3248 741 3299 795 oi
3329 741 3614 818 πρότερον.
3649 747 3785 802 Εἶτα

2122 831 2362 887 ἀνελθὼν
2397 832 2442 867 ‘3
2475 829 2638 885 πάλιν
2669 830 2697 884 6
2729 828 3110 904 πραιπόσιτος,
3151 829 3368 886 ’ίσταται
3418 831 3469 886 ἐν
3521 838 3590 907 τῇ
3631 837 3783 906 τάξει

2121 921 2308 990 αὑτοῦ,
2366 919 2458 976 καὶ
2523 914 2707 975 λαϐὼν
2767 918 2914 992 παρά
2973 922 3069 974 τοῦ
3122 917 3393 994 βασιλέως
3433 926 3625 996 νεῦμα,
3670 925 3786 979 εἰσ-

2123 1010 2341 1084 έρχεται
2418 1009 2605 1081 μέσον,
2674 1006 2765 1062 καὶ
2830 1009 3205 1082 προσκυνήσας
3284 1007 3557 1085 ἐξέρχεται
3646 1015 3785 1084 μετὰ

2123 1097 2412 1174 ὀστιαρίων
2456 1100 2546 1152 καὶ
2581 1097 2815 1174 βεργίων
2868 1095 2919 1152 ἒν
2956 1102 3035 1170 τῷ
3080 1097 3392 1172 τριπέτωνι,
3450 1102 3540 1156 καὶ
3571 1102 3782 1176 εἰσάγει

2120 1187 2247 1250 τοὺς
2291 1189 2540 1261 κόμητας
2569 1192 2675 1242 τῶν
2711 1184 2934 1261 σχολῶν
2977 1186 3052 1249 εἰς
3091 1187 3153 1241 τὸ
3184 1189 3219 1242 ε’
3255 1187 3450 1262 βῆλον·
3497 1189 3785 1247 ἐκτελοῦσι

2123 1276 2180 1333 δὲ
2229 1275 2318 1332 καί
2375 1276 2529 1332 αὐτοὶ
2590 1277 2823 1350 ὁμοίως.
2881 1277 2942 1333 Ὀ
2994 1275 3051 1331 δὲ
3089 1278 3450 1351 πραιπόσιτος
3491 1279 3783 1356 ἀνέρχεται

2122 1367 2211 1422 καὶ
2266 1369 2479 1422 ’ἰσταται
2535 1365 2586 1420 ἐν
2654 1369 2722 1439 τῇ
2780 1365 2924 1438 τάξει
2978 1367 3168 1436 αὐτοῦ,
3223 1367 3314 1421 καὶ
3372 1369 3524 1432 αὖθις
3593 1366 3784 1427 λαϐὼν

2121 1461 2294 1530 νεῦμα
2353 1455 2657 1534 εἷσέρχεται
2719 1456 2795 1517 εἱς
2838 1456 2900 1510 τὸ
2962 1454 3124 1528 μέσον
3186 1455 3274 1510 καὶ
3329 1465 3644 1531 προσκυνεῖ,
3689 1462 3782 1516 καὶ

2123 1545 2353 1616 ἐξελθὼν
2405 1545 2608 1620 εἷ’σάγει
2663 1541 3038 1613 κανδιδάτους,
3101 1543 3273 1620 βῆλον
3335 1547 3403 1618 ς’,
3458 1547 3550 1603 καὶ
3601 1549 3781 1619 αὐτοὶ,

372 1650 446 1712 ὡς
497 1651 840 1725 προείρηται,
898 1652 965 1707 τὰ
1017 1653 1222 1721 συνήθη
1283 1648 1672 1712 ἐκτελέσαντες,
1735 1644 1980 1698 ἵστανται
2033 1637 2084 1692 έν
2137 1641 2207 1711 τῇ
2246 1637 2388 1708 τάξει
2450 1636 2646 1691 αὐτῶν.
2709 1636 2809 1692 Καὶ
2867 1636 2895 1690 6
2961 1637 3320 1711 πραιπόσιτος
3379 1636 3641 1704 εἰσελθὼν
3672 1642 3784 1696 πά-

370 1737 459 1793 λιν
488 1739 575 1794 καὶ
606 1724 1006 1816 προσκυνήσας,
1063 1742 1262 1818 εἰσάγει
1320 1739 1698 1813 δομεστίκους,
1747 1735 1919 1808 βῆλον
1971 1735 2049 1798 ζ’·
2090 1728 2179 1782 xei
2231 1727 2388 1783 αὐτοὶ
2433 1724 2742 1783 ἐκτελοῦσιν
2802 1725 3028 1800 ὁμοίως.
3089 1728 3218 1782 Εἶτα
3274 1727 3477 1806 εἰσάγει
3511 1729 3637 1795 τοὺς
3670 1733 3780 1788 ἀπὸ

365 1826 644 1905 ἐπάρχων,
682 1831 750 1904 βῆ
761 1831 854 1887 λον
887 1833 960 1902 η’.

440 1904 542 1976 III.
571 1922 712 1979 Octo
743 1931 934 1979 autem
971 1923 1110 1979 velis
1153 1925 1236 1980 ita
1266 1921 1593 1994 completis,
1626 1933 1756 1974 cum
1812 1917 2003 1970 octavo

2193 1908 2263 1961 1“.
2309 1907 2407 1961 Καὶ
2447 1904 2806 1970 τελεσθέντων
2841 1911 2949 1961 τῶν
2984 1907 3035 1976 η’
3083 1907 3296 1982 βήλων,
3339 1910 3782 1986 συνεισέρχονται

365 2009 812 2066 cerimoniarius
840 2017 897 2068 et
918 2011 1276 2068 silentiarius
1297 2015 1335 2067 1
1351 2013 1446 2069 45
1474 2010 1546 2065 ab
1570 2012 1816 2077 utroque
1837 2003 2017 2058 latere

361 2102 497 2167 post
544 2104 834 2155 secretum
887 2101 1130 2168 intrant,
1184 2107 1241 2157 et
1287 2101 1336 2158 si
1389 2099 1733 2155 candidatus
1764 2090 2014 2165 patricias

365 2185 667 2257 dignitatis
701 2187 759 2242 in
795 2205 913 2244 uno
945 2205 1013 2244 ex
1044 2189 1139 2244 his
1169 2189 1314 2245 velis
1344 2188 1649 2260 ingressus
1679 2187 1788 2246 est,
1838 2181 2016 2250 inque

365 2273 490 2330 loco
522 2277 727 2332 secreti
752 2281 886 2346 stat,
909 2278 1226 2349 imperator
1251 2278 1649 2349 praspositum,
1675 2276 1730 2329 et
1751 2287 1922 2343 quem
1940 2268 2012 2325 ad

363 2363 588 2432 patricii
622 2366 965 2437 dignitatem
999 2368 1239 2424 evehere
1268 2368 1412 2435 vult,
1437 2371 1622 2433 vocat,
1644 2381 1857 2421 nomen
1883 2363 2010 2432 ejus

363 2454 697 2524 prmposito,
715 2456 765 2510 is
780 2456 1182 2512 cerimoniario
1196 2457 1435 2524 indicat,
1452 2457 1549 2528 qui
1565 2473 1764 2514 secum
1780 2471 1906 2512 sum
1919 2458 2012 2526 pto

361 2540 678 2597 silentiario
707 2550 764 2599 et
792 2546 1123 2613 candidato,
1167 2547 1362 2601 statim
1397 2562 1495 2601 eos
1544 2547 1603 2601 in
1656 2545 1914 2600 medium
1950 2543 2009 2598 in

359 2636 733 2702 conspectum
793 2634 1162 2703 imperatoris
1221 2636 1510 2705 producit.
1569 2635 1625 2690 Si
1674 2651 1807 2690 vero
1867 2634 2006 2689 foris

357 2719 600 2784 mansit,
633 2737 765 2775 cum
799 2722 1023 2778 scilicet
1052 2725 1178 2794 ejus
1225 2724 1482 2794 dignitas
1537 2724 1650 2796 ipsi
1685 2740 1819 2779 cum
1879 2726 2007 2779 octo

353 2805 499 2863 velis
522 2807 740 2866 intrare
774 2827 888 2866 non
923 2813 1224 2882 permittit,
1260 2813 1708 2868 cerimoniarius
1757 2829 1822 2868 ac
1852 2827 2004 2867 unus

355 2912 387 2951 e
417 2897 757 2954 silentiariis
791 2916 925 2956 cum
959 2918 1025 2957 eo
1051 2910 1330 2970 remanet,
1353 2902 1676 2974 imperator
1703 2918 1836 2958 vero
1869 2918 2007 2972 prae-

355 2984 616 3056 positum
650 2993 816 3044 vocat
846 3006 910 3045 ac
943 3007 1156 3047 nomen
1189 2992 1562 3064 promovendi
1615 2991 1728 3063 ipsi
1761 2990 2000 3056 indicat,

353 3075 698 3145 praepositus
727 3077 786 3131 in
839 3079 1030 3136 medio
1078 3084 1299 3136 secreto
1349 3081 1572 3147 adorat,
1615 3079 1825 3136 deinde
1869 3095 2000 3136 cum

356 3161 585 3219 duobus
617 3164 870 3222 ostiariis
916 3183 1205 3240 egressus,
1242 3185 1372 3224 eum
1401 3170 1650 3226 arcessit
1679 3183 2001 3241 sagumque

2127 1997 2263 2068 μετὰ
2312 2000 2410 2050 τοῦ
2451 1993 2652 2070 ὀγδόου
2714 1994 2894 2070 βήλου
2948 1997 2976 2049 6
3032 2003 3135 2064 τῆς
3190 1999 3566 2061 καταστάσεως
3606 2001 3698 2054 καὶ
3730 2002 3784 2056 οἱ

2125 2085 2477 2159 σιλεντιάριοι
2545 2079 2690 2148 ἔνθεν
2748 2083 2992 2140 κάκεῖθεν
3068 2080 3287 2141 ὄπισθεν
3343 2090 3442 2142 τοῦ
3500 2086 3780 2165 σεκρὲτου,

2121 2174 2210 2228 καὶ
2245 2174 2291 2229 εἰ
2337 2175 2429 2246 μὲν
2463 2172 2714 2243 εἰσῆλθεν
2763 2175 2791 2228 ὁ
2847 2172 3071 2247 μέλλων
3121 2176 3358 2250 γίνεσθαι
3409 2177 3694 2252 πατρίκιος
3726 2179 3782 2236 ἐν

2121 2265 2196 2318 ὲνὶ
2229 2268 2337 2318 τῶν
2370 2262 2586 2339 βήλων,
2617 2262 2708 2318 καὶ
2744 2261 2962 2318 ’ίσταται
3012 2262 3065 2319 ἐν
3096 2268 3166 2339 τῇ
3199 2263 3343 2342 δοχῇ
3374 2272 3472 2322 τοῦ
3500 2267 3778 2344 σεκρέτου,

2119 2352 2512 2427 προσκαλεῖται
2563 2354 2590 2407 ὁ
2643 2353 2895 2427 βασιλεὺς
2950 2354 3042 2408 τὸν
3093 2356 3474 2430 πραιπόσιτον,
3505 2360 3596 2414 καὶ
3627 2359 3684 2413 ὃν
3715 2357 3778 2416 ἂν

2118 2443 2315 2518 κελεύῃ
2375 2445 2424 2479 ·¹⁴
2474 2439 2845 2516 προϐαλέσθαι
2897 2445 3206 2518 πατρίκιον,
3276 2445 3426 2522 λέγει
3481 2450 3541 2504 τὸ
3596 2447 3772 2524 ὄνομα

2117 2533 2282 2589 αὐτοῦ
2320 2538 2399 2606 τῷ
2437 2533 2806 2608 πραιποσίτῳ,
2865 2533 3115 2596 κακεῖνος
3163 2535 3312 2612 λέγει
3347 2542 3424 2609 τῷ
3459 2544 3557 2606 τῆς
3600 2559 3768 2594 κατα-

2117 2624 2378 2690 στάσεως,
2443 2622 2691 2686 κάκεῖνος
2753 2617 2936 2678 λαϐὼν
3011 2625 3127 2696 μετ’
3183 2625 3347 2681 αὐτοῦ
3411 2626 3765 2703 σιλεντιάριον

2114 2714 2204 2768 καὶ
2270 2713 2363 2767 τὸν
2445 2710 2724 2786 μέλλοντα
2801 2707 3212 2787 προϐληθῆναι,
3275 2715 3522 2796 ἐξαίφνης
3581 2718 3774 2793 ἄγουσι

2114 2804 2204 2858 καὶ
2249 2803 2427 2858 ἱστᾶσι
2459 2803 2506 2838 4⁵
2565 2802 2724 2875 μέσον
2787 2799 3092 2878 ἔμπροσθεν
3127 2807 3230 2859 τοῦ
3291 2803 3585 2880 βασιλέως.
3621 2808 3686 2864 Εἰ
3719 2806 3776 2865 δὲ

2113 2889 2215 2961 ἔξω
2246 2889 2477 2964 ἔμεινεν,
2530 2891 2605 2954 ὡς
2658 2893 2734 2964 μὴ
2785 2891 2939 2961 ἀξίας
2989 2889 3158 2963 οὔσης
3209 2900 3309 2962 τῆς
3355 2896 3558 2967 τάξεως
3599 2897 3770 2954 αὐτοῦ

2111 2980 2369 3038 εἰσελθεῖν
2416 2982 2552 3055 μετὰ
2588 2985 2693 3036 τῶν
2737 2988 2787 3050 η’
2835 2979 3048 3055 βήλων,
3084 2982 3230 3056 μένει
3264 2986 3381 3056 μετ’
3409 2984 3576 3041 αὐτοῦ
3609 2989 3637 3042 6
3667 2994 3770 3058 τῆς

2109 3074 2486 3137 καταστάσεως
2519 3072 2653 3144 μετᾶ
2705 3070 3066 3146 σιλεντιαρίου
3106 3073 3246 3143 ἑνὸς,
3307 3075 3335 3130 6
3403 3072 3461 3131 δὶ
3514 3075 3772 3150 βασιλεὺς

2110 3159 2499 3235 προσκαλεῖται
2529 3161 2624 3216 τὸν
2669 3160 3024 3234 πραιπόσιτον
3075 3163 3165 3217 καὶ
3209 3163 3467 3239 γνωρίζει
3495 3165 3559 3220 τὸ
3591 3161 3771 3240 ὄνομα

356 3251 596 3308 rubrum
628 3261 952 3326 gestantem
987 3257 1241 3313 adducit.
1268 3259 1719 3315 Cerimoniarius
1751 3267 1802 3315 et
1828 3258 2000 3314 silen-

2112 3256 2205 3308 τοῦ
2240 3249 2542 3325 μέλλοντος
2589 3246 2998 3324 προϐληθῆναι,
3046 3253 3072 3307 6
3123 3249 3179 3306 δὲ
3225 3255 3583 3326 πραιπόσιτος
3606 3254 3773 3313 ἵστα-

353 3340 562 3397 tiarius
592 3357 725 3399 eum
760 3347 1129 3417 comitantur,
1164 3348 1299 3403 etin
1334 3348 1526 3404 medio
1557 3353 1777 3405 secreto
1806 3364 1998 3405 coram

355 3428 706 3502 imperatore
755 3436 1142 3505 constituunt,
1189 3437 1530 3509 praepositus
1567 3453 1851 3494 cameram
1900 3439 2001 3494 in-

353 3533 615 3592 gressus,
647 3523 878 3579 tabulas
908 3542 941 3580 a
990 3527 1382 3583 secundicerio
1434 3528 1614 3584 sumit
1643 3544 1854 3599 easque
1886 3527 1996 3584 im-

354 3610 602 3678 peratori
635 3612 830 3667 tradit.
862 3612 1173 3670 Adducunt
1203 3632 1336 3671 vero
1359 3617 1735 3672 candidatum
1759 3618 2000 3674 cerimo-

354 3695 574 3754 niarius
605 3697 990 3771 silentiarius,
1006 3720 1257 3777 eumque
1271 3710 1406 3763 ante
1429 3706 1604 3777 pedes
1626 3706 1996 3778 imperatoris

352 3791 755 3858 prosternunt,
789 3807 955 3862 quos,
1005 3793 1343 3851 adoratione
1393 3796 1562 3862 facta,
1606 3813 1766 3869 seque
1799 3814 1864 3853 ac
1894 3813 1997 3870 ge-

353 3892 490 3942 nua,
523 3878 733 3934 deinde
766 3883 822 3935 et
855 3897 1082 3952 manus,
1117 3883 1335 3940 tabulis
1367 3886 1642 3957 acceptis,
1675 3887 1992 3944 osculatur.

351 3965 510 4020 Tunc
533 3968 724 4037 ipsum
761 3975 909 4026 retro
929 3971 1249 4029 abductum
1283 3975 1340 4029 in
1371 3976 1564 4031 medio
1595 3981 1814 4032 secreto
1846 3975 1997 4032 inter

353 4053 608 4110 cubiculi
642 4058 940 4126 praefectos
972 4061 1358 4129 constituunt,
1385 4064 1497 4135 ipsi
1521 4063 1829 4121 silentiarii
1862 4082 1992 4136 par-

350 4141 454 4198 tim
487 4145 556 4198 ad
617 4146 901 4213 dextram,
926 4150 1164 4220 'partim
1198 4153 1269 4207 ad
1330 4153 1628 4208 sinistram
1662 4153 1991 4222 discedunt,

350 4249 599 4303 quorum
634 4236 681 4291 is
708 4236 809 4307 qui
833 4238 902 4293 ad
931 4239 1192 4296 dextram
1217 4244 1336 4298 stat
1366 4242 1616 4314 primum
1643 4245 1992 4317 magistrum

349 4320 531 4392 ducit,
564 4329 618 4379 et
648 4325 719 4380 ad
749 4325 1014 4384 dextram
1059 4330 1308 4399 promoti
1342 4331 1566 4402 patricii
1616 4332 1836 4399 statuit,
1869 4333 1993 4404 qui,

347 4412 686 4471 adoratione
709 4415 878 4486 facta,
910 4417 1247 4488 imperatori
1301 4437 1581 4494 prospera
1628 4429 1992 4494 apprecatur,

345 4501 556 4558 deinde
587 4505 656 4559 ad
685 4505 995 4563 stationem
1029 4523 1200 4564 suam
1232 4510 1617 4582 ordinemque
1639 4511 1778 4567 abit.
1802 4511 1993 4568 Preci-

343 4589 458 4646 bus
489 4601 680 4648 autem
714 4598 770 4650 et
817 4594 1066 4652 solemni
1097 4599 1418 4669 gratiarum
1467 4600 1692 4655 actione
1740 4617 1772 4655 a
1804 4601 1993 4672 primo

2105 3361 2193 3396 ται
2247 3341 2409 3413 μέσον
2461 3343 2559 3395 τοῦ
2609 3339 2883 3411 σεκρέτου,
2939 3341 3029 3395 καὶ
3085 3345 3488 3415 προσκυνήσας,
3529 3343 3764 3416 ἐξελθὼν

2107 3429 2241 3502 μετὰ
2296 3425 2392 3483 δύο
2445 3427 2758 3504 όστιαρίων,
2813 3427 3206 3503 προσκαλεῖται
3269 3431 3449 3502 αὐτὸν,
3503 3436 3591 3489 καὶ
3645 3434 3755 3490 σίσ-

2102 3519 2242 3593 άγει,
2276 3520 2543 3598 φοροῦντα
2583 3518 2767 3593 σαγίον
2821 3519 2974 3592 ῥοῆς.
3027 3524 3294 3592 Κρατοῦσι
3348 3519 3406 3576 δὲ
3453 3522 3610 3579 αὐτὸν
3637 3522 3748 3578 ὅτε

2099 3616 2200 3678 τῆς
2257 3608 2632 3670 καταστάσεως
2696 3607 2785 3661 καὶ
2858 3607 3238 3683 σιλεντιάριος,
3298 3611 3388 3665 καὶ
3447 3614 3653 3669 ἱστᾶσιν
3707 3616 3752 3649 ⁸⁸

2101 3698 2260 3754 αὐτὸν
2301 3699 2464 3770 μέσον
2513 3701 2611 3752 τοῦ
2671 3697 2920 3771 σεκρέτου
2981 3693 3285 3774 ἔμπροσθεν
3329 3705 3428 3754 τοῦ
3462 3702 3761 3777 βασιλέως,

2101 3789 2129 3843 6
2189 3785 2246 3842 δὲ
2302 3785 2663 3862 πραιπόσιτος
2704 3783 2965 3850 εἰσελθὼν
3019 3786 3071 3841 έν
3129 3791 3198 3861 τῇ
3254 3790 3476 3862 καμάρᾳ
3531 3790 3620 3846 καὶ
3663 3793 3762 3852 τὰς

2100 3875 2313 3939 πλάκας
2345 3877 2457 3951 (81)
2508 3877 2654 3950 παρὰ
2709 3879 2808 3930 τοῦ
2867 3873 3120 3951 δευτέρου
3173 3873 3381 3949 λαϐὼν,
3441 3877 3765 3936 ἐπιδίδωσιν

2103 3967 2266 4028 αὐτας
2298 3971 2377 4038 τῷ
2413 3962 2649 4040 βασιλεῖ.
2693 3965 2924 4040 Ἀγουσι
2969 3961 3025 4020 δὲ
3068 3964 3160 4020 τὸν
3196 3965 3475 4040 μέλλοντα
3503 3965 3773 4042 προϐλη-

2102 4065 2259 4127 θῆναι
2319 4057 2346 4110 6
2405 4061 2506 4124 τῆς
2563 4053 2937 4118 καταστάσεως
2995 4055 3086 4111 καὶ
3146 4057 3174 4112 6
3232 4057 3614 4134 σιλεντιάριος,
3673 4062 3771 4116 καὶ

2101 4150 2383 4224 ῥίπτουσιν
2437 4145 2600 4202 αὐτὸν
2659 4145 2736 4209 εἷς
2793 4145 2922 4209 τοὺς
2962 4144 3135 4210 πόδας
3190 4153 3288 4205 τοῦ
3327 4144 3622 4224 ϐασιλέως,
3671 4153 3766 4208 καὶ

2100 4238 2488 4313 προσκυνήσας
2548 4235 2844 4305 ἀσπάζεται
2901 4235 3120 4308 αὐτοὺς,
3181 4238 3293 4294 εἶτα
3346 4239 3413 4295 τὰ
3452 4240 3500 4276 ⁴⁷
3554 4240 3767 4316 γόνατα

2098 4329 2284 4396 αὐτοῦ,
2345 4326 2462 4382 εἶτα
2525 4320 2713 4382 λαϐὼν
2766 4325 2862 4388 τὰς
2908 4325 3122 4390 πλάκας
3180 4326 3286 4384 ἀπὸ
3332 4333 3429 4385 τοῦ
3463 4329 3764 4406 βασιλέως,

2101 4417 2254 4493 φιλεῖ
2307 4414 2398 4471 καὶ
2452 4415 2548 4478 τὰς
2609 4420 2802 4491 χεῖρας
2872 4414 3057 4474 αὐτοῦ.
3117 4416 3216 4472 Καὶ
3279 4414 3540 4483 λαϐόντες
3597 4421 3766 4477 αὐτὸν

2100 4505 2463 4582 ἀποφέρουσιν
2515 4504 2917 4584 ὀπισθοφανῶς,
2967 4504 3059 4561 καὶ
3109 4506 3330 4563 ἱστῶσιν
3371 4509 3534 4566 αὐτὸν
3597 4511 3768 4584 μέσον

2099 4602 2198 4654 τοῦ
2256 4591 2507 4671 σεκρέτου
2566 4592 2870 4666 ἄναμεταξὺ
2927 4597 3036 4649 τῶν
3094 4598 3191 4650 τοῦ
3228 4593 3621 4655 κουϐουκλείου
3661 4601 3762 4674 dp-

347 4679 625 4752 magistro
657 4685 933 4754 peractis,
966 4665 1164 4741 statim
1199 4685 1561 4753 silentiarius
1593 4691 1660 4744 ad
1695 4665 1990 4747 sinistram

2112 4665 2779 4763 xdvtmv,'6tapspli;ovcat
2831 4680 2888 4738 δὲ
2945 4684 2997 4739 οἱ
3057 4682 3431 4763 σιλεντιάριοι,
3480 4690 3536 4743 οἱ
3571 4689 3665 4763 μὲν
3699 4665 3765 4746 έκ

343 4769 696 4826 constitutus
727 4773 1071 4846 magistrum
1103 4775 1174 4830 ab
1209 4774 1322 4832 alio
1354 4775 1536 4834 latere
1557 4777 1811 4848 adducit,
1831 4796 1996 4836 cum-

350 4869 463 4924 que
496 4859 565 4912 ad
601 4857 904 4918 sinistram
959 4864 1213 4935 promoti
1263 4866 1499 4936 patricii
1545 4867 1722 4934 sistit,
1755 4869 1880 4940 ipse
1904 4885 1998 4926 so-

2109 4773 2319 4846 δεξιῶν,
2353 4774 2406 4829 οἱ
2439 4769 2492 4828 δὲ
2534 4773 2586 4843 ἐξ
2637 4772 2953 4846 εὐωνύμων,
3003 4775 3092 4828 καὶ
3141 4770 3326 4831 λαϐὼν
3373 4777 3402 4832 6
3451 4774 3623 4848 δεξιὸς
3670 4778 3768 4836 τὸν

2109 4868 2330 4939 πρῶτον
2393 4861 2719 4937 μάγιστρον,
2776 4859 2895 4936 ἄγει
2954 4861 3113 4918 αὐτὸν
3172 4864 3262 4918 καὶ
3299 4862 3518 4934 ’ίστησιν
3573 4864 3626 4922 ἐν
3683 4873 3769 4940 τῷ

1718 4991 1960 5048 VARIE
2001 4988 2305 5046 LECTION
2312 4987 2414 5047 ES.

421 5067 466 5102 ⁸⁸
497 5065 695 5141 ἀνέλθῃ
725 5073 815 5131 ed.
891 5077 936 5111 “
963 5073 1174 5132 κελεύει
1214 5079 1343 5137 cod.
1377 5073 1789 5153 προϐάλλεσθαι
1819 5082 1911 5139 ed.
1986 5079 2033 5116 ‘5
2055 5076 2236 5133 ’ἱστασι
2269 5079 2360 5134 θά·
2437 5077 2483 5113 ⁴⁶
2508 5073 2718 5130 ’ἰστασιν
2747 5077 2837 5134 ed.
2915 5077 2958 5114 ‘7
2987 5077 3056 5134 τὰ
3083 5096 3199 5138 om.
3233 5083 3360 5139 cod.
3394 5087 3452 5142 et
3488 5085 3580 5142 ed.

1379 5190 1584 5248 JOAN.
1634 5193 1778 5249 JAC.
1820 5190 2086 5248 REISKII
2124 5186 2718 5245 COMMENTARIUS.

350 5285 598 5371 vertitur
654 5303 722 5371 ea
755 5291 839 5371 .d-e
887 5292 1259 5371 re_;-1re)t)to'c
1303 5298 1443 5354 olim
1501 5299 1875 5371 appellabant
1921 5300 2004 5368 id,

351 5358 510 5439 βορᾷ
579 5357 873 5439 ὑπεξκιῤῥος
933 5357 1210 5439 deinceps
1248 5357 1786 5428 ’ἀὶοοὺεηΐῖὊωω
1815 5373 1866 5427 is
1923 5357 2008 5428 esi

353 5426 525 5513 hodie
586 5426 879 5489 nobis'de
938 5426 1239 5513 capuciiiis
1298 5426 1602 5513 monachis
1639 5426 2003 5513 appellatus,

351 5503 509 5584 quod
544 5518 744 5584 eorum
779 5503 1133 5584 caputia'vel
1163 5511 1338 5584 froﬁcci
1372 5531 1564 5584 panno
1612 5503 1838 5570 soleant
1868 5503 2008 5570 con;

353 5571 486 5627 fecti
539 5591 666 5630 esse
716 5571 897 5644 hujus
957 5581 1192 5637 coloris.
1244 5583 1348 5638 Est
1372 5571 1594 5641 'autem
1648 5586 2007 5642 dilutissima

352 5645 536 5718 rufus,
570 5646 723 5704 inter
753 5649 952 5706 album
986 5657 1043 5708 et
1099 5654 1314 5718 rufum,
1343 5657 1442 5711 sed
1495 5657 1581 5712 sic
1624 5662 1688 5712 ut
1735 5659 1804 5714 ad
1848 5658 2006 5715 hunc

354 5717 562 5788 magis,
595 5735 764 5790 quam
799 5722 870 5778 ad
903 5721 1094 5790 illum,
1129 5717 1381 5794 accedat,
1414 5727 1695 5799 rothgrau.

2185 5297 2303 5377 (81)Δ
2328 5295 2697 5377 Tabulashvel
2726 5297 3022 5377 codicillos
3054 5301 3395 5377 patriciatus
3418 5303 3636 5374 quibus
3668 5321 3768 5377 pa-

2117 5369 2384 5443 triciatus
2415 5367 2714 5443 tribuitur.
2751 5374 2924 5443 Sunt,
2949 5367 3194 5443 proprias
3241 5367 3510 5431 eburneae
3548 5367 3770 5435 tabula

2117 5438 2428 5518 diptychaa,
2462 5456 2562 5518 seu
2585 5440 2839 5518 duarum
2878 5438 3126 5518 alarum,
3151 5443 3455 5518 plicatiles,
3477 5463 3606 5518 quae
3642 5465 3762 5505 me-

2117 5512 2213 5566 dio
2245 5511 2353 5567 auo
2384 5511 2764 5567 continebant
2784 5513 3043 5584 diploma
3068 5511 3307 5572 honoris
3328 5518 3387 5573 in
3419 5511 3766 5578 membrana

2115 5588 2459 5651 exaratum;
2517 5599 2568 5637 ν.
2630 5585 2861 5655 p.151:
2925 5585 3023 5640 ubi
3070 5587 3271 5642 tabula:
3321 5606 3446 5644 cum
3490 5591 3765 5648 codicilli:

2115 5660 2174 5712 et
2202 5672 2259 5726 p.
2296 5655 2418 5722 153,
2452 5655 2552 5711 ubi
2584 5655 2798 5714 tabulae
2824 5655 3025 5727 absque
3043 5658 3314 5717 codicilli:
3333 5668 3758 5721 memorantur.
