4134 6372
333 361 459 422 509

1183 356 1286 416 DE
1331 353 1785 417 CERIMONIIS
1833 351 2089 414 AULE.
2138 344 2608 408 ΒΥΖΑΝΊῚΝᾸΞ
2654 343 2800 404 LIB.
2847 346 2894 405 Ι.

3651 343 3771 404 510

345 495 512 566 δεξιῷ
561 485 708 567 μέρει
776 494 880 546 τοῦ
936 484 1349 566 προϐληθέντος
1392 486 1701 561 πατρικίου,
1753 485 2003 545 κάκεῖνος

2119 481 2360 538 lemmes
2382 476 2718 548 imperatori
2736 478 2959 549 gratias
2985 478 3124 549 agit,
3149 479 3450 552 faustaque
3473 483 3768 552 precatur,

349 582 751 659 προσκυνήσας,
790 579 1189 656 ὑπερεὺχονται
1221 578 1267 615 ⁴⁸
1323 578 1414 632 τὸν
1479 572 1728 651 βασιλέα,
1760 575 1848 630 καὶ
1909 572 2004 628 εἶθ’

357 678 532 736 οὕτως
563 671 857 746 ἀπέρχεται
918 668 970 724 έν
1023 672 1091 742 τῇ
1149 668 1317 722 αὐτοῦ
1349 667 1530 722 στάσει
1585 686 1645 720 τε
1690 665 1778 720 καὶ
1842 665 2002 734 τάξει,

356 767 462 826 Καὶ
507 764 660 833 ἡνίκα
697 759 898 834 τελέσῃ
929 761 1028 829 τὴν
1059 759 1232 832 εὐχήν
1280 757 1368 812 καὶ
1410 755 1755 831 εὐχαριστίαν
1794 756 1820 810 6
1852 760 2008 828 πρῶ-

349 875 446 916 τος
519 851 841 926 μάγιστρος,
901 849 1102 912 εὐθέως
1178 841 1584 919 καταλαμϐάνει
1634 845 1662 899 6
1723 843 2005 917 εὐώνυμος

342 941 733 1016 σιλεντιάριος,
785 937 1015 1012 εἲσάγων
1072 937 1364 1011 μάγιστρον
1425 935 1484 989 ἐκ
1530 938 1627 988 τοῦ
1681 932 1864 1008 ἑτέρου
1917 931 2007 1004 μέ-

339 1053 493 1109 ρους,
519 1031 610 1085 καὶ
673 1028 889 1100 ἵστησιν
949 1025 1112 1082 αὐτὸν
1155 1024 1204 1095 ἐξ
1257 1023 1550 1097 εὐωνύμων
1603 1027 1700 1077 τοῦ
1758 1017 2006 1095 προϐλη-

334 1123 531 1180 θέντος
593 1117 910 1191 πατρικίου,
941 1115 1031 1168 καὶ
1076 1112 1235 1175 αὐτὸς
1307 1111 1664 1186 ὑπερεύχεται
1715 1110 1805 1166 τὸν
1838 1112 2003 1185 βασι-

336 1209 442 1265 Αέα
497 1209 958 1285 ἂπευχαριστῶνο
1007 1203 1164 1273 ἡνίκα
1215 1199 1270 1257 δὲ
1306 1200 1499 1272 μέλλει
1549 1199 1778 1273 ἐξελθεῖν
1827 1201 1854 1254 6
1906 1200 2003 1254 αὐ·-

332 1300 434 1362 τὸς
472 1300 802 1372 μάγιστρος,
833 1287 1244 1364 καταλαμϐάνει
1275 1293 1322 1328 ⁴⁹
1344 1293 1371 1346 6
1404 1291 1465 1346 ἐκ
1510 1288 1694 1360 δεξιῶν
1743 1291 1809 1343 τὰ
1869 1290 2006 1344 αὐτὰ

339 1369 544 1434 ποιῶν.
568 1369 776 1434 -Ἱστέον
810 1371 889 1443 δὲ,
923 1373 1009 1429 ὅτι
1048 1376 1244 1434 πάντες
1285 1373 1336 1426 οἱ
1378 1369 1711 1434 εἰσελθόντες
1760 1371 1850 1424 διά
1897 1374 2004 1424 τῶν

347 1468 497 1523 ὀκτὼ
537 1463 731 1540 βήλων
769 1463 946 1538 χωρὶς
978 1466 1083 1517 τῶν
1128 1463 1455 1537 ἀσηκρητῶν
1495 1458 1585 1514 καί
1640 1464 1746 1514 τῶν
1809 1459 2003 1534 βεστη-

345 1557 528 1630 τόρων
576 1554 666 1608 καὶ
729 1556 825 1607 τοῦ
885 1547 1324 1628 ῥεφερενδαρίου,
1364 1545 1587 1610 ἕκαστος
1647 1548 1821 1603 αὐτῶν
1868 1548 2004 1603 κατά

346 1647 449 1715 τήν
495 1641 634 1698 ἰδίαν
686 1641 859 1712 τάξιν,
901 1639 1228 1714 εἰσέρχεται,
1261 1637 1628 1712 κρατούμενος
1669 1636 1772 1691 ὑπό
1821 1635 2005 1692 σιλεν-

347 1733 585 1810 τιαρίου,
633 1729 871 1801 πλησίον
931 1732 1028 1784 τοῦ
1106 1722 1514 1802 προϐληθέντος
1588 1726 1898 1801 πατρικίου,
1955 1727 2007 1781 οἱ

2115 583 2485 643 egressurum
2541 582 2673 622 vero
2733 565 3082 638 magistrum
3143 568 3504 624 silentiarius
3551 569 3652 640 qui
3695 569 3766 623 ad

2115 660 2375 714 dextram
2418 655 2771 711 constitutus
2813 661 2923 720 est,
2975 657 3212 711 eosdem
3247 658 3393 713 ritus
3423 659 3763 726 observans,

2115 748 2347 820 excipit.
2373 749 2655 800 Caeterum
2687 761 2892 800 omnes
2923 761 2989 799 ac
3014 745 3259 816 singuli,
3292 752 3498 816 praeter
3519 753 3768 802 secreta-

2115 836 2258 905 rios,
2293 835 2598 892 vestitores
2630 839 2685 890 et
2716 835 3196 898 referendarium,
3232 851 3334 905 per
3363 840 3491 890 octo
3515 836 3636 890 vela
3667 852 3769 907 pro

2117 944 2222 984 sua
2254 925 2532 998 dignitate
2562 940 2629 978 ac
2662 923 2887 988 ordine,
2912 940 2944 976 a
2966 922 3312 978 silentiariis
3345 923 3571 994 stipati,
3593 940 3772 996 prOpe

2117 1013 2424 1088 patricium
2450 1017 2810 1085 promotum,
2841 1011 3049 1082 partim
3082 1028 3116 1066 a
3147 1012 3368 1081 dextra,
3400 1014 3606 1081 partim
3637 1030 3669 1066 a
3691 1013 3772 1067 si-

2119 1106 2320 1169 nistra,
2373 1101 2808 1173 ingrediuntur,
2841 1106 2898 1156 et
2947 1102 3142 1156 omnia
3173 1102 3396 1168 ordine,
3446 1102 3600 1157 146
3645 1117 3770 1172 quae

2118 1195 2392 1263 magister
2421 1192 2493 1247 ad
2521 1192 2780 1246 dextram
2813 1191 3232 1262 sinistramque
3256 1197 3621 1262 peregerunt,
3647 1207 3770 1261 per-

2115 1287 2317 1356 agunt.
2361 1285 2678 1352 Postquam
2708 1297 2843 1336 vero
2874 1296 3078 1336 omnes
3107 1281 3509 1336 adorationem
3540 1286 3598 1336 et
3627 1296 3764 1353 gra-

2112 1373 2326 1428 tiarum
2357 1371 2646 1426 actionem
2678 1370 3016 1441 imperatori
3044 1369 3378 1438 exhibuere,
3414 1369 3774 1426 cerimonia-

2117 1460 2239 1518 rius
2269 1465 2327 1517 et
2347 1458 2702 1515 silentiarius
2735 1463 3070 1530 promotum
3105 1459 3417 1529 patricium
3449 1458 3769 1529 excipiunt,

2115 1568 2150 1607 a
2172 1549 2385 1622 quibus
2406 1548 2478 1604 ad
2511 1549 2920 1620 imperatorem
2953 1549 3295 1620 perductus,
3317 1564 3536 1620 pronus
3559 1549 3617 1603 in
3652 1553 3771 1604 ter-

2118 1656 2241 1696 ram
2292 1639 2469 1710 pedes
2499 1654 2566 1693 ac
2597 1653 2792 1708 genua
2819 1639 2946 1708 ejus
2990 1638 3302 1704 osculatur,
3337 1642 3604 1708 precatus
3636 1653 3773 1695 vero

2117 1733 2176 1784 et
2203 1727 2408 1799 gratiis
2437 1725 2770 1797 imperatori
2800 1727 2966 1792 actis,
2999 1726 3072 1781 ad
3113 1741 3286 1781 suum
3317 1725 3582 1781 ordinem
3609 1725 3730 1781 abit
3756 1742 3773 1784 :

355 1823 453 1896 μὲν
488 1819 548 1877 ἐκ
587 1819 792 1892 δεξιῶν,
826 1817 878 1872 οἱ
928 1814 985 1872 δὶ
1025 1817 1075 1886 ἐξ
1129 1815 1450 1890 ἀριστερῶν,
1499 1813 1780 1870 ἐκτελοῦσι
1829 1810 1886 1868 δὲ
1921 1813 2009 1868 καί

2124 1815 2493 1889 praepositus,
2516 1813 2681 1885 signo
2707 1814 2778 1870 ab
2826 1813 3177 1886 imperatore
3200 1813 3359 1882 dato,
3385 1813 3530 1870 dicit
3562 1831 3577 1870 :
3602 1835 3630 1864 κ
3653 1814 3758 1870 Ju-

347 1911 505 1968 αύτοὶ
561 1912 729 1965 πάντα
771 1905 1109 1975 ἀκολούθως,
1142 1906 1200 1960 ὃν
1248 1903 1451 1981 τρόπον
1482 1905 1510 1960 6
1560 1904 1620 1959 ἐκ
1668 1901 1854 1975 δεξιῶν
1905 1903 2012 1977 μά-

2122 1908 2266 1963 bete.
2301 1927 2331 1956 θ)

339 2021 570 2078 γιστρος
627 1999 719 2055 καὶ
781 1999 808 2053 6
867 1996 920 2068 ἐξ
970 1994 1266 2070 ἀριστερῶν
1317 1994 1639 2065 ἒξετέλεσαν.
1691 1993 1789 2049 Καὶ
1851 1994 2066 2049 πάντων
2120 1995 2614 2069 προσκυνησώηων
2665 1993 2754 2047 καὶ
2807 1992 3394 2067 άπευχαριστησάντων
3450 1992 3542 2047 τὸν
3607 1993 3772 2066 βασι-

339 2091 466 2163 λέα,
502 2083 768 2148 λαϐόντες
822 2087 915 2142 τὸν
973 2079 1356 2160 προϐληθέντα
1403 2083 1694 2159 πατρίκιον
1745 2084 1772 2137 6
1825 2103 1882 2138 τε
1929 2089 2029 2152 τῆς
2069 2083 2446 2144 καταστάσεως
2489 2083 2581 2137 καὶ
2627 2083 2654 2137 6
2707 2079 3094 2155 σιλεντιάριος,
3152 2081 3374 2156 ἄγουσιν
3434 2079 3593 2136 αὕτὸν
3637 2082 3776 2156 πρὸς

346 2183 441 2236 τὸν
481 2182 529 2217 ⁵ο
599 2175 846 2254 βασιλέα,
904 2177 995 2231 καὶ
1053 2175 1236 2230 πεσὼν
1275 2172 1428 2248 φιλεῖ
1491 2175 1619 2235 τοὺς
1680 2171 1850 2234 πόδας
1904 2177 2002 2228 τοῦ
2074 2172 2370 2248 βασιλέως,
2421 2174 2538 2228 εἶτα
2592 2173 2659 2227 τὰ
2715 2173 2915 2247 γόνατα
2961 2171 3149 2242 αὐτοῦ,
3187 2172 3279 2227 καί
3344 2170 3632 2244 εὐξάμενος
3685 2174 3773 2228 καὶ

353 2270 835 2345 ἀπευχαριστήσας
861 2268 955 2323 τὸν
988 2265 1236 2336 ϐασιλέα,
1269 2265 1519 2321 ἀπελθὼν
1548 2263 1767 2320 ’ίσταται
1808 2262 1859 2318 ἐν
1899 2269 1968 2338 τῇ
1997 2265 2143 2335 τάξει
2184 2264 2376 2335 αὐτοῦ,
2409 2265 2520 2319 εἶτα
2551 2259 2736 2318 λαϐὼν
2768 2267 2939 2336 νεῦμα
2988 2264 3015 2318 6
3059 2264 3418 2339 πραιπόσιτος
3473 2263 3619 2337 παρὰ
3675 2267 3774 2318 τοῦ

357 2357 637 2437 βασιλέως
670 2357 818 2434 λέγει
847 2376 860 2389 ο
901 2381 924 2407 ιι
961 2353 1285 2412 Κελεύσατε.
1319 2379 1348 2406 ιι

419 2453 493 2507 A'.
546 2450 652 2506 Καὶ
717 2449 915 2510 πάντες
982 2446 1401 2519 ὑπερευξάμενοι
1475 2443 1812 2524 ἐξέρχονται,
1856 2446 1884 2500 ὁ
1952 2442 2009 2500 δὲ

343 2539 611 2616 βασιλεὺς
664 2538 891 2598 ἀναστὰς
950 2535 1055 2590 ἀπὸ
1110 2539 1206 2590 τοῦ
1247 2534 1435 2604 σένζου
1480 2534 1670 2605 αὐτοῦ,
1703 2533 2008 2608 εἰσέρχεται

345 2629 400 2685 έν
448 2633 522 2702 τῇ
570 2627 792 2702 καμάρᾳ
836 2629 936 2680 τοῦ
976 2623 1169 2699 Ἀγίου
1220 2621 1535 2698 Θεοδώρου,
1593 2624 1684 2678 καὶ
1757 2618 1940 2677 λαϐὼν
1979 2623 2007 2676 6

355 2715 718 2790 πραιπόσιτος
745 2717 806 2771 τὸ
851 2714 1068 2789 στέμμα
1099 2711 1205 2768 ἅπὸ
1250 2720 1354 2782 τῆς
1406 2712 1651 2791 κεφαλῆς
1697 2717 1795 2768 τοῦ
1846 2715 2010 2786 βασι-

363 2804 533 2873 λέως,
563 2805 942 2878 προσκαλεῖται
993 2805 1121 2865 τοὺς
1175 2804 1529 2879 βεστήτορας,
1569 2801 1660 2857 καὶ
1712 2800 2006 2856 ἀπαλλάσ-

361 2915 554 2950 σουσιν
596 2891 748 2948 αὐτοὶ
787 2893 880 2961 τὴν
928 2889 1165 2970 χλανίδα
1221 2893 1412 2948 αὐτοῦ.
1454 2892 1515 2948 Ὁ
1573 2887 1629 2944 δὲ
1671 2885 2009 2964 προϐληθεὶς

352 2982 654 3057 πατρίκιος
719 2981 983 3056 ἐξέρχεται
1053 2979 1142 3036 διὰ
1198 2985 1304 3035 τῶν
1346 2979 1561 3034 σκύλων
1611 2979 1662 3033 έν
1713 2985 1792 3052 τῷ
1840 2979 2006 3033 ἱππο-

2195 2446 2286 2503 IV.
2301 2446 2394 2502 Sic
2423 2462 2630 2502 omnes
2650 2446 2844 2502 fausta
2864 2445 3079 2518 precati
3104 2446 3434 2511 discedunt,
3458 2446 3776 2516 imperator

2118 2553 2254 2594 vero
2301 2553 2334 2592 a
2363 2537 2574 2592 throno
2624 2551 2892 2608 surgens,
2925 2552 3215 2592 cameram
3261 2536 3457 2591 Sancti
3486 2536 3774 2592 Theodori

2117 2625 2478 2698 ingreditur;
2497 2626 2869 2698 praepositus,
2885 2626 3348 2697 coronaacapite
3367 2628 3495 2696 ejus
3513 2626 3772 2698 dempta,

2119 2716 2416 2772 vestitores
2437 2721 2625 2784 vocat,
2653 2716 2754 2788 qui
2780 2715 3039 2771 tunicam
3063 2716 3490 2786 imperatoriam
3525 2719 3771 2772 mutant.

2118 2804 2424 2860 Promotus
2455 2810 2650 2860 autem
2682 2803 2963 2876 patricius
2996 2821 3094 2875 per
3141 2805 3300 2877 scyla
3338 2806 3410 2860 ad
3457 2805 3772 2876 hippodro-

2119 2909 2280 2949 mum
2308 2894 2452 2960 abit,
2472 2910 2669 2949 coram
2695 2909 2809 2965 quo
2833 2894 3215 2960 silentiarius,
3235 2893 3481 2949 tabellas
3513 2897 3768 2965 gestans,

2120 2983 2417 3054 procedit;
2445 2983 2590 3054 ipse,
2611 2983 2893 3061 templum
2922 2983 3112 3038 Sancti
3137 2982 3415 3052 Stephani
3438 2983 3766 3055 ingressus,

349 3071 572 3149 δρόμῳ,
607 3072 697 3127 καί
754 3076 1038 3147 περιπατεῖ
1083 3065 1387 3144 ἔμπροσθεν
1429 3069 1594 3124 αὐτοῦ
1643 3068 2003 3140 σιλεντιάριος

2119 3086 2315 3126 cereos
2339 3073 2624 3137 accendit,
2653 3080 3054 3143 precatusque
3077 3073 3395 3143 egreditur,
3419 3077 3475 3126 et
3497 3073 3570 3126 ab
3587 3071 3769 3127 hono-

353 3162 636 3237 βαστάζων
690 3162 788 3224 τὰς
851 3159 1086 3231 πλάκας,
1145 3160 1235 3216 καὶ
1299 3157 1559 3223 εἰσελθὼν
1606 3157 1682 3220 εἷς
1747 3160 1839 3213 τὸν
1875 3158 2003 3213 ναὸν

354 3256 455 3306 τοῦ
510 3251 696 3328 Ἀγίου
744 3251 1047 3325 Στεφάνου,
1088 3249 1243 3305 ἅπτει
1289 3248 1514 3323 κηροῦς,
1569 3250 1659 3303 καὶ
1718 3248 2008 3321 εὐξάμενος

359 3339 632 3414 ἐξέρχεται
678 3338 904 3409 ἐκεῖθεν,
964 3337 1056 3393 καὶ
1115 3335 1538 3414 δηριγευόμενος
1587 3337 1690 3391 ὑπό
1755 3357 1814 3392 τε
1853 3338 2009 3407 ἀξιω-

355 3432 600 3501 ματικῶν
652 3429 790 3502 (82),
833 3428 1198 3504 σκευοφόρων,
1232 3430 1576 3499 στρατιωτῶν
1603 3428 1896 3500 ταγμάτων
1939 3428 2007 3499 ⁸ο,

347 3515 590 3574 δεκανῶν
622 3517 715 3572 καὶ
760 3514 1095 3592 διαιταρίων,
1125 3513 1402 3592 διέρχεται
1452 3513 1541 3570 διὰ
1594 3519 1690 3570 τοῦ
1741 3512 2010 3588 ἱπποδρό-

349 3630 457 3682 μου
497 3607 590 3663 καὶ
630 3615 732 3675 τῆς
785 3607 1124 3680 θερμάστρας
1173 3608 1308 3678 (83),
1342 3606 1428 3660 καὶ
1486 3606 1784 3680 ἀπέρχεται
1831 3603 1883 3658 ἐν
1930 3608 2008 3676 τῷ

342 3693 754 3769 κονσιστωρίῳ,
811 3694 902 3748 καὶ
953 3695 1092 3768 ἅψας
1149 3691 1354 3767 κηροὺς
1409 3691 1711 3768 ἐξέρχεται,
1767 3692 1856 3746 καὶ
1904 3691 2008 3747 ὑπό

344 3789 457 3840 τῶν
535 3783 716 3838 αὐτῶν
799 3780 1252 3860 δηριγευόμενος,
1307 3781 1594 3860 ἐξέρχεταε
1643 3779 1730 3836 διά
1787 3803 1846 3836 τε
1901 3786 2008 3837 τῶν

346 3870 680 3946 έξκουϐίτων
739 3873 832 3928 καὶ
874 3877 984 3927 τῶν
1018 3871 1264 3951 σχολῶν.
1299 3873 1560 3948 Δέχονται
1619 3871 1779 3928 αὐτὸν
1831 3873 1883 3926 οἳ
1910 3875 2008 3927 τοῦ

355 3967 558 4041 μέρους
595 3969 703 4021 τῶν
736 3963 995 4034 Βενέτων,
1027 3961 1078 4018 ἐν
1108 3963 1154 4035 ᾦ
1202 3957 1364 4018 ἅπτει
1409 3961 1615 4036 κηροὺς
1673 3964 1701 4017 ὁ
1754 3963 2008 4037 βασιλεὺς

354 4055 410 4110 ἒν
441 4059 510 4128 τῇ
549 4053 706 4128 τρίτῃ
730 4053 898 4124 τάξει,
932 4054 1026 4117 δρε
1067 4051 1398 4128 προέρχεται
1437 4050 1627 4123 ἔξωθεν
1659 4053 1706 4088 ⁵1
1754 4057 1860 4108 τῶν
1915 4074 2009 4126 με·

351 4143 542 4222 γάλων
573 4141 790 4213 πυλῶν,
821 4140 1182 4218 ἀκτολογοῦσι
1215 4139 1270 4196 δὲ
1313 4141 1496 4212 αὐτὸν,
1529 4143 1709 4204 καθὼς
1758 4140 2005 4197 τελοῦσιν

347 4235 403 4291 ἓν
441 4239 564 4296 ταῖς
625 4227 933 4308 προϐολαῖς
991 4235 1098 4288 τῶν
1151 4231 1474 4308 πατρικίων,
1501 4230 1757 4309 λέγοντες
1789 4231 1878 4288 καὶ
1920 4232 2001 4287 τόο

346 4349 378 4378 α
408 4326 476 4383 '0
508 4320 720 4396 δεῖνα,››
740 4320 849 4378 καί’
874 4343 896 4373 ι
922 4322 1050 4380 ETa:
1077 4322 1366 4396 πατρίκιος
1390 4323 1546 4396 (84)»
1568 4321 1660 4377 καὶ
1691 4317 2006 4377 ἐπιδίδωσιν

2119 3161 2283 3229 ratis,
2309 3177 2341 3215 a
2363 3161 2761 3232 scenophoris,
2786 3178 2819 3215 a
2843 3161 3127 3216 militibus
3151 3165 3496 3232 tagmatum,
3530 3161 3767 3216 decanis

2119 3267 2185 3306 ac
2233 3250 2509 3306 diaetariis
2561 3251 2836 3322 stipatus,
2871 3268 2970 3322 per
3019 3251 3238 3308 circum
3271 3251 3666 3322 balneumque
3707 3251 3766 3306 in

2119 3340 2527 3396 consistorium
2563 3342 2706 3408 abit,
2733 3347 2789 3396 et
2819 3342 3000 3397 cereis
3029 3343 3314 3409 accensis,
3349 3342 3555 3398 iisdem
3589 3343 3769 3397 comi-

2117 3429 2406 3497 tantibus,
2462 3445 2566 3501 per
2617 3431 2892 3486 excubias
2950 3430 3300 3502 scholasque
3357 3431 3623 3486 discedit.
3668 3430 3776 3485 Fa-

2118 3518 2384 3574 ctionarii
2417 3518 2620 3574 Veneti
2654 3536 2812 3586 eum,
2847 3520 2945 3574 ubi
2990 3519 3307 3591 imperator
3336 3536 3531 3576 cereos
3561 3536 3773 3575 accen-

2119 3606 2222 3675 dit,
2257 3607 2316 3663 in
2350 3608 2520 3664 tertio
2551 3610 2754 3664 ordine
2786 3609 3108 3681 excipiunt,
3133 3615 3190 3665 et
3219 3610 3360 3665 dum
3392 3626 3497 3682 per
3526 3625 3772 3680 magnas

2119 3701 2316 3768 portas
2339 3699 2626 3769 procedit,
2661 3698 2794 3767 ipsi,
2822 3703 2885 3753 ut
2917 3701 2974 3754 in
3010 3699 3474 3769 promotionibus
3497 3698 3774 3769 patricio-

2117 3803 2250 3842 rum
2275 3787 2487 3855 solent,
2521 3786 2869 3856 acclamant,
2895 3787 3189 3844 dicentes:
3227 3809 3256 3837 ‹‹
3286 3786 3351 3842 Ν.
3374 3787 3439 3842 Ν.
3463 3808 3490 3836 ››
3524 3791 3618 3842 et:
3645 3810 3673 3837 «
3701 3791 3772 3842 Es

2119 3876 2400 3947 patricius
2436 3894 2450 3944 ;
2485 3899 2514 3926 »
2547 3877 2899 3933 demarchus
2939 3893 3072 3933 vero
3121 3876 3232 3948 ipsi
3277 3875 3539 3932 libellum
3571 3876 3770 3931 tradit.

2118 3967 2202 4020 Ad
2236 3970 2460 4038 portam
2494 3981 2674 4038 prope
2713 3966 2952 4021 chalcen
2984 3967 3394 4022 ascendentem
3425 3966 3604 4022 factio
3634 3969 3774 4020 Pra-

2119 4056 2250 4112 sina
2280 4055 2516 4125 excipit,
2536 4055 2887 4112 demarchus
2910 4054 3174 4110 libellum
3208 4055 3324 4127 ipsi
3345 4056 3540 4122 tradit,
3563 4057 3624 4112 in
3648 4072 3771 4112 me-

2119 4145 2238 4214 dio,
2272 4151 2334 4201 ut
2360 4162 2592 4216 semper
2622 4145 2683 4200 in
2714 4145 2804 4201 his
2837 4146 3266 4218 receptionibus
3294 4145 3462 4216 solet,
3490 4146 3773 4202 constitu-

2120 4237 2236 4290 tus.
2271 4234 2370 4292 His
2403 4252 2436 4290 a
2484 4235 2841 4291 factionibus
2871 4236 3144 4307 peractis,
3187 4253 3284 4307 per
3313 4236 3574 4293 cbalcem
3601 4250 3770 4307 egre-

2121 4323 2298 4392 ditur,
2358 4326 2416 4379 et
2465 4324 2535 4378 ad
2596 4328 2866 4381 sanctum
2919 4333 3158 4397 puteum
3197 4325 3520 4397 digressus,
3573 4339 3771 4381 cereos

1712 4422 1946 4480 VARI/Ei
1996 4421 2413 4480 LECTIONES.

435 4521 484 4556 ⁴⁸
529 4518 876 4596 ὗπερεύχεται
943 4520 1098 4596 conj.
1135 4520 1202 4577 Β.
1279 4519 1346 4596 ⁴⁹Α
1378 4517 1633 4596 ἐξελθεῖν,
1752 4517 1913 4596 αύτος
1957 4521 2258 4596 μάγιστρος
2315 4519 2510 4596 καταλ.
2543 4521 2634 4576 ed.
2711 4520 2761 4556 ⁵ο
2813 4520 2906 4576 τὸν
2964 4538 3080 4578 om.
3113 4523 3204 4578 ed.

3306 4521 3354 4559 ⁵⁸
3387 4520 3769 4594 ἀξιωματικῶν

361 4589 1457 4668 σκευοφόρωνξστρατιωτῶν,ταγμάτων
1490 4593 1580 4647 ed.
1657 4591 1706 4627 ⁵³
1737 4594 1844 4646 τῶν
1875 4589 1992 4648 orn.
2026 4589 2118 4649 ὀᾶ.
2152 4589 2210 4646 δὲ
2241 4610 2358 4650 om.
2386 4595 2476 4648 ed.

1394 4689 1598 4746 JOAN.
1637 4689 1783 4746 JAC.
1827 4689 2093 4746 REISKII
2134 4689 2731 4748 COMMENTARIUS.

420 4797 539 4869 (8'3)
583 4797 659 4853 Ab
707 4796 994 4851 honoratis
1029 4795 1178 4870 _(seu
1222 4793 1596 4870 gsyncleticis,
1633 4795 1733 4870 vel
1769 4796 1996 4852 ordinis
2030 4800 2074 4864 ι)
2105 4797 2248 4870 bant
2280 4797 2434 4854 refici
2469 4814 2572 4854 seu
2599 4798 2796 4870 cibum
2817 4814 3041 4870 capere.
3067 4799 3129 4855 V.
3157 4798 3245 4854 Dn
3276 4799 3470 4870 Gange
3493 4816 3545 4854 v.
3570 4798 3760 4870 Pyrile

341 4865 630 4950 senatorii
662 4872 837 4950 atque
868 4865 1046 4950 togati
1076 4865 1258 4938 viris),
1278 4865 1326 4922 ἀ
1349 4868 1696 4950 δοσαορὴρνίε
1717 4868 1841 4950 (βου
1881 4884 1999 4923 ma-

342 4940 699 5016 gistratibus
723 4935 1092 5016 militaribus,
1117 4935 1368 5016 quorum
1417 4935 1516 5016 est
1534 4937 1603 4991 τὰ
1623 4935 1809 5007 σκεύη,
1830 4956 1996 5016 vasa,

348 5009 420 5070 Et
444 5018 704 5077 scutum,
729 5011 983 5077 hastam,
1002 5009 1191 5081 signa,
1213 5009 1435 5077 labara,
1458 5013 1802 5082 etc.,coram
1827 5011 1903 5066 im
1916 5027 2007 5082 pe-

347 5090 546 5142 ratore
577 5083 747 5151 ferre,
783 5089 850 5138 ut
877 5085 1018 5136 sunt
1045 5081 1351 5152 epatbarii,
1384 5081 1724 5153 candidati),
1754 5081 2007 5137 ιιτηὶιὶιί-

346 5159 447 5213 bu:
477 5161 784 5225 tagmatum
813 5153 1379 5225 (seugpresidiorum
1413 5153 1812 5225 urbanorum).
1838 5154 2002 5225 conf.

345 5247 401 5300 p.
465 5219 594 5300 H7,
647 5225 752 5300 ult.
801 5219 1197 5300 ὑδίηίρτανται
1230 5221 1288 5278 οἷ’
1313 5219 1783 5300 τε-ὀιξιωματικοξ
1820 5223 1909 5300 καὶ
1938 5225 2006 5300 τᾲ

348 5293 647 5371 ξτκουτάρια
688 5298 855 5370 (sunt
913 5295 1090 5351 iidem
1144 5301 1320 5368 atque
1351 5295 1403 5349 οἱ
1435 5293 1782 5371 σκευοφόροι)
1812 5293 1903 5349 καὶ
1952 5295 2006 5349 οἱ

348 5367 673 5426 διαιτάριοι.

422 5388 929 5512 ἷὲὂῗρῗιίέηηαεινα
957 5445 1046 5494 est
1058 5436 1161 5512 vel
1186 5437 1483 5512 balneum,
1498 5439 1595 5512 vel
1612 5437 1979 5512 vaporarium
1991 5481 2004 5493 .

351 5509 556 5570 Putem
609 5513 898 5583 posterius
948 5509 1168 5582 potius,
1216 5510 1312 5583 hic
1369 5511 1606 5583 quidem
1655 5510 1786 5576 loci,
1829 5527 2005 5583 quam

347 5588 536 5670 prius.
569 5581 980 5670 E'rantiautem
1009 5581 1311 5670 separaris
1335 5581 1632 5670 etlpyrilia
1664 5584 1722 5637 in
1755 5582 2004 5670 aedibusz

343 5652 408 5715 in
463 5655 856 5725 monasteriis,
906 5653 966 5709 in
999 5652 1234 5725 scholis
1287 5652 1563 5723 militum,
1604 5655 1852 5725 grandes
1898 5653 2006 5710 (sci

343 5730 442 5787 vel
474 5729 632 5796 salsa,
655 5729 713 5784 in
748 5724 967 5797 quibus
992 5724 1147 5797 ignis
1170 5725 1602 5797 accendebatur
1620 5724 1679 5782 et
1700 5727 2006 5797 convenie-

342 5803 516 5870 bant,
567 5801 662 5874 qui
692 5795 950 5858 caleﬁeri
993 5795 1250 5866 vellent;
1297 5796 1358 5854 in
1389 5797 1608 5868 quibus
1646 5797 1818 5854 etiam
1851 5796 2003 5854 sole-

2107 4869 2158 4923 ei
2198 4869 2583 4938 Vaporarium.
2612 4869 2718 4925 Hic
2752 4871 2862 4926 loci
2887 4869 2980 4926 est
3007 4873 3375 4940 vaporarium
3400 4869 3758 4927 scholarium

2113 4954 2216 5014 seu
2273 4940 2532 4997 militum
2588 4941 3081 5014 comitatensium,
3116 4947 3180 4996 ut
3225 4942 3322 5012 qui
3354 4942 3510 4998 haud
3557 4943 3760 5014 procul

2116 5011 2269 5066 circo
2299 5015 2613 5069 stationem
2646 5029 2749 5068 seu
2782 5013 3041 5069 scholam
3074 5011 3253 5069 suam
3275 5011 3585 5070 habebant.
3612 5015 3760 5081 Quia

2116 5088 2310 5138 tamen
2361 5099 2575 5154 vapore
2633 5084 2890 5140 balneari
2947 5085 3234 5153 solebant,
3294 5102 3393 5141 seu
3454 5087 3758 5151 Laconica,

2115 5157 2519 5230 et__1rup_taeeat
2593 5156 3084 5230 balneari'notat,
3151 5157 3289 5212 item
3336 5155 3758 5230 θερμαίνεσθαι,

2115 5224 2261 5280 nihil
2292 5224 2510 5292 obstat,
2545 5245 2660 5301 quo
2703 5228 2898 5284 minus
2929 5227 3240 5301 οέρμαστρα
3269 5224 3756 5285 οῐὶεῑίιᾙοίοειιῑη

2115 5301 2296 5368 notet,
2338 5300 2650 5368 praesertim
2702 5315 2835 5354 cum
2884 5300 3245 5356 calefactoria
3291 5305 3349 5355 et
3395 5301 3759 5357 balneatoria

2106 5367 2316 5453 juncta
2340 5367 2396 5453 et
2427 5370 2538 5453 sibi
2570 5371 2842 5453 contigua
2871 5371 3453 5453 plerumqueessent.

2195 5440 2310 5509 (84)
2349 5439 2586 5516 Vulgari
2641 5439 2958 5516 Graecismo
3015 5439 3135 5496 εἷσέ
3172 5443 3264 5498 hic
3306 5453 3391 5498 est
3432 5461 3534 5516 pro
3574 5443 3621 5497 εἴ
3665 5444 3754 5498 vel

2117 5515 2212 5577 εἷς,
2243 5528 2298 5566 es
2326 5511 2614 5586 patricius,
2652 5513 2703 5566 id
2747 5519 2856 5579 est,
2889 5531 3014 5586 cere
3041 5531 3095 5570 es
3120 5511 3677 5586 patriciusfcrealus
3698 5531 3758 5570 es

2111 5583 2404 5660 patricius,
2453 5584 3088 5660 gaudemus_audienles
3120 5583 3177 5660 te
3222 5586 3394 5642 talem
3438 5603 3569 5642 esse.
3603 5583 3752 5660 Εἷξσε,

2115 5654 2203 5716 vel
2236 5654 2600 5729 potinsretcs,
2616 5660 2705 5710 est
2734 5655 2888 5729 idem
2920 5663 3096 5728 atque
3125 5656 3285 5711 εἴσαι.
3319 5662 3466 5712 Nam
3493 5659 3752 5729 promis-

2115 5747 2224 5787 cue
2261 5728 2394 5784 novi
2424 5728 2604 5784 Graeci
2637 5727 2906 5783 scribunt
2933 5727 3080 5784 «(et
3117 5747 3161 5794 ε,
3197 5727 3751 5797 iidemque'verbum

2115 5799 2549 5860 substantivum
2609 5815 2723 5856 non
2777 5797 2916 5872 εἷ’μί,
2975 5797 3051 5860 εἷς
3108 5797 3195 5857 vel
3247 5799 3316 5871 εἴ,
3375 5797 3488 5854 ἕστε
3544 5797 3748 5866 conju-
