4134 6382
423 385 542 446 515

1492 379 2018 444 CONSTANTINI
2063 379 2766 441 PORPHYROGENITI

3711 385 3831 442 516

412 517 662 575 venisti!
697 539 726 567 ››
757 518 1072 572 Cantores:
1107 538 1136 566 «
1169 515 1369 572 Merito
1406 519 1462 572 te
1494 521 1766 572 amarunt
1807 513 2047 580 domini,

2176 511 2300 584 κίῳ,
2329 512 2419 568 καὶ
2471 510 2724 588 λέγουσιν
2775 513 2828 566 οἱ
2875 511 3123 586 κράκται.
3158 534 3188 563 ‹‹
3237 511 3368 570 Eius
3397 512 3425 566 6
3461 508 3630 582 δεῖνα,
3663 512 3774 568 εἶσε
3802 514 3830 568 6

412 615 477 665 ut
507 608 804 681 egregium
840 606 1208 679 dignumque
1236 607 1428 662 virum
1459 607 1471 660 !
1501 628 1529 657 »
1553 605 1806 680 populus
1831 621 1844 659 :
1868 627 1896 654 «
1929 603 2062 659 Pul-

409 699 548 755 chre
585 697 778 754 venit!
820 719 848 747 »
881 696 1199 753 Cantores:
1234 719 1262 747 «
1295 698 1400 752 Sed
1448 697 1705 752 omnium
1743 697 1980 750 Creator
2010 696 2066 748 et

411 789 698 845 Dominus
725 812 738 854 ;
764 809 792 837 »
818 785 1070 858 papulus
1096 802 1109 840 :
1133 809 1162 837 «
1197 785 1442 842 Pulchre
1471 785 1662 842 venit!
1693 806 1722 834 »
1752 787 2062 839 Cantores:

413 899 441 929 α
473 879 576 944 Te,
604 895 638 934 o
671 877 935 948 patricio,
969 893 1140 948 quam
1176 875 1504 931 diutissime
1537 878 1838 931 conservet
1865 872 1877 926 l
1913 892 1938 923 ι

2175 599 2343 672 δεῖνα,
2376 603 2487 657 εἷσε
2537 603 2565 656 6
2605 599 2773 659 δεῖνα.
2815 624 2844 654 ››
2895 601 2987 656 καὶ
3039 601 3066 656 6
3119 601 3250 663 λαός
3285 599 3346 656 ἐκ
3382 601 3451 676 γ’·
3493 622 3519 654 ο
3554 600 3678 659 Eine
3717 623 3830 658 πα-

2171 691 2404 765 τρίκιος,
2435 692 2563 751 εἷσε.
2588 715 2616 743 ››
2662 693 2729 748 Οἱ
2773 691 3024 766 κράκται·
3071 682 3106 744 ἀ
3144 687 3341 752 Καλῶς
3381 687 3548 759 ἦλθες
3598 690 3667 762 ‘9,
3694 711 3834 766 προ-

2175 776 2320 848 ϐολὴ
2351 785 2458 835 τῶν
2497 779 2814 856 εὐεργετῶν·
2857 801 2883 832 ι
2936 781 2965 834 ὁ
3011 778 3165 842 λαόςο
3210 802 3238 832 α
3271 777 3470 840 Καλῶς
3489 777 3658 848 ἦλθες
3695 781 3765 841 ⁸ο.
3804 807 3824 834 ι

2176 869 2242 925 Οἱ
2271 871 2520 942 κράκται·
2555 893 2583 920 ‹‹
2627 867 2826 928 Καλῶς
2864 866 3052 936 ἦλθες,
3103 867 3310 938 ποθητὶ
3345 870 3453 922 τῶν
3491 864 3760 927 ἀνάκτων,
3799 893 3827 922 ››

411 969 438 1021 6
471 966 622 1027 λαός⁸
659 988 688 1018 ‹‹
720 964 877 1023 Καλδ
898 987 920 1026 ς
951 964 1138 1031 ἦλθες.
1178 987 1204 1016 ››
1237 966 1306 1022 O't
1327 967 1572 1039 κράκται·
1613 988 1633 1015 ι
1670 961 1867 1024 Καλῶς
1898 959 2065 1030 ἦλθεν
2100 960 2127 1014 6
2161 958 2377 1034 εὐγενής
2407 959 2466 1014 ἐκ
2493 957 2802 1033 προγόνων·
2843 983 2864 1010 ι
2901 958 2928 1012 6
2957 956 3112 1026 λαὸς,
3145 981 3174 1009 ‹‹
3220 956 3418 1019 Καλῶς
3478 955 3668 1026 ἦλθεν.
3706 982 3733 1010 ››
3762 961 3830 1018 Oi

407 1058 654 1130 κράκταν
715 1079 743 1107 (ι
805 1053 1004 1114 Καλῶς
1071 1053 1264 1124 ἦλθες,
1333 1056 1360 1109 6
1428 1053 1576 1108 δεῖνα
1640 1051 1891 1126 πατρίκιε
1919 1051 2026 1106 τῶν
2086 1048 2452 1119 Ῥωμαίων.»
2517 1050 2546 1103 6
2608 1047 2761 1111 λαὸς·
2833 1072 2854 1099 ι
2902 1047 3130 1122 ΕΚαλῶς
3169 1045 3335 1116 ἦλθες
3392 1048 3463 1103 θί.
3505 1069 3535 1098 ››
3575 1046 3642 1105 Ol
3683 1050 3826 1123 κρά-

407 1165 550 1201 κται·
598 1170 628 1198 κ
683 1143 882 1208 Καλῶς
942 1145 1109 1214 ἦλθες
1159 1145 1234 1206 εἷς
1284 1143 1553 1224 ςριλοῦντά
1601 1144 1656 1198 σὲ
1709 1140 1884 1214 δῆμον
1930 1143 2000 1176 ⁶²·
2051 1161 2075 1192 ι
2119 1139 2147 1193 6
2193 1137 2349 1200 λαός.
2404 1161 2433 1190 ‹‹
2494 1136 2695 1200 Καλῶς
2753 1138 2942 1208 ἦλθες.
3005 1161 3032 1189 ››
3097 1139 3164 1195 O't
3222 1138 3470 1212 κράκται·
3546 1160 3575 1187 ‹‹
3633 1139 3828 1209 Ἀξίως

405 1256 464 1293 σε
533 1237 828 1314 ἠγάπησαν
899 1237 951 1291 οἱ
1011 1233 1288 1304 δεσπόται,
1361 1257 1434 1298 ως
1507 1235 1635 1290 ὄντα
1699 1233 1932 1310 καθαρὸν
1990 1231 2083 1286 καὶ
2150 1227 2386 1300 ἐπάξιον·
2450 1253 2478 1282 »
2531 1231 2559 1284 6
2601 1228 2754 1293 λαός·
2811 1251 2842 1284 ‹‹
2882 1229 3076 1290 Καλῶς
3116 1226 3304 1299 ἦλθες.
3352 1255 3380 1283 ››
3422 1231 3487 1290 Oi;
3570 1233 3823 1310 κράκται⁶

407 1327 622 1385 ‹‹“Αλλ’
656 1329 683 1382 ὀ
715 1329 930 1384 πάντων
965 1329 1211 1398 Ποιητής
1235 1328 1326 1382 καὶ
1380 1327 1684 1397 Δεσπότης.
1721 1349 1749 1378 ››
1782 1325 1810 1379 6
1862 1321 2016 1385 λαὸς.
2050 1346 2079 1375 ‹‹
2135 1319 2332 1382 Καλῶς
2381 1317 2573 1390 ἦλθεν.
2628 1343 2656 1372 »
2705 1321 2772 1377 Οἱ
2818 1319 3068 1395 κράκται·
3123 1344 3152 1372 ‹‹
3213 1319 3447 1396 Φυλάξει
3499 1347 3578 1399 σε,
3630 1324 3826 1398 πατρί-

404 1438 507 1490 κιε,
543 1420 619 1483 εἷς
647 1417 836 1490 πλήθη
871 1418 1088 1494 χρόνων
1104 1423 1172 1476 ⁸³.
1201 1441 1230 1472 »

476 1513 552 1569 II.
589 1511 728 1568 Inde
773 1513 1020 1584 gradum
1072 1512 1401 1567 dimovente
1449 1509 1712 1582 patricio,
1753 1507 2058 1564 comitatur

403 1615 536 1656 eum
600 1618 633 1655 a
692 1601 882 1656 fronte
941 1599 1218 1673 populus,
1269 1604 1326 1655 et
1381 1598 1735 1672 apelaticum
1793 1596 1934 1652 dicit
1988 1611 2058 1650 ex

403 1695 606 1762 quarto
636 1695 773 1746 tono
801 1706 813 1746 :
841 1713 868 1741 α
893 1692 937 1745 Α
960 1706 1234 1761 suprema
1264 1687 1636 1745 Providentia
1662 1684 1920 1743 coronati
1955 1699 2056 1754 pro

400 1780 604 1835 merito
635 1794 740 1835 suo
771 1782 828 1835 et
853 1777 1273 1850 sapientissimi
1308 1777 1702 1832 benefactores
1728 1780 1803 1842 te,
1835 1777 1895 1828 ut
1925 1772 2056 1827 cha-

400 1869 701 1924 rissimum
734 1885 992 1936 servum,
1027 1868 1096 1924 N.
1129 1867 1223 1933 N.,
1248 1867 1501 1923 summis
1532 1866 1854 1922 honoribus
1884 1879 2051 1919 orna-

401 1961 560 2026 runt,
595 1957 1127 2030 protospatharium
1161 1956 1448 2012 illustrem
1482 1959 1539 2012 et
1570 1954 1824 2010 nobilem
1857 1970 1890 2008 a
1921 1968 2048 2007 ma-

395 2045 651 2116 joribus,
675 2047 866 2117 adque
895 2045 1261 2116 splendidam
1296 2045 1523 2117 patricii
1557 2042 1898 2114 dignitatem
1924 2056 2056 2112 pro-

401 2139 700 2192 vexerunt.
738 2155 762 2185 ι
797 2135 885 2189 Sic
919 2135 1220 2189 abducunt
1247 2150 1380 2189 eum
1415 2133 1474 2188 in
1507 2131 1787 2202 obsequio
1828 2129 1900 2185 ad
1939 2129 2052 2185 Ve-

403 2228 599 2281 netam
625 2225 966 2292 factionem;
986 2223 1121 2278 illuc
1143 2223 1299 2279 enim
1325 2223 1532 2278 delatis
1554 2220 1770 2276 desinit
1790 2234 2051 2286 carmen;

404 2330 520 2385 quo
571 2314 744 2383 facto,
787 2318 1052 2369 cantores
1097 2313 1333 2380 dicunt;
1369 2334 1396 2361 «
1433 2311 1586 2366 Deus
1633 2314 1853 2377 sancte,
1887 2324 2054 2364 serva

399 2402 753 2475 patricium;
791 2426 816 2453 »
853 2402 1103 2474 p0pulus
1135 2407 1258 2458 ter:
1293 2425 1320 2452 «
1357 2402 1507 2457 Deus
1549 2404 1764 2456 sancte.
1802 2418 1830 2448 »
1862 2398 2052 2454 Factio

399 2493 748 2550 Venetorum
784 2492 840 2548 in
875 2492 1071 2548 cbalce
1114 2491 1425 2564 patricium
1457 2489 1689 2560 excipit,
1723 2487 2051 2561 peragitur-

399 2595 513 2651 que
542 2579 800 2634 ofﬁcium
832 2583 887 2634 et
919 2579 1059 2634 ordo
1104 2577 1394 2647 factionis,
1428 2583 1492 2633 ut
1529 2583 1665 2632 ante
1697 2594 1728 2631 a
1758 2577 2002 2632 Prasina
2032 2589 2046 2631 :

399 2677 676 2740 praeterea
705 2667 850 2724 dicit
889 2666 1236 2740 apelaticum
1271 2668 1392 2722 toni
1427 2667 1536 2722 1V:
1574 2687 1598 2718 ι
1632 2667 1677 2720 Α
1711 2670 1820 2721 Deo
1852 2667 2048 2720 custo-

401 2757 528 2823 diti,
562 2779 589 2808 »
634 2761 698 2811 ut
745 2773 921 2828 supra
962 2755 1208 2812 relatum
1254 2761 1360 2812 est.
1401 2755 1614 2810 Deinde
1658 2770 1760 2826 per
1807 2754 2045 2826 cbytum

397 2846 625 2902 cbalces
666 2851 1056 2917 sanctumque
1098 2851 1361 2916 puteum,
1396 2846 1493 2900 ubi
1536 2860 1730 2900 cereos
1763 2843 2044 2913 accendit,

396 2937 631 3005 transit,
647 2953 712 2990 ac
732 2937 976 3006 soleam,
993 2936 1090 2991 ubi
1109 2936 1521 2991 antimensium
1543 2938 1676 3002 stat,
1694 2933 2042 3005 ingreditur.

392 3025 464 3080 At
495 3024 822 3096 patriarcha
853 3026 967 3081 exit
999 3042 1030 3080 a
1062 3025 1314 3080 sacrario
1345 3031 1590 3096 ejusque
1621 3022 1920 3079 codicillos
1955 3039 2049 3077 su-

394 3114 518 3181 mit,
567 3129 713 3184 quos
761 3114 818 3168 in
871 3114 1218 3169 antimensio
1276 3114 1523 3185 reponit,
1575 3113 1785 3168 deinde
1845 3125 2043 3182 preces

392 3201 550 3268 facit,
574 3211 627 3258 et
649 3203 741 3256 his
777 3201 975 3269 finitis,
1000 3203 1242 3273 patricio
1274 3202 1574 3258 codicillos
1603 3202 1800 3268 tradit,
1827 3200 2039 3271 quibus

2240 1509 2300 1558 B.
2346 1502 2448 1558 Καὶ
2501 1501 2900 1565 ἀποκινοῦντος
2956 1507 3054 1558 τοῦ
3080 1506 3393 1579 πατρικίου,
3454 1507 3693 1581 ὀψικεύει
3724 1505 3826 1583 ἓμ·

2167 1592 2397 1666 προσθεν
2445 1589 2609 1646 αὐτοῦ
2647 1591 2674 1645 6
2735 1587 2936 1664 δῆμος,
2978 1589 3158 1666 λέγων
3218 1592 3546 1651 ἀπελκτικὸν
3605 1597 3709 1675 ἤχ.
3757 1595 3820 1656 δ’.

2167 1704 2196 1734 α
2225 1681 2292 1738 Οἱ
2331 1678 2391 1734 ἐκ
2417 1687 2516 1750 τῆς
2541 1678 2650 1735 ἅνω
2682 1680 2946 1755 Προνοίας
2979 1679 3301 1756 ἐστεμμένοι
3334 1682 3627 1754 ἀξιοδότως
3659 1688 3824 1762 “(90)

2166 1769 2434 1824 πάνσοωοι
2465 1769 2736 1845 εὐεργέται
2771 1791 2848 1838 σε,
2900 1770 2976 1834 ὡς
3021 1771 3486 1848 προσφιλέστατον
3538 1772 3762 1844 δοῦλον,
3793 1777 3822 1831 6

2168 1855 2332 1926 δεῖνα,
2378 1856 2642 1931 ἐτίμησαν
2702 1858 2756 1912 έν
2810 1859 3125 1933 ὑπερτέραις
3187 1860 3377 1932 ἀξίαις,
3411 1865 3820 1936 πρωτοσπαθά·

2170 1967 2284 2022 ριον
2327 1944 2543 2022 ἔντιμον
2573 1949 2662 2003 καὶ
2703 1948 2895 2023 εὐγενῆ
2924 1947 2981 2002 ἐκ
3029 1949 3335 2024 προγόνων,
3369 1953 3461 2007 καὶ
3514 1952 3590 2015 εἷς
3653 1953 3822 2030 ὑπέρ-

2164 2058 2326 2110 τιμον
2377 2034 2554 2110 δόξαν,
2610 2039 2710 2107 τὴν
2769 2040 3058 2114 πατρικίου
3105 2038 3387 2113 ἀνύψωσαν
3445 2041 3612 2112 ἆξίαν.
3659 2067 3686 2094 ››
3721 2046 3821 2100 Καὶ

2165 2127 2463 2203 ἀπάγουσιν
2524 2127 2683 2182 αὐτὸν
2743 2127 3086 2202 ὀψικεύοντες
3135 2125 3240 2192 ’έως
3296 2137 3397 2200 τῆς
3448 2128 3628 2208 δοχῆς
3710 2139 3819 2190 τῶν

2165 2215 2401 2272 Βενέτων
2457 2215 2648 2291 (μέχρι
2691 2217 2793 2291 γὰρ
2825 2215 2996 2272 ἐκεῖσε
3053 2217 3362 2292 πληροῦται
3415 2223 3528 2294 (91)
3556 2223 3620 2277 τὸ
3651 2225 3819 2294 ποίη-

2167 2306 2285 2378 μα),
2318 2305 2406 2359 καὶ
2459 2305 2596 2376 μετὰ
2649 2304 2712 2360 τὸ
2759 2305 3122 2378 πληρωθῆναι
3176 2305 3424 2382 λέγουσιν
3473 2311 3524 2364 οἱ
3589 2312 3816 2385 κράκται

2162 2387 2221 2447 ἔσ
2277 2395 2344 2452 ⁸⁵,
2378 2418 2406 2446 ‹‹
2464 2395 2525 2452 '0
2575 2395 2704 2456 Θεὸς
2753 2395 2781 2449 6
2823 2396 3001 2469 ἅγιος,
3062 2401 3238 2452 σῶσον
3291 2399 3383 2452 τὸν
3427 2401 3725 2475 πατρίκιον.
3789 2427 3809 2454 ι

2159 2484 2302 2538 καὶὸ
2337 2483 2471 2545 λαὸς
2512 2482 2571 2538 ἐκ
2600 2491 2646 2560 γ’
2668 2478 2741 2538 ἔσ.
2776 2508 2802 2536 ‹‹
2852 2485 2912 2541 Ὀ
2961 2485 3092 2548 Θεὸς
3155 2487 3182 2540 6
3227 2482 3408 2562 ἅγιος.
3445 2512 3471 2538 ››
3529 2489 3613 2542 καὶ
3650 2486 3807 2564 δέχε-

2158 2595 2245 2628 ται
2307 2573 2466 2629 αὐτὸν
2513 2573 2576 2628 τὸ
2638 2575 2801 2648 μέρος
2844 2579 2951 2630 τῶν
2997 2575 3234 2632 Βενέτων
3286 2577 3362 2640 εἰς
3406 2580 3502 2647 τήν
3559 2585 3801 2652 χαλκῆν,

2157 2663 2246 2719 καὶ
2278 2666 2542 2742 γίνεταιὴ
2585 2663 2880 2720 ἀκολουθία
2927 2666 3016 2720 καὶ
3065 2669 3100 2736 ἡ
3143 2665 3291 2739 τάξις
3337 2669 3434 2735 τῆς
3485 2665 3678 2742 δοχῆς,
3707 2689 3808 2724 κα-

2159 2755 2266 2816 θὼς
2317 2753 2405 2808 καὶ
2464 2754 2658 2828 πρώην
2708 2753 2795 2809 ἐπὶ
2827 2761 2926 2824 τῆς
2975 2751 3151 2830 δοχῆς
3199 2761 3308 2812 τῶν
3330 2757 3812 2831 Ζίρασίνωνοπλὴν

2159 2839 2362 2916 λέγειδδ
2395 2842 2723 2898 ἀπελατικὸν
2754 2841 2854 2918 ἤχ·
2889 2841 2953 2900 δ’.
2997 2868 3024 2894 ‹‹
3071 2845 3139 2901 Οἱ
3198 2845 3256 2900 ἐκ
3313 2849 3448 2901 Θεοῦ
3506 2849 3815 2921 κρατούμε-

2155 2951 2260 2999 νοι,
2298 2956 2324 2983 ››
2350 2931 2422 2994 ὡς
2456 2932 2799 3009 προεγράφη,
2835 2934 2935 2988 Καὶ
2971 2931 3245 3008 διέρχεται
3279 2931 3368 2989 διὰ
3394 2939 3494 2990 τοῦ
3520 2934 3697 3010 χύτου
3716 2943 3815 3008 τῆς

2157 3019 2396 3095 χαλκῆς,
2430 3020 2520 3074 καὶ
2561 3019 2866 3095 εἷσέρχεται
2898 3019 2973 3081 εἲς
3000 3022 3061 3076 τὸ
3092 3024 3242 3097 ἅγιον
3301 3024 3470 3098 φρέαρ
3520 3023 3611 3078 καί
3657 3027 3811 3082 ἅπτει

2153 3109 2493 3186 κηροὺς,καί
2522 3111 2672 3184 ’μετὰ
2714 3115 2875 3166 τοῦτο
2929 3111 3232 3186 εἰσέρχεται
3276 3112 3354 3177 εἴς
3409 3115 3512 3185 τήν
3574 3115 3810 3185 σωλέαν,

2154 3197 2279 3254 ἔνθα
2304 3197 2520 3255 ’ίσταται
2550 3201 2611 3255 τὸ
2661 3199 2987 3274 ἀντιμίσιον.
3036 3202 3096 3258 Ὀ
3148 3199 3204 3257 δὲ
3260 3203 3613 3280 πατριάρχης
3673 3203 3811 3282 ἐξέρ-

392 3261 667 3365 acceptis,
700 3261 1108 3364 apocombium
1140 3293 1217 3348 ibi
1254 3293 1502 3364 reponit.
1535 3292 1755 3348 Deinde
1787 3261 2038 3362 patriar-

2787 3261 2797 3274 .
3373 3261 3382 3278 .
3469 3261 3609 3280 .0..-
3701 3261 3721 3279 ι
3759 3261 3777 3282 ιν

2158 3310 2304 3364 χεται
2360 3291 2463 3345 ἀπὸ
2508 3294 2604 3345 τοῦ
2652 3290 3059 3366 θυσιαστηρίου,
3103 3292 3191 3347 καὶ
3238 3289 3505 3366 λαμϐάνει
3555 3297 3646 3350 τὸν
3693 3317 3806 3351 κω·

392 3381 506 3438 cha
535 3383 688 3436 149
723 3382 1043 3438 sacrarium
1078 3382 1276 3450 intrat,
1309 3386 1366 3438 et
1397 3382 1468 3437 ad
1510 3381 1710 3448 altare,
1746 3380 1845 3434 ubi
1880 3378 2041 3436 festis

389 3471 592 3526 diebus
623 3470 797 3527 etiam
831 3471 1210 3542 imperatores
1241 3470 1701 3535 communicant,
1728 3469 1849 3524 abit
1869 3473 1926 3524 et
1947 3487 2042 3526 sa-

382 3571 539 3614 cram
577 3575 800 3615 cmnam
837 3560 1078 3631 patricio
1110 3559 1409 3630 impertit:
1436 3560 1557 3624 Quo
1590 3563 1844 3630 peracto,
1869 3560 2042 3630 patri-

386 3647 514 3704 cius
545 3648 619 3704 ad
651 3666 962 3705 scamnum
997 3649 1370 3720 patriciorum
1414 3649 1683 3714 discedit,
1718 3664 2042 3720 sagumque

388 3759 747 3815 purpureum
778 3741 990 3808 induit,
1016 3747 1075 3797 et
1097 3741 1229 3797 inde
1253 3742 1472 3808 exiens,
1498 3758 1644 3812 equo
1677 3743 1918 3798 domum
1947 3757 2043 3796 ve-

389 3832 572 3903 hitur,
597 3831 815 3887 adictis
851 3831 1125 3886 omnibus
1149 3835 1204 3888 et
1225 3831 1452 3886 duabus
1480 3830 1829 3886 factionibus
1862 3831 2044 3902 stipa-

390 3924 510 3987 tus,
540 3936 785 3990 quarum
834 3936 1201 3991 unaqumque
1243 3936 1414 3975 suum
1457 3919 1810 3990 apelaticum
1857 3920 2036 3976 dicit:

388 4009 748 4066 silentiarius
772 4015 990 4079 autem,
1015 4027 1220 4081 sagum
1252 4027 1487 4066 russum
1514 4011 1718 4078 ferens,
1735 4026 1885 4082 equo
1908 4028 2042 4066 con-

387 4116 615 4168 scenso,
651 4099 984 4170 patricium,
1019 4102 1187 4170 cujus
1222 4099 1521 4155 codicillos
1556 4103 1764 4170 portat,
1798 4101 2040 4155 comita-

382 4192 498 4245 tur.
534 4192 797 4259 Cumquc
845 4189 1085 4245 domum
1138 4205 1306 4244 suam
1353 4188 1437 4245 sic
1472 4189 1761 4244 deductus
1801 4193 1907 4256 est,
1943 4205 2039 4245 co-

383 4279 554 4334 mites
606 4293 809 4333 omnes
858 4295 991 4333 cum
1042 4277 1296 4333 duarum
1342 4278 1664 4334 factionum
1701 4278 2038 4335 hominibus

378 4371 788 4434 revertuntur;
818 4367 1147 4423 convivium
1187 4383 1322 4422 vero
1367 4383 1501 4422 cum
1534 4367 1774 4440 patricio
1807 4368 1864 4422 in
1897 4369 2038 4422 aedi-

376 4457 488 4512 bus
515 4457 641 4528 ejus
676 4457 973 4529 praepositi
1002 4457 1221 4528 aliique
1251 4456 1477 4527 patricii
1512 4462 1568 4512 et
1588 4457 1892 4525 ofﬁciales,
1918 4458 2037 4513 duo

376 4547 673 4603 demarcbi
710 4551 766 4602 et
787 4547 1152 4604 silentiarius
1173 4562 1239 4601 eo
1265 4545 1353 4600 die
1376 4545 1711 4602 celebrant:
1737 4547 2034 4618 praepositi

2149 3375 2402 3434 δίκελλον
2443 3379 2632 3450 αὐτοῦ,
2664 3379 2753 3434 καὶ
2802 3380 3010 3450 τίθησιν
3055 3379 3221 3436 αὐτοῦ
3257 3379 3309 3437 ἐν
3360 3388 3438 3454 τῷ
3481 3383 3797 3456 ἀντιμισίῳ,

2147 3469 2262 3524 εἶτα
2293 3475 2441 3523 ποιεῖ
2469 3469 2566 3537 τήν
2601 3468 2789 3544 ἐὐχῆν
2822 3472 2886 3539 ⁵⁷,
2936 3469 3026 3524 καὶ
3079 3470 3214 3543 μετᾶ
3254 3473 3354 3542 τήν
3395 3471 3558 3548 εὐχὴν
3616 3469 3792 3526 ἐπιδι-

2148 3555 2280 3612 δωσι
2313 3559 2403 3612 τὸν
2434 3555 2773 3612 κωδίκελλον
2801 3562 2881 3630 τῷ
2921 3558 3212 3634 πατρικίῳ,
3264 3563 3354 3615 καὶ
3412 3560 3543 3634 μετὰ
3584 3561 3644 3615 τὸ
3691 3557 3791 3615 λα-

2147 3641 2260 3701 ϐεῖν
2293 3647 2341 3683 ⁸⁸
2367 3647 2459 3701 τὸν
2517 3644 2882 3718 κωδίκελλον,
2939 3650 3081 3703 τιθεῖ
3133 3650 3160 3703 ὁ
3227 3651 3515 3724 πατρίκιος
3554 3651 3616 3705 τὸ
3648 3649 3796 3704 ἄπο-

2145 3731 2377 3808 κόμϐιον
2400 3736 2451 3791 ἐν
2483 3741 2563 3808 τῷ
2602 3735 2914 3809 ἀντιμισίῳ.
2947 3738 3008 3794 Ὀ
3062 3735 3121 3792 δὲ
3170 3739 3518 3814 πατριάρχης
3565 3737 3805 3817 εἰσέρχε-

2143 3846 2232 3880 ται
2259 3827 2316 3879 εν
2345 3829 2424 3896 τῷ
2455 3826 2848 3899 θυσιαστηρίῳ,
2898 3827 2988 3880 καὶ
3022 3825 3318 3902 ἀπέρχεται
3351 3826 3403 3882 ἐν
3452 3833 3534 3900 τῷ
3590 3828 3802 3901 ἀντιμι-

2147 3915 2269 3988 σίῳ,
2303 3911 2427 3978 ἔνθα
2458 3915 2544 3969 καὶ
2579 3919 2694 3976 τοῖς
2719 3911 3007 3976 δεσπόταις
3045 3921 3164 3977 ταῖς
3188 3917 3405 3990 ἑορταῖς
3439 3915 3801 3990 μεταδίδωσι,

2146 4005 2233 4059 καὶ
2283 4001 2611 4077 μεταδίδωσι
2667 4008 2746 4076 τῷ
2805 4005 3093 4079 πατρικίῳο
3151 4006 3286 4078 μετὰ
3332 4004 3389 4061 δὲ
3410 4007 3511 4075 τὴν
3549 4005 3800 4079 μετάλη-

2146 4097 2236 4167 ψιν
2265 4093 2562 4169 ἀπέρχεται
2595 4093 2622 4148 6
2653 4091 2938 4168 πατρίκιος
2971 4094 3048 4156 εἰς
3073 4095 3136 4149 τὸ
3182 4094 3418 4169 σκάμνον
3446 4100 3552 4151 τῶν
3604 4116 3804 4170 πατρι-

2143 4183 2299 4252 κίων,
2333 4182 2421 4237 καὶ
2453 4177 2845 4258 περιϐάλλεται
2879 4182 3134 4252 ἀληθινὸν
3176 4185 3388 4258 σαγίον,
3439 4185 3530 4240 καὶ
3581 4185 3804 4263 ἐξέρχε-

2142 4294 2228 4328 ται
2261 4272 2367 4328 ἀπὸ
2387 4277 2497 4326 τῶν
2548 4270 2739 4338 ἐκεῖσε,
2770 4271 2860 4326 καί
2908 4267 3316 4341 καϐϐαλικεύει,
3349 4275 3438 4328 καὶ
3500 4276 3802 4348 ἀπέρχεται

2144 4360 2195 4416 έν
2237 4366 2313 4434 τῷ
2344 4360 2481 4433 οἷ’κῳ
2495 4361 2684 4428 αὐτοῦ,
2709 4361 3097 4436 ὁψικευόμενος
3121 4362 3224 4418 ὑπὸ
3247 4366 3354 4418 τῶν
3379 4365 3800 4438 προειρημένων

2142 4452 2231 4506 καὶ
2267 4451 2369 4506 ὑπὸ
2410 4455 2515 4505 τῶν
2547 4447 2642 4504 δύο
2675 4447 2894 4523 δήμων,
2924 4451 3014 4506 καὶ
3047 4450 3196 4528 λέγει
3249 4449 3478 4517 ἕκαστος
3525 4454 3704 4509 αὐτῶν
3736 4454 3804 4509 τὸ

2144 4541 2285 4599 ἴδιον
2342 4541 2692 4598 ἀπελατικόν·
2747 4544 2775 4596 6
2831 4540 2887 4597 δὲ
2932 4541 3296 4620 σιλεντιάριος
3357 4550 3539 4624 φορῶν
3609 4543 3806 4621 σαγίον

379 4652 606 4708 quoque
636 4636 853 4710 singuli
885 4641 1071 4692 vestes
1105 4643 1399 4704 consutas,
1427 4636 1607 4693 limbo
1631 4653 1919 4707 purpureo
1945 4653 2033 4692 or-

2158 4630 2295 4702 Ξοῆς,
2357 4629 2445 4686 καὶ
2497 4629 2658 4693 αὐτὸς
2706 4625 3101 4706 καϐαλλάριος,
3153 4631 3396 4708 ὀψικεύει
3451 4634 3544 4690 τὸν
3602 4633 3805 4709 πατρί-

379 4730 565 4794 natas,
597 4726 818 4782 tribuni
849 4742 949 4782 seu
979 4726 1482 4783 demarcbi'abdia
1514 4724 1831 4797 accipiunt.

2138 4743 2280 4791 κιον,
2316 4721 2598 4796 βαστάζων
2631 4720 2694 4776 τὸ
2752 4720 2951 4776 τούτου
2995 4719 3358 4781 κωδίκελλον.
3411 4722 3509 4779 Καὶ
3561 4723 3697 4798 μετὰ
3735 4726 3806 4782 τὸ

381 4814 620 4882 σωθῆναι
670 4815 761 4868 τὸν
812 4834 1101 4889 πατρικιον
1155 4814 1232 4876 εἷς
1287 4815 1382 4869 τὸν
1432 4813 1580 4869 οἷκον
1629 4813 1792 4868 αὐτοῦ
1843 4813 2267 4890 ὑποστρέφουσιν
2321 4811 2371 4866 ol
2423 4809 2774 4884 ὀιιιιικεύοντει⁸
2827 4811 3024 4875 πάντες
3068 4813 3156 4867 καὶ
3212 4813 3264 4867 οἱ
3318 4817 3426 4869 τῶν
3475 4811 3570 4869 δύο
3619 4819 3802 4888 μερῶν

375 4896 567 4974 δῆμοι,
627 4910 1006 4960 συνεστιῶνται
1055 4902 1113 4959 δὲ
1156 4910 1236 4978 τῷ
1294 4903 1569 4980 πατρικίῳ
1649 4904 1701 4960 ἐν
1759 4909 1839 4977 τῷ
1889 4904 2026 4978 οἴκῳ
2085 4904 2248 4959 αὐτοῦ
2300 4905 2370 4977 τῇ
2418 4901 2554 4976 αὐτῇ
2615 4903 2801 4975 ἡμέρᾳ
2856 4903 2910 4956 οἱ
2957 4905 3302 4978 πραιοὸσιτοι
3351 4905 3441 4960 καὶ
3489 4902 3809 4981 ἓτεροιπα-

1756 5033 2003 5089 VARle
2041 5029 2430 5090 LECTIONES

457 5131 502 5225 ξ’
531 5131 668 5202 ἦλθε
710 5137 800 5190 ed.
878 5135 1122 5225 θοῇλθεν
1155 5139 1247 5225 ed'.
1325 5138 1370 5172 ⁶¹
1405 5139 1612 5225 ΣᾏΟΔζ
1646 5136 1864 5225 Ἱστέον,
1898 5134 2004 5207 ὃτι,
2034 5141 2132 5192 τοῦ
2181 5131 2480 5225 δεημάρχου
2530 5131 2806 5225 λέγογτιὶςέ
2861 5157 2888 5189 σ
2937 5133 3136 5225 Καλῶς
3181 5136 3371 5225 ᾖλὶθες,
3425 5138 3473 5225 6'
3500 5134 3648 5192 δεῖνα
3695 5155 3810 5224 πα-

378 5204 579 5331 τρίκιε,
617 5229 644 5256 ››
676 5204 985 5282 προσκυνεῖν
1010 5209 1037 5262 6
1070 5208 1357 5284 πατρίκιος
1385 5210 1521 5282 πρὸς
1559 5210 1650 5265 τὸν
1700 5207 1852 5283 δημα
1890 5204 1999 5285 χον
2035 5230 2125 5264 και
2169 5204 2269 5262 τὸν
2309 5204 2507 5278 δῇίζιον-
2539 5204 2627 5259 καὶ
2661 5206 2688 5260 6
2741 5205 2920 5280 δῆμος
2959 5208 3096 5282 πρὸς
3145 5204 3305 5266 αὐτὸν
3344 5211 3372 5264 6
3423 5208 3578 5278 οίως,
3627 5213 3808 5264 ποιῶν

376 5296 404 5331 τ
473 5272 657 5331 σέϐας.
737 5278 786 5314 ⁸³
815 5277 891 5331 εἷς
932 5278 1228 5331 φιλοῦντας
1261 5278 1438 5331 δῆμον
1487 5284 1579 5331 nd.
1659 5282 1706 5316 66
1764 5229 1964 5331 vofvov
2019 5284 2110 5331 ed-
2188 5281 2234 5315 5‘
2275 5276 2550 5331 ἀξιοδόται
2601 5280 2693 5331 ed.
2771 5279 2818 5315 ⁸⁵
2857 5273 2916 5331 ἕσ
2965 5298 3082 5331 om-
3133 5285 3224 5331 ed-
3301 5283 3345 5318 ⁸⁸
3379 5230 3646 5331 ἵέγουσιν
3699 5287 3808 5331 aut

473 5272 660 5356 σέϐαςἐ
721 5272 786 5314 ’δ’
815 5277 891 5340 εἷς
932 5272 1228 5356 φιλοῦντας
1261 5272 1452 5356 δῆμον,
1487 5284 1579 5338 ed.

381 5344 600 5425 λέγεται
633 5354 699 5406 R.
725 5368 814 5407 ex.
841 5344 1151 5423 compend.
1183 5356 1311 5412 cod.

1659 5282 1712 5358 δέ
1764 5282 1964 5358 χρόκέβν
2019 5284 2110 5358 9d:

1419 5354 1464 5390 ⁶⁷
1491 5352 1625 5427 μετά
1665 5345 1837 5428 εὐχῖν
1859 5357 1950 5412 ed.
2027 5355 2075 5390 ⁸⁸
2104 5345 2405 5424 λαμϐάνειν
2453 5351 2545 5406 ed.

2188 5273 2550 5356 5“dz£i066rat
2601 5280 2693 5336 ed.
2771 5273 2916 5334 θῖὲσ
2965 5273 3082 5338 om.
3133 5285 3224 5342 ed.
3301 5283 3345 5318 ⁸⁸
3379 5273 3646 5356 λέγουσιν
3699 5287 3811 5340 aut

1419 5473 1626 5531 JOAN.
1667 5475 1813 5530 JAC.
1857 5473 2121 5530 REISKII
2163 5469 2767 5528 COMMENTARIUS.

448 5600 561 5676 (90)
619 5596 946 5670 Ἀξιοδὸτως
1003 5600 1156 5676 idem
1219 5607 1396 5675 atque
1440 5602 1602 5676 ἀξίως
1658 5603 1830 5673 valet,
1880 5619 2035 5660 coro-

377 5675 505 5747 nati
533 5689 564 5727 a
602 5677 717 5729 Deo
762 5690 833 5730 ea:
869 5674 1068 5747 merito
1113 5691 1240 5743 suo,
1277 5674 1428 5732 dono
1467 5674 1527 5734 in
1562 5678 1752 5733 locum
1788 5678 2032 5747 dignum

377 5744 604 5802 collato.
637 5748 770 5804 Vid.
806 5762 862 5818 p.
898 5745 1020 5803 183.

2220 5576 2334 5674 (91)
2365 5602 2524 5675 Illuc
2571 5603 2720 5675 enim
2766 5602 2965 5660 delatis
3012 5605 3158 5674 ﬁnit,
3208 5605 3408 5663 desinit
3455 5621 3708 5675 carmen,
3740 5615 3807 5662 eo

2144 5691 2316 5748 usque
2351 5674 2495 5731 inter
2523 5674 2922 5732 ambulandum
2949 5677 3220 5734 cantando
3245 5683 3580 5751 protensum.
