4134 6390
413 342 535 402 519
1493 335 2020 396 CONS'l‘ANTINI
2067 336 2761 401 PORPHYROGENITI
3716 342 3842 401 520

416 471 636 527 sulares
666 465 987 536 codicillos,
1021 481 1236 522 manus
1269 465 1398 537 ejus
1428 465 1725 538 osculans,
1759 467 1988 540 recipit,
2015 474 2054 524 e1

2182 467 2272 522 καὶ
2304 463 2492 524 λαϐὼν
2539 471 2566 524 6
2615 469 2980 545 πραιπόσιτος
3027 471 3349 545 πορφυροῦν
3391 467 3677 544 τετράδιον
3717 473 3838 544 (95)

413 562 494 616 ita
527 563 844 614 retrorsum
877 556 1198 612 abductum
1222 555 1280 610 in
1314 555 1508 611 medio
1531 555 2062 614 collocant.0mnes

410 666 544 707 vero
572 649 632 704 in
666 645 1036 720 processions
1084 645 1335 718 ingressi
1389 645 1710 702 solemnem
1763 647 2063 703 adoratio-

410 757 563 807 nem,
597 743 663 794 ut
691 755 866 811 supra
895 737 966 794 de
1017 735 1381 809 promotione
1424 736 1804 808 patriciorum
1837 737 2058 793 dictum

409 835 519 901 est,
554 829 849 886 exhibent.

2170 555 2457 613 ἐπιδίδωσι
2517 564 2596 632 τῷ
2649 555 2867 634 βασιλεῖ
2923 559 2951 613 6
3013 555 3070 614 δὲ
3126 565 3228 628 τῆς
3287 561 3666 623 καταστάσεως
3703 560 3843 634 μετᾶ

2172 645 2560 724 σιλεντιαρίου,
2622 649 2934 726 ἐνέγκαντες
2989 648 3149 704 αὐτὸν
3227 647 3465 719 πλησίον
3519 655 3619 705 τοῦ
3682 652 3844 725 βασι-

2171 734 2333 807 λέως,
2387 743 2606 795 ποιοῦσι
2654 745 3034 814 προσκυνῆσαι
3082 738 3172 794 καὶ
3225 737 3456 816 φιλῆσαι
3503 738 3637 804 τοὺς
3664 738 3841 803 πόδας

2169 830 2266 881 τοῦ
2317 826 2608 904 βασιλέως,
2665 829 2764 892 εἶθ’
2823 827 3000 892 οὕτως
3056 829 3126 884 τά
3185 827 3394 902 μόνατα
3451 830 3639 887 αὐτοῦ.
3703 831 3840 886 Εἶτα

408 915 594 975 λαϐὼν
657 917 718 972 τὸ
774 920 1090 996 πορφυροῦν
1130 913 1408 990 τετράδιον
1468 915 1613 990 παρὰ
1669 919 1764 970 τοῦ
1813 913 2105 991 βασιλέως,
2159 915 2330 994 ἤγουν
2391 919 2454 974 τὸ
2511 918 2892 975 ἀνθυπατίκιον
2942 919 3008 988 ⁷¹,
3059 915 3214 994 φιλεῖ
3259 921 3346 974 καὶ
3389 918 3484 982 τὰς
3518 924 3708 995 χεῖρας
3737 919 3839 975 αὖ·

409 1012 528 1078 τοῦ,
587 1007 677 1062 καὶ
736 1008 834 1071 εἶθ’
893 1006 1066 1068 οὕτως
1123 1005 1488 1082 ἀπαγαγόντες
1544 1006 1593 1042 ⁷³
1654 1005 1816 1060 αὐτὸν
1890 1004 2286 1082 ὀπισθοφανῶς,
2363 1007 2568 1062 ἱστᾶσιν
2643 1007 2804 1063 αὐτὸν
2885 1006 3069 1080 μέσον’
3131 1007 3355 1069 ἅπαντες
3417 1005 3473 1063 δὲ
3531 1009 3582 1063 οἳ
3647 1007 3701 1064 ἐν
3767 1012 3840 1082 τῇ

411 1096 556 1174 δοχῇ
606 1096 939 1160 εἰσελθόντες
987 1095 1269 1152 ἐκτελοῦσι
1336 1095 1438 1164 τὴν
1503 1093 1900 1171 προσκύνησιν,
1969 1094 2027 1150 δν
2082 1094 2285 1169 τρόπον
2366 1095 2621 1172 ἀνωτέρω
2687 1097 2898 1172 εἶ’ρηται
2948 1095 3000 1152 ἒν
3048 1100 3117 1171 τῇ
3165 1092 3422 1172 προϐολῇ
3481 1103 3591 1154 τῶν
3638 1118 3841 1174 πατρι-

405 1188 558 1247 κίων.

482 1281 553 1338 Il.
585 1280 644 1336 Si
667 1295 800 1339 vero
832 1279 1262 1352 promovendus
1284 1277 1344 1333 in
1376 1294 1590 1350 pompa
1618 1277 1922 1352 ingressus
1944 1293 2058 1334 non

411 1375 520 1438 est,
554 1370 656 1426 sed
707 1370 844 1426 foris
903 1371 1206 1435 remansit,
1257 1367 1415 1440 quod
1472 1368 1532 1424 in
1590 1385 1804 1440 pompa
1847 1367 2065 1424 intrare

411 1461 608 1531 majus
638 1463 727 1514 est
757 1474 931 1530 quam
960 1475 1064 1530 pro
1086 1457 1215 1529 ejus
1239 1457 1542 1530 dignitate,
1578 1462 1680 1513 aut
1709 1458 1780 1522 si,
1805 1457 1944 1530 quia
1960 1473 2064 1529 po-

410 1550 620 1604 sterior
649 1548 852 1603 ordine
891 1554 1003 1616 est,
1039 1548 1175 1602 foris
1227 1548 1521 1611 substitit,
1569 1563 1842 1619 egressus
1884 1547 2064 1619 patri-

411 1639 536 1694 cius
559 1655 690 1694 eum
723 1638 976 1705 adducit,
1001 1641 1058 1693 et
1091 1643 1453 1710 peraguntur
1473 1639 1693 1703 omnia,
1717 1654 1904 1710 usque
1925 1638 2061 1693 dum

410 1729 482 1784 ab
515 1729 864 1802 imperatore
898 1726 1341 1798 proconsulares
1380 1727 1679 1784 codicillos
1719 1727 1964 1800 accepit,
2001 1732 2065 1782 ut

2247 1278 2324 1334 B'.
2357 1277 2426 1335 Εἰ
2456 1275 2511 1332 δὲ
2544 1275 2643 1333 οὐκ
2683 1275 2932 1347 εἰσῆλθεν
2981 1279 3037 1332 ἓν
3081 1281 3151 1352 τῇ
3201 1275 3346 1353 δοχῇ
3379 1279 3406 1334 6
3442 1275 3662 1352 μέλλων
3695 1299 3839 1355 προ-

2173 1362 2474 1438 ϐληθῆναι,
2527 1365 2656 1422 ἀλλ’
2705 1367 3049 1440 ἐναπέμεινεν
3101 1365 3223 1441 ἔξω,
3275 1369 3350 1430 ὡς
3407 1370 3481 1441 μή
3517 1367 3836 1448 ἐνδέχεσθαι

2173 1458 2272 1526 τὴν
2305 1457 2449 1528 ἀξίαν
2479 1457 2644 1513 αὐτοῦ
2695 1456 3032 1534 εἰσέρχεσοαι
3085 1456 3137 1511 ἐν
3185 1462 3302 1518 ταῖς
3363 1455 3578 1532 δοχαῖς,
3622 1456 3656 1528 ἤ
3697 1459 3840 1515 κατᾶ

2177 1546 2453 1621 ὑστέρησιν
2501 1550 2610 1622 (96)
2662 1545 3002 1620 ἒναπέμεινεν
3071 1541 3193 1617 ἔξω,
3250 1545 3521 1622 ἐξέρχεται
3581 1549 3609 1602 ὁ
3666 1567 3837 1623 πραι-

2172 1637 2398 1700 πόσιτος
2454 1636 2542 1690 καὶ
2594 1636 2794 1712 εἰσάγει
2851 1635 3035 1706 αὐτὸν,
3091 1637 3335 1692 τελεῖται
3395 1635 3452 1691 δὲ
3509 1633 3708 1712 μέχρις
3770 1636 3833 1693 ἃν

2173 1721 2455 1801 καταλάϐῃ
2500 1728 2608 1799 (97)
2650 1726 2712 1780 τὸ
2770 1724 3151 1790 ἆνθυπατίκιον
3204 1726 3348 1802 παρὰ
3402 1729 3500 1780 τοῦ
3533 1725 3833 1801 βασιλέως,

409 1836 583 1889 supra
650 1821 710 1874 in
779 1819 1098 1875 cerimonia
1155 1817 1535 1890 patriciorum
1604 1817 2052 1873 declaravimus.

2170 1815 2239 1877 ὼς
2289 1815 2544 1890 ἀνωτέρω
2590 1815 2642 1870 έν
2695 1819 2762 1890 τῇ
2807 1815 3131 1871 καταστάσει
3183 1819 3292 1870 τῶν
3354 1815 3654 1892 πατρικίων
3702 1814 3836 1888 ἐδη-

409 1908 622 1964 Omnes
652 1925 806 1972 vero,
841 1908 941 1979 qui
974 1923 1108 1962 eum
1129 1907 1446 1978 excipient,
1478 1913 1787 1979 postquam
1813 1923 2060 1963 consue-

411 2001 529 2052 tam
566 1999 966 2052 adorationem
999 2000 1058 2051 et
1103 1997 1355 2051 faustam
1407 1995 1883 2068 apppecationem
1935 2012 2060 2066 per-

407 2102 591 2156 egere,
625 2090 958 2157 promotum
1004 2084 1406 2157 proconsulem
1440 2086 1884 2142 cerimoniarqu
1923 2100 2059 2142 cum

409 2174 733 2232 silentiario
762 2176 832 2230 ad
865 2174 1278 2245 imperatorem
1330 2174 1514 2243 ducit,
1543 2191 1714 2246 quem
1749 2180 2057 2246 postquam

409 2264 690 2329 adoravit,
725 2264 1032 2319 revertitur
1062 2263 1195 2318 etin
1230 2279 1332 2318 suo
1367 2262 1492 2319 loco
1525 2270 1659 2334 stat,
1707 2269 2060 2336 acceptoque

409 2351 578 2425 signo
608 2353 678 2409 ab
710 2353 1082 2424 imperatore,
1117 2352 1465 2425 prepositus
1496 2352 1636 2409 dicit
1666 2367 1679 2407 :
1715 2375 1742 2403 «
1768 2352 1995 2409 Jubete.
2027 2373 2056 2405 »ν

1065 2533 1297 2590 CAPUT
1335 2533 1395 2588 L.

552 2624 908 2682 Observanda
949 2626 1006 2680 in
1057 2625 1410 2697 promotione
1437 2623 1696 2695 patriciae
1724 2630 1916 2680 xosles.

479 2797 523 2850 l.
557 2793 810 2861 Domini,
842 2790 1134 2848 dibetisiis
1165 2797 1219 2847 et
1249 2791 1659 2864 chlamydibus
1683 2789 1951 2858 mutatis,
1986 2788 2059 2844 ad

405 2888 601 2954 portas
629 2882 814 2952 phari,
833 2881 1088 2936 medium
1111 2882 1324 2936 atrium
1351 2881 1966 2953 prospicientes,tergo
1988 2877 2059 2933 ad

404 2971 684 3027 orientem
736 2987 1038 3035 converso,
1085 2971 1438 3037 subsistunt,
1491 2986 1738 3027 coronas
1777 2985 1912 3025 vero
1943 2984 2059 3023 non

406 3065 660 3131 gestant.
697 3060 874 3132 Signo
917 3060 988 3114 ab
1021 3058 1162 3131 ipsis
1213 3059 1367 3126 dato,
1399 3060 1750 3131 przepositus
1782 3057 2060 3130 patricios

2172 1903 2447 1978 λώσαμεν.
2489 1903 2808 1967 Τελέσαντες
2839 1903 2897 1960 δὲ
2941 1906 3140 1967 πάντες
3191 1905 3243 1959 έν
3293 1908 3361 1978 τῇ
3397 1902 3546 1980 δοχῇ
3578 1908 3680 1976 τήν
3713 1928 3836 1962 συνσ

2168 1996 2277 2066 ήθη
2347 1995 2716 2069 προσκύνησιν
2765 1994 2857 2049 καί
2907 1993 3424 2070 εὐχαριστήσαντες,
3488 1991 3834 2069 λαμϐάνουσι

2166 2083 2259 2138 τὸν
2288 2079 2676 2158 προϐληθέντα
2707 2083 3012 2139 ἀνθύπατον
3063 2085 3090 2138 6
3137 2085 3240 2153 τῆς
3286 2085 3663 2147 καταστάσεως
3695 2088 3833 2159 μετᾶ

2171 2172 2560 2249 σιλεντιαρίου,
2591 2174 2681 2228 καὶ
2731 2174 3025 2248 ἀπάγουσιν
3076 2173 3237 2228 αὐτὸν
3285 2175 3422 2249 πρὸς
3451 2175 3543 2230 τὸν
3577 2173 3831 2252 βασιλέα,

2167 2263 2259 2318 καὶ
2305 2265 2684 2338 προσκυνήσας
2723 2264 2815 2318 τὸν
2878 2262 3104 2338 βασιλέα
3143 2264 3488 2342 ὑποστρέφει,
3535 2265 3621 2320 καὶ
3673 2265 3838 2320 ’ἱστα-

2166 2377 2254 2411 ται
2289 2353 2342 2410 ἐν
2374 2359 2441 2429 τῇ
2489 2357 2634 2428 τάξει
2683 2355 2874 2428 αὑτοῦ,
2922 2355 3012 2410 κκί
3055 2350 3240 2410 λαϐὼν
3287 2360 3455 2429 νεῦμα
3504 2357 3531 2410 6
3583 2357 3824 2431 πραιπό-

2171 2466 2317 2508 σιτος
2348 2447 2495 2521 παρὰ
2524 2448 2621 2500 τοῦ
2656 2443 2948 2520 βασιλέως,
2983 2442 3154 2520 λέγει’
3191 2467 3216 2498 α
3253 2443 3564 2505 Κελεύσατε.
3599 2470 3626 2497 ››

2806 2534 3067 2587 ΚΕΦΑΛ.
3111 2532 3191 2588 Ν’.

2241 2624 2376 2676 ’Όσα
2436 2618 2518 2676 δεῖ
2573 2620 3014 2699 παραφυλάττειν
3059 2619 3165 2747 ιέπὶ
3213 2623 3504 2698 προαγωγῇ
3537 2621 3745 2690 ζωστῆς

2849 2713 3051 2747 πατοικ
3079 2713 3159 2747 ας.

2849 2713 3159 2768 πατρικιας.

2241 2783 2321 2839 Α’.
2375 2779 2772 2839 Ἀλλάσσουσιν
2833 2782 2885 2836 οἳ
2945 2779 3198 2837 δεσπόται
3257 2785 3323 2838 τὰ
3379 2777 3674 2853 διϐητήσια
3733 2783 3826 2837 καὶ

2173 2873 2268 2934 τὰς
2306 2871 2621 2947 χλαμύδας,
2669 2873 2761 2928 καὶ
2809 2870 3052 2928 ἵστανται
3107 2871 3184 2936 εἰς
3229 2873 3325 2928 τὰς
3372 2871 3550 2938 πύλας
3593 2877 3694 2928 τοῦ
3727 2873 3833 2950 φάο

2171 2984 2290 3038 ρου,
2349 2963 2646 3038 βλέποντες
2721 2961 2810 3018 ἐπὶ
2885 2963 2979 3019 τὸν
3046 2964 3206 3038 μέσον
3261 2965 3508 3036 πυλῶνα,
3565 2964 3632 3020 τὰ
3688 2969 3835 3019 νῶτα

2167 3050 2388 3129 ἔχοντες
2420 3054 2556 3130 πρὸς
2595 3052 2892 3126 ἀνατολήν,
2945 3053 3230 3129 στέμματα
3279 3052 3336 3110 δὲ
3384 3055 3446 3110 οὗ
3487 3060 3748 3133 φοροῦσιν
3781 3056 3834 3111 οἱ

403 3156 459 3206 et
492 3155 714 3222 partem
746 3151 1057 3206 consulum
1114 3165 1181 3204 ac
1213 3148 1669 3205 silentiariorum
1713 3149 1784 3204 ad
1820 3163 2053 3219 proces-

2172 3143 2446 3203 δεσπόται.
2510 3146 2614 3202 Καὶ
2674 3145 2764 3200 ὅτε
2823 3144 2966 3221 λάϐῃ
3027 3148 3056 3203 6
3113 3147 3474 3222 πραιπόσιτος
3540 3149 3605 3204 τὸ
3661 3152 3838 3222 νεῦμα

401 3240 628 3296 sionem
652 3239 1099 3295 ecclesiasticam
1121 3238 1412 3310 ducit,qui
1445 3238 1503 3292 in
1527 3237 1742 3310 templo
1765 3237 2051 3293 consisto-

398 3329 551 3386 rium
581 3328 720 3384 hinc
749 3332 807 3383 et
838 3328 974 3383 inde
997 3327 1247 3399 ingressi
1273 3329 1520 3383 faciunt.
1555 3327 1732 3397 Signo
1757 3343 1789 3381 a
1809 3325 2051 3381 dominis

399 3423 658 3489 accepto,
703 3417 1049 3489 praepositus
1099 3417 1159 3472 in
1203 3415 1680 3490 paranarthecem
1730 3415 2047 3488 egreditur,

397 3510 454 3563 et
485 3507 936 3578 promovendam
961 3524 993 3562 a
1014 3506 1298 3574 custodia,
1333 3505 1433 3561 ubi
1465 3505 1737 3561 cancellis
1768 3505 2051 3561 instructa

395 3595 687 3653 vestibula
717 3601 873 3662 sunt,
903 3596 974 3652 ad
1004 3595 1254 3651 mediam
1287 3599 1513 3668 portam
1549 3595 1809 3663 adducit,
1831 3594 1929 3650 ubi
1958 3611 2048 3650 se-

397 3684 510 3743 mel
545 3687 603 3742 in
635 3702 829 3759 genua
859 3685 1124 3757 procidit.
1151 3685 1462 3757 Postquam
1493 3701 1628 3740 vero
1660 3684 1933 3750 surrexit,
1957 3700 2049 3741 co-

393 3793 517 3832 ram
550 3776 804 3832 dominis
826 3792 951 3832 eam
985 3774 1312 3840 constituit,
1336 3776 1406 3829 ad
1439 3791 1690 3846 quorum
1721 3774 1897 3846 pedes
1918 3790 2048 3845 pro-

394 3866 1030 3938 cumbit,etpostquam
1053 3865 1324 3930 surrexit,
1351 3881 1560 3920 manus
1590 3863 2047 3937 cXplicat,atque

393 3955 647 4010 dominis
679 3954 1079 4020 dalmaticam,
1115 3953 1404 4010 thoracem
1429 3958 1484 4009 et
1511 3953 1826 4008 matorium
1846 3953 2043 4010 album

394 4044 618 4116 recipit,
647 4052 697 4100 et
730 4060 942 4100 manus
973 4061 1173 4100 eorum
1206 4043 1527 4100 osculatur.
1561 4043 1724 4099 Tunc
1747 4059 1872 4098 eam
1900 4060 2046 4114 pras-

392 4135 620 4206 positus
658 4134 728 4188 ad
763 4133 1116 4202 custodiam,
1166 4134 1320 4189 unde
1371 4149 1610 4205 egressa
1648 4137 1758 4200 est,
1818 4131 2046 4189 reducit

391 4223 540 4280 151
577 4222 813 4295 ipsique
841 4221 1213 4278 dalmaticam
1243 4221 1455 4288 induit,
1490 4221 1805 4278 maforium
1837 4220 2036 4276 album

391 4313 641 4386 gestanti
667 4327 680 4378 ;
705 4311 914 4368 iterum
939 4327 1066 4367 eam
1086 4310 1146 4367 in
1169 4309 1470 4368 ecclesiam
1487 4309 1678 4382 phari,
1707 4309 1804 4366 ubi
1826 4309 2044 4366 domini

2164 3235 2309 3310 παρὰ
2367 3240 2475 3290 τῶν
2539 3231 2836 3305 δεσποτῶν,
2897 3237 3098 3312 εἰσάγει
3155 3236 3284 3302 τοὺς
3348 3237 3672 3313 πατρικίους
3741 3238 3834 3293 καὶ

2165 3327 2326 3401 μέρος
2357 3330 2464 3380 τῶν
2512 3323 2727 3379 ὑπάτων
2776 3324 2865 3379 καί
2919 3325 3083 3399 μέρος
3127 3331 3234 3381 τῶν
3280 3323 3661 3400 σιλεντιαρίων
3691 3328 3831 3403 πρὸς

2158 3416 2255 3484 τήν
2305 3415 2554 3492 χώρησιν
2603 3420 2704 3484 τῆς
2751 3412 3044 3484 ἐκκλησίας
3092 3418 3226 3489 (98),
3280 3416 3369 3471 καί
3415 3417 3661 3472 ἳστανται
3702 3437 3826 3471 κον-

2160 3503 2450 3577 σιστώριον
2503 3502 2581 3564 εἰς
2632 3503 2732 3572 τὴν
2788 3501 3084 3574 ἐκκλησίαν
3149 3504 3201 3558 o't
3271 3503 3606 3568 εἰσελθόντες
3673 3501 3816 3558 ἔνθεν

2157 3593 2424 3649 κάκεῖθεν.
2466 3591 2567 3650 Καὶ
2620 3586 2805 3647 λαϐὼν
2842 3597 3016 3667 νεῦμα
3061 3593 3089 3648 6
3138 3595 3501 3668 πραιπόσιτος
3541 3593 3684 3669 παρᾶ
3709 3596 3817 3648 τῶν

2161 3679 2462 3749 δεσποτῶν,
2505 3681 2780 3759 ἐξέρχεται
2814 3680 2891 3744 εἰς
2943 3683 3036 3738 τὸν
3081 3681 3498 3759 παρανάροηκα,
3546 3685 3633 3740 καὶ
3669 3682 3830 3738 ἐπαίο

2159 3791 2240 3846 ρει
2270 3772 2369 3840 τὴν
2425 3768 2772 3846 βουλομένην
2827 3774 2872 3809 ⁷³
2922 3771 3029 3826 ἀπὸ
3079 3771 3178 3828 τοῖ’)
3219 3770 3484 3849 φύλακος,
3533 3768 3660 3827 ἔνθα
3690 3771 3829 3827 εἰσὶν

2159 3861 2211 3916 οἱ
2241 3861 2478 3937 γανωτοὶ
2510 3858 2762 3926 πυλῶνες
2791 3862 2842 3917 οἱ
2873 3860 3193 3918 ἀντίπεπτοι
3225 3865 3273 3900 ’⁷⁸
3302 3865 3436 3938 (99),
3488 3863 3578 3917 καί
3611 3861 3823 3935 εἰσάγει

2157 3948 2328 4018 αὐτὴν
2362 3949 2388 4002 ὁ
2421 3949 2780 4024 πραιπόσιτος
2848 3944 2994 4006 ἔνδον
3051 3957 3157 4007 τῶν
3224 3951 3399 4025 μέσων
3458 3949 3674 4023 πυλῶν,
3729 3952 3822 4006 καὶ

2157 4039 2341 4095 πίπτει
2401 4041 2538 4108 πρὸς
2590 4037 2718 4102 τοὺς
2775 4037 2946 4102 πόδας
3004 4043 3084 4115 (1)
3144 4039 3278 4110 αὐτὴ
3340 4040 3429 4096 καὶ
3493 4041 3678 4115 μόνον,
3730 4039 3828 4095 καὶ

2156 4127 2460 4198 ἆναστάσης
2521 4126 2712 4197 αὐτῆς,
2786 4128 3048 4208 ἀποφέρει
3116 4130 3289 4199 αὐτὴν
3356 4131 3494 4204 πρὸς
3547 4129 3674 4190 τοὺς
3735 4127 3833 4185 δε-

2159 4216 2382 4285 σπότας,
2441 4217 2531 4270 καὶ
2589 4216 2776 4272 πίπτει
2835 4218 2975 4292 πρὸς
3032 4215 3165 4276 τοὺς
3229 4215 3401 4279 πόδας
3467 4217 3663 4289 αὐτῶν,
3729 4218 3828 4272 καὶ

2156 4307 2429 4362 ἀναστᾶσα
2482 4306 2654 4361 ἁπλοῖ
2698 4306 2793 4367 τὰς
2845 4311 3036 4382 χεῖρας
3087 4307 3176 4362 καὶ
3226 4302 3491 4382 λαμϐάνει
3539 4305 3684 4380 παρᾶ
3713 4310 3831 4362 τῶν

1747 4426 1996 4482 νΑΒΙιλΕ
2052 4425 2457 4483 LECTlONES.

461 4535 926 4608 71_&VOURGTIXIOV
968 4542 1061 4607 R.,
1095 4535 1456 4590 ανθυπατικὸν
1497 4535 1624 4608 cod.
1658 4537 1714 4590 et
1743 4535 1836 4590 ed.
1887 4533 1958 4608 _77
2001 4532 2303 4608 ᾁπάγοντες
2353 4533 2444 4590 ed.

387 4606 800 4686 προϐάλλεσθαι
832 4617 930 4667 aut
961 4603 1184 4681 alitiuid
1216 4608 1431 4664 simile.
1507 4608 1552 4642 7‘
1585 4603 1905 4660 ἂντιπεπτοί
1929 4607 2058 4664 cod.

2522 4533 2567 4568 ⁷³
2596 4537 2737 4591 Post
2771 4531 3111 4608 βουλομένην
3155 4535 3356 4593 deesse
3387 4541 3582 4592 censet
3614 4533 3821 4592 Leich.

1459 4714 1663 4771 JOAN.
1692 4714 1839 4772 JAC.
1865 4713 2127 4771 REISKII
2157 4713 2758 4773 COMMENTARIUS.

462 4827 574 4896 (95)
615 4826 984 4898 Purpureum
1036 4823 1482 4898 quaternionem
1536 4839 1659 4898 seu_
1695 4823 2049 4898 membranas
2081 4822 2126 4888 D
2159 4821 2375 4877 editam
2401 4823 2898 4898 accentuationem
2927 4822 3140 4898 rectius
3169 4823 3405 4898 habere.
3429 4821 3538 4880 Sed
3573 4820 3825 4898 difﬁcile

393 4913 654 4968 purpura
687 4895 875 4954 tinetae
926 4897 1278 4967 complicata
1329 4901 1606 4968 quatuork
1636 4895 1802 4962 folia;
1837 4897 1906 4951 de
1937 4911 2052 4968 quo

393 4965 553 5040 more
583 4968 954 5040 membranas
986 4965 1178 5025 colore
1225 4965 1543 5040 purpureo,
1575 4965 1746 5040 flavo,
1777 4965 2045 5040 caeruleo,

393 5038 506 5095 alio
538 5038 858 5110 inﬁciendi,
891 5040 1120 5097 videndi
1151 5037 1259 5096 viri
1290 5037 1446 5096 ducti
1477 5038 1550 5094 ad
1584 5037 2045 5110 Evangeliarium

398 5109 760 5182 quadruplex
795 5111 1114 5167 Blanchini.

467 5182 582 5251 (96)
614 5181 756 5249 Quia
785 5197 909 5236 sero
955 5187 1127 5252 venit,
1181 5182 1404 5239 caeteris
1457 5180 1698 5254 collegis
1736 5182 1858 5252 jam
1891 5182 2048 5238 intro

393 5255 615 5308 vocatis
647 5258 703 5309 et
731 5254 1034 5323 ingressis.

466 5324 580 5394 (97)
603 5323 728 5379 Non
760 5318 908 5398 solet
957 5328 1164 5382 Noster
1207 5318 1656 5398 καταλαμϐάνειν
1698 5324 2044 5398 ἰιοογεοηευ,

395 5411 606 5469 nempe
642 5412 757 5469 pro
783 5395 1060 5469 adipisci,
1119 5395 1438 5469 usurpare,
1480 5398 1580 5453 sed
1633 5415 1734 5468 pro
1765 5397 2045 5454 advenire.

393 5461 552 5542 Num:
579 5461 752 5542 igitur
783 5461 954 5540 λάϐῇ,
987 5461 1090 5524 aut
1119 5468 1209 5522 καὶ
1241 5461 1386 5542 λάϐῃ
1418 5461 1785 5542 legendum]

464 5539 578 5610 (98)
601 5541 738 5613 Pro~
781 5541 1092 5613 cqpacitate
1144 5539 1402 5610 ecclesia,
1469 5539 1680 5613 nempe
1732 5540 1904 5597 Phari
1959 5539 2045 5597 vel

391 5608 872 5688 Deiparae_Phari',
917 5616 1002 5667 tot
1041 5627 1316 5688 numero,
1375 5608 1519 5684 quot
1564 5608 1793 5688 χωρεῖν,
1841 5627 2047 5684 capere

391 5684 698 5756 commode
720 5688 910 5756 potest
940 5681 1203 5756 ecclesia.

461 5754 574 5826 (99)
605 5755 682 5812 M.
720 5753 1061 5809 ’ἀντιπεπτοὶ
1119 5755 1280 5828 gravi
1339 5757 1604 5812 accentu.
1659 5756 1804 5812 Puto
1847 5759 2044 5814 tamen

2162 4897 2270 4960 est,
2305 4895 2624 4969 certumude
2653 4895 3003 4969 etymologia
3018 4899 3076 4952 et
3095 4896 3520 4969 significatione
3538 4895 3694 4969 vocis
3718 4897 3834 4969 ob-

2162 4981 2344 5040 scurae
2377 4969 2433 5021 et
2463 4965 2604 5021 alibi
2629 4965 2742 5040 non
2776 4965 2939 5040 lectae
2965 4972 3023 5023 et
3037 4965 3371 5040 difﬁculter
3397 4983 3528 5024 cum
3551 4966 3835 5040 analogia

2159 5036 2341 5110 Graeci
2385 5037 2675 5110 sermonis
2724 5039 3104 5095 conciliandze
3163 5041 3560 5110 pronuntiare.
3602 5036 3832 5097 Vidéor

2158 5107 2305 5162 mihi
2352 5108 2590 5182 quidem
2642 5110 2939 5182 percipere
2986 5107 3501 5181 significationem,
3556 5127 3682 5181 quas
3725 5117 3832 5171 est

2158 5195 2288 5235 mea
2318 5181 2959 5256 sententia,valvaa’guae
2984 5181 3099 5239 sibi
3135 5183 3381 5256 invicem
3404 5183 3824 5256 obvertuntur,

2158 5267 2404 5324 quarum
2438 5269 2557 5308 una
2587 5269 2764 5324 super
2793 5253 3036 5310 alteram
3067 5258 3124 5311 et
3153 5254 3432 5311 adversus
3454 5253 3696 5310 alteram
3728 5253 3830 5311 in;

2158 5323 2427 5395 clinatur.
2462 5324 2624 5380 Sitne
2647 5323 2719 5381 ab
2737 5324 3062 5394 ἀντιπίπτω,
3092 5334 3192 5382 aut
3224 5327 3296 5382 ab
3334 5324 3662 5395 ἀντιπετάω,
3693 5343 3828 5387 non

2154 5394 2420 5469 dixerim.
2481 5395 2684 5469 Neutri
2744 5398 3086 5454 derivationi
3146 5398 3302 5454 favet
3359 5394 3652 5469 analogia.
3694 5397 3818 5456 Sed

2156 5466 2336 5540 Graeci
2367 5467 2500 5540 novi
2557 5469 2670 5540 sibi
2729 5469 2982 5526 multum
3041 5470 3101 5526 in
3159 5466 3591 5540 corrumpenda
3630 5472 3826 5528 veteri

2155 5537 2357 5605 lingua
2411 5539 2736 5613 indulgent.
2799 5541 2954 5601 Num
3002 5542 3254 5615 denique
3304 5537 3680 5616 ἂντίστρεπτοι
3730 5541 3786 5600 le

2155 5609 2461 5666 gendum?

2191 5626 2412 5667 enaum

2154 5628 2658 5760 ξθῗὸυὲῗιᾱίιευεεῳ
2681 5684 2710 5740 ‘2
2757 5702 2870 5744 non
2919 5685 3284 5760 imperatoris
3316 5689 3487 5743 certe.
3523 5685 3672 5744 Num
3706 5685 3817 5760 igi-

2154 5752 2252 5810 tur
2281 5752 2430 5826 πρὸς
2452 5753 2513 5808 τὸ
2547 5752 2728 5824 οὖδας,
2768 5752 3025 5828 procidit
3053 5763 3111 5816 in
3137 5759 3341 5816 solum?
