4134 6376
386 325 510 384 523

1444 317 1975 380 ΟΟΝΒΤΑΝἯΝΙ
2019 316 2724 388 POHPHYROGENITI

388 461 456 516 τὰ
510 459 716 535 γόνατα
767 463 876 516 τῶν
937 454 1232 523 δεσποτῶν,
1279 453 1371 509 καὶ
1437 453 1829 529 ἀπευχαριστεῖ
1891 457 2010 515 τοῖς
2069 451 2375 519 δεσπόταις.
2435 459 2531 512 Καὶ
2579 460 2717 515 νεύει
2777 461 2804 516 ὁ
2858 460 3112 536 βασιλεὺς
3170 465 3252 534 τῷ
3311 463 3664 536 πραιποσίτῳ
3721 467 3804 536 τῷ

3680 333 3804 392 524

388 552 583 606 ἑστῶτι
641 551 722 616 εἲς
773 551 837 606 τὸ
864 547 1102 622 πλαγίον
1146 549 1245 602 τοῦ
1303 544 1544 615 σὲντζου,
1602 543 1701 599 κᾶν
1760 563 1818 598 τε
1863 543 2228 620 πριμικήριος
2285 546 2452 621 τῦχῃ,
2513 545 2636 603 ἄνευ
2703 554 2800 605 τοῦ
2858 556 3189 627 κρατοῦντος
3245 551 3346 621 τὴν
3407 555 3647 624 ζωστὴν,
3708 553 3802 607 καὶ

389 639 538 707 λέγει
565 658 580 676 ⁶
613 663 638 696 a
672 639 991 696 Κελεύσοιτε.
1027 661 1054 692 ››

463 732 558 788 ΙΙΙ.
577 732 788 786 Fausta
808 732 1177 800 apprecatus,
1193 731 1429 782 senatus
1447 739 1680 796 unaque
1691 727 1848 780 zoste
1867 738 2027 793 egre-

2213 726 2282 780 I".
2335 727 2436 782 Καὶ
2496 724 2782 803 ἐπεύχεται
2841 731 2876 799 ἡ
2947 728 3258 804 σύγκλητος
3326 731 3416 785 καὶ
3492 731 3803 807 ἐξέρχεται,

391 821 565 888 ditur,
602 821 773 892 cujus
807 817 1043 874 tabulas
1069 815 1426 873 siisntiarius
1448 815 1681 887 accipit,
1717 821 1770 871 et
1801 814 1872 870 ad
1901 813 2030 870 lau-

389 912 614 967 siacum
644 909 703 965 in
735 908 1020 981 obsequio
1059 905 1512 963 silentiariorum
1543 912 1597 961 et
1645 901 2036 960 cubiculario-

389 1015 542 1066 rum,
562 999 786 1055 tunicas
807 998 974 1054 albas
995 996 1376 1070 sectantium,
1395 996 1465 1050 ad
1506 994 1766 1066 tropicen
1791 991 2032 1049 iausiaci

388 1091 529 1161 abit,
569 1107 674 1147 nec
696 1106 784 1158 eo,
810 1089 910 1145 ubi
942 1087 1235 1162 processio
1265 1090 1374 1157 est,
1406 1087 1507 1142 sed
1546 1086 1620 1142 ad
1649 1089 1868 1142 erotem
1902 1101 2034 1156 per-

387 1181 638 1252 gens,ad
659 1179 813 1236 latus
838 1194 1168 1252 magnsnrie
1188 1181 1362 1248 atque
1399 1175 1474 1232 ad
1512 1175 1800 1248 porticum
1833 1173 2036 1230 candi-

387 1272 684 1336 datorum,
716 1269 788 1324 ad
820 1269 1098 1324 excubias
1131 1279 1350 1338 perque
1391 1265 1623 1321 scholas
1653 1265 1834 1329 venit,
1875 1263 1974 1319 ubi
2003 1279 2036 1316 a

389 1357 757 1425 factionibus,
792 1361 852 1412 ut
886 1355 1132 1428 patricii,
1157 1354 1464 1426 excipitur,
1494 1352 1760 1409 libellum
1801 1367 2036 1424 quoque

388 1465 420 1503 a
463 1446 716 1503 tribunis
759 1445 994 1517 accipit,
1027 1449 1102 1512 et,
1152 1449 1218 1500 ut
1267 1457 1392 1499 mos
1425 1447 1538 1511 est,
1589 1443 1698 1515 ipsi
1751 1441 2036 1497 factiones

389 1536 736 1594 acclamant.
755 1536 891 1593 Abit
921 1538 1124 1607 postea
1155 1548 1258 1605 per
1276 1535 1513 1605 chytnm
1539 1531 1771 1588 cbaices
1803 1532 1871 1586 ad
1901 1545 2034 1587 san-

391 1631 549 1683 ctum
564 1623 1167 1699 puteum,ingreditur
1182 1622 1458 1692 templum
1475 1619 2035 1694 sacrasquejanuas,

390 1717 491 1773 ubi
520 1715 942 1772 antimensium
973 1714 1226 1786 positum
1261 1716 1349 1767 est
1376 1728 1388 1765 :
1443 1711 1772 1784 patriarcha
1802 1711 1873 1766 ab
1905 1726 2038 1766 ora-

387 1807 537 1864 torio
589 1807 903 1879 egreditur,
967 1817 1204 1862 sumens
1271 1803 1400 1873 ejus
1456 1801 1705 1874 tabulas,
1763 1817 1910 1874 quas
1975 1800 2036 1856 in

389 1896 742 1954 antimensio
773 1894 1023 1968 reponit,
1056 1907 1392 1966 precesque,
1423 1898 1488 1948 ut
1535 1907 1711 1964 super
1753 1888 2036 1963 patriciis,

388 1987 606 2044 recitat.
631 1986 712 2042 Ad
746 1983 1046 2042 ecclesiam
1080 1995 1350 2055 proceres
1379 1985 1437 2037 et
1456 1980 1693 2054 reliquas
1727 1979 2036 2052 dignitates

2143 813 2512 894 συνεξὲρχεται
2568 814 2624 872 δὲ
2679 818 2769 872 καὶ
2827 821 2861 888 ἡ
2902 821 3193 892 ζωσθεῖσα,
3234 821 3325 876 καὶ
3377 816 3651 894 λαμϐάνει
3700 823 3802 884 τὰς

2142 903 2354 965 πλάκας
2413 905 2578 976 αὐτῆς
2645 906 3026 984 σιλεντιάριος,
3076 909 3165 964 καὶ
3224 908 3503 988 ἐξέρχεται
3573 911 3651 973 εἷς
3736 912 3803 966 τὸ

2145 991 2460 1066 λαυσιακὸν,
2497 996 2859 1070 ὄψικευομὲνη
2919 997 3020 1054 ὑπὸ
3072 998 3444 1074 σιλεντιαρίων
3500 1002 3590 1055 καὶ
3662 1022 3802 1055 κου-

2145 1077 2513 1158 6ικουλαρίων
2561 1087 2875 1162 φορούντων
2929 1086 3186 1163 Ᾱλανίδια
3238 1087 3426 1158 λευκὰ,
3486 1087 3574 1144 καὶ
3634 1089 3808 1166 ἀπὲρ-

2149 1191 2302 1247 χεται
2361 1173 2448 1228 ἐπὶ
2506 1175 2608 1245 τήν
2661 1179 2929 1251 τροπικήν
3005 1182 3103 1233 τοῦ
3170 1177 3492 1249 λαυσιακοῦ,
3553 1179 3644 1234 καὶ
3704 1177 3811 1234 οὐκ

2147 1261 2447 1337 ἐξέρχεται,
2506 1259 2626 1318 ἔνθα
2669 1262 2812 1321 ἐστὶν
2881 1267 2915 1336 ἡ
2972 1264 3323 1342 προέλευσις,
3383 1266 3514 1323 ἀλλ’
3575 1266 3662 1323 ἐπὶ
3712 1269 3810 1324 τὸν

2149 1346 2173 1368 ν
2474 1353 2486 1370 ἱ
2575 1351 2588 1370 ν
2715 1355 2726 1376 Ι
3310 1355 3322 1376 1

2147 1371 2340 1423 Spw-.2,
2400 1372 2488 1406 και
2574 1348 2807 1410 εκϐαινει
2870 1355 2954 1410 ἐπὶ
3028 1355 3090 1411 τὸ
3151 1355 3384 1429 πλαγιον
3438 1361 3541 1426 τῆς
3603 1358 3814 1430 μαναῦο

2147 1458 2264 1514 ρας,
2297 1443 2387 1496 καὶ
2446 1440 2534 1496 ἐπὶ
2586 1443 2676 1497 τὸν
2722 1443 2979 1520 μάκρωνα
3035 1449 3147 1500 τῶν
3204 1443 3538 1501 κανδιδάτων
3602 1447 3679 1510 εὶς
3739 1449 3813 1503 τὰ

2147 1525 2430 1599 ἐξκούόιτα
2473 1532 2562 1586 καὶ
2605 1529 2691 1586 διὰ
2733 1539 2840 1588 τῶν
2883 1533 3135 1613 σχολῶν,
3164 1537 3254 1591 καὶ
3306 1533 3563 1612 δέχονται
3593 1535 3661 1592 τὰ
3705 1536 3810 1611 μὲ-

2149 1636 2240 1693 ρη,
2281 1619 2358 1683 ὡς
2421 1619 2508 1675 ἐπὶ
2566 1625 2672 1676 τῶν
2717 1624 3040 1699 πατρικίων,
3075 1619 3339 1699 λαόμάνει
3387 1625 3478 1680 καὶ
3532 1622 3805 1681 λιόεΛλά-

2148 1727 2264 1782 ριον
2291 1709 2435 1786 παρᾶ
2465 1715 2572 1764 τῶν
2605 1708 2932 1788 δημάρχων,
2959 1713 3049 1768 καὶ
3103 1713 3469 1790 ἀκτολογοῦσι
3520 1715 3586 1770 τὰ
3634 1713 3807 1792 μέρη,

2148 1798 2224 1860 ὡς
2263 1801 2298 1868 ἡ
2333 1801 2590 1870 συνήθεια
2637 1798 2771 1876 ἔχει.
2835 1802 2935 1856 Καὶ
2983 1802 3281 1878 ἀπέρχεται
3322 1801 3412 1858 διὰ
3465 1807 3564 1859 τοῦ
3624 1807 3808 1884 χυτοῦ

2144 1894 2247 1958 τῆς
2294 1889 2515 1965 χαλκῆς
2561 1891 2636 1954 εἷς
2692 1892 2754 1948 τὸ
2815 1893 2969 1969 ἅγιον
3009 1898 3201 1970 φρέαρ,
3229 1892 3318 1950 καὶ
3378 1893 3690 1973 εἰσέρχεται
3754 1895 3809 1950 ἐν

2145 1981 2224 2050 τῷ
2260 1983 2375 2051 ναῷ
2433 1980 2509 2042 εἰς
2548 1981 2614 2036 τὰ
2655 1982 2785 2056 ἅγια
2832 1981 3008 2058 θυρία,
3041 1977 3165 2038 ἔνθα
3223 1983 3505 2057 πρόκειται
3548 1985 3612 2040 τὸ
3671 1986 3815 2040 ἀντιο

391 2091 511 2132 una
548 2075 738 2146 ipsam
779 2072 1152 2139 comitantur,
1204 2069 1570 2142 peractisque
1629 2087 1662 2126 a
1709 2065 2037 2141 patriarcha

2151 2067 2354 2168 μίσισν,
2406 2068 2498 2124 καὶ
2551 2065 2787 2124 ἐκϐαίνει
2824 2071 2852 2126 ὁ
2910 2071 3261 2147 πατριάρχης
3300 2072 3408 2127 ἀπὸ
3466 2076 3565 2127 τοῦ
3623 2085 3810 2138 aucta-

391 2165 684 2237 precibus,
709 2161 1053 2220 cubicularii
1075 2165 1132 2217 et
1151 2157 1460 2216 silentiarii
1487 2161 1559 2215 ad
1588 2158 1956 2215 metatorium
1979 2156 2037 2212 in

2153 2157 2398 2230 στηρίου,
2431 2158 2521 2212 καὶ
2559 2156 2848 2232 [λαμϐάνει
2903 2160 2998 2223 τὰς
3057 2159 3272 2224 πλάκας
3325 2159 3518 2232 αὐτῆς,
3576 2162 3668 2218 καὶ
3727 2163 3813 2218 τί-

389 2253 713 2310 triclinium
735 2251 1077 2307 Thomuites
1099 2247 1318 2305 dictum
1344 2249 1660 2316 deducunt,
1678 2263 1894 2320 perque
1917 2262 2042 2319 por-

389 2343 545 2400 ticus
591 2345 994 2407 transeuntes,
1052 2339 1213 2394 intus
1261 2343 1437 2395 stant.
1483 2336 1754 2393 Proceres
1795 2351 1928 2394 vero
1977 2351 2043 2392 ac

389 2431 576 2488 ceteri
601 2433 672 2488 ab
695 2430 939 2488 ecclesia
969 2429 1302 2496 discedunt,
1330 2427 1583 2499 patricia
1608 2431 1664 2483 et
1685 2428 2044 2498 strategissa

390 2520 804 2577 consistorium
839 2519 898 2574 in
938 2517 1190 2574 triclinio
1241 2531 1596 2586 magnauras,
1639 2526 1838 2571 zosten
1888 2515 2040 2570 exci-

390 2609 634 2681 pientes,
662 2607 1042 2664 constituunt.
1067 2603 1202 2669 Quae
1224 2620 1361 2660 cum
1389 2620 1456 2660 eo
1495 2606 1767 2676 pervenit,
1793 2621 1826 2660 a
1854 2605 2044 2676 capite

389 2702 543 2758 inter
574 2700 842 2773 patricias
876 2699 1070 2756 media
1101 2697 1502 2766 constituitur,
1535 2712 1770 2770 unaque
1799 2706 1855 2754 et
1898 2696 2039 2753 item

389 2790 572 2847 altera
596 2789 959 2863 procidentes
981 2789 1040 2844 in
1063 2803 1272 2858 genua,
1297 2785 1621 2858 sportulam
1654 2786 1724 2841 ab
1755 2785 1854 2842 illa
1884 2785 2042 2841 acci-

387 2877 575 2952 piunt,
607 2877 850 2951 singulae
891 2875 1114 2933 scilicet
1153 2890 1430 2931 nummos
1470 2871 1558 2942 VI,
1593 2878 1649 2929 et
1689 2875 1774 2930 sic
1800 2874 2037 2931 abeunt.

385 2966 662 3026 Similiter
710 2966 1058 3037 strategisse
1089 2979 1220 3021 eam
1259 2965 1527 3033 adorant,
1565 2961 1938 3036 dominisque
1985 2969 2044 3021 et

389 3064 666 3132 promotis
703 3055 895 3114 felicia
925 3061 1339 3129 apprecantur.
1364 3053 1579 3111 Deinde
1611 3053 1923 3110 discedunt
1946 3071 2043 3126 pa-

387 3147 590 3217 tricia,
605 3148 675 3205 ad
695 3144 1035 3203 cubicularii
1053 3160 1189 3201 cum
1213 3141 1550 3201 silentiariis
1569 3159 1695 3199 eam
1716 3143 2035 3216 excipiunt,

388 3243 550 3311 perte
566 3247 784 3294 erotem
802 3240 859 3293 et
881 3237 1166 3308 porticum
1181 3237 1530 3290 Sanctorum
1553 3233 1653 3289 XL
1670 3235 1726 3288 in
1752 3233 2038 3305 palatium

387 3330 636 3393 ducunt,
671 3329 824 3383 unde
865 3341 966 3398 per
1015 3321 1298 3380 solarium
1345 3322 1798 3396 chrysotriclinii
1846 3331 2037 3380 trans-

386 3419 535 3485 iens,
584 3412 833 3486 pharum
882 3413 1083 3481 intrat,
1127 3416 1185 3468 et
1241 3409 1428 3467 felicia
1477 3409 1730 3467 dominis
1785 3418 2036 3482 precata,

391 3508 452 3559 in
487 3502 840 3560 sntimensio
880 3515 1158 3558 nummos
1199 3499 1302 3556 ΧΠ
1352 3499 1599 3572 reponit,
1644 3503 1701 3555 et
1737 3500 1915 3556 cereis
1944 3517 2036 3557 ac-

389 3593 603 3659 censis,
627 3593 700 3648 ad
723 3594 873 3647 mdes
910 3607 1047 3648 suas
1068 3590 1239 3647 redit.
1278 3590 1566 3645 Caeterum
1603 3588 2036 3646 observandum

387 3686 497 3748 est,
532 3683 696 3738 festis
733 3681 961 3749 diebus,
995 3678 1298 3736 Dominica
1341 3692 1570 3750 pagana
1610 3687 1868 3750 excepta,
1905 3697 2034 3750 pro-

386 3772 706 3834 motionem
748 3769 970 3826 nullam
996 3769 1243 3826 institui.

2153 2249 2308 2314 θησιν
2363 2245 2526 2309 αὐτας
2567 2246 2641 2312 εἷς
2695 2250 2758 2304 τὸ
2804 2249 3136 2322 ἀντιμίσιον,
3167 2249 3261 2306 καὶ
3292 2257 3443 2306 ποιεῖ
3499 2251 3696 2328 εὐχήν,
3733 2253 3811 2315 ὡς

2153 2333 2240 2389 ἐπὶ
2292 2335 2402 2391 τῶν
2443 2337 2761 2412 πατρικίων.
2814 2339 3239 2413 Συνοψικεύουσι
3299 2336 3359 2394 δὲ
3417 2340 3586 2410 αὐτὴν
3637 2341 3808 2417 μέχρι

2149 2430 2252 2494 τῆς
2282 2421 2577 2497 ἔκκλησίας
2625 2427 2715 2482 καὶ
2748 2428 2799 2482 οἱ
2831 2427 3189 2504 ἀξιωματικοὶ
3242 2427 3334 2484 καὶ
3367 2430 3418 2484 οἱ
3458 2428 3642 2485 λοιποὶ
3692 2433 3807 2484 τῶν

2151 2515 2476 2588 ἀξιωμάτων
2509 2517 2607 2590 (4),
2639 2518 2726 2571 καὶ
2771 2517 2897 2573 ὅταν
2957 2516 3348 2594 συμπληρώσῃ
3399 2521 3495 2588 τήν
3551 2517 3718 2593 εὐχήν
3771 2517 3800 2570 ὃ

2152 2605 2517 2682 πατριάρχης,
2596 2605 2908 2683 ἔπαίρουσιν
2983 2610 3151 2680 αὐτὴν
3227 2611 3279 2665 οἱ
3347 2602 3796 2683 κουϐικουλάριοι

2152 2694 2242 2749 καὶ
2307 2695 2358 2750 o't
2411 2695 2913 2772 σιλεντιάριοι,καῖ
2964 2699 3322 2779 ἀναφέρουσιν
3382 2697 3545 2767 αὐτὴν
3607 2697 3684 2759 εἷς
3743 2696 3810 2751 τὸ

2157 2783 2503 2860 μητατώριον
2563 2784 2650 2841 ἐπὶ
2699 2788 2790 2842 τὸν
2833 2785 3130 2862 Θωμαΐτην
3163 2790 3234 2824 ’⁷³⁸
3263 2791 3362 2862 (5),
3386 2786 3476 2842 καὶ
3514 2787 3580 2842 τὰ
3624 2780 3823 2840 διαϐα-

2151 2873 2276 2927 τικὰ
2305 2873 2717 2950 ἀναχωροῦντες
2759 2874 2956 2941 ἔσωθεν
3003 2877 3210 2932 ἱστᾶσιν
3241 2875 3310 2934 ⁷⁷.
3350 2878 3419 2932 Ol
3456 2875 3513 2932 δὲ
3571 2876 3822 2947 ἀξιωμα-

2148 2963 2293 3017 τικοὶ
2331 2964 2420 3018 καὶ
2453 2964 2506 3018 οἱ
2538 2961 2732 3019 λοιποὶ
2765 2963 3142 3042 ἀναχωροῦσιν
3175 2965 3282 3021 ἀπὸ
3327 2970 3428 3035 τῆς
3488 2962 3817 3035 ἐκκλησίας,

2150 3050 2205 3105 αἱ
2238 3048 2293 3105 δὲ
2349 3053 2630 3127 πατρίκιαι
2687 3055 2776 3108 καὶ
2826 3054 2880 3108 αἱ
2940 3055 3331 3130 στρατήγισσαι
3387 3051 3632 3110 ἵστανται
3689 3075 3819 3110 κον-

2150 3139 2439 3216 σιστώριον
2495 3143 2572 3206 εἰς
2621 3142 2714 3199 τὸν
2747 3142 3026 3220 τρίκλινον
3057 3143 3105 3181 ’³⁸
3154 3151 3256 3215 τῆς
3311 3143 3636 3220 μανναύρας,
3669 3142 3821 3200 ἰκδε-

2149 3231 2380 3305 χόμεναι
2439 3231 2542 3301 τήν
2596 3234 2911 3303 ζωσθεῖσαν.
2963 3235 3065 3290 Καὶ
3127 3231 3219 3288 ὅτε
3275 3232 3450 3310 φθάσῃ
3478 3231 3546 3304 ⁷⁸,
3593 3231 3823 3290 ἵσταται

2149 3320 2285 3374 κατὰ
2331 3317 2574 3401 κεφαλῆς
2624 3321 2724 3376 ἀνὰ
2801 3321 2961 3395 μέσον
3016 3321 3095 3396 (6)
3153 3323 3259 3377 νῶν
3344 3323 3671 3399 πατρικίων,
3721 3321 3817 3379 καὶ

2150 3409 2445 3485 ἀπέρχεται
2500 3409 2596 3484 μία
2677 3412 2775 3485 μία
2850 3415 3231 3486 προσκυνοῦσα
3297 3412 3388 3468 καὶ
3449 3409 3810 3486 λαμϐάνουσα

2153 3498 2459 3574 σπόρτυλον
2515 3502 2644 3572 παρ’
2694 3499 2882 3572 αὐτῆς,
2933 3496 3132 3577 ἔχοντα
3202 3497 3302 3557 ἀνᾶ
3369 3501 3677 3578 νομίσματα
3733 3507 3800 3570 ς’,

2145 3587 2388 3661 Ὁμοίως
2445 3587 2532 3643 καὶ
2609 3591 2663 3644 ai
2721 3591 3110 3666 στρατήγισσαι
3169 3589 3564 3666 προσκυνοῦσιν
3616 3589 3804 3659 αὐτὴν,

2145 3679 2234 3734 καὶ
2263 3677 2588 3754 ὲπεύχονται
2648 3686 2768 3746 τοῖς
2825 3679 3134 3752 δεσπόταις,
3166 3682 3256 3737 καὶ
3308 3687 3406 3753 τὴν
3461 3678 3808 3758 προϐληθεῖο

2146 3791 2262 3831 σαν,
2297 3770 2394 3826 Καὶ
2454 3773 2832 3848 ἀναχωροῦσιν
2883 3775 2936 3829 αἱ
2986 3773 3295 3850 πατρίλιαι,
3336 3775 3426 3830 καὶ
3485 3769 3815 3851 ἐπαίρουσιν

386 3859 556 3928 αὐτὴν
613 3859 664 3914 o't
719 3853 1168 3931 κουόικουλάριοι
1245 3857 1332 3910 καὶ
1393 3851 1447 3911 οἲ
1503 3851 1880 3930 σιλεντιάριοι,
1939 3858 2032 3914 καὶ
2091 3856 2431 3935 εἰσφέρουσιν
2490 3859 2656 3930 αὐτὴν
2713 3861 2764 3917 ἐν
2814 3866 2895 3935 τῷ
2953 3861 3208 3937 παλατίῳ
3266 3862 3355 3920 διὰ
3431 3869 3529 3919 τοῦ
3601 3859 3817 3940 ἔρωτος

384 3948 474 4002 καὶ
530 3952 638 4004 τῶν
696 3943 1024 4003 διαϐατικῶν
1083 3950 1190 4002 τῶν
1223 3945 1420 4022 Ἁγίων
1485 3947 1562 4020 μ’,
1594 3947 1685 4001 καὶ
1742 3945 2027 4004 ἐπικύπτει
2075 3951 2138 4005 τὸ
2186 3949 2418 4020 ἡλιακὸν
2476 3956 2577 4006 τοῦ
2616 3951 3097 4030 χρυσοτρικλίνου,
3132 3953 3220 4009 καὶ
3255 3953 3557 4030 εἰσέρχεται
3591 3953 3668 4018 εἷς
3720 3955 3820 4009 τὸν

384 4039 576 4115 φάρον,
618 4037 894 4115 εὐχομένη
943 4043 1064 4097 τοῖς
1105 4033 1390 4101 δεσπόταις
1439 4039 1528 4092 καὶ
1597 4039 1740 4092 τὶθεῖ
1795 4040 2103 4114 σπόρτυΛον
2159 4040 2471 4117 νομίσματα
2518 4041 2588 4116 ιβ’
2617 4043 2692 4106 εἷς
2751 4046 2814 4099 τὸ
2869 4044 3201 4118 ἆντιμίσιον,
3245 4046 3334 4100 καὶ
3385 4044 3545 4100 ἅπτει
3597 4046 3816 4118 κηροὺς

381 4132 470 4185 καὶ
525 4127 804 4207 ἐξέρχεται
862 4131 940 4194 εἰς
994 4130 1057 4186 τὸ
1131 4127 1353 4186 κελλίον
1427 4129 1618 4198 αὐτῆς.
1681 4130 1804 4203 Χρή
1873 4129 1930 4185 δὲ
1985 4133 2292 4207 γινώσκειν,
2347 4132 2432 4189 ὅτι
2490 4132 2541 4189 ἒν
2607 4136 2770 4210 ἑορτῇ
2813 4133 2875 4190 οὐ
2919 4135 3149 4212 γίνεται,
3205 4133 3254 4193 εἲ
3307 4137 3383 4212 μὴ
3442 4135 3494 4192 ἐν
3555 4136 3813 4210 Κυριακῇ

378 4224 620 4297 παγανῇ.

931 4309 1087 4369 158
1119 4306 1350 4366 CAPUT
1389 4310 1474 4365 LI.

621 4403 970 4463 Observanda
999 4402 1062 4458 in
1085 4402 1434 4472 promotione
1471 4399 1783 4472 praepositi.

447 4570 488 4625 Ι.
525 4573 588 4626 In
621 4569 716 4625 die
741 4565 1084 4624 mutationis
1115 4563 1389 4635 vestium,
1412 4565 1646 4635 quando
1677 4562 1898 4618 domini
1929 4579 2024 4618 se-

2744 4317 3000 4375 ΚΕΦΔᾹ.
3046 4315 3184 4376 ΝᾹ’.

2134 4404 2275 4460 Ὅσα
2331 4401 2416 4459 δεῖ
2485 4403 2926 4500 παραφυλάττειν
3009 4407 3097 4463 ἐπὶ
3181 4412 3481 4484 προαγωγῇ
3561 4426 3811 4482 πραιποο

2873 4499 3048 4540 σιτου.

2205 4568 2280 4624 A'.
2307 4565 2393 4621 Ἐν
2421 4567 2600 4642 ἡμέρᾳ
2629 4565 3080 4643 ἀλλαξίμων,ὅτε
3109 4567 3424 4624 κελεύουσιν
3450 4567 3501 4623 οἱ
3533 4564 3809 4623 δεσπόται

372 4663 593 4718 cretum
615 4658 674 4714 in
707 4656 1082 4731 processione
1109 4653 1617 4726 exciperejubent,
1651 4653 1886 4708 mutant
1907 4651 2019 4724 ipsi

2149 4652 2370 4726 ῐὲξασθαι
2439 4657 2688 4732 σὲκρετον
2762 4656 2849 4713 ἐπὶ
2907 4657 3252 4733 προελεύσει,
3312 4655 3679 4714 ἀλλάσσουσιν
3745 4657 3810 4711 οἱ

1728 4795 1968 4853 VARIE
2017 4793 2438 4861 LECTIONES.

443 4932 581 5012 "3e
631 4929 942 5012 θωμαίτιον
999 4931 1092 4990 ed.
1169 4925 1235 4966 ’τ’
1269 4921 1466 4993 ἔσωθεν
1509 4925 1685 4982 ῗστᾶσι
1725 4927 1938 5000 Leich.,
1972 4926 2163 5001 ἔξωθεν
2211 4928 2318 4988 ἔσω
2367 4933 2523 5006 conj.
2557 4932 2621 4992 Β.
2674 4932 2870 4992 ἔσωθεν
2913 4930 3020 4992 ἔσω
3069 4936 3198 4996 00d.
3275 4935 3319 4972 ⁷⁸
3371 4931 3435 4991 τὸ
3486 4931 3669 5012 τρίκλ.
3698 4933 3804 4994 0d.

371 5002 420 5040 "
449 5003 639 5078 φθάσει
668 5002 796 5062 odd.

1432 5125 1628 5183 JOAN.
1653 5125 1801 5185 JAC.
1830 5128 2091 5186 REISKII
2121 5129 2720 5192 COMMENTARIUS.

363 5272 445 5399 fi)
478 5271 729 5338 Quinam
770 5268 827 5326 bi
844 5271 1001 5356 'sint,
1023 5278 1077 5329 et
1117 5271 1218 5346 qui
1257 5267 1470 5328 diversi
1516 5271 1588 5326 ab
1625 5269 2014 5344 axiomatieis,

389 5349 544 5399 ateor
576 5358 668 5399 me
698 5357 944 5399 nescire.

389 5348 544 5399 ateor
576 5358 668 5399 me
698 5343 944 5400 nescire.

438 5411 868 5487 (5)Thomaites
899 5415 1018 5470 erat
1038 5413 1484 5487 tricliniumseu
1516 5413 1795 5487 palatium
1815 5413 2012 5487 patri-

367 5487 572 5553 archae,
590 5486 649 5541 in
676 5488 796 5543 foro
817 5488 1085 5554 Augustas
1107 5485 1419 5552 situm,ubi
1441 5485 1786 5554 patriarchas
1810 5485 2015 5543 biblio-

363 5557 544 5631 theca
569 5561 726 5631 erat;
761 5557 877 5631 vid.
921 5557 1233 5631 DupCange
1264 5558 1334 5613 ad
1372 5557 1666 5631 Silentiar.
1694 5573 1748 5631 p.
1794 5557 1921 5629 540,
1955 5564 2012 5616 et

362 5628 486 5682 CPl.
522 5630 756 5694 Christ.,
789 5629 933 5686 Item
967 5627 1283 5685 Rhamnus.
1318 5645 1374 5700 p.
1405 5627 1496 5682 92.

431 5701 510 5770 (6)
532 5703 652 5760 Non
677 5706 863 5775 potest
883 5702 975 5758 hic
1016 5701 1122 5758 loci
1152 5703 1211 5756 in
1239 5701 1425 5756 medio
1456 5707 1674 5767 notare,
1710 5702 1811 5757 sed
1842 5703 2007 5760 debet

2127 5273 2285 5328 idem
2322 5273 2510 5349 valere
2549 5281 2724 5349 atque
2765 5275 2817 5330 ἐν
2858 5279 2937 5348 τῷ

2129 5359 2407 5420 supremo
2445 5345 2572 5404 loco
2603 5345 2756 5404 inter
2799 5345 3096 5420 patricios,
3122 5345 3193 5406 in
3233 5348 3474 5420 collegio
3516 5345 3808 5420 patricio-

2127 5414 2276 5505 εαξη.
2304 5414 3200 5505 _'Alias“co.nsist_ere_.nequeunt
3248 5414 3410 5474 κατῖ
3442 5414 3806 5505 κεραλῆςὶςι

2123 5487 2223 5541 ἀνᾶ
2255 5487 2436 5558 μέσον.
2478 5489 2603 5548 Nisi
2641 5493 2786 5547 forte
2831 5487 3296 5548 dicas-collatam
3339 5508 3465 5548 eam
3496 5487 3556 5544 in
3592 5488 3800 5544 medio

2122 5560 2440 5635 fuisse,sed
2463 5568 2628 5620 extra
2656 5563 2868 5620 seriem
2895 5563 3302 5635 patriciorum,
3327 5570 3392 5620 ut
3415 5563 3522 5619 hos
3545 5562 3615 5618 ad
3645 5561 3800 5635 dex-

2122 5637 2296 5758 t‘r5aqm,
2320 5634 2461 5691 alios
2482 5636 2553 5691 ad
2577 5637 2880 5693 sinistram
2897 5633 3060 5708 ‘pone
3084 5653 3146 5694 se
3182 5635 3458 5694 habuerit
3484 5651 3497 5704 ;
3528 5633 3684 5692 conf.
3723 5637 3794 5690 P.

2983 5278 3189 5364 Χορίέέἓ
3224 5276 3483 5364 σοιξξειὲι
3513 5273 3806 5364 MPR.“
